1966 3110
628 403 1215 539 PBAEFATIO

130 691 233 756 AD
273 694 661 760 HOMILIAS
703 696 767 761 S.
809 695 1140 767 JOANNIS
1183 700 1749 769 CHRYSOSTOMI

458 920 516 964 1N
547 918 841 966 EPISTOLAM
876 923 1028 968 PAULI
1057 923 1124 967 ΔῘ)
1154 923 1415 970 EPHESIOS,

171 1295 272 1326 Ιμηιι
288 1293 457 1325 selectiora
475 1294 615 1325 doctoris
631 1294 731 1325 nostri
752 1295 785 1325 in
808 1294 965 1333 Epistolas
981 1295 1068 1327 Pauli
1089 1296 1314 1328 commentaria
1330 1298 1455 1329 censeri
1473 1298 1591 1333 debent
1609 1299 1754 1333 Homilim

132 1356 166 1387 in
185 1355 358 1395 Epistolam
380 1355 418 1385 ad
443 1354 618 1394 Ephesios;
635 1358 701 1385 tum
716 1354 793 1394 quia
816 1354 849 1385 in
872 1354 923 1386 his
947 1363 998 1386 res
1014 1355 1150 1387 uberius
1173 1357 1337 1396 expendit,
1353 1361 1385 1389 et
1404 1357 1539 1398 explicat
1556 1361 1755 1400 accuratius;

131 1424 201 1452 tum
224 1419 301 1460 quia
324 1419 421 1451 multa
446 1421 476 1449 et
496 1417 673 1458 singularia
695 1417 812 1457 passim
837 1417 969 1455 indicat,
991 1426 1064 1461 qua}
1079 1419 1203 1456 possint
1217 1422 1271 1455 aut
1288 1419 1324 1450 ad
1345 1419 1467 1456 beatam
1483 1424 1536 1453 aut
1552 1421 1589 1452 ad
1606 1422 1754 1457 miseram

133 1481 230 1518 vitam
248 1489 310 1512 non
326 1488 438 1520 parum
454 1479 566 1510 aﬂ'erre
580 1478 744 1509 momenti.

172 1563 306 1594 Orditur
327 1566 435 1593 autem
457 1561 497 1592 ab
518 1560 644 1600 Epheso
666 1560 757 1598 urbe,
774 1568 870 1601 quam
896 1562 933 1591 ut
949 1560 1035 1592 Asia;
1056 1560 1247 1599 metropoltn
1266 1561 1415 1594 celebrat.
1442 1564 1605 1593 Auxerant
1622 1563 1756 1594 celebri-

135 1628 229 1657 tatem
249 1624 351 1663 printo
367 1624 398 1655 S.
415 1625 554 1654 Joannes
573 1622 779 1661 evangelita,
802 1621 921 1653 deinde
944 1621 1146 1658 Timotheus,
1163 1622 1219 1661 qui
1245 1622 1316 1653 istic
1335 1622 1429 1653 sedes
1452 1628 1636 1662 posuerant.
1660 1625 1754 1656 Fama

135 1694 192 1727 per
212 1685 320 1716 orbem
348 1688 420 1716 nota
436 1686 502 1714 erat
522 1682 667 1722 Ephesus
689 1691 706 1716 a
720 1682 809 1713 cultu
826 1683 944 1720 Dianas,
961 1692 1057 1723 quam
1080 1682 1251 1722 Ephesiom
1275 1684 1438 1722 vocabant,
1461 1689 1556 1725 atque
1580 1694 1597 1716 a
1616 1686 1758 1725 philoso-

136 1746 271 1785 phorum
292 1745 453 1785 plurimis.
473 1745 529 1786 qui
545 1745 613 1779 illic
636 1749 829 1783 manserant,
859 1754 875 1776 a
892 1746 1066 1785 Pythagora
1087 1744 1205 1783 Samio,
1227 1753 1245 1775 a
1262 1746 1462 1784 Parmenide,
1486 1748 1626 1784 Zenone,
1646 1748 1758 1778 Demo-

135 1808 215 1837 crito
232 1817 240 1837 :
256 1806 406 1846 additque
424 1805 682 1845 Chrysostomus,
699 1805 803 1837 adhuc
818 1814 877 1836 suo
896 1809 1038 1845 tempore
1057 1805 1267 1844 philosophos
1282 1806 1399 1845 Ephesi
1418 1806 1599 1838 considere.

175 1891 243 1920 Jam
260 1889 414 1930 quaeritur
429 1897 485 1928 pro
501 1897 589 1920 more
604 1888 823 1920 Antiochitene
839 1896 878 1918 an
895 1887 1171 1926 ConstantinOpoli
1189 1886 1302 1918 habitae
1315 1886 1436 1919 fuerint
1455 1889 1625 1923 conciones
1638 1890 1670 1921 in
1687 1892 1760 1929 Ept-

137 1950 250 1981 stolam
267 1950 305 1981 ad
324 1950 489 1989 Ephesios.
508 1950 667 1988 Optimum
680 1948 726 1980 Cl.
740 1950 777 1979 Υ.
791 1949 1017 1981 Tillemontius
1029 1950 1149 1989 profert
1164 1954 1386 1989 argumentum
1400 1950 1437 1980 ad
1456 1951 1653 1989 probandum
1667 1952 1757 1983 hasce

140 2011 287 2042 homilias
304 2011 479 2042 Antiochia
496 2011 593 2042 dictas
616 2011 740 2041 fuisse:
760 2011 834 2050 quia
851 2019 964 2050 nempe
983 2012 1014 2043 in
1035 2012 1165 2043 homilia
1181 2013 1351 2047 undecima
1370 2013 1522 2045 acerrime
1540 2014 1702 2046 invehitur
1726 2016 1758 2046 in

139 2080 206 2109 eos,
223 2072 278 2111 qui
295 2071 467 2102 Ecclesiam
486 2071 518 2102 in
533 2081 593 2113 qua
611 2072 666 2103 ille
680 2078 756 2104 tunc
772 2072 1031 2111 concionabatur,
1048 2073 1247 2111 scindebant,
1272 2075 1372 2114 inque
1392 2075 1535 2106 diversas
1558 2081 1660 2114 partes
1676 2077 1761 2107 divi-

137 2138 243 2163 serant
260 2135 291 2162 et
312 2132 450 2163 schisma
465 2133 655 2171 effecerant;
672 2134 703 2165 id
721 2133 807 2173 quod
821 2133 860 2164 de
880 2134 1019 2165 Ecclesia
1035 2135 1385 2174 Constantinopolitana
1404 2136 1541 2175 intelligi
1560 2139 1756 2176 non.possit.

137 2194 262 2234 Hicque
282 2194 414 2225 omnino
429 2194 517 2234 loqui
538 2196 667 2226 videtur
683 2196 722 2226 de
741 2195 910 2226 schismate
930 2197 1139 2227 Eustathiano
1158 2203 1232 2228 tunc
1257 2198 1438 2229 Antiochia)
1462 2197 1696 2238 perseverante,
1720 2203 1758 2230 dc

135 2263 202 2294 quo
216 2256 315 2286 multa
331 2256 473 2286 diximus
491 2256 522 2286 in
541 2257 662 2286 Monito
683 2257 718 2287 ad
737 2257 920 2294 Ilontiliam,
939 2260 981 2288 De
996 2268 1059 2291 non
1075 2259 1376 2291 anathematizandis
1390 2261 1469 2295 vicis
1484 2265 1574 2299 atque
1589 2261 1756 2300 (Ir/unciis,

132 2325 209 2356 quae
225 2317 276 2348 hic
295 2317 436 2350 breviter
453 2318 622 2357 repetenda
633 2322 719 2349 sunt.

176 2402 361 2432 Eustathius
375 2401 547 2441 episcopus
563 2400 797 2437 Antiochenus,
812 2399 860 2429 vir
878 2403 1005 2429 sanctus
1020 2402 1115 2438 atque
1127 2399 1312 2437 catholicus,
1324 2399 1462 2440 ideoque
1480 2401 1607 2431 Arianis
1622 2403 1757 2440 invisus,

127 2464 283 2502 ipsorum
303 2471 398 2502 opera
412 2462 444 2493 in
469 2462 621 2493 exsilium
641 2465 729 2491 nctus
746 2461 818 2497 fuit,
842 2468 925 2490 anno
947 2459 1073 2490 circiter
1087 2460 1157 2495 330,
1177 2460 1208 2490 in
1227 2461 1362 2501 ejusque
1378 2460 1482 2491 locum
1500 2463 1694 2494 substitutus
1711 2470 1758 2494 est

127 2527 309 2565 episc0pus
327 2526 478 2556 Arianus.
497 2525 656 2563 Deinceps
676 2533 750 2555 vero
767 2524 877 2554 Ariani
899 2522 1041 2562 episcopi
1063 2523 1170 2553 sedem
1188 2526 1372 2559 tenuerunt,
1397 2522 1613 2553 Eustathianis
1631 2524 1758 2555 interim

124 2596 283 2618 seorsum
300 2586 450 2617 collectas
470 2586 651 2625 agentibus,
678 2585 779 2616 donec
810 2584 916 2615 Ariani
938 2586 1064 2616 tandem
1086 2585 1264 2621 Meletium,
1283 2593 1378 2624 quem
1400 2593 1466 2616 suae
1490 2589 1583 2615 secta)
1609 2587 1759 2623 putabant

123 2658 219 2685 esse,
241 2649 431 2688 episcopum
448 2648 697 2679 constituerunt.
714 2649 752 2678 At
769 2647 824 2678 ubi
843 2651 1038 2685 compertum
1059 2646 1120 2677 fuit
1141 2646 1305 2678 Meletium
1323 2649 1353 2676 et
1375 2646 1572 2680 Catholicum
1587 2648 1617 2675 et
1632 2645 1758 2676 Arianis

120 2711 290 2743 infestum
317 2719 400 2748 esse,
420 2710 450 2741 in
478 2710 630 2741 exsilium
659 2709 752 2748 pulso
773 2708 916 2745 Meletio,
935 2708 1092 2738 Euzoium
1121 2707 1273 2737 Arianum
1298 2706 1484 2745 episcopum
1511 2705 1757 2736 constituerunt.

120 2775 229 2804 Tunc
246 2776 309 2802 tres
327 2772 361 2802 in
380 2775 484 2811 partes
502 2772 648 2803 distracta
670 2771 780 2802 civitas
801 2770 873 2801 fuit.
897 2770 1002 2801 Prima
1021 2772 1086 2800 erat
1106 2768 1398 2802 Eustathinnorum,
1414 2767 1554 2799 secunda
1572 2767 1759 2798 Meletiauo-

116 2833 325 2869 rum,tertia
340 2833 541 2864 Arianorum.
559 2834 637 2863 Cum
653 2838 758 2862 autem
780 2831 925 2869 posthinc
942 2830 1068 2861 Lucifer
1087 2830 1295 2865 Calaritanus,
1314 2828 1557 2858 reclamantibus
1574 2828 1644 2858 licet
1665 2827 1760 2857 Atha-

112 2896 230 2931 nasio
247 2896 386 2935 aliisque
404 2896 577 2935 episcottis,
596 2897 764 2927 Paulinum
795 2896 1037 2926 liustntltianum
1054 2895 1243 2934 episcopum
1265 2893 1454 2931 ordinasset,
1477 2898 1540 2924 tres
1560 2892 1654 2922 simul
1670 2890 1760 2920 fuere

111 2957 282 3001 episcopi
302 2957 506 2995 Antiocheni,
522 2958 685 2994 Metellus,
704 2957 855 2992 Paulinus
879 2963 908 2987 et
933 2957 1079 2987 Ettznius.
1101 2956 1245 2992 Cumth
1264 2957 1371 2990 pnstoa
1394 2953 1615 2985 deﬁcientibus
1630 2952 1764 2982 Ariano-

302 3017 438 3047 PATROL.
459 3018 515 3048 Gn.
540 3020 634 3049 LXII.
1562 3009 1578 3040 1

1948 1401 1951 1427 ι

1923 75 1966 1556 1

1950 1566 1966 1596 1‘I
