3932 6220
434 357 464 415 ἲ
708 386 714 391 ·
764 398 769 401 λ
1859 365 1987 420 l'BA

708 386 714 391 ·
764 398 769 401 λ
1859 364 2249 421 ΡΒΑΞΕΑἸῚΟ.

426 493 570 539 rum
603 476 913 555 partibus,
952 478 1171 541 nullus
1213 479 1488 541 Arianus
1519 480 1862 559 episcoiius
1893 489 2086 553 esset,
2122 478 2419 541 Meletius
2458 485 2519 543 et
2551 479 2881 554 Paulinus,
2910 482 3195 562 episc0pi
3251 499 3567 559 mansere,
3599 506 3668 550 ac

428 611 874 681 perseverante
918 603 1282 679 schismate,
1339 606 1538 667 ambas
1589 613 1797 684 partes
1839 622 1910 667 se
1949 602 2135 673 rixis,
2182 602 2468 664 dicteriis
2514 611 2579 665 et
2630 602 3043 664 contumeliis
3093 604 3467 667 lacerabant.
3518 608 3668 669 Haec

428 723 599 785 haud
630 724 822 786 dubie
853 724 1142 804 deplorat
1181 725 1701 806 Chrysostomus,
1740 727 1899 788 hanc
1940 743 2056 788 ceu
2096 723 2519 786 calamitatem
2561 724 2849 786 omnium
2887 723 3246 797 maximam,
3278 722 3443 786 fusis
3471 726 3664 788 etiam

428 848 725 929 lacrymis
760 850 1195 929 prosequitur,
1228 859 1460 913 tantam
1495 850 1604 913 ille
1638 851 1959 913 miseriam
1994 847 2417 927 perhorrescit
2451 856 2519 910 ut
2546 857 2949 927 prassentem.
2982 848 3168 922 Quod
3201 857 3369 913 certe
3408 850 3673 914 nonnisi

428 971 509 1033 de
542 970 940 1034 Antiochena
971 972 1253 1034 Ecclesia
1285 971 1566 1050 intelligi
1600 979 1831 1051 potest.
2436 958 2449 971 ’

504 1157 700 1220 Aliud
731 1160 918 1220 etiam
945 1178 1061 1222 nec
1090 1160 1230 1223 leve
1264 1160 1575 1222 indicium
1609 1168 1725 1236 est,
1747 1178 1877 1241 quo
1910 1162 2215 1241 probetur
2244 1163 2596 1225 Antiochiae
2626 1161 2867 1224 habitas
2893 1162 3195 1224 homilias
3226 1162 3467 1234 fuisse;
3497 1162 3668 1241 quod

428 1279 730 1343 videlicet
765 1282 1104 1344 monachos
1148 1282 1213 1344 in
1247 1283 1572 1345 montibus
1618 1300 1907 1363 asperam
1955 1296 2364 1366 sanctamque
2410 1287 2599 1347 vitam
2638 1294 2898 1362 agentes
2940 1284 3179 1362 passim
3212 1284 3459 1355 laudet;
3492 1283 3663 1362 quod
3750 1363 3758 1370 .

429 1405 496 1465 in
531 1404 1252 1484 ConstantinOpolitanis
1291 1406 1576 1468 homiliis
1611 1408 1716 1470 vix
1746 1408 2225 1487 deprehendas;
2275 1408 2407 1470 imo
2437 1424 2589 1469 vero
2620 1405 2964 1468 monachos
2998 1404 3554 1483 Constantinopoli
3584 1403 3677 1467 vi-

429 1528 611 1591 cinos
656 1546 823 1607 saape
858 1529 1264 1610 graviterque
1294 1530 1666 1605 insectatur,
1700 1539 1921 1610 utpote
1954 1532 2066 1611 qui
2100 1547 2136 1592 a
2167 1530 2374 1606 prisco
2408 1529 2552 1591 vitai
2592 1528 2887 1596 instituto
2927 1543 3057 1590 non
3106 1544 3326 1607 parum
3375 1524 3676 1588 deﬂexis-

431 1658 605 1726 sent;
633 1651 698 1713 in
734 1651 961 1713 vicinis
991 1659 1204 1715 autem
1237 1652 1791 1732 ConstantinOpoli
1825 1653 2175 1728 montibus,
2209 1653 2264 1714 si
2294 1652 2457 1715 bene
2484 1652 2771 1727 memini,
2807 1652 3146 1713 monachos
3177 1668 3321 1713 esse
3352 1666 3673 1730 nusquam

431 1774 609 1839 dicit.
641 1774 760 1836 Hic
786 1791 936 1837 vero
970 1773 1205 1853 passim
1240 1772 1390 1835 illos
1425 1774 1734 1836 encomiis
1758 1773 2061 1850 celebrat,
2087 1782 2147 1837 et
2184 1775 2468 1836 Homilia
2505 1774 2814 1853 vigesima
2849 1773 3048 1851 prima
3079 1773 3409 1836 lulianum
3448 1788 3677 1852 quem-

432 1896 573 1957 dam
613 1895 1049 1961 admirandum
1091 1906 1395 1962 memorat
1425 1900 1827 1973 monachum,
1862 1898 1977 1979 qui
2020 1911 2165 1961 cum
2199 1896 2266 1956 in
2312 1892 2599 1957 civitates
2643 1894 3111 1973 ingrederetur,
3150 1894 3210 1956 id
3253 1895 3424 1974 quod
3460 1910 3676 1974 perra~

424 2035 574 2080 rum
606 2026 761 2094 erat,
800 2019 964 2082 miro
996 2019 1283 2082 omnium
1308 2036 1627 2083 concursu
1655 2026 1714 2081 et
1748 2018 1967 2098 populi
1996 2017 2363 2101 frequentia
2386 2018 2847 2098 excipiebatur.
3230 2022 3233 2025 ⁷

515 2207 1064 2269 Antiochenorum
1102 2225 1309 2269 mores
1344 2223 1572 2284 pravos
1595 2222 1763 2285 saepe
1800 2204 2168 2279 insectatur,
2203 2213 2274 2266 ut
2317 2214 2375 2266 et
2420 2205 2570 2266 alibi
2617 2205 2851 2282 passim
2903 2204 3207 2275 vidimus,
3246 2204 3352 2263 illa
3392 2201 3678 2266 maxime

437 2347 581 2411 qua)
605 2328 684 2389 ab
714 2326 989 2389 ethnicis
1019 2334 1080 2387 et
1115 2324 1472 2387 idololatri-s
1504 2330 1976 2403 promanarant,
2009 2333 2077 2385 ut
2105 2330 2309 2384 sortes
2342 2331 2403 2384 et
2439 2322 2924 2399 incantationes,
2957 2323 3078 2386 col.
3118 2323 3217 2399 b8,
3254 2322 3450 2387 fatum
3482 2329 3678 2393 etiam

425 2460 499 2512 ,αι
530 2446 1135 2528 metempsycbosin,
1170 2445 1291 2508 col.
1324 2447 1404 2507 9'2
1429 2468 1444 2506 :
1474 2445 1896 2525 dicebantque
1927 2444 2024 2506 illi
2058 2444 2269 2506 omnia
2300 2442 2475 2505 nulla
2502 2444 2639 2523 geri
2678 2446 3114 2522 providentia;
3146 2446 3254 2508 alii
3288 2465 3439 2510 vero
3468 2451 3678 2513 Deum

438 2586 582 2631 esse
613 2585 844 2645 corpus
870 2567 1135 2646 impune
1163 2566 1558 2628 asserebant.
1596 2568 1683 2627 De
1705 2564 2032 2627 ominibus
2058 2571 2269 2626 autem
2297 2571 2358 2627 et
2395 2565 2721 2645 praesagiis
2751 2583 2895 2645 quae
2926 2566 3079 2628 dicit
3109 2569 3300 2648 digna
3329 2580 3498 2647 sunt,
3530 2593 3681 2655 quin

439 2691 543 2754 hic
567 2689 957 2752 referantur:
990 2688 1215 2751 Multis
1242 2687 1616 2762 terroribus,
1652 2685 1885 2765 inquit,
1907 2685 2095 2765 plena
2125 2694 2213 2744 est
2239 2703 2447 2746 eorum
2466 2687 2697 2748 anima.
2728 2687 2800 2748 Ut
2829 2696 3011 2766 puta,
3034 2689 3133 2751 hic
3163 2699 3275 2751 aut
3304 2690 3409 2752 ille
3429 2695 3678 2771 primus

358 2893 362 2898 ¹
437 2812 593 2875 mihi
623 2811 904 2872 occurrit
946 2810 1125 2870 domo
1170 2811 1450 2884 exeunti,
1483 2811 1731 2871 omnino
1774 2808 2135 2885 contingere
2179 2816 2426 2893 oportet
2465 2806 2630 2889 mala
2677 2808 3183 2871 innumerabilia.
3227 2812 3410 2876 Nunc
3456 2834 3677 2880 servus

441 2936 861 2997 exsecrandus
891 2934 1047 2995 dans
1087 2935 1242 2997 mihi
1282 2934 1541 3009 calceos,
1572 2934 1847 3012 primum
1880 2932 2175 3012 porrexit
2194 2939 2439 3012 partem
2469 2929 2817 3005 sinistram,
2845 2948 3066 3013 graves
3100 2934 3544 3013 signiﬁcantur
3567 2960 3677 3001 ca.-

442 3055 751 3119 l'amitates
784 3064 841 3117 et
886 3056 1295 3118 contumeliae.
1329 3057 1462 3134 Ego
1495 3056 1628 3135 ipse
1661 3055 1902 3128 exiens,
1935 3054 2197 3115 sinistro
2239 3051 2454 3129 priori
2491 3053 2772 3129 processi
2807 3051 2963 3130 pede
2992 3073 3012 3113 :
3053 3055 3167 3121 hoc
3197 3074 3437 3141 quoque
3470 3073 3558 3123 est
3588 3065 3680 3127 si-

439 3193 627 3254 gnum
661 3174 1104 3234 calamitatum.
1155 3173 1235 3232 Et
1278 3173 1401 3234 hrrc
1425 3172 1665 3250 quidem
1707 3170 1874 3233 domi
1903 3180 2050 3232 sunt
2067 3171 2227 3232 mala
2250 3193 2269 3234 :
2295 3175 2468 3253 foras
2491 3184 2698 3235 autem
2729 3191 2998 3254 egresso,
3031 3176 3254 3246 dexter
3287 3183 3439 3245 mihi
3458 3185 3679 3249 oculus

442 3299 683 3376 inferne
720 3296 867 3358 salit
903 3317 920 3355 :
964 3298 1077 3359 hoc
1115 3307 1203 3358 est
1254 3295 1555 3358 indicium
1600 3296 2042 3375 lacrgmarum.
2100 3296 2400 3358 Mulieres
2442 3315 2701 3377 quoque,
2746 3297 2992 3376 quando
3042 3311 3267 3362 sonant
3305 3305 3548 3377 calami,
3595 3305 3681 3370 ad

443 3426 711 3477 texturae
741 3426 910 3478 recta
936 3415 1107 3494 ligna
1136 3417 1333 3491 allisi,
1364 3418 1461 3478 vel
1494 3437 1629 3478 cum
1659 3421 1808 3497 ipsa:
1844 3422 2092 3498 pectine
2115 3415 2572 3488 discriminant,
2607 3420 2719 3479 hoc
2747 3437 2866 3499 pro
2915 3422 3093 3501 signo
3135 3422 3383 3485 habent.
3432 3428 3680 3487 Rursus

442 3531 686 3611 quando
721 3532 1073 3610 subtegmen
1105 3534 1354 3612 pectine
1376 3536 1774 3606 concutiunt,
1824 3546 1883 3596 et
1924 3536 1990 3597 id
2019 3540 2267 3618 faciunt
2302 3539 2745 3610 vehementius;
2791 3541 3017 3604 deinde
3069 3547 3179 3624 qui
3218 3557 3364 3605 sunt
3405 3565 3681 3624 superne

445 3654 669 3716 calami
707 3654 779 3716 ob
822 3654 1136 3714 intensum
1173 3655 1365 3714 ictum
1402 3654 1590 3715 edunt
1625 3659 1981 3735 strepitum,
2025 3659 2196 3720 allisi
2234 3659 2315 3720 ad
2356 3671 2595 3722 rectum
2635 3672 2974 3726 structurae
3008 3667 3269 3745 lignum,
3307 3669 3420 3730 hoc
3450 3672 3681 3734 habent

441 3793 562 3855 pro
605 3775 785 3853 signa
812 3794 832 3834 :
877 3782 933 3833 et
961 3772 1088 3835 alia
1112 3774 1593 3835 innumerabilia
1617 3774 1807 3854 digna
1848 3796 1980 3856 qure
2007 3780 2359 3846 rideantur.
2392 3785 2475 3845 Et
2521 3788 2579 3846 si
2611 3788 2830 3847 asinus
2870 3789 3336 3864 exc/amaverit,
3371 3802 3427 3852 et
3452 3795 3510 3854 si
3535 3796 3678 3872 gal-

447 3900 568 3972 lus,
602 3899 740 3958 etsi
781 3897 916 3977 quis
948 3897 1418 3971 sternutaverit,
1453 3907 1506 3958 et
1550 3899 1809 3978 quodvis
1839 3901 2037 3976 aliud,
2072 3913 2362 3983 tanquam
2393 3904 2590 3965 decies
2636 3908 2805 3967 mille
2841 3910 3037 3969 vincti
3077 3913 3370 3988 vinculis,
3401 3925 3473 3977 ut
3511 3915 3676 3991 dixi,

447 4021 862 4101 tanquamqui
902 4027 1230 4082 teneantur
1259 4020 1325 4081 in
1351 4019 1644 4098 tenebris,
1675 4023 1880 4085 omnia
1917 4026 2145 4088 habent
2187 4037 2501 4107 suspecta,
2536 4039 2591 4090 et
2637 4040 2784 4092 sunt
2822 4032 3017 4110 magis
3061 4037 3317 4098 serviles
3363 4059 3543 4120 quam
3574 4045 3680 4104 in-

444 4163 703 4206 numera
737 4143 1076 4221 mancupia.

523 4334 594 4394 lu
632 4331 893 4393 homilia
939 4340 1151 4425 autem
1198 4331 1535 4413 vigesima,
1580 4336 1689 4398 ubi
1740 4337 1819 4400 de
1866 4336 2259 4399 instituenda
2310 4353 2506 4397 uxore
2549 4337 2747 4399 multa
2791 4337 3029 4416 profert
3079 4341 3371 4419 praeclara
3415 4351 3475 4404 et
3515 4343 3682 4406 lectu

445 4455 848 4534 dignissima,
884 4456 1106 4519 luxum
1144 4469 1203 4520 et
1232 4457 1463 4521 fastum
1493 4460 2040 4523 Antiochenorum
2071 4458 2482 4520 vehementer
2514 4459 2888 4536 insectatur,
2924 4479 3199 4540 quorum
3238 4464 3497 4539 plurimi
3539 4467 3686 4533 licet

448 4580 694 4642 vilioris
730 4580 921 4643 sortis
950 4581 1271 4656 homines,
1302 4584 1413 4662 qui
1459 4600 1714 4663 magnas
1747 4584 1867 4646 sibi
1917 4588 2292 4664 paraverant
2327 4578 2679 4656 facultates,
2713 4598 2868 4644 auro
2918 4585 3134 4645 onusti
3185 4602 3328 4646 cum
3373 4590 3684 4655 uxoribus

442 4701 808 4785 prodibant,
840 4701 910 4762 in
951 4719 1143 4764 curru
1179 4703 1371 4766 mulis
1401 4703 1563 4767 albis
1587 4708 1836 4785 juncto,
1860 4705 2162 4784 gregibus
2192 4703 2578 4767 famulorum
2610 4711 2672 4767 et
2703 4706 3066 4784 agminibus
3098 4710 3541 4772 cunuchorum
3574 4712 3689 4773 sti-

443 4824 599 4903 pati.
641 4826 804 4886 'l'um
837 4824 1144 4886 acerrime
1175 4824 1503 4888 invehitur
1533 4827 1598 4888 in
1632 4842 1743 4888 eos
1765 4826 1879 4905 qui
1899 4824 2218 4903 nuptiales
2249 4825 2647 4888 caarimonias
2676 4826 3054 4889 Christianis
3088 4828 3381 4908 indignas
3416 4830 3687 4893 induxee-

443 4954 620 5023 rant;
669 4945 1045 5009 saltationes
1086 4953 1149 5009 et
1199 4946 1499 5026 tripudia,
1553 4946 1912 5026 impudicas
1967 4945 2342 5020 cantilenas,
2395 4953 2458 5008 et
2505 4953 2729 5009 cmtera
2790 4948 3084 5021 traducit,
3137 4966 3281 5028 quae
3338 4951 3686 5027 nuptialem

446 5078 656 5132 torum
721 5071 1240 5134 dehonestarent.
1292 5071 1364 5132 In
1419 5087 1654 5133 uxores
1698 5086 1959 5150 quoque
2006 5068 2267 5132 illorum
2315 5087 2540 5150 aspere
2590 5070 2944 5145 invehitur,
3002 5090 3145 5151 quas
3195 5073 3261 5134 in
3306 5071 3576 5136 famulas
3621 5082 3689 5136 et

447 5193 710 5256 ancillas
748 5194 836 5257 ita
877 5195 1249 5265 saeviebant,
1287 5201 1358 5255 ut
1399 5192 1620 5273 ligatas
1652 5202 1712 5256 et
1753 5193 2022 5255 nudatas
2053 5210 2260 5257 coram
2304 5192 2544 5255 maritis
2574 5191 2881 5253 acerrime
2924 5193 3349 5268 verberarem,
3377 5195 3499 5256 col.
3547 5198 3684 5269 110,

449 5316 855 5379 Thessalidas
909 5333 1224 5393 vocantes,
1292 5335 1437 5399 quas
1486 5335 1605 5378 vox
1654 5317 1825 5395 apud
1878 5316 2365 5395 AristOphanom
2428 5312 2740 5376 veneﬁcas
2793 5321 2854 5374 et
2912 5314 3422 5394 praastigiatrices
3475 5316 3688 5397 signi-

449 5442 610 5501 licet.

527 5623 629 5686 Sic
661 5623 767 5687 ille
799 5623 1232 5691 Anticulietios
1273 5623 1555 5696 incessit,
1588 5621 1700 5701 qui
1743 5618 2274 5701 intemperantius
2310 5617 2448 5683 suis
2479 5616 2710 5696 Opibus
2748 5616 3126 5693 utebantur;
3162 5625 3295 5684 tum
3329 5620 3522 5685 etiam
3552 5636 3687 5693 non

450 5762 709 5826 paucos,
741 5744 854 5827 qui
888 5745 1072 5806 bonis
1101 5743 1331 5807 alienis
1366 5745 1790 5807 imminerent.
1829 5745 1918 5805 Ad
1951 5743 2076 5805 alia
2098 5758 2243 5802 vero
2266 5740 2396 5820 jam
2423 5737 2837 5801 veniendum.
2870 5740 2940 5801 In
2962 5738 3240 5803 'bomilia
3273 5747 3512 5820 octava,
3546 5758 3679 5806 our:
