3932 6220
1711 351 2100 409 PllAiFATlO.
3485 352 3518 402 6

277 468 458 531 nium
495 466 891 546 longissima,
929 470 990 530 in
1030 468 1161 541 haec
1202 471 1409 543 verba,
1441 471 1576 551 Ego
1611 471 1862 543 cinctus
1900 469 1970 541 in
1997 467 2289 548 Domino,
2324 468 2389 529 in
2424 456 2711 535 vinculis
2735 463 2914 545 Pauli
2957 461 3323 539 laudandis,
3355 462 3523 527 celo-

172 615 181 622 -
276 586 559 654 brandis,
593 596 781 653 totam
830 591 1157 669 profundit
1187 593 1499 655 orationis
1541 599 1772 666 artem;
1816 592 1948 654 imo
2003 608 2129 655 non
2180 598 2401 665 artem,
2444 592 2556 653 scd
2606 587 2929 670 quidquid
2974 586 3205 651 ardens
3240 585 3521 662 animus,

276 710 593 790 quidquid
627 728 737 774 cor
761 712 1121 778 vehementi
1157 716 1539 791 concitatum
1577 729 1793 776 amore
1828 718 2139 797 suggerit,
2164 717 2514 800 imparatus
2542 715 2784 794 profert
2817 714 2885 776 in
2918 711 3225 783 medium,
3258 712 3381 775 col.
3413 715 3521 776 57:

271 832 344 893 Si
368 835 509 913 quis
538 838 694 899 mihi
713 837 980 914 dederit,
1009 840 1245 920 inquit,
1275 857 1445 901 nunc
1467 847 1541 898 ut
1562 835 1854 897 suscitem
1877 848 2184 912 mortuos,
2213 855 2343 897 non
2372 838 2486 899 hoc
2528 836 2839 915 elegerim,
2873 832 2982 894 sed
3023 842 3323 896 catenam.
3349 834 3422 896 Si
3450 834 3525 899 ab

186 1002 189 1005 .
285 958 722 1022 ecclesiasticis
766 962 942 1023 curis
975 981 1164 1022 essem
1201 972 1498 1035 remotus,
1537 968 1593 1020 et
1626 964 1781 1027 esset
1817 955 1971 1029 mihi
2008 976 2239 1038 corpus
2285 975 2506 1035 sanum
2555 965 2613 1017 et
2658 953 2958 1029 ualidum,
2997 971 3126 1015 non
3181 957 3527 1017 recusarim

280 1077 443 1138 hanc
465 1081 786 1158 suscipere
811 1084 1404 1161 peregrinationem,
1439 1094 1514 1146 ut
1551 1087 1752 1148 solum
1773 1085 2047 1149 viderem
2076 1088 2352 1155 catenas,
2396 1086 2471 1139 ut
2512 1095 2822 1139 carcerem
2847 1077 2916 1136 in
2947 1091 3068 1153 quo
3095 1073 3223 1154 fuit
3249 1075 3523 1134 cinctus.

275 1196 471 1273 Atqui
500 1196 633 1275 ejus
668 1198 1122 1278 miraculorum
1166 1201 1366 1284 multa
1412 1203 1629 1283 multis
1673 1207 1741 1268 in
1772 1206 1929 1275 locis
1958 1213 2107 1267 sunt
2137 1204 2351 1289 signa,
2375 1200 2485 1262 sed
2511 1219 2641 1269 non
2689 1209 2839 1287 sunt
2893 1208 3018 1271 tam
3058 1193 3524 1277 desiderabilia,

277 1331 460 1391 quam
500 1318 879 1395 stigmatum.
922 1320 1008 1382 Et
1052 1322 1121 1383 iu
1150 1322 1505 1403 Scripturis
1532 1343 1662 1385 non
1703 1327 1797 1388 ita
1833 1345 1927 1388 me
1954 1325 2215 1388 delectat
2415 1324 2573 1403 facit
2600 1322 2932 1395 miracula,
2972 1339 3158 1402 quam
3190 1318 3336 1380 dum
3369 1314 3527 1376 male

277 1431 549 1508 patitur,
579 1435 800 1513 ﬂagris
830 1439 1097 1501 ceditur
1122 1449 1309 1521 atque
1349 1450 1670 1522 raptatur.
1708 1445 1857 1513 Vere
1894 1446 2213 1512 mirabilia
2246 1454 2396 1507 sunt
2423 1445 2601 1507 illius
2638 1446 2928 1523 corporis
2953 1442 3220 1505 sudaria
3263 1448 3321 1502 et
3349 1437 3524 1499 semi-

280 1552 536 1628 cinctio,
560 1573 694 1634 quae
733 1559 1040 1638 stupenda
1063 1572 1330 1641 patron:
1354 1585 1375 1625 :
1397 1575 1546 1627 sunt
1574 1568 1698 1629 hac
1726 1585 1866 1627 vere
1891 1565 2236 1640 mirabilia,
2265 1563 2375 1625 sed
2401 1582 2528 1626 non
2560 1573 2635 1625 ut
2660 1564 2775 1626 illa
2800 1564 3124 1643 (vincula).

318 1709 332 1723 '
359 1713 714 1798 Occasione
750 1720 1154 1803 vinculorum
1193 1724 1464 1809 loquens
1494 1725 1573 1800 de
1594 1732 1813 1792 sancto
1845 1725 2076 1809 Babylo
2111 1734 2409 1810 martyre,
2441 1725 2626 1809 cujus
2654 1724 2863 1795 Vitam
2899 1722 3010 1789 ille
3042 1719 3301 1799 scripsit
3331 1725 3399 1781 ut
3419 1716 3529 1779 ha-

282 1832 467 1897 betur
497 1855 691 1917 supra
729 1843 909 1905 Tom.
941 1845 1255 1922 secundo,
1290 1847 1471 1922 dicit,
1511 1847 1634 1911 col.
1672 1849 1774 1922 71,
1816 1846 2002 1910 illum
2044 1847 2326 1909 vinctum
2358 1844 2585 1921 fuisse,
2618 1846 2783 1908 sicut
2814 1846 3123 1911 Joannem
3153 1841 3525 1921 Baptistam,

282 1953 436 2030 quia
468 1974 711 2040 nempe.
734 1980 948 2043 regem
985 1966 1418 2046 redargueret,
1452 1976 1515 2031 et
1546 1969 1924 2032 morientem
1957 1966 2387 2061 mandavisse,
2416 1976 2489 2029 ut
2528 1965 2783 2029 vincula
2807 1971 3198 2045 ponerentur
3242 1980 3381 2024 cum
3409 1978 3525 2021 suo

284 2089 574 2155 corpore,
607 2089 667 2149 et
697 2100 928 2163 corpus
955 2087 1332 2165 sepeliretur
1359 2090 1660 2155 vinctum.
1702 2089 1784 2151 Et
1813 2106 1979 2152 nunc
2010 2090 2123 2152 siti
2148 2098 2300 2151 sunt
2325 2089 2646 2169 compedes
2673 2108 2812 2157 cum
2842 2089 3051 2152 cinere
3074 2107 3095 2146 :
3125 2093 3368 2147 tantum
3396 2092 3530 2145 erat

283 2192 344 2254 ei
370 2191 751 2263 desiderium
777 2205 1175 2270 vinculorum
1188 2220 1466 2310 propter
1485 2211 1826 2297 Christum.
1852 2212 2119 2274 Ferrum
2144 2212 2530 2300 pertransiit
2559 2212 2772 2295 anima
2798 2210 2953 2303 είαῆ
2984 2215 3104 2296 βίος

358 2365 546 2429 Hom.
580 2368 852 2467 decima,
890 2373 1012 2461 col,
1049 2378 1147 2466 '78,
1180 2376 1356 2471 dicit,
1387 2387 1678 2472 ᾴγάλματα
1706 2396 1822 2442 seu
1846 2379 2108 2465 ﬁguras,
2146 2386 2208 2441 et
2235 2384 2473 2458 statuas
2498 2379 2597 2441 vel
2628 2376 2943 2467 imagines
2976 2374 3043 2461 in
3063 2371 3332 2463 ecclesia
3358 2388 3528 2448 esse,

278 2504 496 2568 neque
537 2492 717 2570 plura
744 2494 961 2575 adjicit
992 2497 1059 2560 in
1090 2516 1180 2574 re,
1212 2516 1403 2578 quam
1441 2500 1737 2579 pluribus
1767 2518 2115 2579 expensam
2143 2497 2349 2565 fuisse
2384 2499 2634 2573 vellem.
2668 2499 3019 2568 Hmreticos
3048 2498 3287 2577 passim
3316 2494 3532 2576 exagi-

277 2621 394 2690 tat,
418 2617 839 2696 .Marcionem,
871 2621 1291 2685 Manichaaum
1318 2640 1437 2686 seu
1462 2624 1806 2699 Manetem,
1837 2623 2281 2715 Valentinum,
2316 2606 2641 2709 Catharos,
2675 2638 2794 2685 seu
2830 2616 3245 2707 Novatianos,
3280 2621 3530 2694 Arium,

277 2743 380 2817 uti
412 2744 576 2808 solet
610 2745 677 2807 in
716 2745 1019 2808 omnibus
1065 2762 1232 2826 pene
1276 2748 1679 2813 orationibus
1717 2754 1780 2813 et
1818 2747 2134 2824 homiliis,
2176 2748 2474 2829 aliosque
2519 2746 2709 2810 etiam
2754 2745 3111 2814 haereticos.

362 2911 665 3001 gentiam
696 2914 955 2985 Herveti
985 2913 1271 3007 {.atinam
1307 2916 1904 3026 interpretationem
1934 2917 2156 3008 multis
2184 2916 2257 2982 in
2290 2916 2452 2984 locis
2480 2914 2720 2997 passim
2754 2912 3230 3005 castigavimus.
