3932 6220
1176 565 1588 658 SANCTI
1670 558 2097 652 PATRIS
2170 554 2608 646 NOSTRI

274 911 396 1121 J
413 903 1138 1118 OANN
1158 895 1410 1109 IS
1514 876 3528 1107 CHRYSOSTOMI.

436 1334 1533 1465 ARCHIEPISCOPI
1597 1322 3366 1465 CONSTANTINOPOLITANI,

1647 1617 1880 1677 OPERA
1918 1614 2155 1674 OMNIA.

1782 1825 2040 1840 —-‘

636 2030 740 2111 IN
811 2021 1398 2108 EPISTOLAM
1484 2020 1617 2097 an
1676 2012 2164 2097 EPHESIOS
2226 1990 3185 2092 COMMENTARIUS“).

1717 2284 2103 2319 w-

816 2524 1338 2611 Slrgnntcntnnt.

355 2663 601 2734 Ephesus
638 2667 720 2715 est
746 2656 959 2729 quidem
991 2653 1130 2708 Asia:
1156 2644 1486 2717 metropolis.
1536 2642 1664 2734 Erat
1691 2646 1871 2696 autem

273 2731 529 2813 dedicata
584 2752 804 2816 Diame,
856 2756 911 2802 et
959 2744 1097 2799 hanc
1149 2742 1302 2797 deam
1365 2737 1471 2792 illic
1523 2731 1771 2789 colebant
1813 2739 1873 2784 ιιι

280 2845 613 2903 maximam:
658 2848 910 2909 tantaque
951 2848 1138 2891 eorum
1180 2838 1297 2887 erat
1336 2824 1680 2896 superstitio,
1705 2829 1764 2876 ut
1803 2834 1873 2875 ne

281 2940 432 2994 illius
478 2935 693 3006 quidem
747 2946 940 2987 nomen
993 2928 1079 2999 qui
1129 2925 1243 2996 ejus
1270 2921 1524 2992 templum
1565 2916 1874 2973 combusse-

281 3038 395 3094 rat.
425 3028 761 3083 manifestum
807 3036 927 3078 esse
971 3018 1273 3075 voluerint:
1321 3014 1489 3067 hierat
1540 3009 1680 3065 enim
1727 3020 1870 3061 com-

281 3123 535 3176 bustum.
569 3118 735 3171 Porro
773 3115 959 3169 beatus
1005 3125 1216 3181 quoque
1263 3104 1496 3162 Joannes
1548 3100 1871 3169 evangelista

281 3208 581 3281 plurimum
639 3206 745 3261 illic
784 3212 868 3259 est
916 3209 1156 3258 versatus
1184 3216 1199 3253 :
1232 3212 1354 3251 nam
1391 3204 1445 3251 ct
1492 3192 1599 3247 illic
1636 3189 1734 3245 fuit
1784 3204 1858 3243 rc-

283 3303 500 3370 legatus
532 3308 585 3353 et
615 3297 844 3352 decessit
866 3292 963 3366 (b).
995 3290 1330 3347 Timotheum
1384 3297 1592 3355 quoque
1635 3282 1744 3337 lliic
1785 3294 1874 3334 τευ

283 3392 448 3460 liquit
494 3390 724 3453 Paulus,
781 3396 838 3441 ut
890 3386 1019 3439 dicit
1070 3382 1134 3436 ad
1187 3382 1357 3450 ipsum
1403 3376 1680 3433 scribens:
1727 3371 1874 3427 Sicut

281 3481 468 3553 rogavi
498 3491 544 3533 te
570 3490 624 3533 ut
648 3493 874 3531 maneres
904 3473 1095 3545 Ephesi
1114 3472 1192 3546 (ι.
1228 3470 1356 3524 Tim.
1383 3469 1436 3524 1.
1467 3468 1541 3535 3).
1571 3464 1637 3519 Et
1663 3462 1875 3534 plurimi

282 3589 358 3630 ex
391 3571 742 3644 phil050phis,
774 3569 1003 3624 maxime
1028 3566 1063 3621 ii
1086 3565 1176 3636 qui
1200 3566 1250 3618 iu
1280 3563 1404 3617 Asia
1429 3560 1739 3622 ﬂoruerunt,
1769 3554 1879 3609 illic

284 3673 466 3719 erant.
494 3661 836 3717 Namdicitur
854 3658 1067 3729 quidem
1089 3666 1143 3709 et
1177 3653 1300 3708 inde
1322 3652 1483 3707 fuisse
1508 3648 1836 3720 Pythagoras
1861 3660 1877 3698 :

286 3756 488 3809 Samos
514 3752 686 3814 enim,
718 3750 858 3803 unde
899 3759 1051 3802 ortus
1081 3746 1170 3801 ille
1199 3752 1316 3799 erat
1339 3783 1354 3808 ,
1412 3742 1589 3795 Ionica
1636 3747 1753 3794 erat
1798 3737 1880 3791 in-

291 3845 418 3900 sula
452 3843 551 3914 (c).
585 3840 951 3895 Parmenidem
976 3853 1186 3908 quoque
1225 3845 1278 3891 et
1305 3834 1576 3888 Zenonem
1601 3840 1655 3885 et
1686 3829 1883 3884 Demo-

365 3958 439 4019 (a)
464 3954 538 4004 Ad
561 3952 794 4019 llpmilias
816 3953 866 4019 in
888 3950 1147 4019 Epistolam
1171 3950 1231 4019 ad
1260 3946 1315 4019 Ιξι
1335 3947 1500 3996 besios
1537 3940 1881 4019 emaculaadt‘is

288 4006 383 4069 usi
400 4006 571 4068 simius
594 4014 895 4065 Coislinianis
909 4006 1163 4064 (iudicibus
1181 4006 1373 4059 duobus
1386 4048 1399 4067 ,
1423 4019 1626 4070 quorum
1651 4006 1877 4070 ululatii,

290 4066 427 4130 alter
449 4081 513 4130 75
546 4084 771 4133 notatur,
798 4082 851 4124 et
893 4088 1003 4123 cum
1045 4072 1221 4138 Codice
1257 4066 1539 4138 Otlbcriino
1570 4066 1879 4138 (inmaduit.

292 4126 615 4193 Colbei'tinus
656 4126 999 4200 argumentum
1034 4136 1239 4194 omittit,
1266 4139 1320 4182 et
1355 4144 1383 4180 a
1408 4130 1559 4193 prima
1581 4126 1780 4178 homilia
1807 4127 1881 4176 ia-

287 4204 434 4254 cit.it.

347 4221 439 4327 lilii}
462 4264 517 4313 Id
543 4270 636 4327 est,
662 4270 715 4310 In
732 4258 958 4327 assiliunt
979 4256 1151 4307 missus
1171 4256 1292 4327 istuc
1316 4252 1457 4304 venit.
1480 4249 1882 4327 Joaaacslian

319 4311 435 4376 ubi;
466 4311 684 4374 insulam
714 4322 966 4381 relegatus
989 4327 1065 4369 est
1104 4333 1118 4373 ;
1158 4325 1426 4381 posteaque
1464 4315 1598 4363 venit
1620 4311 1882 4374 Ephesum.

375 4395 671 4450 rysostomus
692 4396 811 4450 vero
828 4381 938 4432 inec
963 4384 1166 4442 carptim
1188 4388 1477 4435 recensens,
1500 4388 1597 4423 non
1620 4381 1716 4423 tam
1738 4386 1886 4422 accu-

289 4449 414 4499 rate
431 4449 592 4498 omnia
615 4449 818 4509 prot'crt.

368 4496 831 4572 (c)_Cltrysiistomus
854 4505 1051 4572 carptim
1069 4501 1294 4572 loquens,
1309 4506 1365 4572 et
1380 4496 1626 4572 Ephesum
1640 4510 1890 4572 Δ(ξίξιῐιωιξῃξ

288 4559 1089 4631 (ὶαὶιέόίεὶίρὴίιοεοιξιιοεγῐὴυιιοε
1111 4559 1205 4613 illic
1228 4559 1471 4631 ﬂoruisse,
1491 4567 1542 4631 ut
1567 4559 1888 4631 Pythagoram

289 4634 393 4703 qui
410 4645 473 4682 ex
497 4620 654 4703 insula
670 4620 868 4703 quidem
893 4629 1039 4703 Samo
1060 4635 1194 4703 erati;
1217 4623 1305 4673 sed
1329 4623 1499 4703 Samos
1522 4620 1682 4703 lpnifa
1708 4626 1891 4703 erat.

289 4680 534 4756 Ephesus
548 4680 567 4751 ;7
582 4680 841 4756 imo;un
862 4703 957 4738 non
982 4687 1111 4756 addit
1134 4680 1530 4756 Chrysost0iitus,_
1546 4682 1742 4753 Epheso
1765 4680 1889 4756 adeo

292 4742 469 4805 uicina
490 4742 635 4803 ut'ex
658 4742 744 4802 illa'
761 4753 890 4802 urbe
923 4742 1311 4812 conspiceretur.
1334 4745 1414 4794 De
1447 4742 1641 4794 caeteris
1662 4755 1783 4804 quos
1803 4742 1889 4791 ad-

1975 2496 2191 2564 critum,
2212 2506 2266 2553 et
2295 2497 2494 2554 multos
2518 2512 2661 2554 nunc
2684 2496 2861 2555 adhuc
2880 2498 2987 2555 illic
3016 2499 3284 2556 inveneris
3315 2500 3558 2572 philoso-

1975 2587 2132 2658 phos.
2164 2586 2288 2643 [lac
2313 2596 2491 2644 autem
2518 2604 2624 2643 non
2663 2588 2781 2643 sine
2806 2603 2968 2645 causa
2994 2589 3135 2645 dicta
3164 2599 3285 2645 sunt
3322 2606 3352 2645 a
3382 2592 3555 2654 nobis,

1977 2679 2070 2734 sed
2098 2687 2155 2733 ut
2178 2678 2519 2735 ostenderem
2547 2678 2715 2733 multo
2743 2679 2922 2734 studio
2950 2694 3085 2750 opus
3113 2679 3279 2735 fuisse
3303 2680 3467 2736 Paulo
3491 2680 3560 2736 ad

1975 2785 2070 2827 eos
2115 2771 2390 2827 scribenti.
2460 2771 2661 2826 Dicitur
2700 2779 2879 2826 autem
2929 2771 3302 2841 profundiores
3350 2786 3563 2843 quoque

1974 2854 2165 2916 sensus
2190 2861 2269 2916 eis
2296 2859 2611 2921 credidisse.
2637 2869 2819 2931 utpote
2842 2861 2932 2930 qui
2955 2864 3066 2931 jam
3086 2862 3451 2918 citechumeni
3468 2876 3562 2918 es-

1976 2961 2117 3006 sent.
2150 2952 2244 3007 Est
2272 2966 2432 3021 porro
2472 2952 2695 3022 epistola
2728 2952 2886 3024 plena
2933 2952 3251 3009 sublimibus
3280 2955 3564 3010 sententiis

1982 3050 2036 3097 et
2057 3042 2415 3113 dogmatibus.
2446 3044 2643 3099 Scribit
2681 3053 2858 3099 autem
2889 3046 3170 3116 epistolam
3224 3045 3411 3101 Roma:
3441 3048 3560 3101 vin-

1976 3142 2094 3189 ctus
2116 3175 2132 3199 ,
2164 3134 2302 3188 sicut
2325 3144 2380 3189 et
2409 3134 2521 3204 ipse
2535 3134 2678 3190 dicit
2708 3151 2721 3188 :
2757 3135 2914 3190 Orate
2937 3152 3131 3205 prome
3169 3147 3224 3191 ut
3266 3137 3414 3191 detur
3439 3138 3564 3191 mihi

1977 3238 2140 3278 sermo
2177 3225 2231 3278 in
2269 3226 2528 3294 apertione
2551 3226 2655 3280 oris
2681 3226 2798 3290 mei,
2831 3243 2945 3279 cum
2974 3228 3166 3296 ﬁducia
3194 3236 3369 3281 notum
3397 3231 3565 3300 facere

1977 3316 2269 3386 mysterium
2290 3318 2536 3388 evangelii
2564 3357 2580 3382 ,
2614 3334 2706 3388 pro
2731 3334 2829 3388 quo
2858 3318 3108 3388 legatione
3137 3320 3326 3390 [ungor
3373 3323 3425 3372 in
3472 3335 3561 3371 ca-

1981 3417 2094 3461 tena
2120 3405 2333 3480 (Ephes.
2364 3410 2418 3462 6.
2470 3407 2555 3463 l9.
2594 3408 2711 3480 20).
2742 3410 2810 3463 Et
2837 3409 3125 3463 admodum
3166 3409 3290 3463 altis
3331 3419 3386 3464 et
3431 3412 3564 3463 emis

1983 3499 2231 3553 neutibus
2280 3499 2434 3567 plena
2466 3508 2548 3553 est
2595 3499 2909 3553 sensibus‘.
2959 3498 3089 3553 Nam
3133 3513 3251 3567 qua:
3302 3513 3565 3568 nusquam

1982 3588 2095 3644 fere
2123 3599 2207 3644 est
2234 3589 2504 3659 loquutus,
2532 3604 2596 3643 ea
2629 3590 2715 3644 hic
2761 3588 2983 3659 profert,
3027 3597 3083 3644 ut
3126 3588 3340 3659 quando
3384 3590 3514 3645 dicit
3544 3608 3559 3644 :

1990 3681 2058 3737 Ut
2084 3683 2363 3736 innotescat
2394 3700 2528 3736 nunc
2555 3683 2920 3753 principatibus
2944 3693 2991 3737 et
3021 3683 3344 3754 potestatibus
3370 3684 3425 3737 in
3468 3698 3565 3738 τωο

1984 3774 2188 3830 leuibus
2216 3790 2304 3843 per
2334 3772 2616 3827 Ecclesium
2636 3776 2777 3827 varia
2798 3784 2843 3828 et
2871 3774 3117 3843 mutiplex
3161 3772 3258 3828 Dei
3282 3774 3564 3843 sapientia;

1984 3877 2038 3921 et
2067 3880 2271 3932 rursus,
2301 3864 2721 3920 Conresuscituvit
2745 3876 2791 3919 et
2819 3868 3088 3921 consedere
3108 3866 3226 3937 fecit
3254 3881 3346 3919 nos
3385 3867 3438 3919 in
3465 3880 3567 3920 τωο

1986 3958 2235 4023 testibus;
2264 3967 2338 4020 et,
2372 3957 2522 4024 Quod
2558 3958 2675 4011 aliis
2711 3957 3116 4029 generationibus
3140 3972 3241 4010 non
3268 3957 3365 4028 fuit
3388 3958 3567 4028 cogni-

1987 4060 2111 4116 tum,
2143 4066 2276 4103 nunc
2318 4050 2589 4103 revelatum
2615 4050 2714 4118 [uit
2743 4050 2992 4118 apostolis
3015 4050 3207 4104 sanctis
3230 4059 3279 4102 et
3308 4050 3569 4119 prophetis

1986 4141 2038 4193 in
2067 4140 2268 4210 Spiritu
2288 4183 2302 4204 ,
2329 4152 2498 4211 gentes
2536 4156 2642 4193 esse
2664 4141 2968 4203 coheredes,
3011 4151 3058 4194 et
3098 4142 3482 4209 concorporales
3524 4148 3571 4193 et

1990 4233 2375 4303 comparticipes
2396 4234 2503 4301 ejus
2532 4231 2821 4286 hereditatis
2849 4232 2904 4285 in
2928 4231 3125 4287 Christo
3149 4231 3363 4302 (Ephes.
3391 4233 3443 4288 3.
3477 4232 3569 4288 10.

1989 4333 2035 4376 et
2056 4323 2110 4377 2.
2140 4323 2193 4378 6.
2224 4335 2270 4377 et
2301 4326 2353 4378 5.
2385 4325 2437 4379 5.
2465 4323 2546 4395 6).

1989 4436 2061 4485 dit.
2084 4435 2389 4498 ιιιιὶιοειορὶιὶεΔ
2402 4434 2552 4498 multa
2587 4434 2684 4483 dici
2711 4441 2930 4498 possent,
2956 4434 3042 4482 sed
3060 4433 3296 4498 adeantur
3316 4434 3573 4498 Diogenes

1995 4496 2219 4568 inertius
2254 4496 2321 4568 et:
2351 4496 2449 4568 alii.
2488 4496 2565 4545 De
2589 4496 2875 4558 quibusdam
2896 4502 3036 4544 certe
3054 4529 3070 4554 ,
3105 4504 3161 4545 ut
3181 4499 3245 4545 de
3268 4496 3574 4555 Democrito,

1990 4558 2223 4619 disputari
2249 4563 2427 4629 potest.
2787 4618 2797 4628 .
3322 4615 3332 4626 ι

2058 4624 2073 4651 ι
2110 4619 2166 4667 In
2187 4617 2474 4669 Cmshmano
2507 4616 2665 4666 altero
2699 4615 2882 4678 legitur
2905 4630 2917 4665 :
2947 4614 3038 4664 Illa
3061 4623 3222 4667 autem
3247 4617 3455 4677 Eptstola
3476 4632 3571 4667 non

1992 4679 2134 4743 modo
2154 4678 2506 4743 sublimioribus
2528 4678 2827 4742 dogmatibus
2843 4678 2985 4743 plena
2996 4683 3083 4740 est,
3096 4678 3182 4730 sed
3198 4678 3345 4730 etiam
3364 4679 3580 4730 semiqu

1991 4741 2301 4792 eminentibus
2322 4741 2551 4791 abundat.

294 4869 3585 4901 _______________________..__________._______——________.

1744 4937 2089 4999 HOMILIA
2132 4937 2159 4997 Ι

295 5103 444 5159 ὼν.
476 5100 502 5153 1
550 5114 603 5152 v.
636 5098 685 5151 l.
724 5093 1203 5164 Paulus,apostolus
1226 5090 1353 5144 Iesu
1377 5087 1559 5144 Christi
1595 5102 1685 5156 per
1718 5083 1897 5136 volun-
2002 5081 2074 5135 cit
2102 5122 2113 5132 .
2144 5079 2381 5133 Mulieres
2411 5078 2529 5131 viris
2558 5079 2662 5132 suis
2701 5078 2802 5132 sint
2827 5077 3084 5141 subdite;
3122 5086 3177 5131 et
3203 5093 3404 5144 rursus,
3438 5077 3588 5143 Filii,

386 5201 543 5244 tatem
591 5187 726 5253 Dei,
774 5187 962 5240 sanctis
991 5184 1077 5255 qui
1102 5192 1218 5238 sunt
1250 5181 1479 5252 Ephesi,
1508 5187 1553 5232 et
1589 5174 1819 5246 fidelibus
1849 5173 1902 5227 in
2006 5172 2197 5226 obedite
2248 5169 2535 5241 parentibus
2584 5170 2798 5231 vestris;
2854 5177 2944 5231 et,
2999 5166 3147 5221 Servi
3173 5208 3188 5231 ,
3237 5166 3430 5222 obedite
3485 5169 3582 5222 ilo-

388 5280 591 5335 Christo
620 5276 746 5330 Jesu
777 5290 798 5331 :
823 5274 882 5329 Ξ.
930 5275 1097 5346 gratia
1122 5272 1258 5327 vobis
1302 5279 1348 5325 et
1399 5284 1501 5340 pax
1524 5284 1555 5321 α
1606 5265 1715 5320 Deo
1748 5263 1905 5317 Patre
2010 5266 2158 5318 minis
2189 5264 2413 5331 (Ephes.
2460 5264 2513 5318 5.
2552 5261 2639 5315 29..
2669 5270 2712 5315 et
2740 5259 2793 5314 6.
2825 5260 2878 5314 l.
2907 5259 2940 5314 5
2972 5262 3011 5328 ).
3067 5258 3371 5329 Cogitemus
3412 5276 3586 5331 quan-

390 5380 566 5425 nostra
595 5378 645 5425 et
672 5367 891 5422 Domino
929 5365 1057 5419 Jesn
1082 5364 1303 5419 Christo.

392 5466 448 5519 1.
491 5463 632 5517 Ecce
660 5462 821 5525 illud,
860 5477 969 5530 per,
996 5460 1141 5514 dedit
1183 5457 1350 5513 Patri.
1389 5454 1527 5520 Quid
1568 5451 1735 5522 ergo’
1759 5451 1904 5506 dice-

306 5569 520 5611 mnsnc
544 5568 667 5607 eum
698 5553 994 5605 minorem?
1034 5550 1267 5604 Minime.
1313 5547 1538 5612 Sanctis,
1588 5543 1786 5612 inquit.
1827 5542 1911 5608 qui

2014 5367 2063 5411 ta
2115 5370 2211 5410 nos
2266 5365 2410 5410 tenet
2458 5355 2741 5419 socordia,
2792 5361 2846 5405 et
2898 5364 3056 5419 quam
3104 5366 3221 5405 rara
3282 5351 3353 5405 sit
3396 5352 3587 5415 virtus,

2014 5458 2070 5503 et
2099 5456 2329 5518 quantus
2373 5456 2498 5499 tunc
2541 5456 2683 5498 esset
2725 5451 3010 5512 proventus
3048 5441 3308 5497 bonorum
3353 5443 3589 5498 virorum

2019 5548 2073 5594 et
2101 5540 2297 5591 virtute
2336 5534 2712 5605 praeditorum,
2751 5540 2812 5585 ut
2860 5532 3316 5595 ctiam,mundani
3355 5547 3450 5588 seu
3486 5549 3595 5588 sa:-

303 5654 443 5701 sunt
471 5642 690 5709 Ephesi,
712 5649 759 5695 et
786 5640 1017 5709 ﬁdelibus
1042 5641 1096 5693 in
1125 5639 1325 5694 Christo
1348 5635 1494 5692 Jesu.
1528 5635 1666 5690 Ecce
1701 5641 1912 5686 sanctos
2020 5629 2233 5684 cnlarcs
2280 5636 2405 5680 tunc
2457 5624 2625 5677 sancti
2679 5623 2982 5679 dicerentur
3029 5632 3083 5678 et
3154 5623 3359 5678 ﬁdeles.
3422 5622 3600 5678 Gratia

305 5746 484 5792 voc-tu
516 5734 666 5786 viros
694 5732 784 5801 qui
822 5732 1019 5787 habent
1049 5742 1103 5788 ct
1130 5732 1266 5786 lilios
1301 5741 1356 5785 et
1383 5744 1576 5785 uxores
1605 5736 1660 5781 et
1687 5739 1870 5779 servos
1899 5739 1913 5774 :

311 5842 376 5887 et
440 5826 546 5881 hoc
597 5832 811 5879 constat
865 5840 931 5878 cx
984 5825 1088 5881 llnc
1138 5823 1416 5895 epistolae,
1463 5830 1520 5876 ut
1560 5816 1772 5889 quando
1832 5815 1916 5868 di-

2027 5721 2163 5774 vobis
2189 5729 2233 5773 et
2259 5733 2362 5787 pax
2399 5732 2429 5768 a
2460 5712 2565 5767 Deo
2594 5713 2742 5769 Patre
2781 5724 2951 5769 nostro
2977 5725 3024 5768 et
3055 5715 3275 5769 Domino
3297 5712 3423 5767 Iesu
3449 5713 3600 5768 Chri-

2038 5822 2135 5866 sto.
2186 5807 2422 5865 Gratiam
2459 5805 2629 5873 dixit,
2668 5814 2720 5860 ct
2763 5806 2976 5862 Patrem
3024 5806 3195 5862 Deum
3239 5804 3494 5860 vocavit:
3543 5804 3607 5856 il-

3904 898 3919 931 ,ι
