3932 6220
334 280 390 348 ιι
1039 265 1098 340 s.
1137 260 1413 338 ,ιοωκίε
1447 253 1919 331 ‘cnni'stisrout
1961 249 2278 322 Alitllllil‘.
2319 241 2850 319 cdsSisx'ltxo‘ti.
3547 232 3612 308 ita»,

333 406 434 464 lius
465 389 613 457 cnim
637 397 822 471 gratia:
864 395 964 452 hoc
993 404 1076 451 est
1113 393 1386 448 indicium.
1415 386 1736 456 Quomodo?
1781 381 1918 438 Audi

336 513 465 554 cum
491 485 616 549 alibi
645 493 912 548 dicentem
948 507 961 542 :
997 488 1249 554 Quoniam
1290 494 1459 537 autem
1495 481 1610 535 estis
1641 477 1738 548 filii
1782 475 1922 537 Dei,

333 588 479 646 misit
506 587 644 641 Deus
680 584 932 654 Spiritum
957 579 1080 633 Filii
1107 579 1183 632 sui
1203 579 1255 630 in
1283 575 1438 630 corda
1467 582 1628 627 uestra
1654 611 1668 634 ,
1697 567 1926 622 claman-

331 698 459 746 tem,
491 680 628 733 Abba
667 677 820 731 I’ater
846 673 986 747 (Gal.
1015 674 1068 726 4.
1098 670 1176 742 6).
1230 668 1299 722 Et
1346 666 1554 721 Domini
1597 659 1758 716 nostri
1803 659 1929 713 Iesu

341 771 551 826 Christi.
579 770 800 837 Propter
825 764 1092 835 nos‘cnim
1133 761 1375 837 Christus
1413 757 1580 810 laetus
1610 762 1727 817 est,
1778 759 1832 805 et
1877 750 1928 804 in

341 855 506 918 carne
531 845 679 913 vislis
707 866 806 912 est.
830 857 884 909 ’5.
915 831 1222 908 Benedictus
1264 831 1421 914 Deus,
1456 843 1626 915 inquit
1645 884 1659 905 ,
1687 852 1734 895 et
1775 829 1932 894 Patel-

345 953 552 1007 Domini
582 941 739 1003 tiosti'i
777 946 902 1001 Jcsu
929 944 1138 999 Christi.
1167 934 1308 996 Ecce
1331 981 1344 1003 ,
1380 941 1516 992 Dens
1545 936 1659 1002 ejus
1691 933 1780 1002 qtli
1811 945 1931 984 car-

349 1058 475 1100 nem
509 1040 766 1110 suscepit.
795 1034 1017 1105 Quodsi
1050 1048 1154 1088 non
1190 1030 1303 1095 vis,
1353 1037 1408 1081 at
1433 1026 1526 1080 Dei
1561 1022 1719 1077 Verbi
1753 1021 1930 1074 Pater.

348 1138 446 1204 Qui
492 1132 743 1188 benedixit
787 1144 880 1182 nos
927 1127 980 1180 in
1024 1124 1161 1179 onmi
1200 1118 1540 1176 benedictione
1583 1111 1837 1184 spirituali
1883 1110 1935 1162 in

347 1202 626 1284 ca'lestibus
663 1223 717 1277 in
745 1219 970 1295 Christo.
999 1214 1274 1270 Judaicam
1316 1209 1403 1264 hic
1444 1204 1747 1263 subindicat
1775 1202 1938 1257 bene-

348 1319 638 1379 dictionem
672 1331 687 1367 :
720 1305 843 1366 naln
881 1293 998 1366 erat
1046 1305 1264 1376 quidem
1303 1299 1640 1364 benedictio,
1687 1293 1784 1351 sed
1829 1307 1935 1346 non

355 1406 670 1480 spiritualis.
703 1401 842 1470 Quid
870 1401 1011 1456 enim
1039 1397 1207 1453 dicit?
1239 1393 1509 1448 Beuedicat
1548 1400 1595 1443 te
1632 1387 1805 1454 Deus,
1835 1383 1937 1439 Be-

354 1478 546 1555 ttedicel
589 1502 740 1570 ίωιιιε
768 1495 896 1549 uteri
924 1493 997 1546 lui
1021 1491 1210 1561 (Num.
1239 1488 1291 1543 θ.
1321 1485 1475 1540 Deut.
1500 1485 1554 1538 7.
1588 1479 1703 1554 is),
1735 1478 1939 1570 benedi-

348 1600 432 1646 cet
458 1590 719 1644 introitum
747 1596 889 1640 tuum
916 1592 965 1639 et
985 1582 1172 1637 exitum
1192 1582 1352 1634 tuum.
1384 1575 1481 1631 llic
1499 1583 1676 1628 autem
1698 1557 1804 1625 non
1831 1556 1938 1632 sic;

359 1679 455 1740 sed
484 1680 650 1752 quid?
697 1677 764 1732 1η
793 1677 931 1732 omni
964 1673 1306 1730 benedictione
1331 1667 1605 1742 spirituali.
1634 1664 1770 1732 Quid
1800 1662 1942 1730 enim

361 1773 538 1854 adhuc
571 1759 664 1829 tibi
696 1762 891 1828 deest?
922 1754 1117 1822 Factiis
1141 1779 1200 1819 es
1227 1759 1563 1823 immortalis,
1594 1756 1766 1810 factus
1789 1768 1848 1809 es
1883 1752 1948 1806 li-

362 1849 480 1933 h‘er,
508 1864 679 1919 factus
701 1877 760 1917 es
814 1858 974 1924 ﬁlius,
1004 1856 1173 1911 factus
1216 1868 1276 1907 es
1308 1853 1502 1920 justus,
1537 1846 1707 1901 iactus
1740 1859 1800 1899 es
1844 1843 1950 1904 ira-

364 1968 465 2024 ter,
489 1956 658 2011 lactus
685 1967 745 2008 es
769 1938 996 2007 coheres
1020 1935 1035 2002 Ξ
1063 1938 1220 2001 sim'nl
1252 1956 1464 2012 regnas,
1495 1928 1652 1994 siiuul
1683 1929 1949 2007 gloriﬁca-

363 2042 477 2108 iis:
509 2048 686 2104 omnia
729 2045 824 2100 tibi
874 2042 1041 2114 gratis
1064 2037 1300 2094 donavit.
1352 2031 1616 2099 Quomodo
1651 2045 1751 2082 non
1798 2027 1950 2080 etiam

363 2133 478 2195 cum
505 2139 639 2210 ipso,
663 2134 855 2206 inquit,
885 2131 1057 2186 omnia
1094 2127 1235 2182 nobis
1262 2124 1467 2178 donabit
1498 2126 1520 2193 (
1538 2120 1686 2174 llam.
1718 2117 1773 2173 8.
1815 2114 1952 2199 52)?

370 2194 752 2286 Primiltiaz'tute
793 2194 1082 2278 adorantur
1121 2219 1188 2272 ab
1214 2214 1418 2285 angelis
1439 2254 1453 2279 ,
1482 2227 1513 2265 a
1541 2207 1858 2266 Cherubinis
1900 2194 1956 2260 et

372 2319 690 2392 Seraphinis
717 2334 732 2370 :
764 2314 891 2386 quid
917 2313 1094 2367 adhuc
1122 2307 1317 2364 deest?
1345 2305 1411 2358 In
1453 2303 1588 2358 ontni
1618 2299 1958 2355 benedictione

370 2389 648 2484 spirit—nali.
682 2406 824 2463 Nihil
849 2413 934 2460 est
962 2403 1048 2457 hic
1072 2398 1308 2456 carnale.
1344 2396 1631 2464 Propterea
1657 2392 1834 2446 omnia
1872 2389 1958 2442 illa

377 2477 576 2560 exemit
601 2477 818 2562 dicens,
849 2494 917 2549 In
957 2491 1147 2546 mundo
1186 2501 1474 2558 pressuram
1501 2481 1739 2536 habebitis
1765 2477 1957 2550 (Joan'.

378 2596 470 2652 16.
505 2594 622 2665 55),
669 2589 844 2658 utqui
876 2600 975 2642 nos
1000 2583 1066 2639 ad
1111 2583 1227 2636 hate
1268 2577 1499 2634 duxerit.
1529 2574 1663 2630 Nam
1707 2572 1846 2626 sicut
1873 2570 1961 2640 qui

381 2684 647 2742 habebant
673 2679 927 2744 carnalia,
960 2671 1259 2746 spiritualia
1313 2668 1499 2724 audire
1538 2680 1642 2720 non
1673 2671 1917 2734 poterant
1946 2679 1960 2715 :

381 2779 457 2835 ita
477 2776 568 2849 qui
595 2780 955 2843 assequuntur
980 2763 1302 2837 spiritualia,
1331 2775 1394 2815 ea
1422 2775 1529 2815 non
1566 2765 1788 2828 possunt
1815 2769 1964 2810 asse-

383 2847 506 2940 qui,
554 2865 656 2920 nisi
697 2863 843 2934 prius
886 2857 1168 2914 discedant
1209 2869 1242 2908 a
1288 2851 1615 2909 carnalibus.
1667 2847 1803 2916 Quid
1847 2854 1965 2912 est,

385 2939 691 3016 benedictio
743 2950 1038 3026 spiritualis
1067 2949 1121 3002 in
1166 2943 1512 3001 caelestibus?
1539 2940 1655 2996 Non
1703 2939 1757 2993 in
1804 2948 1966 3004 terra,

387 3050 600 3121 inquit,
643 3046 782 3101 sicut
818 3041 959 3113 apud
1007 3039 1222 3095 Iudaeos
1260 3054 1274 3091 :
1325 3033 1471 3087 Bona
1513 3043 1660 3086 terrae
1706 3030 1971 3084 comedetis

392 3120 544 3213 (lsai.
579 3141 628 3194 1.
662 3138 787 3207 19);
820 3133 885 3188 In
909 3144 1094 3187 terram
1113 3131 1355 3200 fluentem
1382 3124 1526 3178 melle
1550 3136 1596 3176 et
1619 3123 1747 3176 lacte
1771 3120 1968 3184 (Exod.

390 3236 480 3292 55.
509 3236 564 3304 3)
597 3251 611 3287 :
641 3228 910 3298 Benedicet
956 3223 1097 3278 Deus
1136 3231 1325 3275 terram
1374 3228 1510 3270 tuam
1545 3213 1730 3284 (l'sal.
1761 3213 1849 3267 84.
1884 3213 1971 3267 15.

393 3300 553 3384 omit.
599 3326 684 3380 is.
718 3323 798 3392 t).
844 3320 940 3374 llic
977 3326 1158 3370 autem
1186 3311 1320 3366 nihil
1351 3309 1490 3372 tale;
1529 3306 1620 3362 sed
1671 3300 1837 3374 quid?
1879 3304 1976 3370 Qui

396 3420 563 3491 diligit
590 3433 689 3482 me,
722 3411 966 3468 mandata
1010 3413 1121 3460 me’a
1162 3403 1397 3466 servabit,
1428 3410 1474 3454 et
1518 3416 1608 3471 ego
1635 3407 1682 3451 et
1714 3397 1869 3450 Pater
1910 3397 1978 3449 ad

396 3523 512 3567 eum
532 3510 804 3570 veniemus,
823 3513 870 3558 et
892 3500 1203 3556 mansionem
1224 3495 1364 3566 apud
1384 3511 1497 3547 eum
1526 3493 1768 3562 faciemus
1793 3489 1975 3562 (Joan.

399 3603 494 3658 14.
519 3600 634 3666 25).
677 3595 776 3662 Qui
805 3594 947 3646 audit
975 3592 1082 3644 lucc
1108 3603 1219 3640 mea
1243 3585 1410 3649 verba,
1444 3593 1488 3636 et
1520 3599 1576 3634 ea
1608 3583 1816 3651 fecerit,
1853 3581 1980 3634 assi-

404 3693 661 3750 milabitur
706 3687 812 3742 viro
855 3681 1124 3754 prudenti,
1172 3679 1258 3748 qui
1286 3675 1552 3744 redi/ienuit
1603 3674 1807 3725 domum
1839 3683 1981 3724 suam

402 3801 559 3858 supra
596 3792 810 3852 petram,
842 3784 888 3828 et
912 3774 1156 3843 ﬂat-erunt
1178 3767 1308 3822 uenti
1332 3805 1349 3833 ,
1391 3775 1436 3819 et
1465 3771 1700 3817 venerunt
1728 3761 1872 3831 [invii
1894 3802 1910 3826 ,
1940 3769 1985 3814 et

403 3852 699 3948 irruperunt
745 3871 798 3924 in
827 3867 1031 3921 domum
1066 3861 1239 3924 illaut,
1265 3867 1310 3912 et
1339 3873 1438 3910 non
1491 3854 1668 3908 cecidit
1701 3868 1720 3907 :
1771 3852 1986 3921 fundata

409 3941 543 4026 enim
584 3971 692 4020 erat
736 3974 894 4028 supra
935 3956 1137 4025 ﬁrmam
1170 3957 1367 4020 petram
1395 3944 1606 4016 (JIatth.
1660 3944 1710 3995 7.
1751 3941 1842 3996 2i.
1871 3941 1984 4012 ‘25).

406 4061 563 4116 Petra
590 4062 769 4110 autem
814 4059 1059 4120 qumnam
1109 4049 1226 4104 “est,
1275 4037 1380 4093 nisi
1429 4051 1516 4090 res
1563 4033 1824 4098 caelestes,
1869 4047 1990 4102 quae

408 4158 534 4207 sunt
563 4144 873 4215 superiores
893 4137 1080 4208 quavis
1108 4127 1451 4203 mutatione?
1481 4126 1582 4192 Qui
1608 4127 1748 4180 enim
1795 4127 1990 4192 confes-

411 4261 496 4298 sus
521 4257 599 4293 me
629 4235 802 4309 fuerit,
836 4229 1026 4295 inquit,
1059 4239 1231 4278 coram
1274 4218 1589 4280 hominibus,
1631 4215 1904 4280 con/iteb‘or
1945 4222 1992 4266 et

409 4353 500 4406 ego
522 4347 636 4388 eum
659 4341 831 4382 coram
868 4321 1022 4374 Patre
1051 4331 1159 4370 meo
1183 4313 1266 4383 qui
1289 4322 1358 4365 est
1383 4313 1433 4363 in
1483 4306 1640 4361 radis.
1676 4305 1739 4358 l-.'t
1767 4305 1994 4374 quicum-

410 4395 507 4500 qite
533 4439 610 4478 me
637 4416 887 4490 negaverit
913 4456 927 4480 ,
962 4425 1051 4483 ego
1081 4422 1272 4476 quoque
1300 4419 1412 4457 eum
1436 4400 1625 4468 negabo
1656 4397 1873 4469 (Matth.
1904 4395 1989 4451 l0.

414 4486 504 4577 ἐξ.
542 4514 654 4588 55).
684 4514 749 4568 Et
779 4521 1003 4565 rursus:
1035 4502 1179 4571 Beati
1205 4497 1394 4553 tuundo
1416 4495 1586 4559 corde,
1615 4492 1854 4563 quoniam
1897 4486 1995 4556 ipsi

417 4614 578 4668 Deum
611 4583 844 4662 ridebunt
880 4596 1094 4669 (Matth.
1125 4594 1179 4649 5.
1213 4592 1305 4662 8);
1331 4589 1642 4647 ‘etilcrum,
1695 4583 1839 4637 Beati
1867 4597 1996 4650 pau-

415 4721 556 4777 ριτεδ
581 4699 797 4771 spiritu,
848 4690 1085 4762 quoniam
1115 4689 1342 4755 ipsorum
1389 4689 1462 4734 est
1506 4695 1711 4749 regnum
1760 4676 1997 4730 cwlorum

411 4768 574 4870 (ibid.
609 4768 654 4845 it.
688 4787 776 4857 '5);
809 4792 864 4839 et
899 4792 1106 4842 rursus,
1130 4774 1274 4829 Beati
1296 4773 1381 4843 qui
1426 4768 1857 4841 persequutio'nem
1907 4782 2000 4834 pa-

417 4865 610 4946 tiuntur
651 4889 855 4954 propter
887 4872 1178 4947 justitiam,
1215 4865 1454 4938 quoniant
1484 4878 1667 4915 merces
1711 4870 1870 4913 vestra
1916 4876 2000 4912 co-

415 4985 559 5056 piosa
597 4951 668 5035 est
709 4951 762 5030 in
787 4969 926 5026 caelis
957 4963 1119 5040 (Ibid.
1153 4978 1201 5014 υ.
1229 4956 1339 5029 10).
1369 4955 1530 5010 Vides
1573 4953 1767 5020 ultique
1814 4951 1996 5013 cn-los,

415 5043 676 5145 it'usqttam
705 5078 933 5126 terram,
968 5069 1142 5126 neque
1183 5067 1301 5121 qua:
1342 5045 1544 5103 suntin
1591 5053 1747 5097 terra.
1786 5043 1850 5096 Et
1879 5058 1998 5095 rur-

410 5183 505 5225 sus
583 5159 773 5216 Nostra
801 5148 1113 5217 conversatio
1159 5152 1232 5199 est
1261 5142 1315 5195 in
1343 5138 1503 5203 cazlis,
1536 5137 1669 5190 unde
1700 5135 1848 5188 etiam
1881 5133 1998 5187 Sul-

412 5268 641 5326 vatoretn
686 5255 1053 5317 exspectamus
1079 5237 1358 5292 Dominum
1405 5229 1582 5283 Iesum
1627 5227 1895 5297 (Philipp.
1945 5227 1998 5280 5.

413 5321 507 5404 ‘20.
544 5343 634 5415 19)
695 5340 762 5394 Et
787 5347 993 5395 rursus,
1026 5331 1142 5387 Non
1175 5338 1390 5382 terrena
1433 5320 1724 5412 sapientes,
1756 5317 1850 5372 sed
1882 5333 2001 5386 qua:

415 5449 544 5496 sunt
571 5403 629 5492 in
649 5429 816 5488 crclis.
850 5425 918 5479 In
946 5423 1145 5477 Christo
1169 5418 1317 5473 Jestt.
1347 5413 1460 5469 lloc
1485 5403 1586 5477 est,
1614 5425 1707 5479 per
1731 5408 1998 5463 Christum

423 5532 628 5592 Jesum,
659 5538 764 5579 non
795 5533 887 5590 per
916 5514 1134 5584 Moysen
1161 5519 1276 5564 erat
1317 5509 1431 5562 lucc
1469 5501 1789 5560 benedictio.
1828 5502 2003 5566 Quare

421 5639 527 5680 non
557 5617 730 5674 solum
759 5589 1037 5684 qualitate,
1081 5602 1175 5656 sed
1205 5599 1365 5654 etiam
1393 5598 1747 5652 intercessore
1778 5589 1999 5653 excelli-

422 5729 564 5774 mus.
598 5710 749 5767 Sicut
773 5680 934 5762 etiam
962 5697 1094 5754 dicit
1119 5695 1170 5750 in
1199 5689 1436 5762 Epistola
1476 5688 1541 5744 ad
1573 5687 1824 5742 “oblat-os
1874 5702 1886 5736 ;
1937 5680 1999 5734 Et

2037 380 2240 452 Moyses
2263 379 2465 450 quidem
2492 376 2658 446 ﬁdelis
2682 377 2735 430 in
2767 385 2870 428 tota
2915 373 3066 427 domo
3087 389 3197 438 sua,
3226 371 3355 427 sicut
3387 373 3621 428 minister

2031 475 2082 528 in
2108 473 2448 527 testimonium
2475 487 2647 525 eorum
2675 485 2787 539 qua:
2811 479 2955 522 erant
2984 467 3197 521 dicenda
3221 483 3239 520 :
3267 467 3496 521 Christus
3524 483 3616 518 att-

2034 575 2130 621 tent
2159 575 2416 634 tamquam
2445 564 2583 630 ﬁlius
2623 578 2776 632 super
2803 562 3006 614 domum
3035 576 3197 622 suam,
3246 561 3393 630 cujus
3437 559 3618 612 donms

2035 673 2208 710 sumus
2236 672 2326 710 nos
2347 653 2533 725 (Hebr.
2565 655 2618 708 5.
2730 651 2809 724 6).
2844 653 2898 706 4.
2932 649 3077 706 Sicut
3114 651 3261 720 elegit
3292 666 3383 704 nos
3413 651 3464 702 in
3509 651 3619 719 ipso

2037 757 2152 801 ante
2192 748 2366 800 mundi
2405 744 2842 807 constitutionent,
2876 753 2932 796 ut
2985 759 3202 796 essemus
3229 743 3392 795 sancti
3434 752 3480 796 et
3525 743 3620 794 int-

1996 855 2010 870 ·
2039 839 2280 893 maculati
2299 839 2350 892 in
2381 828 2651 908 conspectu
2676 837 2806 907 ejus.
2837 827 2949 889 lloc
2969 842 3050 888 εει
3077 826 3256 888 autem
3283 832 3424 903 qdod
3451 817 3581 886 dicit
3605 850 3618 884 :

2041 933 2142 988 Per
2167 947 2326 1002 quem
2356 945 2453 985 nos
2480 927 2786 991 benedixit,
2820 941 2917 998 per
2946 943 3066 980 eum
3106 928 3266 979 etiam
3296 926 3475 995 elegit.
3509 922 3624 992 Ipse

2039 1040 2168 1095 ergo
2191 1021 2345 1077 nobis
2379 1021 2486 1076 illic
2512 1020 2689 1075 omnia
2715 1019 2936 1075 donabit
2969 1037 2981 1071 :
3014 1019 3126 1088 ipse
3149 1026 3232 1072 est
3250 1017 3442 1080 Judes,
3467 1026 3521 1070 et
3542 1016 3626 1068 di-

2041 1124 2127 1170 cet
2151 1133 2161 1167 :
2183 1113 2370 1178 Venite,
2390 1112 2637 1166 benedicti
2649 1109 2822 1163 Patris
2836 1110 2952 1174 mei,
2974 1109 3222 1176 possidete
3238 1118 3471 1178 paratum
3489 1106 3628 1160 vobis

2039 1223 2249 1277 regnum
2271 1222 2302 1259 a
2331 1204 2686 1258 constitutione
2728 1201 2905 1254 mundi
2946 1199 3158 1272 (Matth.
3192 1201 3243 1254 1.
3275 1199 3366 1253 9.5.
3397 1197 3540 1268 54):
3572 1207 3629 1252 et

2044 1312 2248 1363 rursus,
2300 1295 2398 1351 Ubi
2427 1309 2537 1349 sum
2566 1303 2690 1364 ego,
2733 1293 2844 1347 colo
2876 1301 2926 1344 ut
2967 1292 3020 1345 hi
3061 1307 3256 1362 quoque
3297 1292 3396 1344 sint
3444 1289 3626 1362 (Joan.

2046 1389 2132 1444 r1.
2158 1388 2275 1460 et).

2115 1480 2170 1535 2.
2203 1480 2270 1534 Et
2296 1480 2349 1533 in
2373 1478 2621 1533 omnibus
2649 1477 2761 1532 fere
2786 1475 3027 1546 epistolis
3073 1475 3256 1530 studet
3305 1474 3407 1528 hoc
3450 1475 3634 1527 esten“-

2045 1565 2209 1638 dere,
2238 1571 2380 1642 quod
2415 1581 2596 1625 neStra
2625 1578 2730 1624 nou
2762 1570 2870 1622 Sint
2899 1568 3134 1623 recentia
3156 1608 3171 1633 ,
3215 1565 3309 1620 sed
3348 1566 3458 1636 jam
3503 1565 3632 1618 oliui

2047 1667 2324 1723 elTormata
2355 1665 2463 1719 sint
2487 1668 2851 1732 cteXpressa;
2895 1663 3066 1730 neque
3087 1675 3152 1713 ex
3177 1676 3241 1713 eo
3281 1658 3423 1728 quod
3465 1658 3634 1712 Deum

2053 1747 2388 1829 paenituerit,
2419 1754 2515 1811 sed
2535 1769 2622 1810 res
2670 1754 2740 1808 ita
2781 1753 2978 1808 fuerint
3023 1751 3345 1819 dispensata:
3390 1759 3444 1802 et
3496 1764 3632 1816 pne-

2051 1851 2352 1906 destiuatae.
2384 1847 2495 1904 lloc
2521 1855 2701 1901 autem
2729 1853 2812 1899 est
2857 1845 3039 1916 inulta.-
3085 1841 3454 1912 pret-idemne.
3496 1831 3639 1907 Quid

2053 1949 2136 1996 est
2160 1983 2175 2005 ,
2205 1935 2370 2011 Elegit
2401 1939 2454 1992 in
2485 1938 2595 2008 ipso
2617 1938 2643 1990 ?
2676 1936 2778 1990 l'cr
2805 1934 2962 1990 iidem
2989 1923 3039 1986 iii
3071 1933 3241 2002 ipsum
3270 1923 3513 1984 Christus
3538 1924 3644 1984 hoc

2053 2033 2310 2104 przeclare
2334 2028 2830 2101 gessitpriusquam
2875 2017 2998 2078 lacti
3038 2037 3315 2088 essemus,
3363 2022 3470 2075 imo
3515 2023 3645 2076 vero

2057 2124 2362 2196 priusquam
2407 2120 2728 2175 constitutus
2768 2126 2912 2170 esset
2949 2113 3200 2169 mundus.
3253 2112 3418 2166 llecte
3463 2120 3645 2164 autent

2056 2216 2489 2273 constitutionem
2530 2210 2815 2281 appellavit
2861 2216 3127 2268 καταϐςὶήν
3162 2247 3178 2272 ,
3227 2205 3278 2260 id
3321 2213 3442 2266 est,
3499 2203 3648 2269 deje-

2059 2308 2313 2370 ctionem,
2337 2315 2603 2374 tamquam
2626 2319 2653 2354 a
2683 2316 2868 2371 magna
2890 2300 3064 2369 aliqua
3084 2297 3361 2352 altitudine
3379 2294 3648 2363 dejectuni

2063 2401 2233 2468 ipsum
2258 2395 2565 2452 ostendens.
2595 2394 2780 2464 Magna
2809 2392 2951 2446 cnim
2983 2400 3060 2444 est
3089 2409 3103 2455 ',
3135 2399 3190 2441 et
3227 2404 3344 2456 qua:
3387 2387 3491 2440 dici
3541 2404 3647 2438 non

2065 2499 2259 2562 potest,
2285 2489 2376 2544 Dei
2405 2486 2667 2551 altitudo,
2716 2498 2822 2539 non
2870 2484 2986 2537 loco
3012 2523 3026 2548 ,
3069 2481 3163 2536 sed
3210 2479 3351 2550 (ιιιυά
3402 2478 3653 2547 superius

2065 2573 2248 2664 evecta
2277 2571 2348 2636 sit
2376 2567 2744 2664 ejus'natnra';
2793 2579 2848 2631 et
2891 2562 3141 2642 magnoin
3187 2582 3269 2626 est
3307 2558 3651 2624 interstitium

2068 2677 2205 2731 inter
2230 2661 2344 2728 rem
2373 2656 2607 2727 creatam
2639 2655 2693 2724 et
2718 2657 3040 2723 creatorem.
3091 2653 3427 2731 lirubcscant
3477 2649 3654 2715 barre-

2071 2767 2158 2821 tici
2190 2765 2266 2835 (a)
2301 2767 2414 2817 lucc
2439 2760 2742 2816 audientes.
2765 2740 2904 2835 Quid
2943 2767 3124 2812 autem
3175 2745 3376 2822 elegit?
3419 2729 3486 2805 iit
3523 2766 3656 2804 esse-

2071 2876 2181 2914 mus
2205 2856 2368 2912 sancti
2395 2851 2774 2909 ett‘mn'taculati
2811 2828 2863 2903 in
2897 2844 3168 2925 Conspectu
3216 2849 3351 2916 ejus.
3405 2844 3482 2899 Ne
3528 2839 3658 2915 ergo

2072 2951 2293 3006 audiens
2321 2947 2460 3018 quod
2487 2945 2741 3017 elegerit,
2785 2933 2940 2997 [idem
2972 2929 3139 2996 solam
3171 2925 3417 2994 suilicerc
3465 2930 3617 3008 putes
3641 2977 3656 3002 ,

2075 3047 2234 3099 vitam
2281 3043 2440 3099 etiam
2498 3041 2646 3096 addit
2680 3057 2694 3094 :
2725 3038 3016 3108 Propterea
3042 3077 3057 3104 ,
3109 3018 3312 3106 inquit,
3353 3026 3453 3111 nos
3501 3013 3661 3104 elegit.

2076 3140 2235 3194 etiam
2262 3136 2328 3191 ad
2357 3135 2458 3190 hoc
2477 3173 2492 3200 ,
2526 3142 2583 3188 ut
2610 3145 2852 3188 csseums
2879 3129 3048 3184 sancti
3079 3139 3134 3184 et
3163 3127 3508 3181 immaculati.
3537 3126 3659 3180 Ele-

2079 3233 2152 3303 git
2195 3231 2358 3286 etiam
2403 3225 2694 3296 aliquando
2743 3222 2977 3277 .ludaeos.
3025 3219 3353 3288 Quomodo?
3402 3217 3658 3279 Gemem,

2081 3324 2284 3394 inquit,
2334 3321 2469 3374 hanc
2515 3318 2673 3388 elegit
2719 3333 2781 3371 ex
2823 3314 3070 3385 gentibus
3100 3316 3116 3382 (
3145 3311 3295 3366 Deut.
3324 3313 3377 3366 7.
3418 3310 3470 3364 6.
3499 3323 3544 3362 et
3583 3311 3660 3364 14.

2079 3417 2116 3470 ‘2.
2136 3419 2178 3486 ).
2207 3414 2260 3470 Si
2290 3421 2468 3468 autem
2507 3410 2754 3464 homines
2781 3408 3040 3477 eligentes
3069 3423 3187 3474 qua:
3219 3413 3336 3457 -unt
3373 3403 3572 3472 optima
3615 3411 3666 3456 et

2086 3505 2440 3580 pulcherrima
2463 3503 2704 3572 eligunt,
2735 3501 2899 3554 multo
2931 3499 3098 3567 magis
3129 3497 3288 3550 Deus.

2157 3591 2334 3654 Sancti
2357 3596 2563 3667 quinam
2585 3608 2695 3646 rere
2715 3592 2834 3644 sint.
2859 3618 2930 3629 —
2954 3589 3166 3642 Eiectos
3188 3599 3398 3654 quoque
3423 3598 3564 3648 esse,
3588 3592 3667 3636 est

2089 3701 2144 3746 ct
2169 3691 2260 3745 llei
2287 3679 2628 3757 benignitatis
2656 3695 2719 3737 ac
2742 3679 3041 3735 clementia:
3086 3686 3139 3731 ct
3179 3676 3415 3744 ipsorum
3458 3671 3666 3726 virtutis

2090 3782 2340 3838 indicium
2373 3796 2387 3831 :
2426 3775 2645 3834 omnino
2692 3773 2832 3828 enim
2890 3768 3138 3840 probatos
3198 3765 3393 3835 elegit,
3453 3763 3667 3834 ipseque

2094 3891 2192 3932 nos
2223 3874 2345 3928 fecit
2376 3867 2621 3932 sanctos;
2654 3864 2746 3921 sed
2767 3859 2980 3932 eportet
3019 3873 3232 3913 manere
3272 3864 3504 3910 sanctos.
3533 3854 3667 3908 San-

2091 3980 2209 4025 ctus
2238 3975 2321 4021 est
2349 3963 2438 4034 qui
2467 3969 2549 4016 est
2569 3959 2838 4029 particeps
2866 3954 3007 4018 lidei,
3038 3951 3128 4022 qui
3156 3958 3241 4006 est
3269 3946 3664 4007 immaculatus,

2091 4061 2182 4131 qui
2211 4047 2374 4112 vitam
2405 4053 2562 4108 habet
2586 4052 2638 4104 in
2667 4043 2824 4120 quam
2847 4038 2992 4100 nulla
3010 4040 3155 4098 cadit
3179 4039 3548 4111 reprehensio.
3568 4035 3671 4090 Sed

2095 4129 2200 4207 non
2232 4160 2434 4204 tantum
2468 4142 2659 4215 qnzerit
2701 4132 3075 4200 sanctitatem,
3129 4143 3181 4188 et
3227 4142 3282 4186 nt
3331 4131 3460 4184 nulli
3508 4129 3672 4184 simus

2096 4245 2285 4298 attines
2314 4232 2744 4306 reprehensioni,
2778 4230 2871 4286 sed
2906 4219 2963 4282 ut
2989 4241 3168 4281 rorant
3198 4224 3313 4293 ipso
3341 4223 3475 4275 tales
3515 4235 3675 4289 appa-

2097 4348 2328 4388 reamus.
2359 4329 2495 4384 Sunt
2519 4324 2663 4380 enim
2690 4320 2858 4376 sancti
2886 4329 2938 4374 et
2965 4313 3286 4370 iunuacnlati
3309 4353 3322 4375 ,
3352 4311 3446 4366 sed
3477 4311 3563 4381 qui
3602 4308 3674 4361 sic

2098 4425 2470 4482 existimantur
2497 4418 2564 4472 ab
2586 4411 2928 4476 hominibus,
2974 4410 3060 4478 qui
3093 4417 3217 4461 sunt
3253 4404 3458 4460 similes
3498 4400 3673 4471 sepul-

2099 4519 2208 4574 eris
2234 4512 2528 4574 dealbatis,
2571 4509 2717 4562 velut
2744 4505 2834 4575 qui
2880 4502 3049 4572 pelles
3086 4499 3282 4552 habent
3324 4496 3525 4549 ovium.
3571 4489 3672 4546 Sed

2103 4629 2207 4666 non
2251 4604 2444 4677 qumrit
2494 4597 2664 4664 tales,
2725 4612 2910 4652 verum
2960 4593 3148 4662 quales
3190 4590 3319 4642 dicit
3383 4586 3672 4656 propheta;

2104 4702 2170 4757 Et
2201 4697 2477 4756 secundum
2507 4694 2777 4765 puritatem
2803 4703 3043 4742 ntanuunt
3081 4699 3307 4738 mearum
3355 4678 3539 4752 (Psal.
3589 4676 3670 4729 l7.

2101 4793 2230 4864 25).
2285 4784 2623 4857 Quamnam?
2667 4780 2872 4849 Qtnerit
2921 4776 3258 4832 sanctitatem
3318 4788 3438 4841 qua:
3490 4779 3570 4824 est
3625 4764 3673 4817 in

2105 4888 2394 4952 Conspectu
2425 4875 2701 4930 oculorum
2733 4872 2884 4939 ejus,
2932 4882 3090 4937 quam
3143 4865 3234 4918 Dei
3287 4862 3434 4916 videt
3473 4858 3673 4915 oculus.

2109 4977 2308 5029 llorum
2347 4971 2598 5041 prteclara
2625 4974 2772 5036 gesta
2800 4963 2974 5023 dixit,
3014 4969 3067 5013 et
3111 4971 3296 5010 rursus
3345 4953 3412 5006 ad
3461 4949 3674 5022 gratiam

2106 5067 2347 5125 ascendit
2373 5073 2427 5119 et
2455 5064 2531 5116 ait
2558 5079 2570 5113 :
2605 5059 2669 5113 ln
2700 5057 2910 5111 caritate
2931 5095 2946 5119 ,
2973 5053 3027 5108 5.
3056 5052 3144 5120 qui
3161 5047 3539 5118 pra’destinarit
3569 5054 3674 5092 nos.

2107 5164 2221 5218 Non
2254 5161 2394 5214 enim
2421 5157 2529 5210 lita
2554 5152 2829 5208 laboribus
2870 5157 2922 5200 et
2969 5147 3162 5214 gestis,
3203 5140 3296 5194 sed
3347 5154 3377 5191 a
3424 5138 3674 5192 caricae;

2110 5269 2280 5323 neque
2315 5266 2343 5303 a
2372 5249 2597 5303 caritate
2625 5243 2796 5296 solum
2819 5281 2834 5303 ,
2862 5237 2954 5293 sed
2983 5237 3144 5290 etiam
3173 5248 3200 5284 a
3250 5239 3430 5285 nostra
3473 5229 3674 5280 virtute.

2110 5344 2239 5399 Nam
2266 5341 2310 5394 si
2342 5357 2369 5394 a
2401 5337 2626 5393 eariutte
2651 5332 2786 5396 sola,
2811 5335 3086 5398 oporteret
3105 5337 3292 5378 omnes
3318 5334 3439 5374 esse
3470 5316 3674 5372 saltos:

2108 5439 2150 5493 si
2179 5446 2355 5490 autem
2389 5445 2575 5486 rursus
2605 5442 2633 5480 a
2661 5434 2840 5478 nostra
2871 5421 2984 5475 sola
3009 5418 3226 5481 virtute,
3251 5415 3675 5481 supervacaneus

2111 5529 2296 5585 luisset
2323 5524 2439 5594 ejus
2468 5519 2750 5578 adventus,
2779 5521 2834 5568 et
2859 5521 3209 5582 qumcumque
3251 5504 3385 5557 facta
3427 5506 3551 5553 sunt
3592 5505 3675 5564 per

2172 5687 2242 5744 (a)
2270 5679 2548 5730 \tanirha‘os
2569 5673 2644 5722 hic
2669 5677 2837 5720 notare
2857 5663 3067 5725 videtur.
