3932 6220
292 297 354 352 l3
1204 291 1276 354 ttt
1311 287 1529 355 urts‘r.
1571 289 1665 356 Al)
1703 286 1946 356 nouus.
1987 290 2138 360 ω.
2184 300 2226 362 1.
2269 306 2502 364 ltOMlL.
2543 307 2587 363 t.
3487 322 3553 377 tt

283 407 760 483 dispensationem.
794 410 905 467 Sed
926 409 1100 482 neque
1122 426 1152 466 a
1174 411 1286 468 sola
1314 413 1539 469 caritate
1566 453 1579 478 .
1625 428 1797 484 neque
1833 428 1863 468 a

282 517 465 561 nostra
515 506 741 570 virtute,
790 503 885 559 sed
921 519 988 559 ex
1031 503 1294 575 utrisque.
1340 502 1509 577 Elegit
1551 507 1695 560 enim
1735 523 1861 571 nos,

284 608 456 671 mqmt
488 617 502 653 :
530 599 618 669 qui
646 606 826 652 autem
853 598 1000 668 eligit
1019 641 1035 665 ,
1064 599 1165 653 scit
1187 598 1314 669 quid
1334 600 1515 669 eligat.
1545 598 1610 653 In
1629 599 1861 664 caritate,

280 692 470 760 inquit,
504 689 878 761 praedestinavit
906 707 1014 744 nos.
1051 690 1262 746 Nullum
1291 691 1434 746 enim
1463 692 1670 746 salvum
1697 693 1861 747 fecis-

277 792 360 836 Set
386 781 573 848 virtus,
607 781 707 835 nisi
736 790 880 836 esset
908 782 1126 836 caritas.
1173 780 1341 848 Nam,
1388 782 1477 838 dic
1520 784 1684 850 mihi,
1732 783 1859 853 quid

279 873 565 941 profuisset
594 872 780 939 Paulo,
811 884 863 928 et
890 873 1019 943 quid
1048 873 1352 938 effecisset,
1384 874 1484 929 nisi
1516 874 1688 945 ipsum
1732 888 1858 930 ενο-

272 976 449 1020 cesset
473 981 503 1019 e
527 965 754 1034 superis,
784 974 839 1020 et
863 964 1118 1019 dilectum
1134 964 1202 1020 ad
1226 981 1285 1021 se
1306 964 1599 1024 traxisset?
1620 967 1857 1038 alioquin

273 1065 477 1123 autem,
506 1056 651 1126 quod
673 1067 779 1112 tam
812 1056 995 1112 multis
1017 1056 1265 1127 dignatus
1302 1057 1403 1122 sit,
1442 1058 1682 1113 caritatis
1721 1058 1815 1112 fuit
1838 1098 1856 1124 ,

272 1158 381 1201 non
411 1158 609 1202 nostra:
638 1148 872 1201 virtutis.
906 1147 1036 1202 Nam
1065 1146 1229 1203 fuisse
1244 1148 1413 1204 bonos
1433 1160 1487 1203 et
1508 1149 1701 1203 virtute
1722 1165 1859 1218 prte-

271 1241 414 1297 ‘ditos
457 1251 512 1297 et
550 1241 853 1297 credidisse
895 1246 953 1296 et
995 1241 1329 1307 accessisse,
1382 1241 1481 1296 fuit
1509 1240 1611 1297 hoc
1635 1240 1855 1313 quidem

271 1332 392 1401 ejus
419 1333 510 1401 qui
543 1333 785 1397 vocavit,
817 1332 909 1387 sed
933 1342 1176 1387 nostrum
1201 1345 1413 1405 quoque
1445 1350 1460 1388 :
1491 1334 1634 1404 quod
1672 1344 1852 1389 autem

267 1440 396 1479 cum
423 1425 836 1481 acccsslssemtts
858 1435 964 1480 tam
982 1427 1164 1481 multis
1183 1426 1432 1498 dignatus
1450 1428 1519 1482 sit
1537 1427 1853 1491 honoribus,

267 1517 330 1568 ut
372 1515 655 1571 confestim
689 1531 754 1570 ex
803 1517 1078 1573 inimicitia
1107 1516 1331 1573 duceret
1363 1517 1431 1573 ad
1476 1518 1705 1573 ﬁliorum
1752 1518 1851 1573 ad-

266 1607 541 1675 optionem
561 1648 576 1673 ,
605 1617 688 1663 est
737 1620 797 1664 re
822 1624 945 1665 vera
972 1610 1344 1680 essuperantis
1367 1611 1624 1666 caritatis.
1660 1612 1763 1679 Qui
1800 1613 1853 1665 in

264 1700 499 1766 caritate,
531 1701 721 1770 inquit,
755 1701 1130 1771 prtedestinavit
1161 1716 1254 1755 nos
1279 1702 1334 1755 in
1361 1702 1690 1774 adoptionem
1711 1704 1851 1772 ﬁlio-

261 1798 379 1843 rum
426 1807 518 1860 per
557 1790 734 1845 Iesum
781 1791 1039 1847 Christum
1081 1794 1135 1847 in
1176 1793 1362 1863 ipsum.
1399 1793 1557 1849 Vides
1581 1794 1852 1864 quomodo

264 1882 399 1936 nihil
429 1884 548 1937 sine
576 1882 828 1937 Christo?
856 1885 1126 1954 quomodo
1169 1884 1301 1939 nilul
1345 1884 1462 1941 sine
1510 1886 1710 1941 Patre?
1756 1886 1851 1942 llle

258 1973 701 2042 przedestinarit,
735 1976 823 2029 hic
846 1976 1086 2031 adduxit.
1121 1977 1186 2031 Et
1231 1976 1347 2032 haec
1390 1978 1539 2047 ponit
1587 1979 1852 2033 extollens

255 2082 387 2136 qua:
416 2065 555 2119 facta
585 2077 739 2134 sunt,
771 2067 905 2121 sicut
933 2067 1095 2121 etiam
1139 2069 1269 2123 dicit
1312 2068 1440 2123 alibi
1472 2086 1485 2122 :
1521 2060 1641 2123 Non
1687 2071 1849 2124 solum

256 2167 456 2219 autem,
489 2156 580 2211 sed
601 2158 748 2211 etiam
775 2157 1056 2227 gloriamur
1084 2176 1174 2228 per
1201 2158 1478 2215 Dominum
1503 2171 1729 2216 nostrum
1753 2162 1847 2218 Je-

253 2260 378 2304 sum
407 2247 664 2303 Christum
704 2247 898 2318 (Rom.
947 2251 1002 2306 5.
1051 2251 1178 2323 11).
1223 2251 1355 2307 Nam
1403 2269 1592 2324 magna
1632 2255 1844 2326 quidem

253 2351 385 2396 sunt
412 2356 531 2412 qua:
560 2340 863 2412 data,sunt,
895 2343 1062 2397 multo
1088 2354 1264 2399 autem
1297 2344 1431 2399 ﬁunt
1454 2346 1676 2416 majora,
1704 2349 1844 2419 quod

253 2432 384 2486 data
414 2433 520 2486 sint
548 2448 647 2503 per
671 2432 979 2499 Christum;
1014 2435 1152 2504 quod
1181 2453 1283 2491 non
1310 2439 1613 2508 quempiam
1642 2454 1705 2495 ex
1732 2454 1846 2495 ser-

252 2524 339 2579 vis
367 2523 570 2578 miserit
597 2524 662 2579 ad
694 2540 904 2591 servos,
932 2526 1027 2581 sed
1055 2527 1227 2596 ipsum
1258 2526 1618 2598 Unigenitum.
1650 2530 1845 2585 Secun-

248 2616 382 2669 t‘lum
428 2618 761 2686 prOpositam,
813 2618 1005 2686 inquit,
1036 2619 1311 2673 voluntatis
1338 2636 1469 2683 sum;
1494 2622 1548 2677 id
1580 2632 1682 2690 est,
1714 2639 1842 2693 pro-

252 2716 444 2776 pterea
471 2708 611 2777 quod
642 2709 796 2763 valde
828 2710 972 2765 velit.
1016 2710 1129 2767 Hoc
1152 2719 1254 2775 est,
1287 2722 1345 2766 ut
1373 2714 1444 2768 ita
1480 2716 1650 2770 dicam
1677 2754 1693 2781 ,
1724 2716 1842 2787 ejus

250 2797 604 2854 desiderium.
637 2794 845 2869 Ubique
895 2801 1037 2855 enim
1083 2806 1272 2856 ὠδοκία
1302 2802 1445 2875 (hoc
1489 2807 1633 2861 enim
1685 2823 1844 2863 voea-

251 2889 441 2945 bulum
475 2889 562 2945 hic
600 2901 825 2961 usurpat
854 2892 1091 2965 Paulus)
1121 2903 1202 2949 est
1232 2896 1478 2951 voluntas
1512 2900 1761 2970 princeps
1788 2910 1843 2955 et

250 2980 375 3052 qua:
402 2984 656 3052 prtucedit
678 3002 690 3037 :
711 2995 793 3040 est
819 2987 960 3041 enim
988 2988 1145 3041 etiam
1172 2987 1273 3041 alia
1303 2989 1550 3045 voluntas
1582 3007 1595 3045 :
1629 3001 1837 3062 ntputa.

250 3078 503 3131 Voluntas
529 3077 695 3147 prima
741 3089 844 3146 est,
875 3089 936 3133 ut
963 3094 1070 3133 non
1103 3089 1322 3150 pereant
1364 3082 1456 3153 qui
1502 3097 1790 3153 peccaruut
1821 3102 1834 3141 :

250 3169 503 3224 voluntas
542 3170 774 3225 secunda
800 3180 906 3237 est,
940 3181 997 3226 ut
1020 3172 1108 3242 qui
1138 3171 1259 3228 facti
1287 3184 1412 3228 sunt
1439 3176 1562 3230 mali
1590 3186 1832 3247 pereant.

246 3249 369 3316 Non
414 3263 557 3317 enim
611 3279 703 3320 eos
746 3266 969 3335 castigat
995 3266 1286 3321 necessitas
1308 3310 1323 3334 ,
1353 3266 1448 3322 sed
1481 3270 1747 3326 voluntas.
1781 3271 1833 3326 Id

249 3353 415 3406 etiam
448 3353 627 3409 videre
678 3354 804 3410 licet
856 3355 906 3409 in
935 3355 1118 3422 Paulo,
1149 3366 1207 3411 ut
1247 3359 1460 3427 quando
1504 3360 1651 3428 dicit,
1707 3360 1836 3416 Volo

247 3458 428 3495 omnes
470 3444 696 3498 homines
742 3461 853 3499 esse
891 3446 1027 3499 sicut
1050 3447 1296 3517 meipsum
1320 3464 1343 3513 ;
1364 3457 1418 3503 et
1447 3465 1634 3505 rursus
1658 3492 1672 3515 ,
1711 3450 1836 3505 Volo

242 3535 478 3604 iuniores
514 3536 716 3598 nubere,
772 3534 906 3606 ﬁlios
957 3539 1266 3609 procreare(
1300 3540 1351 3594 l.
1401 3537 1520 3595 Cor.
1561 3536 1616 3595 7.
1666 3541 1729 3598 7;
1782 3542 1832 3596 l.

246 3622 391 3679 Tim.
426 3626 480 3681 5.
511 3626 634 3696 lt).
660 3630 888 3681 Εὺόοκιαν
914 3643 1041 3699 ergo
1066 3631 1292 3698 primam
1317 3630 1447 3685 dicit
1472 3632 1833 3701 voluntatem,

247 3717 405 3769 illam
435 3731 553 3784 qua:
580 3724 663 3770 est
705 3716 991 3773 vehemens
1017 3727 1071 3773 et
1090 3720 1360 3776 desiderio
1393 3721 1579 3791 juncta
1611 3738 1835 3793 persua-

247 3809 467 3861 sionem
502 3825 515 3858 :
549 3821 656 3861 non
709 3806 850 3860 enim
898 3810 1153 3865 recusabo
1191 3810 1425 3867 dictione
1472 3812 1557 3867 uti
1596 3828 1836 3870 commu-

246 3897 426 3961 niore,
462 3905 520 3951 ut
546 3897 964 3967 simplicioribus
993 3914 1081 3955 res
1106 3901 1175 3956 sit
1199 3902 1486 3957 dilueidior
1512 3920 1528 3958 :
1556 3905 1635 3960 sic
1655 3907 1796 3960 enim
1817 3948 1830 3971 ,

243 4003 353 4044 nos
377 3989 621 4052 dicimus,
655 3998 781 4045 κατὰ
805 4001 859 4045 τὸ
885 4006 1058 4056 «erepat
1088 3995 1244 4061 ἡμῶν,
1276 3995 1328 4048 id
1374 4005 1456 4050 est
1480 4038 1494 4061 ,
1538 4000 1829 4054 secundum

245 4080 655 4148 persuasionem
699 4090 959 4136 nostram.
1007 4082 1120 4137 Hoc
1161 4099 1292 4154 ergo
1343 4085 1442 4139 sibi
1492 4088 1603 4142 vult
1633 4106 1646 4142 :
1679 4089 1833 4146 valde

246 4172 416 4242 Cupit,
446 4173 599 4228 valde
626 4173 896 4228 desiderat
921 4184 1155 4230 nostram
1181 4177 1430 4230 salutem.

321 4262 500 4318 Gratia
518 4276 644 4319 esta
667 4265 1115 4321 bonitate.—~Cur
1153 4268 1229 4323 sic
1257 4284 1356 4324 nos
1397 4272 1582 4325 autat?
1622 4287 1717 4326 cur
1757 4275 1834 4329 sit:

245 4371 350 4411 nos
371 4357 580 4427 diligit?
607 4359 649 4412 Α
680 4359 792 4412 sola
826 4358 1063 4414 bonitate
1090 4376 1105 4412 :
1131 4361 1301 4429 gratia
1327 4361 1470 4415 enim
1495 4371 1580 4416 est
1602 4379 1635 4417 a
1677 4366 1831 4419 lmni-

245 4455 380 4501 tate.
408 4447 693 4516 Pmpterea
721 4448 852 4502 dicit
874 4490 890 4515 ,
938 4447 1327 4504 Prwdestinauit
1367 4468 1459 4505 nos
1497 4453 1553 4506 in
1594 4455 1835 4523 adoptio-

245 4555 360 4592 nem
392 4540 635 4607 ﬁliorum,
670 4541 890 4606 volens,
924 4551 977 4595 et
1003 4541 1290 4596 admodum
1319 4545 1537 4609 volens,
1569 4556 1627 4600 ut
1655 4559 1835 4604 osten-

243 4628 409 4683 datur
428 4630 593 4699 gloria
619 4630 735 4698 ejus
757 4631 966 4699 gratim.
999 4631 1290 4685 Secundum
1321 4637 1635 4704 propositum
1655 4639 1835 4691 volun-

244 4723 369 4774 tatis
390 4738 514 4787 sum,
548 4722 737 4790 inquit,
768 4723 822 4777 6.
854 4724 915 4776 iu
936 4723 1138 4776 tandem
1167 4726 1344 4794 gloria:
1367 4728 1547 4796 gratia:
1590 4746 1701 4783 sine
1721 4771 1735 4793 ,
1780 4732 1832 4786 in

243 4832 344 4882 qua
388 4815 692 4885 grati/ienuit
731 4832 822 4869 nos
868 4818 922 4870 in
968 4817 1170 4871 dilecto.
1225 4818 1294 4874 Ut
1343 4821 1693 4887 ostendatur,
1749 4824 1833 4876 in-

244 4909 380 4975 quit,
410 4904 579 4975 gloria
611 4906 726 4976 ejus
753 4908 972 4977 grazize,
1007 4908 1059 4962 in
1087 4926 1188 4977 qua
1239 4925 1337 4964 nos
1380 4924 1563 4981 gratos
1610 4913 1736 4968 fecit
1781 4914 1830 4967 in

245 4998 460 5051 dilecto.

316 5091 373 5144 5.
408 5091 544 5158 Ergo
571 5089 616 5144 si
645 5089 710 5142 ad
746 5089 848 5142 hoc
876 5099 1058 5159 gratos
1089 5091 1246 5153 fecit,
1299 5092 1351 5145 in
1394 5091 1601 5147 laudem
1649 5095 1833 5164 gloria:

248 5183 432 5250 gralitl:
455 5181 568 5250 ejus
592 5222 609 5247 ,
639 5192 692 5236 et
725 5191 782 5234 ut
807 5183 1115 5237 ostenderet
1153 5183 1270 5252 ejus
1314 5185 1571 5253 gratiam;
1617 5201 1831 5239 manea-

250 5292 368 5327 mus
396 5276 446 5328 in
479 5276 611 5343 ipsa.
644 5275 727 5328 Ad
756 5269 959 5328 laud'em
991 5276 1188 5346 glorior.
1218 5277 1355 5342 Quid
1388 5277 1488 5330 sibi
1522 5278 1632 5330 vult
1660 5277 1833 5331 illud?

250 5377 305 5417 ut
330 5364 641 5434 quisipsum
678 5365 904 5420 laudet?
943 5377 994 5419 ut
1040 5367 1159 5434 quis
1210 5368 1379 5437 ipsum
1433 5367 1729 5437 gloriﬁeet?
1778 5377 1838 5422 ut

247 5472 371 5519 nos,
404 5457 610 5526 angeli,
645 5456 994 5525 archangeli?
1020 5457 1112 5511 sed
1144 5468 1197 5512 et
1225 5459 1401 5512 omnis
1440 5457 1724 5512 creatura?
1773 5458 1836 5512 Et

249 5549 378 5617 quid
412 5547 549 5603 hoc?
576 5547 723 5602 Nihil
754 5563 767 5599 :
800 5548 939 5602 Dens
980 5549 1121 5603 enim
1174 5551 1319 5604 nullo
1369 5560 1509 5619 eget.
1554 5549 1663 5603 Cur
1707 5566 1836 5619 ergo

253 5642 361 5694 vult
383 5656 413 5693 a
444 5639 600 5694 nobis
626 5637 830 5691 laudari
858 5648 912 5690 et
940 5639 1262 5707 glorilicari?
1307 5639 1371 5695 Ut
1402 5640 1453 5694 in
1481 5641 1652 5709 ipsum
1701 5643 1839 5694 cari-

253 5737 343 5781 tas
362 5732 427 5784 sit
452 5732 509 5785 in
540 5729 698 5783 nobis
724 5726 1036 5785 ferventior.
1071 5729 1147 5783 Ex
1169 5730 1365 5786 nostris
1384 5733 1522 5787 cnim
1542 5731 1670 5785 nihil
1696 5731 1835 5784 aliud

1973 417 2120 487 cupit
2141 434 2301 489 quam
2333 431 2570 478 nostram
2599 423 2826 480 salutem
2858 442 2872 478 :
2905 438 3010 482 non
3040 427 3419 497 ministerium.
3447 450 3553 489 non

1968 508 2212 577 gloriam,
2239 528 2345 568 non
2375 514 2575 584 aliquid
2602 516 2766 583 aliud,
2793 521 2847 573 et
2873 530 3090 589 propter
3120 521 3223 578 hoc
3272 524 3398 579 facit
3437 542 3556 581 om-

1971 600 2078 656 nia.
2109 601 2240 657 Nam
2270 605 2359 674 qui
2402 606 2583 662 laudat
2633 618 2688 664 et
2737 610 3033 667 admiratur
3076 628 3194 669 eam
3239 632 3359 686 qua:
3399 618 3452 672 in
3486 630 3546 671 se

1971 689 2106 747 facta
2136 702 2217 748 est
2252 696 2498 764 gratiam,
2529 701 2786 755 attentior
2810 686 2913 756 erit
2951 713 3005 758 et
3050 703 3379 775 diligentior.
3432 710 3548 776 Qua

1965 784 2269 853 gratiﬁeavit
2298 802 2412 851 nos,
2443 788 2633 858 inquit.
2666 789 2780 846 Non
2808 793 2961 859 dixit,
2985 800 3040 857 ἧς
3061 800 3335 870 (raptamve,
3366 799 3415 853 id
3445 810 3547 867 est,

1965 889 2124 943 quam
2152 877 2318 946 gratis
2346 877 2598 944 donavit,
2627 881 2721 936 sed
2759 889 3071 954 ἕχᾱρίταοιν,
3103 886 3156 941 id
3200 896 3313 955 est,
3363 898 3550 960 gratos

1966 962 2091 1019 fecit
2124 982 2137 1018 :
2172 965 2275 1022 hoc
2303 977 2407 1034 est,
2438 984 2542 1024 oon
2568 972 2740 1026 solum
2771 973 3023 1029 liberavit
3047 992 3077 1031 a
3127 981 3358 1048 peccatis
3382 1022 3399 1046 ,
3448 983 3544 1037 sed

1964 1055 2125 1111 etiam
2157 1053 2281 1114 fecit
2317 1061 2595 1118 amabiles.
2634 1063 3094 1131 Quemadmodum
3146 1073 3290 1127 enim
3338 1074 3384 1129 si
3426 1077 3545 1144 quis

1962 1148 2265 1205 scabiosum
2290 1161 2346 1207 et
2371 1158 2521 1223 peste
2543 1170 2606 1211 ac
2636 1157 2825 1211 morbo
2864 1160 3124 1232 senioque
3153 1174 3208 1216 et
3233 1175 3545 1234 paupertate

1961 1255 2024 1295 ac
2052 1239 2193 1296 fame
2217 1240 2520 1300 conlectum
2544 1258 2597 1302 et
2627 1249 2913 1318 perditum,
2940 1253 3119 1306 statim
3145 1252 3440 1311 formosum
3468 1257 3545 1312 fe-

1958 1331 2096 1387 cerit
2120 1333 2395 1403 juvenem,
2422 1352 2612 1394 omnes
2640 1339 2886 1397 homines
2906 1344 3302 1413 pulchritudine
3324 1348 3545 1406 vincen-

1961 1433 2088 1490 tem,
2120 1439 2151 1478 e
2178 1426 2329 1495 genis
2348 1428 2566 1498 quidem
2589 1432 2927 1499 splendorem
2977 1436 3131 1491 valde
3167 1439 3497 1494 emittentem
3517 1480 3534 1506 ,

1958 1524 2011 1567 et
2037 1515 2345 1572 micantium
2371 1520 2645 1576 oculorum
2669 1523 3110 1593 ejaculatiouihus
3136 1529 3267 1585 solis
3303 1530 3540 1601 fulgores

1957 1608 2352 1676 occultantem;
2380 1610 2576 1669 deinde
2613 1629 2737 1669 eum
2780 1619 3119 1675 constituerit
3157 1622 3209 1675 in
3250 1622 3367 1692 ipso
3405 1624 3539 1681 ﬂore

1955 1699 2149 1766 aetatis,
2181 1709 2236 1756 et
2266 1712 2448 1772 postea
2478 1721 2600 1760 eum
2630 1722 2866 1777 purpura
2911 1710 3143 1766 induerit
3181 1722 3237 1768 et
3283 1714 3535 1772 diadema

1957 1787 2291 1859 imposuerit,
2321 1802 2376 1847 et
2404 1796 2550 1849 omni
2580 1797 2729 1867 regio
2770 1809 2961 1854 ornatu
2990 1798 3260 1857 decorarit
3289 1821 3302 1857 :
3335 1804 3406 1859 ita
3436 1820 3534 1862 no-

1954 1888 2120 1934 stram
2153 1882 2400 1938 instruxit
2427 1894 2481 1940 et
2508 1887 2719 1941 ornavit
2745 1890 2997 1954 animam,
3033 1892 3415 1964 pulchramque
3453 1895 3536 1953 fc-

1954 1973 2051 2038 cit,’
2078 1972 2489 2032 desiderabilem
2519 1987 2574 2032 et
2601 1979 2905 2035 amabilem.
2938 1982 3174 2052 Cupiunt
3199 1984 3341 2038 enim
3363 1988 3534 2057 angeli

1956 2065 2115 2120 talem
2139 2067 2381 2136 aSpicerc
2400 2069 2656 2135 animam,
2685 2070 2995 2142 archangeli
3021 2089 3234 2145 quoque
3254 2085 3311 2130 et
3347 2091 3536 2133 omnes

1953 2158 2070 2212 alia:
2091 2157 2352 2215 Virtutes.
2387 2151 2471 2215 lta‘
2489 2178 2586 2217 nos
2611 2165 2770 2216 etiam
2815 2164 2940 2220 fecit
2985 2167 3436 2235 gratiasissimos,
3480 2180 3537 2225 ct

1952 2247 2052 2304 sibi
2078 2249 2480 2307 desiderabiles.
2508 2251 2836 2324 Concupiscet
2861 2256 3024 2323 enim,
3056 2258 3249 2328 inquit,
3283 2260 3391 2314 Rea:
3412 2278 3532 2330 spe-

1950 2341 2078 2394 ciem
2115 2350 2255 2395 tnam
2282 2342 2301 2413 (
2326 2341 2471 2397 Psal.
2499 2345 2588 2400 44.
2642 2346 2766 2415 12).
2818 2346 2952 2403 Vide
2989 2349 3133 2403 enim
3171 2365 3333 2419 quam
3374 2353 3531 2408 noxia

1950 2440 2105 2487 antea
2134 2430 2430 2502 loquentes,
2460 2445 2656 2504 quanta
2686 2437 2837 2505 plena
2868 2439 3034 2508 gratia
3059 2454 3199 2495 nunc
3229 2442 3527 2512 loquamur.

1948 2522 2065 2578 Non
2094 2525 2321 2594 amplius
2348 2525 2675 2583 admiramur
2695 2528 2942 2593 divitias.
2991 2546 3095 2585 non
3137 2532 3368 2602 amplius
3410 2550 3529 2606 qua:

1951 2614 2035 2670 hic
2077 2625 2203 2671 sunt
2224 2659 2239 2680 ,
2285 2618 2378 2672 sed
2405 2620 2637 2674 caelestia
2664 2630 2718 2674 et
2741 2637 2860 2687 qua:
2888 2634 3013 2675 sunt
3043 2623 3093 2677 in
3133 2625 3301 2678 cazlis.
3340 2624 3530 2682 Nonne

1950 2720 2174 2777 puerum
2202 2704 2348 2762 illum
2379 2708 2607 2763 dicimus
2633 2724 2754 2765 esse
2783 2711 2972 2765 scitum
2996 2720 3048 2767 et
3075 2714 3366 2781 gratiosum
3386 2754 3404 2780 ,
3437 2716 3529 2784 qui

1946 2806 2070 2855 eum
2100 2800 2359 2870 elegantia
2391 2810 2444 2855 et
2472 2800 2668 2857 decore
2694 2805 2937 2873 corporis
2956 2845 2970 2867 ,
3006 2805 3229 2858 multam
3260 2807 3420 2861 etiam
3470 2808 3521 2862 in

1947 2892 2126 2947 verbis
2156 2892 2317 2948 habet
2336 2894 2602 2965 gratiam?
2630 2895 2787 2950 Tales
2814 2905 2938 2950 sunt
2964 2896 3170 2952 ﬁdeles.
3196 2897 3328 2953 Vide
3351 2900 3525 2970 qualia

1947 2983 2238 3055 loquuntur
2266 2986 2353 3055 qui
2382 2994 2507 3039 sunt
2537 2986 2726 3040 initiati
2754 2987 3043 3057 mysteriis.
3087 2988 3223 3055 Quid
3252 2989 3413 3045 fuerit
3438 2990 3529 3046 illo

1944 3089 2041 3132 ore
2067 3077 2387 3146 gratiosius,
2420 3077 2562 3148 quod
2600 3077 2761 3133 verba
2808 3081 3006 3135 emittit
3042 3081 3375 3137 admirabilia
3404 3122 3421 3149 ,
3472 3095 3526 3139 ct

1944 3167 2144 3222 mundo
2185 3167 2349 3223 corde
2396 3178 2449 3224 et
2502 3171 2713 3226 mundis
2771 3170 2924 3227 labiis
2968 3172 3231 3242 ejusmodi
3288 3177 3527 3245 mystica:

1943 3274 2144 3315 mensa:
2172 3270 2254 3314 est
2281 3263 2568 3331 particeps,
2590 3278 2713 3317 cum
2733 3264 2898 3317 multo
2925 3265 3210 3333 splendore
3225 3276 3279 3320 et
3297 3267 3485 3322 ﬁducia
3506 3266 3528 3322 ἲ

1943 3351 2069 3419 quid
2098 3350 2276 3406 verbis
2301 3351 2405 3405 illis
2424 3352 2727 3420 gratiosius,
2756 3368 2850 3420 per
2868 3369 2988 3422 qua:
3012 3354 3225 3409 diabolo
3250 3357 3521 3411 abrenun-

1944 3442 2175 3495 tiamus?
2228 3457 2322 3510 per
2348 3457 2469 3511 qua:
2497 3443 2548 3495 in
2576 3441 2771 3496 Christi
2822 3443 3049 3498 militum
3099 3462 3377 3500 numerum
3423 3448 3519 3502 ad-

1944 3531 2272 3585 scribimur?
2300 3530 2641 3587 confessione
2672 3532 2759 3588 illa
2786 3549 2905 3604 quae
2939 3532 2996 3587 ﬁt
3038 3545 3163 3590 ante
3211 3536 3517 3603 lavacrum,

1941 3630 1996 3678 et
2024 3623 2113 3677 illa
2137 3639 2256 3693 qua:
2283 3632 2403 3693 post
2449 3625 2766 3680 lavacrum?
2810 3625 3114 3697 Cogitemus
3158 3644 3314 3700 quam
3368 3632 3520 3686 multi

1941 3715 2203 3786 baptisma
2229 3717 2593 3786 corrupitnus,
2631 3727 2685 3772 et
2714 3733 3016 3789 gemamus,
3058 3731 3112 3774 ut
3154 3721 3205 3774 id
3253 3723 3520 3792 possimus

1942 3809 2203 3879 recipere.
2239 3807 2305 3862 In
2331 3809 2533 3874 dilecto,
2569 3809 2757 3879 inquit.
2787 3812 2837 3864 7.
2861 3812 2914 3863 in
2939 3828 3038 3881 quo
3066 3811 3303 3866 habemus
3323 3815 3523 3868 redem-

1942 3902 2161 3972 ptionem
2191 3917 2280 3971 per
2300 3902 2599 3970 sanguinem
2624 3901 2805 3970 ipsius.
2834 3901 3153 3967 Quomodo?
3191 3902 3306 3958 Non
3345 3906 3518 3959 solum

1939 4000 2022 4047 est
2050 3991 2362 4046 admirabile
2386 3992 2529 4061 quod
2562 3991 2753 4046 Filium
2784 3992 3030 4057 dederit,
3064 3994 3157 4047 sed
3187 3996 3329 4064 quod
3359 3997 3518 4050 etiam

1939 4098 2005 4136 eo
2034 4080 2191 4135 tnodo
2216 4081 2443 4143 dederit,
2471 4091 2529 4134 ut
2556 4081 2671 4149 ipse
2701 4082 2930 4135 dilectus
2957 4092 3218 4137 mactatus
3245 4087 3333 4138 sit.
3360 4085 3519 4140 Multa

1940 4186 2023 4230 est
2052 4175 2341 4247 hyperbole
2372 4194 2384 4227 :
2421 4175 2671 4229 dilectum
2697 4174 2837 4229 dedit
2869 4190 2966 4245 pro
3002 4174 3065 4228 iis
3109 4177 3196 4245 qui
3252 4175 3521 4231 habeban-

1941 4277 2026 4322 tur
2054 4268 2198 4322 odio.
2229 4266 2360 4321 Vide
2390 4267 2571 4337 quanti
2597 4283 2694 4320 nos
2722 4269 2970 4321 a‘stimet.
3003 4267 3080 4335 Si,
3112 4269 3324 4338 quando
3345 4269 3518 4338 ipsum

1940 4357 2268 4414 habebamus
2293 4358 2417 4412 odio
2448 4367 2503 4412 ct
2528 4373 2740 4412 eramus
2767 4359 2966 4413 inimici
2993 4402 3006 4423 ,
3049 4360 3198 4415 dedit
3228 4377 3382 4416 suum
3437 4363 3526 4417 di-

1943 4451 2160 4513 lectum,
2191 4448 2315 4517 quid
2352 4465 2456 4502 non
2483 4448 2738 4516 deinceps
2782 4448 2973 4515 faciet,
3001 4465 3119 4504 cum
3173 4452 3429 4505 fuerimus
3470 4455 3528 4500 et

1942 4540 2270 4595 reconciliati
2301 4552 2393 4607 per
2419 4539 2685 4609 gratiam?
2714 4540 3094 4601 Remissionem,
3124 4542 3312 4611 inquit,
3342 4557 3523 4609 pecca-

1941 4640 2125 4685 torum.
2158 4631 2205 4684 A
2231 4630 2478 4699 snperuis
2504 4629 2784 4685 descendit
2804 4630 2869 4685 ad
2902 4632 3150 4685 inferiora
3182 4651 3194 4685 :
3228 4648 3348 4685 cum
3372 4630 3518 4702 prius

1941 4724 2136 4779 dixerit
2177 4724 2405 4777 ﬁliorum
2451 4724 2795 4793 adoptionem
2845 4733 2900 4778 et
2943 4725 3422 4781 sanctiﬁcationem
3463 4736 3521 4781 et

1942 4816 2333 4881 innnaculatos,
2370 4825 2493 4869 tunc
2542 4830 2754 4885 quoque
2797 4815 2987 4869 vitium
3033 4816 3198 4880 dicit;
3255 4834 3360 4872 non
3418 4819 3520 4870 mi-

1942 4923 2132 4970 nuuns.
2163 4921 2333 4976 neque
2359 4924 2386 4958 ει
2418 4907 2621 4974 magnis
2647 4907 2711 4960 ad
2738 4922 2894 4976 parva
2913 4905 3183 4961 deducens
3199 4907 3519 4973 orationem,

1939 4999 2033 5053 sed
2079 5014 2107 5052 a
2153 5000 2329 5068 parvis
2374 4998 2668 5051 ascendens
2707 4999 2772 5051 ad
2814 5014 3021 5066 magna.
3070 4998 3208 5051 Nihil
3249 5009 3331 5051 est
3378 5002 3520 5052 enim

1940 5105 2092 5160 mque
2122 5104 2371 5158 magnum
2404 5097 2561 5156 atque
2585 5088 2673 5141 Dei
2701 5089 3011 5156 sanguiuettt
3059 5102 3155 5154 pro
3202 5086 3354 5140 nobis
3404 5104 3524 5142 esse

1941 5182 2205 5243 ellusum;
2238 5192 2290 5234 et
2321 5180 2549 5233 liliormn
2581 5180 2867 5247 adoptione
2899 5188 2951 5230 et
2981 5178 3097 5230 aliis
3125 5179 3281 5233 donis
3309 5179 3409 5233 hoc
3441 5189 3526 5233 est

1943 5274 2149 5343 majus,
2191 5272 2331 5341 quod
2361 5287 2425 5325 ne.
2446 5272 2583 5325 Filio
2606 5271 2815 5339 quidem
2852 5270 3169 5337 pepercerit.
3209 5272 3394 5342 Magna
3435 5289 3521 5327 res

1941 5375 2024 5421 est
2054 5364 2273 5418 remissa
2306 5377 2426 5416 esse
2455 5368 2699 5429 peccata,
2750 5359 2846 5413 sed
2895 5360 3064 5428 majus
3108 5373 3188 5415 est
3233 5363 3371 5430 quod
3427 5378 3520 5431 per

1942 5455 2253 5524 sanguinem
2291 5452 2644 5505 Dominieum.
2676 5451 2803 5504 Nam
2832 5453 2972 5521 quod
3003 5453 3103 5506 hoc
3129 5453 3197 5506 sit
3228 5453 3382 5522 longe
3404 5469 3521 5505 ma-

1938 5548 2025 5616 jus
2052 5548 2320 5605 omnibus,
2352 5542 2473 5594 vide
2503 5544 2768 5610 quomodo
2817 5543 2902 5597 hic
2938 5558 3148 5612 quoque
3174 5545 3513 5606 exclamavit,

1945 5641 2128 5693 dicens
2165 5657 2177 5693 :
2210 5638 2502 5691 Secundum
2530 5634 2728 5688 divitias
2764 5637 2939 5704 gratia:
2969 5637 3076 5704 ejus
3097 5677 3111 5701 ,
3144 5635 3200 5690 8.
3228 5652 3342 5705 qua:
3367 5649 3517 5703 supc—

1950 5730 2249 5782 robtunlorit
2283 5729 2333 5780 in
2363 5723 2523 5777 nobis.
2552 5727 2682 5780 Nam
2723 5726 2825 5781 illa:
2867 5741 3080 5795 quoque
3122 5735 3246 5780 Sunt
3288 5727 3521 5790 diviti-1'.
