3932 6220
470 280 537 352 li;
1272 291 1329 349 s.
1357 285 1634 349 toaa'ms
1661 289 2133 346 cunvsosront
2174 287 2486 348 AﬂClllEP.
2526 295 3061 356 CONSPANTINUP.
3660 301 3724 361 ιδ

465 416 557 472 sed
583 419 669 470 lue
696 412 868 468 multo
893 411 1082 481 magis.
1114 410 1240 477 Quae
1267 408 1720 479 superabundavit,
1753 407 1943 478 inquit,
1988 405 2042 458 in

465 510 628 564 nobis.
654 509 718 563 Et
744 506 945 563 divitia:
966 515 1113 570 sunt,
1134 512 1190 560 et
1211 503 1731 574 superabundnntes,
1761 503 1812 557 id
1841 510 1943 566 est,
1972 499 2045 555 af-

466 604 611 657 fatitn
635 601 835 655 effusae.
854 598 1040 654 Verbis
1069 596 1292 665 exprimi
1323 612 1427 651 tton
1457 604 1681 665 possunt
1708 608 1924 661 ea,qtt:c
1947 607 2044 645 nos

465 708 524 747 re
552 691 756 761 experti
797 704 1000 744 sumus.
1034 687 1240 741 Divitiae
1272 687 1413 739 euint
1440 693 1585 745 sunt,
1628 684 1825 738 divitim
1854 697 2043 751 super-

466 785 812 847 abundantes,
844 781 1043 837 divitia:
1069 796 1174 835 non
1199 779 1498 843 hominum,
1517 777 1610 832 sed
1635 777 1745 840 Dei,
1764 791 1881 846 qua:
1902 775 2046 828 nullo

465 877 624 932 modo
680 877 853 932 verbis
915 874 1138 943 esprimi
1193 872 1415 941 possint.
1471 870 1765 925 Ostendere
1816 878 2045 935 autem,

465 970 646 1023 volens
693 966 962 1037 quomodo
1016 963 1514 1034 superabundanter
1566 961 1754 1025 dedit,
1784 958 1853 1014 In
1907 958 2044 1013 omni

463 1060 712 1131 sapientia
738 1068 784 1111 et
809 1058 1098 1127 prudentia,
1128 1056 1319 1125 inquit,
1351 1055 1406 1109 9.
1434 1063 1487 1107 ut
1515 1063 1689 1107 notum
1714 1056 1898 1124 faceret
1944 1067 2041 1104 no-

460 1154 537 1206 bis
557 1163 929 1206 sacramentum
942 1150 1212 1204 voluntatis
1233 1164 1357 1203 sum.
1380 1148 1489 1202 Hoc
1506 1159 1609 1210 est,
1631 1162 1752 1201 cmn
1776 1145 2042 1212 sapientes

465 1243 678 1297 fecisset
704 1250 759 1295 et
789 1240 1082 1309 prudentes
1113 1241 1164 1293 in
1195 1254 1256 1294 ea
1279 1255 1399 1310 qme
1421 1254 1545 1293 vere
1570 1247 1653 1292 est
1679 1237 1959 1307 sapientia,
1990 1237 2040 1288 itt

461 1345 527 1387 cu
554 1347 673 1401 qua:
697 1346 824 1386 vere
846 1340 928 1385 est
959 1328 1257 1399 prudentia.

535 1422 591 1475 tl.
649 1421 850 1490 Papa}!
901 1429 1097 1488 quanta
1151 1419 1428 1473 amicitiai
1493 1418 1656 1473 Nobis
1706 1420 1848 1472 enim
1913 1416 2040 1470 dicit

463 1526 559 1565 sua
601 1512 876 1582 mysteria.
933 1510 1214 1565 Voluntatis
1257 1525 1396 1577 suat,
1448 1510 1655 1580 inquit;
1701 1525 1764 1564 ac
1812 1509 1855 1564 si
1905 1508 2042 1562 dicc-

465 1615 587 1670 ret,
632 1611 755 1658 nota
803 1603 957 1657 nobis
1007 1602 1131 1657 fecit
1167 1619 1286 1672 qua:
1325 1610 1451 1656 sunt
1494 1603 1548 1657 in
1576 1617 1674 1656 suo
1702 1602 1904 1656 corde:
1941 1600 2041 1654 hoc

462 1698 607 1751 enim
645 1705 729 1750 est
756 1696 1064 1766 mysterium
1095 1694 1233 1764 quod
1266 1694 1477 1764 plenum
1520 1705 1600 1749 est
1644 1694 1788 1748 omni
1830 1694 2042 1762 sapien-

464 1787 535 1841 tia
563 1795 617 1841 ct
645 1786 942 1856 prudentia.
976 1785 1114 1854 Quid
1142 1788 1284 1842 enim
1317 1802 1411 1856 par
1454 1786 1603 1841 dices
1651 1785 1772 1839 huic
1822 1784 2040 1853 sapien-

462 1878 592 1932 tiae?
640 1878 731 1948 qui
779 1878 975 1931 nullius
1021 1886 1177 1933 erant
1225 1878 1416 1947 pretii,
1464 1891 1557 1932 eos
1603 1876 1802 1931 invenit
1828 1885 1880 1930 ut
1913 1891 2040 1944 pro-

465 1970 683 2025 veheret
730 1969 794 2023 ad
847 1970 1085 2024 divitias.
1145 1969 1281 2037 Quid
1331 1978 1505 2040 potest
1555 1970 1869 2040 :equipamri
1918 1968 2042 2025 huic

459 2063 643 2117 solerti
667 2063 940 2117 facilitati?
964 2063 1053 2133 qui
1077 2073 1190 2117 erat
1220 2063 1482 2128 inimicus,
1512 2063 1600 2132 qui
1623 2078 1840 2126 exosus,
1873 2062 1920 2117 is
1949 2078 2040 2117 rc-

460 2164 620 2224 peute
649 2168 860 2208 sursum
888 2155 1148 2207 ascendit.
1180 2153 1291 2208 Nec
1319 2157 1420 2208 hoc
1447 2155 1654 2219 Solum,
1684 2154 1777 2209 sed
1801 2154 1958 2209 etiam
1989 2153 2039 2207 itt

461 2248 563 2299 hoc
588 2254 857 2312 tempore;
888 2245 1045 2314 idque
1068 2253 1184 2300 erat
1212 2244 1486 2314 sapientiae
1505 2287 1521 2309 ,
1549 2252 1606 2298 ct
1626 2244 1766 2314 quod
1794 2259 1887 2313 per
1916 2259 2040 2297 cru-

458 2351 598 2392 cem.
630 2337 842 2391 Prolisa
883 2338 968 2391 hic
1006 2353 1067 2392 se
1110 2337 1265 2391 offert
1302 2338 1474 2392 oratio
1512 2337 1578 2391 ad
1608 2336 2039 2400 ostendendum,

459 2429 729 2498 quomodo
758 2430 860 2484 hoc
887 2439 1003 2484 erat
1030 2430 1305 2501 sapientim
1324 2471 1339 2495 ,
1370 2440 1425 2484 et
1451 2429 1719 2498 quomodo
1769 2443 1868 2483 nos
1908 2427 2039 2483 elle—

457 2520 534 2573 cit
586 2521 871 2589 sapientes.
918 2520 1215 2575 Secundum
1242 2520 1610 2590 beneplaeitum
1640 2536 1810 2581 suum,
1840 2519 2035 2589 inquit,

457 2611 596 2681 quod
626 2612 886 2682 proposuit
915 2613 969 2666 in
1012 2612 1142 2682 ipso.
1173 2612 1285 2667 Hoc
1329 2620 1441 2678 est,
1488 2611 1589 2665 hoc
1626 2612 1892 2681 cupiebat,
1938 2611 2041 2666 hoc

457 2703 807 2771 parturiebat,
838 2710 897 2758 ut
949 2704 1020 2758 ita
1070 2713 1250 2772 posset
1301 2704 1454 2757 nobis
1502 2702 1651 2757 effari
1702 2702 2035 2773 mysterium.

453 2793 772 2860 Quodnam?
795 2795 949 2863 Quod
975 2795 1245 2850 hominem
1271 2797 1396 2851 velit
1415 2797 1553 2865 apud
1576 2811 1800 2863 superos
1823 2795 2034 2852 sedere.

453 2886 566 2942 Hoc
594 2898 771 2942 autem
813 2887 1007 2943 factum
1039 2898 1120 2943 est
1142 2931 1158 2950 ,
1190 2889 1278 2943 10.
1319 2889 1382 2942 In
1422 2890 1847 2958 dispensationem
1875 2889 2040 2960 pleni-

452 2980 641 3034 tudinis
683 2989 998 3050 temporum,
1039 2980 1324 3033 instaurare
1362 2983 1530 3034 omnia
1568 2981 1620 3033 in
1660 2981 1879 3047 Christo,
1924 2993 2039 3051 quae

448 3072 503 3125 in
541 3071 710 3136 ctelis,
744 3080 790 3124 et
817 3084 931 3142 qua:
966 3072 1018 3124 in
1047 3081 1180 3147 terra
1215 3084 1332 3125 sunt
1373 3073 1425 3124 iu
1464 3072 1594 3140 ipso.
1626 3072 1873 3127 Abscissa
1918 3071 2034 3127 l‘ue-

451 3167 609 3226 rau't,
652 3162 854 3231 inquit,
902 3162 1138 3216 ett-testia
1165 3171 1195 3216 a
1227 3164 1598 3229 terrestribus,
1633 3180 1737 3216 non
1771 3164 2037 3220 habebant

453 3268 617 3306 unum
652 3263 833 3322 caput.
868 3252 999 3306 Nam
1037 3252 1177 3322 quod
1206 3253 1395 3307 attinet
1424 3253 1639 3324 quidem
1675 3255 1740 3309 ad
1772 3257 2031 3311 rationem

447 3346 756 3408 creationis,
791 3361 927 3401 unus
955 3358 1067 3413 erat
1098 3346 1270 3413 Deus;
1302 3347 1443 3417 quod
1469 3357 1647 3402 autent
1676 3349 1739 3402 ad
1773 3350 2032 3404 rationem

445 3438 860 3503 coniunctionis,
887 3455 992 3492 non
1017 3439 1178 3493 item:
1205 3454 1325 3492 nam
1349 3454 1532 3495 errore
1551 3442 1794 3510 gentium
1815 3440 2028 3507 diliuso,

444 3528 669 3581 abseissi
697 3539 850 3582 erant
878 3530 945 3581 ab
980 3529 1096 3598 ejus
1132 3529 1456 3584 obedientia.
1486 3530 1553 3584 In
1579 3532 2025 3601 dispensationem,

448 3619 647 3686 inquit,
677 3618 1006 3687 plenitudinis
1047 3630 1347 3689 temporum.
1387 3620 1776 3676 Pleuitudinetn
1825 3633 2029 3691 tempo-

445 3723 562 3762 rum
613 3708 782 3776 ipsam
827 3709 1117 3778 appellavit
1160 3710 1637 3779 dispensationem.
1692 3713 1824 3767 Vide
1867 3729 2025 3782 quam

444 3809 695 3855 accurate
723 3802 991 3870 loquatur.
1026 3801 1236 3856 Etcum
1268 3803 1595 3858 ostendisset
1618 3804 1833 3875 quidem
1866 3820 1894 3858 a
1924 3806 2026 3858 Pa-

443 3901 525 3945 tre
555 3891 899 3961 priucipimn,
937 3893 1301 3961 propositum,
1334 3894 1649 3961 consilium,
1683 3896 1914 3965 primum
1948 3897 2027 3950 in-

440 3980 818 4046 citamentum;
849 3997 968 4037 eam
1007 3993 1184 4038 autem
1207 4025 1221 4051 ,
1262 4000 1383 4055 qua:
1409 4000 1503 4054 per
1529 4001 1693 4056 opera
1725 3986 1785 4041 lit
1806 4028 1822 4051 ,
1855 3987 2025 4041 adim-

442 4072 729 4143 pletiouem
783 4090 876 4143 per
913 4075 1236 4130 Christum:
1293 4092 1555 4146 nusquam
1606 4092 1728 4133 eum
1789 4079 2026 4135 nominat

441 4165 767 4219 ministrum.
795 4166 905 4219 Nos
925 4166 1096 4237 elegit,
1129 4168 1317 4236 inquit,
1348 4169 1401 4221 in
1421 4168 1555 4237 ipso,
1586 4185 1698 4222 cum
1718 4185 1812 4224 nos
1833 4173 2021 4239 praede-

437 4258 671 4313 ltinasset
714 4257 783 4310 ml
819 4258 1040 4322 ﬁliorum
1083 4259 1406 4328 adoptionem
1437 4277 1526 4329 per
1566 4260 1817 4315 Christum
1844 4262 2023 4317 Jcsttttt

437 4350 491 4401 in
539 4349 651 4418 ipso
675 4390 688 4408 .
736 4360 783 4402 et
820 4350 889 4403 ad
918 4349 1120 4404 laudem
1149 4351 1327 4418 gloria:
1361 4353 1540 4423 gratia:
1582 4353 1741 4421 ipsius
1773 4370 1792 4408 :
1823 4372 1875 4408 ιιι
1923 4373 2021 4424 quo

438 4440 677 4492 nubemns
704 4438 1098 4508 redemptionem
1130 4457 1220 4509 per
1246 4442 1544 4512 sanguinem
1567 4446 1694 4515 ejus,
1727 4461 1877 4515 quam
1902 4463 2020 4514 pro-

438 4533 605 4598 posuit
626 4534 676 4585 in
695 4533 1122 4604 dispensatimtem
1144 4534 1474 4604 plenitudinis
1494 4547 1794 4607 temporum,
1822 4540 2019 4593 instau-
2044 4538 2049 4545 ’

433 4640 547 4676 rure
576 4625 747 4677 omnia
789 4625 841 4677 in
880 4623 1098 4680 Christo.
1128 4625 1197 4680 Et
1227 4642 1481 4698 nusquam
1514 4645 1633 4683 eum
1674 4631 1808 4686 dixit
1858 4633 2016 4686 mini-

432 4724 626 4769 strum.
660 4717 714 4769 Si
746 4723 923 4770 autem
952 4726 1007 4771 et
1042 4717 1096 4770 in
1125 4728 1180 4771 et
1210 4734 1298 4787 per
1322 4728 1445 4773 sunt
1484 4722 1733 4786 ministri,
1765 4723 1885 4778 vide
1911 4740 2017 4793 quo

435 4819 524 4863 res
567 4806 753 4861 redeat
782 4806 879 4873 (it).
917 4805 1048 4863 Nam
1089 4809 1140 4863 in
1173 4810 1430 4880 principio
1454 4815 1697 4883 cpistola:
1726 4814 1878 4880 dixit,
1914 4816 2017 4870 Per

494 4940 570 5008 (ιι)
594 4939 647 4989 ῙιΙ
667 4946 836 5008 autem
859 4939 1386 5008 dieit__Chrysnstomus,
1412 4948 1524 5008 quia
1550 4947 1712 4997 Ariani
1735 4957 1786 4999 et
1806 4950 1889 5001 alii
1912 4964 2011 5000 ηιρ-

413 5003 569 5053 retici
594 5006 676 5063 qui
701 5002 929 5052 dicebant
950 5002 1191 5053 Christum
1229 5020 1332 5056 rem
1359 5002 1547 5065 incinat,
1575 5020 1628 5059 et
1652 5012 1887 5059 minorem
1918 5013 2010 5061 νει-

408 5075 421 5111 ι
447 5076 506 5131 re
529 5072 680 5131 atque.
703 5065 972 5131 ministrum
998 5066 1106 5127 ejus
1125 5080 1266 5131 esse,
1294 5072 1571 5130 pugnabant
1605 5074 1777 5131 etiam,
1806 5072 1938 5129 illtul,
1964 5072 2013 5123 in

420 5124 635 5193 Qui-isto,
652 5132 696 5172 et
721 5138 806 5187 per
826 5124 1217 5193 _(‘Ittji_.~tunt,qute
1234 5124 1525 5193 fretjtiettter
1547 5124 1806 5182 occurrunt
1822 5137 1867 5182 in
1881 5124 2014 5183 Novo

418 5187 740 5256 'l'estauteato
758 5220 773 5241 .
797 5188 1072 5256 signiﬁcare
1110 5187 1349 5256 Christum
1377 5209 1513 5256 esse
1558 5196 1860 5250 ministrum;
1887 5211 2012 5256 quos

423 5249 535 5360 igne
553 5248 777 5310 pluribus
797 5247 1014 5304 confutat
1034 5252 1082 5301 in
1114 5252 1337 5303 Homiliis
1357 5255 1421 5304 de
1448 5247 1934 5319 lttcontjn'clteusibili
1958 5266 2012 5308 et.

423 5325 451 5360 ιι
480 5327 565 5360 ιιι.

421 5317 565 5361 ahln.

2152 409 2457 464 voluntatem
2507 411 2694 467 Patris.
2738 414 2912 482 Pater,
2956 418 3150 486 inquit,
3187 418 3397 486 voluit;
3441 419 3605 476 Filius
3644 433 3722 477 est

2152 512 2435 585 operatus:
2468 503 2571 558 Sed
2602 521 2698 558 nec
2737 508 2987 575 quoniam
3020 509 3179 563 Pater
3209 510 3411 572 voluit.
3449 512 3615 566 Filius
3644 523 3722 568 est

2152 599 2299 644 extra
2329 593 2694 660 operationem
2721 613 2736 661 ;
2765 611 2961 666 neque,
3004 601 3257 668 quoniam
3289 601 3457 657 Filius
3479 615 3560 657 est
3594 620 3723 672 ope-

2152 692 2318 748 ratus,
2343 685 2614 741 voluntate
2641 688 2874 756 privatus
2895 701 2978 744 est
3006 691 3200 758 Pater;
3239 692 3331 748 sed
3354 694 3526 749 Patris
3556 707 3605 751 et
3637 696 3722 748 |~'i-

2154 772 2209 826 lii
2229 778 2530 831 communia
2562 787 2687 833 sunt
2710 781 2886 833 omnia
2921 798 2934 834 :
2969 798 3090 836 nam
3118 784 3303 838 Omnia
3325 803 3435 840 mea
3475 797 3561 841 tua
3586 799 3723 848 stmt.

2153 865 2355 935 inquit,
2404 878 2452 920 et
2495 879 2581 921 tua
2621 886 2730 924 mea
2770 882 2887 925 sunt
2931 873 3130 944 (Jonn.
3166 876 3251 930 17.
3287 878 3353 930 10
3455 878 3726 932 Plenitudo

2150 969 2328 1014 autem
2356 969 2652 1032 temporum
2678 974 2792 1018 erat
2818 965 2933 1034 ejus
2961 965 3239 1022 adventus.
3269 969 3401 1035 Quia
3433 969 3590 1039 igitur
3618 986 3730 1023 om-

2155 1050 2238 1104 nia
2270 1050 2492 1120 fecerat,
2515 1064 2566 1108 et
2595 1070 2689 1123 per
2715 1057 2956 1126 angelos,
2990 1065 3045 1112 et
3081 1074 3176 1127 per
3214 1059 3523 1129 prophetas,
3551 1075 3604 1115 et
3636 1073 3729 1130 per

2153 1142 2361 1212 legem,
2412 1155 2468 1199 et
2518 1146 2647 1200 nihil
2691 1148 3040 1216 proficiebat;
3082 1159 3135 1205 et
3164 1152 3459 1220 periculum
3507 1166 3624 1209 erat
3667 1168 3731 1207 ne

2134 1242 2361 1321 ’temere
2379 1233 2547 1290 factus
2565 1246 2709 1291 esset
2736 1237 2913 1302 homo,
2935 1254 3004 1293 ne
3023 1249 3225 1295 temere
3249 1250 3392 1296 esset
3419 1241 3727 1312 productus,

2154 1325 2259 1377 imo
2300 1341 2426 1379 vero
2458 1327 2510 1380 in
2555 1342 2705 1382 suam
2733 1331 3066 1397 perniciem,
3098 1333 3444 1400 pereuntibus
3483 1335 3730 1390 omnibus

2149 1426 2202 1468 et
2232 1418 2398 1486 magis
2427 1434 2586 1487 quam
2615 1419 2667 1473 itt
2694 1420 2917 1486 diluvio,
2952 1423 3089 1478 hanc
3105 1423 3559 1493 dispensationem
3590 1426 3732 1481 inve-

2153 1507 2245 1569 nit,
2277 1523 2396 1576 quae
2424 1508 2483 1562 fit
2514 1524 2610 1579 per
2627 1512 2874 1580 gratiam,
2904 1528 2971 1567 ne
3000 1523 3201 1569 temere
3227 1524 3277 1568 et
3305 1516 3499 1570 frustra
3523 1527 3732 1572 creatus

2151 1604 2312 1651 esset.
2348 1598 2495 1653 llanc
2535 1608 2835 1670 temporum
2867 1603 3249 1672 plenitudinem
3277 1605 3407 1659 dicit
3433 1617 3488 1662 et
3518 1608 3731 1678 sapien-

2154 1688 2300 1742 tiam.
2341 1689 2551 1756 Quare?
2581 1692 2735 1758 Quia,
2769 1693 2981 1761 quando
3024 1695 3254 1750 maxime
3297 1706 3449 1750 erant
3483 1698 3725 1768 perituri,

2153 1789 2280 1834 tunc
2322 1780 2453 1834 salvi
2498 1780 2732 1836 fuerunt.
2761 1788 3310 1856 Ἀνακιφα>.οιιώσασοαι,
3359 1786 3552 1857 inquit.
3599 1787 3732 1855 Quid

2149 1880 2231 1925 est
2253 1874 2755 1943 ἀνακεῖροιὶαιώςασθαι
2784 1874 2807 1926 ‘l
2837 1874 3189 1946 Conjungcre.
3222 1875 3491 1934 Caeterum
3521 1879 3735 1933 studea-

2152 1976 2270 2016 mus
2311 1977 2471 2032 quam
2518 1964 2764 2034 proxime
2809 1966 3072 2021 accedere
3116 1966 3181 2022 ad
3227 1967 3396 2038 ipsam
3429 1971 3730 2027 veritatem.

2150 2051 2280 2106 Nam
2313 2067 2342 2107 a
2373 2054 2527 2108 nobis
2552 2055 2792 2124 quidem,
2826 2066 2880 2108 ttt
2909 2057 3066 2110 etiam
3100 2058 3151 2111 in
3193 2074 3343 2113 more
3372 2070 3454 2114 est
3479 2061 3728 2131 positam,

2150 2143 2344 2199 dicitur
2368 2147 2785 2217 ἀνακεφαλαίωσις,
2811 2163 2930 2217 quae
2958 2149 3158 2217 prolixe
3178 2149 3318 2204 dicta
3348 2153 3549 2206 suntin
3577 2153 3734 2207 breve

2150 2239 2506 2303 contrahere,
2553 2248 2608 2293 et
2638 2241 2816 2294 omnia
2849 2257 2968 2309 qua:
2998 2242 3207 2311 prolixe
3252 2243 3394 2298 dicta
3428 2254 3560 2299 sunt
3587 2260 3732 2299 com-

2153 2332 2407 2401 pendiose
2450 2331 2652 2387 dicere.
2701 2332 2834 2387 Nam
2866 2332 2967 2388 hoc
3010 2350 3223 2405 quoque
3267 2336 3336 2390 ita
3378 2337 3588 2393 habet:
3621 2352 3735 2406 qua:

2151 2424 2294 2478 enim
2331 2424 2490 2494 longo
2525 2433 2769 2495 tempore
2797 2424 3242 2495 dispensabantur
3271 2430 3325 2482 in
3354 2430 3473 2499 ipso
3509 2422 3733 2503 ἀνειίρσιο

2150 2524 2407 2584 λαιώσατο,
2433 2517 2533 2572 hoc
2553 2528 2656 2584 est,
2685 2517 2737 2572 in
2768 2531 3030 2572 summam
3061 2520 3285 2591 redegit.
3316 2523 3557 2579 Verbum
3589 2525 3730 2579 enim

2095 2629 2101 2637 ν
2149 2623 2552 2677 consummans,
2584 2617 2638 2665 et
2677 2610 2730 2664 in
2757 2610 2964 2680 justitia
2993 2613 3333 2681 abbrevians,
3374 2626 3426 2670 et
3461 2619 3553 2671 illa
3586 2632 3733 2671 com-

2151 2698 2436 2769 prehendit
2459 2730 2474 2766 ι
2506 2709 2564 2756 et
2586 2701 2689 2755 alia
2717 2702 2939 2757 addidit.
2972 2704 3082 2759 lloc
3106 2714 3189 2760 est
3208 2747 3223 2772 ,
3251 2709 3657 2779 ἀναχεῖιαὶαίωσις
3684 2715 3736 2763 et

2149 2791 2391 2846 reductio
2420 2792 2472 2846 in
2507 2806 2793 2847 summam.
2825 2794 2918 2848 Est
2946 2802 3001 2849 et
3037 2794 3178 2850 aliud
3207 2797 3346 2864 quod
3378 2799 3729 2867 significatur.

2148 2881 2427 2949 Quodnam
2454 2880 2558 2938 hoc
2585 2883 2609 2935 ?
2652 2872 2827 2939 Unum
2855 2885 3102 2939 omnibus
3128 2888 3302 2955 posuit
3328 2899 3510 2955 caput,
3542 2902 3733 2958 nempe

2146 2972 2416 3029 Christum
2439 2973 2729 3029 secundum
2746 2990 2987 3043 carnem,
3011 2987 3066 3031 et
3084 2975 3287 3045 angelis
3311 2990 3361 3033 et
3387 2978 3727 3034 hominibus:

2148 3064 2250 3121 hoc
2278 3074 2380 3131 est,
2413 3075 2469 3121 et
2495 3067 2696 3136 angelis
2730 3082 2892 3122 unum
2923 3068 3069 3123 dedit
3100 3069 3439 3137 principium,
3473 3084 3532 3126 et
3563 3070 3733 3126 homi-

2146 3158 2302 3215 nibus
2329 3175 2344 3211 :
2376 3158 2462 3214 bis
2497 3159 2712 3228 quidem
2756 3159 2807 3214 id
2852 3160 2993 3231 quod
3038 3171 3120 3217 est
3149 3163 3439 3221 secundum
3487 3180 3726 3227 carnem.

2145 3251 2250 3306 illis
2287 3261 2464 3305 autem
2502 3250 2673 3305 Deum
2704 3250 2933 3306 Verbum
2957 3253 2996 3306 ί.
3031 3242 3100 3308 Ut
3143 3253 3188 3308 si
3236 3242 3384 3308 dicas
3434 3254 3504 3311 de
3548 3256 3727 3319 domo,

2143 3356 2264 3412 qua:
2304 3340 2496 3411 partim
2541 3341 2755 3412 quidem
2786 3351 2870 3398 est
2912 3344 3146 3398 marcida
3185 3360 3248 3398 ac
3288 3335 3505 3413 debilis,
3538 3347 3727 3416 partim

2143 3443 2319 3488 autem
2349 3432 2522 3488 valida
2552 3441 2608 3489 et
2633 3433 2804 3500 fortis,
2836 3424 3062 3489 Domum
3093 3436 3458 3504 remdilicavit,
3495 3438 3602 3493 hoc
3627 3445 3726 3502 est,

2142 3525 2417 3579 fortiorem
2464 3523 2620 3591 fecit,
2658 3523 2937 3580 fortiorem
2983 3526 3244 3595 imposuit
3274 3527 3440 3581 basim
3475 3546 3490 3582 :
3539 3528 3727 3585 ita'bic

2141 3631 2353 3687 quoque
2381 3632 2572 3672 omnes
2605 3617 2695 3671 uni
2725 3617 2952 3686 subjecit
2980 3619 3159 3687 capiti.
3193 3619 3265 3672 ita
3297 3620 3439 3674 enim
3474 3622 3570 3675 lict
3606 3636 3722 3674 unt-

2141 3720 2242 3777 tas,
2269 3711 2339 3763 ita
2370 3718 2618 3765 accurata
2641 3719 2693 3764 et
2715 3712 2948 3780 perfecta
2976 3709 3136 3766 fuerit
3155 3712 3484 3782 conjunctio,
3511 3713 3726 3784 quando

2139 3801 2315 3857 omnia
2340 3802 2552 3857 redacta
2579 3801 2774 3856 fuerint
2794 3803 2893 3856 sub
2916 3818 3077 3856 unum
3100 3813 3277 3873 caput,
3304 3819 3538 3875 superne
3559 3804 3724 3874 quod-

2138 3896 2258 3951 dam
2286 3896 2644 3951 necessarium
2664 3895 2909 3951 habentia
2927 3896 3219 3951 vinculum.
3244 3897 3417 3953 Tanto
3432 3913 3566 3968 ergo
3583 3899 3723 3953 dono

2136 3988 2361 4058 dignati,
2392 3997 2539 4041 tanto
2565 3986 2789 4053 honore,
2821 3997 2962 4041 tanta
2987 3987 3333 4057 benignitate,
3365 4005 3431 4043 ne
3454 3988 3720 4043 dedecore

2136 4082 2431 4136 afficiamus
2455 4096 2576 4135 eum
2607 4079 2695 4150 qui
2727 4095 2821 4135 nos
2851 4079 3031 4135 allecit
3055 4081 3333 4144 beneficio,
3366 4096 3431 4135 ne
3459 4080 3720 4135 faciamus

2136 4184 2193 4227 ut
2236 4182 2379 4227 tanta
2421 4172 2490 4227 sit
2529 4172 2684 4227 nobis
2732 4173 2902 4227 inanis
2931 4173 3134 4244 gratia,
3165 4174 3325 4226 vitam
3369 4174 3718 4228 ostendamus

2134 4265 2427 4334 angelicam
2450 4273 2504 4319 et
2522 4263 2813 4335 angelicam
2844 4264 3119 4330 virtutem,
3149 4273 3204 4318 et
3226 4264 3349 4319 vita:
3375 4264 3603 4335 agendae
3631 4279 3719 4317 ra—

2136 4361 2330 4415 tionem
2354 4377 2368 4425 ;
2402 4374 2639 4430 rogoque
2666 4368 2720 4413 ct
2744 4373 2926 4428 quaeso
2946 4400 2960 4425 ,
2991 4375 3059 4414 ne
3085 4359 3204 4414 haec
3228 4361 3406 4415 omnia
3429 4359 3540 4413 sint
3566 4358 3718 4414 nobis

2134 4452 2187 4507 iu
2210 4452 2466 4522 judicium
2493 4461 2547 4505 et
2573 4449 3073 4505 condemnationem
3097 4492 3113 4517 ,
3142 4451 3237 4506 sed
3272 4451 3340 4506 ad
3369 4451 3720 4506 fruendortut:

2132 4544 2392 4599 bonorum
2420 4543 2820 4613 perceptionem
2846 4560 2859 4596 :
2891 4558 3009 4610 qua:
3032 4543 3230 4597 utinam
3252 4558 3352 4596 nos
3370 4557 3562 4598 omnes
3583 4555 3715 4595 con-

2130 4651 2431 4706 sequamur,
2478 4636 2646 4705 gratia
2682 4634 3086 4704 etbenignitale
3117 4635 3323 4689 Domini
3371 4633 3542 4690 nostri
3591 4632 3720 4688 Iesu

2128 4728 2350 4793 Christi,
2383 4741 2504 4782 cum
2529 4741 2636 4798 quo
2667 4726 2810 4781 Patri
2836 4736 2891 4782 et
2916 4725 3137 4796 Spiritui
3166 4736 3354 4783 sancto
3373 4724 3542 4798 gloria
3563 4765 3579 4790 ,
3617 4723 3717 4776 im.

2127 4822 2333 4892 perium
2354 4862 2370 4888 ,
2402 4828 2506 4875 etc.

2192 5001 2206 5030 ⁸
2244 4995 2407 5047 (Σικιοκ
2432 5007 2575 5050 unus,
2598 4992 2686 5043 hoc
2709 4998 2797 5049 est.
2821 4992 3026 5043 alterum
3050 4992 3253 5053 ..‘nqeli;,
3278 4992 3479 5042 alterum
3509 4986 3695 5053 homini
3710 5013 3728 5021 -

2127 5058 2213 5109 bus
2236 5054 2527 5127 principitmt
2551 5055 2685 5127 dedit
2717 5068 2733 5103 :
2763 5054 2838 5104 Itis
2857 5055 3054 5127 qitidem
3089 5050 3411 5127 ια’-φωτίσαι
3441 5050 3725 5127 secanti!!!"

2124 5115 2349 5181 carnem,
2388 5115 2487 5169 illis
2526 5125 2690 5167 autem
2722 5115 2986 5181 secundum
3029 5115 3276 5181 spiritum,
3295 5115 3509 5166 Verbum
3536 5120 3720 5159 Deum.

2124 5185 2243 5243 Qua:
2267 5180 2413 5231 lectio
2428 5194 2520 5229 non
2535 5178 2826 5241 spernenda.
