3932 6220
273 347 336 400 l'l
1231 347 1300 405 IN
1329 348 1541 407 EPIST.
1577 350 1667 406 AD
1705 348 1950 408 EPHES.
1991 352 2144 408 CAP.
2190 353 2230 409 Ι.
2273 354 2504 414 HOMIL.
2549 356 2615 415 11.
3477 384 3538 439 ιδ

1722 560 2065 622 HOMlLIA
2111 563 2191 624 Π.

265 697 398 754 Car.
438 700 455 752 l
526 715 580 754 v.
628 693 715 756 Μ’.
747 699 812 754 In
848 718 947 770 qua
974 701 1125 754 etiam
1172 716 1266 754 nos
1302 709 1436 756 sorte
1457 701 1618 754 vocati
1644 716 1849 769 sumus,

337 792 682 861 prdidestinati
707 793 983 849 secundum
1010 794 1327 862 propositum
1352 794 1483 862 ejus,
1507 796 1595 862 qui
1614 803 1851 862 operatur

335 884 508 938 omnia
552 886 829 939 secundum
872 886 1142 942 consilium
1182 886 1455 939 voluntatis
1496 901 1621 950 sum,
1672 884 1760 939 12.
1793 894 1848 936 ut

334 977 492 1029 simus
510 977 564 1029 in
589 977 792 1030 laudent
813 976 991 1047 gloria
1024 976 1135 1046 ejus
1153 1017 1168 1040 ,
1196 991 1289 1030 nos
1307 1017 1324 1042 ,
1356 975 1445 1045 qui
1469 984 1584 1029 ante
1624 975 1849 1044 speravi-

333 1084 446 1123 mus
471 1068 524 1121 in
574 1066 775 1124 Christo
804 1083 824 1120 :
865 1067 953 1125 l5.
997 1068 1051 1121 in
1092 1083 1191 1136 quo
1232 1076 1280 1120 et
1314 1083 1401 1121 vos
1430 1083 1543 1120 cum
1581 1066 1851 1120 audissetis

330 1160 532 1215 verbum
558 1160 808 1224 veritatis,
846 1159 1157 1229 evangelium
1184 1159 1366 1212 salutis
1410 1167 1584 1212 vestrae
1605 1197 1622 1223 ,
1671 1158 1723 1211 in
1751 1173 1850 1226 quo

331 1262 381 1305 et
430 1252 689 1306 credentes
714 1252 901 1322 signati
942 1251 1062 1306 estis
1089 1249 1288 1319 Spiritu
1334 1249 1684 1319 promissionis
1730 1264 1849 1302 san.

331 1354 434 1396 cto.
498 1343 586 1397 M.
645 1342 731 1410 qui
783 1350 854 1395 est
911 1341 1095 1411 pignus
1152 1340 1447 1393 hereditatis
1508 1348 1725 1403 nostr-te,
1793 1339 1849 1392 in

329 1434 732 1502 redemptionem
758 1433 1127 1501 acquisitionis,
1162 1432 1215 1484 in
1245 1429 1444 1484 laudem
1465 1430 1643 1499 gloria'
1666 1429 1842 1499 ipsius.

332 1526 389 1580 1.
422 1523 634 1593 Ubique
679 1523 875 1578 Paulus
919 1522 1244 1577 inell'abilem
1272 1522 1363 1577 Dei
1395 1523 1448 1576 in
1472 1537 1570 1577 nos
1600 1520 1845 1591 benigni-

254 1626 422 1672 tatem
450 1616 653 1672 studuit
673 1615 984 1682 ostendere,
1014 1615 1187 1686 quoad
1216 1614 1331 1685 ejus
1353 1614 1469 1670 lieri
1499 1614 1688 1685 potuit.
1711 1613 1844 1667 Nam

252 1708 401 1778 quod
450 1715 698 1762 accurate
742 1721 848 1761 non
880 1707 1080 1776 possit,
1116 1705 1240 1760 audi
1269 1705 1397 1776 quid
1438 1707 1553 1776 ipse
1579 1704 1724 1759 dicat
1756 1723 1769 1759 :
1798 1704 1845 1757 0

250 1798 476 1853 altitudo
505 1799 794 1853 divitiarum
823 1809 871 1854 et
909 1799 1174 1867 sapientia:
1216 1808 1264 1851 et
1291 1798 1514 1853 scientia
1540 1796 1676 1851 Dei!
1693 1812 1844 1866 quam

247 1891 605 1945 inscrutabilia
628 1902 746 1944 sunt
762 1890 963 1960 judicia
986 1892 1117 1959 ejus,
1147 1899 1194 1945 et
1216 1888 1584 1959 investigabiles
1604 1889 1697 1943 vite
1734 1888 1844 1958 ejus

250 1982 273 2034 l
304 1981 464 2035 Rom.
501 1982 587 2035 ll.
632 1981 770 2051 '55)!
814 1992 1182 2036 verumtamen
1224 1980 1461 2036 ostendit
1515 1980 1687 2050 quoad
1728 1980 1845 2049 ejus

246 2072 374 2125 ﬁeri
422 2079 620 2138 potest.
665 2070 804 2138 Quid
858 2086 986 2141 ergo
1023 2070 1173 2132 dicit,
1219 2069 1287 2124 In
1331 2087 1431 2140 quo
1483 2080 1531 2126 et
1575 2086 1666 2128 nos
1713 2078 1845 2125 sorte

241 2165 422 2218 vocati
470 2180 645 2218 sumus
696 2163 1082 2233 prwdestinati.’
1111 2163 1254 2220 Dixit
1280 2162 1526 2232 superius
1557 2179 1570 2215 :
1603 2160 1714 2219 Nos
1739 2161 1843 2216 ele-

241 2258 320 2329 git
354 2271 381 2313 .°
410 2257 497 2310 hic
548 2256 707 2322 dicit,
764 2255 920 2311 Sorte
975 2256 1137 2311 vocati
1194 2272 1386 2310 sumus.
1438 2254 1543 2310 Sed
1590 2255 1840 2325 quoniam

242 2361 376 2403 sors
401 2358 485 2402 est
504 2361 684 2413 casus,
708 2362 815 2400 non
848 2346 1000 2401 liberi
1031 2346 1237 2401 arbitrii
1261 2360 1361 2401 nec
1382 2344 1623 2410 virtutis;
1655 2343 1841 2401 adlue-

241 2449 331 2495 ret
381 2440 524 2495 enim
575 2439 898 2510 ignorationi
950 2446 1007 2493 et
1054 2438 1277 2494 fortuito
1303 2438 1481 2503 casui,
1511 2445 1566 2493 et
1606 2452 1751 2508 smpe
1773 2437 1840 2494 iis

240 2533 469 2588 omissis
489 2533 577 2602 qui
610 2541 734 2586 sunt
756 2532 955 2586 virtute
984 2531 1228 2601 praediti,
1256 2545 1352 2586 eos
1381 2532 1432 2585 in
1455 2530 1686 2586 medium
1718 2545 1842 2599 pro-

242 2627 402 2681 ducit
431 2626 520 2693 qui
569 2624 771 2695 indigni
799 2634 923 2679 sunt
962 2640 1193 2695 quorum
1223 2624 1333 2679 ulla
1380 2624 1638 2679 habeatur
1665 2622 1835 2691 ratio;

240 2717 371 2771 vide
398 2715 667 2786 quomodo
688 2716 739 2769 id
759 2716 1011 2786 corrigat.
1041 2714 1414 2782 Prtedcstinati,
1442 2714 1630 2784 inquit,
1658 2731 1840 2770 secun-

240 2808 369 2862 dum
392 2809 705 2879 propositum
727 2808 837 2878 ejus
862 2809 948 2877 qui
968 2817 1207 2876 aperatur
1226 2807 1415 2862 onmia.
1446 2806 1559 2862 Hoc
1579 2817 1697 2874 est,
1730 2822 1835 2862 non

240 2899 471 2955 fortuito
493 2909 549 2955 et
575 2909 719 2955 sorte
745 2902 915 2954 vocati
956 2900 1039 2955 vel
1067 2899 1223 2955 electi
1262 2915 1483 2965 sumus;
1516 2900 1657 2955 Deus
1693 2901 1836 2956 enim

239 2999 329 3046 est
372 2989 467 3059 qui
508 2989 698 3060 elegit;
727 3004 902 3060 neque
944 2988 1165 3045 fortuito
1195 2989 1262 3045 ad
1291 2991 1428 3045 hanc
1462 2999 1660 3046 sortem
1685 2991 1836 3046 veni-

238 3097 409 3149 mus;
447 3082 588 3137 Deus
631 3083 774 3137 enim
798 3092 882 3138 est
905 3083 994 3152 qui
1022 3082 1093 3138 ad
1117 3093 1317 3138 sortem
1358 3084 1564 3141 vocarit
1588 3101 1603 3150 ;
1626 3083 1718 3138 sed
1745 3098 1835 3139 se-

239 3172 483 3227 cundum
512 3174 864 3242 prOposilum.
894 3173 1007 3228 lloc
1039 3173 1199 3227 etiam
1246 3174 1299 3226 in
1327 3172 1563 3243 Epistula
1614 3175 1679 3229 ad
1725 3174 1835 3230 Ro-

240 3276 443 3319 manos
466 3262 709 3317 scribens
731 3261 863 3317 dicit
892 3280 905 3316 :
941 3262 1042 3328 Qui
1086 3262 1367 3318 secundum
1394 3264 1708 3334 propositum
1750 3279 1836 3318 vo-

238 3353 344 3407 cati
380 3361 499 3407 sunt
527 3352 711 3407 sancti.
744 3351 884 3418 Quos
908 3355 1100 3407 vocavit
1119 3394 1134 3416 ,
1172 3369 1258 3408 eos
1283 3362 1331 3409 et
1352 3355 1685 3424 justiﬁeavit;
1710 3371 1836 3424 quos

239 3453 413 3498 mitem
424 3444 723 3515 justiﬁcavit
740 3485 757 3511 ,
787 3460 871 3499 eos
886 3453 933 3498 et
955 3444 1259 3515 gloriﬁcavit
1288 3444 1474 3519 (Rom.
1497 3445 1551 3502 8.
1583 3445 1677 3501 $8.
1704 3444 1773 3500 50
1790 3443 1833 3516 ).

240 3535 382 3590 Cum
425 3536 573 3604 prius
615 3534 871 3601 dixisset,
926 3533 1004 3588 Iis
1050 3537 1138 3606 qui
1186 3536 1462 3592 secundum
1521 3537 1836 3606 propositum

238 3626 412 3678 vocati
437 3635 574 3691 sunt,
619 3626 777 3681 simul
807 3626 971 3684 etiam
1012 3628 1199 3684 volens
1226 3628 1513 3685 ostendere
1542 3638 1736 3698 quanta
1767 3626 1836 3682 sit

241 3732 445 3771 eorum
474 3719 816 3786 przestantia,
874 3719 921 3772 si
966 3719 1307 3775 conferantur
1356 3735 1478 3775 cum
1518 3719 1656 3786 aliis,
1702 3719 1836 3774 dixit

239 3807 417 3860 etiam
443 3816 679 3872 sortem;
705 3809 774 3862 ita
821 3817 879 3862 ut
904 3807 1128 3865 liberum
1156 3825 1261 3865 non
1292 3810 1507 3865 tolleret
1529 3809 1830 3865 arbitrium.

240 3895 407 3964 Quod
438 3897 597 3968 igitur
611 3898 782 3968 magis
800 3897 867 3953 ad
901 3897 1278 3955 beatitudinem
1309 3900 1556 3970 pertinet,
1603 3898 1707 3954 hcc
1734 3914 1831 3969 po-

242 3989 353 4043 nit.
383 3987 513 4042 Sors
546 3989 689 4042 enim
734 3999 945 4044 nonest
985 3988 1218 4055 virtutis,
1250 3990 1367 4056 sed,
1414 3999 1472 4044 ut
1518 3991 1588 4045 ita
1627 3991 1826 4057 dicam,

242 4093 429 4133 casus.
461 4082 539 4133 Ac
567 4079 611 4132 si
633 4079 752 4147 quis
779 4080 1007 4144 diceret,
1035 4079 1194 4135 Sorte
1223 4081 1357 4136 facta
1390 4095 1488 4135 nos
1515 4082 1692 4152 elegit.
1724 4083 1826 4138 To-

245 4179 362 4224 tum
389 4178 569 4225 autem
596 4171 675 4224 sic
702 4170 965 4241 intelligas
984 4212 1000 4237 ,
1029 4171 1097 4225 ab
1123 4171 1290 4227 animi
1322 4172 1560 4227 instituto
1587 4184 1641 4228 et
1663 4174 1830 4229 libero

242 4260 472 4315 arbitrio
513 4260 947 4329 praedestinatos,
975 4262 1078 4318 hoc
1102 4271 1186 4318 est
1204 4303 1220 4329 ,
1247 4262 1348 4317 sibi
1374 4262 1574 4318 electos
1599 4263 1831 4320 destina-

244 4352 323 4404 vit
367 4365 435 4405 ac
464 4351 680 4420 posuit:
713 4360 919 4421 utputa,
973 4352 1106 4407 vidit
1131 4368 1231 4408 nos
1255 4353 1563 4423 priusquam
1591 4368 1830 4409 essemus

241 4452 393 4498 sorte
416 4443 588 4498 vocati
620 4460 634 4497 :
665 4453 748 4498 est
782 4444 928 4499 enim
975 4444 1286 4499 admiranda
1336 4444 1429 4501 Dei
1462 4446 1790 4514 praescientin
1811 4487 1826 4511 ,

242 4551 366 4605 qua:
390 4537 571 4591 omnia
590 4538 739 4592 novit
760 4538 1068 4608 priusquam
1093 4553 1156 4593 ea
1178 4538 1389 4594 tierent.
1412 4538 1493 4594 Tu
1513 4550 1691 4595 autem
1713 4539 1831 4595 vide

240 4625 522 4696 quomodo
548 4627 743 4695 ubique
769 4629 922 4698 ponit
966 4628 1202 4684 studium
1225 4671 1242 4697 ,
1295 4639 1352 4684 ut
1377 4630 1661 4696 ostendat,
1689 4632 1828 4701 quod

242 4731 350 4772 non
372 4732 441 4772 ex
475 4717 804 4786 poenitentia,
835 4718 932 4774 sed
957 4735 1023 4773 ex
1047 4719 1114 4774 ab
1139 4722 1248 4775 alto
1272 4722 1436 4790 petito
1458 4722 1718 4793 principio
1748 4738 1833 4777 res

241 4824 434 4863 omnes
460 4809 531 4862 ita
553 4809 661 4863 sint
684 4808 996 4874 ell'ormatae,
1024 4819 1080 4865 ut
1102 4811 1153 4865 in
1175 4811 1277 4868 hoc
1298 4814 1426 4870 nihil
1449 4816 1614 4870 simus
1634 4814 1831 4869 iudicis

242 4901 517 4968 minores,
548 4909 604 4955 et
632 4901 752 4956 ideo
780 4917 877 4971 pro
902 4902 1004 4958 hoc
1023 4902 1151 4958 facit
1175 4906 1375 4965 omnia,
1402 4906 1679 4973 Quomodo
1704 4921 1832 4976 ergo

241 4991 370 5045 dicit
391 4992 509 5060 ipse
534 4991 781 5047 Christus
799 5034 815 5057 ,
843 5009 903 5048 se
931 5009 1038 5050 non
1065 5010 1186 5051 8:58
1218 4997 1463 5059 missum,
1488 4997 1603 5053 Nisi
1630 5008 1697 5052 ad
1719 5014 1831 5053 oves

238 5097 354 5149 qua
382 5082 638 5152 perierant
663 5082 840 5137 domus
862 5081 1026 5139 Israel
1047 5085 1261 5155 (Matth.
1296 5087 1383 5142 15.
1412 5087 1545 5157 2’s)?
1572 5096 1627 5143 et.
1647 5104 1830 5144 rursus

240 5172 458 5227 dicebat
484 5175 792 5244 discipulis,
820 5174 885 5231 In
920 5178 1054 5235 riam
1083 5180 1308 5250 gentium
1334 5196 1396 5233 ne
1422 5180 1668 5247 nbieritis,
1699 5191 1747 5235 et
1772 5183 1827 5235 in

238 5263 491 5317 civitatem
520 5264 964 5321 Samaritanorum
1008 5286 1071 5323 ne
1116 5271 1311 5324 intretis
1341 5272 1362 5339 (
1386 5270 1574 5333 Matth.
1605 5271 1693 5327 l0.
1718 5272 1829 5343 5)?

240 5364 294 5407 et
325 5354 440 5423 ipse
467 5371 683 5425 quoque
712 5356 906 5412 Paulus
928 5358 1158 5424 dicebat,
1195 5359 1344 5415 Vobis
1371 5372 1478 5415 erat
1500 5377 1695 5415 necesse
1724 5363 1830 5433 pri-

242 5462 377 5499 mum
404 5446 543 5517 loqui
567 5447 770 5501 verbum
798 5447 891 5502 Dei
918 5466 937 5503 :
965 5451 1205 5520 quoniam
1235 5463 1400 5505 autem
1430 5456 1592 5521 ipsum
1631 5454 1830 5522 repelli-

243 5537 303 5589 tis
324 5577 342 5603 ,
363 5548 411 5590 et
432 5552 520 5591 vos
542 5554 645 5591 non
669 5538 916 5606 iudicatis
958 5541 1138 5611 dignos
1173 5544 1280 5596 vita
1319 5552 1507 5598 a’terna
1525 5584 1541 5612 ,
1571 5560 1684 5599 ecce
1704 5561 1827 5598 con-

242 5629 480 5683 vertimur
517 5631 586 5682 ad
630 5638 806 5699 gentes
849 5632 997 5697 (Act.
1028 5634 1114 5688 15.
1162 5632 1305 5702 46)?
1357 5634 1647 5705 Propterea
1684 5637 1825 5690 enim

246 5714 354 5772 inec
376 5718 654 5785 dicuntur,
681 5734 753 5773 ne
790 5721 910 5789 quis
938 5723 1205 5777 existimet
1230 5723 1343 5778 lucc
1371 5725 1534 5781 fuisse
1567 5736 1767 5781 remota
1797 5744 1827 5782 a

246 5818 340 5861 suo
368 5808 636 5863 instituto.
672 5809 961 5863 Secundum
993 5814 1303 5882 propositum
1327 5853 1343 5879 ,
1372 5817 1560 5885 inquit,
1595 5818 1704 5882 ejus
1741 5818 1827 5887 qui

1957 713 2198 771 optra:ur
2244 704 2415 757 omnia
2446 708 2726 762 secundum
2772 707 3038 768 consilium
3086 716 3358 773 voluntatis
3408 737 3539 778 stur.

1959 792 2071 848 Hoc
2094 801 2197 859 est,
2225 793 2357 848 nihil
2389 806 2572 864 postea
2599 811 2852 868 operatus
2873 815 2972 869 est,
3004 809 3202 878 quippe
3228 812 3317 882 qui
3357 816 3536 868 ntnuia

1956 897 2166 938 sursum
2197 882 2541 955 disposuerit.
2572 887 2646 942 Ita
2678 891 2792 960 ipse
2816 893 2973 950 linem
2998 898 3220 965 imponit
3244 903 3537 960 Secundum

1961 975 2237 1030 consilium
2269 978 2555 1034 voluntatis
2580 997 2711 1037 suae.
2754 983 3112 1049 Quamobrem
3154 1006 3258 1048 non
3286 997 3536 1063 quoniam

1956 1079 2060 1118 non
2085 1067 2432 1123 attendebant
2479 1069 2672 1137 Judad,
2719 1085 2998 1143 propterea
3049 1083 3261 1137 vocavit
3308 1095 3536 1155 gentes,

1955 1173 2128 1228 neque
2154 1169 2406 1227 coactus,
2447 1178 2622 1233 neque
2663 1182 2727 1220 ex
2778 1167 2878 1223 illis
2905 1169 3184 1239 impulsus.
3227 1174 3295 1231 Ut
3345 1180 3539 1246 simus,

1955 1247 2144 1318 inquit,
2169 1267 2260 1305 nos
2281 1258 2332 1305 in
2375 1254 2578 1308 laudem
2606 1257 2783 1326 gloriw
2811 1263 2923 1329 ejus
2944 1302 2959 1327 ,
2988 1278 3080 1317 nos
3103 1265 3191 1333 qui
3214 1276 3331 1321 ante
3356 1286 3536 1339 spera—

1953 1341 2115 1396 vimus
2141 1342 2193 1396 in
2216 1342 2416 1399 Christo
2448 1362 2467 1410 ;
2490 1346 2540 1400 in
2577 1364 2678 1418 quo
2704 1359 2750 1403 et
2778 1364 2864 1404 vos
2892 1369 3007 1406 cum
3035 1356 3303 1413 audissetis
3333 1360 3534 1416 verbum

1951 1433 2207 1499 veritatis,
2263 1437 2577 1508 evangelium
2623 1441 2806 1495 salutis
2857 1454 3035 1500 vestra:
3064 1462 3084 1501 :
3133 1452 3235 1505 hoc
3278 1460 3395 1519 est,
3440 1470 3535 1524 per

1951 1538 2130 1594 quem.
2169 1524 2298 1580 Vide
2324 1526 2596 1584 Christum
2619 1531 2817 1601 ubique
2836 1548 2956 1589 esse
2977 1548 3248 1594 auctorem
3270 1543 3531 1608 omnium,

1951 1624 2004 1669 et
2031 1630 2290 1687 nusquam
2320 1633 2441 1674 esse
2468 1635 2662 1676 nomen
2685 1623 3021 1693 administri,
3063 1645 3234 1701 neque
3277 1632 3529 1692 ministri.

1949 1705 2098 1763 Sicut
2122 1709 2282 1765 etiam
2311 1710 2439 1766 dicit
2465 1713 2589 1769 alibi
2611 1716 2850 1772 scribens
2867 1718 2931 1774 ad
2956 1719 3209 1777 Hebraeos
3239 1742 3253 1779 :
3286 1727 3386 1791 Qui
3408 1727 3529 1783 olim

1949 1798 2183 1870 loquutus
2212 1803 2438 1872 patribus
2462 1808 2648 1863 nostris
2681 1809 2734 1863 in
2771 1812 3063 1881 prophetis,
3096 1817 3377 1874 novissimis
3407 1832 3529 1876 tern-

1949 1890 2152 1959 poribus
2174 1891 2408 1964 loquutus
2426 1906 2497 1950 cst
2521 1898 2662 1953 nobis
2686 1900 2739 1953 in
2768 1900 2909 1957 Filio
2936 1902 3123 1971 (Hebr.
3150 1907 3200 1961 l.
3222 1910 3270 1963 1.
3301 1909 3357 1978 2)
3382 1928 3397 1976 ;
3430 1912 3531 1968 hoc

1948 1989 2050 2043 est,
2086 1996 2182 2050 per
2225 1982 2440 2040 Filium.
2490 1984 2707 2041 Verbum
2735 1988 2864 2046 dicit
2889 1993 3134 2063 veritatis,
3165 2011 3271 2050 non
3300 1999 3529 2071 atnplius

1951 2072 2174 2127 verbum
2210 2072 2415 2143 ﬁgurae,
2457 2092 2559 2132 nec
2592 2078 2856 2150 imaginis.

2019 2164 2350 2236 Evangelium
2391 2170 2570 2223 salutis
2609 2186 2701 2224 cur
2750 2173 2824 2227 ita
2875 2175 3084 2229 dictum.
3106 2208 3173 2219 —
3198 2176 3528 2252 Evangelium

1944 2255 2124 2311 salutis
2146 2268 2350 2313 nostra.
2385 2260 2449 2313 Et
2477 2269 2621 2316 recte
2642 2262 2813 2331 ipsum
2839 2276 2990 2321 rncat
3010 2272 3339 2339 evange'inm
3378 2273 3525 2327 salu-

1946 2346 2047 2413 tis,
2081 2349 2270 2416 partim
2306 2350 2521 2419 quidem
2541 2352 2606 2405 ad
2638 2352 2832 2424 legem,
2866 2359 3056 2426 partim
3083 2369 3259 2416 autem
3289 2363 3354 2417 ad
3378 2363 3523 2419 fulu-

1943 2451 2056 2491 ram
2083 2439 2411 2508 puuitionem
2426 2442 2826 2512 signiﬁcandam
2844 2447 3170 2506 subobscure
3190 2452 3525 2523 loquens.Ni-

1944 2526 2018 2583 hil
2065 2538 2150 2584 est
2202 2532 2343 2586 enim
2393 2532 2535 2587 aliud
2597 2536 2934 2604 praedicatio,
2982 2555 3141 2611 quam
3189 2546 3519 2615 evangelium

1943 2618 2130 2675 salutis
2153 2662 2169 2687 ,
2195 2622 2335 2693 quod
2361 2638 2465 2678 non
2495 2626 2724 2693 amplius
2754 2628 2931 2697 perdit
2954 2646 3049 2685 eos
3072 2633 3158 2700 qui
3206 2634 3350 2704 digni
3399 2648 3523 2692 sunt

1942 2713 2030 2783 qui
2066 2724 2305 2782 pereant.
2330 2713 2397 2769 In
2440 2716 2576 2785 quod
2613 2728 2661 2772 et
2691 2721 2943 2777 credentes
2969 2723 3156 2794 signati
3180 2728 3294 2782 estis
3322 2727 3522 2797 Spiritu

1942 2804 2291 2873 promissionis
2342 2818 2549 2874 sancto,
2601 2810 2687 2877 qui
2730 2820 2803 2865 est
2856 2813 3039 2883 pignus
3087 2816 3377 2873 hereditatis
3423 2833 3520 2875 no.

1940 2905 2079 2950 strw.
2135 2896 2339 2953 Rursus
2385 2915 2632 2970 magnum
2689 2912 2773 2957 est
2819 2903 3073 2961 indicium
3126 2923 3268 2964 curae
3293 2919 3349 2965 et
3399 2927 3522 2981 pro-

1940 2987 2224 3058 videntim,
2268 2991 2408 3061 quod
2454 2993 2560 3047 sint
2617 2995 2841 3065 signati,
2882 3012 2989 3052 non
3039 3002 3306 3069 separati;
3361 3012 3521 3073 atque

1940 3080 2083 3150 quod
2114 3096 2219 3136 non
2242 3083 2413 3137 solum
2442 3085 2550 3139 sint
2575 3095 2721 3142 sorte
2749 3089 2954 3155 vocati,
2986 3090 3080 3144 scd
3122 3095 3279 3146 etiam
3305 3092 3516 3163 signati.

1940 3171 2395 3239 Quemadmodum
2424 3176 2565 3230 enim
2592 3178 2636 3230 si
2664 3178 2785 3247 quis
2808 3194 2903 3233 eos
2928 3180 3018 3250 qui
3039 3191 3187 3236 sorte
3215 3183 3520 3253 obtigerunt

1942 3264 2251 3319 manifestus
2278 3265 2497 3329 fecerit,
2526 3267 2596 3321 ita
2641 3268 2802 3322 etiam
2853 3269 2994 3324 Deus
3033 3284 3128 3324 eos
3165 3273 3427 3340 separavit
3456 3288 3518 3327 ac

1940 3358 2169 3411 secrevit
2197 3356 2263 3410 ad
2290 3358 2615 3412 credendum
2648 3375 2662 3411 :
2690 3359 2926 3428 signavit
2958 3359 3026 3414 ad
3060 3361 3162 3417 hoc
3200 3373 3257 3415 ut
3286 3362 3393 3418 sint
3420 3362 3518 3418 hc-

1941 3445 2097 3501 redes
2124 3445 2442 3501 futurorum.

2011 3538 2068 3593 2.
2105 3539 2262 3595 Vides
2308 3540 2578 3611 quomodo
2617 3542 2939 3614 procedente
2984 3556 3226 3617 tempore
3271 3562 3367 3603 eos
3396 3548 3519 3605 facit

1939 3630 2299 3687 admirabiles.
2334 3631 2464 3688 Nam
2491 3635 2741 3705 quamdiu
2784 3636 3001 3693 fuerunt
3048 3641 3100 3693 in
3158 3640 3513 3709 prtescientia,

1940 3724 2069 3779 nulli
2130 3724 2343 3780 luerunt
2401 3727 3011 3802 ntanil'estizpostquam
3067 3742 3247 3788 autem
3304 3732 3521 3793 fuerunt

1938 3816 2149 3886 signati,
2185 3818 2392 3872 luerunt
2432 3819 2716 3886 manifesti,
2747 3822 2840 3876 sed
2873 3839 2974 3877 non
3023 3823 3156 3881 sicut
3205 3839 3521 3888 voszerunl

1938 3910 2081 3964 enim
2115 3909 2378 3965 manifesti
2410 3923 2603 3980 praeter
2630 3929 2846 3978 paucos.
2880 3916 3083 3989 Signati
3113 3919 3326 3977 fuerunt
3354 3922 3513 3979 etiam

1941 3999 2213 4071 Israelitte,
2251 4001 2344 4060 sed
2374 4001 2802 4066 circumcisione.
2834 4009 2972 4063 sicut
3011 4025 3204 4078 pecora
3234 4022 3289 4066 et
3319 4012 3471 4066 bruta
3500 4030 3513 4065 :

1940 4110 2038 4149 nos
2078 4109 2291 4165 quoque
2337 4112 2518 4151 sumus
2564 4098 2776 4167 signati,
2824 4099 2918 4153 sed
2967 4101 3099 4155 sicut
3134 4099 3247 4166 lilii,
3293 4102 3514 4171 Spiritu.

1938 4182 2076 4249 Quid
2106 4193 2206 4248 est,
2240 4184 2442 4255 Spiritu
2472 4188 2858 4255 promissionis?
2894 4190 2999 4243 Aut
3023 4190 3162 4261 quod
3190 4205 3254 4246 ex
3283 4193 3516 4262 promis-

1939 4275 2091 4330 sione
2119 4275 2290 4343 ipsnm
2319 4278 2704 4346 acceperimus.
2739 4280 2866 4334 Duae
2892 4282 3035 4337 enim
3064 4292 3189 4338 sunt
3215 4285 3518 4352 promissio-

1939 4378 2057 4428 nes,
2104 4380 2208 4418 una
2247 4365 2462 4435 quidem
2512 4383 2608 4436 per
2655 4370 2962 4438 prophetas,
3007 4373 3172 4428 altera
3210 4385 3388 4431 autem
3421 4392 3518 4446 per

1939 4452 2129 4508 Filium
2155 4472 2168 4507 :
2194 4469 2289 4523 per
2308 4455 2622 4525 prophetas;
2641 4459 2762 4513 audi
2791 4459 2994 4519 Joelem
3017 4462 3302 4533 dicentem,
3322 4464 3514 4533 E/Iun-

1939 4545 2057 4598 dam
2083 4561 2145 4598 ea:
2175 4544 2370 4614 Spiritu
2401 4562 2509 4599 meo
2534 4564 2685 4616 super
2723 4566 2919 4605 onmem
2947 4569 3148 4607 carnem
3172 4594 3187 4618 ,
3217 4564 3264 4607 et
3293 4556 3517 4625 prophe-

1943 4636 2120 4691 tabunt
2147 4637 2244 4705 ﬁlii
2280 4638 2427 4691 vestri
2455 4648 2503 4692 et
2533 4639 2656 4707 ﬁlim
2689 4651 2886 4709 vestra’,
2911 4655 2959 4697 et
2985 4643 3325 4700 adolescentes
3368 4649 3520 4703 vestri

1937 4727 2170 4781 videbunt
2214 4728 2446 4796 visiones,
2483 4740 2530 4785 et
2554 4732 2771 4786 seniores
2811 4734 2961 4787 vestri
2984 4737 3179 4789 somnia
3196 4738 3516 4793 somniabunt

1938 4817 2077 4886 (Joel
2124 4818 2178 4875 2.
2205 4818 2319 4888 28):
2360 4820 2480 4875 audi
2506 4831 2682 4878 autem
2713 4838 2896 4879 rursus
2920 4824 3186 4881 Clu-istum
3228 4827 3512 4893 dicentem,

1940 4906 2005 4961 Et
2031 4909 2280 4978 accipietis
2311 4910 2539 4965 virtutem
2577 4917 2969 4982 supervenientis
2993 4917 3149 4970 sancti
3176 4917 3401 4986 Spiritus
3429 4935 3516 4971 su-

1939 5015 2028 5067 per
2053 5013 2157 5065 vos,
2184 5010 2232 5051 et
2259 5016 2299 5052 ei
2312 5000 2396 5054 itis
2414 5001 2535 5053 mihi
2563 5010 2707 5056 testes
2734 5004 2786 5056 in
2808 5005 3097 5058 Jerusalem
3122 5014 3167 5058 et
3195 5016 3299 5058 tota
3326 5005 3514 5062 Judwa

1936 5099 1982 5143 et
2024 5089 2261 5144 Samaria
2300 5100 2345 5145 et
2386 5108 2542 5163 usque
2585 5093 2654 5146 ad
2692 5104 2968 5147 extremum
3004 5107 3151 5147 terra:
3179 5095 3313 5164 (Act.
3354 5098 3406 5153 ‘l.
3435 5100 3514 5170 8).

1938 5183 2095 5252 Atqui
2115 5184 2396 5253 oportebat
2419 5186 2588 5252 ipsum
2609 5194 2873 5254 tamquam
2900 5186 3060 5239 Deum
3084 5202 3203 5243 esse
3218 5189 3515 5246 creditum:

1937 5272 2032 5327 sed
2063 5272 2130 5326 de
2159 5273 2259 5327 hoc
2284 5290 2388 5327 non
2417 5275 2613 5328 acriter
2634 5274 2928 5339 contendit,
2961 5275 3051 5330 sed
3084 5280 3351 5335 examinat
3382 5290 3518 5336 tam-

1936 5380 2094 5433 quam
2112 5364 2179 5419 de
2200 5364 2437 5431 homine,
2458 5367 2592 5419 sicut
2614 5365 2664 5417 in
2690 5365 2924 5434 Epistola
2945 5367 3009 5421 ad
3034 5367 3286 5425 Hebraeos
3307 5371 3510 5438 dicens,

1941 5452 2008 5507 Ut
2051 5470 2139 5521 per
2176 5454 2307 5507 duas
2336 5469 2416 5507 res
2460 5454 2756 5520 immobiles,
2798 5456 2851 5508 in
2892 5457 3070 5526 quibus
3110 5460 3416 5529 impossilile
3441 5471 3513 5516 est

1938 5544 2140 5596 mentiri
2182 5543 2364 5607 Deum,
2395 5543 2726 5611 fortissimum
2755 5546 2991 5600 solatium
3020 5549 3290 5603 habeamus
3316 5551 3510 5620 (llebr.

1936 5635 1989 5689 6.
2019 5636 2126 5705 l8).
2161 5634 2232 5689 lta
2264 5635 2422 5689 etiam
2453 5634 2538 5688 hic
2564 5650 2627 5690 ex
2654 5637 2717 5691 iis
2746 5654 2863 5708 qute
2890 5639 3010 5694 data
3041 5651 3163 5694 sunt
3187 5641 3331 5696 ducit
3354 5658 3502 5713 argu-

1939 5738 2175 5780 mentum
2219 5725 2591 5795 promissionis
2635 5726 2958 5784 luturorum.
3012 5729 3302 5798 Propterea
3346 5734 3505 5786 etiam

1936 5816 2147 5871 arrham
2198 5816 2573 5871 vocat:arrha
2623 5819 2765 5872 enim
2815 5827 2897 5872 est
2939 5834 3062 5889 pars
3108 5820 3290 5874 totius.
3346 5820 3513 5880 Emit,
