3932 6220
315 244 377 299 21
1245 263 1310 322 ΙΝ
1349 267 1564 326 EPIST.
1607 273 1701 327 AD
1745 271 1842 328 EPI

1953 275 1984 329 ἱ.
2029 275 2179 332 CAP.
2225 279 2262 334 Ι.
2311 279 2537 341 llOMlL.
2582 285 2644 342 ll.
3520 310 3591 364 29.

315 374 408 430 tlei
437 383 494 431 et
519 375 797 432 socordiae.
828 377 990 448 quue
1014 382 1093 436 sic
1117 380 1399 438 didiceris:
1432 385 1560 455 quid
1590 386 1752 450 enim,
1783 386 1890 454 dic,

311 482 535 536 quiusa,
576 478 658 522 est
699 468 1002 539 difﬁcilius,
1055 473 1182 542 quid
1223 475 1601 544 injucundius,
1642 489 1899 533 noctesne

312 559 468 613 obire
487 559 794 630 vigilantem
816 573 870 616 et
889 579 1072 618 muros
1097 566 1377 635 perfodere
1394 577 1448 622 et
1463 569 1515 622 in
1535 569 1770 624 tenebris
1790 585 1894 623 am-

309 649 521 716 bulare,
549 660 604 706 et
626 652 859 708 animam
889 654 1088 712 habere
1119 657 1170 711 in
1198 659 1462 724 manibus,
1493 669 1546 715 et
1573 660 1891 715 instructmn

307 757 429 796 esse
453 742 517 796 ad
545 743 745 798 caedem
766 783 782 810 ,
815 755 868 799 et
895 753 1125 801 tremere
1147 757 1203 802 et
1227 749 1361 803 mori
1392 759 1539 805 metu
1563 764 1580 817 ;
1611 766 1678 805 an
1707 752 1888 822 quoti-

304 833 478 887 dianis
524 849 742 904 operam
785 836 916 891 dare
961 838 1262 905 laboribus,
1307 850 1360 895 et
1393 841 1443 895 in
1473 851 1586 896 tuto
1615 857 1734 897 esse
1769 858 1889 898 cum

301 927 631 982 securitate?
678 929 792 985 lloc
829 938 912 984 est
963 932 1116 986 facile
1147 950 1160 985 :
1193 943 1247 988 et
1284 935 1405 1004 quia
1437 933 1539 990 hoc
1583 945 1664 991 est
1695 937 1848 992 facile
1870 980 1886 1005 ,

301 1021 487 1086 plures
518 1019 619 1073 hoc
642 1019 878 1087 faciunt,
908 1039 1065 1092 quam
1098 1025 1247 1081 illud.

369 1110 428 1165 4.
455 1107 627 1165 Virtus
655 1123 728 1165 est
753 1116 1026 1168 secundant
1055 1127 1311 1181 naturam,
1337 1120 1514 1173 vitium
1531 1133 1708 1175 contra
1737 1133 1886 1176 natu-

295 1199 478 1254 ramJ
485 1212 800 1256 ammentum
827 1215 900 1259 est
924 1222 1371 1275 supervacaneam.
1403 1211 1593 1266 Contra
1610 1214 1881 1268 avaritiam

295 1300 347 1345 et
373 1292 609 1362 rapiendi
629 1295 970 1364 cupiditatem.
997 1327 1072 1338 —
1100 1298 1262 1356 Vides
1289 1303 1431 1372 quod
1459 1307 1752 1362 secundum
1785 1324 1882 1362 na-

297 1391 478 1436 turam
529 1384 744 1453 quidem
801 1387 872 1442 sit
923 1389 1132 1454 virtus,
1177 1403 1373 1461 przeter
1416 1405 1661 1452 naturam
1697 1410 1875 1455 autem

295 1471 492 1526 vitium
510 1513 524 1536 ,
556 1473 692 1528 sicut
732 1477 948 1532 morbus
969 1489 1024 1533 et
1050 1483 1294 1538 sanitas?
1321 1485 1458 1551 Quid
1487 1503 1616 1543 vero
1659 1493 1876 1546 mentiri

289 1573 348 1617 et
375 1564 936 1636 pcjerare,quamnam
965 1570 1192 1627 habeant
1211 1579 1620 1634 necessitatem?
1639 1580 1870 1650 Nullam,

288 1669 395 1709 nec
425 1656 562 1720 vim;
591 1659 684 1712 sed
716 1658 963 1716 lubenter
989 1664 1054 1716 ad
1084 1664 1134 1718 id
1168 1669 1430 1723 venimus.
1463 1669 1646 1736 Nobis,
1678 1673 1871 1743 inquit,

287 1743 426 1800 ﬁdes
453 1763 558 1802 non
589 1748 832 1806 habetur.
855 1752 1015 1810 Fides
1055 1771 1160 1812 non
1192 1757 1416 1815 habetur
1437 1802 1454 1828 ,
1488 1765 1738 1832 quoniam
1781 1781 1873 1821 vo-

283 1835 468 1892 lumus
498 1857 510 1892 :
544 1841 741 1898 licebat
782 1845 926 1901 enim
955 1847 1112 1903 nobis
1152 1853 1322 1922 magis
1374 1854 1534 1910 ﬁdem
1565 1857 1750 1914 haberi
1799 1875 1866 1915 ex

277 1931 527 1986 muribus
545 1975 561 1998 ,
607 1951 767 2004 quam
805 1953 872 1994 ex
897 1939 1242 2009 juramentis.
1263 1946 1395 2002 Nam
1422 1966 1551 2017 cur,
1579 1952 1666 2006 dic
1691 1952 1820 2007 mibi
1847 1995 1864 2020 ,

271 2021 406 2076 aliis
453 2039 520 2077 ne
557 2025 860 2093 jurantibus
906 2031 1124 2100 quidem
1173 2039 1481 2107 credimus;
1513 2043 1649 2098 alios
1685 2053 1862 2099 autem

269 2113 447 2167 etiam
477 2115 735 2184 iujuratos
783 2119 889 2176 ﬁde
932 2122 1122 2193 dignus
1171 2133 1495 2185 censemus?
1527 2133 1684 2192 Vides
1720 2137 1863 2207 quod

266 2218 617 2276 nequaquam
665 2225 801 2279 Opus
841 2213 912 2268 sit
952 2213 1315 2285 juramentis?
1357 2221 1414 2278 Si
1464 2224 1550 2280 hic
1602 2238 1694 2283 aut
1730 2231 1856 2298 ille,

263 2295 480 2366 inquit,
529 2299 758 2368 dixerit,
806 2307 970 2361 credo
1017 2310 1178 2364 etiam
1211 2313 1472 2384 injurato;
1503 2319 1595 2374 tibi
1638 2295 1853 2391 autem,

267 2401 376 2442 nec
425 2387 473 2443 si
513 2390 799 2458 juraveris.
835 2396 929 2452 Est
953 2415 1088 2470 ergo
1133 2404 1496 2472 juramentum
1535 2426 1854 2482 supervaca-

258 2492 470 2543 ncum;
514 2481 695 2539 ethoc
719 2496 801 2540 est
838 2489 1006 2560 magis
1035 2507 1408 2564 argumentum
1458 2481 1850 2564 incredulitatis

254 2583 428 2638 quam
460 2572 602 2627 fidei.
632 2575 930 2635 Proclivcm
970 2585 1113 2639 enim
1142 2602 1263 2644 esse
1287 2592 1355 2645 ad
1385 2593 1707 2665 jurandum,
1739 2617 1847 2658 non

255 2665 393 2718 sinit
421 2675 478 2720 ut
505 2666 643 2724 bona
672 2674 1005 2744 concipiatur
1051 2683 1233 2748 epiniu
1278 2685 1511 2754 pietatis.
1538 2689 1714 2759 Quare
1751 2697 1842 2764 qui

255 2756 502 2811 maxime
545 2760 898 2830 jurejurando
950 2770 1163 2828 assidue
1208 2775 1404 2841 utitur,
1460 2781 1506 2835 is
1551 2756 1841 2850 juramenti

253 2860 418 2898 usuin
461 2863 792 2920 nequaquam
838 2855 1000 2912 habet
1046 2866 1409 2922 necessarium
1461 2887 1475 2922 :
1521 2874 1613 2942 qui
1659 2887 1838 2932 autem

252 2937 484 2993 minime
509 2942 695 3009 utitur,
725 2945 770 3000 is
792 2947 909 3014 ejus
936 2966 1035 3006 usu
1057 2951 1271 3011 fruitur.
1299 2958 1684 3022 Jurameutone
1703 2983 1839 3038 opus

247 3036 338 3081 est
385 3039 440 3083 ut
484 3034 1056 3099 cretlatueriuitne:
1093 3046 1336 3128 videmus
1378 3053 1522 3108 enim
1572 3059 1715 3127 quod
1741 3034 1834 3131 qui

246 3133 359 3172 non
397 3119 581 3189 jnraut
603 3165 618 3187 ,
648 3126 714 3180 iis
741 3131 974 3187 maxime
1016 3125 1272 3194 creditur.
1316 3142 1422 3198 Sed
1453 3119 1618 3216 quid?
1646 3119 1835 3206 εοιιίη-

245 3210 533 3267 meliosmn
549 3230 668 3270 esse
690 3229 773 3273 est
799 3225 1136 3281 necessitatis
1153 3233 1176 3280 γ
1202 3231 1378 3299 Certe,
1412 3236 1579 3306 inquit
1608 3256 1623 3298 :
1654 3254 1834 3299 movet

243 3301 393 3354 enim
427 3303 502 3358 ira
533 3316 588 3360 et
615 3307 938 3381 inﬂammat,
967 3333 1066 3372 nec
1097 3320 1226 3376 sinit
1275 3334 1330 3378 ut
1355 3301 1573 3396 quietus
1601 3342 1654 3386 et
1686 3343 1832 3388 tran-

241 3395 446 3461 quillus
475 3399 546 3452 sit
564 3402 793 3460 animus.
816 3408 1152 3468 Contumelia
1184 3416 1420 3483 afﬁcere,
1443 3437 1476 3473 ο
1504 3422 1687 3491 homo,
1721 3442 1825 3481 non

241 3494 326 3538 est
360 3488 454 3542 ira:
475 3531 490 3552 ,
518 3493 611 3547 sed
639 3495 925 3554 simultatis
956 3517 972 3554 :
1005 3504 1050 3557 si
1080 3515 1257 3560 autem
1299 3521 1442 3565 esset
1478 3511 1571 3566 ira:
1593 3554 1608 3578 _.
1639 3532 1825 3571 omnes

239 3573 494 3633 homines
544 3582 834 3642 irascentes
863 3606 971 3644 non
1027 3593 1444 3656 intermitterent
1500 3608 1822 3662 contumelia

236 3665 300 3717 af
302 3669 488 3722 licere.
513 3670 650 3726 Iram
676 3675 930 3735 habemus
949 3723 965 3746 ,
990 3699 1092 3740 non
1126 3695 1181 3740 ut
1203 3693 1476 3757 proximos
1497 3699 1820 3754 contumelia

236 3758 550 3814 afﬁciamus
573 3803 589 3826 ,
616 3766 712 3819 sed
740 3777 795 3822 ut
822 3785 916 3826 eos
944 3775 1031 3842 qui
1063 3791 1281 3846 peccant
1319 3796 1694 3845 convertatnus
1718 3831 1733 3856 ,
1767 3802 1822 3848 ut

235 3862 341 3900 nos
369 3851 682 3923 excitemus,
714 3875 782 3914 ne
808 3862 973 3919 simus
999 3866 1167 3938 ignavi
1198 3883 1249 3927 et
1269 3873 1508 3932 hebetes.
1539 3877 1618 3933 Ira
1665 3884 1819 3938 nobis

235 3939 381 3994 inest
415 3954 679 4015 tamquam
721 3952 933 4021 quidam
960 3959 1238 4031 stimulus,
1269 3976 1326 4020 ut
1351 3970 1606 4026 adversus
1630 3974 1817 4029 diabo-

233 4029 346 4085 lum
374 4034 621 4094 dentibus
652 4045 972 4106 strideamus
994 4094 1010 4119 ,
1028 4056 1163 4110 utin
1195 4073 1315 4113 eum
1338 4061 1507 4120 simus
1529 4068 1815 4126 Vehemen-

233 4130 349 4176 tes:
379 4143 482 4182 non
512 4141 568 4184 ut
594 4133 733 4190 alter
761 4137 812 4192 in
839 4141 1063 4198 alterum
1090 4157 1319 4206 stemus.
1345 4154 1506 4210 Arma
1531 4158 1810 4228 habemus,

231 4229 338 4268 non
367 4227 427 4272 ut
452 4236 550 4277 nos
598 4225 742 4294 ipsos
771 4228 914 4286 bello
951 4234 1305 4310 impetamus,
1333 4245 1428 4300 sed
1457 4259 1512 4302 ut
1553 4250 1811 4310 adversus

231 4303 441 4361 hostem
473 4323 681 4370 utamur
711 4332 998 4380 armatura.
1031 4327 1173 4384 Esne
1197 4331 1525 4392 iracundus?
1555 4341 1642 4396 Sis
1693 4346 1810 4398 talis

227 4395 486 4455 adversus
513 4413 596 4456 tua
629 4421 884 4479 peccata,
919 4414 1135 4484 increpa
1154 4421 1416 4492 animum,
1449 4429 1655 4500 ﬂagella
1680 4450 1811 4488 con-

226 4487 506 4546 seientiam
541 4511 556 4549 :
585 4497 659 4550 sis
681 4500 972 4560 vehemens
1012 4506 1212 4576 judex,
1255 4525 1310 4570 et
1351 4520 1578 4576 acerbus
1606 4525 1808 4581 arbiter

225 4576 276 4630 iu
306 4587 395 4632 tua
426 4595 660 4648 peccata.
686 4590 795 4646 lloc
818 4605 900 4650 est
932 4597 1138 4655 lucrum
1181 4603 1274 4659 ira:
1299 4623 1312 4660 :
1339 4621 1618 4680 propterea
1665 4615 1805 4672 Dens

222 4682 339 4722 eam
386 4674 541 4729 nobis
596 4678 806 4736 indidit.
847 4685 918 4739 At
965 4691 1148 4758 rapina
1197 4704 1282 4750 est
1323 4674 1389 4752 ex
1436 4674 1802 4762 necessitate?

131 4823 134 4825 Α
221 4759 609 4833 Nequaquam:
651 4774 777 4842 quid
825 4780 968 4834 enim
1024 4793 1143 4850 est,
1200 4787 1287 4844 dic
1328 4807 1546 4862 quaeso,
1582 4815 1801 4856 necesse

220 4857 456 4922 rapere?
480 4876 725 4930 quamam
753 4870 832 4923 vis
862 4879 913 4924 te
944 4873 1215 4942 impellit?
1246 4857 1557 4953 Paupertas,
1601 4890 1789 4960 inquit,

219 4953 272 4996 et
294 4946 456 5002 timor
483 4951 549 5006 de
576 4954 736 5010 rebus
767 4967 1103 5022 necessariis.
1131 4969 1210 5023 Tu
1250 4946 1531 5042 propterea
1577 4946 1790 5049 quidem

218 5044 363 5091 certe
390 5053 494 5094 non
522 5042 685 5100 debes
727 5064 918 5117 rapere
950 5072 963 5108 :
994 5073 1098 5112 non
1144 5071 1270 5115 sunt
1305 5068 1447 5120 enim
1478 5071 1698 5126 stabiles
1738 5085 1790 5127 et

219 5122 382 5180 ﬁrma:
425 5131 683 5199 ejusmodi
731 5137 948 5196 divitim.
969 5145 1046 5201 Tu
1073 5162 1248 5206 autem
1277 5154 1415 5208 idem
1439 5157 1567 5213 facis
1586 5201 1599 5222 ,
1629 5173 1785 5232 atque

1589 5214 1598 5222 ,
1651 5214 1678 5216 ν-
1703 5214 1783 5232 ,η

218 5214 259 5264 si
287 5217 405 5283 quis
435 5236 645 5292 rogatus
671 5244 766 5284 cur
801 5231 851 5284 in
881 5250 1038 5290 arena
1084 5240 1274 5299 domus
1303 5244 1647 5304 fundamenta
1705 5255 1786 5323 ja-

2003 390 2129 457 ciat,
2161 391 2340 460 dicat,
2369 397 2594 470 PrOpter
2622 400 2786 473 frigus
2821 418 2872 462 et
2915 422 3130 480 propter
3161 414 3414 485 pluviam.
3453 421 3588 479 Pro-

2002 493 2122 549 pter
2151 483 2252 540 hoc
2279 489 2496 555 quidem
2527 503 2674 551 certe
2699 512 2804 552 non
2827 502 3107 570 oportebat
3134 483 3480 568 fundamenta
3503 516 3589 586 ja-

1999 588 2126 632 cere
2153 576 2204 630 in
2236 595 2399 636 arena
2433 601 2446 636 :
2476 601 2537 640 ea
2571 589 2715 642 enim
2745 592 2852 647 cito
2876 607 3123 652 evertunt
3159 611 3213 655 et
3241 605 3491 671 procellae
3529 621 3587 663 et

1999 668 2163 725 venti.
2189 670 2367 738 Quare
2413 675 2459 729 si
2513 679 2592 733 vis
2633 695 2754 736 esse
2781 683 2967 749 dives,
3004 705 3070 744 ne
3103 691 3176 746 sis
3225 709 3451 763 avarus,
3482 715 3584 754 nec

1999 756 2149 824 plura
2194 760 2424 820 habendi
2453 769 2702 836 cupidus.
2725 771 2780 828 Si
2813 775 2892 830 vis
2920 778 3044 834 ﬁliis
3077 783 3288 841 tradere
3322 756 3541 845 divitias
3562 833 3578 856 ,

1997 851 2208 917 posside
2229 853 2432 922 justas,
2457 859 2502 913 si
2531 861 2652 915 ulla:
2681 864 2788 918 sint
2816 868 2950 923 tales
2983 888 2996 925 :
3033 889 3112 926 em
3135 877 3277 933 enim
3309 894 3528 937 manent
3562 925 3578 945 .

1993 950 2242 1013 stantque
2292 946 2461 1005 ﬁrma:
2489 967 2552 1006 ac
2596 955 2852 1023 stabiles;
2908 977 3028 1031 qua:
3076 977 3257 1024 autem
3303 987 3408 1027 non
3451 985 3580 1031 sunt

1991 1032 2253 1102 ejusmodi
2281 1080 2296 1106 ,
2329 1039 2437 1096 cito
2483 1057 2709 1114 pereunt
2738 1059 2792 1105 et
2835 1051 3121 1110 intereunt.
3157 1059 3248 1115 [)ic
3295 1063 3423 1118 mihi
3447 1106 3465 1128 ,
3495 1069 3578 1121 vis

1989 1139 2107 1179 esse
2131 1126 2281 1183 dives
2301 1171 2316 1194 ,
2345 1141 2399 1185 et
2426 1151 2545 1203 qua:
2563 1147 2689 1192 sunt
2712 1141 2940 1198 aliorum
2968 1149 3256 1217 accipere?
3279 1155 3438 1224 Atqui
3470 1156 3574 1214 hoc

1988 1234 2208 1278 nonest
2253 1226 2481 1295 diviliw,
2517 1232 2612 1287 sed
2661 1236 2937 1302 possidere
2965 1256 3085 1311 qua:
3133 1257 3257 1300 sunt
3306 1252 3518 1318 propria
3553 1269 3568 1307 :

1987 1313 2076 1381 qui
2107 1326 2282 1370 autem
2314 1317 2475 1376 habet
2504 1324 2715 1392 aliena,
2761 1345 2865 1384 non
2911 1330 3072 1388 fuerit
3113 1336 3283 1394 dives.
3307 1313 3444 1395 ‘Nam
3489 1345 3570 1400 sic

1988 1405 2147 1459 etiam
2177 1412 2267 1476 qui
2300 1412 2535 1468 vendunt
2566 1418 2759 1485 serica,
2790 1430 2846 1474 et
2876 1424 3194 1480 vestimenta
3223 1429 3292 1485 ab
3323 1431 3444 1486 aliis
3470 1449 3554 1490 ae-

1984 1499 2208 1567 cipiunt,
2223 1504 2588 1572 opulentiores
2606 1520 2656 1564 et
2680 1511 2905 1569 ditiores
2929 1514 3035 1570 dici
3066 1529 3318 1587 poterunt
3341 1541 3354 1578 :
3385 1542 3571 1595 quan;-

1985 1591 2062 1645 vis
2083 1592 2149 1647 ad
2165 1601 2374 1664 tempus
2389 1613 2574 1653 eorum
2597 1601 2706 1656 sint
2722 1604 2844 1659 :sed
2873 1613 3047 1662 tamen
3066 1625 3160 1664 eos
3185 1627 3290 1666 nou
3320 1591 3562 1684 appella-

1982 1698 2100 1737 mus
2122 1684 2332 1740 divites.
2361 1689 2766 1755 Quamobrem?
2791 1697 3054 1764 Quoniam
3085 1701 3416 1776 habentquae
3435 1719 3563 1764 sunt

1978 1773 2171 1840 aliena.
2219 1775 2352 1832 Nam
2381 1781 2481 1835 etsi
2528 1798 2716 1839 eorum
2759 1798 2886 1842 sunt
2919 1790 3274 1859 vestimenta,
3319 1813 3426 1853 non
3476 1811 3560 1856 est

1978 1875 2155 1922 tamen
2185 1884 2371 1925 eorum
2398 1876 2626 1942 pretium
2662 1895 2675 1932 ε
2704 1881 2847 1949 quod
2868 1883 2912 1937 si
2940 1885 3099 1941 etiam
3130 1887 3199 1943 sit
3219 1904 3403 1946 eorum
3429 1909 3553 1962 pre-

1974 1957 2140 2024 tium,
2173 1975 2278 2014 uon
2306 1975 2433 2018 sunt
2479 1964 2561 2020 ba:
2605 1967 2832 2026 divitize.
2869 1973 2926 2028 Si
2971 1985 3152 2032 autem
3192 1995 3314 2050 qua:
3359 1957 3557 2040 dantur

1972 2056 2154 2102 mutua
2186 2065 2293 2106 nou
2324 2052 2526 2110 faciunt
2570 2057 2769 2115 divites
2793 2102 2810 2128 ,
2853 2079 2918 2118 eo
2947 2067 3089 2135 quod
3117 2085 3216 2125 nos
3242 2072 3350 2128 cito
3379 2076 3446 2130 ab
3473 2079 3554 2131 eis

1970 2139 2284 2197 recedamus
2315 2161 2328 2196 :
2355 2162 2475 2215 qua:
2500 2158 2626 2204 sunt
2651 2165 2717 2206 ex
2736 2155 2920 2223 rapina
2941 2164 3212 2228 quomodo
3239 2163 3440 2222 faciunt
3465 2168 3552 2224 di-

1969 2229 2106 2284 vites
2131 2230 2155 2282 ?
2184 2232 2240 2287 Si
2268 2246 2448 2291 autem
2478 2239 2557 2294 vis
2581 2244 2801 2299 omnino
2833 2262 2954 2304 esse
2984 2250 3171 2319 dives;
3205 2271 3378 2328 neque
3403 2261 3546 2316 enim

1963 2335 2024 2374 ea
2056 2336 2142 2377 res
2165 2334 2250 2380 est
2275 2331 2610 2388 necessitatis
2635 2351 2901 2406 :quanatn
2927 2357 2987 2398 re
3017 2345 3096 2400 vis
3123 2345 3225 2402 frui
3245 2352 3548 2422 ampliore?

1962 2412 2140 2470 vitane
2182 2416 2408 2489 longiori
2445 2421 2468 2475 2
2509 2425 2670 2496 Atqui
2716 2431 2806 2500 qtti
2857 2433 2991 2490 tales
3036 2448 3198 2507 sunt,
3243 2412 3368 2499 ιιιοξ
3409 2448 3546 2504 ﬁunt

1960 2505 2082 2560 vita:
2113 2507 2310 2564 brevis.
2345 2513 2502 2585 S:epe
2528 2517 2673 2573 enim
2705 2521 2836 2576 dant
2884 2541 3072 2594 pinnas
3097 2533 3300 2601 rapina:
3326 2545 3381 2589 et
3405 2553 3538 2591 ava-

1957 2597 2130 2665 ritiaz,
2181 2603 2324 2672 quod
2370 2619 2543 2663 morte
2596 2612 2877 2671 immatura
2924 2597 3257 2690 moriantur,
3291 2636 3346 2682 et
3389 2631 3531 2698 quod

1954 2696 2385 2759 possessionibus
2417 2717 2521 2756 non
2551 2703 2797 2762 fruantur
2823 2711 2922 2765 nisi
2954 2728 3138 2782 parum
3163 2757 3180 2782 ,
3211 2728 3264 2773 et
3288 2720 3537 2790 gebcnna

1949 2795 2170 2854 accepta
2216 2790 2479 2846 excedant
2505 2809 2518 2844 :
2549 2809 2692 2865 saepe
2723 2800 2885 2855 etiam
2929 2819 2995 2858 ex
3024 2804 3230 2862 deliciis
3269 2821 3324 2865 ct
3358 2828 3422 2866 ex
3451 2814 3532 2868 la-

1947 2871 2168 2931 boribus
2190 2887 2246 2932 et
2265 2895 2330 2934 ex
2357 2882 2811 2944 sollicitudinibus
2828 2895 3031 2949 morbis
3055 2900 3217 2965 partis
3231 2904 3526 2970 perierant.

1951 2965 2152 3023 Vellem
2181 2971 2318 3027 scire
2346 2988 2575 3043 quanam
2616 2979 2686 3034 de
2730 2997 2890 3038 causa
2920 2987 3152 3043 studium
3185 2965 3390 3060 ponunt
3432 2995 3529 3051 bo-

1943 3059 2118 3116 mines
2143 3062 2197 3118 in
2237 3063 2458 3124 divitiis.
2489 3070 2650 3142 Atqui
2679 3073 2821 3131 Deus
2866 3091 3146 3148 propterea
3177 3059 3382 3140 natura:
3411 3106 3527 3145 mo-

1940 3152 2064 3208 dum
2096 3161 2274 3225 posuit
2301 3173 2350 3212 t'l
2380 3164 2690 3229 terminum,
2723 3184 2789 3224 ne
2820 3169 2980 3226 ullam
3009 3172 3298 3233 habeamus
3330 3195 3520 3236 neces-

1939 3245 2152 3302 sitatem
2202 3254 2509 3321 requirendi
2561 3255 2820 3314 divitias:
2850 3278 3043 3332 nempe
3091 3277 3240 3323 veste
3289 3287 3391 3323 una
3431 3284 3524 3328 aut

1936 3343 2104 3392 aitera
2127 3341 2288 3407 jussit
2315 3359 2512 3414 corpus
2542 3348 2710 3412 indui,
2741 3366 2840 3406 nec
2869 3369 2956 3416 eo,
2985 3356 3126 3423 quod
3157 3368 3237 3411 est
3264 3375 3521 3429 superva-

1935 3440 2181 3494 caneum,
2209 3445 2345 3501 opus
2369 3444 2452 3488 est
2492 3436 2558 3491 ad
2605 3447 2993 3508 tegumentum.
3028 3446 3292 3512 Quorsum
3343 3462 3518 3507 vestes

1933 3516 2376 3590 innumerabiles,
2424 3535 2479 3581 et
2510 3542 2629 3598 qu:e
2683 3531 2983 3588 exeduntur
3034 3553 3062 3589 a
3109 3539 3306 3594 tineis?
3337 3543 3514 3600 Ventri

1929 3619 2109 3664 certus
2154 3613 2345 3668 modus
2393 3626 2476 3672 est
2525 3623 2883 3690 constitutus,
2918 3638 2972 3681 et
3011 3631 3152 3698 quod
3206 3634 3340 3688 ultra
3387 3653 3512 3692 eum

1927 3699 2090 3756 fuerit
2117 3703 2295 3760 datum
2322 3748 2336 3770 ,
2372 3713 2676 3767 necessario
2718 3716 2890 3783 perdit
2915 3727 2968 3772 et
3011 3726 3307 3793 corrumpit
3351 3741 3512 3783 omne

1925 3791 2120 3847 animal
2152 3812 2166 3848 :
2198 3813 2450 3864 quorsum
2481 3817 2670 3873 greges
2692 3814 2746 3860 et
2775 3821 2903 3862 oves
2929 3850 2945 3875 ,
2975 3819 3029 3864 et
3056 3816 3294 3868 carnium
3340 3817 3510 3872 disse-

1923 3886 2169 3940 etiones?
2212 3887 2326 3943 Uno
2357 3899 2500 3946 tecto
2529 3912 2664 3963 opus
2692 3896 2980 3954 habemus:
3000 3919 3224 3971 quanam
3255 3905 3324 3961 de
3348 3925 3508 3963 causa

1923 3987 2048 4031 sunt
2063 3979 2291 4036 ambitus
2305 3994 2358 4036 ct
2374 3984 2702 4050 ambulacra,
2717 4002 3136 4062 sumptuosaque
3152 4005 3205 4049 et
3231 4001 3508 4067 magniﬁca

1920 4070 2142 4125 tediﬁcia
2170 4073 2193 4126 ἲ
2224 4084 2277 4127 ut
2308 4076 2550 4130 vultures
2579 4086 2633 4131 ct
2676 4081 2879 4147 graculi
2911 4081 3154 4138 habitent
3175 4127 3188 4148 ,
3239 4101 3507 4156 pauperes

1919 4163 2115 4217 eruis?
2159 4165 2420 4233 Quantam
2453 4180 2729 4224 merentur
2754 4171 2870 4226 haec
2895 4173 3194 4243 gehennam
3222 4179 3244 4230 Ἰ
3271 4179 3336 4232 Et
3359 4195 3450 4248 saq
3472 4198 3505 4235 ε

1919 4256 2070 4310 multi
2100 4257 2152 4310 in
2181 4257 2313 4313 locis
2340 4275 2459 4329 qua:
2491 4277 2558 4316 ne
2578 4263 2824 4318 viderunt
2853 4267 3099 4334 quidem,
3125 4270 3366 4327 efﬁciunt
3404 4290 3504 4327 eo-

1916 4346 2158 4412 lumnas,
2190 4359 2242 4402 et
2271 4351 2478 4419 lapides
2527 4354 2684 4409 valde
2730 4358 3028 4425 pretiosos,
3073 4372 3130 4416 et
3177 4363 3502 4433 fulgurantia

1916 4438 2134 4492 :editlcia
2168 4439 2319 4510 (quid
2339 4444 2480 4498 enim
2511 4459 2617 4500 non
2647 4457 2776 4502 sunt
2805 4450 3158 4523 machinati?)
3187 4465 3241 4509 et
3263 4472 3362 4510 nec
3390 4459 3490 4527 ipsi

1913 4531 2128 4600 quidem
2158 4533 2240 4587 his
2273 4535 2352 4589 usi
2381 4548 2525 4603 sunt,
2555 4553 2655 4594 nec
2684 4539 2773 4595 ulli
2805 4541 2898 4596 alii
2924 4559 2938 4595 :
2961 4544 3194 4600 solitudo
3222 4548 3366 4601 enim
3391 4565 3498 4604 non

1911 4624 2039 4677 sinit
2067 4639 2160 4678 eos
2209 4625 2398 4690 abire;
2438 4639 2491 4681 et
2540 4645 2607 4684 ne
2654 4631 2732 4686 sic
2774 4632 2990 4702 quidem
3022 4634 3306 4692 desistunt.
3340 4639 3500 4695 Vides

1909 4715 2051 4782 quod
2087 4730 2185 4769 nec
2235 4715 2346 4772 inec
2380 4719 2596 4788 quidem
2643 4731 2700 4777 ut
2747 4724 2811 4778 iis
2860 4735 3079 4782 utantur
3121 4727 3494 4788 faciant‘lSed

1910 4805 2098 4864 horqu
2151 4810 2388 4863 omnium
2435 4826 2594 4866 causa
2625 4823 2708 4868 est
2753 4819 3018 4884 amentia,
3047 4828 3102 4874 et
3143 4822 3369 4876 rationis
3397 4823 3494 4876 de-

1906 4899 2093 4965 fectus,
2118 4910 2172 4954 et
2192 4902 2357 4970 gloria
2389 4902 2566 4958 inanis
2601 4923 2613 4960 :
2643 4922 2801 4974 quam
2840 4924 2969 4978 rogo
2994 4927 3089 4964 vos
3119 4924 3173 4965 ut
3201 4913 3491 4981 fugiamus,

1903 4999 1962 5044 tit
1991 4991 2097 5045 alia
2146 5009 2358 5063 quoque
2390 4995 2527 5048 mala
2582 4998 2848 5065 possimus
2879 5001 3062 5069 fugere
3083 5041 3097 5065 ,
3151 5013 3201 5054 et
3234 5007 3492 5072 consequi

1903 5081 2037 5135 bona
2069 5085 2326 5152 promissa
2362 5083 2425 5140 iis
2449 5088 2535 5156 qui
2557 5086 2728 5157 ipsum
2758 5088 3008 5158 diligunt,
3042 5091 3092 5144 in
3119 5089 3335 5148 Christo
3355 5091 3484 5146 Jesn

1902 5173 2123 5226 Domino
2154 5187 2364 5230 nostro.

1581 5503 1595 5509 —
1613 5503 1626 5509 α
1652 5505 1666 5511 ι
1679 5501 2110 5529 «ιι-πλήρωμ-

537 5671 809 5737 Ρετιιοι..
855 5682 963 5745 (in.
1015 5689 1198 5754 LXll.
