3932 6220
363 277 436 359 23
859 350 863 355 τ
1067 278 1123 334 S.
1163 275 1437 334 JOANNIS
1472 276 1940 333 CHRYSOSTOMI
1980 277 2294 333 ARCHlEP.
2333 278 2861 342 CONSTANTINOP.
3555 273 3627 328 9‘

370 399 3612 433 W—

1756 476 2106 538 HOMILIA
2149 480 2260 541 IlI.

366 629 494 683 Car.
522 632 573 683 1.
604 645 657 685 v.
683 629 772 685 l5.
798 627 1077 698 PrOpterea
1101 637 1149 681 et
1171 643 1263 698 ego
1287 625 1499 681 audiens
1527 623 1679 694 fidem
1695 630 1938 683 vestram,

437 736 553 787 qua:
590 730 663 774 est
700 722 757 773 in
796 719 994 774 Christo
1037 717 1163 773 Iesu
1188 759 1204 785 ,
1244 728 1291 771 et
1320 718 1635 771 dilectionem
1679 715 1733 766 itt
1774 727 1947 766 omnes

435 822 654 875 sanctos,
688 810 775 864 16.
799 826 901 864 non
930 825 1068 864 cesso
1092 809 1286 878 gratias
1326 823 1484 879 agens
1511 822 1603 874 pro
1630 803 1771 858 vobis
1790 845 1803 865 ,
1832 817 1945 855 nte-

437 902 650 955 moriam
691 902 841 955 vestri
885 901 1078 972 faciens
1122 901 1177 954 in
1219 899 1526 953 orationibus
1567 900 1688 951 meis
1710 939 1724 962 ,
1768 897 1857 950 Π.
1886 903 1944 947 ut

438 991 575 1045 Deus
603 991 809 1045 Dotttitti
835 991 997 1045 nostri
1018 991 1147 1045 Jestt
1168 990 1362 1045 Cln'isti
1387 1030 1401 1053 ,
1430 988 1590 1043 Pater
1630 988 1805 1057 glorite
1824 1027 1838 1050 ,
1863 986 1944 1039 det

400 1100 405 1107 ’
430 1085 573 1138 vobis
590 1085 827 1154 spiritum
854 1085 1116 1154 sapientia
1138 1092 1188 1138 et
1213 1082 1527 1137 reuelationis
1552 1082 1604 1134 in
1630 1080 1939 1151 agnitionem

436 1177 579 1245 ejus,
608 1176 695 1230 18.
722 1175 1039 1229 illuminatos
1058 1175 1231 1229 oculos
1269 1172 1437 1228 cordis
1477 1171 1629 1226 vestri
1651 1212 1664 1235 ,
1689 1179 1744 1222 ut
1775 1169 1943 1222 sciatis

434 1283 552 1336 qua:
593 1268 657 1321 sit
697 1285 810 1337 spes
828 1268 1106 1322 vocationis
1135 1269 1281 1338 ejus,
1315 1277 1362 1320 et
1401 1282 1517 1337 qua:
1554 1266 1741 1319 divitia:
1763 1262 1943 1334 gloria:

439 1358 735 1412 hereditatis
755 1363 865 1429 ejus
891 1359 942 1413 in
971 1358 1162 1415 sanctis
1184 1399 1200 1423 ,
1238 1359 1322 1413 l9.
1354 1367 1400 1411 et
1423 1373 1536 1429 qut!
1561 1357 1624 1411 sit
1661 1354 1944 1425 superemi-

438 1467 563 1505 nens
609 1452 906 1522 magnitudo
929 1453 1128 1507 virtutis
1170 1454 1280 1521 ejus
1316 1453 1370 1504 in
1418 1467 1540 1516 nos,
1568 1449 1654 1520 qui
1692 1447 1942 1502 credimus

394 1556 409 1564 ‘
436 1546 709 1598 secundant
737 1546 1080 1615 operationem
1130 1543 1368 1613 potentia:
1414 1543 1612 1597 virtutis
1654 1542 1797 1611 ejus,
1850 1539 1942 1595 20.

436 1653 588 1707 quam
634 1647 874 1706 operatus
915 1645 990 1691 est
1030 1636 1089 1690 in
1124 1635 1368 1702 Christo,
1414 1637 1666 1690 suscitans
1725 1633 1874 1687 illum
1919 1646 1950 1684 a

442 1729 675 1783 mortuis.

429 1823 455 1875 1
470 1861 482 1875 .
500 1820 636 1874 Nihil
649 1820 747 1876 fuit
762 1821 902 1889 quod
910 1820 1424 1891 possetmquiparari
1440 1817 1948 1888 visceribusaposto-

371 1916 516 1970 licis:
550 1914 683 1969 nihil
700 1914 801 1969 fuit
817 1915 989 1969 simile
1007 1914 1464 1969 commiserationi
1485 1921 1539 1968 et
1552 1909 1950 1967 benevolentia:

368 2007 510 2061 beati
536 2004 708 2070 Pauh’,
728 2006 816 2076 qui
844 2020 1031 2061 omnes
1050 2019 1173 2060 suas
1199 2004 1450 2060 fundebat
1470 2017 1663 2073 preces
1688 2016 1793 2073 pro
1814 2002 1947 2056 civi-
1973 2015 1977 2019 ν

371 2098 569 2154 latibus
597 2106 652 2153 et
672 2099 898 2170 populis.
920 2098 986 2154 Et
1010 2097 1074 2153 ad
1092 2112 1281 2153 omnes
1304 2099 1407 2152 hoc
1417 2096 1621 2159 scribit,
1640 2094 1748 2149 Deo
1759 2095 1950 2165 gratias

374 2208 471 2262 ago
515 2209 606 2261 pro
632 2192 772 2245 vobis
794 2231 811 2259 ,
846 2192 1139 2245 memoriam
1160 2190 1311 2245 vestri
1349 2188 1542 2259 faciens
1567 2187 1621 2240 in
1639 2184 1948 2240 orationibus

372 2282 515 2336 utris.
540 2282 783 2352 Cogitate
806 2297 965 2350 quam
989 2282 1186 2336 multos
1212 2280 1458 2334 habuerit
1499 2278 1555 2333 in
1583 2287 1762 2332 mente
1782 2319 1796 2341 ,
1820 2292 1953 2345 quo-

373 2387 489 2426 rum
521 2385 635 2425 erat
664 2373 827 2425 etiam
860 2369 1078 2424 difﬁcile
1104 2369 1446 2426 meminisse:
1472 2382 1631 2436 quam
1662 2367 1949 2419 multorum

374 2461 707 2518 meminisset
738 2463 790 2517 in
833 2461 1164 2517 orationibus
1209 2474 1314 2531 .pro
1340 2459 1590 2513 omnibus
1631 2458 1742 2512 Deo
1789 2471 1953 2526 agens

375 2553 593 2622 gratias,
616 2561 890 2622 tamquam
918 2550 1036 2621 ipse
1056 2550 1303 2605 maximis
1330 2547 1637 2603 afﬁceretur
1655 2546 1952 2603 beneﬁciis.

377 2646 680 2717 Propterea,
700 2645 907 2716 inquit;
940 2643 1046 2700 hoc
1076 2651 1178 2707 est,
1206 2650 1426 2714 propter
1450 2640 1708 2704 futurum,
1732 2649 1786 2695 et
1816 2639 1954 2694 bona

376 2743 608 2812 reposita
637 2740 699 2794 iis
715 2740 802 2810 qui
833 2747 979 2793 recte
1001 2735 1226 2792 credunt
1246 2745 1299 2789 et
1325 2735 1522 2788 vivunt.
1550 2735 1723 2803 Atque
1745 2747 1954 2803 :cquum

376 2834 591 2904 quidem
619 2844 700 2887 est
728 2841 782 2888 et
803 2832 1015 2903 justum
1038 2831 1236 2901 gratias
1275 2843 1436 2900 agere
1464 2828 1606 2894 Deo,
1634 2836 1689 2882 et
1717 2841 1814 2898 pro
1842 2843 1957 2881 om-

379 2924 535 2978 nibus
562 2940 680 2994 quae
727 2924 797 2978 ab
841 2924 957 2992 ipso
998 2921 1193 2977 collata
1223 2931 1349 2975 sunt
1392 2918 1627 2975 humano
1655 2919 1873 2990 generi,
1902 2927 1957 2974 et

379 3027 536 3073 antea
578 3026 632 3071 ct
659 3026 840 3087 postea
869 3034 883 3070 :
910 3030 1121 3087 aequum
1152 3024 1332 3071 autem
1363 3023 1417 3070 et
1441 3014 1641 3084 justum
1669 3022 1753 3068 est
1789 3012 1954 3068 etiam

380 3110 581 3179 gratias
609 3124 767 3179 agere
796 3125 894 3180 pro
937 3108 1044 3164 ﬁde
1068 3122 1256 3164 eorum
1287 3106 1379 3178 qui
1408 3104 1655 3161 credunt.
1688 3103 1915 3158 Audiens
1937 3146 1951 3171 ,

380 3210 568 3280 inquit,
597 3210 750 3279 ﬁdem
772 3217 987 3262 vestram
1009 3248 1025 3274 ,
1049 3221 1163 3276 quis
1181 3214 1254 3259 est
1277 3205 1329 3258 in
1372 3203 1571 3259 Christo
1607 3199 1643 3256 J
1648 3218 1733 3256 esu
1758 3243 1774 3267 ,
1800 3211 1848 3256 et
1873 3200 1957 3253 di—

381 3304 644 3356 lectionem
669 3302 721 3356 itt
749 3316 922 3355 omnes
953 3308 1174 3354 sanctos.
1201 3296 1410 3368 Ubique
1434 3295 1710 3365 coniungit
1739 3302 1793 3347 et
1831 3308 1961 3346 con-

381 3393 606 3463 glutinat
636 3393 794 3447 iidem
840 3402 895 3447 et
920 3390 1263 3447 dilectionem
1290 3429 1306 3455 ,
1342 3389 1515 3458 bigam
1542 3385 1827 3458 quamdam
1859 3385 1958 3439 ad-

387 3483 878 3540 ntirabilettt’.N0n
930 3484 1102 3539 solum
1139 3481 1268 3537 dicit
1318 3480 1629 3551 indigenas,
1661 3477 1754 3533 sed
1799 3477 1962 3531 etiam

389 3591 595 3631 omnes.
627 3576 748 3630 Non
769 3592 907 3630 cesso
931 3576 1124 3645 gratias
1148 3590 1304 3643 agens
1329 3588 1420 3643 pro
1458 3572 1595 3626 vobis
1619 3613 1634 3637 ,
1658 3572 1960 3625 mentionem

384 3670 535 3722 vestri
562 3670 754 3740 faciens
774 3668 826 3720 in
850 3665 1162 3721 orationibus
1198 3666 1340 3718 meis.
1370 3663 1508 3730 Quid
1536 3664 1671 3732 petis
1692 3674 1743 3718 et
1769 3662 1965 3731 rogas?

390 3759 459 3815 Ut
487 3758 622 3812 Deus
654 3757 859 3811 Domini
888 3757 1049 3811 nostri
1071 3754 1196 3809 Jesu
1224 3754 1432 3817 Christi,
1460 3752 1616 3807 Pater
1636 3753 1814 3823 gloria:
1836 3792 1850 3816 ,
1881 3752 1965 3805 det

387 3850 524 3905 vobis
561 3849 796 3920 spiritum
820 3848 1084 3918 sapientiae
1122 3856 1168 3900 et
1207 3844 1546 3900 reuelationis.
1573 3843 1699 3900 Vult
1736 3858 1830 3899 eos
1858 3843 1966 3897 duo

388 3944 598 3998 discere
620 3984 635 4010 ,
688 3950 748 3997 ut
794 3940 1000 3996 discere
1027 3946 1276 4010 oportet,
1310 3947 1364 3993 et
1389 3945 1608 4008 propter
1646 3952 1767 4006 qua:
1794 3937 1966 3991 vocati

389 4050 548 4105 sunt,
580 4049 634 4094 et
678 4034 949 4108 quomodo
999 4032 1208 4088 liberati
1257 4043 1382 4087 sunt
1429 4046 1458 4085 a
1512 4029 1800 4101 prioribus.
1836 4029 1973 4084 Dicit

390 4139 569 4186 autent
616 4131 729 4200 ipse
778 4144 840 4185 ea
880 4143 1002 4184 esse
1048 4129 1167 4181 tria.
1199 4124 1482 4194 Quomodo
1508 4139 1637 4194 ergo
1666 4131 1792 4177 sunt
1822 4122 1921 4177 tria
1947 4122 1970 4176 ?

392 4222 468 4278 De
495 4220 685 4276 futuris
713 4222 756 4275 si
778 4220 1064 4275 discamus.
1090 4217 1222 4273 Nam
1248 4234 1278 4272 a
1305 4216 1460 4271 bonis
1479 4216 1694 4287 quidem
1720 4214 1972 4285 repasitis

391 4316 625 4371 sciemus
672 4314 788 4385 ejus
828 4311 1122 4368 ineffabiles
1165 4321 1218 4368 et
1261 4326 1380 4382 qua:
1431 4320 1672 4363 naturam
1714 4317 1972 4378 superant

392 4407 654 4465 divitias:
699 4423 764 4463 ex
806 4422 872 4461 eo
925 4414 1109 4460 autem
1141 4403 1281 4476 quod
1324 4401 1704 4470 didicerimus,
1746 4401 1965 4472 quinam

390 4515 511 4555 cum
542 4515 785 4556 essemus
808 4497 1077 4569 quomodo
1096 4497 1444 4562 credidimus,
1466 4494 1581 4565 ejus
1600 4494 1889 4565 potentiam
1914 4502 1974 4548 et

391 4594 782 4655 auctoritatem,
808 4608 876 4646 eo
892 4589 1035 4661 quod
1061 4589 1391 4644 converterit
1418 4602 1512 4643 eos
1540 4589 1628 4658 qui
1656 4596 1802 4642 tanto
1836 4597 1971 4642 tem-

394 4703 522 4758 pore
550 4686 759 4741 fuerant
800 4683 1038 4739 alienati.
1062 4682 1193 4737 Nam
1225 4681 1376 4750 Quod
1416 4692 1488 4736 est
1531 4680 1627 4735 Dei
1665 4681 1923 4750 inﬁrmum
1949 4722 1965 4749 ,

393 4791 464 4834 est
490 4779 671 4851 fortius
706 4777 992 4831 hominibus
1015 4774 1090 4849 (ι.
1116 4774 1234 4830 Cor.
1256 4775 1306 4829 1.
1330 4768 1447 4845 23).
1477 4774 1557 4830 Ex
1601 4774 1786 4830 eadem
1827 4775 1970 4830 enim

395 4873 629 4944 potentia
651 4915 666 4939 ,
698 4887 800 4942 qua
828 4868 1101 4925 Christum
1154 4868 1464 4933 suscitavit,
1498 4882 1596 4922 nos
1641 4881 1859 4939 quoque
1904 4866 1971 4921 ad

392 4986 453 5024 se
490 4969 665 5022 traxit.
690 4964 872 5034 Neque
898 4978 1065 5032 usque
1094 4962 1162 5015 ad
1189 4959 1634 5017 resurrecﬁonem
1665 4963 1837 5016 solum
1887 4970 1970 5017 est

393 5061 511 5128 ejus
537 5057 774 5131 potentia
799 5096 816 5122 ,
847 5053 941 5109 sed
970 5053 1127 5124 longe
1152 5054 1399 5124 amplius.
1429 5051 1496 5107 Et
1537 5055 1711 5109 sedere
1746 5053 1863 5123 fecit
1902 5053 1972 5107 ad

395 5153 654 5205 dexteram
682 5164 844 5211 suam,
870 5146 960 5202 2i.
986 5161 1139 5216 super
1159 5162 1358 5200 omnem
1393 5146 1736 5216 principatum
1758 5155 1803 5200 et
1829 5156 1968 5215 pote-

396 5254 573 5298 statem
594 5251 641 5296 et
662 5240 893 5296 virtutem
911 5250 957 5295 et
982 5238 1377 5294 dominationem
1396 5247 1443 5293 et
1471 5255 1618 5294 omne
1640 5256 1818 5294 nomen
1839 5238 1975 5310 quod

397 5336 729 5401 nominatur;
757 5332 846 5387 22.
868 5341 916 5387 et
953 5333 1124 5387 omnia
1152 5331 1362 5401 subjecit
1392 5329 1482 5385 sub
1511 5330 1719 5401 pedibus
1743 5330 1855 5402 ejus
1878 5372 1896 5399 ,
1925 5339 1972 5385 et

460 5537 477 5568 ι
500 5531 816 5600 Coislinianus
837 5541 965 5600 unus
986 5527 1065 5577 hic
1075 5528 1294 5600 quadam
1313 5529 1532 5600 adjicit...
1719 5528 1980 5600 iptamdant

395 5593 754 5648 utlntirabilcnt.
805 5590 921 5641 t‘ide
951 5602 1080 5640 erunt
1102 5603 1120 5640 :
1148 5591 1235 5640 sub
1258 5590 1517 5640 emordittm
1562 5590 1775 5649 epistolte
1817 5590 1976 5648 dixit,

396 5660 586 5709 sanctis
608 5658 689 5721 qui
704 5652 1045 5721 sunt_Ephesi;
1068 5663 1203 5721 nunc
1223 5659 1381 5721 autem
1403 5652 1582 5721 profert
1608 5650 1907 5721 dilectionem
1930 5653 1980 5701 in

396 5734 558 5773 omnes
569 5712 774 5777 sanctos,
788 5715 857 5768 sic
876 5712 1051 5766 iocans
1073 5726 1167 5764 non
1184 5712 1437 5777 indigenas
1460 5712 1661 5774 tantum,
1687 5714 1773 5765 sed
1795 5726 1976 5765 ornnes.

2056 622 2224 691 ipsum
2253 626 2393 680 dedit
2440 640 2591 699 caput
2616 647 2774 699 supra
2817 649 3015 688 omnem
3062 635 3339 693 Ecclesium
3365 682 3380 706 ,
3402 643 3494 698 25.
3521 658 3635 709 quis

2055 725 2128 769 est
2153 733 2338 787 corpus
2362 720 2521 789 ipsius
2546 730 2592 775 et
2614 723 2875 789 plenitudo
2899 727 3011 796 ejus
3036 767 3049 791 ,
3074 730 3161 799 qui
3182 731 3350 785 omnia
3376 731 3429 786 in
3468 735 3629 788 omni-

2054 809 2144 863 bus
2185 811 2513 882 adimpletur.
2554 813 2866 885 Magnorum
2926 835 3112 874 revera
3165 826 3538 894 mysteriorum
3579 835 3629 877 et

2053 916 2369 958 arcanorum
2408 920 2505 959 nos
2546 906 2671 961 fecit
2717 909 3041 980 participes:
3075 928 3173 966 nec
3201 929 3263 968 ea
3310 916 3468 970 aliter
3511 918 3629 972 licet

2054 992 2268 1060 dicere,
2319 1011 2477 1065 quam
2525 997 2594 1052 ab
2624 998 2689 1052 iis
2726 1000 2816 1069 qui
2844 1001 3017 1055 sancti
3059 1001 3290 1072 Spiritus
3317 1014 3443 1059 sunt
3470 1007 3630 1076 parti-

2055 1085 2230 1155 cipes,
2282 1095 2338 1143 et
2375 1087 2537 1143 multa
2578 1088 2828 1145 fruuntur
2876 1092 3069 1162 gratia.
3097 1094 3388 1164 Propterea
3439 1098 3628 1152 Paulus

2053 1192 2266 1247 quoque
2291 1179 2369 1233 sic
2396 1189 2644 1249 precatur
2668 1199 2682 1235 :
2714 1181 2870 1236 Pater
2897 1184 3076 1254 glorice
3094 1227 3109 1250 ,
3136 1186 3304 1256 inquit
3329 1206 3342 1241 :
3376 1190 3481 1244 hoc
3506 1200 3582 1243 est
3604 1229 3619 1250 ,

2054 1267 2143 1336 qui
2182 1283 2372 1339 magna
2405 1270 2559 1326 nobis
2587 1270 2734 1326 dedit
2765 1273 2923 1327 bona.
2953 1274 3035 1329 Ab
3076 1276 3142 1330 iis
3181 1279 3322 1331 enim
3361 1293 3482 1349 quu-
3508 1289 3630 1333 sunt

2055 1355 2294 1426 subjecta
2338 1373 2458 1413 eunt
2487 1374 2702 1430 semper
2726 1373 2884 1416 vocat
2908 1405 2921 1425 ,
2954 1374 3011 1417 ut
3031 1366 3242 1434 quando
3269 1367 3439 1433 dicit,
3479 1367 3631 1422 Pater

2057 1447 2433 1502 miseratiomtttt
2455 1460 2502 1502 et
2526 1449 2663 1504 Deus
2687 1451 2840 1506 totius
2856 1454 3213 1508 consolationis
3237 1455 3314 1519 (2.
3335 1456 3453 1510 Cor.
3476 1459 3524 1512 l.
3543 1458 3629 1527 '5);

2055 1547 2110 1592 et
2140 1553 2323 1595 rursus
2347 1540 2638 1610 propheta,
2678 1541 2925 1597 Dominus
2971 1545 3216 1613 fortitudo
3240 1563 3352 1600 mea
3393 1558 3440 1601 et
3478 1549 3628 1602 auxi-

2056 1629 2182 1684 lium
2219 1647 2387 1686 meunt
2437 1630 2610 1705 (Psal.
2644 1634 2733 1689 17.
2760 1633 2814 1686 2.
2838 1633 2920 1704 5).
2967 1634 3124 1689 Pater
3167 1638 3362 1707 gloria:
3411 1638 3485 1695 Ea
3535 1651 3630 1693 suo

2056 1723 2272 1777 nomine
2300 1740 2403 1778 non
2434 1734 2609 1793 potest
2637 1726 2907 1794 explicare
2935 1742 3000 1781 ac
3033 1727 3273 1797 proferre
3295 1771 3309 1791 ,
3341 1739 3396 1783 et
3436 1731 3629 1798 ubique

2058 1817 2531 1888 appellatgloriam
2553 1858 2569 1884 ,
2603 1818 2745 1888 quod
2777 1818 2993 1889 quidem
3025 1827 3109 1875 est
3135 1819 3274 1890 apud
3306 1835 3405 1876 nos
3436 1835 3628 1875 nomen

2055 1917 2112 1963 et
2138 1909 2422 1980 appellatio
2464 1910 2639 1964 onmis
2665 1909 2988 1979 splendoris.
3020 1911 3160 1966 Ecce
3201 1912 3358 1967 Pater
3401 1911 3585 1982 gloria!
3612 1951 3628 1974 ,

2056 2005 2266 2075 inquit,
2289 2004 2488 2060 Christi
2516 2014 2698 2059 autem
2729 2005 2887 2060 Deus.
2918 2004 3055 2072 Quid
3083 2019 3213 2075 ergo
3232 2047 3247 2071 ,
3279 2015 3434 2060 estne
3464 2003 3631 2058 Filius

2057 2096 2233 2150 minor
2258 2095 2425 2165 gloria
2447 2094 2601 2151 i‘Sed
2631 2111 2811 2161 nemo,
2837 2112 2904 2152 ne
2931 2098 2973 2151 si
3006 2097 3236 2152 insaniat
3264 2097 3500 2168 quidem,
3534 2096 3633 2149 ltoc

2055 2187 2275 2243 dixerit.
2305 2187 2401 2242 Det
2429 2188 2599 2253 vobis,
2631 2188 2733 2244 hoc
2770 2199 2854 2245 est
2878 2231 2894 2254 ,
2926 2197 3160 2244 mentem
3191 2199 3423 2243 vestram
3464 2188 3636 2243 extol-

2056 2277 2169 2335 lere
2194 2288 2248 2333 et
2273 2280 2510 2349 exigere.
2537 2281 2661 2335 llaec
2709 2281 2856 2335 enim
2906 2297 3013 2335 non
3045 2281 3169 2335 licet
3197 2280 3354 2334 aliter
3400 2281 3631 2334 discent.

2057 2368 2307 2423 Animalis
2333 2370 2466 2424 enint
2515 2371 2665 2425 Itonto
2680 2388 2787 2425 non
2819 2372 3030 2442 percipit
3072 2388 3184 2440 qua:
3225 2382 3342 2425 sunt
3387 2372 3635 2440 spiritus:

2057 2468 2176 2513 sunt
2219 2460 2352 2513 enim
2390 2462 2436 2514 ei
2482 2463 2698 2515 stultitia
2733 2463 2809 2532 (l.
2834 2463 2951 2517 Cor.
2979 2463 3036 2517 2.
3062 2463 3172 2534 lt).
3201 2463 3347 2534 Opus
3392 2474 3477 2519 est
3507 2476 3636 2533 ergo

2057 2551 2319 2621 spirituali
2361 2554 2645 2623 sapientia,
2678 2563 2739 2609 ut
2781 2555 3073 2623 spiritualia
3130 2557 3528 2629 intelligamus,
3578 2563 3634 2610 ut

2059 2642 2335 2698 videamus
2382 2659 2502 2715 quae
2550 2653 2681 2700 sunt
2731 2646 2987 2701 occulta:
3026 2646 3143 2717 ipse
3192 2649 3412 2718 spiritus
3457 2647 3632 2702 omnia

2059 2737 2231 2805 aperit
2257 2745 2312 2791 et
2353 2736 2563 2793 revelat
2594 2737 2668 2810 (1.
2694 2736 2814 2792 Cor.
2841 2737 2896 2791 2.
2920 2738 3010 2807 l0)
3039 2756 3053 2793 :
3087 2740 3178 2793 Dei
3211 2749 3292 2794 est
3325 2748 3638 2794 narraturus

2059 2829 2332 2898 mysteria.
2362 2826 2738 2899 Mysteriorum
2767 2837 2944 2884 autem
2979 2829 3069 2883 Dei
3098 2831 3461 2901 cognitionem
3490 2827 3637 2883 solus
3716 2840 3717 2845 ‘

2060 2920 2209 2973 novit
2235 2919 2464 2989 Spiritus
2488 2961 2503 2987 ,
2550 2920 2640 2990 qui
2670 2920 2830 2975 etiam
2874 2930 3145 2976 scrutatur
3183 2921 3299 2992 ejus
3328 2918 3587 2991 profunda
3620 2933 3635 2970 :

2061 3025 2169 3066 non
2191 3011 2433 3083 angelus,
2466 3027 2571 3066 non
2601 3011 2973 3082 archangelus,
3003 3029 3107 3068 non
3138 3013 3244 3067 ulla
3267 3014 3370 3067 alia
3401 3016 3641 3084 potestas

2062 3114 2240 3159 creata
2271 3102 2513 3168 dederit;
2546 3103 2647 3158 ltoc
2673 3112 2774 3169 est,
2809 3103 2960 3158 vobis
3002 3105 3268 3158 charisma
3301 3103 3556 3174 praebeat.
3582 3096 3639 3151 Si

2062 3205 2240 3252 autem
2273 3196 2376 3250 hoc
2401 3204 2484 3250 est
2525 3195 2870 3251 revelationis
2895 3236 2911 3260 ,
2945 3194 3212 3265 superflua
3242 3204 3326 3249 cst
3375 3193 3639 3249 rationum

2065 3288 2323 3344 inventio.
2350 3287 2483 3343 Nam
2515 3289 2604 3359 qui
2633 3288 2805 3343 Deum
2834 3288 3022 3343 didicit
3047 3296 3100 3342 et
3130 3288 3298 3342 Deum
3332 3287 3500 3350 novit,
3534 3294 3639 3336 non

2064 3379 2291 3449 amplius
2336 3380 2404 3433 de
2451 3377 2562 3433 ullo
2587 3378 3019 3433 dubitabitznon
3072 3378 3252 3443 dicet,
3297 3379 3413 3434 Hoc
3471 3376 3645 3444 ριιιοει

2066 3469 2203 3537 fieri,
2232 3469 2333 3525 hoc
2357 3485 2465 3524 non
2496 3478 2693 3539 potest,
2728 3480 2781 3523 et
2808 3468 3080 3539 quomodo
3107 3469 3210 3524 ltoc
3239 3471 3439 3524 factum
3468 3466 3557 3519 sit.
3589 3458 3643 3511 Si

2068 3561 2237 3614 Deum
2266 3559 2609 3615 didicerimus
2630 3571 2686 3612 ut
2714 3558 2853 3614 scire
2878 3567 3121 3628 oportet,
3153 3559 3197 3613 si
3223 3556 3569 3614 didicerimus
3616 3561 3647 3599 a

2067 3666 2175 3723 quo
2212 3650 2419 3707 discere
2462 3660 2710 3719 Oportet,
2767 3666 2959 3719 nempe
3000 3650 3066 3704 ab
3115 3649 3231 3720 ipso
3260 3647 3496 3719 Spiritu,
3543 3651 3647 3693 non

2070 3746 2300 3815 amplius
2351 3745 2420 3800 de
2474 3744 2580 3798 ulla
2629 3760 2686 3797 re
2733 3741 3113 3797 dubitabimus.
3142 3741 3435 3810 Propterea
3480 3732 3647 3788 dicit.

2073 3834 2139 3889 In
2169 3836 2427 3907 agnitione
2459 3838 2567 3904 ejus
2605 3834 2921 3887 illaminatos
2952 3832 3125 3887 oculos
3155 3833 3324 3886 cordis
3351 3824 3521 3882 vestri.
3552 3816 3649 3885 Qui

2072 3927 2320 3982 didicerit
2347 3926 2472 3998 quid
2498 3927 2568 3981 sit
2601 3927 2760 3990 Deus,
2793 3942 2899 3980 non
2919 3923 3184 3980 dubitabit
3222 3923 3290 3977 de
3336 3912 3654 3989 promissio-

2074 4020 2232 4075 nibus
2265 4037 2280 4074 :
2310 4035 2416 4075 non
2455 4018 2523 4074 de
2569 4018 2635 4073 iis
2660 4035 2778 4088 qtue
2804 4020 2915 4090 jam
2948 4018 3082 4071 facta
3115 4024 3241 4070 sunt
3270 4013 3374 4070 erit
3397 4004 3649 4065 incredu-

2074 4113 2178 4167 lus.
2203 4113 2376 4182 Atque
2415 4121 2559 4182 optat
2589 4111 2804 4182 quidem
2845 4112 2925 4166 eis
2955 4110 3067 4166 dari
3097 4109 3344 4179 spiritum
3376 4094 3654 4170 sapietlliw

2074 4213 2130 4260 et
2191 4204 2576 4271 revelationis;
2627 4213 2880 4258 cancrum
2930 4204 3045 4272 ipse
3112 4214 3324 4272 quoque
3371 4188 3658 4250 confit-utut

2076 4297 2372 4353 rationibus
2396 4312 2747 4368 quascumque
2769 4305 2943 4365 potest
2968 4311 3031 4350 ex
3063 4295 3127 4348 iis
3152 4310 3270 4365 qua:
3288 4293 3399 4361 jam
3423 4283 3656 4339 fuerunt-

2078 4388 2208 4444 Nam
2257 4389 2507 4459 quoniam
2539 4397 2654 4443 crat
2701 4389 2941 4442 dicturus
2987 4387 3087 4440 alia
3146 4385 3360 4456 quidem
3390 4388 3508 4445 (ιιιω
3548 4369 3659 4436 iam

2077 4482 2212 4537 l‘acta
2239 4480 2471 4545 fuerant,
2503 4481 2605 4534 alia
2628 4490 2811 4534 autem
2837 4495 2955 4549 qua:
2985 4476 3225 4533 nondum
3268 4463 3614 4535 contigeram
3643 4467 3658 4504 ³

2077 4590 2142 4629 ex
2173 4575 2236 4628 iis
2264 4589 2383 4644 qua:
2410 4573 2546 4628 facta
2579 4580 2703 4627 sunt
2725 4613 2740 4638 ,
2770 4571 2928 4625 ﬁdem
2956 4569 3082 4624 facit
3123 4570 3187 4623 iis
3232 4579 3353 4635 mue
3383 4559 3521 4613 facta
3555 4555 3660 4601 non

2077 4677 2199 4723 sunt
2218 4665 2543 4734 :cujusmodi
2564 4674 2645 4721 est
2661 4664 2762 4720 hoc
2782 4682 2794 4717 :
2816 4661 2883 4718 Ut
2903 4663 3097 4727 sciatis,
3114 4661 3305 4732 inquit,
3329 4664 3443 4723 qua:
3461 4644 3526 4698 sit
3551 4647 3662 4705 sl’“

2078 4760 2352 4815 vocationis
2374 4760 2504 4829 ejus.
2532 4759 2627 4813 Est
2650 4757 2826 4813 adhuc
2859 4798 2874 4823 ,
2905 4755 3110 4826 inquit,
3140 4753 3351 4808 occulta
3377 4784 3392 4809 ν
3421 4735 3516 4795 sed
3556 4740 3663 4833 non

2080 4854 2348 4911 ﬁdelibus.
2394 4852 2463 4907 Et
2503 4869 2620 4925 qtae
2670 4852 2861 4906 divitia:
2904 4851 3081 4922 gloria:
3115 4841 3409 4902 hereditatis
3454 4832 3569 4925 ejus

2079 4947 2284 5002 sanctis.
2311 4946 2429 5001 Hoc
2461 4905 2671 5015 quiaque
2688 4951 2769 4998 est
2790 4905 2965 4996 adltnc
2997 4953 3104 4993 non
3133 4931 3502 4991 manifestum.
3529 4905 3665 5015 ριιῖξ)

2081 5049 2165 5098 est
2191 5050 2369 5094 autent
2401 5012 2785 5095 manifestum?
2832 5029 2987 5101 Quod
3041 5027 3371 5086 credidimus
3400 5024 3524 5069 eum
3549 5012 3665 5101 sua

2079 5137 2276 5192 virtute
2320 5131 2590 5188 Clu-istum
2635 5125 2960 5182 suscitasse:
2997 5131 3081 5177 est
3123 5120 3266 5176 enim
3298 5112 3458 5175 longe
3497 5093 3675 5151 adun—

2081 5228 2301 5285 rabilius
2345 5223 2677 5296 persuasisse
2723 5215 2952 5283 animis,
2981 5228 3141 5285 quam
3191 5202 3486 5296 suscitasse

2082 5283 2251 5376 tuum.
2283 5283 2362 5374 Et.
2382 5313 2691 5389 quomodo?
2728 5311 2839 5382 Ego
2888 5283 3105 5365 tentabo
3136 5305 3240 5360 hoc
3270 5288 3421 5389 vobis

2082 5415 2209 5469 dere
2238 5431 2251 5466 :
2284 5372 2413 5467 audi
2439 5410 2581 5465 enim
2618 5372 2861 5461 Christus
2891 5402 3026 5457 dixit
3054 5404 3292 5454 mortuo,
3319 5372 3670 5469 Isaura-acut

2086 5460 2671 5577 fdra's-(Jo-dtﬂtsllaﬁ)
2691 5541 2704 5562 ,
2735 5507 2790 5553 et
2814 5496 2995 5551 statim
3027 5489 3234 5547 obcdiil
3267 5499 3280 5534 ε
3314 5477 3506 5577 rei"?

2086 5550 2549 5663 ξιῗέῦῐιὶζέξέηέέέ
2811 5589 2903 5658 40)
2919 5629 2934 5653 ,
2961 5598 3016 5642 et
3038 5600 3147 5640 non
3169 5559 3532 5666 ctttttradixit-l

2085 5695 2225 5751 dicet
2252 5694 2306 5750 in
2323 5645 2411 5750 die
2437 5645 2646 5756 uli'tttio,
2665 5697 2719 5742 et
2735 5696 2923 5740 omnes
2953 5680 3261 5748 rcsurgeut,
3290 5670 3343 5720 et
3370 5664 3492 5712 cum
3520 5645 3664 5700 tamn
