3932 6220
427 471 486 527 εδ
1320 450 1388 508 lN
1425 450 1640 508 EPIST.
1685 450 1776 506 AD
1816 448 1975 506 EPIII

2103 446 2260 503 CAP.
2303 446 2342 502 Ι.
2385 447 2615 507 ιιοιιιι.
2656 448 2742 508 ill.
3591 446 3665 501 9.6

430 577 699 641 celeritate,
719 581 778 629 ut
806 571 900 642 qui
922 568 1095 626 adhuc
1114 575 1301 624 vivunt
1324 607 1341 629 .
1382 582 1490 622 non
1519 566 1629 621 sint
1653 563 1975 635 pneventuri

431 689 508 729 eos
537 673 624 743 qui
645 668 1000 730 dormierunt,
1029 663 1166 720 adeo
1194 671 1252 717 ut
1277 660 1459 717 omnia
1475 660 1605 714 fiant
1628 658 1681 714 in
1707 664 1979 713 momento

431 778 472 821 et
496 765 540 820 in
562 763 668 818 ictu
690 759 856 816 oculi.
1772 783 1777 787 -

486 856 527 913 2.
556 854 613 911 In
646 849 917 908 credendo
955 855 1131 903 autem
1162 860 1267 900 non
1298 844 1369 898 ita
1409 842 1502 905 ﬁt;
1538 840 1632 896 sed
1671 837 1980 909 quomodo?

427 946 540 1004 Audi
561 960 685 1000 eum
712 956 901 998 rursus
923 940 1186 995 dicentem
1220 954 1232 990 :
1265 934 1474 1000 Quoties
1511 932 1647 986 volui
1674 944 1979 1000 congregare

424 1040 541 1109 ﬁlios
563 1046 771 1100 uestros,
792 1042 838 1087 et
864 1030 1094 1086 noluistis
1117 1026 1269 1100 (Luc.
1299 1026 1388 1080 i3.
1416 1020 1527 1093 54).
1557 1021 1715 1075 Vides
1738 1019 1839 1074 hoc

423 1108 702 1187 difficilius?
721 1123 1078 1192 Quamobrem
1099 1133 1168 1175 ex
1198 1117 1301 1172 hoc
1326 1114 1512 1185 prohat
1532 1112 1863 1166 universum.
1882 1108 1979 1164 Est

425 1221 547 1275 enim
573 1216 746 1274 multo
761 1211 1038 1269 diiiicilius
1062 1207 1310 1263 humanis
1334 1204 1625 1260 rationibus
1653 1199 1979 1273 persuadere

424 1312 573 1366 libero
597 1307 839 1372 arbitrio,
864 1316 1023 1375 quam
1048 1298 1260 1370 operari
1289 1306 1555 1352 naturam.
1580 1292 1754 1349 Causa
1781 1301 1864 1346 est
1884 1303 1979 1342 au-

424 1414 555 1464 tem,
582 1397 831 1469 quoniam
862 1398 975 1465 ipse
1012 1395 1090 1449 sic
1130 1390 1241 1445 vult
1275 1402 1372 1443 nos
1411 1395 1590 1441 nostra
1629 1392 1821 1454 sponte
1862 1381 1979 1438 ﬁeri

425 1493 594 1547 Iunios.
620 1490 710 1546 Sic
734 1488 926 1543 merito
950 1484 1110 1549 dixit,
1138 1480 1527 1550 Supereminens
1552 1473 1850 1544 magnitudo
1878 1473 1979 1525 uir-

425 1586 531 1639 tutis
553 1586 661 1654 ejus
692 1583 744 1636 in
774 1595 865 1633 nos
906 1578 991 1649 qui
1035 1573 1357 1630 credidimus.
1396 1568 1621 1637 Quando
1660 1566 1803 1622 etaim
1848 1579 1976 1634 pro-

423 1677 581 1746 pheta:
607 1672 734 1729 nihil
766 1670 1130 1741 profecerunt,
1151 1663 1363 1734 quando
1383 1661 1559 1730 angeli
1575 1669 1628 1715 et
1648 1656 1976 1727 archangeli,

418 1764 613 1836 quando
639 1763 815 1819 omnis
842 1769 1087 1816 creatura
1111 1754 1451 1826 aspectabilis
1468 1792 1487 1819 ,
1511 1760 1567 1806 et
1605 1765 1711 1804 non
1736 1764 1881 1818 aspet
1900 1758 1981 1802 ta-

418 1859 528 1913 bilis
549 1874 565 1913 :
588 1852 929 1924 aspectabilis
952 1848 1167 1920 quidem
1195 1848 1247 1901 in
1274 1844 1452 1901 medio
1476 1842 1769 1913 proposita,
1792 1849 1847 1896 et
1871 1855 1977 1897 non

414 1950 584 2004 valens
619 1946 921 2007 deducere,
967 1939 1130 1995 multa
1172 1946 1350 1992 autem
1389 1932 1783 2005 inaspectahilis
1808 1948 1825 1987 :
1852 1939 1979 1989 tunc

412 2057 553 2095 suum
575 2034 903 2106 dispensavit
927 2032 1234 2094 adventum,
1263 2024 1551 2083 ostendens
1577 2038 1688 2080 rem
1713 2038 1875 2094 egere
1897 2022 1981 2077 di-

412 2133 527 2185 vina
555 2129 770 2183 virtute.
799 2118 1015 2178 Diuitias
1038 2122 1235 2192 glorier.
1266 2119 1377 2173 Hoc
1401 2126 1505 2182 est,
1533 2115 1759 2186 gloriam
1786 2112 1975 2169 iuell‘a-

416 2223 590 2277 hilem.
630 2218 763 2274 Nam
806 2230 1049 2287 quaenam
1092 2212 1268 2267 oratio
1306 2209 1497 2278 poterit
1539 2207 1685 2261 illam
1711 2207 1978 2271 explicare

394 2314 660 2385 gloriam,
690 2308 843 2378 cujus
883 2304 1052 2359 sancti
1083 2313 1208 2357 tunc
1242 2309 1400 2355 cruut
1438 2297 1758 2367 participes?
1787 2295 1938 2350 Nulla
1958 2294 1991 2361 ς’·

408 2406 501 2461 sed
531 2420 588 2458 re
614 2417 737 2457 vera
763 2414 899 2469 opus
923 2396 1089 2467 gratia
1111 2436 1126 2459 ,
1159 2402 1216 2448 ut
1258 2407 1409 2446 mens
1444 2390 1611 2444 discat
1635 2430 1652 2455 ,
1682 2399 1736 2443 et
1760 2389 1978 2443 omnino

407 2509 622 2564 parvum
666 2492 851 2560 utique
894 2488 1097 2544 radium
1136 2484 1385 2551 excipiat.
1418 2481 1603 2550 Aliqua
1641 2481 1799 2535 etiam
1828 2480 1977 2550 prius

402 2585 611 2655 quidem
653 2587 913 2635 noveram
936 2618 952 2642 ,
983 2576 1192 2631 volebat
1218 2584 1395 2627 autem
1434 2585 1529 2628 eos
1565 2587 1707 2626 nunc
1748 2571 1979 2640 amplius

400 2677 606 2730 discere
630 2681 682 2727 et
715 2684 873 2725 nosse
896 2666 1151 2738 apertius.
1183 2664 1344 2719 Vides
1371 2677 1530 2733 quam
1561 2661 1724 2716 multa
1753 2662 1822 2716 sit
1850 2676 1980 2729 ope-

401 2766 581 2821 ratus?
605 2761 878 2819 Christum
904 2756 1179 2813 suscitavit
1210 2772 1224 2808 :
1251 2756 1422 2808 hocne
1451 2753 1706 2823 parvum?
1731 2750 1836 2806 Sed
1862 2767 1980 2806 rur-

399 2873 489 2912 sus
530 2855 671 2910 vide.
716 2851 918 2909 Sedere
971 2849 1093 2905 fecit
1138 2846 1205 2900 ad
1250 2845 1526 2902 dexteram
1570 2858 1723 2898 suam
1756 2859 1770 2898 :
1801 2842 1978 2899 ullane

396 2950 567 3004 oratio
611 2946 716 3002 hoc
759 2943 955 3014 poterit
990 2938 1292 3010 explicare?
1323 2938 1454 2992 Eum
1491 2936 1579 3007 qui
1614 2935 1715 2990 fuit
1739 2950 1771 2990 e
1802 2944 1937 2990 terra
1958 2975 1975 3001 ,

396 3055 518 3093 cum
547 3037 638 3108 qui
668 3043 752 3090 est
778 3033 948 3104 magis
977 3039 1155 3085 mutus
1180 3044 1336 3098 quam
1368 3028 1564 3098 pisces,
1588 3027 1677 3096 qui
1706 3025 1873 3081 factus
1894 3037 1978 3081 est

398 3130 684 3187 ludibrium
709 3126 1037 3190 da‘monum,
1066 3124 1118 3178 in
1145 3122 1313 3176 altum
1335 3120 1512 3175 statim
1533 3119 1741 3175 extulit.
1772 3118 1976 3174 Revera

395 3231 479 3277 est
501 3219 906 3290 supereminens
932 3212 1240 3285 magnitudo
1264 3212 1379 3283 ejus
1407 3210 1638 3267 virtutis.

465 3314 633 3380 Quam
648 3313 749 3366 alte
770 3309 905 3364 Deus
921 3308 1167 3362 hominem
1191 3303 1655 3360 cxtulerit.——Vide
1667 3313 1847 3359 autem
1868 3318 1977 3375 quo

391 3406 643 3461 extulerit
676 3421 690 3456 :
721 3403 774 3457 in
816 3401 1121 3456 etlestihns
1166 3414 1289 3453 eum
1319 3396 1440 3452 fecit
1469 3397 1800 3467 superiorem
1831 3398 1973 3452 omni

388 3506 571 3553 creata
590 3503 960 3563 nntura,supra
974 3506 1187 3546 omnem
1205 3489 1554 3559 principatum
1570 3499 1621 3544 et
1637 3498 1973 3558 potestatem:

394 3589 569 3657 Supra
585 3602 806 3648 omnem,
829 3583 1018 3653 inquit,
1034 3582 1390 3652 principatum.
1413 3580 1618 3635 Revera
1636 3581 1823 3648 spiritu
1841 3594 1977 3649 opus

391 3688 498 3743 est,
527 3687 582 3733 et
607 3674 831 3744 sapienti
860 3683 1035 3729 mente
1064 3674 1117 3727 in
1149 3673 1415 3743 agnitione
1442 3671 1592 3740 ejus;
1628 3686 1811 3726 revera
1840 3686 1977 3740 opus

395 3781 473 3825 est
492 3768 841 3824 revelatione.
868 3766 1047 3837 Cogita
1069 3775 1323 3833 quantum
1356 3763 1563 3819 intersit
1588 3763 1724 3817 inter
1744 3761 1976 3817 hominis

399 3871 458 3917 et
484 3861 583 3917 Dei
605 3869 850 3914 naturam
873 3878 889 3912 :
909 3869 961 3912 et
981 3857 1049 3913 ab
1086 3857 1185 3913 hac
1224 3856 1429 3911 vilitate
1457 3863 1512 3910 et
1538 3854 1833 3923 abjectione
1851 3870 1974 3911 eum

398 3953 467 4006 ad
516 3950 666 4006 illum
712 3948 967 4003 honorem
993 3948 1236 4011 sustulit;
1267 3961 1372 4001 non
1395 3962 1558 3999 unum
1587 3955 1678 3998 aut
1703 3946 1928 4000 alterum
1955 3987 1972 4011 ,

398 4053 491 4096 aut
528 4043 745 4098 tertium
787 4039 1005 4110 gradum
1050 4038 1396 4094 transcendit.
1440 4035 1627 4105 Papae!
1658 4036 1768 4091 Nec
1800 4037 1975 4090 solum

395 4133 550 4198 dixit,
574 4132 766 4200 Sup'ra,
795 4130 913 4196 sed,
943 4132 1113 4201 Longe
1139 4145 1316 4199 supra.
1359 4127 1616 4195 Superuis
1649 4127 1790 4182 enim
1821 4137 1973 4195 pote.

396 4222 622 4281 Statilius
643 4221 784 4277 Deus
807 4230 887 4275 est
912 4221 1176 4286 superior.
1203 4219 1375 4288 Ipsum
1406 4219 1581 4285 itaque
1610 4218 1734 4272 illuc
1759 4218 1971 4285 extulit,

394 4323 451 4368 et
484 4312 573 4384 qui
618 4323 733 4365 erat
773 4327 838 4366 ex
884 4310 1071 4375 nobis,
1102 4324 1225 4362 enim
1266 4306 1335 4361 ab
1377 4308 1629 4362 extremis
1669 4308 1975 4364 carceribus

394 4417 563 4471 usque
586 4400 654 4455 ad
680 4401 923 4453 ultimum
952 4399 1105 4453 duxit
1131 4398 1501 4468 principatum,
1533 4406 1653 4467 post
1676 4413 1833 4467 quem
1866 4413 1973 4452 non

393 4505 479 4552 est
515 4496 689 4551 honor
732 4495 887 4550 alius.
934 4494 1181 4559 Omnem,
1219 4492 1420 4561 inquit,
1461 4493 1833 4562 principatum,
1866 4508 1972 4547 non

396 4588 535 4641 hunc
558 4587 777 4658 quidem
802 4627 819 4652 ,
850 4586 995 4639 illum
1033 4576 1221 4639 autem
1258 4598 1396 4647 non,
1428 4583 1522 4637 sed
1542 4625 1556 4646 ,
1588 4582 1798 4636 Omnem
1827 4584 1972 4652 prin-

392 4679 613 4747 cipatum
639 4686 686 4730 et
717 4686 1009 4743 potestatem
1035 4685 1085 4729 et
1111 4673 1524 4738 dominationem,
1555 4683 1601 4727 et
1628 4689 1771 4727 omne
1793 4690 1972 4727 nomen

393 4770 526 4836 quod
554 4770 865 4831 nuntiantur,
896 4767 942 4820 si
968 4765 1110 4835 quod
1138 4775 1219 4819 est
1251 4764 1302 4818 in
1332 4764 1466 4819 cmlo
1488 4804 1502 4825 ,
1533 4763 1781 4817 omnibus
1806 4765 1975 4818 evasit

392 4860 653 4929 superior.
679 4858 793 4914 Hoc
811 4859 881 4914 de
899 4874 966 4913 eo
984 4858 1075 4929 qui
1099 4866 1182 4912 est
1206 4857 1467 4912 excitatus
1490 4871 1520 4910 a
1546 4856 1770 4909 mortuis
1794 4872 1807 4908 :
1832 4858 1971 4924 quod

390 4948 603 5017 quidem
641 4949 862 5020 dignum
888 4956 971 5002 est
995 4947 1367 5001 admiratione.
1402 4944 1531 4999 Nam
1562 4943 1629 5000 de
1662 4945 1769 4999 Deo
1800 4945 1974 5000 Verlto

390 5055 747 5111 nequaquam.
776 5037 907 5093 Nam
933 5037 1076 5108 quod
1104 5047 1226 5091 sunt
1256 5036 1458 5093 culices
1485 5036 1550 5090 ad
1582 5036 1842 5093 homines.
1874 5036 1975 5090 luzc

388 5141 467 5186 est
496 5131 674 5185 omnis
697 5139 940 5186 creatura
972 5128 1037 5184 ad
1072 5129 1262 5184 Deum.
1295 5127 1360 5181 Et
1390 5126 1515 5196 quid
1551 5126 1703 5193 dico,
1730 5128 1972 5182 culices?

387 5225 431 5278 si
457 5239 645 5280 omnes
671 5221 920 5290 homines
944 5220 1334 5291 reputabuntur
1358 5227 1415 5271 ut
1447 5219 1633 5280 saliva,
1660 5228 1714 5273 et
1742 5219 1968 5288 reputati

386 5322 510 5367 eunt
533 5323 593 5367 ut
618 5321 950 5368 avunculum
988 5320 1203 5365 statera:
1233 5308 1402 5380 (Iani.
1432 5308 1524 5363 40.
1561 5309 1659 5377 15)
1692 5330 1705 5364 :
1732 5325 1824 5364 eas
1852 5326 1972 5378 qua!

388 5405 486 5459 sub
515 5416 790 5475 aspectum
823 5420 928 5458 non
955 5404 1153 5458 cadunt
1194 5410 1484 5472 potestates
1529 5416 1666 5471 pone
1701 5412 1969 5472 tamquam

388 5495 606 5549 culices.
637 5494 754 5548 Non
781 5494 942 5564 igitur
966 5494 1035 5548 de
1062 5494 1169 5547 Deo
1199 5492 1373 5547 Verbo
1399 5494 1478 5546 sic
1506 5490 1660 5556 dixit,
1692 5492 1783 5546 sed
1810 5492 1877 5547 de
1905 5509 1970 5546 eo

389 5583 604 5650 quidem
643 5585 733 5653 qui
778 5583 878 5636 fuit
920 5598 985 5637 ex
1018 5583 1172 5636 nobis
1202 5602 1216 5636 :
1249 5582 1351 5636 hoc
1379 5591 1462 5637 est
1491 5597 1615 5636 vere
1646 5598 1890 5652 magnum
1917 5593 1972 5637 ct

389 5671 727 5727 admirabile.
758 5673 841 5727 Ah
870 5669 1066 5728 inlimis
1088 5674 1229 5728 enim
1260 5682 1416 5728 terra:
1453 5674 1691 5741 partibus
1724 5690 1845 5727 eum
1873 5690 1969 5728 ex-

395 5761 538 5812 tulit.
577 5760 635 5815 Si
675 5776 866 5815 omnes
902 5771 1083 5827 gentes
1117 5772 1379 5831 tamquam
1418 5764 1556 5816 stilla
1579 5805 1595 5827 ,
1637 5780 1772 5818 unus
1808 5764 1971 5817 homo

397 5856 563 5915 quota
588 5858 665 5905 est
694 5864 818 5918 pars
842 5848 1025 5903 stillm?
1045 5851 1147 5907 Sed
1171 5867 1289 5907 cum
1317 5853 1441 5908 fecit
1464 5852 1707 5908 otttuihus
1732 5853 1970 5923 superie-

2087 577 2224 630 rem,
2256 577 2360 618 non
2389 565 2563 620 solum
2593 565 2647 620 in
2673 565 2774 622 hoc
2797 567 2996 623 sats:qu
3016 610 3029 626 .
3057 565 3152 623 sed
3190 567 3349 623 etiam
3387 569 3438 621 in
3466 563 3664 623 lutum.

2082 653 2220 708 Sunt
2242 669 2371 723 ergo
2401 664 2720 723 potestatum
2749 658 3097 728 quarumdam
3126 659 3341 714 nomina
3377 659 3530 713 nobis
3559 673 3665 713 non

2081 745 2323 814 signata,
2375 761 2550 823 neque
2591 757 2738 803 uota.
2782 749 2847 804 Et
2888 752 3058 805 omnia
3087 752 3299 823 subjecit
3337 752 3427 805 sub
3456 751 3667 819 pedibus

2082 835 2213 905 ejus.
2246 836 2360 891 Non
2387 838 2559 892 solum
2593 838 2718 894 fecit
2750 843 3079 912 superiorem
3105 854 3163 898 ut
3188 844 3267 898 eis
3296 842 3501 898 honore
3531 859 3667 911 prai-

2082 922 2330 988 ferretur,
2358 940 2532 997 neque
2561 943 2653 997 per
2682 936 3162 1002 comparationem,
3192 933 3284 988 sed
3313 942 3372 989 ut
3396 943 3664 1004 tamquam

2081 1018 2251 1069 servis
2280 1027 2550 1085 przresset.
2578 1019 2758 1088 Papae,
2787 1037 2874 1078 res
2905 1023 3060 1091 plane
3082 1036 3205 1078 stmt
3234 1025 3539 1094 stupendae!
3569 1025 3667 1078 ho-

2083 1108 2243 1162 miuis
2269 1108 2409 1164 facta
2432 1121 2517 1165 est
2544 1127 2699 1167 serva
2729 1116 2906 1171 omnis
2936 1125 3174 1186 potestas
3204 1129 3381 1174 creata
3404 1159 3419 1182 ,
3452 1128 3667 1188 propter

2085 1197 2248 1253 Deum
2282 1198 2511 1255 Verbum
2540 1203 2628 1272 qni
2671 1204 2946 1260 inhabitat.
2984 1207 3162 1262 Potest
3190 1209 3333 1263 enim
3362 1224 3481 1265 esse
3507 1221 3563 1264 ut
3599 1212 3665 1263 sit

2082 1288 2274 1358 aliquis
2298 1306 2481 1360 supra,
2514 1309 2618 1348 non
2650 1293 2851 1353 habens
2880 1299 2969 1367 qui
2995 1298 3229 1365 ohediat,
3258 1302 3352 1356 sed
3383 1311 3438 1355 ιιι
3466 1302 3668 1356 honore

2082 1379 2436 1449 prmferatur:
2470 1384 2557 1442 hic
2582 1397 2761 1444 autem
2800 1404 2907 1445 non
2945 1391 3059 1458 sic,
3087 1392 3183 1447 sed
3221 1394 3401 1449 omnia
3441 1394 3669 1462 subjecit

2081 1476 2184 1529 sub
2214 1476 2438 1544 pedibus
2465 1481 2622 1548 ejus;
2652 1490 2709 1538 et
2746 1497 2854 1538 non
2883 1483 3055 1540 solum
3081 1484 3328 1554 subjecit,
3357 1486 3453 1542 sed
3479 1486 3667 1541 ultima

2081 1569 2448 1638 subjectione,
2480 1584 2537 1629 et
2579 1584 2699 1646 post
2739 1591 2901 1647 quam
2944 1593 3049 1633 non
3088 1588 3172 1634 est
3212 1580 3336 1633 alia.
3377 1580 3666 1650 Propterea

2082 1659 2246 1727 dixit,
2273 1663 2384 1718 Sub
2407 1666 2637 1733 pedibus.
2675 1667 2740 1722 Et
2769 1670 2935 1739 ipsum
2962 1670 3103 1725 dedit
3138 1682 3289 1741 caput
3318 1688 3470 1739 super
3494 1673 3667 1725 omnia

2084 1746 2342 1807 Ecclesia.
2376 1753 2553 1824 Papae,
2579 1771 2687 1827 quo
2714 1773 2903 1814 rtirsus
2932 1760 3146 1815 sustulit
3174 1760 3500 1815 Ecclesiaml
3531 1773 3666 1814 tam-

2080 1856 2239 1911 quam
2271 1858 2366 1912 per
2389 1847 2673 1915 quamdam
2705 1848 2920 1904 trahens
2949 1850 3248 1905 machinam
3269 1893 3285 1919 ,
3314 1865 3433 1905 eam
3464 1851 3515 1905 in
3546 1868 3664 1905 ma-

2080 1944 2238 2000 gnam
2268 1936 2482 1991 sustulit
2507 1937 2838 1994 altitudinem
2863 1981 2879 2005 ,
2909 1949 2966 1996 et
2989 1956 3108 1996 eam
3149 1941 3337 1997 sedere
3372 1942 3579 1996 curavit
3611 1943 3662 1997 in

2084 2021 2171 2075 illa
2199 2023 2346 2079 sede.
2378 2024 2478 2081 Ubi
2507 2027 2651 2081 enim
2689 2038 2774 2083 est.
2809 2040 2969 2099 caput
2992 2071 3008 2095 ,
3038 2031 3147 2085 illic
3172 2039 3226 2086 et
3253 2046 3450 2102 corpus
3475 2049 3489 2085 :
3520 2032 3664 2085 nullo

2084 2113 2204 2168 loco
2231 2115 2547 2173 intermedio
2579 2130 2828 2175 arcentur
2863 2132 3022 2192 caput
3059 2131 3113 2176 et
3141 2137 3337 2192 corpus
3368 2140 3380 2174 :
3411 2123 3456 2178 si
3486 2133 3663 2178 autem

2082 2218 2413 2275 arcerentur,
2434 2224 2631 2281 corpus
2651 2227 2757 2267 non
2782 2213 2962 2281 fuerit,
2987 2230 3092 2269 non
3116 2214 3273 2269 fuerit
3296 2224 3471 2284 caput.
3499 2216 3666 2285 Suprr

2081 2301 2272 2365 omnia,
2306 2301 2494 2371 inquit.
2525 2304 2660 2370 Quid
2691 2314 2795 2369 est,
2827 2305 2999 2374 Super
3025 2307 3194 2361 omnia
3212 2306 3238 2359 .’
3265 2307 3367 2360 Διιι
3394 2306 3663 2363 Christum

2080 2389 2230 2457 dicit,
2259 2392 2348 2461 qui
2377 2401 2460 2448 est
2487 2408 2650 2464 super
2676 2396 2854 2451 omnia
2882 2412 3001 2466 qua:
3029 2405 3323 2451 cernuntur
3348 2405 3403 2451 et
3432 2414 3550 2466 qua:
3580 2400 3662 2452 in-

2084 2482 2422 2551 telliguntur;
2463 2495 2555 2540 aut
2596 2502 2757 2556 supra
2787 2488 2963 2541 omnia
3002 2486 3140 2541 bona
3183 2487 3285 2543 hoc
3326 2489 3479 2552 fecit,
3522 2492 3664 2559 quod

2084 2571 2272 2626 Filium
2312 2574 2518 2631 dederit
2557 2587 2732 2646 caput.
2777 2577 2892 2632 Non
2932 2580 3199 2649 angelum,
3232 2595 3338 2635 non
3369 2582 3664 2651 archange-

2083 2661 2191 2716 lum
2216 2702 2231 2727 ,
2256 2678 2360 2718 non
2392 2666 2556 2720 ullum
2587 2667 2750 2723 alium
2780 2668 2985 2724 dimisit
3021 2672 3376 2740 superiorem.
3412 2672 3525 2727 Non
3567 2673 3665 2727 hac

2080 2752 2251 2807 solum
2293 2755 2500 2811 ratione
2537 2772 2647 2833 nos
2680 2759 2997 2827 honoravit,
3032 2761 3173 2831 quod
3210 2778 3332 2817 eum
3362 2766 3450 2833 qui
3491 2773 3609 2817 erat
3636 2781 3668 2818 e

2083 2844 2318 2901 nobisin
2357 2848 2522 2902 altum
2558 2832 2843 2916 exiulerit,
2887 2851 2981 2907 sed
3019 2853 3162 2922 quod
3199 2854 3360 2908 etiam
3384 2832 3580 2908 fecerit
3610 2865 3668 2909 ιιι

2084 2944 2250 2991 ιοιιιιιι
2278 2952 2562 2995 commune
2588 2955 2754 3009 genus
2780 2941 2929 2997 illum
2964 2955 3299 3013 sequeretur,
3330 2946 3404 3000 illi
3429 2946 3670 3001 adiuero-

2083 3037 2199 3095 ret,
2229 3028 2380 3084 illum
2407 3040 2788 3088 asscctaretur.
2820 3032 2948 3099 Quir
2974 3045 3048 3089 est
3073 3052 3259 3106 corpus
3282 3036 3463 3107 ipsius.
3496 3037 3626 3091 Nam
3651 3079 3665 3101 ,

2084 3135 2151 3173 ne
2188 3119 2371 3175 audito
2405 3123 2580 3190 capite
2602 3163 2619 3189 ,
2650 3122 2751 3178 hoc
2788 3127 2958 3179 solum
2989 3128 3266 3181 existimes
3294 3128 3502 3182 initium
3528 3169 3542 3191 ,
3575 3129 3667 3183 sed

2080 3207 2241 3264 etiam
2270 3209 2573 3266 firmitatem
2601 3222 2656 3266 et
2684 3213 3025 3269 stabilitatem
3054 3258 3070 3280 ,
3104 3231 3209 3270 non
3261 3227 3529 3287 tamquam
3580 3234 3669 3270 so-

2081 3298 2189 3354 lum
2221 3300 2551 3371 principem,
2582 3303 2675 3357 sed
2717 3316 2984 3373 tamquam
3014 3308 3259 3375 corporis
3289 3317 3449 3377 caput
3485 3309 3671 3362 consi-

2079 3389 2255 3445 deres.
2299 3390 2612 3458 Plenitudo,
2649 3392 2857 3463 inquit,
2888 3397 2997 3464 ejus
3033 3398 3121 3465 qui
3161 3398 3330 3449 omnia
3358 3399 3411 3450 in
3442 3397 3670 3452 omnibus

2080 3482 2407 3550 adimpletur.
2449 3482 2744 3552 Tamquam
2788 3484 2891 3540 hoc
2939 3502 3043 3539 non
3086 3486 3355 3543 sufficeret
3383 3488 3450 3542 ad
3484 3499 3670 3544 osten-

2063 3572 2310 3636 .dendam
2340 3575 2712 3641 cognationem
2745 3585 2801 3631 et
2832 3578 3278 3648 propinquitatem
3302 3621 3317 3645 ,
3349 3581 3475 3650 quid
3505 3583 3671 3638 dicit?

2084 3663 2363 3720 Plenitudo
2382 3664 2580 3722 Christi
2610 3668 2869 3724 Ecclesia.
2899 3670 3183 3726 Plenitudo
3207 3674 3350 3728 enim
3375 3677 3564 3744 capitis
3586 3687 3670 3731 est

2079 3772 2303 3828 Corpus,
2353 3759 2627 3828 plenitudo
2674 3763 2916 3830 corporis
2957 3774 3136 3831 caput.
3172 3764 3305 3820 Vide
3344 3783 3451 3836 quo
3480 3768 3668 3822 ordine

2081 3863 2207 3903 usus
2239 3850 2310 3903 sit
2352 3850 2550 3905 Paulus
2573 3893 2588 3915 ,
2614 3862 2669 3906 et
2706 3854 2979 3922 quomodo
3007 3856 3137 3910 nulli
3175 3856 3339 3911 verbo
3364 3867 3546 3927 pareat
3569 3900 3584 3919 ,
3612 3869 3670 3913 nl.

2082 3937 2173 3993 Dei
2214 3941 2457 3994 ostendat
2502 3942 2749 4011 gloriam.
2798 3943 3104 4011 Plenitudo,
3147 3947 3312 4017 inquit
3338 3963 3354 4013 ;
3379 3948 3508 4003 illud
3548 3959 3665 4015 est,

2081 4041 2265 4100 utpote
2304 4044 2465 4102 caput
2502 4035 2750 4103 impletur
2775 4052 2804 4089 a
2832 4052 3058 4105 corpore
3090 4057 3102 4091 :
3136 4056 3257 4093 nam
3301 4056 3497 4110 corpus
3534 4057 3667 4095 eon-

2078 4120 2216 4173 sistit
2245 4136 2339 4189 per
2364 4124 2602 4176 membra
2633 4125 2835 4186 omnia,
2866 4137 2920 4179 et
2949 4128 3172 4195 singulis
3195 4146 3329 4197 opus
3360 4130 3540 4186 habet.
3578 4132 3666 4185 Vi-

2077 4210 2145 4265 de
2173 4211 2443 4280 quomodo
2473 4212 2618 4265 illiilli
2649 4214 2899 4269 omnibus
2937 4230 3073 4283 Opus
3109 4216 3392 4273 habentem
3426 4220 3663 4275 inducat.

2080 4303 2286 4358 Etenim
2314 4304 2361 4356 si
2391 4319 2496 4356 non
2523 4304 2694 4359 sitnns
2721 4307 2869 4359 multi
2893 4349 2907 4373 ,
2936 4316 2992 4361 et
3017 4324 3123 4361 non
3166 4309 3234 4363 sit
3271 4310 3409 4367 alius
3437 4327 3624 4368 manus
3644 4357 3661 4380 ,

2078 4396 2214 4449 alius
2243 4411 2372 4450 vero
2400 4410 2494 4463 pes
2514 4437 2530 4462 ,
2560 4397 2697 4451 alius
2728 4398 2901 4467 aliqua
2930 4400 3033 4454 alia
3077 4416 3233 4469 pars,
3270 4418 3376 4456 non
3417 4404 3667 4474 impletur

2081 4493 2247 4538 tottun
2273 4500 2489 4552 corpus.
2522 4485 2623 4539 Per
2648 4488 2825 4540 omnia
2862 4504 2993 4559 ergo
3025 4491 3274 4559 impletur
3301 4496 3418 4559 ejus
3447 4510 3661 4565 corpus.

2079 4573 2228 4627 Tunc
2248 4574 2498 4643 impletur
2516 4584 2694 4644 caput,
2722 4585 2846 4631 tunc
2870 4580 3157 4648 perfectum
3183 4582 3241 4636 iit
3263 4599 3477 4653 corpus,
3495 4604 3666 4655 quan-

2077 4664 2147 4718 do
2174 4679 2360 4720 omnes
2389 4664 2547 4719 simul
2576 4665 2832 4722 fuerimus
2860 4669 3130 4739 conjuncti
3158 4682 3213 4727 et
3239 4677 3608 4745 conglutinati.

2148 4760 2202 4813 5.
2240 4760 2421 4815 Vidisti
2450 4761 2660 4817 divitias
2681 4764 2865 4833 gloriae
2892 4765 3243 4823 hereditatis?
3268 4770 3442 4825 vidisti
3473 4789 3667 4842 super-

2076 4853 2396 4933 emincntem
2428 4854 2839 4925 magnitudinem
2864 4857 3073 4912 virtutis
3099 4859 3150 4913 in
3173 4875 3267 4915 eos
3290 4862 3659 4929 qniereduutl

2038 4943 2059 4985 \
2082 4945 2249 4997 tulisti
2280 4960 2430 5015 spem
2458 4946 2790 5002 vocationis?
2821 4949 3183 5006 Revereamur
3212 4964 3450 5007 nostrum
3478 4963 3658 5025 caput,

2074 5038 2371 5106 Cogitemus
2410 5038 2565 5108 cujus
2611 5041 2803 5110 capitis
2845 5059 3031 5097 sumus
3076 5058 3271 5111 corpus
3297 5086 3311 5108 ,
3354 5044 3441 5097 cui
3480 5047 3656 5101 omnia

2074 5138 2198 5181 sunt
2221 5128 2479 5195 subjecta.
2508 5130 2619 5184 lloc
2640 5132 2890 5202 exemplo
2912 5149 3009 5186 nos
3034 5134 3194 5187 etiam
3222 5135 3423 5201 angelis
3450 5148 3660 5205 oportet

2073 5234 2194 5273 esse
2227 5219 2495 5284 meliores,
2525 5229 2579 5274 et
2605 5222 2941 5291 archangelis
2968 5222 3221 5288 majores,
3250 5234 3305 5276 ut
3334 5226 3419 5293 qui
3450 5226 3511 5279 iis
3537 5244 3655 5281 om-

2074 5311 2228 5363 uibus
2254 5312 2420 5365 simus
2449 5311 2652 5367 honore
2680 5313 2970 5381 praepositi.
3005 5312 3123 5366 Non
3151 5314 3354 5386 angeias
3375 5312 3658 5387 apprehen-

2073 5402 2148 5455 dit
2181 5402 2378 5472 (Hebr.
2409 5403 2500 5456 21.
2532 5403 2606 5472 6)
2637 5405 2774 5457 Deus
2797 5444 2815 5464 ,
2853 5405 2991 5458 sicut
3029 5405 3154 5460 dicit
3187 5409 3429 5463 scribens
3453 5410 3518 5462 ad
3551 5410 3654 5461 Ile-

2074 5492 2248 5545 brwos
2272 5534 2287 5555 ,
2316 5492 2403 5545 sed
2427 5509 2598 5545 semen
2638 5492 2851 5545 Abrolia:
2877 5509 2892 5546 :
2925 5510 3030 5547 non
3063 5497 3411 5565 principatum:
3437 5539 3453 5563 ,
3482 5513 3655 5564 neque

2076 5591 2409 5651 potestatem,
2443 5597 2614 5650 neque
2643 5583 3093 5649 dominationem,
3112 5601 3284 5653 neque
3308 5587 3467 5639 ullam
3494 5587 3653 5639 aliam

2074 5672 2361 5735 virtutem;
2385 5670 2477 5724 sed
2512 5679 2746 5723 nostram
2788 5684 3031 5726 naturam
3070 5675 3452 5742 apprehendit,
3480 5688 3531 5729 et
3560 5692 3652 5727 su-

2077 5778 2170 5830 pra
2207 5761 2397 5815 sedere
2432 5761 2609 5829 jussit.
2641 5763 2706 5816 Et
2730 5764 2854 5831 quid
2886 5765 3039 5828 dico,
3065 5766 3254 5820 sedere
3278 5766 3654 5836 jussit?suum

2081 5852 2202 5906 fecit
2234 5851 2601 5906 vestimentum
2626 5894 2640 5920 ,
2685 5870 2782 5912 nec
2821 5856 2869 5911 id
2904 5856 3114 5920 solum,
3147 5857 3240 5911 scd
3279 5858 3393 5927 ejus
3432 5857 3656 5927 [nutibus
