3932 6220
234 350 300 411 '17
948 347 1004 404 s.
1044 341 1320 403 JOAN‘NIS
1355 328 1825 396 cnnvsosrout
1864 325 2183 416 ARClilEP.
2222 298 2754 389 CONSTANTINOP.
3444 330 3514 392 ,ε
3584 326 3587 331 -

238 467 468 537 subjecit
508 462 707 520 omnia.
748 461 915 531 Quam
957 461 1151 515 inultas
1175 457 1255 512 vis
1281 463 1482 510 mortes
1509 464 1739 522 ponere,
1770 455 1826 501 et

239 576 397 632 quam
447 558 639 613 multas
683 556 923 616 animas,
952 551 1202 605 deciesne
1247 546 1427 611 tnille,
1455 553 1509 598 et
1550 542 1632 596 his
1670 541 1827 608 longe

243 649 466 720 plures?
493 648 599 704 Sed
643 646 777 702 nihil
816 644 963 699 diees
989 640 1130 712 quod
1176 640 1240 693 sil
1281 638 1329 694 ei
1366 634 1826 706 :eqniparandum.

244 744 359 798 lino
384 742 526 797 enim
562 741 685 795 fecit
714 739 943 791 innxium
979 754 992 789 :
1025 744 1079 789 et
1121 735 1234 802 ipse
1273 733 1338 785 ad
1385 743 1646 784 summam
1682 725 1830 779 venit

244 832 620 895 luuniliLatem,
649 839 703 884 et
731 828 1000 881 hominem
1029 824 1243 880 sustulit
1277 822 1342 876 ad
1375 828 1620 890 magnam
1648 816 1829 869 altitu-

242 926 447 980 dinem.
477 923 620 977 Dixit
650 920 776 976 illud
811 920 1062 990 primum,
1090 914 1230 986 quod
1261 929 1321 969 se
1348 913 1483 967 adeo
1513 909 1832 963 humiliore-

245 1018 317 1071 rit
345 1033 358 1073 :
385 1014 510 1069 dicit
540 1015 639 1066 hoc
663 1011 865 1065 ﬁrmius
889 1018 942 1062 et
967 1007 1213 1070 solidius,
1240 1004 1289 1059 id
1311 1002 1450 1074 quod
1473 1009 1557 1056 est
1581 1012 1830 1069 magnum

247 1117 303 1163 et
345 1121 552 1162 summa
596 1119 798 1160 rerum.
833 1101 990 1171 Atqui
1029 1100 1073 1153 si
1120 1099 1268 1153 nullo
1310 1096 1510 1166 dignati
1553 1105 1830 1154 essemus,

248 1198 583 1262 suffecisset;
614 1196 701 1250 vel
726 1195 886 1250 etiam
923 1194 1023 1246 hoc
1046 1191 1090 1246 si
1118 1189 1318 1260 dignati
1347 1201 1610 1251 essemus,
1632 1183 1835 1251 absque

250 1304 339 1356 eo,
361 1288 504 1360 quod
530 1296 674 1343 esset
697 1294 977 1348 mactatus,
1010 1282 1307 1337 suliecisset
1331 1296 1347 1335 :
1373 1294 1492 1333 cum
1519 1284 1694 1331 autem
1723 1275 1837 1328 haec

251 1383 359 1441 duo
386 1383 517 1443 sini,
546 1391 704 1449 quam
733 1377 944 1432 dicendi
975 1374 1275 1430 facultatem
1309 1384 1418 1427 non
1452 1369 1637 1425 vicerit
1664 1375 1717 1422 et
1743 1382 1836 1419 sn-

254 1472 564 1543 peraverit?
601 1469 717 1524 Non
758 1484 947 1539 magna
987 1482 1074 1523 res
1117 1476 1200 1522 est
1242 1462 1597 1526 resurrectio,
1626 1457 1839 1529 quando

258 1564 375 1618 haec
406 1573 613 1632 reputo.
648 1562 720 1617 De
759 1560 862 1615 hoc
899 1559 1063 1624 dicit,
1105 1556 1242 1610 Deus
1280 1551 1489 1608 Domini
1524 1550 1683 1606 nostri
1715 1547 1839 1603 Jan

258 1656 465 1722 Christi,
497 1672 600 1710 non
629 1655 697 1710 de
726 1656 835 1709 Deo
859 1653 1056 1709 Verbo.
1090 1653 1449 1707 Revereamnr
1471 1646 1840 1719 propinquita-

259 1758 367 1803 tem
411 1747 776 1818 cognationis,
819 1746 1100 1800 timeamus
1120 1758 1189 1798 ne
1210 1743 1329 1812 quis
1385 1740 1731 1794 abscindatur
1777 1733 1847 1789 ait

263 1841 366 1895 hoc
391 1853 636 1907 corpore,
669 1854 734 1893 ne
760 1838 881 1907 quis
911 1834 1141 1897 excidat,
1173 1849 1239 1887 ne
1268 1831 1387 1902 quis
1415 1834 1669 1899 appareat
1705 1825 1857 1879 indi!

263 1945 418 1998 guns.
448 1928 506 1983 Si
532 1928 792 1997 quispiam
826 1924 1068 1980 diadetna
1110 1931 1296 1978 nostro
1323 1919 1635 1989 imposuerit
1663 1916 1844 1985 capiti,

264 2024 308 2075 si
337 2037 591 2076 coronam
618 2035 857 2079 auream.
885 2028 1062 2072 annon
1091 2016 1267 2069 omnia
1296 2012 1597 2074 fecerimus,
1620 2018 1678 2063 ut
1703 1998 1849 2077 digni

264 2116 541 2168 videamur
582 2112 833 2167 inanimis
880 2108 1183 2179 lapidibus?
1221 2106 1373 2160 Nunc
1407 2111 1584 2158 autem
1623 2116 1729 2156 non
1768 2105 1852 2153 est

268 2216 453 2261 nostro
476 2205 634 2272 capiti
666 2204 972 2272 impositttttl
1000 2200 1265 2264 diadema,
1298 2194 1392 2253 sed
1421 2202 1576 2265 caput
1611 2200 1850 2247 nostrum

271 2300 439 2351 lactus
465 2306 548 2351 est
574 2294 822 2349 Christus
846 2334 860 2355 ,
888 2292 1029 2360 quod
1067 2299 1149 2344 cst
1184 2289 1356 2355 majus
1381 2328 1395 2350 ,
1425 2296 1479 2341 et
1511 2285 1626 2354 ejus
1654 2283 1851 2336 nullam

272 2388 529 2441 habemus
552 2386 832 2439 rationem.
854 2382 957 2437 Sed
978 2380 1153 2451 angeli
1174 2376 1385 2448 quidem
1409 2378 1579 2446 ipsum
1604 2380 1855 2428 reveren-

273 2488 360 2531 tur
384 2487 433 2531 et
461 2474 766 2541 art-hangeli
798 2482 851 2527 et
882 2484 1068 2524 manes
1099 2466 1202 2523 ilhc
1230 2467 1463 2522 Virtutes
1492 2481 1505 2518 :
1532 2477 1632 2517 nos
1653 2471 1852 2526 autem,

276 2584 396 2622 cum
435 2568 595 2622 etiam
625 2566 741 2632 ejus
768 2577 964 2630 corpus
998 2561 1166 2614 simus
1189 2592 1204 2623 ,
1241 2571 1415 2626 neque
1456 2562 1676 2625 propter
1715 2553 1817 2606 hoc
1838 2584 1856 2617 ,

277 2674 451 2729 neque
499 2667 714 2727 propter
762 2655 889 2708 illud
936 2648 1342 2707 reverebimur?
1379 2656 1432 2702 et
1471 2656 1715 2716 qutcnam
1759 2642 1859 2696 erit

278 2763 402 2820 spes
431 2754 626 2802 nostra:
655 2743 887 2800 salutis?

351 2838 517 2911 Regni
556 2839 793 2892 Malorum
841 2835 1045 2888 amissio
1091 2834 1232 2903 pejor
1277 2829 1524 2900 gelwnntt.
1566 2855 1636 2867 —-
1675 2822 1860 2893 Cogita

282 2930 531 2984 thronum
554 2928 779 2998 regium.
803 2928 977 2995 cogita
1000 2936 1266 2979 summum
1292 2920 1548 2973 honorem
1574 2935 1588 2969 :
1613 2917 1716 2971 hoc
1743 2928 1860 2979 nos,

282 3022 327 3075 ti
352 3021 575 3074 velimus
595 3060 609 3082 ,
639 3019 807 3087 magis
829 3031 927 3070 nos
958 3014 1151 3084 poterit
1179 3021 1382 3067 terrere
1409 3023 1568 3078 quam
1595 3005 1867 3078 gehcnna.

283 3114 416 3167 Nam
459 3111 502 3164 si
550 3125 655 3165 non
697 3117 840 3163 esset
881 3107 1162 3177 gehenna,
1209 3110 1359 3157 tanto
1405 3096 1607 3154 honore
1647 3096 1868 3151 affectos

286 3206 530 3259 inventos
561 3216 680 3258 case
719 3199 960 3269 indignos
989 3206 1043 3252 et
1072 3194 1242 3250 malos
1267 3234 1282 3260 ,
1315 3206 1475 3263 quam
1508 3204 1613 3244 non
1637 3184 1868 3241 haberet

288 3312 498 3367 paenam
521 3336 536 3361 ,
566 3292 705 3364 quad
749 3307 854 3346 non
900 3286 1258 3359 supplicium?
1284 3283 1467 3353 Cogita
1511 3294 1676 3349 prope
1707 3288 1867 3348 quem

287 3388 473 3441 sedeat
501 3386 649 3440 luum
685 3392 883 3453 caput;
915 3383 1017 3436 hoc
1056 3380 1228 3433 solum
1260 3376 1324 3430 ad
1354 3375 1661 3431 universum
1703 3370 1869 3425 suffe-

288 3478 462 3542 cerit;
506 3477 573 3530 ad
615 3475 767 3545 cujus
801 3473 986 3528 sedeat
1015 3471 1314 3526 dexteram.
1344 3464 1452 3521 Sed
1495 3462 1624 3519 illttd
1655 3460 1869 3531 quidem

289 3584 450 3638 super
481 3582 694 3623 omnem
727 3566 1079 3635 principatum
1102 3603 1115 3625 ,
1150 3562 1466 3631 potestatem
1496 3567 1552 3611 et
1578 3558 1827 3610 virtutem
1854 3569 1871 3617 ς

291 3661 408 3727 ejus
437 3670 613 3713 autem
644 3671 839 3725 corpus
876 3654 1218 3709 conculcatur
1256 3650 1415 3703 etiam
1443 3663 1472 3700 a
1500 3647 1830 3701 dmmonibus
1849 3644 1877 3695 ἲ

293 3754 397 3807 Sed
429 3752 567 3804 absit
598 3769 609 3804 :
640 3751 683 3805 si
714 3764 840 3803 vero
865 3748 963 3811 sit,
999 3748 1099 3799 hoc
1140 3759 1245 3799 non
1298 3742 1459 3796 fuerit
1500 3740 1727 3809 amplius
1755 3752 1876 3792 cor-

296 3859 412 3913 pus.
445 3844 613 3913 Caput
639 3851 784 3896 tuum
817 3848 1139 3895 venerantur
1166 3836 1304 3892 servi
1337 3833 1493 3903 frugi,
1522 3840 1576 3888 et
1601 3830 1691 3902 qui
1722 3831 1876 3885 bona:

296 3945 417 3988 Stltil
440 3932 882 3992 existimationis;
909 3939 962 3985 et
982 3943 1177 3997 corpus
1201 3926 1419 3996 subjicis
1442 3926 1505 3977 iis
1527 3923 1615 3993 qui
1640 3920 1877 3977 offende-

296 4027 456 4080 rnht?
485 4041 591 4097 quo
618 4040 723 4079 non
759 4024 951 4094 dignus
988 4022 1095 4077 eris
1139 4017 1440 4090 supplicio?
1466 4015 1523 4072 Si
1559 4015 1677 4084 quis
1716 4014 1877 4083 pedes

196 4182 202 4188 .
298 4118 441 4187 regis
488 4117 687 4185 pedicis
726 4116 909 4186 alliget
934 4122 988 4170 et
1017 4115 1068 4166 in
1103 4111 1387 4180 compedes
1428 4107 1667 4177 injiciat,
1699 4119 1876 4158 annon

299 4210 400 4262 erit
429 4209 693 4264 obnoxius
732 4215 972 4261 extremo
1013 4200 1311 4273 supplicio?
1349 4199 1427 4254 Tu
1476 4205 1644 4251 totum
1684 4208 1880 4263 corpus

298 4299 486 4367 objieis
514 4299 640 4353 feris
666 4296 1004 4360 immanibus,
1032 4304 1083 4348 et
1112 4309 1216 4347 non
1244 4289 1468 4346 horres?
1495 4286 1599 4343 Sed
1628 4286 1880 4357 quoniam

300 4393 475 4461 agitur
502 4390 568 4446 dc
597 4405 823 4460 corpore
852 4386 1081 4449 Domini,
1105 4400 1203 4455 age
1230 4384 1370 4437 illius
1391 4382 1548 4436 etiam
1579 4376 1885 4433 memineri-

312 4500 430 4537 IIIIIS
452 4524 467 4549 ,
498 4483 640 4553 quod
687 4484 736 4537 in
768 4497 980 4538 crucem
1012 4480 1110 4533 fuit
1142 4486 1316 4532 actum
1338 4518 1352 4541 ,
1383 4474 1520 4545 quod
1558 4470 1722 4527 elatis
1748 4484 1879 4524 con-

307 4578 492 4637 fixum,
525 4585 582 4632 et
617 4576 967 4631 sacrificatur.
986 4574 1039 4628 Si
1082 4586 1142 4626 es
1179 4570 1375 4625 Christi
1399 4578 1610 4636 corpus,
1644 4566 1723 4619 fer
1757 4579 1885 4620 ern-

306 4686 451 4731 com;
501 4680 621 4721 nam
666 4668 756 4721 ille
794 4680 1006 4736 quoque
1048 4664 1214 4717 tulit:
1253 4662 1332 4715 fer
1387 4669 1574 4728 sputa,
1608 4648 1689 4711 fer
1741 4655 1885 4709 cola-

308 4761 474 4828 phos,
533 4758 614 4812 fer
663 4759 861 4812 clavos.
915 4755 1045 4809 Tale
1084 4761 1200 4806 erat
1261 4750 1390 4804 illttd
1433 4761 1648 4815 corpus.
1680 4745 1887 4812 Corpus

309 4851 438 4902 itlnd
483 4845 825 4915 itnpeccahile
868 4852 979 4898 erat
1011 4860 1024 4895 :
1056 4841 1328 4895 Peccatum
1384 4853 1483 4889 non
1515 4837 1652 4902 fecit,
1696 4849 1783 4886 nec
1816 4842 1887 4885 est

308 4943 537 4994 iuventus
567 4940 713 4993 dolus
745 4938 799 4990 in
837 4951 926 4988 ore
960 4934 1070 5003 ejus
1097 4930 1258 5000 (luti.
1291 4931 1379 4984 53.
1413 4927 1480 4995 9)
1512 4942 1525 4980 :
1559 4938 1746 4978 manus
1775 4923 1890 4992 ejus

309 5032 487 5085 omnia
517 5030 743 5099 agebant
772 5026 837 5080 ad
869 5021 1302 5094 beuelacicndum
1335 5019 1398 5072 iis
1423 5018 1509 5087 qui
1537 5015 1759 5084 egebant
1789 5031 1801 5065 :
1830 5030 1891 5067 os

311 5122 428 5188 ejns
467 5120 599 5174 nihil
637 5118 817 5173 emisit
856 5115 995 5187 quod
1036 5128 1140 5168 non
1168 5112 1383 5167 deceret
1415 5126 1427 5161 :
1458 5107 1689 5172 audivit,
1724 5103 1892 5158 Halm

312 5211 617 5266 daemonium
646 5207 839 5280 (loau.
877 5210 929 5261 7.
966 5206 1098 5275 29),
1136 5213 1192 5259 et
1230 5201 1362 5257 nihil
1406 5198 1635 5254 diccbat.
1664 5197 1795 5264 Quia
1824 5195 1894 5249 de

315 5317 540 5373 corpore
568 5318 596 5355 a
630 5301 782 5356 nobis
824 5300 1026 5370 agitur,
1060 5296 1382 5367 quicumque
1422 5289 1666 5357 corporis
1709 5296 1894 5341 sumus

318 5396 629 5465 participes,
661 5393 983 5463 quicumque
1006 5399 1284 5457 gustamus
1313 5381 1622 5452 sanguinem
1645 5419 1658 5440 ,
1690 5379 1894 5446 cogite-

319 5506 437 5542 tnus
471 5485 610 5556 quod
655 5484 796 5539 illius
841 5480 1124 5550 participes
1162 5478 1360 5539 simus,
1396 5474 1485 5544 qni
1526 5470 1655 5526 nihil
1696 5469 1763 5523 ab
1804 5468 1894 5523 illo

316 5579 515 5642 diti'ert,
541 5576 629 5647 qui
669 5588 829 5643 supra
861 5571 1033 5633 sedet,
1065 5569 1153 5638 qui
1180 5569 1433 5621 adorator
1459 5565 1525 5617 ab
1553 5560 1777 5632 angelis,
1804 5559 1891 5628 qni

315 5669 512 5724 assidet
543 5683 707 5737 pmpe
733 5666 882 5721 illam
912 5664 1275 5730 incorruptam
1303 5656 1563 5711 Virtutem
1592 5669 1607 5707 :
1632 5654 1769 5706 hunc
1797 5664 1894 5718 gn-

315 5773 535 5817 atamus.
572 5760 666 5815 llci
710 5756 840 5812 mihi
876 5767 1041 5825 quam
1086 5750 1266 5805 multae
1296 5750 1394 5802 γίίιε
1436 5747 1586 5801 nobis
1620 5752 1799 5815 palth
1828 5739 1892 5794 ad

1934 446 2197 502 salutem!
2230 446 2339 502 Nos
2374 456 2569 519 corpus
2593 462 2749 506 suum
2780 448 2922 516 fecit,
2955 456 3109 505 suum
3138 458 3331 522 corpus
3362 452 3514 507 nobis

1932 539 2210 608 impertiit,
2238 548 2293 593 et
2322 541 2451 594 nihil
2483 534 2676 597 horum
2705 551 2804 596 nos
2830 545 3020 598 stertit
3047 552 3076 597 tt
3103 544 3276 598 malls.
3299 543 3345 598 Ο
3367 555 3515 599 tene-

1932 629 2057 685 bras
2081 671 2095 695 ,
2123 646 2156 685 ο
2201 630 2520 700 profundum
2559 633 2808 703 abyssum
2834 675 2849 699 ,
2878 648 2911 688 o
2939 643 3213 703 stuporem
3245 644 3298 690 Et
3326 648 3516 689 sensus

1932 722 2259 788 egestatem!
2292 722 2419 786 Qut:
2445 728 2647 777 sursum
2685 732 2835 788 sunt,
2868 725 3072 794 inquit,
3099 726 3291 795 sopite,
3323 725 3409 779 tibi
3444 735 3515 779 est

1933 810 2165 865 Christus
2192 811 2260 865 ad
2288 813 2545 867 dexteram
2585 813 2677 869 Dei
2703 816 2880 869 sedem
2909 816 3138 886 (Colon.
3168 818 3218 870 3.
3249 815 3301 870 ﬂ.
3336 818 3356 870 i
3383 810 3399 885 )
3423 832 3435 877 ;
3465 826 3518 871 et

1936 910 2055 971 post
2091 901 2206 958 ha-c
2244 904 2456 973 quidam
2489 904 2557 961 de
2594 888 2835 975 pecuniis
2872 912 2996 961 Sunt
3029 908 3274 974 solliciti,
3305 907 3394 962 alii
3433 924 3520 962 ca-

1936 992 2154 1061 piuntur
2182 993 2248 1048 ab
2276 995 2439 1050 animi
2476 997 2984 1067 perturbationibus.

2008 1086 2063 1138 4.
2094 1084 2209 1139 Non
2241 1085 2434 1141 videtis
2462 1088 2603 1157 quod
2635 1089 2687 1142 in
2717 1098 2901 1143 ποειτο
2929 1101 3142 1160 quoque
3170 1090 3397 1159 corpore
3423 1088 3520 1142 ab-

1938 1177 2251 1232 scinduntur
2277 1186 2333 1234 et
2364 1185 2705 1249 amputantur
2729 1190 3078 1252 quwcutnque
3113 1191 3238 1237 sunt
3266 1188 3521 1252 superva-

1940 1280 2104 1321 canea
2130 1278 2184 1323 et
2214 1270 2416 1324 inutilia
2433 1271 2526 1326 ?et
2546 1272 2749 1326 nullum
2772 1273 2977 1327 lucrum
3005 1273 3248 1327 attulerit
3269 1272 3320 1327 id
3336 1280 3449 1339 cur;
3469 1284 3524 1327 tr

1940 1361 1985 1416 ri
2009 1403 2023 1427 ,
2047 1362 2262 1431 quando
2287 1362 2447 1419 fuerit
2479 1366 2801 1427 mutilatum.
2821 1367 3036 1436 quando
3057 1370 3230 1420 morte
3249 1362 3525 1431 alii-ctum,

1943 1455 2155 1524 quando
2193 1455 2545 1525 putrefactum
2566 1497 2582 1523 ,
2610 1448 2822 1527 quando
2856 1460 3015 1514 etiam
3054 1459 3357 1527 eorrnperit
3397 1458 3523 1511 ιυριιίδ

1943 1546 2143 1614 quum?
2181 1545 2258 1601 Ne
2300 1560 2428 1615 ergo
2468 1547 2841 1614 Confidamus,
2875 1550 3015 1620 quod
3058 1550 3229 1604 semel
3273 1549 3525 1604 fuerimus

1946 1635 2207 1704 corporis.
2254 1637 2309 1692 Si
2355 1642 2531 1693 autem
2580 1637 2680 1694 hoc
2725 1646 2922 1710 corpus
2967 1648 3087 1694 eum
3133 1641 3204 1696 sit
3246 1642 3524 1703 naturale,

1950 1737 2126 1786 tamen
2157 1730 2487 1787 abscinditur
2518 1751 2531 1785 :
2563 1734 2606 1786 si
2638 1739 2741 1787 bon
2775 1743 2986 1788 maneat
3019 1724 3208 1788 stabile
3232 1742 3285 1789 et
3316 1734 3533 1787 firmum

1949 1823 2113 1877 animi
2158 1825 2486 1882 lnSIitlrtnm.
2516 1825 2639 1895 quid
2671 1830 2775 1880 non
2816 1836 2975 1895 grave
3016 1827 3278 1895 patietur?
3305 1826 3531 1895 Quando

1952 1928 2057 1967 non
2089 1913 2245 1970 fuerit
2275 1922 2470 1984 corpus
2509 1916 2665 1985 hujus
2705 1916 2941 1972 alimenti
2989 1918 3287 1987 particeps,
3319 1916 3539 1986 quando

1952 2005 2209 2061 obstructi
2251 2007 2449 2062 fuerint
2489 2008 2602 2078 pnrl
2623 2050 2638 2072 ,
2667 2019 2791 2063 tunc
2820 2023 2991 2064 morte
3021 2006 3250 2063 afﬁcitur
3277 2028 3289 2063 :
3323 2008 3539 2079 quando

1954 2098 2184 2152 obturatl
2213 2106 2421 2154 meatus
2445 2109 2496 2153 et
2524 2100 2715 2154 iisndzc
2740 2142 2754 2164 ,
2786 2108 2910 2156 tunc
2942 2101 2995 2154 tit
3036 2115 3301 2155 mancum.
3335 2100 3406 2154 Ita
3440 2112 3539 2152 nos

1956 2203 2165 2255 quoque
2187 2190 2397 2258 quando
2417 2205 2575 2245 aures
2591 2192 3037 2257 obtnmverimns,
3058 2208 3243 2246 manca
3266 2207 3329 2245 ac
3351 2190 3538 2244 nmtlla

1957 2287 2136 2332 nostra
2176 2279 2235 2333 fit
2273 2281 2447 2334 anima
2491 2299 2503 2333 :
2546 2282 2761 2352 quando
2802 2286 2907 2336 neu
2957 2283 3210 2336 l'ueriintls
3251 2280 3539 2350 participes

1958 2372 2193 2426 alimenti
2238 2372 2566 2441 spiritualis,
2597 2373 2812 2443 quando
2838 2376 3209 2443 corruptorum
3253 2371 3538 2426 humorem

1961 2463 2252 2531 pravitates
2293 2477 2482 2517 noxam
2515 2465 2669 2518 nobis
2704 2463 3009 2528 attulerint,
3041 2460 3155 2518 haac
3183 2464 3361 2517 omnia
3399 2474 3544 2517 mor-

1960 2554 2085 2609 bum
2130 2554 2380 2625 pariunt,
2410 2554 2651 2609 morbum
2687 2566 2898 2625 gravem
2922 2597 2938 2620 ,
2972 2554 3214 2608 morbum
3245 2555 3333 2623 qui
3368 2554 3540 2608 tabem

1960 2644 2114 2699 affert
2138 2652 2191 2698 et
2219 2645 2680 2714 consumptioitem
2712 2662 2725 2696 :
2756 2644 2898 2701 etde
2923 2654 3120 2700 caetero
3148 2644 3238 2698 illo
3264 2645 3386 2712 igne
3410 2646 3543 2710 opus

1963 2734 2221 2799 habebit,
2264 2739 2355 2788 aut
2399 2746 2532 2804 opus
2577 2734 2796 2790 habebit
2831 2742 2887 2789 ut
2923 2735 3211 2789 dividatur.
3252 2734 3368 2788 Non
3400 2732 3542 2787 enim

1965 2825 2162 2893 patitur
2189 2822 2433 2880 Christus
2474 2832 2595 2880 eum
2641 2826 2729 2879 tali
2772 2834 3001 2895 corpore
3038 2824 3240 2895 ingredi
3276 2824 3327 2877 in
3373 2822 3546 2876 thala-‘

1966 2928 2132 2971 mum.
2175 2916 2231 2971 Si
2271 2931 2396 2971 eum
2441 2917 2660 2971 abduxit
2699 2922 2753 2971 et
2789 2916 2991 2985 expulit
3025 2915 3114 2986 qui
3152 2913 3367 2969 sordida
3404 2918 3551 2965 veste

1968 3014 2085 3063 erat
2113 3007 2366 3072 indutus;
2394 3006 2444 3061 ei
2471 3008 2558 3077 qui
2586 3007 2798 3076 corpori
2834 3006 3022 3061 sordes
3059 3004 3394 3067 adbilmerit,
3424 2996 3549 3070 quid

1969 3115 2074 3154 non
2115 3099 2290 3163 faciet,
2316 3098 2586 3169 quomodo
2616 3111 2720 3152 non
2751 3108 2873 3153 cum
2902 3097 3145 3151 afﬁciet?

2042 3190 2231 3245 Christi
2269 3205 2452 3259 corpus
2494 3190 2744 3260 quomodo
2786 3189 3120 3253 sumendum,
3151 3180 3331 3256 quibus
3377 3181 3553 3237 diebus

1971 3282 2040 3335 ad
2063 3282 2116 3334 id
2143 3280 2492 3335 accedebatttr.
2525 3310 2594 3320 —
2623 3280 2815 3334 Multos
2852 3280 3009 3334 video
3051 3280 3141 3349 qui
3182 3278 3383 3332 Christi
3427 3287 3550 3329 cor-

1974 3372 2119 3442 poris
2167 3381 2292 3426 sum
2339 3371 2623 3440 partit-ipes
2675 3370 3068 3425 inconsiderate
3110 3378 3164 3424 et
3217 3377 3454 3429 temere,
3502 3368 3555 3414 cl

1976 3462 2144 3533 magis
2187 3478 2255 3517 cx
2293 3460 2682 3517 consuetudine
2721 3469 2775 3515 et
2812 3470 2881 3516 ex
2925 3461 3257 3529 pmuripto,
3298 3468 3459 3529 quam
3489 3454 3557 3506 ex‘

1975 3554 2295 3624 cogitatione
2324 3562 2378 3608 et
2403 3553 2854 3608 consideratione.
2904 3552 2958 3607 Si
3007 3552 3316 3617 advenerit,
3351 3543 3557 3615 inquit.

1979 3654 2187 3713 tempus
2229 3652 2429 3699 sanctae
2472 3643 2940 3714 Quadragesimae,
2966 3643 3370 3714 qualiscumque
3398 3632 3561 3691 fuerit

1978 3737 2259 3805 quispiam,
2302 3736 2359 3790 fit
2390 3736 2656 3805 particeps
2682 3744 3164 3796 sacramentorum,
3196 3733 3239 3787 si
3277 3724 3565 3785 advenerit

1980 3826 2094 3880 dies
2117 3826 2533 3894 Epiphaniorum
2562 3826 2658 3896 (α).
2684 3827 2845 3895 Atqui
2878 3825 3004 3879 illud
3037 3831 3246 3891 tempus
3268 3812 3563 3874 accedendi

1981 3933 2085 3971 non
2114 3927 2197 3971 est
2228 3933 2242 3971 :
2273 3930 2380 3969 non
2415 3915 2708 3984 Epiphania
2728 3956 2743 3980 ,
2786 3922 2959 3984 neque
2992 3910 3406 3979 Quadragesima
3442 3902 3571 3957 fat-it

1981 4009 2169 4079 dignus
2211 4007 2300 4076 qui
2340 4007 2631 4071 accedant,
2664 4006 2759 4060 sed
2787 4005 2979 4058 anima:
3006 4003 3289 4056 sinceritas
3324 4007 3381 4053 et
3418 3993 3571 4066 puris

1987 4112 2085 4152 tas.
2125 4097 2259 4152 Cum
2306 4112 2366 4151 ea
2391 4110 2604 4165 semper
2631 4095 2850 4155 accede.
2877 4095 3079 4162 absque
3105 4093 3216 4161 ipsa
3250 4100 3568 4158 numquam.

1988 4189 2197 4254 Quoties
2234 4188 2386 4251 enim,
2429 4186 2619 4256 inquit,
2649 4186 2743 4238 hoc
2767 4185 2956 4255 facitis,
2989 4194 3198 4237 mortem
3229 4180 3440 4237 Domini
3470 4192 3571 4228 (me

1987 4281 2229 4335 nuntiatis
2259 4280 2331 4349 (Ι.
2365 4278 2482 4333 Cor.
2514 4279 2601 4332 tl.
2632 4276 2747 4346 26).
2779 4276 2893 4331 Hoc
2920 4284 3022 4340 est,
3056 4276 3108 4330 iu
3135 4274 3452 4329 memoriam
3488 4276 3575 4319 rce

1987 4372 2188 4425 Vrcatis
2219 4377 2448 4422 vestram
2472 4368 2698 4421 salutem
2722 4408 2735 4429 ,
2779 4380 2956 4421 meum
2987 4363 3326 4420 beneficium.
3380 4356 3572 4425 Cogita

1988 4462 2077 4531 qui
2107 4458 2302 4513 veteris
2335 4457 2619 4526 participes
2643 4465 2795 4509 erant
2820 4455 3087 4517 sacriﬁcii,
3117 4465 3314 4525 quanta
3343 4448 3576 4505 uteban-

1992 4528 2077 4605 tur
2119 4548 2423 4616 frugalitate
2466 4553 2523 4600 et
2561 4545 2881 4600 abstinentia
2926 4562 2939 4597 :
2983 4544 3111 4614 quid
3154 4560 3258 4597 non
3298 4528 3577 4611 agebam?

1991 4639 2114 4711 quid
2143 4652 2247 4692 non
2279 4636 2581 4691 faciebant?
2613 4635 2857 4706 Undique
2882 4645 2935 4690 et
2960 4650 3176 4704 semper
3199 4624 3577 4711 expurgahauf

1994 4706 2080 4787 tur
2114 4748 2129 4786 :
2160 4741 2214 4783 tu
2261 4737 2438 4783 autem
2486 4727 2749 4783 accedens
2792 4726 2858 4780 ad
2907 4724 3228 4781 sacrificium
3281 4715 3426 4791 quod
3476 4706 3576 4779 ίρθί

1994 4830 2280 4892 stnpentet
2306 4829 2628 4875 venerantur
2653 4818 2849 4888 angeli,
2870 4828 3172 4887 temporum
3203 4809 3443 4886 periodis
3463 4812 3578 4858 rem

1994 4891 2185 4969 detiuis
2211 4929 2274 4966 ac
2299 4911 2737 4968 circmnscribis?
2786 4911 2850 4963 Et
2884 4909 3152 4978 quomodo
3195 4905 3364 4962 stabis
3389 4897 3457 4954 ad
3486 4891 3580 4947 tri-

1998 5008 2155 5062 bunal
2176 5006 2395 5067 Christi,
2438 5005 2526 5073 qtti
2568 4998 2785 5073 pollutis
2809 5000 3057 5054 manibus
3087 5009 3140 5055 et
3163 4998 3328 5054 labris
3356 4990 3422 5047 ad
3454 4998 3581 5041 cor-

1999 5113 2097 5169 pus
2142 5096 2272 5151 illud
2312 5095 2512 5150 audeas
2558 5090 2858 5148 accedere?
2900 5091 2967 5144 Et
3005 5104 3187 5159 regem
3227 5083 3445 5159 quidem
3484 5081 3585 5125 οτθ

2063 5256 2135 5318 (τι)
2168 5254 2546 5318 Euax-morum
2578 5257 2633 5318 ει
2673 5248 3091 5318 τιιβοιψεξηίαιεηι
3136 5233 3585 5318 morisesse:

2001 5293 2558 5389 stitis‘t'fai'iﬁt'ﬁébvéd'im
2577 5293 3267 5389 ἑὶοιέέἷάἑὲέῖέἐὲέίῇλὶετιίίιὶῖίὲ
3611 5336 3620 5342 ·

2001 5327 2126 5388 erat,
2150 5327 2249 5388 et.a
2274 5327 2558 5377 quibusdam
2577 5327 2928 5382 bootes-laeuus
2949 5327 3043 5359 scrt
3068 5327 3267 5357 twrmus
3291 5327 3377 5389 pug
3393 5327 3477 5342 ων

2001 5378 2081 5428 tah
2107 5379 2283 5429 Christi
2308 5377 2531 5433 habetur;
2549 5384 2720 5420 verum
2745 5370 3011 5420 tttﬂmnilia
3032 5327 3097 5419 de
3121 5372 3265 5418 homo
3280 5357 3584 5433 l_inlt_\t}_‘_’f‘l'£:

2052 5407 2081 5427 ιι
2161 5407 2175 5426 ι
2204 5407 2247 5425 ω
2271 5407 2283 5424 .
2308 5407 2399 5423 ..ι-ι,
2422 5407 2503 5423 τι..
2558 5407 2720 5420 ων...
2745 5407 3011 5420 ......,........
3033 5407 3097 5419 νυ
3122 5407 3262 5418 νων,
3280 5407 3295 5412 -
3322 5407 3350 5410 ν
3421 5407 3447 5413 ν
3530 5407 3537 5413 .

2000 5407 2193 5496 1‘31."th
2217 5407 2434 5491 $1.752:
2456 5410 2822 5496 Ch’rysostomus
2837 5433 3192 5496 Epipin_mtan}__a
3215 5407 3584 5496 δαμὶιζμῇξξῆἑξς

2001 5473 2515 5561 tingttiitji‘ildeit‘urqt‘t;
2540 5473 2708 5561 dirigi?
2726 5473 3299 5561 illa'm-
3310 5482 3456 5561 ,αἱ

2000 5529 2176 5611 Ηὲἒξέιϊὲ
2183 5529 2523 5608 ἰἰὸἱέἶήῖὥῒὲἓ
2541 5529 3101 5611 ξῖἳῖέηἰῖιὲὅὲιὶζῗῗϋῗ,
3120 5529 3351 5611 aliter.
3374 5529 3591 5611 Betim:

2005 5594 2169 5611 uuqu
2192 5594 2395 5608 anu-un...
2415 5594 2433 5605 .
2458 5594 2523 5605 ..ν
2546 5594 2596 5604 ν,
2621 5594 2642 5603 ,
2666 5594 2915 5603 v_____w_v
2962 5594 3009 5602 __
3036 5594 3077 5601 __
3128 5594 3218 5600 ν’--
3247 5594 3259 5596 _
3278 5594 3291 5596 γ

2005 5620 2311 5690 jhamaalihi
2334 5630 2532 5690 quoque
2568 5594 3010 5690 lgqtt'itur.xer'u_m
3127 5596 3504 5690 dg're'llll'e':;il:’sl
3519 5594 3589 5690 13;

2005 5630 2175 5684 [hama
2197 5630 2311 5668 alim
2334 5630 2532 5680 quoque
2568 5630 2614 5664 lo
2650 5630 2799 5664 tlttur.
2835 5630 3010 5662 verum
3036 5630 3094 5662 ea
3127 5630 3193 5661 ue.
3215 5630 3275 5658 ru
3301 5630 3495 5666 pm"...—
3521 5630 3531 5632 ν

2004 5683 2200 5746 qnuluri
2224 5693 2392 5746 sumus
2413 5685 2559 5746 Tettio
2585 5630 2789 5746 Xfillain
2812 5670 3034 5745 Diau-im
3160 5663 3426 5746 Disciplina
3452 5655 3504 5699 el
3526 5642 3591 5690 (1⁸

2006 5735 2435 5793 ἐυιιδυιξιιιιιίιιίιιυδ
2453 5737 2806 5788 Ecclesiasticis
2829 5742 3050 5799 tempore
3068 5735 3409 5793 Chrjsostuml-
