  <div class='ocr_page' id='page_1' title='image "/cluster/home/n/w/nwhite01/storage/ocr_20150623/62/mdp.39015008622626/034.png"; bbox 0 0 3932 6220; ppageno 0'>
   <div class='ocr_carea' id='block_1_1' title="bbox 1870 25 2247 56">
    <p class='ocr_par' dir='ltr' id='par_1_1' title="bbox 1870 25 2247 56">
     <span class='ocr_line' id='line_1_1' title="bbox 1870 25 2247 56; baseline 0.003 -30"><span class='ocrx_word' id='word_1_1' title='bbox 1870 25 2247 56; x_wconf 14' lang='lat' dir='ltr'><strong>__________,r</strong></span> 
     </span>
    </p>
   </div>
   <div class='ocr_carea' id='block_1_2' title="bbox 343 420 1881 493">
    <p class='ocr_par' dir='ltr' id='par_1_2' title="bbox 343 422 1881 486">
     <span class='ocr_line' id='line_1_2' title="bbox 343 422 1881 486; baseline -0.007 0"><span class='ocrx_word' id='word_1_2' title='bbox 343 431 399 486; x_wconf 67' lang='grc'><strong>9,)</strong></span> <span class='ocrx_word' id='word_1_3' title='bbox 1222 429 1293 483; x_wconf 79' lang='lat' dir='ltr'><strong>IN</strong></span> <span class='ocrx_word' id='word_1_4' title='bbox 1321 424 1542 483; x_wconf 78' lang='lat' dir='ltr'><strong>EPIST.</strong></span> <span class='ocrx_word' id='word_1_5' title='bbox 1574 424 1666 478; x_wconf 74' lang='lat' dir='ltr'><strong>AD</strong></span> <span class='ocrx_word' id='word_1_6' title='bbox 1701 422 1881 479; x_wconf 75' lang='lat' dir='ltr'><strong>EI‘HE</strong></span> 
     </span>
    </p>
   </div>
   <div class='ocr_carea' id='block_1_3' title="bbox 1984 420 3545 493">
    <p class='ocr_par' dir='ltr' id='par_1_3' title="bbox 1985 423 3545 493">
     <span class='ocr_line' id='line_1_3' title="bbox 1985 423 3545 493; baseline 0.01 -15"><span class='ocrx_word' id='word_1_7' title='bbox 1985 423 2137 479; x_wconf 79' lang='lat' dir='ltr'><strong>CAP.</strong></span> <span class='ocrx_word' id='word_1_8' title='bbox 2168 426 2211 481; x_wconf 91' lang='grc'><strong>1.</strong></span> <span class='ocrx_word' id='word_1_9' title='bbox 2253 426 2490 485; x_wconf 71' lang='lat' dir='ltr'><strong>HOMIL.</strong></span> <span class='ocrx_word' id='word_1_10' title='bbox 2525 431 2617 486; x_wconf 85' lang='grc'><strong>111.</strong></span> <span class='ocrx_word' id='word_1_11' title='bbox 3473 438 3545 493; x_wconf 70' lang='grc'><strong>28</strong></span> 
     </span>
    </p>
   </div>
   <div class='ocr_carea' id='block_1_4' title="bbox 339 539 1877 611">
    <p class='ocr_par' dir='ltr' id='par_1_4' title="bbox 339 539 1877 611">
     <span class='ocr_line' id='line_1_4' title="bbox 339 539 1877 611; baseline -0.002 -14"><span class='ocrx_word' id='word_1_12' title='bbox 339 544 483 607; x_wconf 71' lang='grc' dir='ltr'><strong>ὅντως</strong></span> <span class='ocrx_word' id='word_1_13' title='bbox 511 540 605 596; x_wconf 81' lang='grc' dir='ltr'><strong>καὶ</strong></span> <span class='ocrx_word' id='word_1_14' title='bbox 628 540 691 595; x_wconf 77' lang='grc' dir='ltr'><strong>τὸ</strong></span> <span class='ocrx_word' id='word_1_15' title='bbox 709 539 1023 611; x_wconf 79' lang='grc' dir='ltr'><strong>κεφάλαιον.</strong></span> <span class='ocrx_word' id='word_1_16' title='bbox 1052 541 1241 596; x_wconf 77' lang='grc' dir='ltr'><strong>Καίτοι</strong></span> <span class='ocrx_word' id='word_1_17' title='bbox 1267 542 1433 595; x_wconf 75' lang='grc' dir='ltr'><strong>εἶκαὶ</strong></span> <span class='ocrx_word' id='word_1_18' title='bbox 1464 540 1692 611; x_wconf 75' lang='grc' dir='ltr'><strong>μηδενὸς</strong></span> <span class='ocrx_word' id='word_1_19' title='bbox 1710 541 1877 611; x_wconf 69' lang='grc' dir='ltr'><strong>ἠξιώ-</strong></span> 
     </span>
    </p>
   </div>
   <div class='ocr_carea' id='block_1_5' title="bbox 341 627 1878 702">
    <p class='ocr_par' dir='ltr' id='par_1_5' title="bbox 341 627 1878 702">
     <span class='ocr_line' id='line_1_5' title="bbox 341 627 1878 702; baseline -0.004 -17"><span class='ocrx_word' id='word_1_20' title='bbox 341 631 510 702; x_wconf 80' lang='grc' dir='ltr'><strong>θημεν,</strong></span> <span class='ocrx_word' id='word_1_21' title='bbox 534 630 692 700; x_wconf 79' lang='grc' dir='ltr'><strong>ῆρκει</strong></span> <span class='ocrx_word' id='word_1_22' title='bbox 723 646 736 660; x_wconf 78' lang='grc' dir='ltr'><strong>ο</strong></span> <span class='ocrx_word' id='word_1_23' title='bbox 771 629 805 700; x_wconf 77' lang='grc' dir='ltr'>ἢ</span> <span class='ocrx_word' id='word_1_24' title='bbox 838 630 933 683; x_wconf 79' lang='grc' dir='ltr'><strong>καὶ</strong></span> <span class='ocrx_word' id='word_1_25' title='bbox 975 629 1166 685; x_wconf 80' lang='grc' dir='ltr'><strong>τούτου</strong></span> <span class='ocrx_word' id='word_1_26' title='bbox 1209 629 1259 682; x_wconf 82' lang='grc' dir='ltr'><strong>εί</strong></span> <span class='ocrx_word' id='word_1_27' title='bbox 1309 627 1653 699; x_wconf 74' lang='grc' dir='ltr'><strong>ἠξιώθημεν,</strong></span> <span class='ocrx_word' id='word_1_28' title='bbox 1706 628 1878 698; x_wconf 77' lang='grc' dir='ltr'><strong>χωρὶς</strong></span> 
     </span>
    </p>
   </div>
   <div class='ocr_carea' id='block_1_6' title="bbox 337 713 1876 790">
    <p class='ocr_par' dir='ltr' id='par_1_6' title="bbox 337 713 1876 790">
     <span class='ocr_line' id='line_1_6' title="bbox 337 713 1876 790; baseline -0.003 -19"><span class='ocrx_word' id='word_1_29' title='bbox 337 717 424 771; x_wconf 84' lang='grc' dir='ltr'><strong>τοῦ</strong></span> <span class='ocrx_word' id='word_1_30' title='bbox 469 716 660 785; x_wconf 74' lang='grc' dir='ltr'><strong>σφάξαι</strong></span> <span class='ocrx_word' id='word_1_31' title='bbox 717 717 878 787; x_wconf 75' lang='grc' dir='ltr'><strong>ἤρκει</strong></span> <span class='ocrx_word' id='word_1_32' title='bbox 909 730 923 745; x_wconf 90' lang='grc'><strong>·</strong></span> <span class='ocrx_word' id='word_1_33' title='bbox 956 717 1088 771; x_wconf 73' lang='grc' dir='ltr'><strong>ὅταν</strong></span> <span class='ocrx_word' id='word_1_34' title='bbox 1128 716 1188 769; x_wconf 74' lang='grc' dir='ltr'><strong>δὲ</strong></span> <span class='ocrx_word' id='word_1_35' title='bbox 1217 717 1288 769; x_wconf 81' lang='grc' dir='ltr'><strong>τὰ</strong></span> <span class='ocrx_word' id='word_1_36' title='bbox 1325 715 1419 769; x_wconf 80' lang='grc' dir='ltr'><strong>δύο</strong></span> <span class='ocrx_word' id='word_1_37' title='bbox 1436 713 1495 790; x_wconf 79' lang='grc' dir='ltr'><strong>ᾖ,</strong></span> <span class='ocrx_word' id='word_1_38' title='bbox 1528 715 1652 769; x_wconf 82' lang='grc' dir='ltr'><strong>τίνα</strong></span> <span class='ocrx_word' id='word_1_39' title='bbox 1679 715 1781 769; x_wconf 79' lang='grc' dir='ltr'><strong>οὐκ</strong></span> <span class='ocrx_word' id='word_1_40' title='bbox 1806 713 1876 768; x_wconf 74' lang='grc' dir='ltr'><strong>ἂν</strong></span> 
     </span>
    </p>
   </div>
   <div class='ocr_carea' id='block_1_7' title="bbox 337 803 1877 878">
    <p class='ocr_par' dir='ltr' id='par_1_7' title="bbox 337 803 1877 878">
     <span class='ocr_line' id='line_1_7' title="bbox 337 803 1877 878; baseline -0.001 -20"><span class='ocrx_word' id='word_1_41' title='bbox 337 804 621 878; x_wconf 68' lang='grc' dir='ltr'><strong>ὑπερϐολὴν</strong></span> <span class='ocrx_word' id='word_1_42' title='bbox 669 806 833 873; x_wconf 87' lang='grc' dir='ltr'><strong>λόγου</strong></span> <span class='ocrx_word' id='word_1_43' title='bbox 878 807 1123 876; x_wconf 66' lang='grc' dir='ltr'><strong>νικήσειε</strong></span> <span class='ocrx_word' id='word_1_44' title='bbox 1163 805 1260 859; x_wconf 68' lang='grc' dir='ltr'><strong>καὶ</strong></span> <span class='ocrx_word' id='word_1_45' title='bbox 1284 804 1555 877; x_wconf 67' lang='grc' dir='ltr'><strong>Δὑπερϐαίη</strong></span> <span class='ocrx_word' id='word_1_46' title='bbox 1586 820 1602 869; x_wconf 89' lang='lat'><strong>;</strong></span> <span class='ocrx_word' id='word_1_47' title='bbox 1632 805 1707 857; x_wconf 79' lang='grc' dir='ltr'><strong>Ού</strong></span> <span class='ocrx_word' id='word_1_48' title='bbox 1735 803 1877 874; x_wconf 83' lang='grc' dir='ltr'><strong>μέγα</strong></span> 
     </span>
    </p>
   </div>
   <div class='ocr_carea' id='block_1_8' title="bbox 335 889 1876 963">
    <p class='ocr_par' dir='ltr' id='par_1_8' title="bbox 335 889 1876 963">
     <span class='ocr_line' id='line_1_8' title="bbox 335 889 1876 963; baseline -0.003 -15"><span class='ocrx_word' id='word_1_49' title='bbox 335 896 368 963; x_wconf 69' lang='grc' dir='ltr'><strong><em>ὴ</em></strong></span> <span class='ocrx_word' id='word_1_50' title='bbox 393 894 667 957; x_wconf 75' lang='grc' dir='ltr'><strong>ἀνάστασις</strong></span> <span class='ocrx_word' id='word_1_51' title='bbox 694 936 709 957; x_wconf 92' lang='grc'><strong>,</strong></span> <span class='ocrx_word' id='word_1_52' title='bbox 733 894 863 948; x_wconf 79' lang='grc' dir='ltr'><strong>ὅταν</strong></span> <span class='ocrx_word' id='word_1_53' title='bbox 911 891 1083 947; x_wconf 82' lang='grc' dir='ltr'><strong>ταῦτα</strong></span> <span class='ocrx_word' id='word_1_54' title='bbox 1125 895 1449 963; x_wconf 71' lang='grc' dir='ltr'><strong>λογίσωμαι.</strong></span> <span class='ocrx_word' id='word_1_55' title='bbox 1498 893 1636 963; x_wconf 73' lang='grc' dir='ltr'><strong>Περὶ</strong></span> <span class='ocrx_word' id='word_1_56' title='bbox 1679 889 1876 944; x_wconf 85' lang='grc' dir='ltr'><strong>τούτου</strong></span> 
     </span>
    </p>
   </div>
   <div class='ocr_carea' id='block_1_9' title="bbox 333 976 1877 1052">
    <p class='ocr_par' dir='ltr' id='par_1_9' title="bbox 333 976 1877 1052">
     <span class='ocr_line' id='line_1_9' title="bbox 333 976 1877 1052; baseline -0.003 -18"><span class='ocrx_word' id='word_1_57' title='bbox 333 981 510 1052; x_wconf 79' lang='grc' dir='ltr'><strong>φησίνο</strong></span> <span class='ocrx_word' id='word_1_58' title='bbox 551 981 619 1035; x_wconf 83' lang='grc' dir='ltr'>Ὃ</span> <span class='ocrx_word' id='word_1_59' title='bbox 659 982 803 1047; x_wconf 79' lang='grc' dir='ltr'><strong>Θεὸς</strong></span> <span class='ocrx_word' id='word_1_60' title='bbox 856 982 963 1035; x_wconf 81' lang='grc' dir='ltr'><strong>τοῦ</strong></span> <span class='ocrx_word' id='word_1_61' title='bbox 1010 983 1232 1048; x_wconf 79' lang='grc' dir='ltr'><strong>Κυρίου</strong></span> <span class='ocrx_word' id='word_1_62' title='bbox 1290 980 1463 1050; x_wconf 70' lang='grc' dir='ltr'><strong>ἡμῶν</strong></span> <span class='ocrx_word' id='word_1_63' title='bbox 1495 976 1703 1046; x_wconf 85' lang='grc' dir='ltr'><strong>Ἰησοῦ</strong></span> <span class='ocrx_word' id='word_1_64' title='bbox 1740 979 1877 1047; x_wconf 83' lang='grc' dir='ltr'><strong>Χρι-</strong></span> 
     </span>
    </p>
   </div>
   <div class='ocr_carea' id='block_1_10' title="bbox 329 1062 1878 1138">
    <p class='ocr_par' dir='ltr' id='par_1_10' title="bbox 329 1062 1878 1138">
     <span class='ocr_line' id='line_1_10' title="bbox 329 1062 1878 1138; baseline -0.004 -17"><span class='ocrx_word' id='word_1_65' title='bbox 329 1067 487 1129; x_wconf 76' lang='grc' dir='ltr'><strong>στοῦ,</strong></span> <span class='ocrx_word' id='word_1_66' title='bbox 538 1068 605 1120; x_wconf 79' lang='grc' dir='ltr'><strong>οὐ</strong></span> <span class='ocrx_word' id='word_1_67' title='bbox 660 1068 791 1138; x_wconf 70' lang='grc' dir='ltr'><strong>περὶ</strong></span> <span class='ocrx_word' id='word_1_68' title='bbox 836 1067 930 1121; x_wconf 89' lang='grc' dir='ltr'><strong>τοῦ</strong></span> <span class='ocrx_word' id='word_1_69' title='bbox 975 1066 1110 1120; x_wconf 79' lang='grc' dir='ltr'><strong>Θεοῦ</strong></span> <span class='ocrx_word' id='word_1_70' title='bbox 1151 1066 1350 1134; x_wconf 84' lang='grc' dir='ltr'><strong>Λόγου.</strong></span> <span class='ocrx_word' id='word_1_71' title='bbox 1393 1063 1740 1135; x_wconf 76' lang='grc' dir='ltr'><strong>Αίδεσθῶμεν</strong></span> <span class='ocrx_word' id='word_1_72' title='bbox 1777 1062 1878 1134; x_wconf 77' lang='grc' dir='ltr'><strong>τὴν</strong></span> 
     </span>
    </p>
   </div>
   <div class='ocr_carea' id='block_1_11' title="bbox 328 1151 1878 1224">
    <p class='ocr_par' dir='ltr' id='par_1_11' title="bbox 328 1151 1878 1224">
     <span class='ocr_line' id='line_1_11' title="bbox 328 1151 1878 1224; baseline -0.002 -18"><span class='ocrx_word' id='word_1_73' title='bbox 328 1153 589 1224; x_wconf 81' lang='grc' dir='ltr'><strong>ἐγγύτητα</strong></span> <span class='ocrx_word' id='word_1_74' title='bbox 630 1155 733 1223; x_wconf 86' lang='grc' dir='ltr'><strong>τῆς</strong></span> <span class='ocrx_word' id='word_1_75' title='bbox 774 1154 1096 1222; x_wconf 76' lang='grc' dir='ltr'><strong>συγγενείας</strong></span> <span class='ocrx_word' id='word_1_76' title='bbox 1115 1195 1130 1218; x_wconf 91' lang='grc'><strong>,</strong></span> <span class='ocrx_word' id='word_1_77' title='bbox 1166 1151 1503 1224; x_wconf 81' lang='grc' dir='ltr'><strong>φοϐηθῶμεν</strong></span> <span class='ocrx_word' id='word_1_78' title='bbox 1531 1152 1603 1223; x_wconf 81' lang='grc' dir='ltr'><strong>μή</strong></span> <span class='ocrx_word' id='word_1_79' title='bbox 1634 1167 1720 1214; x_wconf 91' lang='grc' dir='ltr'><strong>τις</strong></span> <span class='ocrx_word' id='word_1_80' title='bbox 1737 1152 1878 1205; x_wconf 84' lang='grc' dir='ltr'><strong>ἁπο-</strong></span> 
     </span>
    </p>
   </div>
   <div class='ocr_carea' id='block_1_12' title="bbox 326 1237 1882 1313">
    <p class='ocr_par' dir='ltr' id='par_1_12' title="bbox 326 1237 1882 1313">
     <span class='ocr_line' id='line_1_12' title="bbox 326 1237 1882 1313; baseline -0.003 -18"><span class='ocrx_word' id='word_1_81' title='bbox 326 1244 454 1313; x_wconf 79' lang='grc' dir='ltr'><strong>κοπῇ</strong></span> <span class='ocrx_word' id='word_1_82' title='bbox 497 1240 591 1296; x_wconf 87' lang='grc' dir='ltr'><strong>τοῦ</strong></span> <span class='ocrx_word' id='word_1_83' title='bbox 628 1242 884 1313; x_wconf 79' lang='grc' dir='ltr'><strong>σώματος</strong></span> <span class='ocrx_word' id='word_1_84' title='bbox 910 1242 1129 1305; x_wconf 84' lang='grc' dir='ltr'><strong>τούτου,</strong></span> <span class='ocrx_word' id='word_1_85' title='bbox 1172 1242 1247 1312; x_wconf 83' lang='grc' dir='ltr'><strong>μή</strong></span> <span class='ocrx_word' id='word_1_86' title='bbox 1294 1256 1377 1303; x_wconf 85' lang='grc' dir='ltr'><strong>τις</strong></span> <span class='ocrx_word' id='word_1_87' title='bbox 1422 1237 1654 1309; x_wconf 86' lang='grc' dir='ltr'><strong>ἐκπέσῃ,</strong></span> <span class='ocrx_word' id='word_1_88' title='bbox 1692 1238 1766 1309; x_wconf 83' lang='grc' dir='ltr'><strong>μή</strong></span> <span class='ocrx_word' id='word_1_89' title='bbox 1794 1254 1882 1302; x_wconf 89' lang='grc' dir='ltr'><strong>τις</strong></span> 
     </span>
    </p>
   </div>
   <div class='ocr_carea' id='block_1_13' title="bbox 324 1326 1878 1401">
    <p class='ocr_par' dir='ltr' id='par_1_13' title="bbox 324 1326 1878 1401">
     <span class='ocr_line' id='line_1_13' title="bbox 324 1326 1878 1401; baseline -0.004 -18"><span class='ocrx_word' id='word_1_90' title='bbox 324 1328 533 1395; x_wconf 79' lang='grc' dir='ltr'><strong>ἀνάξιος</strong></span> <span class='ocrx_word' id='word_1_91' title='bbox 589 1331 752 1401; x_wconf 76' lang='grc' dir='ltr'><strong>φανῇ.</strong></span> <span class='ocrx_word' id='word_1_92' title='bbox 784 1330 847 1382; x_wconf 72' lang='lat' dir='ltr'><strong>El</strong></span> <span class='ocrx_word' id='word_1_93' title='bbox 875 1328 1111 1399; x_wconf 82' lang='grc' dir='ltr'><strong>διάδημά</strong></span> <span class='ocrx_word' id='word_1_94' title='bbox 1165 1345 1251 1392; x_wconf 87' lang='grc' dir='ltr'><strong>τις</strong></span> <span class='ocrx_word' id='word_1_95' title='bbox 1294 1327 1455 1399; x_wconf 76' lang='grc' dir='ltr'><strong>ἡμῶν</strong></span> <span class='ocrx_word' id='word_1_96' title='bbox 1494 1326 1785 1396; x_wconf 85' lang='grc' dir='ltr'><strong>περιέθηκε</strong></span> <span class='ocrx_word' id='word_1_97' title='bbox 1810 1327 1878 1396; x_wconf 81' lang='grc' dir='ltr'><strong>τῇ</strong></span> 
     </span>
    </p>
   </div>
   <div class='ocr_carea' id='block_1_14' title="bbox 325 1411 1884 1489">
    <p class='ocr_par' dir='ltr' id='par_1_14' title="bbox 325 1411 1884 1489">
     <span class='ocr_line' id='line_1_14' title="bbox 325 1411 1884 1489; baseline -0.002 -20"><span class='ocrx_word' id='word_1_98' title='bbox 325 1416 543 1488; x_wconf 75' lang='grc' dir='ltr'><strong>κεφαλῇ,</strong></span> <span class='ocrx_word' id='word_1_99' title='bbox 565 1417 824 1485; x_wconf 75' lang='grc' dir='ltr'><strong>στέφανον</strong></span> <span class='ocrx_word' id='word_1_100' title='bbox 845 1416 1099 1489; x_wconf 78' lang='grc' dir='ltr'><strong>χρυσοῦν.</strong></span> <span class='ocrx_word' id='word_1_101' title='bbox 1116 1411 1225 1487; x_wconf 79' lang='grc' dir='ltr'><strong>ἆρα</strong></span> <span class='ocrx_word' id='word_1_102' title='bbox 1248 1414 1349 1468; x_wconf 80' lang='grc' dir='ltr'><strong>οὐκ</strong></span> <span class='ocrx_word' id='word_1_103' title='bbox 1368 1414 1434 1468; x_wconf 76' lang='grc' dir='ltr'><strong>ἂν</strong></span> <span class='ocrx_word' id='word_1_104' title='bbox 1447 1414 1624 1467; x_wconf 85' lang='grc' dir='ltr'><strong>πάντα</strong></span> <span class='ocrx_word' id='word_1_105' title='bbox 1649 1411 1884 1483; x_wconf 75' lang='grc' dir='ltr'><strong>ἐπράξα-</strong></span> 
     </span>
    </p>
   </div>
   <div class='ocr_carea' id='block_1_15' title="bbox 326 1498 1881 1572">
    <p class='ocr_par' dir='ltr' id='par_1_15' title="bbox 326 1498 1881 1572">
     <span class='ocr_line' id='line_1_15' title="bbox 326 1498 1881 1572; baseline -0.002 -18"><span class='ocrx_word' id='word_1_106' title='bbox 326 1500 591 1570; x_wconf 81' lang='grc' dir='ltr'><strong>μεν,ὢστε</strong></span> <span class='ocrx_word' id='word_1_107' title='bbox 604 1503 713 1554; x_wconf 90' lang='grc' dir='ltr'><strong>τῶν</strong></span> <span class='ocrx_word' id='word_1_108' title='bbox 733 1501 1128 1572; x_wconf 72' lang='grc' dir='ltr'><strong>ἀψύχωνλίθων</strong></span> <span class='ocrx_word' id='word_1_109' title='bbox 1139 1500 1369 1570; x_wconf 78' lang='grc' dir='ltr'><strong>ὀφθῆναι</strong></span> <span class='ocrx_word' id='word_1_110' title='bbox 1399 1499 1539 1564; x_wconf 73' lang='grc' dir='ltr'><strong>ἄξιοι</strong></span> <span class='ocrx_word' id='word_1_111' title='bbox 1566 1517 1582 1566; x_wconf 87' lang='grc'><strong>;</strong></span> <span class='ocrx_word' id='word_1_112' title='bbox 1610 1499 1725 1553; x_wconf 87' lang='grc' dir='ltr'><strong>Νῦν</strong></span> <span class='ocrx_word' id='word_1_113' title='bbox 1742 1498 1797 1552; x_wconf 84' lang='grc' dir='ltr'><strong>δὲ</strong></span> <span class='ocrx_word' id='word_1_114' title='bbox 1821 1499 1881 1552; x_wconf 83' lang='grc' dir='ltr'><strong>οὐ</strong></span> 
     </span>
    </p>
   </div>
   <div class='ocr_carea' id='block_1_16' title="bbox 322 1586 1883 1661">
    <p class='ocr_par' dir='ltr' id='par_1_16' title="bbox 322 1586 1883 1661">
     <span class='ocr_line' id='line_1_16' title="bbox 322 1586 1883 1661; baseline -0.002 -20"><span class='ocrx_word' id='word_1_115' title='bbox 322 1587 552 1658; x_wconf 85' lang='grc' dir='ltr'><strong>διάδημα</strong></span> <span class='ocrx_word' id='word_1_116' title='bbox 581 1589 737 1660; x_wconf 70' lang='grc' dir='ltr'><strong>ἡμῶν</strong></span> <span class='ocrx_word' id='word_1_117' title='bbox 770 1590 1075 1661; x_wconf 84' lang='grc' dir='ltr'><strong>περίκειται</strong></span> <span class='ocrx_word' id='word_1_118' title='bbox 1111 1590 1179 1659; x_wconf 77' lang='grc' dir='ltr'><strong>τῇ</strong></span> <span class='ocrx_word' id='word_1_119' title='bbox 1217 1587 1463 1657; x_wconf 75' lang='grc' dir='ltr'><strong>κεφαλῇ,</strong></span> <span class='ocrx_word' id='word_1_120' title='bbox 1493 1587 1630 1640; x_wconf 80' lang='grc' dir='ltr'><strong>ἀλλὰ</strong></span> <span class='ocrx_word' id='word_1_121' title='bbox 1670 1586 1883 1657; x_wconf 72' lang='grc' dir='ltr'><strong>κεφαλὴ</strong></span> 
     </span>
    </p>
   </div>
   <div class='ocr_carea' id='block_1_17' title="bbox 321 1674 1885 1748">
    <p class='ocr_par' dir='ltr' id='par_1_17' title="bbox 321 1674 1885 1748">
     <span class='ocr_line' id='line_1_17' title="bbox 321 1674 1885 1748; baseline 0.001 -21"><span class='ocrx_word' id='word_1_122' title='bbox 321 1676 354 1744; x_wconf 80' lang='grc' dir='ltr'><strong>ἡ</strong></span> <span class='ocrx_word' id='word_1_123' title='bbox 363 1675 475 1744; x_wconf 84' lang='grc' dir='ltr'><strong>μῶν</strong></span> <span class='ocrx_word' id='word_1_124' title='bbox 494 1676 712 1743; x_wconf 85' lang='grc' dir='ltr'><strong>γέγονεν</strong></span> <span class='ocrx_word' id='word_1_125' title='bbox 726 1676 754 1728; x_wconf 86' lang='grc' dir='ltr'><strong>ό</strong></span> <span class='ocrx_word' id='word_1_126' title='bbox 768 1676 1020 1748; x_wconf 79' lang='grc' dir='ltr'><strong>Χριστὸς,</strong></span> <span class='ocrx_word' id='word_1_127' title='bbox 1038 1676 1176 1743; x_wconf 81' lang='grc' dir='ltr'><strong>ὅπερ</strong></span> <span class='ocrx_word' id='word_1_128' title='bbox 1197 1674 1314 1729; x_wconf 78' lang='grc' dir='ltr'><strong>ἐστὶ</strong></span> <span class='ocrx_word' id='word_1_129' title='bbox 1337 1676 1542 1744; x_wconf 76' lang='grc' dir='ltr'><strong>μεῖζον,</strong></span> <span class='ocrx_word' id='word_1_130' title='bbox 1569 1674 1663 1728; x_wconf 66' lang='grc' dir='ltr'><strong>καῖ⁵</strong></span> <span class='ocrx_word' id='word_1_131' title='bbox 1694 1674 1885 1728; x_wconf 77' lang='grc' dir='ltr'><strong>οὐδένα</strong></span> 
     </span>
    </p>
   </div>
   <div class='ocr_carea' id='block_1_18' title="bbox 319 1760 1882 1833">
    <p class='ocr_par' dir='ltr' id='par_1_18' title="bbox 319 1760 1882 1833">
     <span class='ocr_line' id='line_1_18' title="bbox 319 1760 1882 1833; baseline 0 -20"><span class='ocrx_word' id='word_1_132' title='bbox 319 1762 471 1828; x_wconf 78' lang='grc' dir='ltr'><strong>λόγον</strong></span> <span class='ocrx_word' id='word_1_133' title='bbox 494 1763 813 1831; x_wconf 85' lang='grc' dir='ltr'><strong>ποιούμεθα.</strong></span> <span class='ocrx_word' id='word_1_134' title='bbox 853 1763 994 1816; x_wconf 82' lang='grc' dir='ltr'><strong>Ἀλλ’</strong></span> <span class='ocrx_word' id='word_1_135' title='bbox 1020 1762 1246 1831; x_wconf 74' lang='grc' dir='ltr'><strong>ἄγγελοι</strong></span> <span class='ocrx_word' id='word_1_136' title='bbox 1282 1762 1381 1833; x_wconf 78' lang='grc' dir='ltr'><strong>μὲν</strong></span> <span class='ocrx_word' id='word_1_137' title='bbox 1411 1762 1581 1833; x_wconf 80' lang='grc' dir='ltr'><strong>αὐτὴν</strong></span> <span class='ocrx_word' id='word_1_138' title='bbox 1608 1760 1882 1815; x_wconf 78' lang='grc' dir='ltr'><strong>αἰδοῦνται</strong></span> 
     </span>
    </p>
   </div>
   <div class='ocr_carea' id='block_1_19' title="bbox 319 1847 1876 1921">
    <p class='ocr_par' dir='ltr' id='par_1_19' title="bbox 319 1847 1876 1921">
     <span class='ocr_line' id='line_1_19' title="bbox 319 1847 1876 1921; baseline 0.001 -21"><span class='ocrx_word' id='word_1_139' title='bbox 319 1849 410 1902; x_wconf 76' lang='grc' dir='ltr'><strong>καὶ</strong></span> <span class='ocrx_word' id='word_1_140' title='bbox 463 1850 791 1921; x_wconf 86' lang='grc' dir='ltr'><strong>ἀρχάγγελοι</strong></span> <span class='ocrx_word' id='word_1_141' title='bbox 845 1851 938 1904; x_wconf 78' lang='grc' dir='ltr'><strong>καὶ</strong></span> <span class='ocrx_word' id='word_1_142' title='bbox 995 1851 1169 1903; x_wconf 79' lang='grc' dir='ltr'><strong>πᾶσαι</strong></span> <span class='ocrx_word' id='word_1_143' title='bbox 1217 1851 1420 1902; x_wconf 86' lang='grc' dir='ltr'><strong>ἐκεῖναι</strong></span> <span class='ocrx_word' id='word_1_144' title='bbox 1472 1850 1531 1902; x_wconf 85' lang='grc' dir='ltr'><strong>αἱ</strong></span> <span class='ocrx_word' id='word_1_145' title='bbox 1576 1847 1834 1918; x_wconf 76' lang='grc' dir='ltr'><strong>δυνάμεις</strong></span> <span class='ocrx_word' id='word_1_146' title='bbox 1862 1864 1876 1879; x_wconf 77' lang='grc' dir='ltr'><strong>ο</strong></span> 
     </span>
    </p>
   </div>
   <div class='ocr_carea' id='block_1_20' title="bbox 317 1934 1881 2007">
    <p class='ocr_par' dir='ltr' id='par_1_20' title="bbox 317 1934 1881 2007">
     <span class='ocr_line' id='line_1_20' title="bbox 317 1934 1881 2007; baseline 0 -18"><span class='ocrx_word' id='word_1_147' title='bbox 317 1938 474 2006; x_wconf 77' lang='grc' dir='ltr'><strong>ἡμεῖς</strong></span> <span class='ocrx_word' id='word_1_148' title='bbox 505 1937 577 2001; x_wconf 78' lang='grc' dir='ltr'><strong>δὲ,</strong></span> <span class='ocrx_word' id='word_1_149' title='bbox 602 1937 654 1991; x_wconf 85' lang='grc' dir='ltr'><strong>οί</strong></span> <span class='ocrx_word' id='word_1_150' title='bbox 690 1936 852 2007; x_wconf 84' lang='grc' dir='ltr'><strong>σῶμα</strong></span> <span class='ocrx_word' id='word_1_151' title='bbox 881 1934 1049 1990; x_wconf 80' lang='grc' dir='ltr'><strong>αὐτοῦ</strong></span> <span class='ocrx_word' id='word_1_152' title='bbox 1080 1936 1255 1999; x_wconf 70' lang='grc' dir='ltr'><strong>ὄντες,</strong></span> <span class='ocrx_word' id='word_1_153' title='bbox 1274 1934 1398 1989; x_wconf 80' lang='grc' dir='ltr'><strong>οὕτε</strong></span> <span class='ocrx_word' id='word_1_154' title='bbox 1426 1934 1517 1988; x_wconf 79' lang='grc' dir='ltr'><strong>διὰ</strong></span> <span class='ocrx_word' id='word_1_155' title='bbox 1545 1934 1725 1999; x_wconf 86' lang='grc' dir='ltr'><strong>τοῦτο,</strong></span> <span class='ocrx_word' id='word_1_156' title='bbox 1754 1934 1881 1989; x_wconf 75' lang='grc' dir='ltr'><strong>οὔτε</strong></span> 
     </span>
    </p>
   </div>
   <div class='ocr_carea' id='block_1_21' title="bbox 315 2022 1879 2096">
    <p class='ocr_par' dir='ltr' id='par_1_21' title="bbox 315 2022 1879 2096">
     <span class='ocr_line' id='line_1_21' title="bbox 315 2022 1879 2096; baseline -0.001 -20"><span class='ocrx_word' id='word_1_157' title='bbox 315 2024 383 2076; x_wconf 85' lang='grc' dir='ltr'><strong>δι’</strong></span> <span class='ocrx_word' id='word_1_158' title='bbox 436 2026 613 2079; x_wconf 75' lang='grc' dir='ltr'><strong>ἐκεῖνο</strong></span> <span class='ocrx_word' id='word_1_159' title='bbox 659 2023 1096 2096; x_wconf 79' lang='grc' dir='ltr'><strong>αίδεσθησόμεθα</strong></span> <span class='ocrx_word' id='word_1_160' title='bbox 1124 2042 1141 2091; x_wconf 88' lang='lat'><strong>;</strong></span> <span class='ocrx_word' id='word_1_161' title='bbox 1176 2024 1273 2079; x_wconf 74' lang='grc' dir='ltr'><strong>καὶ</strong></span> <span class='ocrx_word' id='word_1_162' title='bbox 1308 2025 1394 2087; x_wconf 86' lang='grc' dir='ltr'><strong>τίς</strong></span> <span class='ocrx_word' id='word_1_163' title='bbox 1419 2024 1553 2093; x_wconf 74' lang='grc' dir='ltr'><strong>ἡμῖν</strong></span> <span class='ocrx_word' id='word_1_164' title='bbox 1581 2022 1738 2076; x_wconf 76' lang='grc' dir='ltr'><strong>ἔσται</strong></span> <span class='ocrx_word' id='word_1_165' title='bbox 1771 2039 1879 2076; x_wconf 78' lang='grc' dir='ltr'><strong>σωο</strong></span> 
     </span>
    </p>
   </div>
   <div class='ocr_carea' id='block_1_22' title="bbox 315 2110 726 2180">
    <p class='ocr_par' dir='ltr' id='par_1_22' title="bbox 315 2110 726 2180">
     <span class='ocr_line' id='line_1_22' title="bbox 315 2110 726 2180; baseline 0.007 -19"><span class='ocrx_word' id='word_1_166' title='bbox 315 2110 511 2180; x_wconf 78' lang='grc' dir='ltr'><strong>τηρίας</strong></span> <span class='ocrx_word' id='word_1_167' title='bbox 535 2112 726 2177; x_wconf 84' lang='grc' dir='ltr'><strong>ἐλπίς;</strong></span> 
     </span>
    </p>
   </div>
   <div class='ocr_carea' id='block_1_23' title="bbox 398 2236 1883 2311">
    <p class='ocr_par' dir='ltr' id='par_1_23' title="bbox 398 2236 1883 2311">
     <span class='ocr_line' id='line_1_23' title="bbox 398 2236 1883 2311; baseline -0.001 -18"><span class='ocrx_word' id='word_1_168' title='bbox 398 2240 604 2293; x_wconf 80' lang='grc' dir='ltr'><strong>Ἔννόει</strong></span> <span class='ocrx_word' id='word_1_169' title='bbox 630 2240 722 2293; x_wconf 80' lang='grc' dir='ltr'><strong>τδν</strong></span> <span class='ocrx_word' id='word_1_170' title='bbox 742 2240 932 2311; x_wconf 83' lang='grc' dir='ltr'><strong>θρόνον</strong></span> <span class='ocrx_word' id='word_1_171' title='bbox 963 2240 1053 2293; x_wconf 76' lang='grc' dir='ltr'><strong>τδν</strong></span> <span class='ocrx_word' id='word_1_172' title='bbox 1072 2237 1372 2311; x_wconf 69' lang='grc' dir='ltr'><strong>βασιλικὸν,</strong></span> <span class='ocrx_word' id='word_1_173' title='bbox 1396 2237 1568 2292; x_wconf 86' lang='grc' dir='ltr'><strong>ἐννόει</strong></span> <span class='ocrx_word' id='word_1_174' title='bbox 1590 2236 1690 2307; x_wconf 83' lang='grc' dir='ltr'><strong>τῆς</strong></span> <span class='ocrx_word' id='word_1_175' title='bbox 1717 2237 1883 2307; x_wconf 77' lang='grc' dir='ltr'><strong>τιμῆς</strong></span> 
     </span>
    </p>
   </div>
   <div class='ocr_carea' id='block_1_24' title="bbox 316 2323 1881 2398">
    <p class='ocr_par' dir='ltr' id='par_1_24' title="bbox 316 2323 1881 2398">
     <span class='ocr_line' id='line_1_24' title="bbox 316 2323 1881 2398; baseline 0.001 -22"><span class='ocrx_word' id='word_1_176' title='bbox 316 2325 419 2397; x_wconf 84' lang='grc' dir='ltr'><strong>τὴν</strong></span> <span class='ocrx_word' id='word_1_177' title='bbox 480 2326 787 2397; x_wconf 80' lang='grc' dir='ltr'><strong>ὑπερϐολήν</strong></span> <span class='ocrx_word' id='word_1_178' title='bbox 815 2344 830 2358; x_wconf 90' lang='grc'><strong>·</strong></span> <span class='ocrx_word' id='word_1_179' title='bbox 862 2327 1020 2381; x_wconf 86' lang='grc' dir='ltr'><strong>τοῦτο</strong></span> <span class='ocrx_word' id='word_1_180' title='bbox 1041 2327 1134 2380; x_wconf 71' lang='grc' dir='ltr'><strong>καὶ</strong></span> <span class='ocrx_word' id='word_1_181' title='bbox 1166 2327 1412 2397; x_wconf 77' lang='grc' dir='ltr'><strong>γεέννης,</strong></span> <span class='ocrx_word' id='word_1_182' title='bbox 1438 2324 1557 2398; x_wconf 66' lang='grc'><strong>[21]</strong></span> <span class='ocrx_word' id='word_1_183' title='bbox 1590 2326 1642 2379; x_wconf 81' lang='grc' dir='ltr'><strong>εί</strong></span> <span class='ocrx_word' id='word_1_184' title='bbox 1658 2341 1720 2393; x_wconf 88' lang='grc' dir='ltr'><strong>γε</strong></span> <span class='ocrx_word' id='word_1_185' title='bbox 1756 2323 1881 2394; x_wconf 86' lang='grc' dir='ltr'><strong>βου-</strong></span> 
     </span>
    </p>
   </div>
   <div class='ocr_carea' id='block_1_25' title="bbox 314 2411 1881 2485">
    <p class='ocr_par' dir='ltr' id='par_1_25' title="bbox 314 2411 1881 2485">
     <span class='ocr_line' id='line_1_25' title="bbox 314 2411 1881 2485; baseline -0.001 -19"><span class='ocrx_word' id='word_1_186' title='bbox 314 2412 566 2485; x_wconf 86' lang='grc' dir='ltr'><strong>λοίμεθα,</strong></span> <span class='ocrx_word' id='word_1_187' title='bbox 615 2414 819 2485; x_wconf 68' lang='grc' dir='ltr'><strong>μᾶλλον</strong></span> <span class='ocrx_word' id='word_1_188' title='bbox 871 2415 1018 2485; x_wconf 75' lang='grc' dir='ltr'><strong>ἡμᾶς</strong></span> <span class='ocrx_word' id='word_1_189' title='bbox 1064 2413 1297 2484; x_wconf 75' lang='grc' dir='ltr'><strong>φοϐῆσαι</strong></span> <span class='ocrx_word' id='word_1_190' title='bbox 1337 2412 1645 2484; x_wconf 79' lang='grc' dir='ltr'><strong>δυνήσεται.</strong></span> <span class='ocrx_word' id='word_1_191' title='bbox 1676 2412 1736 2465; x_wconf 71' lang='lat' dir='ltr'><strong>Et</strong></span> <span class='ocrx_word' id='word_1_192' title='bbox 1774 2411 1881 2483; x_wconf 84' lang='grc' dir='ltr'><strong>γὰρ</strong></span> 
     </span>
    </p>
   </div>
   <div class='ocr_carea' id='block_1_26' title="bbox 320 2496 1880 2572">
    <p class='ocr_par' dir='ltr' id='par_1_26' title="bbox 320 2496 1880 2572">
     <span class='ocr_line' id='line_1_26' title="bbox 320 2496 1880 2572; baseline -0.003 -18"><span class='ocrx_word' id='word_1_193' title='bbox 320 2501 396 2572; x_wconf 79' lang='grc' dir='ltr'><strong>μὴ</strong></span> <span class='ocrx_word' id='word_1_194' title='bbox 425 2501 623 2569; x_wconf 84' lang='grc' dir='ltr'><strong>γέεννα</strong></span> <span class='ocrx_word' id='word_1_195' title='bbox 660 2496 730 2571; x_wconf 77' lang='grc' dir='ltr'><strong>ἦν</strong></span> <span class='ocrx_word' id='word_1_196' title='bbox 750 2540 765 2564; x_wconf 93' lang='grc'><strong>,</strong></span> <span class='ocrx_word' id='word_1_197' title='bbox 790 2501 853 2554; x_wconf 77' lang='grc' dir='ltr'><strong>τὸ</strong></span> <span class='ocrx_word' id='word_1_198' title='bbox 882 2500 1216 2571; x_wconf 77' lang='grc' dir='ltr'><strong>τιμηθέντος</strong></span> <span class='ocrx_word' id='word_1_199' title='bbox 1246 2499 1515 2570; x_wconf 79' lang='grc' dir='ltr'><strong>τοσαύτην</strong></span> <span class='ocrx_word' id='word_1_200' title='bbox 1533 2498 1716 2569; x_wconf 80' lang='grc' dir='ltr'><strong>τιμὴν,</strong></span> <span class='ocrx_word' id='word_1_201' title='bbox 1745 2498 1880 2550; x_wconf 69' lang='lat' dir='ltr'><strong>dva-</strong></span> 
     </span>
    </p>
   </div>
   <div class='ocr_carea' id='block_1_27' title="bbox 318 2584 1883 2658">
    <p class='ocr_par' dir='ltr' id='par_1_27' title="bbox 318 2584 1883 2658">
     <span class='ocr_line' id='line_1_27' title="bbox 318 2584 1883 2658; baseline -0.002 -19"><span class='ocrx_word' id='word_1_202' title='bbox 318 2586 459 2653; x_wconf 81' lang='grc' dir='ltr'><strong>είους</strong></span> <span class='ocrx_word' id='word_1_203' title='bbox 499 2587 791 2658; x_wconf 76' lang='grc' dir='ltr'><strong>εὑρεθῆναι</strong></span> <span class='ocrx_word' id='word_1_204' title='bbox 825 2589 918 2641; x_wconf 83' lang='grc' dir='ltr'><strong>καὶ</strong></span> <span class='ocrx_word' id='word_1_205' title='bbox 966 2588 1189 2651; x_wconf 77' lang='grc' dir='ltr'><strong>κακοὺς,</strong></span> <span class='ocrx_word' id='word_1_206' title='bbox 1215 2586 1334 2640; x_wconf 86' lang='grc' dir='ltr'><strong>τίνα</strong></span> <span class='ocrx_word' id='word_1_207' title='bbox 1359 2587 1460 2639; x_wconf 85' lang='grc' dir='ltr'><strong>ούκ</strong></span> <span class='ocrx_word' id='word_1_208' title='bbox 1484 2585 1550 2641; x_wconf 73' lang='grc' dir='ltr'><strong>ἂν</strong></span> <span class='ocrx_word' id='word_1_209' title='bbox 1582 2586 1695 2655; x_wconf 82' lang='grc' dir='ltr'><strong>ἔχοι</strong></span> <span class='ocrx_word' id='word_1_210' title='bbox 1719 2584 1883 2638; x_wconf 82' lang='grc' dir='ltr'><strong>κόλα-</strong></span> 
     </span>
    </p>
   </div>
   <div class='ocr_carea' id='block_1_28' title="bbox 320 2671 1879 2745">
    <p class='ocr_par' dir='ltr' id='par_1_28' title="bbox 320 2671 1879 2745">
     <span class='ocr_line' id='line_1_28' title="bbox 320 2671 1879 2745; baseline -0.001 -18"><span class='ocrx_word' id='word_1_211' title='bbox 320 2690 423 2740; x_wconf 85' lang='grc' dir='ltr'><strong>σιν,</strong></span> <span class='ocrx_word' id='word_1_212' title='bbox 450 2674 570 2728; x_wconf 89' lang='grc' dir='ltr'><strong>τίνα</strong></span> <span class='ocrx_word' id='word_1_213' title='bbox 604 2674 909 2745; x_wconf 87' lang='grc' dir='ltr'><strong>τιμωρίαν;</strong></span> <span class='ocrx_word' id='word_1_214' title='bbox 953 2675 1238 2744; x_wconf 77' lang='grc' dir='ltr'><strong>Ἐννόησον</strong></span> <span class='ocrx_word' id='word_1_215' title='bbox 1261 2674 1403 2736; x_wconf 90' lang='grc' dir='ltr'><strong>τίνος</strong></span> <span class='ocrx_word' id='word_1_216' title='bbox 1421 2674 1586 2741; x_wconf 82' lang='grc' dir='ltr'><strong>ἐγγὺς</strong></span> <span class='ocrx_word' id='word_1_217' title='bbox 1606 2675 1639 2743; x_wconf 79' lang='grc' dir='ltr'><strong>ἡ</strong></span> <span class='ocrx_word' id='word_1_218' title='bbox 1668 2671 1879 2742; x_wconf 76' lang='grc' dir='ltr'><strong>κεφαλή</strong></span> 
     </span>
    </p>
   </div>
   <div class='ocr_carea' id='block_1_29' title="bbox 322 2757 1882 2830">
    <p class='ocr_par' dir='ltr' id='par_1_29' title="bbox 322 2757 1882 2830">
     <span class='ocr_line' id='line_1_29' title="bbox 322 2757 1882 2830; baseline -0.001 -18"><span class='ocrx_word' id='word_1_219' title='bbox 322 2776 414 2813; x_wconf 87' lang='grc' dir='ltr'><strong>σου</strong></span> <span class='ocrx_word' id='word_1_220' title='bbox 462 2760 700 2830; x_wconf 84' lang='grc' dir='ltr'><strong>κάθηται</strong></span> <span class='ocrx_word' id='word_1_221' title='bbox 721 2777 736 2791; x_wconf 76' lang='grc' dir='ltr'><strong>ο</strong></span> <span class='ocrx_word' id='word_1_222' title='bbox 766 2759 929 2813; x_wconf 89' lang='grc' dir='ltr'><strong>τοῦτο</strong></span> <span class='ocrx_word' id='word_1_223' title='bbox 983 2759 1141 2829; x_wconf 88' lang='grc' dir='ltr'><strong>μόνον</strong></span> <span class='ocrx_word' id='word_1_224' title='bbox 1209 2759 1305 2813; x_wconf 81' lang='grc' dir='ltr'><strong>καὶ</strong></span> <span class='ocrx_word' id='word_1_225' title='bbox 1345 2758 1563 2829; x_wconf 82' lang='grc' dir='ltr'><strong>ἀπόχρη</strong></span> <span class='ocrx_word' id='word_1_226' title='bbox 1594 2757 1731 2828; x_wconf 79' lang='grc' dir='ltr'><strong>πρὸς</strong></span> <span class='ocrx_word' id='word_1_227' title='bbox 1770 2759 1882 2811; x_wconf 76' lang='grc' dir='ltr'><strong>πᾶν</strong></span> 
     </span>
    </p>
   </div>
   <div class='ocr_carea' id='block_1_30' title="bbox 320 2844 1885 2917">
    <p class='ocr_par' dir='ltr' id='par_1_30' title="bbox 320 2844 1885 2917">
     <span class='ocr_line' id='line_1_30' title="bbox 320 2844 1885 2917; baseline -0.001 -18"><span class='ocrx_word' id='word_1_228' title='bbox 320 2846 492 2900; x_wconf 80' lang='grc' dir='ltr'><strong>ὁτιοῦν</strong></span> <span class='ocrx_word' id='word_1_229' title='bbox 514 2847 690 2912; x_wconf 80' lang='grc' dir='ltr'><strong>’τίνος</strong></span> <span class='ocrx_word' id='word_1_230' title='bbox 722 2847 779 2901; x_wconf 91' lang='grc' dir='ltr'><strong>ἐν</strong></span> <span class='ocrx_word' id='word_1_231' title='bbox 799 2845 948 2916; x_wconf 79' lang='grc' dir='ltr'><strong>δεξιᾷ</strong></span> <span class='ocrx_word' id='word_1_232' title='bbox 980 2847 1207 2916; x_wconf 85' lang='grc' dir='ltr'><strong>ίδρυται.</strong></span> <span class='ocrx_word' id='word_1_233' title='bbox 1244 2844 1383 2899; x_wconf 64' lang='grc' dir='ltr'><strong>Ἀλλ’</strong></span> <span class='ocrx_word' id='word_1_234' title='bbox 1406 2844 1547 2915; x_wconf 74' lang='grc' dir='ltr'><strong>αὕτη</strong></span> <span class='ocrx_word' id='word_1_235' title='bbox 1583 2845 1684 2915; x_wconf 76' lang='grc' dir='ltr'><strong>μὲν</strong></span> <span class='ocrx_word' id='word_1_236' title='bbox 1715 2845 1885 2917; x_wconf 81' lang='grc' dir='ltr'><strong>ὑπερ-</strong></span> 
     </span>
    </p>
   </div>
   <div class='ocr_carea' id='block_1_31' title="bbox 322 2931 1884 3003">
    <p class='ocr_par' dir='ltr' id='par_1_31' title="bbox 322 2931 1884 3003">
     <span class='ocr_line' id='line_1_31' title="bbox 322 2931 1884 3003; baseline -0.001 -18"><span class='ocrx_word' id='word_1_237' title='bbox 322 2934 431 2985; x_wconf 83' lang='grc' dir='ltr'><strong>ἀνω</strong></span> <span class='ocrx_word' id='word_1_238' title='bbox 475 2932 657 3002; x_wconf 80' lang='grc' dir='ltr'>πάσης</span> <span class='ocrx_word' id='word_1_239' title='bbox 704 2933 877 3003; x_wconf 82' lang='grc' dir='ltr'><strong>ἀρχῆς</strong></span> <span class='ocrx_word' id='word_1_240' title='bbox 915 2933 1008 2984; x_wconf 79' lang='grc' dir='ltr'><strong>καὶ</strong></span> <span class='ocrx_word' id='word_1_241' title='bbox 1036 2931 1283 2997; x_wconf 76' lang='grc' dir='ltr'><strong>ἐξουσίας</strong></span> <span class='ocrx_word' id='word_1_242' title='bbox 1336 2932 1433 2985; x_wconf 78' lang='grc' dir='ltr'><strong>καὶ</strong></span> <span class='ocrx_word' id='word_1_243' title='bbox 1473 2931 1755 3001; x_wconf 82' lang='grc' dir='ltr'><strong>δυνάμεως</strong></span> <span class='ocrx_word' id='word_1_244' title='bbox 1777 2948 1790 2962; x_wconf 88' lang='grc'><strong>·</strong></span> <span class='ocrx_word' id='word_1_245' title='bbox 1822 2932 1884 2983; x_wconf 82' lang='grc' dir='ltr'><strong>τὸ</strong></span> 
     </span>
    </p>
   </div>
   <div class='ocr_carea' id='block_1_32' title="bbox 321 3016 1883 3089">
    <p class='ocr_par' dir='ltr' id='par_1_32' title="bbox 321 3016 1883 3089">
     <span class='ocr_line' id='line_1_32' title="bbox 321 3016 1883 3089; baseline -0.001 -19"><span class='ocrx_word' id='word_1_246' title='bbox 321 3017 377 3070; x_wconf 73' lang='grc' dir='ltr'><strong>δὲ</strong></span> <span class='ocrx_word' id='word_1_247' title='bbox 402 3017 605 3089; x_wconf 79' lang='grc' dir='ltr'><strong>ταύτης</strong></span> <span class='ocrx_word' id='word_1_248' title='bbox 631 3017 791 3088; x_wconf 83' lang='grc' dir='ltr'><strong>σῶμα</strong></span> <span class='ocrx_word' id='word_1_249' title='bbox 831 3018 926 3073; x_wconf 73' lang='grc' dir='ltr'><strong>καὶ</strong></span> <span class='ocrx_word' id='word_1_250' title='bbox 961 3017 1066 3071; x_wconf 74' lang='grc' dir='ltr'><strong>ὑπὸ</strong></span> <span class='ocrx_word' id='word_1_251' title='bbox 1094 3017 1363 3087; x_wconf 76' lang='grc' dir='ltr'><strong>δαιμόνων</strong></span> <span class='ocrx_word' id='word_1_252' title='bbox 1397 3019 1683 3081; x_wconf 76' lang='grc' dir='ltr'><strong>πατεῖταις</strong></span> <span class='ocrx_word' id='word_1_253' title='bbox 1722 3016 1883 3070; x_wconf 80' lang='grc' dir='ltr'><strong>Ἀλλὰ</strong></span> 
     </span>
    </p>
   </div>
   <div class='ocr_carea' id='block_1_33' title="bbox 327 3103 1882 3174">
    <p class='ocr_par' dir='ltr' id='par_1_33' title="bbox 327 3103 1882 3174">
     <span class='ocr_line' id='line_1_33' title="bbox 327 3103 1882 3174; baseline 0 -16"><span class='ocrx_word' id='word_1_254' title='bbox 327 3104 400 3172; x_wconf 79' lang='grc' dir='ltr'><strong>μὴ</strong></span> <span class='ocrx_word' id='word_1_255' title='bbox 417 3104 625 3171; x_wconf 87' lang='grc' dir='ltr'><strong>γένοιτο</strong></span> <span class='ocrx_word' id='word_1_256' title='bbox 656 3120 669 3133; x_wconf 90' lang='grc'><strong>·</strong></span> <span class='ocrx_word' id='word_1_257' title='bbox 700 3106 748 3157; x_wconf 85' lang='grc' dir='ltr'><strong>εί</strong></span> <span class='ocrx_word' id='word_1_258' title='bbox 785 3105 894 3174; x_wconf 76' lang='grc' dir='ltr'><strong>γὰρ</strong></span> <span class='ocrx_word' id='word_1_259' title='bbox 922 3103 1166 3172; x_wconf 82' lang='grc' dir='ltr'><strong>γένοιτο,</strong></span> <span class='ocrx_word' id='word_1_260' title='bbox 1205 3103 1306 3157; x_wconf 81' lang='grc' dir='ltr'><strong>οὐκ</strong></span> <span class='ocrx_word' id='word_1_261' title='bbox 1334 3103 1401 3156; x_wconf 81' lang='grc' dir='ltr'><strong>ἂν</strong></span> <span class='ocrx_word' id='word_1_262' title='bbox 1430 3104 1517 3174; x_wconf 84' lang='grc' dir='ltr'><strong>εῐη</strong></span> <span class='ocrx_word' id='word_1_263' title='bbox 1543 3103 1607 3157; x_wconf 78' lang='grc' dir='ltr'><strong>τὸ</strong></span> <span class='ocrx_word' id='word_1_264' title='bbox 1642 3103 1882 3158; x_wconf 88' lang='grc' dir='ltr'><strong>τοιοῦτον</strong></span> 
     </span>
    </p>
   </div>
   <div class='ocr_carea' id='block_1_34' title="bbox 326 3190 1884 3263">
    <p class='ocr_par' dir='ltr' id='par_1_34' title="bbox 326 3190 1884 3263">
     <span class='ocr_line' id='line_1_34' title="bbox 326 3190 1884 3263; baseline 0.002 -21"><span class='ocrx_word' id='word_1_265' title='bbox 326 3190 481 3261; x_wconf 82' lang='grc' dir='ltr'><strong>σῶμα</strong></span> <span class='ocrx_word' id='word_1_266' title='bbox 503 3191 711 3245; x_wconf 79' lang='grc' dir='ltr'><strong>λοιπόν.</strong></span> <span class='ocrx_word' id='word_1_267' title='bbox 740 3191 852 3262; x_wconf 82' lang='grc' dir='ltr'><strong>Τὴν</strong></span> <span class='ocrx_word' id='word_1_268' title='bbox 874 3191 1115 3263; x_wconf 71' lang='grc' dir='ltr'><strong>κεφαλήν</strong></span> <span class='ocrx_word' id='word_1_269' title='bbox 1149 3208 1245 3245; x_wconf 81' lang='grc' dir='ltr'><strong>σου</strong></span> <span class='ocrx_word' id='word_1_270' title='bbox 1276 3192 1370 3245; x_wconf 63' lang='grc' dir='ltr'><strong>καὶ⁵</strong></span> <span class='ocrx_word' id='word_1_271' title='bbox 1394 3194 1442 3245; x_wconf 86' lang='grc' dir='ltr'><strong>οί</strong></span> <span class='ocrx_word' id='word_1_272' title='bbox 1467 3192 1884 3263; x_wconf 78' lang='grc' dir='ltr'><strong>εὐδοκιμοῦντες</strong></span> 
     </span>
    </p>
   </div>
   <div class='ocr_carea' id='block_1_35' title="bbox 323 3277 1881 3349">
    <p class='ocr_par' dir='ltr' id='par_1_35' title="bbox 323 3277 1881 3349">
     <span class='ocr_line' id='line_1_35' title="bbox 323 3277 1881 3349; baseline 0 -18"><span class='ocrx_word' id='word_1_273' title='bbox 323 3278 430 3331; x_wconf 83' lang='grc' dir='ltr'><strong>τῶν</strong></span> <span class='ocrx_word' id='word_1_274' title='bbox 468 3277 668 3332; x_wconf 84' lang='grc' dir='ltr'><strong>δούλων</strong></span> <span class='ocrx_word' id='word_1_275' title='bbox 702 3277 1041 3349; x_wconf 77' lang='grc' dir='ltr'><strong>πεφρίκασι,</strong></span> <span class='ocrx_word' id='word_1_276' title='bbox 1080 3278 1175 3331; x_wconf 77' lang='grc' dir='ltr'><strong>καὶ</strong></span> <span class='ocrx_word' id='word_1_277' title='bbox 1212 3278 1275 3331; x_wconf 84' lang='grc' dir='ltr'><strong>τδ</strong></span> <span class='ocrx_word' id='word_1_278' title='bbox 1306 3279 1466 3347; x_wconf 89' lang='grc' dir='ltr'><strong>σῶμα</strong></span> <span class='ocrx_word' id='word_1_279' title='bbox 1506 3282 1618 3343; x_wconf 89' lang='grc' dir='ltr'><strong>τοῖς</strong></span> <span class='ocrx_word' id='word_1_280' title='bbox 1642 3295 1881 3349; x_wconf 77' lang='grc' dir='ltr'><strong>προσκει-</strong></span> 
     </span>
    </p>
   </div>
   <div class='ocr_carea' id='block_1_36' title="bbox 325 3365 1883 3440">
    <p class='ocr_par' dir='ltr' id='par_1_36' title="bbox 325 3365 1883 3440">
     <span class='ocr_line' id='line_1_36' title="bbox 325 3365 1883 3440; baseline 0.002 -23"><span class='ocrx_word' id='word_1_281' title='bbox 325 3366 608 3435; x_wconf 84' lang='grc' dir='ltr'><strong>κρουκόσιν</strong></span> <span class='ocrx_word' id='word_1_282' title='bbox 630 3365 953 3427; x_wconf 78' lang='grc' dir='ltr'><strong>ὑποϐάλλεις</strong></span> <span class='ocrx_word' id='word_1_283' title='bbox 975 3382 991 3430; x_wconf 87' lang='lat'><strong>;</strong></span> <span class='ocrx_word' id='word_1_284' title='bbox 1024 3367 1121 3419; x_wconf 76' lang='grc' dir='ltr'><strong>καὶ</strong></span> <span class='ocrx_word' id='word_1_285' title='bbox 1161 3370 1330 3435; x_wconf 83' lang='grc' dir='ltr'><strong>πόσης</strong></span> <span class='ocrx_word' id='word_1_286' title='bbox 1360 3367 1460 3420; x_wconf 78' lang='grc' dir='ltr'><strong>οὐκ</strong></span> <span class='ocrx_word' id='word_1_287' title='bbox 1479 3365 1578 3440; x_wconf 80' lang='grc' dir='ltr'><strong>ἔσῃ</strong></span> <span class='ocrx_word' id='word_1_288' title='bbox 1603 3366 1883 3432; x_wconf 78' lang='grc' dir='ltr'><strong>κολάσεως</strong></span> 
     </span>
    </p>
   </div>
   <div class='ocr_carea' id='block_1_37' title="bbox 324 3450 1882 3524">
    <p class='ocr_par' dir='ltr' id='par_1_37' title="bbox 324 3450 1882 3524">
     <span class='ocr_line' id='line_1_37' title="bbox 324 3450 1882 3524; baseline 0.002 -20"><span class='ocrx_word' id='word_1_289' title='bbox 324 3450 501 3519; x_wconf 71' lang='grc' dir='ltr'><strong>ἄξιοςς</strong></span> <span class='ocrx_word' id='word_1_290' title='bbox 535 3452 602 3506; x_wconf 67' lang='lat' dir='ltr'><strong>Et</strong></span> <span class='ocrx_word' id='word_1_291' title='bbox 628 3468 713 3515; x_wconf 82' lang='grc' dir='ltr'><strong>τις</strong></span> <span class='ocrx_word' id='word_1_292' title='bbox 732 3453 859 3515; x_wconf 75' lang='grc' dir='ltr'><strong>τοὺς</strong></span> <span class='ocrx_word' id='word_1_293' title='bbox 881 3453 1048 3516; x_wconf 81' lang='grc' dir='ltr'><strong>πόδας</strong></span> <span class='ocrx_word' id='word_1_294' title='bbox 1072 3452 1166 3506; x_wconf 87' lang='grc' dir='ltr'><strong>τοῦ</strong></span> <span class='ocrx_word' id='word_1_295' title='bbox 1203 3452 1468 3522; x_wconf 84' lang='grc' dir='ltr'><strong>βασιλέως</strong></span> <span class='ocrx_word' id='word_1_296' title='bbox 1497 3453 1694 3518; x_wconf 75' lang='grc' dir='ltr'><strong>κλοιοῖς</strong></span> <span class='ocrx_word' id='word_1_297' title='bbox 1722 3471 1882 3524; x_wconf 87' lang='grc' dir='ltr'><strong>περι-</strong></span> 
     </span>
    </p>
   </div>
   <div class='ocr_carea' id='block_1_38' title="bbox 325 3536 1882 3610">
    <p class='ocr_par' dir='ltr' id='par_1_38' title="bbox 325 3536 1882 3610">
     <span class='ocr_line' id='line_1_38' title="bbox 325 3536 1882 3610; baseline 0.004 -21"><span class='ocrx_word' id='word_1_298' title='bbox 325 3538 471 3591; x_wconf 87' lang='grc' dir='ltr'><strong>ϐάλοι</strong></span> <span class='ocrx_word' id='word_1_299' title='bbox 501 3540 598 3592; x_wconf 78' lang='grc' dir='ltr'><strong>καὶ</strong></span> <span class='ocrx_word' id='word_1_300' title='bbox 627 3538 813 3603; x_wconf 80' lang='grc' dir='ltr'><strong>πέδαις</strong></span> <span class='ocrx_word' id='word_1_301' title='bbox 837 3579 852 3603; x_wconf 92' lang='grc'><strong>,</strong></span> <span class='ocrx_word' id='word_1_302' title='bbox 881 3536 993 3610; x_wconf 81' lang='grc' dir='ltr'><strong>ἄρα</strong></span> <span class='ocrx_word' id='word_1_303' title='bbox 1014 3539 1135 3610; x_wconf 76' lang='grc' dir='ltr'><strong>οὐχὶ</strong></span> <span class='ocrx_word' id='word_1_304' title='bbox 1159 3540 1257 3609; x_wconf 90' lang='grc' dir='ltr'><strong>τῆς</strong></span> <span class='ocrx_word' id='word_1_305' title='bbox 1285 3540 1518 3610; x_wconf 77' lang='grc' dir='ltr'><strong>ἐσχάτης</strong></span> <span class='ocrx_word' id='word_1_306' title='bbox 1537 3539 1691 3610; x_wconf 80' lang='grc' dir='ltr'><strong>δίκης</strong></span> <span class='ocrx_word' id='word_1_307' title='bbox 1712 3541 1882 3595; x_wconf 78' lang='grc' dir='ltr'><strong>ὑπεύ-</strong></span> 
     </span>
    </p>
   </div>
   <div class='ocr_carea' id='block_1_39' title="bbox 326 3624 1883 3700">
    <p class='ocr_par' dir='ltr' id='par_1_39' title="bbox 326 3624 1883 3700">
     <span class='ocr_line' id='line_1_39' title="bbox 326 3624 1883 3700; baseline 0.004 -24"><span class='ocrx_word' id='word_1_308' title='bbox 326 3624 478 3690; x_wconf 85' lang='grc' dir='ltr'><strong>θυνος</strong></span> <span class='ocrx_word' id='word_1_309' title='bbox 524 3625 678 3680; x_wconf 84' lang='grc' dir='ltr'><strong>ἐσται</strong></span> <span class='ocrx_word' id='word_1_310' title='bbox 702 3644 718 3692; x_wconf 88' lang='grc'>;</span> <span class='ocrx_word' id='word_1_311' title='bbox 746 3628 818 3680; x_wconf 78' lang='grc' dir='ltr'><strong>Σὺ</strong></span> <span class='ocrx_word' id='word_1_312' title='bbox 842 3627 961 3680; x_wconf 83' lang='grc' dir='ltr'><strong>ὅλον</strong></span> <span class='ocrx_word' id='word_1_313' title='bbox 992 3627 1057 3681; x_wconf 75' lang='grc' dir='ltr'><strong>τδ</strong></span> <span class='ocrx_word' id='word_1_314' title='bbox 1084 3628 1242 3697; x_wconf 90' lang='grc' dir='ltr'><strong>σῶμα</strong></span> <span class='ocrx_word' id='word_1_315' title='bbox 1272 3627 1483 3696; x_wconf 80' lang='grc' dir='ltr'><strong>θηρίοις</strong></span> <span class='ocrx_word' id='word_1_316' title='bbox 1511 3629 1883 3700; x_wconf 80' lang='grc' dir='ltr'><strong>παραϐάλλεις</strong></span> 
     </span>
    </p>
   </div>
   <div class='ocr_carea' id='block_1_40' title="bbox 326 3712 1885 3787">
    <p class='ocr_par' dir='ltr' id='par_1_40' title="bbox 326 3712 1885 3787">
     <span class='ocr_line' id='line_1_40' title="bbox 326 3712 1885 3787; baseline 0.003 -22"><span class='ocrx_word' id='word_1_317' title='bbox 326 3712 597 3782; x_wconf 74' lang='grc' dir='ltr'><strong>χαλεποῖς,</strong></span> <span class='ocrx_word' id='word_1_318' title='bbox 627 3714 725 3767; x_wconf 73' lang='grc' dir='ltr'><strong>καὶ</strong></span> <span class='ocrx_word' id='word_1_319' title='bbox 745 3715 807 3766; x_wconf 82' lang='grc' dir='ltr'><strong>οὐ</strong></span> <span class='ocrx_word' id='word_1_320' title='bbox 844 3715 1125 3785; x_wconf 80' lang='grc' dir='ltr'><strong>φρίττεις;</strong></span> <span class='ocrx_word' id='word_1_321' title='bbox 1161 3714 1302 3768; x_wconf 79' lang='grc' dir='ltr'><strong>Ἀλλ’</strong></span> <span class='ocrx_word' id='word_1_322' title='bbox 1329 3714 1516 3785; x_wconf 81' lang='grc' dir='ltr'><strong>ἐπειδὴ</strong></span> <span class='ocrx_word' id='word_1_323' title='bbox 1547 3717 1675 3785; x_wconf 70' lang='grc' dir='ltr'><strong>περὶ</strong></span> <span class='ocrx_word' id='word_1_324' title='bbox 1702 3716 1885 3787; x_wconf 82' lang='grc' dir='ltr'><strong>σώμα-</strong></span> 
     </span>
    </p>
   </div>
   <div class='ocr_carea' id='block_1_41' title="bbox 338 3801 1884 3875">
    <p class='ocr_par' dir='ltr' id='par_1_41' title="bbox 338 3801 1884 3875">
     <span class='ocr_line' id='line_1_41' title="bbox 338 3801 1884 3875; baseline 0.003 -23"><span class='ocrx_word' id='word_1_325' title='bbox 338 3815 429 3861; x_wconf 86' lang='grc' dir='ltr'><strong>τος</strong></span> <span class='ocrx_word' id='word_1_326' title='bbox 459 3801 742 3871; x_wconf 75' lang='grc' dir='ltr'><strong>Κυριακοῦ</strong></span> <span class='ocrx_word' id='word_1_327' title='bbox 778 3804 807 3855; x_wconf 88' lang='grc' dir='ltr'><strong>ό</strong></span> <span class='ocrx_word' id='word_1_328' title='bbox 840 3802 1017 3870; x_wconf 87' lang='grc' dir='ltr'><strong>λόγος,</strong></span> <span class='ocrx_word' id='word_1_329' title='bbox 1051 3803 1205 3873; x_wconf 82' lang='grc' dir='ltr'><strong>φέρε,</strong></span> <span class='ocrx_word' id='word_1_330' title='bbox 1235 3804 1330 3856; x_wconf 72' lang='grc' dir='ltr'><strong>καὶ</strong></span> <span class='ocrx_word' id='word_1_331' title='bbox 1364 3804 1494 3873; x_wconf 73' lang='grc' dir='ltr'><strong>περὶ</strong></span> <span class='ocrx_word' id='word_1_332' title='bbox 1518 3804 1728 3856; x_wconf 82' lang='grc' dir='ltr'><strong>ἐκείνου</strong></span> <span class='ocrx_word' id='word_1_333' title='bbox 1753 3822 1884 3875; x_wconf 89' lang='grc' dir='ltr'><strong>μνη-</strong></span> 
     </span>
    </p>
   </div>
   <div class='ocr_carea' id='block_1_42' title="bbox 332 3885 1881 3960">
    <p class='ocr_par' dir='ltr' id='par_1_42' title="bbox 332 3885 1881 3960">
     <span class='ocr_line' id='line_1_42' title="bbox 332 3885 1881 3960; baseline 0.005 -23"><span class='ocrx_word' id='word_1_334' title='bbox 332 3885 678 3956; x_wconf 76' lang='grc' dir='ltr'><strong>μονεύσωμεν</strong></span> <span class='ocrx_word' id='word_1_335' title='bbox 697 3929 713 3951; x_wconf 91' lang='grc'><strong>,</strong></span> <span class='ocrx_word' id='word_1_336' title='bbox 737 3887 829 3940; x_wconf 87' lang='grc' dir='ltr'><strong>τοῦ</strong></span> <span class='ocrx_word' id='word_1_337' title='bbox 856 3890 1271 3958; x_wconf 84' lang='grc' dir='ltr'><strong>σταυρωθέντος,</strong></span> <span class='ocrx_word' id='word_1_338' title='bbox 1296 3888 1389 3942; x_wconf 89' lang='grc' dir='ltr'><strong>τοῦ</strong></span> <span class='ocrx_word' id='word_1_339' title='bbox 1421 3888 1881 3960; x_wconf 85' lang='grc' dir='ltr'><strong>προσηλωθέντος,</strong></span> 
     </span>
    </p>
   </div>
   <div class='ocr_carea' id='block_1_43' title="bbox 328 3971 1883 4047">
    <p class='ocr_par' dir='ltr' id='par_1_43' title="bbox 328 3971 1883 4047">
     <span class='ocr_line' id='line_1_43' title="bbox 328 3971 1883 4047; baseline 0.005 -23"><span class='ocrx_word' id='word_1_340' title='bbox 328 3972 423 4025; x_wconf 83' lang='grc' dir='ltr'><strong>τοῦ</strong></span> <span class='ocrx_word' id='word_1_341' title='bbox 461 3971 744 4042; x_wconf 86' lang='grc' dir='ltr'><strong>θυομένου.</strong></span> <span class='ocrx_word' id='word_1_342' title='bbox 774 3975 837 4027; x_wconf 78' lang='grc' dir='ltr'><strong>Εἰ</strong></span> <span class='ocrx_word' id='word_1_343' title='bbox 865 3975 1020 4047; x_wconf 86' lang='grc' dir='ltr'><strong>σῶμα</strong></span> <span class='ocrx_word' id='word_1_344' title='bbox 1074 3971 1125 4029; x_wconf 82' lang='grc' dir='ltr'><strong>εί</strong></span> <span class='ocrx_word' id='word_1_345' title='bbox 1181 3976 1278 4028; x_wconf 90' lang='grc' dir='ltr'><strong>τοῦ</strong></span> <span class='ocrx_word' id='word_1_346' title='bbox 1316 3975 1586 4046; x_wconf 80' lang='grc' dir='ltr'><strong>Χριστοῦ,</strong></span> <span class='ocrx_word' id='word_1_347' title='bbox 1616 3977 1749 4047; x_wconf 68' lang='grc' dir='ltr'><strong>φέρε</strong></span> <span class='ocrx_word' id='word_1_348' title='bbox 1792 3979 1883 4031; x_wconf 83' lang='grc' dir='ltr'><strong>τὸν</strong></span> 
     </span>
    </p>
   </div>
   <div class='ocr_carea' id='block_1_44' title="bbox 332 4058 1883 4133">
    <p class='ocr_par' dir='ltr' id='par_1_44' title="bbox 332 4058 1883 4133">
     <span class='ocr_line' id='line_1_44' title="bbox 332 4058 1883 4133; baseline 0.003 -21"><span class='ocrx_word' id='word_1_349' title='bbox 332 4058 554 4130; x_wconf 79' lang='grc' dir='ltr'><strong>σταυρόν</strong></span> <span class='ocrx_word' id='word_1_350' title='bbox 588 4076 603 4091; x_wconf 77' lang='grc' dir='ltr'><strong>ο</strong></span> <span class='ocrx_word' id='word_1_351' title='bbox 629 4060 724 4114; x_wconf 81' lang='grc' dir='ltr'><strong>καὶ</strong></span> <span class='ocrx_word' id='word_1_352' title='bbox 752 4061 859 4131; x_wconf 75' lang='grc' dir='ltr'><strong>γάρ</strong></span> <span class='ocrx_word' id='word_1_353' title='bbox 886 4063 1089 4124; x_wconf 79' lang='grc' dir='ltr'><strong>ἐκεῖνος</strong></span> <span class='ocrx_word' id='word_1_354' title='bbox 1119 4062 1323 4132; x_wconf 78' lang='grc' dir='ltr'><strong>ῆνεγκε</strong></span> <span class='ocrx_word' id='word_1_355' title='bbox 1347 4079 1361 4092; x_wconf 74' lang='grc' dir='ltr'><strong>ο</strong></span> <span class='ocrx_word' id='word_1_356' title='bbox 1390 4062 1521 4132; x_wconf 79' lang='grc' dir='ltr'><strong>φέρε</strong></span> <span class='ocrx_word' id='word_1_357' title='bbox 1556 4063 1883 4133; x_wconf 84' lang='grc' dir='ltr'><strong>ἐμπτύσμα-</strong></span> 
     </span>
    </p>
   </div>
   <div class='ocr_carea' id='block_1_45' title="bbox 327 4146 1884 4219">
    <p class='ocr_par' dir='ltr' id='par_1_45' title="bbox 327 4146 1884 4219">
     <span class='ocr_line' id='line_1_45' title="bbox 327 4146 1884 4219; baseline 0.004 -21"><span class='ocrx_word' id='word_1_358' title='bbox 327 4163 414 4200; x_wconf 86' lang='grc' dir='ltr'><strong>τα.</strong></span> <span class='ocrx_word' id='word_1_359' title='bbox 440 4146 571 4216; x_wconf 82' lang='grc' dir='ltr'><strong>φέρε</strong></span> <span class='ocrx_word' id='word_1_360' title='bbox 603 4147 949 4217; x_wconf 79' lang='grc' dir='ltr'><strong>ῥαπίσματα,</strong></span> <span class='ocrx_word' id='word_1_361' title='bbox 979 4147 1111 4218; x_wconf 73' lang='grc' dir='ltr'><strong>φέρε</strong></span> <span class='ocrx_word' id='word_1_362' title='bbox 1134 4148 1317 4219; x_wconf 75' lang='grc' dir='ltr'><strong>ἥλους.</strong></span> <span class='ocrx_word' id='word_1_363' title='bbox 1352 4148 1605 4202; x_wconf 85' lang='grc' dir='ltr'><strong>Τοιοῦτον</strong></span> <span class='ocrx_word' id='word_1_364' title='bbox 1632 4151 1804 4204; x_wconf 78' lang='grc' dir='ltr'><strong>ἐκεῖνο</strong></span> <span class='ocrx_word' id='word_1_365' title='bbox 1823 4151 1884 4205; x_wconf 84' lang='grc' dir='ltr'><strong>τὺ</strong></span> 
     </span>
    </p>
   </div>
   <div class='ocr_carea' id='block_1_46' title="bbox 332 4228 1883 4306">
    <p class='ocr_par' dir='ltr' id='par_1_46' title="bbox 332 4228 1883 4306">
     <span class='ocr_line' id='line_1_46' title="bbox 332 4228 1883 4306; baseline 0.006 -23"><span class='ocrx_word' id='word_1_366' title='bbox 332 4231 480 4301; x_wconf 79' lang='grc' dir='ltr'><strong>σῶμα</strong></span> <span class='ocrx_word' id='word_1_367' title='bbox 511 4228 598 4302; x_wconf 82' lang='grc' dir='ltr'><strong>ῆν.</strong></span> <span class='ocrx_word' id='word_1_368' title='bbox 629 4233 702 4284; x_wconf 83' lang='grc' dir='ltr'>Τὸ</span> <span class='ocrx_word' id='word_1_369' title='bbox 724 4232 882 4302; x_wconf 86' lang='grc' dir='ltr'><strong>σῶμα</strong></span> <span class='ocrx_word' id='word_1_370' title='bbox 910 4235 1084 4286; x_wconf 82' lang='grc' dir='ltr'><strong>έκεῖνο</strong></span> <span class='ocrx_word' id='word_1_371' title='bbox 1112 4233 1497 4304; x_wconf 80' lang='grc' dir='ltr'><strong>ἀναμάρτητον</strong></span> <span class='ocrx_word' id='word_1_372' title='bbox 1526 4231 1595 4305; x_wconf 79' lang='grc' dir='ltr'><strong>ἦν</strong></span> <span class='ocrx_word' id='word_1_373' title='bbox 1622 4251 1636 4265; x_wconf 74' lang='grc'><strong><em>⁸</em></strong></span> <span class='ocrx_word' id='word_1_374' title='bbox 1674 4237 1883 4306; x_wconf 81' lang='grc' dir='ltr'><strong>Ἀμαρ-</strong></span> 
     </span>
    </p>
   </div>
   <div class='ocr_carea' id='block_1_47' title="bbox 330 4321 1882 4392">
    <p class='ocr_par' dir='ltr' id='par_1_47' title="bbox 330 4321 1882 4392">
     <span class='ocr_line' id='line_1_47' title="bbox 330 4321 1882 4392; baseline 0.005 -20"><span class='ocrx_word' id='word_1_375' title='bbox 330 4321 455 4373; x_wconf 77' lang='grc' dir='ltr'><strong>τιάν</strong></span> <span class='ocrx_word' id='word_1_376' title='bbox 474 4321 603 4389; x_wconf 71' lang='grc' dir='ltr'><strong>γὰρ,</strong></span> <span class='ocrx_word' id='word_1_377' title='bbox 635 4321 818 4391; x_wconf 68' lang='grc' dir='ltr'><strong>φησὶν,</strong></span> <span class='ocrx_word' id='word_1_378' title='bbox 853 4322 964 4375; x_wconf 81' lang='grc' dir='ltr'><strong>οὐκ</strong></span> <span class='ocrx_word' id='word_1_379' title='bbox 991 4321 1299 4388; x_wconf 75' lang='grc' dir='ltr'><strong>ἐποίησεν,</strong></span> <span class='ocrx_word' id='word_1_380' title='bbox 1330 4321 1471 4376; x_wconf 84' lang='grc' dir='ltr'><strong>οὐδὲ</strong></span> <span class='ocrx_word' id='word_1_381' title='bbox 1492 4323 1671 4390; x_wconf 73' lang='grc' dir='ltr'><strong>δόλος</strong></span> <span class='ocrx_word' id='word_1_382' title='bbox 1705 4324 1775 4378; x_wconf 77' lang='grc' dir='ltr'><strong>ἐν</strong></span> <span class='ocrx_word' id='word_1_383' title='bbox 1802 4325 1882 4392; x_wconf 85' lang='grc' dir='ltr'><strong>τῷ</strong></span> 
     </span>
    </p>
   </div>
   <div class='ocr_carea' id='block_1_48' title="bbox 328 4408 1881 4486">
    <p class='ocr_par' dir='ltr' id='par_1_48' title="bbox 328 4408 1881 4486">
     <span class='ocr_line' id='line_1_48' title="bbox 328 4408 1881 4486; baseline 0.005 -26"><span class='ocrx_word' id='word_1_384' title='bbox 328 4409 567 4473; x_wconf 78' lang='grc' dir='ltr'><strong>στόματι</strong></span> <span class='ocrx_word' id='word_1_385' title='bbox 590 4408 775 4462; x_wconf 82' lang='grc' dir='ltr'><strong>αὐτοῦ</strong></span> <span class='ocrx_word' id='word_1_386' title='bbox 807 4408 1021 4477; x_wconf 79' lang='grc' dir='ltr'><strong>εὑρέοη</strong></span> <span class='ocrx_word' id='word_1_387' title='bbox 1047 4426 1059 4438; x_wconf 87' lang='grc'>·</span> <span class='ocrx_word' id='word_1_388' title='bbox 1091 4411 1146 4462; x_wconf 84' lang='grc' dir='ltr'><strong>αί</strong></span> <span class='ocrx_word' id='word_1_389' title='bbox 1174 4412 1352 4480; x_wconf 87' lang='grc' dir='ltr'><strong>χεῖρες</strong></span> <span class='ocrx_word' id='word_1_390' title='bbox 1378 4410 1543 4464; x_wconf 74' lang='grc' dir='ltr'><strong>αὐτοῦ</strong></span> <span class='ocrx_word' id='word_1_391' title='bbox 1565 4412 1701 4484; x_wconf 77' lang='grc' dir='ltr'><strong>πρὸς</strong></span> <span class='ocrx_word' id='word_1_392' title='bbox 1725 4415 1881 4486; x_wconf 78' lang='grc' dir='ltr'><strong>εὐερ-</strong></span> 
     </span>
    </p>
   </div>
   <div class='ocr_carea' id='block_1_49' title="bbox 328 4495 1881 4568">
    <p class='ocr_par' dir='ltr' id='par_1_49' title="bbox 328 4495 1881 4568">
     <span class='ocr_line' id='line_1_49' title="bbox 328 4495 1881 4568; baseline 0.006 -21"><span class='ocrx_word' id='word_1_393' title='bbox 328 4496 509 4561; x_wconf 87' lang='grc' dir='ltr'><strong>γεσίαν</strong></span> <span class='ocrx_word' id='word_1_394' title='bbox 571 4495 787 4550; x_wconf 65' lang='grc' dir='ltr'><strong>ἅπαντα</strong></span> <span class='ocrx_word' id='word_1_395' title='bbox 825 4496 1091 4565; x_wconf 77' lang='grc' dir='ltr'><strong>ἔπραττον</strong></span> <span class='ocrx_word' id='word_1_396' title='bbox 1129 4498 1239 4553; x_wconf 90' lang='grc' dir='ltr'><strong>τῶν</strong></span> <span class='ocrx_word' id='word_1_397' title='bbox 1272 4499 1545 4568; x_wconf 74' lang='grc' dir='ltr'><strong>δεομένων</strong></span> <span class='ocrx_word' id='word_1_398' title='bbox 1568 4516 1582 4530; x_wconf 87' lang='grc'><strong>·</strong></span> <span class='ocrx_word' id='word_1_399' title='bbox 1618 4500 1770 4556; x_wconf 74' lang='grc' dir='ltr'><strong>οὐδὲν</strong></span> <span class='ocrx_word' id='word_1_400' title='bbox 1820 4503 1881 4557; x_wconf 77' lang='grc' dir='ltr'><strong>τὸ</strong></span> 
     </span>
    </p>
   </div>
   <div class='ocr_carea' id='block_1_50' title="bbox 329 4583 1884 4656">
    <p class='ocr_par' dir='ltr' id='par_1_50' title="bbox 329 4583 1884 4656">
     <span class='ocr_line' id='line_1_50' title="bbox 329 4583 1884 4656; baseline 0.005 -21"><span class='ocrx_word' id='word_1_401' title='bbox 329 4583 495 4653; x_wconf 80' lang='grc' dir='ltr'><strong>στόμα</strong></span> <span class='ocrx_word' id='word_1_402' title='bbox 550 4583 774 4648; x_wconf 76' lang='grc' dir='ltr'><strong>ἐξέϐαλε</strong></span> <span class='ocrx_word' id='word_1_403' title='bbox 828 4585 939 4638; x_wconf 84' lang='grc' dir='ltr'><strong>τῶν</strong></span> <span class='ocrx_word' id='word_1_404' title='bbox 986 4586 1046 4638; x_wconf 84' lang='grc' dir='ltr'><strong>οὐ</strong></span> <span class='ocrx_word' id='word_1_405' title='bbox 1104 4587 1491 4656; x_wconf 83' lang='grc' dir='ltr'><strong>προσηκόντων</strong></span> <span class='ocrx_word' id='word_1_406' title='bbox 1522 4602 1536 4616; x_wconf 74' lang='grc' dir='ltr'><strong>ο</strong></span> <span class='ocrx_word' id='word_1_407' title='bbox 1569 4588 1884 4656; x_wconf 80' lang='grc' dir='ltr'><strong>Δαιμόνιον</strong></span> 
     </span>
    </p>
   </div>
   <div class='ocr_carea' id='block_1_51' title="bbox 325 4669 1883 4746">
    <p class='ocr_par' dir='ltr' id='par_1_51' title="bbox 325 4669 1883 4746">
     <span class='ocr_line' id='line_1_51' title="bbox 325 4669 1883 4746; baseline 0.004 -24"><span class='ocrx_word' id='word_1_408' title='bbox 325 4669 497 4735; x_wconf 73' lang='grc' dir='ltr'><strong>ἔχεις,</strong></span> <span class='ocrx_word' id='word_1_409' title='bbox 554 4670 776 4739; x_wconf 75' lang='grc' dir='ltr'><strong>ἤκουσε,</strong></span> <span class='ocrx_word' id='word_1_410' title='bbox 809 4671 901 4723; x_wconf 77' lang='grc' dir='ltr'><strong>καὶ</strong></span> <span class='ocrx_word' id='word_1_411' title='bbox 954 4672 1108 4724; x_wconf 77' lang='grc' dir='ltr'><strong>οὐδὲν</strong></span> <span class='ocrx_word' id='word_1_412' title='bbox 1154 4673 1427 4726; x_wconf 86' lang='grc' dir='ltr'><strong>ἀντεῖπεν.</strong></span> <span class='ocrx_word' id='word_1_413' title='bbox 1474 4672 1629 4727; x_wconf 73' lang='grc' dir='ltr'><strong>Ἐπεὶ</strong></span> <span class='ocrx_word' id='word_1_414' title='bbox 1671 4674 1728 4728; x_wconf 83' lang='grc' dir='ltr'><strong>δὲ</strong></span> <span class='ocrx_word' id='word_1_415' title='bbox 1756 4676 1883 4746; x_wconf 77' lang='grc' dir='ltr'><strong>περὶ</strong></span> 
     </span>
    </p>
   </div>
   <div class='ocr_carea' id='block_1_52' title="bbox 329 4751 1879 4826">
    <p class='ocr_par' dir='ltr' id='par_1_52' title="bbox 329 4751 1879 4826">
     <span class='ocr_line' id='line_1_52' title="bbox 329 4751 1879 4826; baseline 0.005 -23"><span class='ocrx_word' id='word_1_416' title='bbox 329 4751 570 4821; x_wconf 77' lang='grc' dir='ltr'><strong>σώματος</strong></span> <span class='ocrx_word' id='word_1_417' title='bbox 598 4755 728 4822; x_wconf 77' lang='grc' dir='ltr'><strong>ἡμῖν</strong></span> <span class='ocrx_word' id='word_1_418' title='bbox 754 4756 784 4806; x_wconf 87' lang='grc' dir='ltr'><strong>ό</strong></span> <span class='ocrx_word' id='word_1_419' title='bbox 816 4753 993 4821; x_wconf 85' lang='grc' dir='ltr'><strong>λόγος,</strong></span> <span class='ocrx_word' id='word_1_420' title='bbox 1027 4754 1142 4805; x_wconf 83' lang='grc' dir='ltr'><strong>ὅσοι</strong></span> <span class='ocrx_word' id='word_1_421' title='bbox 1165 4756 1463 4825; x_wconf 78' lang='grc' dir='ltr'><strong>μετέχομεν</strong></span> <span class='ocrx_word' id='word_1_422' title='bbox 1483 4756 1576 4809; x_wconf 89' lang='grc' dir='ltr'><strong>τοῦ</strong></span> <span class='ocrx_word' id='word_1_423' title='bbox 1607 4756 1879 4826; x_wconf 87' lang='grc' dir='ltr'><strong>σώματος,</strong></span> 
     </span>
    </p>
   </div>
   <div class='ocr_carea' id='block_1_53' title="bbox 325 4833 1882 4906">
    <p class='ocr_par' dir='ltr' id='par_1_53' title="bbox 325 4833 1882 4906">
     <span class='ocr_line' id='line_1_53' title="bbox 325 4833 1882 4906; baseline 0.005 -21"><span class='ocrx_word' id='word_1_424' title='bbox 325 4834 431 4886; x_wconf 79' lang='grc' dir='ltr'><strong>ὅσοι</strong></span> <span class='ocrx_word' id='word_1_425' title='bbox 466 4833 561 4889; x_wconf 86' lang='grc' dir='ltr'><strong>τοῦ</strong></span> <span class='ocrx_word' id='word_1_426' title='bbox 592 4835 824 4905; x_wconf 82' lang='grc' dir='ltr'><strong>αἵματος</strong></span> <span class='ocrx_word' id='word_1_427' title='bbox 860 4835 1247 4906; x_wconf 84' lang='grc' dir='ltr'><strong>ἀπογευόμεθα</strong></span> <span class='ocrx_word' id='word_1_428' title='bbox 1275 4838 1466 4890; x_wconf 88' lang='grc' dir='ltr'><strong>τούτου</strong></span> <span class='ocrx_word' id='word_1_429' title='bbox 1493 4879 1506 4904; x_wconf 86' lang='grc'><strong>,</strong></span> <span class='ocrx_word' id='word_1_430' title='bbox 1540 4841 1771 4893; x_wconf 77' lang='grc' dir='ltr'><strong>ἐννοεῖτε</strong></span> <span class='ocrx_word' id='word_1_431' title='bbox 1801 4843 1882 4894; x_wconf 85' lang='grc' dir='ltr'><strong>ὅτι</strong></span> 
     </span>
    </p>
   </div>
   <div class='ocr_carea' id='block_1_54' title="bbox 323 4920 1884 4997">
    <p class='ocr_par' dir='ltr' id='par_1_54' title="bbox 323 4920 1884 4997">
     <span class='ocr_line' id='line_1_54' title="bbox 323 4920 1884 4997; baseline 0.005 -25"><span class='ocrx_word' id='word_1_432' title='bbox 323 4920 412 4973; x_wconf 88' lang='grc' dir='ltr'><strong>τοῦ</strong></span> <span class='ocrx_word' id='word_1_433' title='bbox 444 4921 611 4993; x_wconf 83' lang='grc' dir='ltr'><strong>μηδὲν</strong></span> <span class='ocrx_word' id='word_1_434' title='bbox 640 4922 850 4974; x_wconf 84' lang='grc' dir='ltr'><strong>ἐκείνου</strong></span> <span class='ocrx_word' id='word_1_435' title='bbox 889 4923 1236 4994; x_wconf 66' lang='grc' dir='ltr'><strong>διαφέροντος</strong></span> <span class='ocrx_word' id='word_1_436' title='bbox 1275 4925 1394 4978; x_wconf 77' lang='grc' dir='ltr'><strong>οὐδὲ</strong></span> <span class='ocrx_word' id='word_1_437' title='bbox 1431 4925 1717 4990; x_wconf 84' lang='grc' dir='ltr'><strong>διεστῶτος</strong></span> <span class='ocrx_word' id='word_1_438' title='bbox 1761 4945 1884 4997; x_wconf 87' lang='grc' dir='ltr'><strong>μετ-</strong></span> 
     </span>
    </p>
   </div>
   <div class='ocr_carea' id='block_1_55' title="bbox 323 5005 1884 5081">
    <p class='ocr_par' dir='ltr' id='par_1_55' title="bbox 323 5005 1884 5081">
     <span class='ocr_line' id='line_1_55' title="bbox 323 5005 1884 5081; baseline 0.004 -23"><span class='ocrx_word' id='word_1_439' title='bbox 323 5005 512 5076; x_wconf 80' lang='grc' dir='ltr'><strong>έχομεν</strong></span> <span class='ocrx_word' id='word_1_440' title='bbox 531 5007 669 5076; x_wconf 70' lang='grc' dir='ltr'><strong>πρὸς</strong></span> <span class='ocrx_word' id='word_1_441' title='bbox 705 5008 936 5078; x_wconf 80' lang='grc' dir='ltr'><strong>μετοχὴν</strong></span> <span class='ocrx_word' id='word_1_442' title='bbox 954 5015 1000 5070; x_wconf 87' lang='grc'><strong>⁸,</strong></span> <span class='ocrx_word' id='word_1_443' title='bbox 1025 5009 1107 5061; x_wconf 84' lang='grc' dir='ltr'><strong>δτι</strong></span> <span class='ocrx_word' id='word_1_444' title='bbox 1134 5009 1342 5061; x_wconf 86' lang='grc' dir='ltr'><strong>ἐκείνου</strong></span> <span class='ocrx_word' id='word_1_445' title='bbox 1371 5009 1464 5062; x_wconf 88' lang='grc' dir='ltr'><strong>τοῦ</strong></span> <span class='ocrx_word' id='word_1_446' title='bbox 1496 5010 1608 5063; x_wconf 80' lang='grc' dir='ltr'><strong>ἄνω</strong></span> <span class='ocrx_word' id='word_1_447' title='bbox 1635 5011 1884 5081; x_wconf 87' lang='grc' dir='ltr'><strong>καθημέ-</strong></span> 
     </span>
    </p>
   </div>
   <div class='ocr_carea' id='block_1_56' title="bbox 324 5091 1883 5167">
    <p class='ocr_par' dir='ltr' id='par_1_56' title="bbox 324 5091 1883 5167">
     <span class='ocr_line' id='line_1_56' title="bbox 324 5091 1883 5167; baseline 0.005 -24"><span class='ocrx_word' id='word_1_448' title='bbox 324 5109 430 5156; x_wconf 85' lang='grc' dir='ltr'><strong>νου,</strong></span> <span class='ocrx_word' id='word_1_449' title='bbox 469 5091 566 5144; x_wconf 88' lang='grc' dir='ltr'><strong>τοῦ</strong></span> <span class='ocrx_word' id='word_1_450' title='bbox 606 5094 1079 5165; x_wconf 83' lang='grc' dir='ltr'><strong>προσκυνουμένου</strong></span> <span class='ocrx_word' id='word_1_451' title='bbox 1131 5095 1283 5165; x_wconf 75' lang='grc' dir='ltr'><strong>παρὰ</strong></span> <span class='ocrx_word' id='word_1_452' title='bbox 1343 5096 1608 5164; x_wconf 85' lang='grc' dir='ltr'><strong>ἀγγέλων,</strong></span> <span class='ocrx_word' id='word_1_453' title='bbox 1640 5097 1735 5151; x_wconf 85' lang='grc' dir='ltr'><strong>τοῦ</strong></span> <span class='ocrx_word' id='word_1_454' title='bbox 1783 5099 1883 5167; x_wconf 90' lang='grc' dir='ltr'><strong>τῆς</strong></span> 
     </span>
    </p>
   </div>
   <div class='ocr_carea' id='block_1_57' title="bbox 322 5180 1878 5257">
    <p class='ocr_par' dir='ltr' id='par_1_57' title="bbox 322 5180 1878 5257">
     <span class='ocr_line' id='line_1_57' title="bbox 322 5180 1878 5257; baseline 0.005 -26"><span class='ocrx_word' id='word_1_455' title='bbox 322 5180 597 5251; x_wconf 80' lang='grc' dir='ltr'><strong>ἀκηράτου</strong></span> <span class='ocrx_word' id='word_1_456' title='bbox 644 5180 924 5249; x_wconf 79' lang='grc' dir='ltr'><strong>δυνάμεως</strong></span> <span class='ocrx_word' id='word_1_457' title='bbox 989 5182 1178 5250; x_wconf 73' lang='grc' dir='ltr'><strong>ἐγγὺς,</strong></span> <span class='ocrx_word' id='word_1_458' title='bbox 1240 5181 1431 5235; x_wconf 87' lang='grc' dir='ltr'><strong>τούτου</strong></span> <span class='ocrx_word' id='word_1_459' title='bbox 1479 5185 1878 5257; x_wconf 82' lang='grc' dir='ltr'><strong>ἁπογευόμεθα.</strong></span> 
     </span>
    </p>
   </div>
   <div class='ocr_carea' id='block_1_58' title="bbox 322 5264 1884 5342">
    <p class='ocr_par' dir='ltr' id='par_1_58' title="bbox 322 5264 1884 5342">
     <span class='ocr_line' id='line_1_58' title="bbox 322 5264 1884 5342; baseline 0.007 -29"><span class='ocrx_word' id='word_1_460' title='bbox 322 5264 500 5333; x_wconf 79' lang='grc' dir='ltr'><strong>Οἴμοι,</strong></span> <span class='ocrx_word' id='word_1_461' title='bbox 528 5264 698 5317; x_wconf 82' lang='grc' dir='ltr'><strong>πόσαι</strong></span> <span class='ocrx_word' id='word_1_462' title='bbox 728 5265 863 5335; x_wconf 67' lang='grc' dir='ltr'><strong>πρὸς</strong></span> <span class='ocrx_word' id='word_1_463' title='bbox 898 5267 1172 5337; x_wconf 78' lang='grc' dir='ltr'><strong>σωτηρίαν</strong></span> <span class='ocrx_word' id='word_1_464' title='bbox 1200 5268 1331 5337; x_wconf 79' lang='grc' dir='ltr'><strong>ἡμῖν</strong></span> <span class='ocrx_word' id='word_1_465' title='bbox 1351 5268 1495 5322; x_wconf 74' lang='grc' dir='ltr'><strong>όδοίί</strong></span> <span class='ocrx_word' id='word_1_466' title='bbox 1534 5269 1700 5340; x_wconf 84' lang='grc' dir='ltr'><strong>Σῶμα</strong></span> <span class='ocrx_word' id='word_1_467' title='bbox 1735 5274 1884 5342; x_wconf 80' lang='grc' dir='ltr'><strong>ἡμᾶς</strong></span> 
     </span>
    </p>
   </div>
   <div class='ocr_carea' id='block_1_59' title="bbox 324 5350 1884 5424">
    <p class='ocr_par' dir='ltr' id='par_1_59' title="bbox 324 5350 1884 5424">
     <span class='ocr_line' id='line_1_59' title="bbox 324 5350 1884 5424; baseline 0.006 -23"><span class='ocrx_word' id='word_1_468' title='bbox 324 5350 514 5402; x_wconf 77' lang='grc' dir='ltr'><strong>ἑαυτοῦ</strong></span> <span class='ocrx_word' id='word_1_469' title='bbox 546 5350 795 5422; x_wconf 80' lang='grc' dir='ltr'><strong>ἐποίησε,</strong></span> <span class='ocrx_word' id='word_1_470' title='bbox 819 5350 977 5421; x_wconf 86' lang='grc' dir='ltr'><strong>σῶμα</strong></span> <span class='ocrx_word' id='word_1_471' title='bbox 1003 5354 1133 5423; x_wconf 78' lang='grc' dir='ltr'><strong>ἡμῖν</strong></span> <span class='ocrx_word' id='word_1_472' title='bbox 1152 5353 1214 5406; x_wconf 83' lang='grc' dir='ltr'><strong>τὺ</strong></span> <span class='ocrx_word' id='word_1_473' title='bbox 1242 5354 1436 5407; x_wconf 86' lang='grc' dir='ltr'><strong>ἐαυτοῦ</strong></span> <span class='ocrx_word' id='word_1_474' title='bbox 1468 5356 1760 5424; x_wconf 82' lang='grc' dir='ltr'><strong>μετέδωκε,</strong></span> <span class='ocrx_word' id='word_1_475' title='bbox 1790 5360 1884 5411; x_wconf 70' lang='grc' dir='ltr'><strong>καὶ</strong></span> 
     </span>
    </p>
   </div>
   <div class='ocr_carea' id='block_1_60' title="bbox 322 5434 1882 5509">
    <p class='ocr_par' dir='ltr' id='par_1_60' title="bbox 322 5434 1882 5509">
     <span class='ocr_line' id='line_1_60' title="bbox 322 5434 1882 5509; baseline 0.008 -25"><span class='ocrx_word' id='word_1_476' title='bbox 322 5434 469 5485; x_wconf 73' lang='grc' dir='ltr'><strong>οὐδὲν</strong></span> <span class='ocrx_word' id='word_1_477' title='bbox 509 5434 719 5487; x_wconf 86' lang='grc' dir='ltr'><strong>τούτων</strong></span> <span class='ocrx_word' id='word_1_478' title='bbox 772 5437 920 5505; x_wconf 79' lang='grc' dir='ltr'><strong>ἡμᾶς</strong></span> <span class='ocrx_word' id='word_1_479' title='bbox 963 5438 1260 5509; x_wconf 79' lang='grc' dir='ltr'><strong>ἀποτρέπει</strong></span> <span class='ocrx_word' id='word_1_480' title='bbox 1308 5441 1414 5493; x_wconf 91' lang='grc' dir='ltr'><strong>τῶν</strong></span> <span class='ocrx_word' id='word_1_481' title='bbox 1454 5441 1661 5495; x_wconf 83' lang='grc' dir='ltr'><strong>κακῶν.</strong></span> <span class='ocrx_word' id='word_1_482' title='bbox 1700 5445 1762 5495; x_wconf 84' lang='grc' dir='ltr'><strong>Ὢ</strong></span> <span class='ocrx_word' id='word_1_483' title='bbox 1790 5445 1882 5497; x_wconf 90' lang='grc' dir='ltr'><strong>τοῦ</strong></span> 
     </span>
    </p>
   </div>
   <div class='ocr_carea' id='block_1_61' title="bbox 326 5521 1880 5601">
    <p class='ocr_par' dir='ltr' id='par_1_61' title="bbox 326 5521 1880 5601">
     <span class='ocr_line' id='line_1_61' title="bbox 326 5521 1880 5601; baseline 0.008 -33"><span class='ocrx_word' id='word_1_484' title='bbox 326 5521 547 5583; x_wconf 84' lang='grc' dir='ltr'><strong>σκότους</strong></span> <span class='ocrx_word' id='word_1_485' title='bbox 569 5560 585 5582; x_wconf 92' lang='grc'><strong>,</strong></span> <span class='ocrx_word' id='word_1_486' title='bbox 617 5522 714 5574; x_wconf 70' lang='grc' dir='ltr'><strong>καὶ</strong></span> <span class='ocrx_word' id='word_1_487' title='bbox 740 5522 833 5573; x_wconf 88' lang='grc' dir='ltr'><strong>τοῦ</strong></span> <span class='ocrx_word' id='word_1_488' title='bbox 873 5522 1034 5591; x_wconf 82' lang='grc' dir='ltr'><strong>βυθοῦ</strong></span> <span class='ocrx_word' id='word_1_489' title='bbox 1059 5523 1151 5575; x_wconf 88' lang='grc' dir='ltr'><strong>τοῦ</strong></span> <span class='ocrx_word' id='word_1_490' title='bbox 1184 5524 1380 5578; x_wconf 87' lang='grc' dir='ltr'><strong>πολλοῦ</strong></span> <span class='ocrx_word' id='word_1_491' title='bbox 1408 5530 1420 5580; x_wconf 89' lang='lat'>!</span> <span class='ocrx_word' id='word_1_492' title='bbox 1453 5526 1497 5579; x_wconf 86' lang='grc' dir='ltr'><strong>ὣ</strong></span> <span class='ocrx_word' id='word_1_493' title='bbox 1523 5529 1622 5596; x_wconf 84' lang='grc' dir='ltr'><strong>τῆς</strong></span> <span class='ocrx_word' id='word_1_494' title='bbox 1645 5531 1880 5601; x_wconf 76' lang='grc' dir='ltr'><strong>ἀναλγηο</strong></span> 
     </span>
    </p>
   </div>
   <div class='ocr_carea' id='block_1_62' title="bbox 329 5605 1883 5682">
    <p class='ocr_par' dir='ltr' id='par_1_62' title="bbox 329 5605 1883 5682">
     <span class='ocr_line' id='line_1_62' title="bbox 329 5605 1883 5682; baseline 0.01 -28"><span class='ocrx_word' id='word_1_495' title='bbox 329 5605 477 5666; x_wconf 80' lang='grc' dir='ltr'><strong>σίαςὶ</strong></span> <span class='ocrx_word' id='word_1_496' title='bbox 512 5608 588 5659; x_wconf 81' lang='grc' dir='ltr'><strong>Τὰ</strong></span> <span class='ocrx_word' id='word_1_497' title='bbox 603 5607 750 5671; x_wconf 79' lang='grc' dir='ltr'><strong>ἄνω,</strong></span> <span class='ocrx_word' id='word_1_498' title='bbox 772 5609 926 5676; x_wconf 61' lang='grc' dir='ltr'><strong>φησι,</strong></span> <span class='ocrx_word' id='word_1_499' title='bbox 953 5609 1241 5676; x_wconf 68' lang='grc' dir='ltr'><strong>φρονεῖτε,</strong></span> <span class='ocrx_word' id='word_1_500' title='bbox 1269 5607 1338 5667; x_wconf 82' lang='grc' dir='ltr'><strong>οὗ</strong></span> <span class='ocrx_word' id='word_1_501' title='bbox 1368 5616 1400 5667; x_wconf 87' lang='grc' dir='ltr'><strong>ό</strong></span> <span class='ocrx_word' id='word_1_502' title='bbox 1431 5616 1683 5682; x_wconf 78' lang='grc' dir='ltr'><strong>Χριστός</strong></span> <span class='ocrx_word' id='word_1_503' title='bbox 1710 5617 1883 5670; x_wconf 80' lang='grc' dir='ltr'><strong>ἐστιν</strong></span> 
     </span>
    </p>
   </div>
   <div class='ocr_carea' id='block_1_63' title="bbox 345 5842 1882 5957">
    <p class='ocr_par' dir='ltr' id='par_1_63' title="bbox 345 5842 1882 5957">
     <span class='ocr_line' id='line_1_63' title="bbox 345 5842 1882 5957; baseline 0.016 -75"><span class='ocrx_word' id='word_1_504' title='bbox 345 5842 628 5957; x_wconf 49' lang='lat' dir='ltr'><strong>&quot;:‘Xfrha,</strong></span> <span class='ocrx_word' id='word_1_505' title='bbox 676 5845 795 5905; x_wconf 82' lang='grc' dir='ltr'><strong>πρὸς</strong></span> <span class='ocrx_word' id='word_1_506' title='bbox 841 5847 1055 5906; x_wconf 75' lang='grc' dir='ltr'><strong>μετοχὴν,</strong></span> <span class='ocrx_word' id='word_1_507' title='bbox 1099 5855 1228 5898; x_wconf 72' lang='lat' dir='ltr'><strong>recte</strong></span> <span class='ocrx_word' id='word_1_508' title='bbox 1273 5852 1466 5903; x_wconf 76' lang='lat' dir='ltr'><strong>inclusit</strong></span> <span class='ocrx_word' id='word_1_509' title='bbox 1513 5854 1661 5904; x_wconf 67' lang='grc' dir='ltr'><strong>ςω-ῑι.</strong></span> <span class='ocrx_word' id='word_1_510' title='bbox 1710 5866 1761 5907; x_wconf 75' lang='grc' dir='ltr'><strong>ιιι</strong></span> <span class='ocrx_word' id='word_1_511' title='bbox 1799 5872 1882 5907; x_wconf 84' lang='lat' dir='ltr'><strong>su-</strong></span> 
     </span>
    </p>
   </div>
   <div class='ocr_carea' id='block_1_64' title="bbox 1981 539 3547 621">
    <p class='ocr_par' dir='ltr' id='par_1_64' title="bbox 1981 539 3547 621">
     <span class='ocr_line' id='line_1_64' title="bbox 1981 539 3547 621; baseline 0.009 -30"><span class='ocrx_word' id='word_1_512' title='bbox 1981 539 2052 591; x_wconf 73' lang='grc' dir='ltr'><strong>έν</strong></span> <span class='ocrx_word' id='word_1_513' title='bbox 2099 540 2271 610; x_wconf 75' lang='grc' dir='ltr'><strong>δεξιᾷ</strong></span> <span class='ocrx_word' id='word_1_514' title='bbox 2317 545 2423 599; x_wconf 84' lang='grc' dir='ltr'><strong>τοῦ</strong></span> <span class='ocrx_word' id='word_1_515' title='bbox 2482 546 2631 602; x_wconf 77' lang='grc' dir='ltr'><strong>Θεοῦ</strong></span> <span class='ocrx_word' id='word_1_516' title='bbox 2680 546 3015 617; x_wconf 71' lang='grc' dir='ltr'><strong>καθήμενος</strong></span> <span class='ocrx_word' id='word_1_517' title='bbox 3041 566 3056 581; x_wconf 76' lang='grc' dir='ltr'><strong>ο</strong></span> <span class='ocrx_word' id='word_1_518' title='bbox 3083 550 3175 605; x_wconf 73' lang='grc' dir='ltr'><strong>καὶ</strong></span> <span class='ocrx_word' id='word_1_519' title='bbox 3203 551 3339 621; x_wconf 76' lang='grc' dir='ltr'><strong>μετὰ</strong></span> <span class='ocrx_word' id='word_1_520' title='bbox 3373 551 3547 606; x_wconf 77' lang='grc' dir='ltr'><strong>ταῦτα</strong></span> 
     </span>
    </p>
   </div>
   <div class='ocr_carea' id='block_1_65' title="bbox 1982 628 3549 705">
    <p class='ocr_par' dir='ltr' id='par_1_65' title="bbox 1982 628 3549 705">
     <span class='ocr_line' id='line_1_65' title="bbox 1982 628 3549 705; baseline 0.007 -24"><span class='ocrx_word' id='word_1_521' title='bbox 1982 628 2283 697; x_wconf 80' lang='grc' dir='ltr'><strong>χρημάτων</strong></span> <span class='ocrx_word' id='word_1_522' title='bbox 2318 632 2664 701; x_wconf 74' lang='grc' dir='ltr'><strong>φροντίζουσί</strong></span> <span class='ocrx_word' id='word_1_523' title='bbox 2691 650 2835 698; x_wconf 85' lang='grc' dir='ltr'><strong>τινες</strong></span> <span class='ocrx_word' id='word_1_524' title='bbox 2855 673 2870 700; x_wconf 91' lang='grc'><strong>,</strong></span> <span class='ocrx_word' id='word_1_525' title='bbox 2894 636 3074 705; x_wconf 75' lang='grc' dir='ltr'><strong>ἐτεροι</strong></span> <span class='ocrx_word' id='word_1_526' title='bbox 3097 637 3203 690; x_wconf 77' lang='grc' dir='ltr'><strong>ὑπὸ</strong></span> <span class='ocrx_word' id='word_1_527' title='bbox 3231 638 3341 692; x_wconf 87' lang='grc' dir='ltr'><strong>τῶν</strong></span> <span class='ocrx_word' id='word_1_528' title='bbox 3359 639 3549 691; x_wconf 86' lang='grc' dir='ltr'><strong>παθῶν</strong></span> 
     </span>
    </p>
   </div>
   <div class='ocr_carea' id='block_1_66' title="bbox 1982 712 2312 770">
    <p class='ocr_par' dir='ltr' id='par_1_66' title="bbox 1982 712 2312 770">
     <span class='ocr_line' id='line_1_66' title="bbox 1982 712 2312 770; baseline 0.018 -6"><span class='ocrx_word' id='word_1_529' title='bbox 1982 712 2312 770; x_wconf 77' lang='grc' dir='ltr'><strong>ἁλίσκονται.</strong></span> 
     </span>
    </p>
   </div>
   <div class='ocr_carea' id='block_1_67' title="bbox 2047 800 3545 883">
    <p class='ocr_par' dir='ltr' id='par_1_67' title="bbox 2047 800 3545 883">
     <span class='ocr_line' id='line_1_67' title="bbox 2047 800 3545 883; baseline 0.009 -31"><span class='ocrx_word' id='word_1_530' title='bbox 2047 800 2113 855; x_wconf 80' lang='grc' dir='ltr'><strong>δ’.</strong></span> <span class='ocrx_word' id='word_1_531' title='bbox 2142 804 2255 874; x_wconf 81' lang='grc' dir='ltr'><strong>Οὐχ</strong></span> <span class='ocrx_word' id='word_1_532' title='bbox 2283 806 2472 874; x_wconf 79' lang='grc' dir='ltr'><strong>ὁρᾶτε,</strong></span> <span class='ocrx_word' id='word_1_533' title='bbox 2494 806 2576 860; x_wconf 81' lang='grc' dir='ltr'><strong>δτι</strong></span> <span class='ocrx_word' id='word_1_534' title='bbox 2597 811 2691 862; x_wconf 70' lang='grc' dir='ltr'><strong>καὶ</strong></span> <span class='ocrx_word' id='word_1_535' title='bbox 2712 809 2771 862; x_wconf 80' lang='grc' dir='ltr'><strong>ἐν</strong></span> <span class='ocrx_word' id='word_1_536' title='bbox 2798 810 2878 882; x_wconf 81' lang='grc' dir='ltr'><strong>τῷ</strong></span> <span class='ocrx_word' id='word_1_537' title='bbox 2909 811 3125 883; x_wconf 79' lang='grc' dir='ltr'><strong>σώματι</strong></span> <span class='ocrx_word' id='word_1_538' title='bbox 3151 810 3230 882; x_wconf 85' lang='grc' dir='ltr'>τῷ</span> <span class='ocrx_word' id='word_1_539' title='bbox 3270 811 3545 883; x_wconf 79' lang='grc' dir='ltr'><strong>ἡμετέρῳ,</strong></span> 
     </span>
    </p>
   </div>
   <div class='ocr_carea' id='block_1_68' title="bbox 1983 885 3548 970">
    <p class='ocr_par' dir='ltr' id='par_1_68' title="bbox 1983 885 3548 970">
     <span class='ocr_line' id='line_1_68' title="bbox 1983 885 3548 970; baseline 0.01 -33"><span class='ocrx_word' id='word_1_540' title='bbox 1983 885 2082 939; x_wconf 77' lang='grc' dir='ltr'><strong>ὅσα</strong></span> <span class='ocrx_word' id='word_1_541' title='bbox 2127 890 2229 959; x_wconf 80' lang='grc' dir='ltr'><strong>μὲν</strong></span> <span class='ocrx_word' id='word_1_542' title='bbox 2274 889 2397 967; x_wconf 77' lang='grc' dir='ltr'>ἂνῇ</span> <span class='ocrx_word' id='word_1_543' title='bbox 2444 897 2676 964; x_wconf 80' lang='grc' dir='ltr'><strong>περιττὰ</strong></span> <span class='ocrx_word' id='word_1_544' title='bbox 2704 899 2797 951; x_wconf 71' lang='grc' dir='ltr'><strong>καὶ</strong></span> <span class='ocrx_word' id='word_1_545' title='bbox 2848 900 3118 969; x_wconf 74' lang='grc' dir='ltr'><strong>ἄχρηστα,</strong></span> <span class='ocrx_word' id='word_1_546' title='bbox 3150 900 3548 970; x_wconf 75' lang='grc' dir='ltr'><strong>ἀποτέμνεται,</strong></span> 
     </span>
    </p>
   </div>
   <div class='ocr_carea' id='block_1_69' title="bbox 1982 978 3544 1055">
    <p class='ocr_par' dir='ltr' id='par_1_69' title="bbox 1982 978 3544 1055">
     <span class='ocr_line' id='line_1_69' title="bbox 1982 978 3544 1055; baseline 0.007 -27"><span class='ocrx_word' id='word_1_547' title='bbox 1982 978 2406 1047; x_wconf 79' lang='grc' dir='ltr'><strong>περικόπτεταις</strong></span> <span class='ocrx_word' id='word_1_548' title='bbox 2433 983 2525 1034; x_wconf 76' lang='grc' dir='ltr'><strong>καὶ</strong></span> <span class='ocrx_word' id='word_1_549' title='bbox 2554 982 2707 1035; x_wconf 76' lang='grc' dir='ltr'><strong>οὐδὲν</strong></span> <span class='ocrx_word' id='word_1_550' title='bbox 2736 984 2948 1055; x_wconf 83' lang='grc' dir='ltr'><strong>κέρδος,</strong></span> <span class='ocrx_word' id='word_1_551' title='bbox 2979 986 3061 1038; x_wconf 84' lang='grc' dir='ltr'><strong>ὅτι</strong></span> <span class='ocrx_word' id='word_1_552' title='bbox 3095 986 3284 1055; x_wconf 88' lang='grc' dir='ltr'><strong>γέγονε</strong></span> <span class='ocrx_word' id='word_1_553' title='bbox 3303 985 3396 1040; x_wconf 91' lang='grc' dir='ltr'><strong>τοῦ</strong></span> <span class='ocrx_word' id='word_1_554' title='bbox 3433 986 3544 1039; x_wconf 84' lang='grc' dir='ltr'><strong>σώ-</strong></span> 
     </span>
    </p>
   </div>
   <div class='ocr_carea' id='block_1_70' title="bbox 1984 1066 3552 1143">
    <p class='ocr_par' dir='ltr' id='par_1_70' title="bbox 1984 1066 3552 1143">
     <span class='ocr_line' id='line_1_70' title="bbox 1984 1066 3552 1143; baseline 0.006 -27"><span class='ocrx_word' id='word_1_555' title='bbox 1984 1080 2172 1133; x_wconf 85' lang='grc' dir='ltr'><strong>ματος,</strong></span> <span class='ocrx_word' id='word_1_556' title='bbox 2223 1066 2354 1119; x_wconf 83' lang='grc' dir='ltr'><strong>όταν</strong></span> <span class='ocrx_word' id='word_1_557' title='bbox 2412 1070 2811 1140; x_wconf 82' lang='grc' dir='ltr'><strong>πεπηρωμένον</strong></span> <span class='ocrx_word' id='word_1_558' title='bbox 2843 1066 2899 1143; x_wconf 70' lang='grc' dir='ltr'><strong>ᾖ,</strong></span> <span class='ocrx_word' id='word_1_559' title='bbox 2930 1074 3058 1125; x_wconf 78' lang='grc' dir='ltr'><strong>ὃταν</strong></span> <span class='ocrx_word' id='word_1_560' title='bbox 3118 1072 3552 1143; x_wconf 78' lang='grc' dir='ltr'><strong>νενεκρωμένον,</strong></span> 
     </span>
    </p>
   </div>
   <div class='ocr_carea' id='block_1_71' title="bbox 1981 1151 3551 1232">
    <p class='ocr_par' dir='ltr' id='par_1_71' title="bbox 1981 1151 3551 1232">
     <span class='ocr_line' id='line_1_71' title="bbox 1981 1151 3551 1232; baseline 0.008 -29"><span class='ocrx_word' id='word_1_561' title='bbox 1981 1151 2110 1205; x_wconf 77' lang='grc' dir='ltr'><strong>ὅταν</strong></span> <span class='ocrx_word' id='word_1_562' title='bbox 2156 1154 2413 1222; x_wconf 82' lang='grc' dir='ltr'><strong>σεσηπὸς,</strong></span> <span class='ocrx_word' id='word_1_563' title='bbox 2446 1157 2575 1210; x_wconf 81' lang='grc' dir='ltr'><strong>ὅταν</strong></span> <span class='ocrx_word' id='word_1_564' title='bbox 2621 1157 2716 1209; x_wconf 75' lang='grc' dir='ltr'><strong>καὶ</strong></span> <span class='ocrx_word' id='word_1_565' title='bbox 2763 1158 2840 1228; x_wconf 83' lang='grc' dir='ltr'><strong>τῷ</strong></span> <span class='ocrx_word' id='word_1_566' title='bbox 2867 1157 3041 1228; x_wconf 86' lang='grc' dir='ltr'><strong>λοιπῷ</strong></span> <span class='ocrx_word' id='word_1_567' title='bbox 3058 1158 3391 1232; x_wconf 86' lang='grc' dir='ltr'><strong>λυμαίνηται</strong></span> <span class='ocrx_word' id='word_1_568' title='bbox 3415 1178 3432 1226; x_wconf 84' lang='grc'><strong>;</strong></span> <span class='ocrx_word' id='word_1_569' title='bbox 3459 1162 3551 1231; x_wconf 81' lang='grc' dir='ltr'><strong>Μὴ</strong></span> 
     </span>
    </p>
   </div>
   <div class='ocr_carea' id='block_1_72' title="bbox 1980 1237 3549 1319">
    <p class='ocr_par' dir='ltr' id='par_1_72' title="bbox 1980 1237 3549 1319">
     <span class='ocr_line' id='line_1_72' title="bbox 1980 1237 3549 1319; baseline 0.009 -31"><span class='ocrx_word' id='word_1_570' title='bbox 1980 1238 2165 1290; x_wconf 77' lang='grc' dir='ltr'><strong>τοίνυν</strong></span> <span class='ocrx_word' id='word_1_571' title='bbox 2187 1237 2502 1311; x_wconf 74' lang='grc' dir='ltr'><strong>θαρρῶμεν,</strong></span> <span class='ocrx_word' id='word_1_572' title='bbox 2534 1242 2613 1295; x_wconf 87' lang='grc' dir='ltr'><strong>ὅτι</strong></span> <span class='ocrx_word' id='word_1_573' title='bbox 2639 1243 2945 1312; x_wconf 80' lang='grc' dir='ltr'><strong>γεγόναμεν</strong></span> <span class='ocrx_word' id='word_1_574' title='bbox 2977 1244 3126 1311; x_wconf 71' lang='grc' dir='ltr'><strong>ἅπαξ</strong></span> <span class='ocrx_word' id='word_1_575' title='bbox 3150 1246 3242 1299; x_wconf 90' lang='grc' dir='ltr'><strong>τοῦ</strong></span> <span class='ocrx_word' id='word_1_576' title='bbox 3279 1247 3549 1319; x_wconf 83' lang='grc' dir='ltr'><strong>σώματος.</strong></span> 
     </span>
    </p>
   </div>
   <div class='ocr_carea' id='block_1_73' title="bbox 1982 1324 3552 1404">
    <p class='ocr_par' dir='ltr' id='par_1_73' title="bbox 1982 1324 3552 1404">
     <span class='ocr_line' id='line_1_73' title="bbox 1982 1324 3552 1404; baseline 0.006 -28"><span class='ocrx_word' id='word_1_577' title='bbox 1982 1324 2045 1377; x_wconf 71' lang='lat' dir='ltr'><strong><em>El</em></strong></span> <span class='ocrx_word' id='word_1_578' title='bbox 2071 1324 2128 1377; x_wconf 85' lang='grc' dir='ltr'><strong>δέ</strong></span> <span class='ocrx_word' id='word_1_579' title='bbox 2161 1324 2224 1377; x_wconf 81' lang='grc' dir='ltr'><strong>τὸ</strong></span> <span class='ocrx_word' id='word_1_580' title='bbox 2248 1327 2405 1398; x_wconf 90' lang='grc' dir='ltr'><strong>σῶμα</strong></span> <span class='ocrx_word' id='word_1_581' title='bbox 2431 1327 2589 1382; x_wconf 89' lang='grc' dir='ltr'><strong>τοῦτο</strong></span> <span class='ocrx_word' id='word_1_582' title='bbox 2623 1331 2850 1398; x_wconf 70' lang='grc' dir='ltr'><strong>φυσικὸν</strong></span> <span class='ocrx_word' id='word_1_583' title='bbox 2870 1330 2950 1396; x_wconf 82' lang='grc' dir='ltr'><strong>ὃν,</strong></span> <span class='ocrx_word' id='word_1_584' title='bbox 2977 1332 3126 1400; x_wconf 84' lang='grc' dir='ltr'><strong>ὅμως</strong></span> <span class='ocrx_word' id='word_1_585' title='bbox 3159 1333 3552 1404; x_wconf 84' lang='grc' dir='ltr'><strong>ἀποτέμνεται,</strong></span> 
     </span>
    </p>
   </div>
   <div class='ocr_carea' id='block_1_74' title="bbox 1982 1413 3551 1491">
    <p class='ocr_par' dir='ltr' id='par_1_74' title="bbox 1982 1413 3551 1491">
     <span class='ocr_line' id='line_1_74' title="bbox 1982 1413 3551 1491; baseline 0.005 -26"><span class='ocrx_word' id='word_1_586' title='bbox 1982 1413 2050 1466; x_wconf 82' lang='grc' dir='ltr'><strong>τὰ</strong></span> <span class='ocrx_word' id='word_1_587' title='bbox 2076 1413 2180 1483; x_wconf 86' lang='grc' dir='ltr'><strong>τῆς</strong></span> <span class='ocrx_word' id='word_1_588' title='bbox 2206 1417 2581 1484; x_wconf 85' lang='grc' dir='ltr'><strong>προαιρέσεως</strong></span> <span class='ocrx_word' id='word_1_589' title='bbox 2610 1415 2676 1470; x_wconf 74' lang='grc' dir='ltr'><strong>ἂν</strong></span> <span class='ocrx_word' id='word_1_590' title='bbox 2712 1418 2788 1489; x_wconf 79' lang='grc' dir='ltr'><strong>μὴ</strong></span> <span class='ocrx_word' id='word_1_591' title='bbox 2820 1419 2977 1491; x_wconf 84' lang='grc' dir='ltr'><strong>μένῃ,</strong></span> <span class='ocrx_word' id='word_1_592' title='bbox 3000 1420 3051 1472; x_wconf 88' lang='grc' dir='ltr'><strong>τί</strong></span> <span class='ocrx_word' id='word_1_593' title='bbox 3071 1421 3131 1473; x_wconf 84' lang='grc' dir='ltr'><strong>οῦ</strong></span> <span class='ocrx_word' id='word_1_594' title='bbox 3164 1421 3409 1474; x_wconf 86' lang='grc' dir='ltr'><strong>πείσεται</strong></span> <span class='ocrx_word' id='word_1_595' title='bbox 3442 1422 3551 1475; x_wconf 86' lang='grc' dir='ltr'><strong>δει-</strong></span> 
     </span>
    </p>
   </div>
   <div class='ocr_carea' id='block_1_75' title="bbox 1982 1502 3550 1581">
    <p class='ocr_par' dir='ltr' id='par_1_75' title="bbox 1982 1502 3550 1581">
     <span class='ocr_line' id='line_1_75' title="bbox 1982 1502 3550 1581; baseline 0.006 -27"><span class='ocrx_word' id='word_1_596' title='bbox 1982 1502 2107 1569; x_wconf 87' lang='grc' dir='ltr'><strong>νόν;</strong></span> <span class='ocrx_word' id='word_1_597' title='bbox 2144 1503 2312 1557; x_wconf 83' lang='grc' dir='ltr'><strong>Ὀταν</strong></span> <span class='ocrx_word' id='word_1_598' title='bbox 2343 1505 2420 1574; x_wconf 80' lang='grc' dir='ltr'><strong>μὴ</strong></span> <span class='ocrx_word' id='word_1_599' title='bbox 2454 1506 2659 1578; x_wconf 86' lang='grc' dir='ltr'><strong>μετέχῃ</strong></span> <span class='ocrx_word' id='word_1_600' title='bbox 2683 1508 2780 1579; x_wconf 84' lang='grc' dir='ltr'><strong>τῆς</strong></span> <span class='ocrx_word' id='word_1_601' title='bbox 2819 1508 3027 1579; x_wconf 77' lang='grc' dir='ltr'><strong>τροφῆς</strong></span> <span class='ocrx_word' id='word_1_602' title='bbox 3052 1509 3257 1580; x_wconf 81' lang='grc' dir='ltr'><strong>ταύτης</strong></span> <span class='ocrx_word' id='word_1_603' title='bbox 3283 1510 3343 1564; x_wconf 81' lang='grc' dir='ltr'><strong>τὸ</strong></span> <span class='ocrx_word' id='word_1_604' title='bbox 3370 1510 3550 1581; x_wconf 81' lang='grc' dir='ltr'><strong>σῶμα,</strong></span> 
     </span>
    </p>
   </div>
   <div class='ocr_carea' id='block_1_76' title="bbox 1983 1589 3548 1663">
    <p class='ocr_par' dir='ltr' id='par_1_76' title="bbox 1983 1589 3548 1663">
     <span class='ocr_line' id='line_1_76' title="bbox 1983 1589 3548 1663; baseline 0.005 -21"><span class='ocrx_word' id='word_1_605' title='bbox 1983 1589 2109 1643; x_wconf 81' lang='grc' dir='ltr'><strong>ὅταν</strong></span> <span class='ocrx_word' id='word_1_606' title='bbox 2137 1592 2186 1643; x_wconf 82' lang='grc' dir='ltr'><strong>οί</strong></span> <span class='ocrx_word' id='word_1_607' title='bbox 2217 1591 2374 1660; x_wconf 87' lang='grc' dir='ltr'><strong>πόροι</strong></span> <span class='ocrx_word' id='word_1_608' title='bbox 2419 1593 2773 1663; x_wconf 73' lang='grc' dir='ltr'><strong>ἐμφραγῶσι,</strong></span> <span class='ocrx_word' id='word_1_609' title='bbox 2799 1596 2923 1648; x_wconf 89' lang='grc' dir='ltr'><strong>τότε</strong></span> <span class='ocrx_word' id='word_1_610' title='bbox 2982 1595 3269 1662; x_wconf 83' lang='grc' dir='ltr'><strong>νεκροῦται</strong></span> <span class='ocrx_word' id='word_1_611' title='bbox 3290 1613 3305 1628; x_wconf 87' lang='grc'><strong>·</strong></span> <span class='ocrx_word' id='word_1_612' title='bbox 3331 1598 3461 1651; x_wconf 82' lang='grc' dir='ltr'><strong>ὅταν</strong></span> <span class='ocrx_word' id='word_1_613' title='bbox 3500 1600 3548 1650; x_wconf 85' lang='grc' dir='ltr'><strong>οί</strong></span> 
     </span>
    </p>
   </div>
   <div class='ocr_carea' id='block_1_77' title="bbox 1982 1676 3554 1754">
    <p class='ocr_par' dir='ltr' id='par_1_77' title="bbox 1982 1676 3554 1754">
     <span class='ocr_line' id='line_1_77' title="bbox 1982 1676 3554 1754; baseline 0.005 -25"><span class='ocrx_word' id='word_1_614' title='bbox 1982 1676 2180 1747; x_wconf 73' lang='grc' dir='ltr'><strong>ὀχετοὶ,</strong></span> <span class='ocrx_word' id='word_1_615' title='bbox 2191 1679 2314 1731; x_wconf 84' lang='grc' dir='ltr'><strong>τότε</strong></span> <span class='ocrx_word' id='word_1_616' title='bbox 2330 1679 2620 1751; x_wconf 82' lang='grc' dir='ltr'><strong>πηροῦται.</strong></span> <span class='ocrx_word' id='word_1_617' title='bbox 2633 1681 2789 1736; x_wconf 77' lang='grc' dir='ltr'><strong>Οῦτω</strong></span> <span class='ocrx_word' id='word_1_618' title='bbox 2805 1683 2900 1737; x_wconf 70' lang='grc' dir='ltr'><strong>καλ⁸</strong></span> <span class='ocrx_word' id='word_1_619' title='bbox 2914 1686 3076 1754; x_wconf 68' lang='grc' dir='ltr'><strong>ἡμεῖς</strong></span> <span class='ocrx_word' id='word_1_620' title='bbox 3088 1686 3213 1738; x_wconf 82' lang='grc' dir='ltr'><strong>ὅταν</strong></span> <span class='ocrx_word' id='word_1_621' title='bbox 3231 1685 3554 1752; x_wconf 74' lang='grc' dir='ltr'><strong>ἅποφράξω-</strong></span> 
     </span>
    </p>
   </div>
   <div class='ocr_carea' id='block_1_78' title="bbox 1985 1766 3553 1843">
    <p class='ocr_par' dir='ltr' id='par_1_78' title="bbox 1985 1766 3553 1843">
     <span class='ocr_line' id='line_1_78' title="bbox 1985 1766 3553 1843; baseline 0.005 -27"><span class='ocrx_word' id='word_1_622' title='bbox 1985 1781 2083 1835; x_wconf 83' lang='grc' dir='ltr'><strong>μεν</strong></span> <span class='ocrx_word' id='word_1_623' title='bbox 2104 1766 2201 1829; x_wconf 78' lang='grc' dir='ltr'><strong>τὰς</strong></span> <span class='ocrx_word' id='word_1_624' title='bbox 2220 1766 2410 1831; x_wconf 81' lang='grc' dir='ltr'><strong>ἀκοὰς,</strong></span> <span class='ocrx_word' id='word_1_625' title='bbox 2428 1768 2695 1840; x_wconf 78' lang='grc' dir='ltr'><strong>πηροῦται</strong></span> <span class='ocrx_word' id='word_1_626' title='bbox 2724 1769 2885 1841; x_wconf 81' lang='grc' dir='ltr'><strong>ἡμῶν</strong></span> <span class='ocrx_word' id='word_1_627' title='bbox 2907 1773 2941 1841; x_wconf 76' lang='grc' dir='ltr'><strong>ἡ</strong></span> <span class='ocrx_word' id='word_1_628' title='bbox 2962 1771 3132 1843; x_wconf 79' lang='grc' dir='ltr'><strong>ψυχή·</strong></span> <span class='ocrx_word' id='word_1_629' title='bbox 3161 1773 3290 1824; x_wconf 84' lang='grc' dir='ltr'><strong>ὅταν</strong></span> <span class='ocrx_word' id='word_1_630' title='bbox 3312 1775 3386 1842; x_wconf 85' lang='grc' dir='ltr'><strong>μὴ</strong></span> <span class='ocrx_word' id='word_1_631' title='bbox 3423 1788 3553 1841; x_wconf 83' lang='grc' dir='ltr'><strong>μετ-</strong></span> 
     </span>
    </p>
   </div>
   <div class='ocr_carea' id='block_1_79' title="bbox 1983 1851 3553 1929">
    <p class='ocr_par' dir='ltr' id='par_1_79' title="bbox 1983 1851 3553 1929">
     <span class='ocr_line' id='line_1_79' title="bbox 1983 1851 3553 1929; baseline 0.004 -25"><span class='ocrx_word' id='word_1_632' title='bbox 1983 1851 2196 1922; x_wconf 79' lang='grc' dir='ltr'><strong>έχωμεν</strong></span> <span class='ocrx_word' id='word_1_633' title='bbox 2218 1853 2331 1926; x_wconf 71' lang='lat'><strong>[‘22]</strong></span> <span class='ocrx_word' id='word_1_634' title='bbox 2362 1856 2463 1925; x_wconf 86' lang='grc' dir='ltr'><strong>τῆς</strong></span> <span class='ocrx_word' id='word_1_635' title='bbox 2484 1859 2860 1929; x_wconf 79' lang='grc' dir='ltr'><strong>πνευματικῆς</strong></span> <span class='ocrx_word' id='word_1_636' title='bbox 2885 1860 3112 1929; x_wconf 75' lang='grc' dir='ltr'><strong>τροφῆς,</strong></span> <span class='ocrx_word' id='word_1_637' title='bbox 3141 1858 3270 1912; x_wconf 80' lang='grc' dir='ltr'><strong>ὅταν</strong></span> <span class='ocrx_word' id='word_1_638' title='bbox 3296 1858 3553 1929; x_wconf 75' lang='grc' dir='ltr'><strong>πονηρίαι</strong></span> 
     </span>
    </p>
   </div>
   <div class='ocr_carea' id='block_1_80' title="bbox 1981 1942 3551 2018">
    <p class='ocr_par' dir='ltr' id='par_1_80' title="bbox 1981 1942 3551 2018">
     <span class='ocr_line' id='line_1_80' title="bbox 1981 1942 3551 2018; baseline 0.004 -26"><span class='ocrx_word' id='word_1_639' title='bbox 1981 1942 2128 2004; x_wconf 84' lang='grc' dir='ltr'><strong>τινὲς</strong></span> <span class='ocrx_word' id='word_1_640' title='bbox 2150 1943 2271 1996; x_wconf 75' lang='grc' dir='ltr'><strong>ἀντὶ</strong></span> <span class='ocrx_word' id='word_1_641' title='bbox 2316 1945 2509 2014; x_wconf 88' lang='grc' dir='ltr'><strong>χυμῶν</strong></span> <span class='ocrx_word' id='word_1_642' title='bbox 2538 1945 2951 2018; x_wconf 73' lang='grc' dir='ltr'><strong>διεφθαρμένων</strong></span> <span class='ocrx_word' id='word_1_643' title='bbox 2980 1948 3128 2016; x_wconf 65' lang='grc' dir='ltr'><strong>ἡμᾶς</strong></span> <span class='ocrx_word' id='word_1_644' title='bbox 3158 1946 3551 2017; x_wconf 85' lang='grc' dir='ltr'><strong>λυμαίνωνται,</strong></span> 
     </span>
    </p>
   </div>
   <div class='ocr_carea' id='block_1_81' title="bbox 1982 2029 3557 2105">
    <p class='ocr_par' dir='ltr' id='par_1_81' title="bbox 1982 2029 3557 2105">
     <span class='ocr_line' id='line_1_81' title="bbox 1982 2029 3557 2105; baseline 0.003 -25"><span class='ocrx_word' id='word_1_645' title='bbox 1982 2029 2166 2083; x_wconf 86' lang='grc' dir='ltr'><strong>πάντα</strong></span> <span class='ocrx_word' id='word_1_646' title='bbox 2193 2030 2364 2083; x_wconf 69' lang='grc' dir='ltr'><strong>ταῦτα</strong></span> <span class='ocrx_word' id='word_1_647' title='bbox 2404 2032 2581 2085; x_wconf 86' lang='grc' dir='ltr'><strong>τίκτει</strong></span> <span class='ocrx_word' id='word_1_648' title='bbox 2613 2033 2708 2103; x_wconf 80' lang='grc' dir='ltr'><strong>τὴν</strong></span> <span class='ocrx_word' id='word_1_649' title='bbox 2732 2034 2885 2087; x_wconf 84' lang='grc' dir='ltr'><strong>νόσον</strong></span> <span class='ocrx_word' id='word_1_650' title='bbox 2918 2033 3183 2105; x_wconf 72' lang='grc' dir='ltr'><strong>χαλεπὴν,</strong></span> <span class='ocrx_word' id='word_1_651' title='bbox 3211 2034 3365 2086; x_wconf 80' lang='grc' dir='ltr'><strong>νόσον</strong></span> <span class='ocrx_word' id='word_1_652' title='bbox 3392 2051 3557 2103; x_wconf 81' lang='grc' dir='ltr'><strong>τηκε-</strong></span> 
     </span>
    </p>
   </div>
   <div class='ocr_carea' id='block_1_82' title="bbox 1978 2117 3559 2192">
    <p class='ocr_par' dir='ltr' id='par_1_82' title="bbox 1978 2117 3559 2192">
     <span class='ocr_line' id='line_1_82' title="bbox 1978 2117 3559 2192; baseline 0.003 -23"><span class='ocrx_word' id='word_1_653' title='bbox 1978 2117 2102 2169; x_wconf 82' lang='grc' dir='ltr'><strong>δόνσ</strong></span> <span class='ocrx_word' id='word_1_654' title='bbox 2138 2117 2165 2157; x_wconf 73' lang='grc'><strong>1³</strong></span> <span class='ocrx_word' id='word_1_655' title='bbox 2191 2117 2565 2189; x_wconf 76' lang='grc' dir='ltr'><strong>ἐργαζομένην</strong></span> <span class='ocrx_word' id='word_1_656' title='bbox 2598 2133 2613 2148; x_wconf 83' lang='grc'><em>’</em></span> <span class='ocrx_word' id='word_1_657' title='bbox 2645 2121 2740 2174; x_wconf 76' lang='grc' dir='ltr'><strong>καὶ</strong></span> <span class='ocrx_word' id='word_1_658' title='bbox 2776 2121 3026 2192; x_wconf 79' lang='grc' dir='ltr'><strong>δεήσεται</strong></span> <span class='ocrx_word' id='word_1_659' title='bbox 3068 2122 3166 2174; x_wconf 87' lang='grc' dir='ltr'><strong>τοῦ</strong></span> <span class='ocrx_word' id='word_1_660' title='bbox 3221 2122 3391 2191; x_wconf 82' lang='grc' dir='ltr'><strong>πυρὸς</strong></span> <span class='ocrx_word' id='word_1_661' title='bbox 3420 2121 3559 2174; x_wconf 78' lang='grc' dir='ltr'><strong>ἐκεί·</strong></span> 
     </span>
    </p>
   </div>
   <div class='ocr_carea' id='block_1_83' title="bbox 1979 2203 3555 2279">
    <p class='ocr_par' dir='ltr' id='par_1_83' title="bbox 1979 2203 3555 2279">
     <span class='ocr_line' id='line_1_83' title="bbox 1979 2203 3555 2279; baseline 0.004 -24"><span class='ocrx_word' id='word_1_662' title='bbox 1979 2221 2073 2256; x_wconf 83' lang='grc' dir='ltr'><strong>νου</strong></span> <span class='ocrx_word' id='word_1_663' title='bbox 2130 2203 2340 2268; x_wconf 74' lang='grc' dir='ltr'><strong>λοιπὸν,</strong></span> <span class='ocrx_word' id='word_1_664' title='bbox 2372 2206 2624 2277; x_wconf 77' lang='grc' dir='ltr'><strong>δεήσεται</strong></span> <span class='ocrx_word' id='word_1_665' title='bbox 2679 2207 2777 2260; x_wconf 90' lang='grc' dir='ltr'><strong>τοῦ</strong></span> <span class='ocrx_word' id='word_1_666' title='bbox 2824 2207 3253 2279; x_wconf 85' lang='grc' dir='ltr'><strong>διχοτομηθῆναι</strong></span> <span class='ocrx_word' id='word_1_667' title='bbox 3312 2207 3388 2260; x_wconf 84' lang='grc' dir='ltr'><strong>οὐ</strong></span> <span class='ocrx_word' id='word_1_668' title='bbox 3444 2208 3555 2279; x_wconf 76' lang='grc' dir='ltr'><strong>γάρ</strong></span> 
     </span>
    </p>
   </div>
   <div class='ocr_carea' id='block_1_84' title="bbox 1979 2293 3555 2368">
    <p class='ocr_par' dir='ltr' id='par_1_84' title="bbox 1979 2293 3555 2368">
     <span class='ocr_line' id='line_1_84' title="bbox 1979 2293 3555 2368; baseline 0.005 -24"><span class='ocrx_word' id='word_1_669' title='bbox 1979 2293 2234 2363; x_wconf 73' lang='grc' dir='ltr'><strong>ἀνέχεται</strong></span> <span class='ocrx_word' id='word_1_670' title='bbox 2293 2296 2432 2364; x_wconf 64' lang='grc' dir='ltr'><strong>μετὰ</strong></span> <span class='ocrx_word' id='word_1_671' title='bbox 2485 2296 2727 2350; x_wconf 84' lang='grc' dir='ltr'><strong>τοιούτου</strong></span> <span class='ocrx_word' id='word_1_672' title='bbox 2774 2296 3028 2368; x_wconf 81' lang='grc' dir='ltr'><strong>σώματος</strong></span> <span class='ocrx_word' id='word_1_673' title='bbox 3057 2298 3324 2352; x_wconf 80' lang='grc' dir='ltr'><strong>εἰσελθεῖν</strong></span> <span class='ocrx_word' id='word_1_674' title='bbox 3355 2299 3435 2362; x_wconf 88' lang='grc' dir='ltr'><strong>είς</strong></span> <span class='ocrx_word' id='word_1_675' title='bbox 3462 2298 3555 2352; x_wconf 80' lang='grc' dir='ltr'><strong>τὸν</strong></span> 
     </span>
    </p>
   </div>
   <div class='ocr_carea' id='block_1_85' title="bbox 1979 2381 3554 2457">
    <p class='ocr_par' dir='ltr' id='par_1_85' title="bbox 1979 2381 3554 2457">
     <span class='ocr_line' id='line_1_85' title="bbox 1979 2381 3554 2457; baseline 0.003 -23"><span class='ocrx_word' id='word_1_676' title='bbox 1979 2381 2245 2451; x_wconf 73' lang='grc' dir='ltr'><strong>νυμφῶνα</strong></span> <span class='ocrx_word' id='word_1_677' title='bbox 2274 2384 2303 2434; x_wconf 81' lang='grc' dir='ltr'><strong>δ</strong></span> <span class='ocrx_word' id='word_1_678' title='bbox 2336 2383 2589 2454; x_wconf 87' lang='grc' dir='ltr'><strong>Χριστός.</strong></span> <span class='ocrx_word' id='word_1_679' title='bbox 2620 2386 2682 2438; x_wconf 80' lang='lat' dir='ltr'><strong>El</strong></span> <span class='ocrx_word' id='word_1_680' title='bbox 2707 2384 2798 2438; x_wconf 79' lang='grc' dir='ltr'><strong>τὸν</strong></span> <span class='ocrx_word' id='word_1_681' title='bbox 2849 2386 3039 2456; x_wconf 82' lang='grc' dir='ltr'><strong>ἱμάτια</strong></span> <span class='ocrx_word' id='word_1_682' title='bbox 3093 2388 3313 2457; x_wconf 73' lang='grc' dir='ltr'><strong>ῥυπαρὰ</strong></span> <span class='ocrx_word' id='word_1_683' title='bbox 3342 2385 3554 2439; x_wconf 85' lang='grc' dir='ltr'><strong>ἐνδεδυ-</strong></span> 
     </span>
    </p>
   </div>
   <div class='ocr_carea' id='block_1_86' title="bbox 1984 2469 3553 2546">
    <p class='ocr_par' dir='ltr' id='par_1_86' title="bbox 1984 2469 3553 2546">
     <span class='ocr_line' id='line_1_86' title="bbox 1984 2469 3553 2546; baseline 0.005 -26"><span class='ocrx_word' id='word_1_684' title='bbox 1984 2469 2142 2538; x_wconf 88' lang='grc' dir='ltr'><strong>μένον</strong></span> <span class='ocrx_word' id='word_1_685' title='bbox 2174 2471 2426 2541; x_wconf 78' lang='grc' dir='ltr'><strong>ἀπήγαγε</strong></span> <span class='ocrx_word' id='word_1_686' title='bbox 2470 2473 2563 2526; x_wconf 76' lang='grc' dir='ltr'><strong>καὶ</strong></span> <span class='ocrx_word' id='word_1_687' title='bbox 2603 2473 2821 2538; x_wconf 79' lang='grc' dir='ltr'><strong>ἐξέϐαλε</strong></span> <span class='ocrx_word' id='word_1_688' title='bbox 2842 2514 2858 2539; x_wconf 91' lang='grc'><strong>,</strong></span> <span class='ocrx_word' id='word_1_689' title='bbox 2886 2474 2978 2528; x_wconf 82' lang='grc' dir='ltr'><strong>τὸν</strong></span> <span class='ocrx_word' id='word_1_690' title='bbox 3019 2474 3098 2546; x_wconf 82' lang='grc' dir='ltr'><strong>τῷ</strong></span> <span class='ocrx_word' id='word_1_691' title='bbox 3126 2476 3341 2545; x_wconf 86' lang='grc' dir='ltr'><strong>σώματι</strong></span> <span class='ocrx_word' id='word_1_692' title='bbox 3383 2475 3553 2546; x_wconf 80' lang='grc' dir='ltr'><strong>ρύπον</strong></span> 
     </span>
    </p>
   </div>
   <div class='ocr_carea' id='block_1_87' title="bbox 1980 2557 3391 2633">
    <p class='ocr_par' dir='ltr' id='par_1_87' title="bbox 1980 2557 3391 2633">
     <span class='ocr_line' id='line_1_87' title="bbox 1980 2557 3391 2633; baseline 0.006 -26"><span class='ocrx_word' id='word_1_693' title='bbox 1980 2557 2336 2626; x_wconf 86' lang='grc' dir='ltr'><strong>προστιθέντα</strong></span> <span class='ocrx_word' id='word_1_694' title='bbox 2362 2560 2414 2613; x_wconf 91' lang='grc' dir='ltr'><strong>τί</strong></span> <span class='ocrx_word' id='word_1_695' title='bbox 2434 2561 2534 2614; x_wconf 83' lang='grc' dir='ltr'><strong>οὐκ</strong></span> <span class='ocrx_word' id='word_1_696' title='bbox 2564 2562 2852 2631; x_wconf 79' lang='grc' dir='ltr'><strong>ἐργάσεται</strong></span> <span class='ocrx_word' id='word_1_697' title='bbox 2883 2579 2898 2627; x_wconf 85' lang='lat'><strong>;</strong></span> <span class='ocrx_word' id='word_1_698' title='bbox 2932 2561 2986 2615; x_wconf 90' lang='grc' dir='ltr'><strong>τί</strong></span> <span class='ocrx_word' id='word_1_699' title='bbox 3006 2562 3066 2615; x_wconf 80' lang='grc' dir='ltr'><strong>οὐ</strong></span> <span class='ocrx_word' id='word_1_700' title='bbox 3099 2562 3343 2633; x_wconf 82' lang='grc' dir='ltr'><strong>διαθήσει</strong></span> <span class='ocrx_word' id='word_1_701' title='bbox 3376 2581 3391 2630; x_wconf 89' lang='grc'><strong>;</strong></span> 
     </span>
    </p>
   </div>
   <div class='ocr_carea' id='block_1_88' title="bbox 2050 2644 3556 2721">
    <p class='ocr_par' dir='ltr' id='par_1_88' title="bbox 2050 2644 3556 2721">
     <span class='ocr_line' id='line_1_88' title="bbox 2050 2644 3556 2721; baseline 0.003 -23"><span class='ocrx_word' id='word_1_702' title='bbox 2050 2644 2284 2709; x_wconf 81' lang='grc' dir='ltr'><strong>Πολλοὺς</strong></span> <span class='ocrx_word' id='word_1_703' title='bbox 2326 2647 2435 2717; x_wconf 85' lang='grc' dir='ltr'><strong>ὁρῶ</strong></span> <span class='ocrx_word' id='word_1_704' title='bbox 2469 2649 2594 2711; x_wconf 81' lang='grc' dir='ltr'><strong>τοὺς</strong></span> <span class='ocrx_word' id='word_1_705' title='bbox 2625 2646 2874 2719; x_wconf 82' lang='grc' dir='ltr'><strong>σώματος</strong></span> <span class='ocrx_word' id='word_1_706' title='bbox 2909 2648 3001 2702; x_wconf 89' lang='grc' dir='ltr'><strong>τοῦ</strong></span> <span class='ocrx_word' id='word_1_707' title='bbox 3029 2650 3265 2721; x_wconf 82' lang='grc' dir='ltr'><strong>Χριστοῦ</strong></span> <span class='ocrx_word' id='word_1_708' title='bbox 3298 2649 3556 2720; x_wconf 88' lang='grc' dir='ltr'><strong>μετέχον-</strong></span> 
     </span>
    </p>
   </div>
   <div class='ocr_carea' id='block_1_89' title="bbox 1978 2732 3557 2808">
    <p class='ocr_par' dir='ltr' id='par_1_89' title="bbox 1978 2732 3557 2808">
     <span class='ocr_line' id='line_1_89' title="bbox 1978 2732 3557 2808; baseline 0.001 -21"><span class='ocrx_word' id='word_1_709' title='bbox 1978 2751 2077 2798; x_wconf 85' lang='grc' dir='ltr'><strong>τας</strong></span> <span class='ocrx_word' id='word_1_710' title='bbox 2105 2732 2289 2797; x_wconf 84' lang='grc' dir='ltr'><strong>ἁπλῶς</strong></span> <span class='ocrx_word' id='word_1_711' title='bbox 2320 2735 2413 2787; x_wconf 79' lang='grc' dir='ltr'><strong>καὶ</strong></span> <span class='ocrx_word' id='word_1_712' title='bbox 2441 2735 2517 2798; x_wconf 85' lang='grc' dir='ltr'><strong>ὡς</strong></span> <span class='ocrx_word' id='word_1_713' title='bbox 2545 2735 2827 2805; x_wconf 80' lang='grc' dir='ltr'><strong>ἐτυχε,κα“ι</strong></span> <span class='ocrx_word' id='word_1_714' title='bbox 2847 2734 3104 2808; x_wconf 81' lang='grc' dir='ltr'><strong>συνηθείᾳ</strong></span> <span class='ocrx_word' id='word_1_715' title='bbox 3124 2737 3322 2807; x_wconf 75' lang='grc' dir='ltr'><strong>μᾶλλον</strong></span> <span class='ocrx_word' id='word_1_716' title='bbox 3346 2739 3440 2791; x_wconf 74' lang='grc' dir='ltr'><strong>καὶ</strong></span> <span class='ocrx_word' id='word_1_717' title='bbox 3468 2738 3557 2791; x_wconf 88' lang='grc' dir='ltr'><strong>νό-</strong></span> 
     </span>
    </p>
   </div>
   <div class='ocr_carea' id='block_1_90' title="bbox 1982 2816 3555 2895">
    <p class='ocr_par' dir='ltr' id='par_1_90' title="bbox 1982 2816 3555 2895">
     <span class='ocr_line' id='line_1_90' title="bbox 1982 2816 3555 2895; baseline 0.003 -22"><span class='ocrx_word' id='word_1_718' title='bbox 1982 2838 2087 2889; x_wconf 80' lang='grc' dir='ltr'><strong>μῳ,</strong></span> <span class='ocrx_word' id='word_1_719' title='bbox 2111 2821 2145 2891; x_wconf 79' lang='grc' dir='ltr'>ἢ</span> <span class='ocrx_word' id='word_1_720' title='bbox 2182 2820 2426 2892; x_wconf 87' lang='grc' dir='ltr'><strong>λογισμῷ</strong></span> <span class='ocrx_word' id='word_1_721' title='bbox 2453 2824 2545 2875; x_wconf 76' lang='grc' dir='ltr'><strong>καὶ</strong></span> <span class='ocrx_word' id='word_1_722' title='bbox 2570 2816 2794 2895; x_wconf 76' lang='grc' dir='ltr'><strong>διανοίᾳ.</strong></span> <span class='ocrx_word' id='word_1_723' title='bbox 2826 2825 2923 2876; x_wconf 75' lang='grc' dir='ltr'><strong>Ἂν</strong></span> <span class='ocrx_word' id='word_1_724' title='bbox 2940 2825 3160 2895; x_wconf 81' lang='grc' dir='ltr'><strong>ἐπιστῇ,</strong></span> <span class='ocrx_word' id='word_1_725' title='bbox 3190 2825 3376 2895; x_wconf 68' lang='grc' dir='ltr'><strong>φησὶν,</strong></span> <span class='ocrx_word' id='word_1_726' title='bbox 3398 2824 3428 2876; x_wconf 88' lang='grc' dir='ltr'><strong>ό</strong></span> <span class='ocrx_word' id='word_1_727' title='bbox 3456 2826 3555 2894; x_wconf 78' lang='grc' dir='ltr'><strong>τῆς</strong></span> 
     </span>
    </p>
   </div>
   <div class='ocr_carea' id='block_1_91' title="bbox 1977 2907 3552 2985">
    <p class='ocr_par' dir='ltr' id='par_1_91' title="bbox 1977 2907 3552 2985">
     <span class='ocr_line' id='line_1_91' title="bbox 1977 2907 3552 2985; baseline 0.002 -23"><span class='ocrx_word' id='word_1_728' title='bbox 1977 2909 2141 2978; x_wconf 78' lang='grc' dir='ltr'><strong>ἁγίας</strong></span> <span class='ocrx_word' id='word_1_729' title='bbox 2170 2910 2622 2981; x_wconf 82' lang='grc' dir='ltr'><strong>Τεσσαρακοστῆς</strong></span> <span class='ocrx_word' id='word_1_730' title='bbox 2677 2912 2885 2983; x_wconf 78' lang='grc' dir='ltr'><strong>καιρὸς,</strong></span> <span class='ocrx_word' id='word_1_731' title='bbox 2912 2907 3023 2977; x_wconf 75' lang='grc' dir='ltr'><strong>οἷος</strong></span> <span class='ocrx_word' id='word_1_732' title='bbox 3070 2909 3232 2985; x_wconf 70' lang='grc' dir='ltr'><strong>ἐὰνῇ</strong></span> <span class='ocrx_word' id='word_1_733' title='bbox 3274 2929 3378 2978; x_wconf 83' lang='grc' dir='ltr'><strong>τις,</strong></span> <span class='ocrx_word' id='word_1_734' title='bbox 3420 2929 3552 2983; x_wconf 85' lang='grc' dir='ltr'><strong>μετ-</strong></span> 
     </span>
    </p>
   </div>
   <div class='ocr_carea' id='block_1_92' title="bbox 1979 2997 3549 3071">
    <p class='ocr_par' dir='ltr' id='par_1_92' title="bbox 1979 2997 3549 3071">
     <span class='ocr_line' id='line_1_92' title="bbox 1979 2997 3549 3071; baseline 0 -20"><span class='ocrx_word' id='word_1_735' title='bbox 1979 2997 2092 3067; x_wconf 81' lang='grc' dir='ltr'><strong>έχει</strong></span> <span class='ocrx_word' id='word_1_736' title='bbox 2121 2998 2227 3051; x_wconf 89' lang='grc' dir='ltr'><strong>τῶν</strong></span> <span class='ocrx_word' id='word_1_737' title='bbox 2260 2999 2592 3069; x_wconf 70' lang='grc' dir='ltr'><strong>μυστηρίων,</strong></span> <span class='ocrx_word' id='word_1_738' title='bbox 2620 2999 2685 3053; x_wconf 81' lang='grc' dir='ltr'><strong>ἂν</strong></span> <span class='ocrx_word' id='word_1_739' title='bbox 2711 3002 2905 3069; x_wconf 84' lang='grc' dir='ltr'><strong>ἐπιστῇ</strong></span> <span class='ocrx_word' id='word_1_740' title='bbox 2937 3001 2970 3071; x_wconf 78' lang='grc' dir='ltr'><strong>ἡ</strong></span> <span class='ocrx_word' id='word_1_741' title='bbox 3012 2998 3119 3053; x_wconf 91' lang='grc' dir='ltr'><strong>τῶν</strong></span> <span class='ocrx_word' id='word_1_742' title='bbox 3165 3000 3495 3070; x_wconf 82' lang='grc' dir='ltr'><strong>Ἐπιφανίων</strong></span> <span class='ocrx_word' id='word_1_743' title='bbox 3525 3010 3549 3040; x_wconf 74' lang='grc' dir='ltr'><strong>ο</strong></span> 
     </span>
    </p>
   </div>
   <div class='ocr_carea' id='block_1_93' title="bbox 1979 3085 3554 3158">
    <p class='ocr_par' dir='ltr' id='par_1_93' title="bbox 1979 3085 3554 3158">
     <span class='ocr_line' id='line_1_93' title="bbox 1979 3085 3554 3158; baseline 0.001 -22"><span class='ocrx_word' id='word_1_744' title='bbox 1979 3085 2183 3155; x_wconf 74' lang='grc' dir='ltr'><strong>ἡμέρα.</strong></span> <span class='ocrx_word' id='word_1_745' title='bbox 2226 3087 2420 3138; x_wconf 78' lang='grc' dir='ltr'><strong>Καίτοι</strong></span> <span class='ocrx_word' id='word_1_746' title='bbox 2464 3086 2660 3158; x_wconf 74' lang='grc' dir='ltr'><strong>καιρὸς</strong></span> <span class='ocrx_word' id='word_1_747' title='bbox 2708 3088 2769 3141; x_wconf 78' lang='grc' dir='ltr'><strong>ού</strong></span> <span class='ocrx_word' id='word_1_748' title='bbox 2804 3086 2961 3140; x_wconf 86' lang='grc' dir='ltr'><strong>τοῦτο</strong></span> <span class='ocrx_word' id='word_1_749' title='bbox 2993 3086 3259 3158; x_wconf 84' lang='grc' dir='ltr'><strong>προσόδου</strong></span> <span class='ocrx_word' id='word_1_750' title='bbox 3297 3103 3310 3117; x_wconf 74' lang='grc' dir='ltr'><strong>ο</strong></span> <span class='ocrx_word' id='word_1_751' title='bbox 3340 3088 3401 3139; x_wconf 83' lang='grc' dir='ltr'><strong>ού</strong></span> <span class='ocrx_word' id='word_1_752' title='bbox 3445 3086 3554 3156; x_wconf 78' lang='grc' dir='ltr'><strong>γὰρ</strong></span> 
     </span>
    </p>
   </div>
   <div class='ocr_carea' id='block_1_94' title="bbox 1991 3173 3554 3245">
    <p class='ocr_par' dir='ltr' id='par_1_94' title="bbox 1991 3173 3554 3245">
     <span class='ocr_line' id='line_1_94' title="bbox 1991 3173 3554 3245; baseline 0.001 -20"><span class='ocrx_word' id='word_1_753' title='bbox 1991 3173 2300 3241; x_wconf 79' lang='grc' dir='ltr'><strong>Ἐπιφάνια,</strong></span> <span class='ocrx_word' id='word_1_754' title='bbox 2314 3174 2433 3226; x_wconf 80' lang='grc' dir='ltr'><strong>οὐδὲ</strong></span> <span class='ocrx_word' id='word_1_755' title='bbox 2449 3174 2872 3245; x_wconf 83' lang='grc' dir='ltr'><strong>Τεσσαρακοστὴ</strong></span> <span class='ocrx_word' id='word_1_756' title='bbox 2901 3177 3046 3227; x_wconf 85' lang='grc' dir='ltr'><strong>ποιεῖ</strong></span> <span class='ocrx_word' id='word_1_757' title='bbox 3060 3174 3244 3237; x_wconf 79' lang='grc' dir='ltr'><strong>ἀξίους</strong></span> <span class='ocrx_word' id='word_1_758' title='bbox 3261 3173 3356 3226; x_wconf 87' lang='grc' dir='ltr'><strong>τοῦ</strong></span> <span class='ocrx_word' id='word_1_759' title='bbox 3382 3189 3554 3242; x_wconf 87' lang='grc' dir='ltr'><strong>προσ-</strong></span> 
     </span>
    </p>
   </div>
   <div class='ocr_carea' id='block_1_95' title="bbox 1984 3259 3555 3333">
    <p class='ocr_par' dir='ltr' id='par_1_95' title="bbox 1984 3259 3555 3333">
     <span class='ocr_line' id='line_1_95' title="bbox 1984 3259 3555 3333; baseline 0.001 -22"><span class='ocrx_word' id='word_1_760' title='bbox 1984 3259 2142 3322; x_wconf 83' lang='grc' dir='ltr'><strong>ιέναι,</strong></span> <span class='ocrx_word' id='word_1_761' title='bbox 2178 3260 2313 3313; x_wconf 70' lang='grc' dir='ltr'><strong>ἀλλὰ</strong></span> <span class='ocrx_word' id='word_1_762' title='bbox 2347 3260 2524 3331; x_wconf 79' lang='grc' dir='ltr'><strong>ψυχῆς</strong></span> <span class='ocrx_word' id='word_1_763' title='bbox 2560 3262 2878 3333; x_wconf 81' lang='grc' dir='ltr'><strong>είλικρίνεια</strong></span> <span class='ocrx_word' id='word_1_764' title='bbox 2920 3261 3015 3315; x_wconf 69' lang='grc' dir='ltr'><strong>καὶ</strong></span> <span class='ocrx_word' id='word_1_765' title='bbox 3053 3259 3555 3332; x_wconf 75' lang='grc' dir='ltr'><strong>καθαρότης.Μετά</strong></span> 
     </span>
    </p>
   </div>
   <div class='ocr_carea' id='block_1_96' title="bbox 1980 3345 3552 3419">
    <p class='ocr_par' dir='ltr' id='par_1_96' title="bbox 1980 3345 3552 3419">
     <span class='ocr_line' id='line_1_96' title="bbox 1980 3345 3552 3419; baseline 0 -19"><span class='ocrx_word' id='word_1_766' title='bbox 1980 3345 2185 3416; x_wconf 82' lang='grc' dir='ltr'><strong>ταύτης</strong></span> <span class='ocrx_word' id='word_1_767' title='bbox 2211 3347 2301 3402; x_wconf 70' lang='grc' dir='ltr'><strong>ἀεὶ</strong></span> <span class='ocrx_word' id='word_1_768' title='bbox 2330 3348 2572 3418; x_wconf 88' lang='grc' dir='ltr'><strong>πρόσιθι,</strong></span> <span class='ocrx_word' id='word_1_769' title='bbox 2605 3350 2771 3419; x_wconf 69' lang='grc' dir='ltr'><strong>χωρὶς</strong></span> <span class='ocrx_word' id='word_1_770' title='bbox 2801 3347 3005 3419; x_wconf 87' lang='grc' dir='ltr'><strong>ταύτης</strong></span> <span class='ocrx_word' id='word_1_771' title='bbox 3040 3347 3330 3419; x_wconf 75' lang='grc' dir='ltr'><strong>μηδέποτε.</strong></span> <span class='ocrx_word' id='word_1_772' title='bbox 3373 3347 3552 3400; x_wconf 77' lang='grc' dir='ltr'><strong>Ὁσά-</strong></span> 
     </span>
    </p>
   </div>
   <div class='ocr_carea' id='block_1_97' title="bbox 1980 3432 3555 3502">
    <p class='ocr_par' dir='ltr' id='par_1_97' title="bbox 1980 3432 3555 3502">
     <span class='ocr_line' id='line_1_97' title="bbox 1980 3432 3555 3502; baseline 0.001 -17"><span class='ocrx_word' id='word_1_773' title='bbox 1980 3449 2074 3498; x_wconf 81' lang='grc' dir='ltr'><strong>κις</strong></span> <span class='ocrx_word' id='word_1_774' title='bbox 2127 3433 2261 3501; x_wconf 69' lang='grc' dir='ltr'><strong>γὰρ,</strong></span> <span class='ocrx_word' id='word_1_775' title='bbox 2288 3435 2442 3502; x_wconf 77' lang='grc' dir='ltr'><strong>φησὶ,</strong></span> <span class='ocrx_word' id='word_1_776' title='bbox 2500 3432 2681 3488; x_wconf 82' lang='grc' dir='ltr'><strong>τοῦτο</strong></span> <span class='ocrx_word' id='word_1_777' title='bbox 2734 3432 2978 3497; x_wconf 79' lang='grc' dir='ltr'><strong>ποιεῖτε,</strong></span> <span class='ocrx_word' id='word_1_778' title='bbox 2997 3432 3108 3486; x_wconf 76' lang='grc' dir='ltr'><strong>τὸν</strong></span> <span class='ocrx_word' id='word_1_779' title='bbox 3136 3432 3399 3486; x_wconf 78' lang='grc' dir='ltr'><strong>θάνατον</strong></span> <span class='ocrx_word' id='word_1_780' title='bbox 3446 3433 3555 3486; x_wconf 85' lang='grc' dir='ltr'><strong>τοῦ</strong></span> 
     </span>
    </p>
   </div>
   <div class='ocr_carea' id='block_1_98' title="bbox 1981 3518 3554 3589">
    <p class='ocr_par' dir='ltr' id='par_1_98' title="bbox 1981 3518 3554 3589">
     <span class='ocr_line' id='line_1_98' title="bbox 1981 3518 3554 3589; baseline -0.003 -15"><span class='ocrx_word' id='word_1_781' title='bbox 1981 3520 2202 3588; x_wconf 73' lang='lat' dir='ltr'><strong>livplov</strong></span> <span class='ocrx_word' id='word_1_782' title='bbox 2273 3519 2738 3588; x_wconf 59' lang='grc' dir='ltr'><strong>καταγγέλλετν</strong></span> <span class='ocrx_word' id='word_1_783' title='bbox 2812 3518 3091 3572; x_wconf 78' lang='grc' dir='ltr'><strong>τουτέστιν</strong></span> <span class='ocrx_word' id='word_1_784' title='bbox 3119 3559 3136 3585; x_wconf 92' lang='grc'><strong>,</strong></span> <span class='ocrx_word' id='word_1_785' title='bbox 3213 3518 3554 3589; x_wconf 79' lang='grc' dir='ltr'><strong>’Υπόμνησιν</strong></span> 
     </span>
    </p>
   </div>
   <div class='ocr_carea' id='block_1_99' title="bbox 1982 3605 3555 3677">
    <p class='ocr_par' dir='ltr' id='par_1_99' title="bbox 1982 3605 3555 3677">
     <span class='ocr_line' id='line_1_99' title="bbox 1982 3605 3555 3677; baseline 0.001 -18"><span class='ocrx_word' id='word_1_786' title='bbox 1982 3608 2187 3659; x_wconf 80' lang='grc' dir='ltr'><strong>ποιεῖτε</strong></span> <span class='ocrx_word' id='word_1_787' title='bbox 2231 3606 2329 3675; x_wconf 85' lang='grc' dir='ltr'><strong>τῆς</strong></span> <span class='ocrx_word' id='word_1_788' title='bbox 2360 3606 2633 3676; x_wconf 86' lang='grc' dir='ltr'><strong>σωτηρίας</strong></span> <span class='ocrx_word' id='word_1_789' title='bbox 2675 3607 2773 3677; x_wconf 87' lang='grc' dir='ltr'><strong>τῆς</strong></span> <span class='ocrx_word' id='word_1_790' title='bbox 2810 3606 2953 3677; x_wconf 72' lang='grc' dir='ltr'><strong>ὑπὲρ</strong></span> <span class='ocrx_word' id='word_1_791' title='bbox 2998 3605 3172 3677; x_wconf 81' lang='grc' dir='ltr'><strong>ὑμῶν,</strong></span> <span class='ocrx_word' id='word_1_792' title='bbox 3208 3605 3310 3676; x_wconf 84' lang='grc' dir='ltr'><strong>τῆς</strong></span> <span class='ocrx_word' id='word_1_793' title='bbox 3332 3606 3555 3677; x_wconf 80' lang='grc' dir='ltr'><strong>εὐεργε-</strong></span> 
     </span>
    </p>
   </div>
   <div class='ocr_carea' id='block_1_100' title="bbox 1983 3693 3555 3765">
    <p class='ocr_par' dir='ltr' id='par_1_100' title="bbox 1983 3693 3555 3765">
     <span class='ocr_line' id='line_1_100' title="bbox 1983 3693 3555 3765; baseline 0 -18"><span class='ocrx_word' id='word_1_794' title='bbox 1983 3696 2105 3755; x_wconf 82' lang='grc' dir='ltr'><strong>σίας</strong></span> <span class='ocrx_word' id='word_1_795' title='bbox 2153 3694 2255 3763; x_wconf 85' lang='grc' dir='ltr'><strong>τῆς</strong></span> <span class='ocrx_word' id='word_1_796' title='bbox 2279 3695 2440 3764; x_wconf 88' lang='grc' dir='ltr'><strong>ἐμῆς.</strong></span> <span class='ocrx_word' id='word_1_797' title='bbox 2471 3694 2774 3765; x_wconf 81' lang='grc' dir='ltr'><strong>Ἐννόησον,</strong></span> <span class='ocrx_word' id='word_1_798' title='bbox 2811 3694 2861 3747; x_wconf 82' lang='grc' dir='ltr'><strong>οι</strong></span> <span class='ocrx_word' id='word_1_799' title='bbox 2887 3695 2987 3765; x_wconf 88' lang='grc' dir='ltr'><strong>τῆς</strong></span> <span class='ocrx_word' id='word_1_800' title='bbox 3018 3693 3210 3758; x_wconf 89' lang='grc' dir='ltr'><strong>θυσίας</strong></span> <span class='ocrx_word' id='word_1_801' title='bbox 3234 3694 3555 3765; x_wconf 78' lang='grc' dir='ltr'><strong>μετέχοντες</strong></span> 
     </span>
    </p>
   </div>
   <div class='ocr_carea' id='block_1_101' title="bbox 1980 3782 3555 3855">
    <p class='ocr_par' dir='ltr' id='par_1_101' title="bbox 1980 3782 3555 3855">
     <span class='ocr_line' id='line_1_101' title="bbox 1980 3782 3555 3855; baseline -0.001 -18"><span class='ocrx_word' id='word_1_802' title='bbox 1980 3784 2078 3853; x_wconf 81' lang='grc' dir='ltr'><strong>τῆς</strong></span> <span class='ocrx_word' id='word_1_803' title='bbox 2111 3782 2345 3846; x_wconf 78' lang='grc' dir='ltr'><strong>παλαιᾶς</strong></span> <span class='ocrx_word' id='word_1_804' title='bbox 2385 3782 2526 3854; x_wconf 83' lang='grc' dir='ltr'><strong>πόσῃ</strong></span> <span class='ocrx_word' id='word_1_805' title='bbox 2561 3783 2855 3855; x_wconf 81' lang='grc' dir='ltr'><strong>ἐκέχρηντο</strong></span> <span class='ocrx_word' id='word_1_806' title='bbox 2900 3785 2967 3854; x_wconf 81' lang='grc' dir='ltr'><strong>τῆ</strong></span> <span class='ocrx_word' id='word_1_807' title='bbox 3006 3783 3197 3853; x_wconf 79' lang='grc' dir='ltr'><strong>φειδοῖ.</strong></span> <span class='ocrx_word' id='word_1_808' title='bbox 3234 3783 3299 3836; x_wconf 85' lang='grc' dir='ltr'><strong>Τί</strong></span> <span class='ocrx_word' id='word_1_809' title='bbox 3326 3783 3435 3855; x_wconf 81' lang='grc' dir='ltr'><strong>γάρ</strong></span> <span class='ocrx_word' id='word_1_810' title='bbox 3456 3784 3555 3835; x_wconf 73' lang='grc' dir='ltr'><strong>οὐκ</strong></span> 
     </span>
    </p>
   </div>
   <div class='ocr_carea' id='block_1_102' title="bbox 1980 3869 3550 3943">
    <p class='ocr_par' dir='ltr' id='par_1_102' title="bbox 1980 3869 3550 3943">
     <span class='ocr_line' id='line_1_102' title="bbox 1980 3869 3550 3943; baseline -0.001 -20"><span class='ocrx_word' id='word_1_811' title='bbox 1980 3871 2284 3941; x_wconf 75' lang='grc' dir='ltr'><strong>ἐπραττονς</strong></span> <span class='ocrx_word' id='word_1_812' title='bbox 2312 3870 2365 3923; x_wconf 91' lang='grc' dir='ltr'><strong>τί</strong></span> <span class='ocrx_word' id='word_1_813' title='bbox 2397 3870 2453 3923; x_wconf 78' lang='grc' dir='ltr'><strong>δὲ</strong></span> <span class='ocrx_word' id='word_1_814' title='bbox 2482 3872 2582 3924; x_wconf 76' lang='grc' dir='ltr'><strong>οὐκ</strong></span> <span class='ocrx_word' id='word_1_815' title='bbox 2608 3870 2826 3924; x_wconf 81' lang='grc' dir='ltr'><strong>ἐποίουν</strong></span> <span class='ocrx_word' id='word_1_816' title='bbox 2851 3886 2867 3936; x_wconf 89' lang='lat'><strong>;</strong></span> <span class='ocrx_word' id='word_1_817' title='bbox 2907 3872 3143 3924; x_wconf 82' lang='grc' dir='ltr'><strong>Πάντοτε</strong></span> <span class='ocrx_word' id='word_1_818' title='bbox 3175 3869 3550 3943; x_wconf 81' lang='grc' dir='ltr'><strong>ἐκαθαίροντο·</strong></span> 
     </span>
    </p>
   </div>
   <div class='ocr_carea' id='block_1_103' title="bbox 1982 3957 3553 4031">
    <p class='ocr_par' dir='ltr' id='par_1_103' title="bbox 1982 3957 3553 4031">
     <span class='ocr_line' id='line_1_103' title="bbox 1982 3957 3553 4031; baseline 0 -20"><span class='ocrx_word' id='word_1_819' title='bbox 1982 3959 2046 4011; x_wconf 67' lang='grc' dir='ltr'><strong>σὺ</strong></span> <span class='ocrx_word' id='word_1_820' title='bbox 2082 3959 2138 4012; x_wconf 80' lang='grc' dir='ltr'><strong>δὲ</strong></span> <span class='ocrx_word' id='word_1_821' title='bbox 2165 3957 2326 4030; x_wconf 72' lang='grc' dir='ltr'><strong>θυσίᾳ</strong></span> <span class='ocrx_word' id='word_1_822' title='bbox 2358 3957 2597 4031; x_wconf 83' lang='grc' dir='ltr'><strong>προσιὼν</strong></span> <span class='ocrx_word' id='word_1_823' title='bbox 2628 3959 2696 4028; x_wconf 76' lang='grc' dir='ltr'><strong>ῆν</strong></span> <span class='ocrx_word' id='word_1_824' title='bbox 2722 3960 2814 4013; x_wconf 76' lang='grc' dir='ltr'><strong>καὶ</strong></span> <span class='ocrx_word' id='word_1_825' title='bbox 2845 3959 3065 4026; x_wconf 75' lang='grc' dir='ltr'><strong>ἄγγελοι</strong></span> <span class='ocrx_word' id='word_1_826' title='bbox 3090 3960 3396 4030; x_wconf 83' lang='grc' dir='ltr'><strong>φρίττουσι,</strong></span> <span class='ocrx_word' id='word_1_827' title='bbox 3429 3976 3553 4011; x_wconf 88' lang='grc' dir='ltr'><strong>και-</strong></span> 
     </span>
    </p>
   </div>
   <div class='ocr_carea' id='block_1_104' title="bbox 1984 4045 3555 4118">
    <p class='ocr_par' dir='ltr' id='par_1_104' title="bbox 1984 4045 3555 4118">
     <span class='ocr_line' id='line_1_104' title="bbox 1984 4045 3555 4118; baseline 0.001 -21"><span class='ocrx_word' id='word_1_828' title='bbox 1984 4046 2093 4117; x_wconf 80' lang='grc' dir='ltr'><strong>ρῶν</strong></span> <span class='ocrx_word' id='word_1_829' title='bbox 2139 4047 2405 4116; x_wconf 85' lang='grc' dir='ltr'><strong>περιόδοις</strong></span> <span class='ocrx_word' id='word_1_830' title='bbox 2444 4046 2505 4099; x_wconf 80' lang='grc' dir='ltr'><strong>τὸ</strong></span> <span class='ocrx_word' id='word_1_831' title='bbox 2531 4049 2762 4117; x_wconf 83' lang='grc' dir='ltr'><strong>πρᾶγμα</strong></span> <span class='ocrx_word' id='word_1_832' title='bbox 2798 4045 3031 4118; x_wconf 72' lang='grc' dir='ltr'><strong>όρίζειςς</strong></span> <span class='ocrx_word' id='word_1_833' title='bbox 3071 4046 3165 4099; x_wconf 82' lang='grc' dir='ltr'><strong>καὶ</strong></span> <span class='ocrx_word' id='word_1_834' title='bbox 3200 4046 3314 4109; x_wconf 88' lang='grc' dir='ltr'><strong>πῶς</strong></span> <span class='ocrx_word' id='word_1_835' title='bbox 3377 4062 3555 4115; x_wconf 81' lang='grc' dir='ltr'><strong>παρα-</strong></span> 
     </span>
    </p>
   </div>
   <div class='ocr_carea' id='block_1_105' title="bbox 1983 4133 3555 4205">
    <p class='ocr_par' dir='ltr' id='par_1_105' title="bbox 1983 4133 3555 4205">
     <span class='ocr_line' id='line_1_105' title="bbox 1983 4133 3555 4205; baseline -0.003 -18"><span class='ocrx_word' id='word_1_836' title='bbox 1983 4135 2153 4205; x_wconf 86' lang='grc' dir='ltr'><strong>στήσῃ</strong></span> <span class='ocrx_word' id='word_1_837' title='bbox 2195 4133 2272 4205; x_wconf 84' lang='grc' dir='ltr'>τῷ</span> <span class='ocrx_word' id='word_1_838' title='bbox 2314 4135 2517 4205; x_wconf 83' lang='grc' dir='ltr'><strong>βήματι</strong></span> <span class='ocrx_word' id='word_1_839' title='bbox 2555 4134 2647 4186; x_wconf 87' lang='grc' dir='ltr'><strong>τοῦ</strong></span> <span class='ocrx_word' id='word_1_840' title='bbox 2688 4133 2947 4204; x_wconf 84' lang='grc' dir='ltr'><strong>Χριστοῦ,</strong></span> <span class='ocrx_word' id='word_1_841' title='bbox 2982 4136 3208 4202; x_wconf 87' lang='grc' dir='ltr'><strong>μιαραῖς</strong></span> <span class='ocrx_word' id='word_1_842' title='bbox 3254 4134 3411 4203; x_wconf 69' lang='grc' dir='ltr'><strong>χερσὶ</strong></span> <span class='ocrx_word' id='word_1_843' title='bbox 3460 4134 3555 4184; x_wconf 81' lang='grc' dir='ltr'><strong>καὶ</strong></span> 
     </span>
    </p>
   </div>
   <div class='ocr_carea' id='block_1_106' title="bbox 1981 4218 3556 4292">
    <p class='ocr_par' dir='ltr' id='par_1_106' title="bbox 1981 4218 3556 4292">
     <span class='ocr_line' id='line_1_106' title="bbox 1981 4218 3556 4292; baseline -0.002 -18"><span class='ocrx_word' id='word_1_844' title='bbox 1981 4221 2185 4292; x_wconf 85' lang='grc' dir='ltr'><strong>χείλεσι</strong></span> <span class='ocrx_word' id='word_1_845' title='bbox 2230 4222 2583 4292; x_wconf 83' lang='grc' dir='ltr'><strong>κατατολμῶν</strong></span> <span class='ocrx_word' id='word_1_846' title='bbox 2616 4222 2778 4274; x_wconf 77' lang='grc' dir='ltr'><strong>αὐτοῦ</strong></span> <span class='ocrx_word' id='word_1_847' title='bbox 2813 4220 2907 4273; x_wconf 84' lang='grc' dir='ltr'><strong>τοῦ</strong></span> <span class='ocrx_word' id='word_1_848' title='bbox 2937 4221 3226 4289; x_wconf 51' lang='lat' dir='ltr'><strong>«byw-0;;</strong></span> <span class='ocrx_word' id='word_1_849' title='bbox 3258 4218 3365 4273; x_wconf 80' lang='grc' dir='ltr'><strong>Καὶ</strong></span> <span class='ocrx_word' id='word_1_850' title='bbox 3399 4218 3556 4289; x_wconf 82' lang='grc' dir='ltr'><strong>βασι-</strong></span> 
     </span>
    </p>
   </div>
   <div class='ocr_carea' id='block_1_107' title="bbox 1980 4305 3552 4378">
    <p class='ocr_par' dir='ltr' id='par_1_107' title="bbox 1980 4305 3552 4378">
     <span class='ocr_line' id='line_1_107' title="bbox 1980 4305 3552 4378; baseline -0.002 -18"><span class='ocrx_word' id='word_1_851' title='bbox 1980 4307 2077 4361; x_wconf 85' lang='grc' dir='ltr'><strong>λέα</strong></span> <span class='ocrx_word' id='word_1_852' title='bbox 2130 4309 2229 4378; x_wconf 82' lang='grc' dir='ltr'><strong>μὲν</strong></span> <span class='ocrx_word' id='word_1_853' title='bbox 2275 4309 2375 4362; x_wconf 81' lang='grc' dir='ltr'><strong>οὐκ</strong></span> <span class='ocrx_word' id='word_1_854' title='bbox 2432 4309 2498 4362; x_wconf 81' lang='grc' dir='ltr'><strong>ἃν</strong></span> <span class='ocrx_word' id='word_1_855' title='bbox 2548 4309 2691 4361; x_wconf 84' lang='grc' dir='ltr'><strong>’ἐλοιο</strong></span> <span class='ocrx_word' id='word_1_856' title='bbox 2747 4308 3132 4378; x_wconf 79' lang='grc' dir='ltr'><strong>καταφιλῆσαι,</strong></span> <span class='ocrx_word' id='word_1_857' title='bbox 3163 4305 3416 4372; x_wconf 85' lang='grc' dir='ltr'><strong>ὀδωδότος</strong></span> <span class='ocrx_word' id='word_1_858' title='bbox 3457 4321 3552 4360; x_wconf 90' lang='grc' dir='ltr'><strong>σου</strong></span> 
     </span>
    </p>
   </div>
   <div class='ocr_carea' id='block_1_108' title="bbox 1980 4393 3557 4466">
    <p class='ocr_par' dir='ltr' id='par_1_108' title="bbox 1980 4393 3557 4466">
     <span class='ocr_line' id='line_1_108' title="bbox 1980 4393 3557 4466; baseline -0.001 -18"><span class='ocrx_word' id='word_1_859' title='bbox 1980 4393 2075 4448; x_wconf 81' lang='grc' dir='ltr'><strong>τοῦ</strong></span> <span class='ocrx_word' id='word_1_860' title='bbox 2108 4396 2374 4464; x_wconf 84' lang='grc' dir='ltr'><strong>στόματος</strong></span> <span class='ocrx_word' id='word_1_861' title='bbox 2394 4412 2407 4425; x_wconf 89' lang='grc'><strong>·</strong></span> <span class='ocrx_word' id='word_1_862' title='bbox 2440 4396 2531 4448; x_wconf 69' lang='grc' dir='ltr'><strong>τὸν</strong></span> <span class='ocrx_word' id='word_1_863' title='bbox 2559 4395 2616 4446; x_wconf 83' lang='grc' dir='ltr'><strong>δὲ</strong></span> <span class='ocrx_word' id='word_1_864' title='bbox 2644 4395 2878 4449; x_wconf 81' lang='grc' dir='ltr'><strong>Βασιλέα</strong></span> <span class='ocrx_word' id='word_1_865' title='bbox 2898 4394 2990 4448; x_wconf 89' lang='grc' dir='ltr'><strong>τοῦ</strong></span> <span class='ocrx_word' id='word_1_866' title='bbox 3017 4394 3247 4466; x_wconf 72' lang='grc' dir='ltr'><strong>ούρανοῦ</strong></span> <span class='ocrx_word' id='word_1_867' title='bbox 3279 4395 3423 4466; x_wconf 65' lang='grc' dir='ltr'><strong>ψυχῇ</strong></span> <span class='ocrx_word' id='word_1_868' title='bbox 3457 4411 3557 4447; x_wconf 87' lang='grc' dir='ltr'><strong>κα-</strong></span> 
     </span>
    </p>
   </div>
   <div class='ocr_carea' id='block_1_109' title="bbox 1982 4482 3553 4554">
    <p class='ocr_par' dir='ltr' id='par_1_109' title="bbox 1982 4482 3553 4554">
     <span class='ocr_line' id='line_1_109' title="bbox 1982 4482 3553 4554; baseline -0.002 -18"><span class='ocrx_word' id='word_1_869' title='bbox 1982 4483 2228 4549; x_wconf 76' lang='grc' dir='ltr'><strong>ταφιλεῖς</strong></span> <span class='ocrx_word' id='word_1_870' title='bbox 2269 4483 2533 4554; x_wconf 73' lang='grc' dir='ltr'><strong>ὀδωδυίας</strong></span> <span class='ocrx_word' id='word_1_871' title='bbox 2573 4484 2774 4553; x_wconf 81' lang='grc' dir='ltr'><strong>’Ὕϐρις</strong></span> <span class='ocrx_word' id='word_1_872' title='bbox 2817 4484 2880 4535; x_wconf 81' lang='grc' dir='ltr'><strong>τὸ</strong></span> <span class='ocrx_word' id='word_1_873' title='bbox 2928 4484 3161 4553; x_wconf 77' lang='grc' dir='ltr'><strong>πρᾶγμά</strong></span> <span class='ocrx_word' id='word_1_874' title='bbox 3210 4484 3378 4538; x_wconf 88' lang='grc' dir='ltr'><strong>ἐστιν.</strong></span> <span class='ocrx_word' id='word_1_875' title='bbox 3416 4482 3553 4535; x_wconf 81' lang='grc' dir='ltr'><strong>Εἰπέ</strong></span> 
     </span>
    </p>
   </div>
   <div class='ocr_carea' id='block_1_110' title="bbox 1987 4567 3556 4642">
    <p class='ocr_par' dir='ltr' id='par_1_110' title="bbox 1987 4567 3556 4642">
     <span class='ocr_line' id='line_1_110' title="bbox 1987 4567 3556 4642; baseline -0.001 -19"><span class='ocrx_word' id='word_1_876' title='bbox 1987 4588 2098 4641; x_wconf 90' lang='grc' dir='ltr'><strong>μοι,</strong></span> <span class='ocrx_word' id='word_1_877' title='bbox 2134 4567 2241 4642; x_wconf 81' lang='grc' dir='ltr'><strong>ἄρα</strong></span> <span class='ocrx_word' id='word_1_878' title='bbox 2292 4570 2359 4623; x_wconf 80' lang='grc' dir='ltr'><strong>ἂν</strong></span> <span class='ocrx_word' id='word_1_879' title='bbox 2394 4569 2534 4622; x_wconf 76' lang='grc' dir='ltr'><strong>ἕλοιο</strong></span> <span class='ocrx_word' id='word_1_880' title='bbox 2563 4569 2749 4640; x_wconf 75' lang='grc' dir='ltr'><strong>χερσὶν</strong></span> <span class='ocrx_word' id='word_1_881' title='bbox 2795 4569 3037 4631; x_wconf 79' lang='grc' dir='ltr'><strong>ἀνίπτοις</strong></span> <span class='ocrx_word' id='word_1_882' title='bbox 3072 4572 3137 4639; x_wconf 79' lang='grc' dir='ltr'><strong>τῇ</strong></span> <span class='ocrx_word' id='word_1_883' title='bbox 3179 4569 3340 4639; x_wconf 68' lang='grc' dir='ltr'><strong>θυσία</strong></span> <span class='ocrx_word' id='word_1_884' title='bbox 3386 4585 3556 4638; x_wconf 82' lang='grc' dir='ltr'><strong>προσ·-</strong></span> 
     </span>
    </p>
   </div>
   <div class='ocr_carea' id='block_1_111' title="bbox 1984 4652 3555 4726">
    <p class='ocr_par' dir='ltr' id='par_1_111' title="bbox 1984 4652 3555 4726">
     <span class='ocr_line' id='line_1_111' title="bbox 1984 4652 3555 4726; baseline -0.001 -16"><span class='ocrx_word' id='word_1_885' title='bbox 1984 4657 2201 4722; x_wconf 86' lang='grc' dir='ltr'><strong>ελθεῖν;</strong></span> <span class='ocrx_word' id='word_1_886' title='bbox 2256 4657 2370 4710; x_wconf 79' lang='grc' dir='ltr'><strong>Οὐκ</strong></span> <span class='ocrx_word' id='word_1_887' title='bbox 2417 4654 2591 4725; x_wconf 75' lang='grc' dir='ltr'><strong>ἔγωγε</strong></span> <span class='ocrx_word' id='word_1_888' title='bbox 2634 4652 2786 4726; x_wconf 78' lang='grc' dir='ltr'><strong>οἶμαι</strong></span> <span class='ocrx_word' id='word_1_889' title='bbox 2818 4672 2833 4689; x_wconf 88' lang='grc'><strong>·</strong></span> <span class='ocrx_word' id='word_1_890' title='bbox 2869 4655 2985 4709; x_wconf 82' lang='grc' dir='ltr'><strong>ἀλλ’</strong></span> <span class='ocrx_word' id='word_1_891' title='bbox 3024 4657 3232 4719; x_wconf 76' lang='grc' dir='ltr'><strong>ἐθέλοις</strong></span> <span class='ocrx_word' id='word_1_892' title='bbox 3289 4655 3356 4709; x_wconf 84' lang='grc' dir='ltr'><strong>ἂν</strong></span> <span class='ocrx_word' id='word_1_893' title='bbox 3416 4656 3555 4726; x_wconf 73' lang='grc' dir='ltr'><strong>μηδὲ</strong></span> 
     </span>
    </p>
   </div>
   <div class='ocr_carea' id='block_1_112' title="bbox 1984 4738 3556 4814">
    <p class='ocr_par' dir='ltr' id='par_1_112' title="bbox 1984 4738 3556 4814">
     <span class='ocr_line' id='line_1_112' title="bbox 1984 4738 3556 4814; baseline -0.001 -18"><span class='ocrx_word' id='word_1_894' title='bbox 1984 4745 2120 4806; x_wconf 78' lang='grc' dir='ltr'><strong>ὅλως</strong></span> <span class='ocrx_word' id='word_1_895' title='bbox 2184 4742 2577 4814; x_wconf 79' lang='grc' dir='ltr'><strong>προσελθεῖν,ἢ</strong></span> <span class='ocrx_word' id='word_1_896' title='bbox 2608 4745 2881 4813; x_wconf 76' lang='grc' dir='ltr'><strong>ῥυπαραῖς</strong></span> <span class='ocrx_word' id='word_1_897' title='bbox 2947 4743 3152 4814; x_wconf 88' lang='grc' dir='ltr'><strong>χερσίν.</strong></span> <span class='ocrx_word' id='word_1_898' title='bbox 3211 4738 3345 4797; x_wconf 82' lang='grc' dir='ltr'><strong>Εἶτα</strong></span> <span class='ocrx_word' id='word_1_899' title='bbox 3390 4743 3449 4795; x_wconf 84' lang='grc' dir='ltr'><strong>ἐν</strong></span> <span class='ocrx_word' id='word_1_900' title='bbox 3477 4740 3556 4811; x_wconf 77' lang='grc' dir='ltr'><strong>τῷ</strong></span> 
     </span>
    </p>
   </div>
   <div class='ocr_carea' id='block_1_113' title="bbox 1988 4829 3553 4902">
    <p class='ocr_par' dir='ltr' id='par_1_113' title="bbox 1988 4829 3553 4902">
     <span class='ocr_line' id='line_1_113' title="bbox 1988 4829 3553 4902; baseline 0 -20"><span class='ocrx_word' id='word_1_901' title='bbox 1988 4829 2170 4901; x_wconf 88' lang='grc' dir='ltr'><strong>μικρῷ</strong></span> <span class='ocrx_word' id='word_1_902' title='bbox 2187 4830 2357 4894; x_wconf 74' lang='grc' dir='ltr'><strong>οὕτως</strong></span> <span class='ocrx_word' id='word_1_903' title='bbox 2383 4830 2457 4883; x_wconf 80' lang='grc' dir='ltr'><strong>ὢν</strong></span> <span class='ocrx_word' id='word_1_904' title='bbox 2474 4831 2726 4900; x_wconf 79' lang='grc' dir='ltr'><strong>εὐλαϐὴς,</strong></span> <span class='ocrx_word' id='word_1_905' title='bbox 2749 4830 2926 4902; x_wconf 77' lang='grc' dir='ltr'><strong>ψυχὴν</strong></span> <span class='ocrx_word' id='word_1_906' title='bbox 2948 4831 3089 4901; x_wconf 81' lang='grc' dir='ltr'><strong>ἔχων</strong></span> <span class='ocrx_word' id='word_1_907' title='bbox 3105 4829 3360 4901; x_wconf 75' lang='grc' dir='ltr'><strong>ῥυπαράν</strong></span> <span class='ocrx_word' id='word_1_908' title='bbox 3383 4845 3553 4901; x_wconf 84' lang='grc' dir='ltr'><strong>προσ-</strong></span> 
     </span>
    </p>
   </div>
   <div class='ocr_carea' id='block_1_114' title="bbox 1985 4917 3552 4989">
    <p class='ocr_par' dir='ltr' id='par_1_114' title="bbox 1985 4917 3552 4989">
     <span class='ocr_line' id='line_1_114' title="bbox 1985 4917 3552 4989; baseline -0.002 -19"><span class='ocrx_word' id='word_1_909' title='bbox 1985 4917 2140 4988; x_wconf 84' lang='grc' dir='ltr'><strong>έρχῃ,</strong></span> <span class='ocrx_word' id='word_1_910' title='bbox 2180 4917 2276 4971; x_wconf 76' lang='grc' dir='ltr'><strong>καὶ</strong></span> <span class='ocrx_word' id='word_1_911' title='bbox 2314 4918 2576 4972; x_wconf 76' lang='grc' dir='ltr'><strong>ἅπτεσθαι</strong></span> <span class='ocrx_word' id='word_1_912' title='bbox 2623 4919 2872 4989; x_wconf 78' lang='grc' dir='ltr'><strong>τολμᾷς;</strong></span> <span class='ocrx_word' id='word_1_913' title='bbox 2910 4918 3101 4972; x_wconf 84' lang='grc' dir='ltr'><strong>Καίτοι</strong></span> <span class='ocrx_word' id='word_1_914' title='bbox 3153 4918 3258 4971; x_wconf 80' lang='grc' dir='ltr'><strong>ὑπὸ</strong></span> <span class='ocrx_word' id='word_1_915' title='bbox 3306 4919 3405 4988; x_wconf 83' lang='grc' dir='ltr'><strong>μὲν</strong></span> <span class='ocrx_word' id='word_1_916' title='bbox 3442 4917 3552 4969; x_wconf 83' lang='grc' dir='ltr'><strong>τῶν</strong></span> 
     </span>
    </p>
   </div>
   <div class='ocr_carea' id='block_1_115' title="bbox 1986 5004 3554 5077">
    <p class='ocr_par' dir='ltr' id='par_1_115' title="bbox 1986 5004 3554 5077">
     <span class='ocr_line' id='line_1_115' title="bbox 1986 5004 3554 5077; baseline -0.005 -16"><span class='ocrx_word' id='word_1_917' title='bbox 1986 5005 2184 5075; x_wconf 77' lang='grc' dir='ltr'><strong>χειρῶν</strong></span> <span class='ocrx_word' id='word_1_918' title='bbox 2201 5005 2336 5076; x_wconf 78' lang='grc' dir='ltr'><strong>πρὸς</strong></span> <span class='ocrx_word' id='word_1_919' title='bbox 2352 5007 2542 5075; x_wconf 78' lang='grc' dir='ltr'><strong>καιρὸν</strong></span> <span class='ocrx_word' id='word_1_920' title='bbox 2570 5006 2881 5077; x_wconf 82' lang='grc' dir='ltr'><strong>κατέχεται,</strong></span> <span class='ocrx_word' id='word_1_921' title='bbox 2899 5009 2979 5069; x_wconf 86' lang='grc' dir='ltr'><strong>είς</strong></span> <span class='ocrx_word' id='word_1_922' title='bbox 3005 5005 3063 5059; x_wconf 81' lang='grc' dir='ltr'><strong>δὲ</strong></span> <span class='ocrx_word' id='word_1_923' title='bbox 3093 5006 3308 5071; x_wconf 84' lang='grc' dir='ltr'><strong>ἐκείνην</strong></span> <span class='ocrx_word' id='word_1_924' title='bbox 3332 5004 3554 5072; x_wconf 75' lang='grc' dir='ltr'><strong>ὀλόκληο</strong></span> 
     </span>
    </p>
   </div>
   <div class='ocr_carea' id='block_1_116' title="bbox 1988 5090 3554 5163">
    <p class='ocr_par' dir='ltr' id='par_1_116' title="bbox 1988 5090 3554 5163">
     <span class='ocr_line' id='line_1_116' title="bbox 1988 5090 3554 5163; baseline -0.001 -21"><span class='ocrx_word' id='word_1_925' title='bbox 1988 5108 2079 5160; x_wconf 92' lang='grc' dir='ltr'><strong>ρος</strong></span> <span class='ocrx_word' id='word_1_926' title='bbox 2101 5090 2409 5143; x_wconf 84' lang='grc' dir='ltr'><strong>ἀναλύεται.</strong></span> <span class='ocrx_word' id='word_1_927' title='bbox 2437 5092 2502 5143; x_wconf 89' lang='grc' dir='ltr'><strong>Τί</strong></span> <span class='ocrx_word' id='word_1_928' title='bbox 2535 5092 2590 5144; x_wconf 83' lang='grc' dir='ltr'><strong>δέ</strong></span> <span class='ocrx_word' id='word_1_929' title='bbox 2624 5109 2639 5158; x_wconf 87' lang='grc'>;</span> <span class='ocrx_word' id='word_1_930' title='bbox 2665 5095 2763 5163; x_wconf 75' lang='grc' dir='ltr'><strong>οὐχ</strong></span> <span class='ocrx_word' id='word_1_931' title='bbox 2809 5094 2941 5162; x_wconf 79' lang='grc' dir='ltr'><strong>ὁρᾷς</strong></span> <span class='ocrx_word' id='word_1_932' title='bbox 2987 5092 3057 5144; x_wconf 77' lang='grc' dir='ltr'><strong>τὰ</strong></span> <span class='ocrx_word' id='word_1_933' title='bbox 3090 5091 3255 5160; x_wconf 88' lang='grc' dir='ltr'><strong>σκεύη</strong></span> <span class='ocrx_word' id='word_1_934' title='bbox 3286 5090 3428 5141; x_wconf 72' lang='grc' dir='ltr'><strong>οὕτω</strong></span> <span class='ocrx_word' id='word_1_935' title='bbox 3457 5106 3554 5140; x_wconf 84' lang='grc' dir='ltr'><strong>πε-</strong></span> 
     </span>
    </p>
   </div>
   <div class='ocr_carea' id='block_1_117' title="bbox 1988 5176 3551 5249">
    <p class='ocr_par' dir='ltr' id='par_1_117' title="bbox 1988 5176 3551 5249">
     <span class='ocr_line' id='line_1_117' title="bbox 1988 5176 3551 5249; baseline -0.002 -19"><span class='ocrx_word' id='word_1_936' title='bbox 1988 5178 2396 5248; x_wconf 71' lang='grc' dir='ltr'><strong>ρικλυζόμενας</strong></span> <span class='ocrx_word' id='word_1_937' title='bbox 2436 5177 2609 5242; x_wconf 76' lang='grc' dir='ltr'><strong>οὕτως</strong></span> <span class='ocrx_word' id='word_1_938' title='bbox 2653 5179 3075 5249; x_wconf 82' lang='grc' dir='ltr'><strong>ἀπολάμποντα;</strong></span> <span class='ocrx_word' id='word_1_939' title='bbox 3127 5178 3343 5229; x_wconf 89' lang='grc' dir='ltr'><strong>Τούτων</strong></span> <span class='ocrx_word' id='word_1_940' title='bbox 3384 5176 3551 5228; x_wconf 85' lang='grc' dir='ltr'><strong>καθα-</strong></span> 
     </span>
    </p>
   </div>
   <div class='ocr_carea' id='block_1_118' title="bbox 1990 5263 3549 5337">
    <p class='ocr_par' dir='ltr' id='par_1_118' title="bbox 1990 5263 3549 5337">
     <span class='ocr_line' id='line_1_118' title="bbox 1990 5263 3549 5337; baseline -0.002 -18"><span class='ocrx_word' id='word_1_941' title='bbox 1990 5272 2230 5337; x_wconf 85' lang='grc' dir='ltr'><strong>ρωτέρας</strong></span> <span class='ocrx_word' id='word_1_942' title='bbox 2288 5267 2419 5336; x_wconf 85' lang='grc' dir='ltr'><strong>ἡμῖν</strong></span> <span class='ocrx_word' id='word_1_943' title='bbox 2461 5263 2601 5318; x_wconf 80' lang='grc' dir='ltr'><strong>εἶναι</strong></span> <span class='ocrx_word' id='word_1_944' title='bbox 2635 5266 2716 5318; x_wconf 85' lang='grc' dir='ltr'><strong>δεῖ</strong></span> <span class='ocrx_word' id='word_1_945' title='bbox 2741 5266 2840 5328; x_wconf 84' lang='grc' dir='ltr'><strong>τὰς</strong></span> <span class='ocrx_word' id='word_1_946' title='bbox 2864 5266 3063 5335; x_wconf 78' lang='grc' dir='ltr'><strong>ψυχὰς,</strong></span> <span class='ocrx_word' id='word_1_947' title='bbox 3099 5264 3299 5316; x_wconf 89' lang='grc' dir='ltr'><strong>τούτων</strong></span> <span class='ocrx_word' id='word_1_948' title='bbox 3319 5263 3549 5332; x_wconf 82' lang='grc' dir='ltr'><strong>ἀγιωτέ-</strong></span> 
     </span>
    </p>
   </div>
   <div class='ocr_carea' id='block_1_119' title="bbox 1989 5350 3548 5425">
    <p class='ocr_par' dir='ltr' id='par_1_119' title="bbox 1989 5350 3548 5425">
     <span class='ocr_line' id='line_1_119' title="bbox 1989 5350 3548 5425; baseline -0.003 -17"><span class='ocrx_word' id='word_1_949' title='bbox 1989 5372 2086 5424; x_wconf 90' lang='grc' dir='ltr'><strong>ρας</strong></span> <span class='ocrx_word' id='word_1_950' title='bbox 2128 5355 2222 5407; x_wconf 74' lang='grc' dir='ltr'><strong>καὶ</strong></span> <span class='ocrx_word' id='word_1_951' title='bbox 2259 5354 2664 5425; x_wconf 82' lang='grc' dir='ltr'><strong>λαμπροτέρας.</strong></span> <span class='ocrx_word' id='word_1_952' title='bbox 2706 5355 2771 5406; x_wconf 91' lang='grc' dir='ltr'><strong>Τί</strong></span> <span class='ocrx_word' id='word_1_953' title='bbox 2825 5355 3027 5425; x_wconf 82' lang='grc' dir='ltr'><strong>δήποτε</strong></span> <span class='ocrx_word' id='word_1_954' title='bbox 3062 5371 3076 5419; x_wconf 89' lang='lat'><strong>;</strong></span> <span class='ocrx_word' id='word_1_955' title='bbox 3110 5353 3232 5406; x_wconf 87' lang='grc' dir='ltr'><strong>Ὅτι</strong></span> <span class='ocrx_word' id='word_1_956' title='bbox 3272 5355 3453 5405; x_wconf 85' lang='grc' dir='ltr'><strong>ἐκεῖνα</strong></span> <span class='ocrx_word' id='word_1_957' title='bbox 3478 5350 3548 5405; x_wconf 88' lang='grc' dir='ltr'><strong>δι’</strong></span> 
     </span>
    </p>
   </div>
   <div class='ocr_carea' id='block_1_120' title="bbox 1985 5439 3548 5511">
    <p class='ocr_par' dir='ltr' id='par_1_120' title="bbox 1985 5439 3548 5511">
     <span class='ocr_line' id='line_1_120' title="bbox 1985 5439 3548 5511; baseline -0.003 -18"><span class='ocrx_word' id='word_1_958' title='bbox 1985 5443 2128 5511; x_wconf 76' lang='grc' dir='ltr'><strong>ἡμᾶς</strong></span> <span class='ocrx_word' id='word_1_959' title='bbox 2176 5442 2399 5494; x_wconf 87' lang='grc' dir='ltr'><strong>τοιαῦτα</strong></span> <span class='ocrx_word' id='word_1_960' title='bbox 2427 5445 2653 5511; x_wconf 85' lang='grc' dir='ltr'><strong>γίνεται.</strong></span> <span class='ocrx_word' id='word_1_961' title='bbox 2697 5443 2910 5493; x_wconf 85' lang='grc' dir='ltr'><strong>Ἐκεῖνα</strong></span> <span class='ocrx_word' id='word_1_962' title='bbox 2938 5440 2999 5493; x_wconf 81' lang='grc' dir='ltr'><strong>ού</strong></span> <span class='ocrx_word' id='word_1_963' title='bbox 3029 5441 3243 5510; x_wconf 85' lang='grc' dir='ltr'><strong>μετέχει</strong></span> <span class='ocrx_word' id='word_1_964' title='bbox 3277 5439 3371 5491; x_wconf 86' lang='grc' dir='ltr'><strong>τοῦ</strong></span> <span class='ocrx_word' id='word_1_965' title='bbox 3401 5442 3548 5492; x_wconf 81' lang='grc' dir='ltr'><strong>ἐνόν-</strong></span> 
     </span>
    </p>
   </div>
   <div class='ocr_carea' id='block_1_121' title="bbox 1982 5525 3540 5597">
    <p class='ocr_par' dir='ltr' id='par_1_121' title="bbox 1982 5525 3540 5597">
     <span class='ocr_line' id='line_1_121' title="bbox 1982 5525 3540 5597; baseline -0.004 -17"><span class='ocrx_word' id='word_1_966' title='bbox 1982 5545 2093 5590; x_wconf 89' lang='grc' dir='ltr'><strong>τος,</strong></span> <span class='ocrx_word' id='word_1_967' title='bbox 2121 5529 2221 5580; x_wconf 78' lang='grc' dir='ltr'><strong>οὐκ</strong></span> <span class='ocrx_word' id='word_1_968' title='bbox 2253 5528 2565 5581; x_wconf 82' lang='grc' dir='ltr'><strong>αἰσθάνεται</strong></span> <span class='ocrx_word' id='word_1_969' title='bbox 2603 5546 2616 5559; x_wconf 91' lang='grc'>·</span> <span class='ocrx_word' id='word_1_970' title='bbox 2655 5530 2813 5597; x_wconf 78' lang='grc' dir='ltr'><strong>ἡμεῖς</strong></span> <span class='ocrx_word' id='word_1_971' title='bbox 2839 5527 2917 5593; x_wconf 80' lang='grc' dir='ltr'><strong>δὲ,</strong></span> <span class='ocrx_word' id='word_1_972' title='bbox 2943 5528 3053 5581; x_wconf 90' lang='grc' dir='ltr'><strong>ναί.</strong></span> <span class='ocrx_word' id='word_1_973' title='bbox 3085 5528 3197 5580; x_wconf 86' lang='grc' dir='ltr'><strong>Νῦν</strong></span> <span class='ocrx_word' id='word_1_974' title='bbox 3219 5528 3274 5578; x_wconf 72' lang='grc' dir='ltr'><strong>δὲ</strong></span> <span class='ocrx_word' id='word_1_975' title='bbox 3308 5525 3540 5594; x_wconf 75' lang='grc' dir='ltr'><strong>ῥυπαρῷ</strong></span> 
     </span>
    </p>
   </div>
   <div class='ocr_carea' id='block_1_122' title="bbox 1986 5614 3547 5690">
    <p class='ocr_par' dir='ltr' id='par_1_122' title="bbox 1986 5614 3547 5690">
     <span class='ocr_line' id='line_1_122' title="bbox 1986 5614 3547 5690; baseline -0.004 -20"><span class='ocrx_word' id='word_1_976' title='bbox 1986 5618 2086 5690; x_wconf 80' lang='grc' dir='ltr'><strong>μὲν</strong></span> <span class='ocrx_word' id='word_1_977' title='bbox 2116 5617 2216 5669; x_wconf 86' lang='grc' dir='ltr'><strong>οὐκ</strong></span> <span class='ocrx_word' id='word_1_978' title='bbox 2245 5615 2309 5668; x_wconf 82' lang='grc' dir='ltr'><strong>ἂν</strong></span> <span class='ocrx_word' id='word_1_979' title='bbox 2341 5616 2481 5668; x_wconf 79' lang='grc' dir='ltr'><strong>έλοιο</strong></span> <span class='ocrx_word' id='word_1_980' title='bbox 2502 5616 2804 5686; x_wconf 82' lang='grc' dir='ltr'><strong>χρήσασθαι</strong></span> <span class='ocrx_word' id='word_1_981' title='bbox 2837 5618 3038 5685; x_wconf 86' lang='grc' dir='ltr'><strong>σκεύει,</strong></span> <span class='ocrx_word' id='word_1_982' title='bbox 3073 5618 3291 5689; x_wconf 76' lang='grc' dir='ltr'><strong>ῥυπαρᾷ</strong></span> <span class='ocrx_word' id='word_1_983' title='bbox 3316 5615 3371 5667; x_wconf 86' lang='grc' dir='ltr'><strong>δὲ</strong></span> <span class='ocrx_word' id='word_1_984' title='bbox 3399 5614 3547 5682; x_wconf 69' lang='grc' dir='ltr'><strong>ψυχῇ</strong></span> 
     </span>
    </p>
   </div>
   <div class='ocr_carea' id='block_1_123' title="bbox 2045 5847 3146 5911">
    <p class='ocr_par' dir='ltr' id='par_1_123' title="bbox 2045 5847 3146 5911">
     <span class='ocr_line' id='line_1_123' title="bbox 2045 5847 3146 5911; baseline -0.007 -6"><span class='ocrx_word' id='word_1_985' title='bbox 2045 5847 2070 5884; x_wconf 62' lang='grc' dir='ltr'><strong>δ</strong></span> <span class='ocrx_word' id='word_1_986' title='bbox 2097 5859 2256 5906; x_wconf 68' lang='grc' dir='ltr'><strong>ίῖοάρκ</strong></span> <span class='ocrx_word' id='word_1_987' title='bbox 2282 5870 2407 5903; x_wconf 69' lang='lat' dir='ltr'><strong>unm:</strong></span> <span class='ocrx_word' id='word_1_988' title='bbox 2434 5860 2483 5902; x_wconf 75' lang='lat' dir='ltr'><strong>et</strong></span> <span class='ocrx_word' id='word_1_989' title='bbox 2511 5868 2660 5911; x_wconf 72' lang='lat' dir='ltr'><strong>marg.</strong></span> <span class='ocrx_word' id='word_1_990' title='bbox 2698 5854 2868 5909; x_wconf 69' lang='grc' dir='ltr'><strong>ειη-ξι..</strong></span> <span class='ocrx_word' id='word_1_991' title='bbox 2892 5855 3146 5910; x_wconf 62' lang='grc' dir='ltr'><strong>σηπεδόνα.</strong></span> 
     </span>
    </p>
   </div>
   <div class='ocr_carea' id='block_1_124' title="bbox 2056 5916 3195 5977">
    <p class='ocr_par' dir='ltr' id='par_1_124' title="bbox 2056 5916 3195 5977">
     <span class='ocr_line' id='line_1_124' title="bbox 2056 5916 3195 5977; baseline -0.004 -13"><span class='ocrx_word' id='word_1_992' title='bbox 2056 5925 2075 5949; x_wconf 68' lang='grc' dir='ltr'><strong>ε</strong></span> <span class='ocrx_word' id='word_1_993' title='bbox 2107 5920 2309 5977; x_wconf 68' lang='lat' dir='ltr'><strong>QuuLm</strong></span> <span class='ocrx_word' id='word_1_994' title='bbox 2337 5930 2445 5963; x_wconf 77' lang='lat' dir='ltr'><strong>mss,</strong></span> <span class='ocrx_word' id='word_1_995' title='bbox 2479 5924 2524 5963; x_wconf 74' lang='lat' dir='ltr'><strong>nl</strong></span> <span class='ocrx_word' id='word_1_996' title='bbox 2554 5930 2699 5975; x_wconf 71' lang='lat' dir='ltr'><strong>marg.</strong></span> <span class='ocrx_word' id='word_1_997' title='bbox 2730 5916 2901 5974; x_wconf 66' lang='lat' dir='ltr'><strong>Smil.,</strong></span> <span class='ocrx_word' id='word_1_998' title='bbox 2925 5921 3195 5974; x_wconf 61' lang='lat' dir='ltr'><strong>&quot;£0&#39;§&#39;1‘2u-w.</strong></span> 
     </span>
    </p>
   </div>
  </div>
