3932 6220
357 303 432 362 Ξθ

356 503 499 557 λίαν.
546 503 635 556 Ἑν
663 500 763 572 μὲν
794 500 908 561 τοῖς
933 496 1114 560 ἄλλοις
1147 500 1359 566 καιροῖς
1394 496 1514 550 οὐδὲ
1542 496 1775 565 καθαροὶ
1804 494 1935 549 πολε

356 585 516 648 λάκις
542 583 693 647 ὅντες
714 577 1102 654 προσέρχεσθε,
1136 580 1194 632 ἐν
1222 579 1279 632 δέ
1309 577 1386 649 τῷ
1416 579 1640 648 Πάσχα,
1673 578 1781 632 κᾶν
1878 595 1933 630 τι

357 665 759 739 τετολμημένον
785 662 900 738 [25]
923 662 1072 734 ὑμῖν,
1097 663 1341 730 πρόσιτε.
1371 665 1435 716 Ὢ
1481 662 1581 733 τῆς
1606 661 1892 732 συνηθείας
1915 663 1928 715 !

358 750 407 803 ὣ
435 749 536 819 τῆς
574 746 936 819 προλήψεωςί
986 744 1112 815 εἱκῆ
1169 744 1330 798 θυσία
1379 743 1752 815 καθημερινὴ,
1808 744 1935 815 εἰκῆ

360 833 788 904 παρεστήκαμεν
831 826 910 899 τῷ
953 826 1347 898 θυσιαστηρίῳ,
1398 826 1626 891 οὐδείςό
1662 825 1929 898 μετέχων.

361 914 548 969 Ταῦτα
603 913 703 984 οὐχ
758 911 848 965 ἵνα
902 909 1089 974 ἅπλῶς
1135 910 1402 982 μετέχητε
1423 949 1438 971 ,
1469 909 1647 977 λέγω,
1703 909 1937 965 ἀλλ’ἵνα

360 997 545 1064 ἀξίους
588 996 814 1058 ἑαυτοὺς
865 992 1334 1062 κατασκευάζητε.
1394 992 1509 1046 Ούκ
1536 987 1589 1044 εἳ
1616 992 1715 1062 τῆς
1741 991 1936 1056 θυσίας

361 1082 536 1150 ἄξιος,
567 1080 689 1134 οὐδέ
725 1079 827 1150 τῆς
868 1076 1225 1149 μεταλήψεως
1256 1093 1270 1143 ;
1303 1075 1514 1130 υῦκοῦν
1565 1076 1684 1130 οὐδὲ
1715 1077 1815 1147 τῆς
1843 1077 1936 1129 εὑ-

361 1164 487 1235 χῆς.
537 1161 780 1224 Ἀκούεις
823 1159 1060 1222 ἑστῶτος
1091 1157 1187 1212 τοῦ
1225 1159 1487 1230 κήρυκος,
1518 1159 1614 1213 καὶ
1644 1157 1896 1227 λέγοντος
1918 1174 1933 1189 ⁸

364 1246 541 1300 Ὅσοι
583 1245 656 1298 ἐν
715 1242 1022 1313 μετανοίᾳ,
1049 1241 1341 1296 ἀπέλθετε
1395 1239 1640 1307 πάντες.
1668 1240 1828 1293 ὐσοι
1860 1240 1936 1311 μὴ

367 1329 713 1398 μετέχουσιν,
743 1326 801 1378 ἐν
856 1324 1115 1396 μετανοίᾳ
1147 1323 1306 1378 εἰσίν.
1341 1324 1405 1377 Εἰ
1433 1321 1543 1376 τῶν
1577 1323 1635 1375 ἐν
1668 1324 1940 1393 ματανοία

366 1405 438 1475 εἷ,
473 1409 768 1480 μετασχεῖν
790 1407 891 1460 οὐκ
919 1406 1157 1476 ὀφείλεις
1192 1421 1206 1437 ’
1232 1406 1263 1459 δ
1287 1405 1394 1477 γάρ
1426 1405 1500 1475 μὴ
1527 1405 1798 1475 μετέχων,
1831 1405 1940 1459 τῶν

368 1494 429 1545 ὲν
460 1491 720 1563 μετανοίᾳ
753 1490 889 1543 ἐστί.
905 1490 1066 1553 Τίνος
1085 1485 1179 1543 οὖν
1200 1487 1390 1543 ἕνεκεν
1408 1487 1578 1557 λέγει,
1608 1487 1936 1552 Ἀπέλθετε,

369 1573 535 1643 01μὴ
578 1572 903 1642 δυνάμενοι
945 1569 1233 1640 δεηθῆναι
1257 1609 1273 1636 ,
1302 1572 1367 1624 σὺ
1430 1570 1487 1624 δὲ
1546 1570 1782 1638 ἐστηκας
1829 1571 1942 1623 ἰτα-

380 1657 500 1728 μῶς
521 1673 536 1722 ;
560 1656 701 1711 Ἀλλ’
738 1657 841 1710 οὐκ
895 1651 949 1709 εῐ
990 1653 1217 1717 τούτων,
1275 1652 1413 1707 ἀλλά
1467 1651 1575 1706 τῶν
1627 1653 1942 1722 δυναμένων

374 1740 644 1811 μετέχειν,
696 1739 793 1793 καὶ
849 1738 1001 1793 οὐδὲν
1065 1734 1419 1808 φροντίζειςς
1480 1734 1637 1788 οὐδὲν
1705 1736 1817 1807 ἡγῇ
1879 1734 1943 1788 τὸ

369 1838 605 1893 πραγμα
634 1839 650 1887 ς

442 1911 514 1961 ε’.
538 1906 761 1971 Σκόπει,
786 1902 1111 1975 παρακαλῶθ
1126 1898 1387 1974 Τράπεζα
1404 1899 1637 1970 πάρεστι
1667 1898 1942 1970 βασιλικὴ,

370 1987 594 2057 ἄγγελοι
621 1987 1025 2059 διακονούμενοι
1050 1989 1117 2056 τῇ
1144 1984 1391 2057 τραπέζῃ
1409 2024 1423 2044 ,
1448 1983 1613 2045 αὐτὸς
1638 1984 1899 2052 πάρεστιν
1917 1985 1946 2035 ὁ

371 2069 656 2136 Βασιλεὺς,
690 2070 786 2123 καὶ
819 2071 883 2123 σὺ
912 2070 1149 2138 ἕστηκας
1181 2065 1544 2138 χασμὼμενος
1570 2082 1584 2132 ;
1610 2064 1836 2136 ῥυπαρά
1865 2080 1948 2117 σοι

371 2154 442 2208 τά
468 2154 677 2222 ἱμάτια,
695 2154 788 2207 καὶ
808 2152 982 2217 οὐδείς
997 2170 1079 2206 σοι
1108 2151 1264 2220 λόγος
1284 2169 1298 2216 ;
1317 2148 1479 2203 Ἀλλά
1506 2148 1724 2220 καθαρά
1756 2149 1904 2200 ἐστιν
1929 2164 1945 2214 ;

374 2235 587 2290 Οὐκοῦν
627 2235 918 2300 άνάπεσον,
951 2235 1046 2289 καὶ
1100 2233 1315 2304 μέτεχέ.
1359 2234 1619 2302 Ἔρχεται
1654 2229 1779 2283 καθ’
1814 2229 1948 2289 έκάέ-

378 2334 512 2388 στην
538 2319 666 2371 ἰδεῖν
695 2318 821 2381 τοὺς
855 2317 1266 2388 ἀνακειμένους,
1302 2316 1437 2368 πᾶσι
1461 2312 1769 2381 διαλέγεται
1804 2328 1822 2344 ο
1853 2312 1950 2365 καὶ

376 2400 473 2453 νῦν
496 2403 553 2453 ἐν
568 2399 647 2470 τῷ
673 2399 933 2454 συνειδότι
953 2401 1088 2469 ἐρεῖ·
1117 2399 1376 2469 Ἑταῖροι,
1392 2396 1507 2459 πῶς
1529 2397 1796 2467 ἑστήκατε
1824 2388 1948 2461 ὦδε,

382 2484 459 2556 μή
473 2483 684 2554 ἔχοντες
696 2482 900 2554 ἔνδυμα
919 2482 1131 2552 γάμους
1164 2482 1279 2534 υύκ
1305 2477 1448 2547 εἷπε,
1466 2478 1563 2531 Διὰ
1585 2477 1638 2531 τί
1665 2477 1949 2543 ἀνέπεσες;

379 2568 520 2620 ἀλλά
576 2566 684 2638 πρὸ
715 2564 814 2636 τῆς
844 2564 1215 2627 κατακλίσεως
1243 2562 1455 2632 καὶτῆς
1490 2560 1701 2615 εἰσόδου
1733 2559 1952 2624 ἀνάξιον

380 2649 545 2702 αὐτὸν
570 2645 707 2703 εἶναί
738 2665 903 2718 φησιν
932 2663 947 2677 ’
982 2647 1044 2700 οὐ
1074 2646 1184 2718 γάρ
1211 2641 1357 2710 εἷπε,
1398 2643 1498 2697 Διὰ
1524 2644 1576 2697 τί
1602 2641 1950 2713 κατεκλίθης;

382 2730 538 2791 ἀλλὰ,
585 2730 652 2784 Τί
683 2729 930 2801 εἰσῆλθες
965 2746 981 2795 ;
1011 2729 1198 2783 Ταῦτα
1251 2729 1348 2781 καὶ
1401 2724 1498 2781 νῦν
1534 2725 1674 2796 πρὸς
1707 2724 1955 2786 ἅπαντας

383 2815 532 2885 ἡμᾶς
561 2813 1008 2882 διαλέγεταιτοὺς
1031 2811 1407 2882 ἀναισχύντως
1427 2809 1522 2863 καὶ
1554 2807 1762 2877 ἰταμῶς
1788 2808 1958 2861 ἑστῶ-

385 2913 505 2959 τας.
545 2897 662 2961 Πᾶς
702 2897 813 2967 γάρ
845 2896 874 2947 ὁ
907 2895 982 2966 μὴ
1016 2896 1262 2965 μετέχων
1288 2894 1397 2946 τῶν
1444 2891 1778 2962 μυστηρίων,
1801 2891 1956 2946 ἀναί-

392 2996 619 3051 σχυντος
647 2980 744 3033 καὶ
760 2979 966 3049 ἰταμῶς
991 2975 1259 3047 έστηκὼς.
1274 2974 1385 3033 ,Διά
1407 2972 1568 3027 τοῦτο
1585 2973 1839 3045 πρότεροι
1867 2977 1962 3028 ἐκ·

390 3062 678 3116 ϐάλλονται
705 3063 753 3114 οί
783 3063 842 3114 ἐν
869 3061 1253 3131 ἁμαρτήμασι.
1287 3056 1553 3128 Καθάπερ
1573 3057 1683 3127 γάρ
1711 3058 1806 3110 ἐπὶ
1825 3074 1961 3130 τρα-

346 3181 351 3185 -
392 3142 566 3212 πέζης
586 3143 1028 3214 παραγενομένου
1055 3141 1149 3194 τοῦ
1168 3140 1426 3194 δεσπότου
1456 3141 1515 3193 οὐ
1545 3140 1626 3192 δεῖ
1644 3140 1771 3202 τοῦς
1792 3157 1965 3211 προσ-

392 3226 765 3299 κεκρουκότας
818 3225 930 3279 τῶν
964 3223 1194 3279 οἰκετῶν
1241 3225 1533 3292 παρεῖναι,
1573 3222 1691 3276 ἀλλ’
1720 3222 1967 3277 ἐκποδὼν

394 3311 636 3380 γίνονται
656 3325 671 3341 ·
690 3307 834 3363 οὓτω
859 3308 922 3381 δὴ
949 3308 1043 3361 καὶ
1070 3305 1325 3369 ἐνταῦθα,
1349 3304 1727 3377 ἐκφερομένης
1740 3307 1839 3374 τῆς
1869 3305 1960 3360 θυο

399 3392 546 3456 σίας,
581 3392 679 3446 καὶ
711 3392 806 3446 τοῦ
835 3391 1080 3463 Χριστοῦ
1106 3390 1426 3461 τεθυμένον,
1451 3389 1547 3442 καὶ
1576 3387 1670 3442 τοῦ
1696 3387 1968 3460 προϐάτου

397 3476 494 3530 τοῦ
509 3477 990 3540 Δεσποτικοῦ,ὅταν
1010 3475 1271 3546 ἀκούσῃς,
1290 3472 1599 3543 Δεηθῶμεν
1614 3471 1838 3538 πάντες
1852 3488 1972 3526 κοι-

398 3558 504 3627 νῇ,
531 3559 657 3611 ὅταν
682 3558 798 3630 ἴδῃς
825 3558 1163 3628 ἀνελκόμενα
1181 3557 1253 3610 τά
1277 3556 1581 3627 ἀμφίθυρα,
1605 3557 1727 3609 τότε
1749 3555 1974 3626 νόμισον

400 3639 802 3694 διαστέλλεσθαι
826 3640 917 3693 τὸν
944 3639 1173 3710 οὐρανὸν
1198 3637 1425 3703 ἄνωθεν,
1456 3639 1552 3692 καὶ
1573 3640 1818 3692 κατιέναι
1850 3639 1975 3700 τοὺς

403 3723 687 3793 ἀγγέλους.
737 3723 948 3794 Ὠσπερ
995 3720 1176 3775 τοίνυν
1209 3720 1318 3774 τῶν
1351 3721 1611 3791 ἀμυήτων
1655 3720 1842 3773 οὐδένα
1872 3719 1976 3790 χρὴ

406 3807 681 3874 παρεῖναι,
710 3802 883 3868 οὕτως
907 3802 1027 3857 οὐδὲ
1046 3803 1156 3856 τῶν
1187 3802 1553 3874 μεμυημένων
1582 3803 1675 3854 καὶ
1696 3801 1976 3871 ῥυπαρῶν.

409 3887 545 3941 Εἰπέ
568 3905 682 3959 μοι,
710 3886 764 3939 εἷ
787 3903 870 3949 τις
895 3887 977 3949 εἰς
1003 3885 1247 3940 ἐστίασιν
1279 3884 1522 3956 κληθεὶς,
1555 3883 1655 3948 τάς
1691 3886 1878 3955 χεῖρας
1898 3885 1979 3938 νί-

405 3972 568 4041 ψαιτο
601 3970 696 4025 καὶ
722 3969 1096 4041 κατακλιθείη,
1118 3968 1216 4023 καὶ
1243 3967 1457 4039 ἕτοιμος
1491 3967 1702 4036 γένοιτο
1725 3966 1858 4038 πρὸς
1882 3967 1982 4039 τὴν

409 4053 706 4126 τράπεζαν,
725 4049 846 4108 εἶτα
871 4052 946 4125 μὴ
970 4052 1206 4124 μετέχοι,
1240 4051 1340 4122 οὐχ
1364 4050 1575 4122 ὑϐρίζει
1597 4048 1688 4103 τὸν
1717 4048 1983 4103 καλέσαν-

408 4156 476 4192 τα
496 4154 511 4204 ;
532 4138 595 4191 ού
617 4136 824 4208 βέλτιον
842 4137 933 4191 τὸν
953 4134 1193 4189 τοιοῦτον
1205 4135 1342 4204 μηδὲ
1361 4131 1766 4205 παραγενέσθαι
1786 4149 1802 4198 ;
1825 4131 1982 4187 Οὕτω

408 4219 474 4288 δὴ
503 4220 598 4273 καὶ
624 4219 689 4272 σὺ
724 4218 1099 4288 παραγέγονας
1124 4234 1140 4249 ο
1157 4216 1248 4269 τδν
1280 4214 1450 4285 ὕμνον
1475 4212 1635 4289 ᾖσας,
1682 4215 1822 4284 μετά
1851 4215 1986 4269 πάν-

410 4320 521 4357 των
550 4301 908 4374 ὡμολόγησας
945 4296 1082 4356 εἶναι
1116 4299 1225 4353 τῶν
1260 4299 1429 4366 ἀξίων
1463 4298 1542 4370 τῷ
1585 4297 1660 4370 μὴ
1703 4298 1843 4368 μετά
1877 4297 1984 4351 τῶν

413 4384 647 4452 ἀναξίων
669 4383 1145 4456 ἀνακεχωρηκέναι
1163 4399 1177 4413 ⁸
1211 4381 1329 4445 πῶς
1378 4380 1619 4452 ἔμεινας,
1648 4382 1740 4435 καὶ
1766 4381 1829 4435 οὒ
1859 4398 1988 4451 μετ-

414 4468 560 4540 έχεις
579 4469 681 4539 τῆς
707 4469 986 4541 τραπέζης
1002 4486 1017 4534 ;
1036 4466 1275 4534 ’Δνάξιός
1296 4466 1432 4536 εἰμι,
1451 4465 1636 4535 φησίν.
1660 4464 1869 4519 Ούκοῦν
1888 4467 1988 4519 καὶ

413 4550 515 4625 τῆς
543 4553 827 4617 κοινωνίας
849 4552 1062 4621 ἐκείνης
1086 4550 1188 4619 τῆς
1206 4550 1265 4601 ἐν
1286 4549 1403 4613 ταῖς
1423 4549 1627 4621 εὐχαῖς.
1658 4549 1733 4604 Ού
1767 4548 1876 4620 γάρ
1901 4548 1988 4603 διά

718 356 719 359 η
1112 300 1171 356 S.
1206 298 1486 359 JOANNIS
1518 295 2009 358 CIIRYSOSTOMI
2048 295 2367 355 ARCIHEP.
2411 296 2951 356 CONSTANTINOP.

359 419 679 492 προτέρχῃς
718 412 925 486 Πολλὴν
963 412 1076 485 δρῶ
1107 413 1201 467 τοῦ
1231 414 1559 488 πράγματος
1590 413 1688 486 τὴν
1708 415 1932 484 άνοῼα-
2035 411 2419 483 προκειμένων
2451 413 2633 484 μόνον,
2656 414 2791 468 ἀλλά
2816 415 2911 469 καὶ
2940 384 3027 469 διά
3060 414 3170 470 τῶν
3204 413 3358 490 ᾠδῶν
3387 415 3610 473 ἐκείνων

3539 298 3609 355 '50

2032 493 2092 546 τὸ
2121 494 2343 563 Πνεῦμα
2371 495 2633 550 πάντοθεν
2661 497 2924 552 κάτεισιν.
2962 498 3075 569 υύχ
3096 498 3232 570 δρᾷς
3260 498 3385 562 τοὺς
3407 500 3607 570 ἡμετέ-

2036 592 2162 644 ρους
2190 577 2407 642 οἰκέτας
2438 580 2503 648 τῇ
2538 580 2774 650 σπογγιᾷ
2808 578 2907 650 τὴν
2943 580 3224 651 τράπεζαν
3255 582 3610 649 περιπλύνον-

2032 674 2152 723 τας,
2186 660 2283 712 καὶ
2303 658 2396 712 τὸν
2421 654 2569 712 οἶκον
2598 660 2981 731 καθαίροντας,
3019 661 3114 716 καὶ
3137 661 3281 716 οὕτω
3306 663 3434 726 τοὺς
3460 663 3610 717 πίνα-

2034 757 2139 805 κας
2165 741 2446 807 τιθέντας;
2476 742 2647 795 Τοῦτο
2675 743 2886 811 γίνεται
2914 743 3005 797 διά
3030 743 3140 799 τῶν
3174 744 3371 814 εὐχῶν,
3400 744 3489 799 διά
3514 745 3610 814 τῆς

2038 822 2173 893 βοῆς
2195 823 2291 877 τοῦ
2319 825 2557 895 κήρυκος
2575 841 2591 856 ⁸
2615 824 2805 897 ὥσπερ
2828 827 3067 898 σπογγιᾷ
3092 825 3494 898 περιπλύνομεν
3511 827 3608 898 τὴν

2036 905 2355 976 ἐκκλησίαν,
2398 905 2515 979 [24]
2548 907 2636 960 ῖνα
2676 909 2737 961 ἐν
2788 907 3008 980 καθαρᾷ
3041 911 3108 979 τῇ
3143 909 3406 980 ἐκκλησίᾳ
3435 908 3615 963 πάντα

2037 989 2301 1060 προτεθῇ,
2324 988 2412 1044 ῖνα
2431 987 2669 1064 μηδεὶς
2688 991 2898 1055 σπῖλος.
2925 990 3062 1062 μηδέ
3080 991 3252 1062 ῥυτίς.
3268 991 3503 1057 Ἀνάξιοι
3520 994 3612 1047 καὶ

2035 1072 2305 1144 ὀφθαλμοί
2341 1072 2449 1126 τῶν
2478 1074 2764 1145 θεαμάτων
2795 1075 3025 1141 τούτων,
3051 1074 3269 1142 amem
3305 1075 3401 1129 καὶ
3425 1075 3606 1130 ἀκοαί.

2036 1154 2166 1212 Κᾶν
2180 1157 2408 1225 θηρίον,
2420 1172 2494 1228 φη
2501 1157 2574 1222 σ’ί,
2586 1157 2719 1227 θίγῃ
2731 1157 2839 1212 τοῦ
2850 1156 3048 1224 ὄρους,
3059 1158 3566 1226 λιθοϐοληθήσετα
3573 1177 3613 1215 ι.

2039 1236 2226 1302 Οὕτως
2245 1238 2368 1292 οὐδέ
2388 1239 2488 1306 τῆς
2512 1238 2821 1303 έπιϐάσεως
2838 1239 2978 1304 ἄξιοι
3001 1236 3142 1310 ἦσαν
3159 1256 3173 1270 ο
3196 1240 3371 1295 καίτοι
3390 1257 3456 1310 γε
3478 1241 3615 1311 μετά

2038 1319 2212 1375 ταῦτα
2244 1321 2337 1374 καὶ
2367 1321 2692 1392 προσῆλθον,
2727 1322 2821 1376 καὶ
2844 1319 2985 1376 εἶδον
3013 1321 3116 1375 ποῦ
3146 1323 3367 1395 ἑστήκει
3399 1324 3429 1375 ό
3459 1324 3612 1387 Θεός.

2045 1402 2261 1466 Ἔξεστι
2285 1405 2425 1475 μετά
2453 1404 2626 1459 ταῦτα
2650 1404 2991 1478 προσελθεῖν,
3023 1406 3120 1459 καὶ
3151 1407 3276 1461 ἰδεῖν
3303 1425 3317 1439 ο
3339 1408 3469 1461 ὅταν
3502 1406 3619 1478 μέν.
3668 1468 3679 1473 _

2038 1503 2124 1539 τοι
2154 1488 2328 1557 παρῇ,
2359 1485 2513 1540 ἄπιθι
2542 1503 2558 1518 ⁸
2588 1488 2691 1541 οὐκ
2743 1486 2919 1552 ἔξεστί
2951 1505 3032 1542 σοι
3068 1489 3290 1559 μᾶλλον,
3317 1489 3350 1561 ἦ
3380 1489 3462 1560 τῷ
3493 1505 3619 1543 κατ-

2040 1568 2352 1639 ηχουμένῳ.
2380 1569 2454 1622 Οὐ
2484 1569 2594 1642 γάρ
2622 1571 2769 1623 ἐστιν
2799 1570 2912 1623 ἴσον
2946 1570 3171 1642 μηδέπω
3201 1574 3383 1643 τυχεῖν
3413 1589 3618 1641 μυστηο

2047 1653 2200 1724 ρίων,
2220 1652 2313 1705 καί⁵
2332 1651 2470 1721 μετά
2486 1653 2546 1706 τὸ
2565 1655 2750 1723 τυχεῖν
2768 1653 3221 1724 προσκρούσαντα
3233 1657 3613 1725 καταφρονεῖν,

2045 1735 2141 1788 καὶ⁴
2203 1734 2420 1798 ἀνάξιον
2473 1734 2665 1788 ἐαυτὸν
2723 1734 3063 1805 καταστῆσαι
3113 1736 3209 1789 τοῦ
3272 1738 3619 1808 πράγματος.·

2059 1816 2215 1886 Ἐνῆν
2245 1817 2338 1870 καὶ
2366 1815 2587 1870 πλείονα
2613 1815 2794 1885 λέγειν
2815 1817 2909 1871 καὶ
2934 1816 3304 1890 φοϐερώτερα,
3334 1819 3449 1874 ἀλλ’
3482 1820 3618 1874 ὥστε

2050 1900 2124 1970 μὴ
2157 1898 2391 1970 βαρῆσαι
2419 1897 2516 1968 τὴν
2539 1897 2778 1954 διάνοιαν
2809 1899 2988 1970 ὑμῶν,
3015 1900 3178 1971 ἀρκεῖ
3213 1902 3307 1955 καί⁵
3334 1901 3507 1957 ταῦτα
3531 1918 3545 1933 ·
3571 1902 3620 1954 οἱ

2046 1985 2154 2053 γάρ
2196 1983 2274 2053 μὴ
2297 1981 2508 2045 τούτοις
2537 1980 3021 2054 σωφρονιζόμενοι,
3060 1983 3182 2036 οὐδὲ
3212 1987 3326 2048 τοῖς
3357 1985 3618 2038 πλείοσιν.

2049 2063 2146 2118 Ἵν’
2173 2059 2267 2117 οὖν
2296 2063 2372 2134 μὴ
2401 2063 2585 2135 μεῖζον
2624 2065 2755 2134 ὑμῖν
2784 2064 2846 2116 τὸ
2882 2066 3055 2134 κρῖμα
3085 2066 3471 2136 ἐργασώμεθά,
3520 2084 3620 2130 πα-

2053 2145 2374 2218 ρακαλῶμεν
2402 2146 2572 2217 ὑμᾶς,
2602 2147 2702 2216 οὐχ
2731 2145 2820 2200 ἵνα
2843 2144 2917 2217 μὴ
2948 2147 3345 2217 παραγίνησθε,
3384 2147 3503 2201 ἀλλ’
3536 2149 3621 2201 i’va

2049 2230 2142 2283 καὶ
2167 2230 2267 2298 τῆς
2297 2229 2600 2300 παρουσίας
2630 2229 2845 2298 καὶτῆς
2874 2231 3134 2301 προσόδου
3175 2230 3356 2297 ἀξίους
3398 2232 3624 2296 ἑαυτοὺς

2051 2312 2450 2381 καταστήσητε.
2484 2310 2621 2365 Εἰπέ
2647 2327 2760 2382 μοι,
2796 2312 2845 2364 εί
2871 2310 3120 2382 βασιλεύς
3150 2329 3232 2376 τις
3259 2314 3508 2379 ἐπέταξε,
3532 2314 3625 2368 καὶ

2050 2391 2224 2457 εἶπεν,
2271 2394 2339 2447 Εῖ
2381 2411 2464 2459 τις
2492 2394 2608 2448 τόδε
2636 2394 2887 2466 πράττει,
2925 2398 3024 2465 τῆς
3065 2397 3342 2466 τραπέζης
3376 2396 3629 2467 άπεχέτω

2051 2478 2149 2547 τῆς
2178 2476 2336 2546 ἐμῆς,
2363 2472 2473 2546 ἆρα
2508 2476 2650 2547 ὑπὲρ
2679 2475 2870 2530 τούτου
2895 2478 2997 2530 οὐκ
3028 2476 3094 2531 ἂν
3120 2477 3297 2531 πάντα
3320 2479 3625 2550 ἐπράξατες

2053 2558 2147 2622 Εἰς
2170 2560 2296 2622 τοὺς
2322 2559 2584 2631 οὐρανοὺς
2613 2564 2645 2630 ἠ
2656 2560 2764 2629 μᾶς
2786 2559 3072 2626 ¹ἔκάλιισεν,
3117 2562 3197 2624 εἰς
3227 2562 3325 2631 τὴν
3353 2561 3627 2634 τράπεζαν

2051 2646 2147 2699 τοῦ
2182 2645 2444 2716 βασιλέως
2470 2644 2566 2698 τοῦ
2602 2646 2839 2716 μεγάλου
2874 2648 2969 2699 καὶ
3012 2646 3352 2717 θαυμαστοῦ,
3379 2649 3473 2703 καὶ
3497 2650 3626 2701 ava-

2054 2728 2288 2797 δυόμεθα
2307 2728 2402 2781 καὶ
2430 2727 2719 2800 μέλλομεν,
2740 2729 2835 2783 καὶ
2856 2730 2916 2782 ού
2949 2728 3251 2799 σπεύδομεν
3268 2731 3391 2783 οὐδὲ
3412 2727 3630 2800 ἐπιτρέ-

2054 2827 2223 2881 χομεν
2247 2810 2326 2882 τῷ
2351 2810 2666 2882 πράγματι;
2696 2812 2794 2877 καὶ,
2823 2810 2907 2875 τίς
2947 2812 3078 2882 ἡμῖν
3106 2812 3252 2864 ἐστιν
3279 2812 3436 2876 ἐλπὶς
3459 2827 3632 2880 σωτη-

2062 2893 2218 2962 ρίας;
2281 2893 2397 2947 Οὐκ
2444 2893 2591 2947 ἔστιν
2633 2893 2982 2949 αἰτιάσασθαι
3014 2893 3316 2959 ἀσθένειαν,
3357 2896 3458 2949 οὐκ
3489 2893 3633 2946 ἔστιν

2060 2975 2405 3029 αἰτιάσασθαι
2420 2974 2604 3045 φύσιν·
2627 2975 2867 3048 ῥᾳθυμία
2889 2976 3048 3046 μόνον
3069 2975 3314 3041 ἀναξίους
3336 2977 3487 3047 ἡμᾶς
3508 2975 3636 3029 καθ-

2065 3057 2265 3128 ίστησι.
2320 3056 2506 3111 Ταῦτα
2547 3058 2646 3128 μὲν
2681 3060 2811 3127 παρ’
2851 3058 3007 3129 ἡμῶν
3040 3059 3255 3130 εἴρηται
3279 3077 3291 3088 ·
3316 3060 3345 3112 δ
3387 3061 3445 3114 δὲ
3472 3073 3636 3113 κατα-

2063 3139 2273 3193 νύσσων
2302 3139 2552 3208 καρδίας,
2577 3142 2605 3193 δ
2628 3140 2801 3204 διδοὺς
2830 3140 3049 3211 πνεῦμα
3077 3140 3444 3207 κατανύξεως,
3478 3156 3638 3195 καταο

2064 3220 2196 3292 νύξῃ
2218 3221 2318 3283 τὰς
2335 3221 2563 3291 καρδίας
2587 3222 2759 3292 ὑμῶν,
2796 3223 2892 3276 καὶ
2920 3224 3047 3295 ἐνθῇ
3073 3227 3153 3287 εἰς
3178 3225 3342 3295 βάθος
3374 3226 3444 3280 τά
3475 3223 3641 3294 σπέρ-

2071 3319 2235 3374 ματα,
2261 3302 2402 3356 ὥστε
2443 3304 2552 3358 ἀπὸ
2583 3305 2677 3358 τοῦ
2718 3306 2885 3375 φόϐου
2925 3307 3089 3361 αὐτοῦ
3132 3309 3317 3362 λαϐεῖν
3356 3310 3416 3363 ἐν
3447 3307 3643 3378 γαστρὶ

2069 3390 2164 3441 καὶ
2195 3389 2377 3442 τεκεῖν
2410 3386 2629 3456 πνεῦμα
2682 3390 2976 3460 σωτηρίας,
3016 3391 3112 3445 καὶ
3154 3392 3293 3463 μετά
3331 3391 3644 3465 παρῥησίας

2071 3467 2491 3542 παραγενέσθαι.
2525 3472 2588 3523 οι
2617 3471 2736 3524 υίοί
2765 3485 2884 3526 σου
2909 3472 3036 3542 γὰρ.
3065 3474 3251 3544 φησὶν,
3276 3476 3359 3542 ὠς
3384 3475 3646 3543 νεόφυτα

2071 3553 2289 3611 ἐλαιῶν
2302 3554 2507 3621 κύκλῳ
2523 3552 2631 3623 τῆς
2644 3554 2932 3624 τραπέζης
2948 3572 3087 3611 σου.
3111 3559 3294 3628 Μηδὲν
3310 3560 3491 3614 τοίνυν
3510 3558 3648 3611 ἔστω

2075 3637 2321 3702 παλαιὸν,
2355 3637 2518 3708 μηδὲν
2541 3636 2753 3708 ἄγριον,
2778 3639 2945 3710 μηδὲν
2966 3640 3258 3713 ἀνήμερον,
3286 3642 3454 3713 μηδὲν
3478 3638 3649 3711 ὠμόν.

2077 3720 2314 3776 Τοιαῦτα
2349 3721 2458 3792 γάρ
2482 3722 2550 3775 τά
2590 3721 2825 3790 νεόφυτα
2863 3722 2999 3797 πρὸς
3030 3726 3243 3797 καρπόν
3273 3727 3424 3780 ἐστιν
3467 3720 3652 3793 ἐπιτή-

2076 3805 2215 3868 δεια,
2242 3804 2454 3874 καρπὸν
2474 3804 2530 3857 δὲ
2560 3805 2651 3858 τὸν
2672 3804 3004 3875 θαυμαστὸν,
3032 3808 3122 3861 τὸν
3144 3810 3243 3878 τῆς
3271 3808 3460 3872 ἐλαίας
3491 3805 3652 3874 λέγω,

2080 3889 2174 3942 καὶ
2213 3888 2408 3959 ἰσχυρά
2437 3886 2579 3940 ὥστε
2604 3887 2809 3952 πάντας
2833 3888 3085 3957 γενέσθαι
3112 3889 3296 3959 κύκλῳ
3324 3889 3428 3956 τῆς
3451 3885 3656 3961 τραπέ-

2081 3968 2201 4039 ζης,
2238 3970 2332 4024 καὶ
2365 3968 2441 4041 μὴ
2468 3969 2591 4041 εἰκῆ
2626 3969 2760 4040 μηδὲ
2788 3969 2865 4033 ὡς
2902 3969 3090 4040 ἔτυχεν
3130 3969 3369 4025 ἐνταῦθα
3403 3970 3657 4041 συνέρχε-

2084 4053 2229 4111 σθαι,
2250 4050 2388 4105 ἀλλὰ
2409 4051 2549 4123 μετά
2568 4051 2734 4121 φόϐου
2754 4050 2851 4105 καὶ
2869 4050 3042 4114 δέους.
3067 4051 3223 4107 Οὕτω
3244 4052 3355 4121 γάρ
3378 4052 3477 4107 καὶ
3501 4050 3660 4105 αὐτὸν

2082 4134 2276 4204 ὄψεσθε
2312 4136 2429 4188 ἐκεῖ
2456 4134 2547 4189 τδν
2588 4134 2823 4204 Χριστὸν
2859 4135 2996 4206 μετά
3044 4135 3380 4208 παρῥησίας,
3430 4137 3528 4189 καὶ
3562 4134 3660 4204 τῆς

2080 4217 2328 4288 οὐρανίου
2354 4217 2719 4289 ἀξιωθήσεσθε
2752 4217 3028 4289 βασιλείας
3050 4234 3064 4248 θ
3100 4214 3168 4290 ἧς
3207 4217 3422 4287 γένοιτο
3454 4218 3661 4279 πάντας

2082 4304 2228 4372 ἡμᾶς
2260 4303 2555 4372 ἐπιτυχεῖν,
2578 4303 2762 4373 χάριτι
2788 4302 2883 4355 καὶ
2913 4300 3293 4372 φιλανθρωπία
3326 4301 3426 4354 τοῦ
3454 4301 3660 4369 Κυρίου

2084 4385 2241 4455 ἡμῶν
2267 4385 2442 4457 Ἰησοῦ
2498 4385 2757 4456 Χριστοῦ,
2804 4383 2923 4456 μεθ’
2966 4377 3027 4438 οῦ
3087 4384 3167 4455 τῷ
3221 4385 3397 4456 Harp!
3435 4386 3553 4455 ἅμα
3587 4380 3665 4452 τῷ

2084 4466 2224 4537 ἁγίῳ
2249 4465 2528 4535 Πνεύματι
2558 4466 2709 4533 δόξα,
2743 4467 2966 4539 κράτος,
2988 4471 3146 4537 τιμὴ,
3174 4466 3270 4522 νῦν
3299 4467 3397 4521 καὶ
3431 4466 3541 4533 ἀεὶ,
3574 4462 3666 4520 καὶ

2085 4550 2165 4614 εἰς
2185 4550 2311 4615 τοὺς
2334 4550 2536 4615 αἰῶνας
2562 4549 2671 4605 τῶν
2693 4550 2922 4606 αἰώνων.
2967 4550 3162 4624 Ἀμήν.
