3932 6220
338 404 412 460 29

342 518 485 571 male
509 517 685 572 olente
715 514 1016 569 deosculari
1045 513 1317 580 nolueris;
1358 514 1475 569 caeli
1507 524 1687 569 autem
1719 514 1921 583 Regem

342 610 550 665 fmtenti
577 619 629 663 et
655 609 791 663 male
815 608 980 662 olenti
1012 608 1190 662 anima
1220 608 1514 662 oscularis?
1562 606 1615 661 Id
1657 607 1813 676 plane
1843 615 1925 659 est

342 702 681 757 ιιιιιιιιιιιιθΙίει.
715 701 809 755 Dic
838 699 990 765 mihi,
1020 700 1260 754 vellesne
1294 698 1361 753 ad
1390 699 1713 753 sacriﬁcium
1747 696 1921 750 mani-

346 797 446 847 lius
472 794 631 848 illntis
659 792 953 849 accedere?
981 792 1097 847 Non
1125 792 1350 863 opinor;
1395 791 1488 845 sed
1528 790 1717 845 malles
1748 790 1927 859 potius

346 899 560 954 prorsus
592 899 697 939 non
727 884 1007 948 accedere,
1036 898 1195 954 quam
1223 882 1454 938 sordidis
1478 882 1741 936 manibus.
1779 882 1924 935 Itane

341 989 461 1027 cum
489 974 537 1027 in
560 988 619 1029 re
642 989 805 1044 parva
832 975 907 1030 sis
941 973 1077 1030 adeo
1103 989 1356 1030 reverens
1386 982 1439 1029 et
1470 973 1773 1044 religiosus,
1804 988 1923 1028 sor-

341 1064 519 1120 didam
546 1074 600 1121 et
625 1065 957 1121 immundam
987 1065 1192 1120 habens
1215 1066 1473 1132 animam,
1501 1063 1714 1120 accedis
1742 1072 1796 1117 et
1817 1078 1917 1116 au-

340 1156 439 1211 des
469 1157 732 1225 tangere?
755 1156 914 1228 Atqui
942 1157 1007 1212 ad
1036 1166 1243 1227 tempus
1263 1158 1479 1227 quidem
1512 1164 1720 1211 tenetur
1747 1155 1918 1209 mani-

341 1248 469 1310 bus;
502 1247 552 1301 in
586 1247 731 1302 illam
767 1258 948 1304 autem
980 1258 1119 1302 totus
1139 1258 1191 1303 et
1220 1248 1427 1315 integer
1451 1248 1754 1302 resolvitur.
1780 1245 1916 1315 Quid

341 1337 504 1391 vero?
544 1352 723 1391 annon
768 1337 918 1393 vides
972 1353 1096 1392 vasa
1136 1339 1215 1392 sic
1235 1337 1458 1393 abluta?
1486 1338 1623 1392 adeo
1651 1337 1813 1391 nitida
1857 1345 1914 1390 et

338 1427 655 1497 splendida?
702 1428 794 1483 llis
833 1428 989 1499 longe
1021 1428 1329 1484 tumidiores
1355 1428 1512 1483 nobis
1534 1438 1750 1499 oportet
1793 1442 1917 1481 esse

332 1521 565 1585 minias,
600 1521 681 1576 his
708 1522 999 1577 sanctiores
1025 1531 1077 1577 et
1105 1522 1515 1592 Splendidiorcs.
1537 1523 1714 1587 Quare
1735 1521 1915 1590 ἰριιο-

337 1613 479 1665 niam
516 1612 602 1665 illa
638 1621 854 1682 propter
883 1627 981 1668 nos
1014 1612 1147 1667 fiunt
1178 1614 1327 1668 talia.
1378 1612 1466 1667 Illa
1495 1628 1617 1668 eum
1645 1613 1733 1682 qui
1772 1613 1915 1667 inest

336 1717 440 1755 non
471 1702 805 1772 participant,
836 1718 943 1758 non
976 1705 1251 1767 sentiunt;
1283 1718 1383 1759 nos
1419 1715 1597 1759 autem
1622 1704 1912 1775 participa-

332 1810 451 1848 tnns
474 1803 526 1848 ct
554 1796 840 1851 sentimus.
881 1796 1034 1852 Nunc
1070 1806 1247 1851 autem
1277 1811 1405 1852 vase
1430 1796 1644 1867 quidem
1690 1796 1912 1853 sordido

330 1894 386 1939 et
408 1886 681 1941 inmnnnlo
716 1888 791 1942 uti
824 1888 1084 1953 nolueris,
1114 1888 1327 1942 sordida
1347 1900 1525 1944 autem
1548 1888 1759 1943 accedis
1789 1888 1909 1941 ani-

328 1990 413 2027 ma
435 1976 461 2029 ?
480 1976 697 2032 Multam
730 1978 887 2034 video
914 1980 990 2034 rei
1020 1980 1450 2048 inmqualitatem.
1474 1979 1531 2034 In
1555 1980 1674 2033 aliis
1694 1979 1905 2049 quidem

328 2067 682 2134 temporibus,
721 2082 844 2122 cum
885 2083 951 2123 ne
978 2068 1157 2123 nnmdi
1177 2068 1395 2138 quidem
1417 2082 1560 2138 sa'pe
1584 2068 1723 2135 sitis,
1750 2084 1904 2124 acce-

323 2156 489 2219 ditis;
535 2157 590 2210 in
640 2157 897 2213 l‘aschate
936 2169 1114 2213 autem
1159 2160 1368 2213 etiamsi
1418 2159 1634 2229 aliquod
1675 2160 1905 2218 seclusa

324 2246 484 2298 vobis
509 2246 577 2300 sit
606 2246 897 2302 admissum
920 2290 934 2307 .
962 2249 1235 2305 acceditis.
1288 2250 1333 2303 υ
1379 2250 1841 2315 consuetmlinem,
1873 2268 1908 2305 o

324 2342 838 2409 pra-sutnptionetn!
911 2342 1123 2395 Frustra
1170 2352 1252 2397 est
1295 2343 1663 2412 quotidianum
1701 2344 1901 2398 Sacriﬁ-

320 2432 464 2486 cium
491 2472 507 2496 ,
557 2435 751 2486 lrustra
792 2433 1064 2487 adstamns
1089 2432 1241 2487 altari
1271 2452 1285 2487 :
1314 2450 1473 2488 uenio
1497 2444 1579 2489 est
1618 2435 1705 2502 qui
1735 2435 1901 2503 parti-

319 2526 482 2592 cipet.
516 2523 640 2578 llme
672 2524 815 2589 dico,
847 2541 951 2578 non
980 2536 1035 2579 ut
1062 2536 1264 2580 temere
1296 2526 1658 2596 participetis,
1708 2527 1803 2582 sed
1844 2536 1903 2583 ut

321 2629 417 2667 vos
441 2614 630 2684 dignos
661 2614 916 2670 rcddatis.
960 2615 1075 2670 Non
1102 2632 1163 2671 es
1183 2617 1375 2687 dignus
1416 2618 1698 2683 sacriﬁcio,
1729 2634 1901 2690 neque

320 2706 762 2775 participatione?
812 2707 953 2777 Ergo
1002 2722 1101 2762 nec
1157 2724 1335 2778 prece.
1386 2709 1554 2763 Audis
1598 2724 1897 2778 prteconcm

318 2808 548 2852 stantem
575 2808 626 2852 ct
651 2798 917 2854 dicentem
950 2816 962 2852 :
998 2799 1315 2869 Quicumque
1340 2801 1457 2856 estis
1484 2801 1535 2855 in
1567 2803 1860 2870 menitcntia
1878 2842 1895 2867 ,

315 2888 469 2942 abite.
517 2890 713 2945 Oumes
751 2891 842 2960 qui
885 2907 989 2945 non
1021 2892 1359 2961 participant,
1398 2903 1519 2947 sunt
1548 2892 1599 2946 in
1625 2895 1895 2964 pumilea-

318 2980 411 3033 tia.
464 2979 522 3035 Si
552 2995 620 3035 es
662 2996 726 3035 es
770 2982 835 3035 iis
857 2983 947 3051 qui
976 2992 1098 3038 sunt
1128 2982 1180 3035 in
1210 2983 1541 3052 petiiteiitia,
1590 3000 1696 3039 ιιυιι
1727 2984 1896 3040 debes

317 3072 635 3141 participare
671 3089 685 3124 :
720 3087 840 3126 nam
867 3073 956 3142 qui
989 3089 1093 3127 non
1124 3073 1423 3143 participat,
1443 3084 1522 3129 est
1556 3075 1607 3130 in
1634 3077 1896 3145 pmniten-

316 3164 411 3215 tia.
441 3162 550 3214 Cur
571 3176 698 3231 ergo
725 3162 875 3229 dicit,
910 3163 1073 3227 .tbitc,
1098 3165 1184 3230 qui
1209 3180 1309 3217 non
1341 3166 1544 3233 potestis
1574 3170 1773 3234 precari
1789 3185 1807 3233 ;
1837 3178 1895 3223 tu

310 3264 492 3305 autent
537 3263 649 3307 Stas
696 3252 1072 3323 impudenter?
1138 3258 1205 3308 At
1254 3271 1359 3309 non
1407 3271 1464 3309 es
1514 3272 1579 3311 es
1622 3257 1739 3321 his,
1794 3258 1893 3312 sed

310 3359 373 3398 es
428 3344 491 3398 iis
538 3344 625 3414 qni
672 3354 894 3413 possunt
924 3344 1265 3414 participare,
1299 3356 1353 3401 et
1377 3346 1504 3400 nihil
1547 3348 1746 3402 curas?
1775 3364 1888 3403 rem

311 3436 444 3489 nihil
472 3450 593 3489 esse
615 3436 813 3504 putas?

380 3527 437 3578 5.
478 3524 790 3589 Considera,
817 3540 1034 3597 quarso.
1086 3527 1251 3585 Adest
1278 3543 1458 3585 mensa
1487 3531 1629 3601 regia
1651 3572 1668 3597 ,
1696 3532 1892 3587 adsunt

306 3618 483 3683 angeli
512 3617 896 3684 ministrantes,
925 3620 1077 3674 adest
1108 3620 1216 3676 lle:
1251 3622 1383 3692 ipse,
1428 3632 1482 3677 et
1505 3633 1559 3677 tu
1598 3633 1710 3678 stas
1751 3627 1889 3679 osci-

308 3710 475 3762 tans?
520 3719 694 3764 vestes
736 3710 832 3765 tibi
871 3722 997 3766 sunt
1025 3713 1287 3779 sordidae,
1316 3723 1371 3769 et
1411 3715 1554 3769 nulla
1581 3731 1610 3769 a
1640 3726 1692 3772 te
1735 3718 1891 3787 hujus

309 3799 550 3852 habetur
578 3801 711 3852 ratio
732 3800 757 3852 3
800 3802 868 3853 At
895 3812 1018 3856 sunt
1046 3804 1297 3858 ιιιιιιιιιιυῖ
1320 3806 1590 3862 Accumbc
1618 3822 1749 3878 ergo
1768 3849 1785 3873 ,
1836 3820 1892 3865 et

305 3888 593 3958 'uirticipa.
624 3887 774 3943 Venit
799 3891 1031 3961 quotidie
1058 3904 1113 3947 ut
1142 3895 1317 3950 videat
1344 3898 1742 3962 accumbentes,
1767 3914 1884 3953 om-

306 3993 407 4032 nes
438 3978 728 4049 alloquitur
757 3997 773 4037 :
803 3992 857 4036 et
888 3998 1026 4038 nunc
1055 3984 1106 4038 in
1139 3996 1314 4039 vestra
1356 3986 1486 4042 dicit
1525 3990 1886 4058 conscientia,

304 4069 505 4135 Amici,
535 4073 804 4142 quomodo
832 4073 918 4130 hic
947 4077 1100 4131 statis
1128 4093 1232 4132 non
1270 4078 1526 4136 habentes
1561 4091 1761 4137 vestem
1790 4101 1889 4137 nu-

308 4163 525 4232 ptialem
556 4163 771 4233 (.llutth.
802 4166 894 4220 9.9..
930 4166 1062 4236 12)?
1089 4167 1205 4223 Non
1233 4170 1371 4225 dixit
1389 4211 1405 4236 ,
1426 4172 1533 4227 Cur
1555 4175 1889 4231 aceubuisti?

305 4254 404 4309 sed
447 4266 573 4312 ante
607 4258 909 4313 accubitum
936 4268 991 4315 et
1021 4262 1316 4331 ingressum
1347 4278 1469 4319 eum
1499 4265 1627 4320 dicit
1664 4280 1783 4321 esse
1810 4266 1890 4322 in-

303 4344 523 4412 dignum
552 4361 566 4398 :
596 4361 701 4401 non
731 4348 865 4404 dixit
903 4350 1046 4406 enim
1072 4392 1087 4415 ,
1132 4353 1243 4408 Cur
1267 4355 1599 4411 accubuisti?
1623 4357 1717 4412 sed
1738 4401 1753 4425 ,
1780 4359 1890 4414 Cur

306 4436 557 4492 intrasti?
583 4437 709 4494 llzcc
735 4456 864 4511 ergo
894 4457 1036 4498 nunc
1060 4458 1275 4515 quoque
1299 4447 1427 4502 dicit
1443 4448 1595 4503 nobis
1615 4452 1885 4519 onmihns,

304 4525 397 4595 qui
441 4528 782 4598 impudenter
803 4539 859 4586 et
895 4531 1253 4589 inverecunde
1295 4546 1517 4592 stamus.
1559 4539 1890 4612 Quicumque

306 4617 451 4671 enim
473 4621 852 4690 mysteriorum
876 4634 1080 4679 nonest
1102 4627 1385 4696 particeps,
1412 4628 1458 4682 is
1480 4630 1760 4699 impudens
1784 4642 1891 4687 stat

305 4717 358 4761 et
387 4708 547 4763 nimis
593 4710 866 4767 audacter.
914 4713 1015 4780 Qui
1061 4725 1187 4769 sunt
1234 4716 1285 4770 in
1314 4721 1578 4786 peccatis,
1607 4731 1888 4791 propterea

307 4801 517 4871 priores
546 4802 853 4873 ejiciuntur.
878 4806 1027 4863 Sicut
1056 4809 1200 4862 enim
1230 4824 1354 4864 cum
1386 4810 1634 4867 dominus
1660 4815 1808 4869 adest
1837 4816 1889 4869 in

307 4908 517 4958 mensa,
548 4911 656 4951 non
680 4908 893 4966 oportet
913 4899 1105 4955 adesse
1132 4900 1358 4958 famulos
1392 4905 1481 4974 qui
1512 4906 1851 4961 offenderunt
1870 4947 1886 4973 ,

308 4984 400 5038 sed
446 4985 636 5055 procul
680 4989 1036 5045 amandantur
1060 5010 1073 5046 :
1098 4992 1166 5047 ita
1202 4992 1287 5048 hic
1326 5009 1536 5064 quoque
1577 5012 1699 5050 cum
1737 4997 1893 5052 ell‘er-

310 5084 395 5130 tur
438 5078 789 5145 sacriﬁcium,
818 5091 872 5136 et
899 5083 1146 5139 Christus
1182 5086 1534 5151 sacriﬁcatur,
1559 5098 1611 5143 et
1639 5091 1754 5142 ovis
1784 5090 1891 5142 llo-

312 5168 534 5226 minica:
564 5172 782 5239 quando
807 5173 1061 5242 audieris,
1098 5176 1311 5232 Oremus
1338 5195 1510 5233 omnes
1537 5184 1889 5247 communiter,

314 5261 524 5327 quando
549 5261 753 5316 videris
780 5261 916 5316 trahi
942 5279 1034 5319 eas
1057 5282 1176 5335 qua:
1216 5268 1267 5322 in
1297 5270 1452 5323 ostiis
1478 5280 1601 5323 sunt
1620 5272 1852 5324 cortinas
1875 5314 1889 5337 ,

317 5358 437 5403 tunc
462 5352 711 5407 existima
739 5354 928 5407 celum
958 5369 1187 5425 superne
1221 5358 1437 5424 diduci,
1482 5370 1536 5415 et
1564 5361 1890 5417 descendere

318 5442 549 5510 angelos.
580 5442 1044 5508 Quemadmodum
1071 5464 1197 5516 ergo
1238 5451 1437 5504 nullum
1467 5460 1678 5520 opu-tet
1699 5452 1889 5507 adesse

320 5546 379 5583 ex
409 5533 473 5585 iis
501 5535 591 5603 qui
634 5536 907 5605 mysteriis
949 5554 1053 5591 non
1088 5539 1530 5611 suutinitiati,ita
1582 5558 1681 5597 nec
1723 5560 1785 5597 ex
1827 5546 1888 5597 iis

329 5623 413 5692 qui
447 5633 572 5679 sunt
606 5626 803 5680 initiati
830 5639 881 5683 ct
910 5628 1130 5684 sordidi.
1164 5631 1250 5686 Dic
1282 5634 1482 5694 mihi,si
1519 5636 1636 5705 quis
1665 5635 1729 5690 ad
1757 5653 1862 5690 con
1882 5666 1893 5676 α

1272 400 1339 458 IN
1377 401 1593 459 EPlST.
1634 400 1726 456 AD
1766 399 1897 456 Flll

2007 442 2009 453 ι
2052 403 2205 459 ΕΜ).
2249 404 2289 461 1.
2339 406 2568 464 1103111..
2610 406 2699 464 111.
3543 417 3615 472 30

2034 516 2230 572 vivinm
2277 519 2530 575 invitatus
2566 538 2753 578 manus
2797 522 2985 579 laverit
3024 534 3076 584 et
3115 527 3423 583 aconbuerit
3462 540 3512 584 et
3544 532 3610 585 ad

2035 622 2274 663 mensam
2322 623 2538 679 paratus
2592 611 2794 678 fuerit,
2844 627 2899 671 et
2944 617 3138 674 deinde
3173 635 3277 672 non
3308 619 3466 674 fuerit
3493 621 3610 689 ejus

2032 699 2320 768 particeps,
2350 715 2529 756 annon
2548 706 2870 759 contumelia
2900 707 3062 762 afﬁcit
3084 723 3205 763 eum
3230 709 3318 778 qui
3348 710 3609 764 invitavit?

2029 802 2209 841 annon
2240 800 2384 846 esset
2413 791 2603 846 melius
2631 811 2753 849 cum
2783 813 2850 854 ne
2888 799 3120 855 adfuisse
3145 801 3401 871 quidem?
3449 804 3520 857 Ita
3553 812 3609 856 tu

2029 890 2241 947 Quoque
2268 879 2483 935 adfuisti
2515 900 2529 935 :
2556 883 2811 955 hymnum
2842 891 3068 944 eantasti
3088 932 3104 949 .
3145 906 3265 946 cum
3288 892 3462 963 dignis
3490 909 3608 946 om-

2029 967 2183 1021 nibus
2230 976 2282 1023 te
2321 982 2381 1025 es
2430 972 2701 1041 professus
2726 1016 2741 1041 ,
2780 991 2846 1031 eo
2888 978 3029 1047 quod
3070 994 3193 1034 cum
3226 981 3455 1051 indignis
3499 998 3605 1035 non

2027 1058 2317 1113 recesseris
2341 1077 2354 1113 :
2378 1064 2649 1131 quomodo
2682 1068 2920 1122 mansisti
2948 1078 3003 1122 et
3040 1084 3241 1125 mensae
3270 1086 3374 1125 non
3400 1087 3458 1127 es
3484 1087 3605 1141 par-

2026 1148 2233 1219 ticcps?
2277 1150 2445 1218 Sum,
2489 1153 2696 1224 inquit,
2747 1157 3015 1228 indignus.
3077 1160 3219 1232 Ergo
3262 1164 3347 1216 illa
3392 1177 3605 1231 quoque

2023 1240 2400 1297 communione
2428 1251 2481 1297 et
2507 1246 2763 1301 societate
2804 1263 2923 1319 qua:
2961 1260 3045 1304 est
3076 1249 3127 1304 in
3160 1253 3410 1321 precibus
3430 1269 3493 1309 es
3518 1254 3600 1308 in-

2022 1328 2234 1399 dignus.
2285 1332 2402 1387 Non
2443 1336 2587 1389 enim
2637 1338 2808 1392 solum
2850 1355 2945 1409 per
2980 1343 3282 1411 proposita,
3312 1344 3405 1397 sed
3436 1346 3598 1398 etiam

2023 1435 2117 1489 per
2156 1423 2364 1478 cantica
2410 1426 2643 1496 undique
2684 1428 2962 1484 descendit
3002 1431 3250 1501 Spiritus.
3292 1433 3408 1489 Non
3451 1434 3600 1488 vides

2021 1510 2250 1565 famulos
2276 1524 2487 1569 nostros
2516 1531 2753 1572 mensam
2778 1520 2995 1590 spongia
3021 1522 3276 1587 lavantes,
3298 1534 3353 1578 et
3377 1523 3595 1579 domum

2018 1602 2356 1671 mumlantes,
2384 1615 2434 1661 et
2457 1606 2636 1663 discos
2663 1624 2859 1664 mensa:
2889 1611 3257 1681 imponentes?
3286 1613 3396 1668 lloc
3419 1615 3475 1667 fit
3504 1630 3597 1684 per

2021 1707 2208 1761 preces
2229 1734 2244 1758 ,
2277 1709 2373 1765 per
2400 1696 2689 1753 clamorem
2722 1701 2983 1770 prmconis
3015 1720 3029 1757 :
3060 1712 3327 1772 tamquam
3367 1706 3593 1774 spongia

2018 1781 2256 1839 lavamus
2276 1786 2580 1853 ecclesiam,
2606 1799 2663 1844 ut
2695 1790 2749 1845 in
2796 1792 2991 1847 numda
3024 1794 3249 1849 ecclesia
3280 1796 3387 1849 sint
3414 1797 3592 1853 omnia

2016 1878 2310 1946 proposita,
2357 1886 2416 1933 ut
2460 1880 2605 1934 nulla
2640 1882 2711 1937 sit
2753 1885 2957 1937 macula
2978 1925 2993 1947 ,
3026 1886 3168 1939 nulla
3200 1901 3348 1956 ruga.
3380 1886 3515 1942 Sunt
3537 1896 3594 1943 et

2012 1966 2152 2020 oculi
2180 1982 2365 2023 eorum
2395 1970 2593 2041 indigni
2620 1972 2704 2028 his
2727 1977 3071 2043 spectaculis,
3094 1987 3322 2033 etaurcs
3339 1980 3590 2049 indigine.

2016 2053 2080 2108 Et
2105 2059 2150 2110 si
2172 2060 2349 2124 bestia,
2382 2062 2572 2133 inquit,
2599 2076 2817 2119 montem
2846 2078 3042 2138 tangat,
3070 2070 3309 2123 obruetur
3335 2072 3591 2139 lapidibus

2011 2146 2207 2212 (Exod.
2239 2149 2327 2205 19.
2364 2151 2476 2219 15).
2510 2153 2661 2208 Adeo
2708 2170 2809 2210 nec
2852 2156 2999 2227 digni
3044 2160 3262 2229 quidem
3305 2170 3459 2217 erant
3498 2164 3591 2233 qui

2008 2239 2363 2297 ascenderem
2398 2260 2410 2297 :
2443 2246 2588 2314 atqui
2644 2256 2829 2316 postea
2884 2250 3045 2303 etiam
3101 2260 3480 2319 accesserunt,
3533 2263 3590 2309 et

2010 2332 2257 2387 viderunt
2309 2333 2395 2388 ubi
2444 2344 2667 2391 steterat
2697 2338 2855 2394 Deus.
2890 2337 3037 2394 Licet
3076 2350 3258 2409 postea
3307 2342 3585 2410 accedere,

2006 2434 2060 2477 ct
2090 2423 2272 2479 videre
2304 2441 2319 2479 :
2351 2424 2447 2480 sed
2477 2427 2692 2496 quando
2720 2428 2974 2495 adfuerit,
3005 2431 3090 2486 abi
3118 2449 3131 2485 :
3180 2446 3286 2487 non
3317 2435 3459 2488 enim
3489 2435 3585 2490 tibi

2008 2516 2175 2584 magis
2202 2515 2348 2581 licet,
2380 2531 2539 2587 quam
2567 2519 2977 2576 catechumeno.
3030 2521 3145 2577 Non
3174 2534 3299 2578 sunt
3322 2527 3465 2580 enim
3493 2541 3588 2596 pa-

2007 2606 2109 2666 ria,
2141 2617 2474 2663 sacramenta
2498 2609 2735 2665 nondum
2783 2627 2903 2668 esse
2953 2624 3321 2685 assequutum,
3357 2625 3411 2671 et
3440 2628 3586 2685 post-

2004 2709 2163 2762 quam
2192 2694 2354 2750 fucris
2381 2710 2719 2769 assequutus,
2762 2710 2817 2755 et
2853 2702 3173 2771 oﬁ‘enderis,
3218 2705 3497 2776 despicere
3530 2718 3586 2765 et

2003 2800 2064 2840 ea
2099 2802 2157 2842 re
2188 2796 2238 2844 te
2265 2788 2539 2861 indignum
2569 2792 2815 2850 reddere.
2840 2795 3056 2852 Licebat
3084 2799 3233 2868 plura
3262 2802 3582 2857 terribiliora

2002 2879 2202 2945 dicere,
2230 2882 2325 2937 sed
2352 2899 2421 2939 ne
2449 2895 2682 2942 mentem
2712 2899 2951 2943 vestram
2978 2907 3216 2960 gravem,
3260 2894 3379 2948 hac
3424 2896 3580 2949 sufﬁ-

2001 2968 2147 3027 ciunt
2181 2992 2194 3028 :
2225 2990 2347 3029 nam
2382 2977 2473 3046 qui
2501 2977 2581 3033 his
2608 2993 2714 3034 non
2738 2983 3088 3051 castigantur,
3121 2985 3153 3038 ii
3188 3001 3283 3040 nec
3315 2987 3578 3055 pluribus.

2000 3063 2080 3119 Ne
2108 3080 2237 3135 ergo
2258 3067 2410 3122 vobis
2440 3069 2612 3138 majus
2632 3069 2892 3127 faciamus
2913 3073 3191 3141 judicium,
3216 3092 3255 3129 rc
3277 3092 3346 3146 go
3366 3077 3579 3146 quidem

1998 3169 2117 3217 vos.
2147 3167 2331 3212 nonut
2356 3175 2461 3214 non
2486 3161 2698 3227 adsitis,
2718 3164 2811 3217 sed
2841 3173 2898 3218 ut
2926 3168 3206 3233 praesentia
3229 3177 3283 3220 et
3309 3169 3453 3222 aditu
3485 3186 3581 3225 vos

2000 3246 2234 3302 reddatis
2262 3249 2474 3320 dignos.
2510 3251 2604 3306 Dic
2632 3252 2799 3319 mihi,
2829 3254 2873 3307 si
2905 3270 2995 3309 rex
3025 3256 3246 3324 jusserit
3272 3268 3325 3312 et
3350 3258 3576 3326 dixerit,

1997 3337 2052 3393 Si
2077 3340 2195 3408 quis
2224 3339 2324 3395 hoc
2353 3342 2479 3411 agit,
2511 3358 2541 3397 a
2574 3360 2689 3399 mea
2720 3361 2901 3400 mensa
2939 3348 3239 3413 abstineat,
3271 3368 3448 3405 annon
3480 3368 3575 3420 pro

1998 3428 2099 3483 hoc
2127 3431 2303 3483 omnia
2335 3430 2615 3489 feceritis?
2656 3435 2715 3488 In
2758 3436 2921 3489 ca-los
2963 3452 3061 3491 nos
3101 3440 3308 3493 vocavit
3333 3442 3399 3494 ad
3422 3458 3574 3497 men-

1995 3532 2110 3571 sam
2151 3518 2311 3588 ltegis
2352 3521 2529 3590 magni
2573 3532 2629 3577 et
2670 3522 3021 3590 admirabilis,
3077 3535 3132 3581 et
3177 3543 3485 3586 recusamus
3523 3544 3578 3587 et

1994 3620 2327 3676 cuncL'unur,
2361 3622 2416 3667 et
2441 3612 2507 3667 ad
2529 3629 2647 3671 eam
2677 3631 2790 3669 rem
2823 3632 2927 3671 non
2956 3620 3329 3676 accurrimns?
3351 3632 3403 3677 et
3431 3639 3576 3693 quas-

1995 3716 2118 3754 nam
2145 3710 2229 3757 est
2252 3701 2407 3756 nobis
2432 3718 2557 3771 spes
2586 3704 2809 3759 salutis?
2847 3705 2961 3761 Non
3003 3708 3126 3764 licet
3165 3713 3374 3767 causari
3407 3713 3575 3769 imbe-

1993 3791 2289 3859 cillitatem,
2324 3809 2420 3848 nec
2449 3796 2659 3864 culpam
2695 3798 2943 3853 conferre
2984 3801 3034 3853 in
3070 3810 3313 3857 naturam
3345 3822 3357 3857 :
3389 3819 3574 3860 socor-

1992 3883 2078 3937 dia
2121 3884 2294 3939 solum
2322 3896 2377 3940 et
2405 3886 2611 3956 ignavia
2641 3904 2743 3944 nos
2770 3890 2945 3945 reddit
2973 3892 3241 3961 indignos.
3285 3895 3409 3950 Ilrec
3448 3898 3572 3966 qui-

1992 3973 2113 4027 dem
2139 3974 2280 4029 dicta
2308 3985 2435 4029 sunt
2462 3992 2491 4028 a
2514 3978 2668 4032 nobis
2696 3995 2710 4032 :
2738 3980 2825 4047 qui
2847 3991 3024 4035 autem
3053 3985 3361 4054 compungit
3384 3988 3572 4053 corda,

1993 4065 2081 4132 qui
2125 4064 2217 4120 dat
2258 4067 2502 4137 spiritum
2542 4073 2991 4137 compunctionis,
3036 4084 3357 4146 compungat
3406 4078 3570 4131 corda

1994 4169 2188 4224 vestra,
2230 4169 2286 4213 et
2328 4160 2379 4213 in
2426 4159 2742 4229 profundum
2772 4162 3022 4214 immittat
3047 4167 3276 4229 semina,
3310 4174 3367 4219 ut
3406 4182 3470 4220 ex
3503 4170 3572 4220 ti-

1994 4268 2143 4308 more
2170 4253 2285 4323 ejus
2305 4254 2618 4323 concipiatis
2643 4264 2695 4307 et
2725 4255 2943 4323 pariatis
2981 4257 3226 4325 spirituum
3266 4259 3475 4325 salutis,
3516 4274 3571 4317 et

1993 4358 2114 4398 cmn
2145 4343 2335 4399 fiducia
2376 4345 2665 4400 aceedatis.
2712 4344 2834 4399 Filii
2887 4347 3055 4413 enim,
3089 4348 3278 4419 inquit,
3330 4353 3404 4405 tui
3441 4362 3572 4407 tani-

1993 4451 2141 4501 quam
2191 4436 2399 4488 aorclla:
2427 4437 2672 4488 olivarum
2712 4437 2765 4489 in
2803 4437 3019 4490 circuitu
3049 4456 3233 4495 meusa’
3256 4452 3354 4496 tua:
3394 4444 3569 4511 (Prol.

1998 4528 2118 4581 1‘27.
2151 4527 2228 4595 5).
2261 4526 2402 4579 Nihil
2442 4527 2510 4579 sit
2538 4536 2711 4592 vetus,
2744 4527 2876 4579 nihil
2910 4528 3133 4593 immite,
3167 4531 3295 4584 nihil
3322 4534 3571 4589 crudum.

1996 4615 2310 4684 llnjnsmodi
2341 4616 2482 4669 enim
2516 4617 2736 4670 novelhe
2779 4618 3132 4686 plantationes
3162 4632 3300 4690 apta:
3346 4632 3471 4677 sunt
3504 4626 3572 4681 ad

1997 4709 2249 4769 fructum,
2288 4707 2513 4762 fructum
2554 4708 2944 4771 admiramlum,
2976 4712 3131 4775 oleze,
3179 4713 3424 4784 inquam,
3458 4715 3571 4770 fru-

1994 4813 2140 4858 ctum
2173 4813 2261 4858 :ct
2284 4803 2447 4857 fortes
2474 4811 2597 4857 sunt
2625 4812 2677 4858 et
2706 4804 2915 4867 validm,
2962 4815 3021 4859 ut
3044 4807 3150 4860 sint
3170 4823 3354 4863 omnes
3388 4807 3439 4861 in
3468 4810 3571 4863 cir-

1995 4896 2139 4950 cuitu
2164 4910 2384 4962 mensze,
2412 4911 2585 4967 neque
2616 4905 2820 4951 temere
2863 4907 2917 4951 et
2953 4897 3089 4952 forte
3132 4898 3347 4953 fortuna
3378 4916 3575 4954 conve-

1998 4987 2166 5049 niant,
2214 4986 2307 5041 sed
2342 5002 2463 5040 cum
2502 4996 2649 5040 metu
2690 4997 2744 5041 et
2783 4989 2997 5043 timore.
3036 4988 3126 5042 Sic
3154 4991 3374 5044 enimet
3398 4991 3571 5058 ipsum

1995 5078 2264 5133 Christum
2297 5079 2407 5133 illic
2450 5079 2698 5135 videbitis
2743 5096 2865 5134 cum
2908 5080 3131 5145 ﬁducia,
3161 5089 3215 5135 et
3253 5080 3450 5134 Caelesti
3484 5097 3572 5134 re-

1998 5186 2102 5241 gno
2143 5172 2287 5242 digni
2335 5171 2628 5227 rcddemini
2673 5189 2687 5225 :
2731 5172 2873 5241 quod
2922 5172 3077 5226 detur
3124 5173 3278 5226 nobis
3324 5174 3577 5230 omnibus

1999 5267 2289 5334 eonseqni,
2329 5266 2497 5332 gratia
2543 5274 2594 5319 et
2630 5264 2962 5333 benignitate
2994 5263 3201 5317 Domini
3245 5267 3411 5320 nostri
3448 5267 3575 5321 Jcsu

1999 5359 2219 5421 Clu-isti,
2252 5372 2372 5411 cum
2398 5373 2504 5426 quo
2534 5356 2673 5410 Patri
2703 5368 2753 5409 et
2783 5355 2999 5423 Spiritui
3028 5365 3214 5411 sancto
3245 5358 3432 5427 gloria,
3474 5360 3575 5412 im-

2004 5452 2225 5518 perium,
2259 5450 2448 5513 honor,
2492 5462 2629 5502 nunc
2652 5455 2704 5500 ct
2726 5460 2953 5515 semper,
3001 5455 3051 5501 et
3084 5447 3135 5502 iu
3168 5448 3360 5502 saecula
3399 5461 3573 5502 secu-

2002 5546 2193 5598 lorum.
2226 5542 2413 5593 Amen.

1721 5805 2126 5829 ...ν-ηομ»...-

890 5881 959 5891 --.ο
973 5883 987 5888 -
