3932 6220
422 385 456 407 ,ρ

424 545 556 602 CAP.
594 543 648 601 2.
711 557 761 600 v.
821 546 872 598 l.
915 538 982 598 Et
1037 556 1122 597 vos
1187 554 1300 594 cum
1353 537 1522 593 essetis
1574 537 1757 590 ntortui
1806 537 2004 589 delictis

504 646 554 689 et
595 636 810 706 peccatis
843 634 1037 699 vestris,
1085 633 1140 684 2.
1181 631 1234 684 in
1267 629 1444 701 quibus
1473 627 1752 698 aliquando
1770 627 2002 679 ambula-

499 726 586 778 stis
637 723 911 778 secundum
974 723 1214 776 siccatum
1275 719 1448 772 mundi
1493 719 1684 785 hujus,
1728 717 2001 770 secundum

497 809 776 882 principem
808 810 1072 878 potestatis
1101 807 1232 860 aeris
1267 807 1454 875 hujus,
1486 806 1694 874 spiritus
1735 805 1822 872 qui
1867 818 2001 855 nunc

492 908 730 970 operatur
757 902 812 953 iu
833 899 965 968 filios
996 899 1304 968 difﬁdentia,
1332 896 1384 950 5.
1416 898 1467 948 in
1493 897 1671 964 quibus
1696 903 1740 946 et
1772 911 1859 946 nos
1889 910 1997 946 om-

497 1009 588 1048 nes
617 992 895 1064 aliquando
925 989 1204 1045 conversati
1243 1005 1416 1042 sumus
1442 989 1496 1040 in
1524 983 1786 1040 desideriis
1830 987 2001 1039 carnis

494 1095 682 1138 nostris
703 1126 718 1148 ,
745 1085 988 1154 facientes
1017 1084 1317 1134 voluntatem
1343 1079 1509 1132 carnis
1533 1088 1578 1131 et
1602 1077 1996 1148 coqitationum,

490 1188 541 1231 et
568 1189 768 1229 eramus
796 1186 980 1228 natura
1011 1173 1104 1242 ﬁlii
1144 1174 1238 1226 ira:
1262 1173 1389 1224 sicut
1418 1181 1465 1224 et
1489 1171 1676 1224 cceteri.

491 1270 547 1324 1.
589 1266 682 1324 Est
711 1269 923 1337 quidem
967 1267 1305 1322 ntnrtiﬁcatio
1345 1264 1643 1334 corporalis
1664 1305 1678 1326 ,
1707 1269 1790 1316 est
1815 1271 1995 1318 autem

417 1367 472 1416 et
517 1361 758 1415 animalis
794 1379 806 1414 :
838 1369 892 1414 et
929 1361 1071 1413 illius
1111 1355 1323 1426 quidem
1365 1369 1485 1410 esse
1525 1354 1861 1424 participem.
1895 1369 1994 1408 nec

416 1459 500 1506 est
547 1453 752 1506 crimen
806 1467 904 1506 nec
949 1449 1240 1520 peric-ulmo
1293 1464 1306 1500 :
1349 1462 1438 1500 res
1472 1447 1612 1500 enim
1655 1456 1738 1500 est
1766 1453 1988 1510 naturae,

417 1554 524 1596 tt0tt
567 1539 793 1596 instituti
821 1542 982 1594 animi
1009 1549 1063 1594 et
1091 1538 1239 1592 liberi
1271 1537 1496 1590 arbitrii.
1537 1535 1666 1590 Nam
1695 1545 1747 1590 et
1770 1547 1885 1588 orla
1913 1547 1996 1589 est

411 1645 484 1688 ex
516 1634 939 1702 transgressione
980 1631 1314 1700 protoplasti,
1361 1636 1415 1682 et
1453 1643 1540 1681 res
1570 1627 1761 1680 deinde
1799 1627 1996 1680 decidit

414 1724 468 1778 in
502 1734 742 1776 naturam
775 1742 786 1772 :
823 1721 1018 1790 alioqui
1046 1730 1222 1774 autem
1251 1719 1408 1772 etiam
1439 1717 1545 1771 cito
1572 1716 1828 1770 solvetur.
1873 1714 1992 1784 Ipsa

416 1825 549 1868 vero
593 1813 930 1866 mortitlcatio
957 1809 1222 1872 animalis,
1253 1822 1370 1862 cum
1399 1809 1468 1862 sit
1496 1805 1719 1861 instituti
1746 1805 1908 1859 animi
1940 1815 1994 1860 et

414 1902 565 1959 liberi
615 1903 857 1970 arbitrii,
900 1905 1100 1958 crimen
1145 1902 1300 1956 habet
1328 1909 1380 1954 et
1412 1899 1612 1954 nullam
1650 1899 1989 1954 solutionem.

414 1991 546 2049 Vide
575 2007 703 2065 ergo
741 1995 1009 2065 quomodo
1039 1993 1232 2046 Paulus
1275 2006 1397 2046 cum
1423 1992 1532 2060 jam
1562 1989 1714 2044 valde
1742 2005 1990 2060 magnum

409 2087 755 2151 ostendisset,
785 2095 838 2141 et
872 2085 1010 2156 quod
1042 2085 1212 2154 majus
1252 2084 1320 2136 sit
1353 2091 1524 2136 morte
1563 2079 1765 2136 an‘ccta:
1793 2081 1989 2135 mederi

407 2179 603 2230 anima:
643 2191 800 2246 quam
850 2176 1112 2230 suscitare
1163 2181 1426 2236 mortuos,
1477 2186 1617 2224 nunc
1660 2185 1872 2240 quoque
1912 2170 1992 2224 sic

414 2265 562 2334 ponit
589 2276 857 2334 tamquam
905 2277 1155 2333 tnagnttm
1193 2281 1206 2315 :
1237 2262 1302 2314 Et
1324 2277 1407 2316 eos
1437 2277 1548 2313 cum
1577 2261 1766 2325 essetis,
1799 2261 1986 2328 inquit,

411 2351 598 2406 mortui
623 2353 820 2406 deﬁctis
846 2363 893 2406 et
915 2353 1131 2421 peccatis
1170 2352 1346 2404 vestris
1366 2393 1381 2417 ,
1415 2351 1468 2402 in
1511 2350 1689 2416 quibus
1716 2349 1988 2418 aliquando

407 2445 723 2512 ambulastis,
749 2447 1026 2500 secundum
1052 2445 1293 2498 stcculum
1312 2443 1487 2496 mundi
1521 2443 1692 2512 hujus,
1715 2443 1988 2498 secundum

410 2534 688 2608 principem
714 2537 970 2606 potestatis
999 2537 1151 2598 aeris,
1197 2537 1406 2604 spiritus
1441 2536 1528 2605 qui
1574 2551 1705 2588 nunc
1735 2545 1990 2606 operatur

405 2628 460 2682 in
508 2627 642 2696 filios
689 2627 996 2697 diﬂidentite.
1036 2625 1197 2682 Vides
1227 2627 1372 2680 l'auli
1402 2626 1898 2690 mansuetudinem,
1933 2637 1988 2682 et

407 2717 676 2788 quomodo
725 2719 918 2789 ultique
972 2720 1280 2772 Consolatur
1331 2718 1647 2783 auditorem,
1707 2733 1830 2773 eum
1879 2734 1983 2772 non

403 2811 672 2867 oncrans?
713 2811 845 2866 Nam
895 2811 1140 2881 quoniam
1195 2811 1404 2865 dixerat
1450 2824 1543 2863 eos
1587 2809 1654 2864 ad
1689 2820 1984 2864 extremum

410 2916 579 2971 usque
599 2901 783 2955 vilium
803 2916 924 2956 esse
945 2912 1224 2970 provectos
1253 2899 1376 2970 (hoc
1405 2900 1546 2953 enim
1573 2906 1651 2953 est
1673 2913 1793 2954 eSse
1815 2908 1985 2955 morte

402 2990 688 3064 affectos);
717 3006 781 3045 ne
806 3006 900 3046 eos
918 2990 1070 3052 valde
1089 2998 1337 3060 gravaret
1361 2994 1504 3060 (nam
1530 2987 1732 3055 pudore
1753 2987 1986 3042 afficiun-

403 3092 493 3138 tur
523 3084 788 3148 homines,
813 3098 932 3136 cum
961 3081 1136 3152 priora
1162 3078 1298 3133 mala
1329 3078 1626 3133 afferuntur
1649 3080 1701 3132 in
1727 3077 1980 3143 medium,

401 3176 614 3229 etiamsi
642 3174 743 3229 sint
770 3172 1034 3236 absoluta,
1063 3181 1116 3226 et
1144 3171 1345 3224 nullout
1377 3169 1606 3224 habeant
1636 3168 1981 3240 periculum),

401 3264 496 3320 dat
535 3265 615 3320 eis
655 3264 978 3334 adjutorcm,
1030 3277 1096 3316 ne
1146 3261 1544 3316 existimaretur
1573 3270 1737 3314 totum
1765 3262 1842 3316 eis
1863 3276 1984 3315 esse

403 3357 797 3424 imputandum,
831 3367 884 3412 et
913 3355 1212 3424 adiutorem
1239 3354 1449 3408 fortem.
1500 3351 1834 3419 Quemnam?
1863 3352 1983 3406 Dia-

403 3453 604 3506 hulum.
636 3452 724 3506 Sic
771 3452 932 3504 etiam
982 3448 1107 3504 facit
1157 3447 1210 3501 in
1258 3446 1492 3516 Epistola
1531 3445 1596 3500 ad
1623 3445 1980 3500 Corinthios:

400 3555 523 3595 nam
554 3555 675 3593 cum
703 3539 947 3600 dixisset,
984 3536 1159 3590 Nolite
1181 3552 1371 3598 errare,
1422 3551 1581 3604 neque
1603 3536 1938 3604 fornicatores
1963 3577 1978 3598 ,

401 3645 558 3698 neque
601 3627 920 3688 idololatria;
951 3635 1006 3680 et
1044 3626 1243 3694 reliqua
1275 3626 1451 3678 omnia
1493 3629 1876 3689 recensoisset,
1927 3634 1983 3679 et

399 3720 806 3789 subjunsisset,
859 3718 1088 3787 Regnum
1133 3714 1230 3768 Dei
1286 3732 1386 3768 non
1438 3715 1806 3783 possidebunt;
1855 3726 1981 3770 tunc

397 3823 612 3880 quoque
659 3808 824 3862 dicit:
859 3804 928 3860 Et
969 3808 1076 3858 haec
1116 3805 1317 3875 quidem
1363 3804 1530 3874 fuistis
1573 3804 1591 3873 (
1613 3805 1656 3856 Ι.
1686 3804 1802 3858 Cor.
1837 3805 1888 3858 6.
1923 3806 1976 3860 9.

401 3917 510 3971 sqq.
528 3899 568 3972 ).
628 3897 740 3954 Non
795 3896 925 3952 dixit
970 3896 1212 3950 absolute
1249 3895 1440 3960 fuistis,
1489 3894 1601 3958 sed,
1632 3905 1750 3956 ml;
1791 3901 1893 3960 ἦτε.
1927 3897 1980 3950 id

397 4003 516 4057 cst,
540 3989 710 4062 Aliqui
733 3991 920 4062 fuistis,
956 3991 1054 4042 hoc
1094 3997 1196 4054 est,
1239 3988 1316 4041 sic
1352 3976 1742 4057 quodammodo
1785 3986 1976 4042 fuistis.

474 4081 745 4138 ΜωιὶεήΨὶ
773 4091 1073 4151 carpuntur.
1102 4109 1172 4118 —
1199 4077 1293 4132 llic
1335 4077 1571 4130 haeretici
1621 4074 1736 4130 lucc
1779 4077 1846 4132 de
1871 4079 1979 4131 Deo

400 4173 542 4229 dicta
600 4189 722 4228 csse
764 4173 964 4225 acriter
1011 4168 1370 4234 contendunt,
1419 4177 1472 4222 et
1513 4166 1820 4222 elfrenatam
1875 4170 1979 4223 lin-

399 4278 557 4334 guam
624 4263 782 4331 longe
840 4269 1182 4325 exserentes,
1229 4259 1343 4312 lucc
1403 4259 1512 4312 Deo
1563 4258 1813 4328 adaptant
1860 4277 1977 4330 qua:

398 4365 526 4413 sunt
575 4354 745 4412 solius
812 4354 1029 4409 diaboli.
1082 4351 1361 4420 Quomodo
1417 4367 1542 4421 ergo
1596 4367 1656 4405 os
1713 4355 1790 4408 cis
1847 4355 1976 4408 obs-

399 4448 678 4505 truemus?
719 4446 794 4501 Es
846 4444 976 4515 ipsis
1014 4444 1211 4498 verbis.
1241 4443 1370 4495 Nam
1421 4443 1464 4494 si
1515 4453 1595 4496 est
1639 4442 1834 4512 justus,
1865 4446 1974 4499 sic-

397 4551 452 4596 ut
495 4539 694 4606 dicitis,
723 4538 837 4591 lucc
888 4547 1063 4591 autem
1090 4539 1286 4604 gessit;
1320 4533 1432 4587 haec
1459 4549 1546 4588 res
1576 4550 1680 4588 non
1712 4549 1794 4589 est
1823 4537 1972 4604 justi,

401 4631 496 4686 sed
527 4630 683 4685 valde
708 4628 892 4698 iniusti
919 4637 972 4680 et
1001 4623 1248 4680 scelerati
1273 4641 1286 4675 :
1315 4623 1452 4677 Deus
1478 4634 1654 4678 autem
1685 4641 1973 4696 numquam

395 4722 555 4777 fuerit
597 4721 912 4775 sceleratus.
944 4716 1054 4772 Cur
1086 4730 1214 4770 vero
1245 4714 1375 4769 dicit
1400 4731 1519 4770 eum
1550 4719 1844 4787 principem
1872 4733 1976 4773 δερ-

392 4812 498 4867 culi
527 4807 984 4881 huju.~?Quoniam
1008 4815 1116 4860 tota
1141 4805 1250 4859 fere
1268 4805 1494 4860 humana
1516 4817 1698 4861 natura
1723 4825 1782 4862 se
1805 4808 1972 4877 ipsam

393 4902 470 4957 illi
501 4901 668 4962 dedit,
698 4910 753 4955 et
781 4913 970 4954 oumes
1014 4911 1107 4952 sua
1149 4906 1338 4965 sponte
1375 4897 1424 4951 ei
1451 4897 1690 4950 serviunt
1728 4906 1783 4950 et
1809 4914 1872 4951 ex
1904 4898 1971 4952 li-

400 4992 531 5047 bcro
560 4990 723 5044 animi
762 4989 1006 5044 arbitrio.
1063 4987 1128 5040 Et
1175 4987 1388 5041 Christo
1425 4986 1638 5056 quidem
1671 4987 1808 5041 bona
1842 5003 1973 5056 pro-

394 5083 628 5137 mittenti
671 5079 1079 5136 innumerabilia
1131 5092 1199 5133 ne
1240 5079 1475 5131 animum
1505 5079 1724 5148 quidem
1755 5078 1974 5134 adhibet

392 5173 658 5245 quispiam
687 5191 700 5228 :
727 5174 804 5227 illi
831 5183 1007 5229 autem
1038 5171 1170 5226 nihil
1203 5171 1308 5224 tale
1335 5171 1622 5241 pollicenti,
1656 5171 1749 5225 sed
1779 5171 1844 5224 ad
1877 5187 1972 5241 ge-

391 5266 623 5320 hennam
653 5266 1061 5330 transmittenli,
1084 5263 1283 5321 cedunt
1307 5279 1516 5318 omnes.
1549 5265 1614 5319 Et
1641 5265 1970 5334 principatus

392 5358 510 5428 ejus
533 5368 614 5414 est
640 5357 693 5412 in
718 5360 818 5412 hoc
844 5357 1060 5420 saeculo,
1084 5366 1138 5412 et
1166 5357 1210 5411 is
1232 5358 1412 5423 plures
1439 5355 1595 5410 habet
1621 5371 1778 5425 quam
1804 5356 1962 5420 Deus,

389 5463 440 5502 et
473 5447 712 5517 eimagis
738 5447 993 5502 cedentes
1017 5463 1176 5516 quam
1211 5447 1338 5508 Deo,
1371 5455 1564 5514 praeter
1593 5459 1810 5515 paucos,
1843 5461 1968 5514 pro-

391 5555 512 5612 pter
553 5553 787 5595 nostram
820 5537 1143 5594 sorordiant.
1186 5537 1476 5592 Secundum
1527 5547 1856 5606 potestatem,
1884 5537 1969 5590 itt-

392 5633 528 5702 quit,
555 5633 680 5684 aerii
707 5631 937 5700 spiritus.
969 5630 1078 5684 Hoc
1106 5643 1291 5682 rursus
1313 5628 1462 5693 dicit,
1490 5627 1630 5698 quod
1664 5629 1838 5681 locum
1869 5627 1966 5680 Ita-

393 5724 478 5780 bct
504 5723 602 5778 sub
621 5723 775 5787 calo,
801 5733 852 5778 ct
878 5721 1095 5792 Spiritus
1122 5735 1306 5775 rttrsus
1327 5719 1455 5774 aerii
1487 5729 1610 5774 sunt
1636 5719 1961 5788 incorporea:

415 284 479 340 at
1133 280 1192 338 s.
1230 277 1508 334 JOANNIS
1554 275 2026 332 cunvsosrom
2080 277 2392 348 ARCllll-ZP.
2431 281 2966 338 covsrasrmor.
3633 287 3709 346 32

459 377 2352 480 W7—

2113 547 2404 606 potcstates
2433 554 2497 594 eo
2523 551 2802 610 operante.
2834 540 2963 596 Nam
2995 543 3136 612 quod
3177 544 3452 601 saecularis
3483 546 3552 601 sit
3579 545 3700 616 ejus

2112 630 2442 701 principatus
2461 672 2477 696 ,
2513 631 2613 686 hoc
2644 641 2726 686 est
2748 672 2764 697 ,
2794 633 2887 702 qui
2916 647 3034 687 cum
3067 637 3318 704 prtesenti
3347 636 3548 690 smculo
3581 637 3693 692 dis-

2108 723 2370 786 solvitur,
2403 724 2522 777 audi
2554 739 2674 778 eum
2705 724 2971 779 dicentem
3013 725 3065 779 in
3110 726 3216 782 tino
3261 726 3504 796 epistola:
3530 743 3544 779 :
3574 728 3692 782 Non

2105 820 2178 864 est
2226 812 2368 865 nobis
2410 812 2701 866 colluctatio
2739 815 2977 866 adversus
3024 818 3318 884 sanguinem
3353 826 3400 870 et
3446 833 3651 870 carnem
3675 861 3689 880 ,

2104 902 2192 954 sed
2218 901 2456 956 adversus
2487 902 2739 972 principes
2763 913 2816 955 et
2844 913 3130 972 potestates,
3165 915 3217 958 et
3241 906 3483 960 adversus
3515 910 3690 960 mundi

2106 1000 2319 1046 rectores
2345 993 2662 1046 tenebrarum
2706 994 2858 1064 hujus
2882 995 3052 1047 stet-uti
3075 994 3290 1065 (Ep/tes.
3322 995 3374 1049 6.
3409 995 3520 1067 12).
3553 996 3686 1050 Nam

2103 1099 2169 1139 ne
2199 1099 2318 1138 cum
2345 1083 2576 1137 audieris
2597 1125 2611 1147 ,
2644 1081 2828 1136 Mundi
2861 1095 3077 1138 rectores
3102 1127 3116 1150 ,
3141 1085 3289 1139 dicas
3317 1084 3478 1138 etiam
3511 1086 3683 1155 ipsum

2101 1188 2220 1229 esse
2249 1173 2566 1236 iucreatum,
2586 1174 2749 1236 addit,
2779 1172 3115 1227 Tencbrarum
3141 1175 3335 1228 sreculi.
3359 1174 3501 1229 Alibi
3523 1176 3683 1236 etiam

2102 1279 2328 1335 neqttam
2378 1268 2632 1320 sarculum
2667 1265 2824 1336 (Gul.
2861 1267 2913 1320 1.
2943 1265 3012 1335 4)
3045 1275 3196 1321 vocat
3220 1275 3430 1336 tempus
3462 1282 3684 1332 perver-

2099 1371 2216 1408 sum
2245 1397 2258 1420 ,
2293 1371 2397 1410 non
2426 1357 2613 1411 dicens
2657 1356 2724 1411 de
2769 1358 3050 1412 creaturis.
3099 1355 3227 1411 Mihi
3259 1359 3400 1412 enim
3427 1358 3640 1413 videtur
3663 1401 3676 1420 .

2099 1446 2242 1516 quod
2273 1445 2316 1499 si
2349 1445 2535 1501 fuisset
2567 1447 2815 1516 princeps
2845 1447 2944 1500 sub
2975 1447 3130 1509 c:rlo,
3165 1463 3270 1502 non
3304 1446 3491 1502 fuisset
3521 1463 3676 1502 casu-

2101 1553 2194 1590 rus
2221 1552 2248 1590 a
2279 1537 2576 1606 principatu
2603 1579 2617 1603 ,
2663 1541 2822 1592 etiam
2871 1549 2990 1607 post
3041 1541 3544 1609 transgressionem.
3581 1541 3678 1606 Qui

2098 1642 2230 1680 nunc
2257 1639 2494 1695 operatur
2521 1629 2572 1680 in
2603 1630 2735 1694 filios
2779 1629 3086 1698 diffidentiae.
3127 1627 3292 1684 Vides
3319 1631 3458 1698 quod
3491 1648 3594 1685 non
3623 1632 3675 1686 vi

2100 1716 2301 1770 inducit
2329 1732 2429 1771 nec
2457 1717 2739 1788 tyrannide
2759 1759 2773 1783 ,
2820 1718 2912 1774 sed
2945 1720 3330 1788 persuasione?
3363 1720 3508 1774 Dixit
3532 1723 3675 1777 enim

2096 1809 2360 1873 ἀπείθειαν,
2390 1823 2452 1861 ac
2482 1811 2525 1860 si
2554 1808 2724 1874 dicas,
2757 1809 3072 1878 deceptione
3101 1821 3155 1864 et
3184 1812 3527 1880 persuasione
3556 1827 3674 1866 om-

2097 1914 2194 1952 nes
2227 1900 2466 1954 attrahit.
2513 1900 2620 1956 Nec
2667 1902 2766 1956 hoc
2809 1903 2983 1956 solum
3031 1917 3126 1957 eos
3163 1903 3500 1968 consolatur,
3533 1906 3674 1974 quod

2095 1989 2304 2045 dederit
2347 1992 2550 2046 socium
2571 2033 2586 2057 ,
2620 1992 2712 2047 scd
2743 1992 2902 2047 etiam
2930 1992 3072 2062 quod
3103 2009 3161 2046 se
3189 2008 3308 2047 cum
3351 1994 3457 2048 illis
3489 2005 3667 2064 ponat.

2093 2080 2160 2134 In
2189 2081 2366 2151 quibus
2385 2123 2400 2147 ,
2433 2082 2602 2152 inquit
2625 2123 2638 2144 ,
2670 2092 2716 2134 et
2747 2098 2837 2136 nos
2872 2099 3042 2136 omnes
3089 2083 3365 2150 aliquando
3395 2087 3674 2138 corwersati

2092 2189 2284 2226 sumus.
2309 2172 2494 2226 Omnes
2515 2190 2534 2227 :
2561 2189 2665 2228 non
2697 2176 2838 2227 enim
2867 2173 2992 2228 licet
3019 2174 3196 2228 dicere
3225 2174 3364 2244 qttod
3393 2188 3674 2245 est-tnptus

2093 2274 2238 2318 esset
2266 2265 2476 2334 aliquis.
2509 2263 2575 2318 In
2598 2265 2862 2318 desideriis
2889 2267 3058 2318 carnis
3079 2275 3286 2327 nostrrr,
3315 2267 3555 2336 facientes
3585 2284 3670 2320 ro-

2093 2352 2334 2406 luutatem
2359 2355 2526 2406 carnis
2554 2365 2599 2407 et
2626 2356 3018 2424 cogitationum,
3048 2365 3094 2408 et
3121 2372 3322 2408 eramus
3363 2366 3547 2408 natura
3575 2359 3672 2424 filii

2090 2443 2202 2505 irae,
2232 2443 2359 2496 sicut
2396 2453 2440 2495 et
2483 2445 2654 2496 caueri
2693 2460 2883 2497 omnes.
2921 2445 3031 2498 Hoc
3075 2455 3175 2508 est,
3210 2445 3340 2498 nihil
3391 2447 3671 2515 spirituale

2090 2533 2378 2600 sapientes.
2403 2531 2508 2587 Sed
2531 2548 2595 2587 ne
2614 2548 2830 2587 carnem
2861 2535 2911 2586 in
2943 2534 3195 2587 invidiam
3219 2545 3371 2588 vocet
3389 2544 3443 2589 et
3463 2535 3666 2600 odium,

2091 2636 2263 2690 neque
2293 2637 2540 2692 maguum
2586 2623 2859 2677 existimes
2899 2623 3190 2690 delictum,
3236 2624 3360 2680 vide
3399 2629 3670 2695 quomodo

2087 2713 2188 2768 sibi
2217 2723 2420 2768 caveat.
2451 2713 2736 2780 Facientes,
2772 2717 2961 2784 inquit,
2996 2718 3302 2770 voluntatem
3326 2719 3496 2772 contis
3519 2727 3566 2771 et
3585 2736 3668 2771 co-

2087 2807 2388 2876 gitationum
2418 2816 2704 2860 nostrarum
2724 2847 2738 2873 ,
2787 2808 2888 2862 ltoc
2913 2817 3015 2872 est,
3052 2809 3337 2878 voluptatis
3361 2809 3665 2866 allectiones

2085 2909 2142 2954 et
2182 2909 2380 2963 motus,
2423 2900 2590 2954 Deum
2624 2901 2950 2954 irritavimus
2991 2910 3045 2955 et
3087 2901 3150 2954 ad
3194 2903 3324 2954 iram
3358 2905 3667 2970 provocavi-

2087 3004 2247 3043 mus:
2284 2988 2387 3044 ltoc
2415 3000 2527 3055 est,
2561 2991 2637 3044 ira
2670 2992 2894 3054 fuimus,
2922 3000 2975 3045 et
3017 2990 3150 3044 nihil
3195 2991 3360 3044 aliud.
3394 2993 3666 3058 Quemad-

2087 3074 2301 3136 tﬁb'dnm
2346 3081 2487 3136 enim
2532 3083 2620 3150 qui
2652 3093 2734 3136 est
2781 3083 2919 3136 ﬁlius
2967 3082 3198 3137 hominis
3219 3123 3233 3147 ,
3263 3091 3346 3137 est
3379 3083 3540 3137 homo
3573 3102 3663 3138 na-

2088 3181 2203 3226 tura
2222 3213 2236 3238 ,
2263 3172 2333 3226 ita
2357 3187 2455 3226 nos
2481 3187 2694 3241 quoque
2721 3173 2858 3226 sicut
2883 3181 2937 3226 et
2961 3173 3144 3226 caeteri
3168 3175 3260 3226 ira:
3291 3173 3383 3226 lilii
3409 3189 3622 3228 eramus
3645 3192 3658 3227 :

2087 3263 2140 3318 id
2169 3273 2248 3318 est
2270 3303 2285 3328 ,
2314 3264 2490 3317 nullus
2521 3264 2657 3317 liber
2682 3275 2798 3320 erat
2825 3305 2840 3329 ,
2870 3264 2962 3318 sed
2989 3280 3178 3318 omnes
3203 3280 3322 3335 qum
3353 3267 3429 3319 ira
3465 3266 3553 3319 Dei
3585 3266 3664 3320 di-

2085 3369 2185 3422 gna
2211 3363 2365 3407 erant
2392 3353 2734 3408 faciebamus.
2767 3356 2818 3408 4.
2858 3354 2990 3407 ιλιαδ
3015 3366 3204 3419 autem,
3235 3356 3322 3424 qui
3348 3355 3485 3408 dives
3505 3366 3579 3410 est
3607 3359 3658 3409 in

2085 3443 2450 3497 misericordia.
2499 3443 2614 3496 Non
2656 3443 2791 3497 dixit
2837 3444 3082 3498 absolute
3109 3488 3122 3509 ,
3161 3446 3492 3509 Μὶεεειοίωτε,
3524 3449 3660 3516 sed,

2086 3531 2235 3586 Dives
2262 3534 2315 3586 in
2352 3533 2699 3586 misericordia
2727 3574 2740 3596 ,
2775 3535 2909 3588 sicut
2933 3545 2986 3589 et
3007 3535 3129 3588 alibi
3156 3536 3304 3596 dicit,
3337 3535 3400 3588 In
3432 3537 3663 3590 multitu-

2084 3626 2202 3679 dine
2225 3625 2582 3679 misericordite
2602 3636 2735 3690 tute;
2757 3637 2812 3680 et
2837 3645 3064 3689 rursum,
3097 3629 3335 3684 Miserere
3359 3631 3454 3682 mei
3478 3644 3668 3685 secuu-'

2085 3716 2204 3769 dum
2231 3734 2465 3787 magnam
2491 3719 2885 3772 misericordiam
2911 3734 3047 3773 tuam
3073 3721 3245 3789 (Psal.
3270 3723 3358 3776 68.
3385 3723 3472 3776 17.
3497 3733 3543 3775 ct
3570 3724 3656 3778 50.

2085 3806 2173 3875 1).
2210 3807 2425 3874 PrOpter
2461 3809 2666 3860 nimiam
2695 3811 2949 3862 caritatem
2991 3826 3136 3862 suam
3158 3849 3173 3874 ,
3204 3826 3302 3879 qua
3340 3811 3516 3864 dilexit
3548 3829 3657 3866 nos.

2085 3896 2359 3952 Uudeuam
2385 3915 2479 3952 nos
2503 3899 2694 3953 dilexit
2713 3901 2967 3954 ostendit.
3002 3900 3124 3952 llzec
3145 3901 3286 3953 enim
3313 3918 3419 3955 non
3450 3919 3661 3958 meren-

2083 3995 2168 4040 tur
2195 3987 2572 4053 dilectionem,
2601 3990 2693 4044 sed
2741 3990 2871 4041 iram
2903 4001 2955 4041 et
2985 3999 3282 4043 extremum
3312 3993 3656 4061 supplicium.

2082 4078 2143 4131 Et
2174 4077 2275 4130 hoc
2303 4095 2431 4148 ergo
2460 4095 2523 4132 ex
2558 4081 2716 4132 multa
2764 4080 3151 4133 misericordia.
3184 4083 3238 4137 5.
3271 4081 3337 4134 Et
3381 4100 3494 4136 cum
3524 4103 3658 4140 essc-

2081 4184 2193 4220 mus
2224 4171 2407 4221 mortui
2436 4171 2486 4222 in
2516 4171 2729 4233 delictis,
2754 4171 3113 4236 conriviﬁcavit
3133 4175 3183 4224 in
3205 4171 3422 4229 Christo.
3453 4175 3659 4231 Rursus

2079 4258 2325 4313 Christus
2350 4271 2433 4314 cst
2464 4264 2670 4315 medius
2691 4303 2704 4326 ,
2732 4271 2790 4319 et
2835 4279 2922 4317 res
2951 4275 3033 4317 est
3085 4265 3189 4319 fide
3219 4267 3396 4335 digna.
3429 4267 3486 4320 Si
3515 4270 3655 4322 enim

2081 4351 2328 4417 primitias
2359 4353 2566 4414 vivunt,
2599 4361 2651 4406 et
2678 4369 2774 4406 nos
2814 4370 2828 4408 :
2861 4356 3145 4410 vivilicavit
3175 4367 3228 4412 et
3259 4359 3426 4424 illum,
3453 4367 3507 4412 et
3538 4375 3654 4413 nos.

2147 4440 2202 4492 2.
2240 4441 2398 4496 Vidrs
2441 4443 2580 4511 quod
2627 4445 2803 4497 omnia
2836 4446 2976 4500 dicta
3022 4449 3130 4501 sint
3177 4448 3244 4502 de
3271 4466 3369 4510 eo,
3401 4451 3543 4518 quod
3574 4458 3659 4504 est

2078 4531 2370 4585 secundum
2413 4536 2672 4587 carnan
2718 4534 2902 4588 Vidisti
2951 4550 3362 4606 eytsuperrtntcm
3407 4540 3526 4608 ejus
3557 4556 3654 4608 po-

2080 4623 2259 4676 tentiae
2291 4624 2711 4694 magnitudinem
2741 4629 2792 4681 itt
2825 4645 2922 4682 nos
2951 4631 3038 4698 qui
3067 4632 3369 4687 credimus?
3397 4635 3483 4701 qtti
3511 4650 3656 4688 utor-

2080 4714 2154 4766 tui
2183 4730 2395 4766 eramus
2421 4723 2475 4768 et
2519 4716 2613 4770 lilii
2658 4718 2771 4780 irm,
2809 4719 2907 4773 hos
2945 4722 3246 4775 viviticavit.
3281 4723 3470 4776 Vidisti
3505 4739 3653 4792 Spem

2041 4787 2054 4802 ’
2076 4805 2411 4858 vocationis?
2437 4806 2488 4859 6.
2521 4805 2942 4862 Conresuscitavit
2988 4820 3033 4862 et
3079 4813 3345 4865 consedere
3391 4815 3526 4879 fecit.
3562 4813 3654 4866 Vi-

2075 4895 2197 4950 disti
2227 4897 2448 4965 gloriam
2479 4898 2596 4966 ejus
2620 4899 2976 4953 hereditatis?
3006 4901 3215 4966 Etiam,
3247 4905 3478 4973 inquies,
3522 4902 3650 4958 Con.

2075 4989 2384 5042 resuscitavit
2431 4989 2684 5056 quidem,
2734 4999 2820 5044 est
2873 4991 3248 5057 manifestum;
3299 4995 3426 5048 illud
3481 5011 3651 5058 vero,

2075 5081 2354 5137 Consedere
2377 5099 2468 5134 nos
2497 5083 2612 5150 fecit
2640 5084 2690 5135 in
2721 5083 2999 5138 caelestibus
3027 5086 3079 5138 in
3111 5087 3310 5140 Christo
3334 5087 3458 5140 Iesu
3478 5129 3492 5152 ,
3521 5104 3654 5158 quo-

2074 5174 2234 5228 modo
2279 5174 2421 5227 stat?
2473 5173 2542 5228 Ut
2590 5174 2751 5239 illud,
2795 5173 3218 5230 Conresusoitavit
3249 5197 3260 5230 :
3287 5179 3464 5232 nullus
3507 5182 3649 5233 enim

2073 5265 2247 5319 adhuc
2269 5275 2350 5320 est
2376 5267 2682 5330 suscitatus,
2710 5266 2810 5319 nisi
2833 5267 2997 5337 qttod,
3021 5286 3139 5322 cum
3161 5281 3319 5336 caput
3345 5287 3653 5325 resurrcxe-

2073 5357 2173 5419 rit,
2223 5370 2323 5410 nos
2350 5370 2562 5424 quoque
2593 5370 2780 5409 sumus
2806 5360 3047 5414 suscitati
3082 5377 3095 5412 :
3126 5361 3262 5414 sicut
3304 5362 3409 5416 illic
3435 5377 3649 5432 quoque

2073 5461 2192 5500 cum
2219 5444 2384 5498 Jacob
2414 5443 2710 5509 adorasset,
2744 5462 2876 5502 uxor
2908 5464 3119 5517 quoque
3145 5449 3385 5503 adoravit
3423 5451 3641 5517 .Ioseplt.

2073 5538 2162 5592 Sic
2192 5551 2319 5605 ergo
2363 5534 2485 5588 fecit
2514 5551 2725 5606 quoque
2763 5541 3056 5594 consedere
3083 5559 3095 5594 :
3125 5541 3344 5595 sedente
3370 5542 3515 5594 enim
3553 5556 3648 5593 ca-

2075 5628 2182 5696 pite
2209 5625 2356 5677 sedet
2384 5637 2594 5691 quoque
2620 5642 2835 5696 corpus.
2873 5629 3157 5697 Propterea
3181 5631 3321 5684 enim
3349 5630 3645 5697 subjunvit,

2078 5716 2140 5770 In
2172 5713 2370 5768 Christo
2396 5713 2540 5766 Jcsu.
2591 5719 2692 5772 Aut
2731 5723 2772 5772 si
2808 5721 2906 5776 ltoc
2939 5738 3042 5775 non
3095 5723 3162 5775 ita
3190 5722 3257 5774 sit
3280 5764 3291 5785 ,
3322 5719 3413 5772 sed
3445 5739 3642 5778 entire-
