3932 6220
554 286 627 342 33
1233 286 1293 344 S.
1331 286 1622 345 JOANNIS
1654 281 2142 343 CHRYSOSTOMI
2182 282 2495 343 ARCHIEP.
2534 286 3084 345 CONSTANTINOP.
3724 292 3799 350 El

554 401 696 456 σοῦ.
718 402 791 456 Ἦ
815 402 864 456 εί
882 402 957 474 μὴ
976 401 1152 463 τοῦτο,
1176 402 1312 457 ἀλλὰ
1337 405 1624 476 συνήγειρε
1647 403 1734 457 διά
1753 403 1849 457 τοῦ
1871 400 2129 475 λουτροῦ,

556 484 674 547 m3;
693 481 788 538 οῦν
813 486 1162 541 συνεκάθισεν
1178 504 1195 553 ;
1218 488 1289 541 El
1308 488 1417 559 7&9
1435 489 1833 557 ὑπομένομεν,
1852 506 1925 557 φη
1933 488 2008 551 al,
2022 487 2120 540 καί

555 569 1155 638 συμϐασιλεύσομεν·
1188 572 1238 624 εί
1263 572 1625 642 ἀπεθάνομεν,
1660 574 1756 625 καὶ
1787 571 2115 641 συζήσομεν.

560 647 769 712 Ὄντως
801 649 1114 722 Πνεύματος
1135 654 1294 724 χρεία
1319 655 1416 707 καὶ
1440 653 1857 721 ἀποκαλύψεως,
1885 652 2028 706 ὥστε
2061 650 2123 705 τὸ

557 727 717 799 βάθος
757 731 944 802 νοῆσαι
984 732 1093 787 τῶν
1124 735 1442 806 μυστηρίων
1468 735 1694 789 τούτων.
1734 729 1889 798 Εἶτα,
1925 735 2012 788 ἵνα
2045 734 2121 804 μὴ

554 812 882 884 ἀπιστήσῃς,
911 814 1014 885 ὅρα
1039 815 1091 869 τί
1119 817 1317 885 ἐπάγει
1340 834 1356 849 ⁸
1392 819 1524 874 Ἵνα
1542 817 1877 885 ἐνδείξηται
1902 818 1973 872 ἐν
1994 819 2121 884 τοῖς

549 893 726 949 αιῶσι
744 896 868 962 τοῖς
886 897 1311 969 ἐπερχομένοις
1328 901 1436 954 τὸν
1455 899 1910 967 ὑπερϐάλλοντα
1933 899 2121 953 πλοῦς

551 991 662 1028 τον
686 975 799 1046 τῆς
839 979 1082 1048 χάριτος
1108 984 1294 1038 αὐτοῦ
1331 983 1401 1037 ἐν
1440 983 1805 1053 χρηστότητι
1834 973 1926 1051 ἐφ’
1963 980 2121 1050 ἡμᾶς

550 1057 621 1108 ἐν
651 1058 886 1126 Χριστῷ
930 1062 1154 1131 Ἰησοῦ.
1199 1066 1418 1137 Ἐπειδὴ
1447 1066 1558 1136 7&9
1601 1061 1722 1119 εἷπε
1748 1064 1818 1118 τά
1860 1065 1989 1136 περὶ
2023 1064 2118 1118 τοῦ

549 1137 809 1210 Χριστοῦ.
832 1141 1004 1197 ταῦτα
1024 1143 1081 1199 δὲ
1101 1146 1254 1201 οὐδὲν
1270 1143 1340 1218 ῆν
1356 1148 1494 1219 πρὸς
1509 1149 1659 1218 ήμᾶς
1691 1148 1779 1216 (Τί
1795 1147 1925 1218 7&9.
1958 1145 2116 1218 φησὶ.

550 1220 690 1293 πρὶς
715 1224 948 1294 ήμᾶς,εί
975 1229 1181 1292 ἐκεῖνος
1208 1229 1457 1300 ἀνέστη);
1483 1230 1652 1294 ἔδειξε
1682 1229 1783 1301 μὲν
1803 1220 1897 1283 οῦν
1917 1231 1998 1284 ὅτι
2024 1232 2119 1284 καὶ

550 1303 689 1373 πρὸς
715 1306 746 1373 ή
755 1307 885 1375 μᾶς,
930 1308 984 1361 εί
1009 1324 1072 1374 γε
1109 1302 1263 1374 οὗτος
1292 1312 1425 1381 ἡμῖν
1454 1312 1660 1382 ήνωται
1684 1328 1700 1344 ⁸
1741 1311 1881 1381 πλὴν
1913 1312 1996 1366 ὅτι
2025 1312 2119 1366 καὶ

546 1387 620 1439 τὰ
652 1387 808 1456 ήμῶν
860 1391 981 1443 κατ’
1028 1391 1164 1446 ίδίαν
1200 1393 1364 1463 φησίν
1387 1409 1403 1424 ⁸
1435 1395 1652 1460 Ὄντας
1685 1394 1796 1464 γὰρ
1832 1392 1991 1462 ⁴ἡμᾶς
2018 1411 2117 1448 νε-

550 1467 735 1535 κροὺς
762 1469 885 1536 τοῖς
912 1473 1343 1543 παραπτώμασι
1376 1475 1696 1546 συνήγειρε
1711 1479 1806 1531 καί
1823 1476 2118 1531 συνεκάθ-

546 1567 703 1605 ισεν.
729 1551 910 1614 Ὥστε,
923 1553 1061 1626 ὅπερ
1071 1556 1228 1627 ἔφην,
1257 1556 1331 1628 μὴ
1346 1558 1583 1619 ἀπίστει.
1601 1558 1708 1612 ἀπό
1722 1576 1781 1612 τε
1797 1559 1905 1612 τῶν
1919 1559 2119 1630 προτέ-

549 1648 660 1701 ρων
673 1633 780 1687 ἀπὸ
795 1651 854 1688 τε
865 1636 962 1707 τῆς
982 1637 1223 1708 κεφαλῆς
1239 1639 1349 1693 ἀπό
1358 1656 1418 1691 τε
1435 1639 1529 1692 τοῦ
1548 1639 1831 1709 βούλεσθαι
1848 1641 2121 1694 ἐνδείκνυ-

549 1712 675 1767 σθαι
695 1716 859 1771 αὐτὸν
883 1718 981 1793 τῂν
998 1719 1310 1793 ἀγαθότητα
1337 1720 1518 1775 λαϐὼν
1539 1721 1639 1792 τὴν
1662 1721 1956 1786 ἀπόδειξιν.
1991 1721 2118 1785 Πῶς

546 1797 657 1869 7&9
684 1791 997 1868 ἐνδείξεται,
1017 1791 1089 1858 ἂν
1113 1803 1270 1858 τοῦτο
1305 1805 1379 1876 μή
1407 1791 1664 1875 γένητάις
1694 1806 1804 1860 Καὶ
1825 1805 2119 1872 ἐνδείξεται

542 1882 606 1935 ἐν
623 1884 738 1946 τοῖς
762 1885 920 1939 αίῶσι
939 1889 1050 1951 τοῖς
1074 1888 1478 1959 ἐπερχομένοις.
1504 1890 1606 1955 Τίς
1634 1890 1755 1943 Ὅτι
1782 1889 1877 1942 καὶ
1902 1888 2118 1957 μεγάλα

541 1962 612 2018 τὰ
641 1965 823 2035 ἀγαθά
844 1963 932 2039 ῆν,
974 1970 1067 2024 καὶ
1105 1970 1322 2024 πάντων
1360 1971 1674 2042 πιστότερα.
1719 1969 1835 2025 Νῦν
1866 1970 1967 2041 μὲν
2004 1969 2117 2043 7&9

540 2046 706 2119 λῆρος
731 2045 871 2103 εἶναι
900 2050 1047 2105 δοκεῖ
1066 2055 1177 2115 τοῖς
1200 2053 1451 2117 ἀπίστοις
1480 2054 1550 2109 τά
1576 2054 1868 2125 λεγόμενα,
1898 2054 2022 2107 τότε
2055 2053 2115 2106 δὲ

538 2130 744 2194 πάντες
785 2131 1041 2188 εἴσονται.
1075 2133 1261 2188 Βούλει
1308 2136 1503 2206 μαθεῖν
1556 2137 1650 2189 καὶ
1691 2136 1809 2200 πῶς
1846 2136 2115 2191 συνεκάθ-

542 2227 689 2281 ισεν;
724 2214 925 2271 Ἄκουε,
948 2215 1114 2270 αὐτοῦ
1134 2217 1230 2270 τοῦ
1261 2217 1497 2287 Χριστοῦ
1528 2218 1776 2286 λέγοντος
1797 2221 1910 2281 τοῖς
1933 2217 2114 2288 μαθηο

539 2294 660 2358 ταῖς
686 2310 702 2326 ⁸
731 2297 1067 2351 Καθίσεσθσ
1103 2298 1201 2351 ἐπὶ
1225 2297 1455 2353 δώδεκα
1488 2300 1762 2368 θρόνους,
1805 2300 2114 2368 κρίνοντες

540 2374 649 2440 τὰς
673 2375 903 2432 δώδεκα
928 2381 1128 2447 φυλὰς
1157 2379 1264 2434 τοῦ
1295 2381 1546 2448 Ἰσραήλ
1569 2396 1584 2412 ⁸
1610 2382 1705 2435 καὶ
1727 2381 1911 2444 πάλιν,
1946 2381 2018 2437 Τὸ
2044 2383 2114 2436 δὲ

539 2458 782 2511 καθίσαι
808 2459 878 2513 ἐκ
909 2460 1123 2524 δεξιῶν
1139 2479 1259 2530 μου
1287 2461 1387 2515 καί
1423 2462 1494 2526 ἐξ
1527 2463 1849 2532 εὐωνύμων
1874 2466 1986 2518 οὐκ
2008 2464 2113 2519 ἕσ-

538 2554 637 2591 τιν
665 2540 816 2610 ἐμὸν
850 2541 1082 2608 δοῦναι,
1118 2545 1255 2600 ἀλλ’
1281 2541 1372 2613 οῖς
1408 2547 1763 2615 ἡτοίμασται
1800 2549 1961 2616 παρὰ
2002 2548 2111 2603 τοῦ

538 2623 791 2690 Πατρός.
823 2623 986 2679 Ὥστε
1027 2626 1375 2697 ήτοίμασται.
1424 2629 1536 2683 Καὶ
1567 2628 1749 2693 καλῶς
1783 2623 1935 2684 εἶπεν
1957 2645 1973 2659 ⁸
2009 2633 2113 2687 Ἑν

538 2707 906 2789 χρηστότητι
949 2706 1044 2777 ἐφ’
1069 2707 1228 2779 ἡμᾶς
1253 2711 1324 2766 ἐν
1362 2711 1594 2781 Χριστῷ
1644 2712 1866 2785 Ἰησοῦ.
1894 2715 1967 2768 Τὸ
2001 2715 2110 2789 7&9

538 2786 763 2841 καθίσαι
786 2791 850 2843 ἐκ
873 2789 1063 2857 δεξιῶν
1088 2794 1253 2863 τιμῆς
1281 2797 1397 2849 ἐστι
1427 2795 1526 2865 τῆς
1545 2796 1688 2866 ὐπέρ
1713 2799 1895 2850 πᾶσαν
1919 2786 2106 2869 τιμὴν,

538 2870 635 2924 καὶ
659 2871 777 2941 μεθ’
806 2873 874 2944 ήν
905 2875 1068 2946 ἐτέρα
1088 2877 1190 2930 οὐκ
1215 2876 1351 2931 εστι.
1380 2878 1554 2933 Τοῦτο
1572 2875 1669 2933 οῦν
1689 2880 1858 2949 λέγει,
1887 2881 1971 2935 ὃτι
2010 2881 2107 2934 καὶ

537 2955 700 3025 ἡμεῖς
742 2956 1136 3028 καθεδούμεθα.
1204 2961 1410 3024 Ὄντως
1451 2960 1805 3032 ὑπερϐάλλων
1854 2962 2102 3029 πλοῦτος,

536 3036 709 3101 ὅντως
741 3039 1077 3114 ὑπερϐάλλον
1111 3042 1176 3097 τὸ
1221 3044 1450 3114 μέγεθος
1477 3045 1577 3115 τῆς
1606 3044 1889 3115 δυνάμεως
1917 3046 2104 3111 αὐτοῦ,

539 3120 676 3190 μετά
701 3122 937 3192 Χριστοῦ
974 3125 1218 3183 καθίσαι.
1252 3127 1371 3181 Κάν
1405 3128 1603 3198 μυρίας
1627 3128 1802 3200 ψυχὰς
1824 3128 1974 3201 ἔχῃς,
2006 3131 2108 3185 οὐκ

532 3201 823 3268 ἀπολλύεις
842 3207 1014 3271 αὐτάς
1045 3208 1230 3263 ἐνεκεν
1255 3209 1452 3276 αὐτοῦς
1481 3211 1531 3263 εί
1552 3210 1660 3282 γὰρ
1685 3212 1768 3275 είς
1796 3212 1907 3283 πῦρ
1936 3214 2108 3283 ἐμϐῆ-

534 3303 624 3339 ναι
661 3286 791 3351 ἔδει,
823 3288 981 3345 τοῦτο
1017 3292 1119 3345 οὐκ
1149 3291 1320 3365 ἐχρῆν
1362 3292 1598 3364 ἐτοίμως
1635 3294 1961 3365 ὑπομείναις
1997 3297 2108 3350 Καὶ

532 3369 698 3435 αὐτὸς
733 3371 792 3425 δέ
820 3373 983 3451 πάλιν
1013 3375 1147 3446 φησί
1164 3393 1178 3413 ο
1209 3376 1379 3442 Θέλω,
1415 3376 1504 3431 ῖνα
1532 3377 1667 3433 ὅπου
1699 3378 1819 3451 είμλ
1846 3378 1976 3447 ἐγὼ,
2010 3380 2108 3434 καὶ

532 3453 583 3504 οἱ
609 3451 846 3508 διάκονοι
873 3449 1007 3511 ὦσιν
1034 3458 1083 3513 οί
1108 3458 1250 3529 ἐμοί.
1284 3459 1347 3512 Et
1372 3459 1481 3531 7&9
1519 3449 1963 3515 κατακόπτεσθαι
1996 3461 2105 3516 ἔδει

534 3534 657 3616 καθ’
673 3536 908 3605 ἑκάστην
920 3538 1153 3607 ἡμέραν,
1172 3538 1276 3592 ὐπέ
1284 3556 1314 3608 9
1327 3540 1532 3594 τούτων
1541 3542 1641 3595 οὐκ
1654 3540 1770 3615 [28]
1788 3543 1955 3614 ἐχρῆν
1966 3560 2008 3597 π
2013 3561 2106 3616 ρο-

534 3614 726 3683 θύμως
738 3617 1134 3689 καταδέχεσθαι
1151 3636 1166 3684 ;
1184 3618 1470 3690 Ἐννόησον
1486 3621 1590 3675 ποῦ
1601 3614 1852 3695 ἐκάθισεν
1874 3614 2101 3690 ἐκεῖνος.

547 3695 775 3750 Ἐπάνω
802 3697 1006 3766 πάσης
1025 3698 1223 3769 ἀρχῆς
1253 3700 1352 3755 καί
1373 3702 1681 3769 ἐξουσίας.
1710 3705 1820 3757 Καὶ
1838 3706 1944 3760 τίνι
1972 3723 2105 3776 συγ-

534 3776 803 3848 κάθησαις
863 3779 1109 3851 Ἐκείνῳ.
1145 3781 1245 3845 Τίς
1267 3781 1385 3835 ῶνα
1417 3801 1434 3850 ;
1469 3784 1698 3854 Νεκρδς,
1730 3783 1889 3853 φύσει
1918 3787 2105 3843 τέκνον

532 3859 726 3928 ὀργῆς.
770 3861 881 3915 Καὶ
909 3861 964 3915 τί
996 3862 1402 3934 κατώρθωσας;
1432 3865 1620 3920 Οὐδέν.
1652 3866 1859 3931 Ὄντως
1887 3867 1984 3921 νῦν
2009 3869 2103 3924 εῦ-

537 3959 729 4015 καιρον
763 3945 1066 4017 ἀναϐοῆσαι
1085 3962 1100 3979 ⁸
1140 3947 1210 4002 Ὠ
1240 3948 1433 4016 ,βάθος
1453 3950 1724 4004 πλούτου
1755 3950 1853 4004 καί
1882 3954 2104 4021 σοφίας

532 4028 635 4081 καί
674 4027 948 4097 γνώσεως
980 4029 1164 4085 Θεοῦί
1203 4031 1284 4102 Τῇ
1322 4032 1432 4102 γὰρ
1468 4030 1664 4100 χάριτί
1729 4032 1872 4088 ἐστε
1908 4049 2102 4089 σεσω⁶

530 4111 767 4179 σμένοι,
799 4111 984 4181 φησίν.
1010 4113 1127 4167 ἰνα
1156 4116 1266 4185 γὰρ
1299 4115 1376 4186 μη
1405 4114 1466 4168 τὸ
1492 4113 1720 4184 μέγεθος
1739 4114 1847 4168 τῶν
1876 4115 2103 4189 εὐεργε-

533 4193 669 4244 σιῶν
691 4193 871 4264 ἐπάρῃ
906 4210 989 4257 σε,
1009 4195 1110 4265 δρα
1138 4196 1255 4258 πῶς
1288 4212 1349 4248 σε
1377 4196 1728 4249 καταστέλλει
1746 4212 1760 4227 ⁸
1792 4197 1873 4265 Τῇ
1901 4198 2103 4268 χάριτί

528 4274 672 4328 ἐστε
695 4275 1094 4345 σεσωσμένοι,
1129 4277 1284 4349 φησί.
1316 4277 1418 4331 Διὰ
1440 4278 1718 4345 πίστεως.
1751 4273 1886 4333 Εἶτα
1909 4280 1995 4333 ῖνα
2023 4283 2098 4353 μὴ

529 4355 693 4410 πάλιν
706 4357 767 4410 τὸ
800 4357 1142 4425 αὐτεξούσιον
1159 4359 1482 4430 λυμήνηται,
1503 4359 1667 4430 ἔθηκε
1688 4361 1782 4415 καὶ
1811 4360 1880 4416 τά
1898 4360 2058 4434 ήμῶν
2078 4379 2095 4396 ⁸

527 4440 625 4492 καὶ
655 4438 815 4494 πάλιν
841 4441 974 4495 αὐτὸ
1002 4442 1202 4508 ἀνεῖλε,
1232 4442 1328 4495 καί
1351 4457 1483 4513 φησι
1507 4457 1524 4475 ⁸
1552 4442 1661 4496 Καὶ
1684 4442 1859 4498 τοῦτο
1882 4447 1996 4499 οὐκ
2024 4446 2096 4511 ἐξ

527 4519 715 4600 τιμῶν.
754 4524 892 4577 Οὐδὲ
931 4525 965 4592 ή
1016 4524 1220 4587 πίστις,
1251 4524 1450 4593 φησὶν,
1490 4522 1550 4589 ἐξ
1581 4524 1773 4596 ἡμῶν·
1808 4527 1858 4580 εί
1886 4526 1994 4599 7&9
2018 4527 2095 4600 μὴ

524 4598 710 4673 in”:
744 4606 796 4657 εί
827 4606 938 4675 γὰρ
968 4604 1043 4675 μὴ
1080 4605 1329 4671 ἐκάλεσε,
1363 4606 1483 4668 πῶς
1522 4606 1838 4676 ἠδυνάμεθα
1871 4598 2096 4663 πιστεῦὲ

527 4700 654 4751 σαι;
681 4685 814 4751 Πῶς
838 4685 970 4755 7&9,
1004 4688 1162 4755 φησὶ,
1188 4688 1660 4752 πιστεύσουσιν,
1678 4689 1785 4745 ἐὰν
1800 4690 1887 4758 μὴ
1915 4690 2096 4746 ἀκού-

522 4781 753 4831 σωσιν;
784 4768 946 4822 Ὥστε
971 4767 1095 4822 οὐδὲ
1125 4768 1188 4821 τὸ
1209 4769 1306 4840 τῆς
1335 4769 1568 4834 πίστεως
1599 4771 1884 4842 ἡμέτερον.
1919 4772 2089 4841 Θεοῦ,

523 4851 682 4921 φησι,
738 4851 800 4906 τὸ
839 4850 1034 4921 δῶρον
1055 4866 1071 4882 ⁸
1110 4853 1225 4907 οὐκ
1266 4852 1336 4918 ἐξ
1363 4852 1570 4922 ἔργων.
1602 4853 1694 4924 Μὴ
1721 4854 1830 4926 7&9
1864 4856 2025 4927 ήρκει
2057 4858 2092 4929 ή

522 4933 706 4999 πίστις
731 4933 925 5001 σῶσαι,
957 4934 1162 5007 φησίν;
1206 4934 1345 4990 Ἀλλ’
1381 4936 1468 4990 ἴνα
1502 4936 1578 5007 μὴ
1603 4938 1791 5001 κενοὺς
1818 4938 1953 5010 μηδὲ
1988 4941 2091 5010 ἀρ-

522 5015 654 5082 γοὺς
682 5015 850 5090 σώσῃ,
882 5019 1086 5087 ταύτην
1115 5019 1377 5089 ἐζήτησεν
1415 5020 1444 5073 ό
1474 5019 1627 5084 Θεὸς,
1657 5020 1821 5089 φησίν
1841 5036 1855 5050 ⁸
1899 5016 2088 5088 Εἶπεν,

519 5097 605 5149 δτι
633 5098 667 5168 ή
714 5098 895 5165 πίστις
945 5099 1127 5165 σώζει,
1178 5101 1313 5155 ἀλλὰ
1345 5101 1434 5155 διά
1476 5100 1648 5156 Θεοῦ·
1690 5101 1877 5172 ἐπειδὴ
1922 5103 2031 5175 7&9
2061 5104 2090 5158 6

519 5178 655 5242 Θεὸς
678 5180 961 5252 ἠθέλησεν,
994 5183 1232 5254 ήπίστις
1266 5183 1490 5238 ἔσωσεν.
1529 5184 1680 5238 Ἐπεὶ
1709 5184 1825 5248 πῶς
1859 5185 2021 5250 σώζει
2052 5187 2086 5257 ή

521 5260 728 5325 πίστις,
756 5264 876 5317 είπέ
913 5283 1027 5335 μοι,
1059 5266 1188 5321 ἄνευ
1214 5265 1391 5337 ἔργων
1414 5282 1431 5334 ;
1464 5265 1634 5320 Τοῦτο
1661 5268 1791 5321 αὐτὸ
1819 5266 1955 5320 Θεοῦ
1983 5265 2088 5320 δῶ-

518 5344 618 5411 ρόν
645 5344 813 5407 ἐστιν,
844 5346 967 5400 Ἵνα
982 5349 1067 5416 μή
1092 5366 1183 5415 τις
1202 5348 1602 5419 καυχήσηται,
1630 5350 1715 5402 ἵνα
1736 5347 2088 5418 εὐγνώμονας

479 5424 498 5435 ⁵
522 5423 652 5494 περὶ
684 5426 782 5497 τὴν
803 5428 963 5498 χάριν
1001 5431 1219 5503 ποιήσῃ.
1249 5432 1314 5484 Τί
1340 5428 1454 5495 οῦν,
1478 5432 1665 5500 φησὶν,
1691 5431 1854 5494 αὐτὸς
1877 5428 2085 5484 ἐκώλυ-

519 5521 616 5563 σεν
650 5507 711 5576 ἐξ
736 5508 914 5580 ἔργων
946 5508 1330 5581 δικαιωθῆναι;
1363 5510 1629 5584 Οὐδαμῶς
1650 5527 1664 5541 ⁸
1699 5510 1836 5580 ἀλλ’,
1877 5511 2083 5577 Οὐδεὶς,

580 5774 606 5804 ⁸
634 5773 772 5838 ﬁnus
793 5772 976 5838 (19(10):,
993 5775 1088 5838 Δκιιὶ
1113 5775 1339 5833 ἐξουσίας.
1365 5778 1519 5838 φησίν.
1545 5776 1798 5833 Ἐννόησον
1820 5775 1890 5823 ὅτι
1916 5774 2081 5833 ἐκείνῳ

517 5834 759 5895 ﬁmum
787 5834 853 5896 τῷ
886 5834 1136 5882 καλέσαντι
1158 5838 1313 5886 ἐπάνω
1338 5834 1490 5895 πάσης
1522 5838 1684 5900 ἀρχῆς.
1713 5838 1792 5892 Τίς
1814 5838 1898 5883 ὧν.

2228 403 2415 471 φησὶν,
2449 403 2508 470 ἐξ
2540 403 2716 476 ἔργων
2752 405 3063 474 ἐδικαιώθη,
3114 405 3203 460 ἴνα
3236 405 3420 480 δειχθῇ
3452 406 3548 461 τοῦ
3587 408 3729 463 Θεοῦ
3763 411 3798 480 ή

2226 488 2386 558 χάρις
2432 487 2528 542 καὶ
2561 489 2596 559 ἡ
2635 488 3032 558 φιλανθρωπία.
3073 489 3207 559 Οὐχὶ
3250 488 3471 559 ἔχοντας
3514 489 3655 562 ἔργα
3686 491 3797 544 ἀπ-

2220 570 2421 634 ώσατο,
2466 570 2605 624 ἀλλά
2647 571 3066 642 προδεδομένους
3086 626 3089 630 ,
3109 571 3217 625 ἀπὺ
3260 571 3372 626 τῶν
3402 572 3581 643 ἔργων
3610 575 3796 645 χάριτι

2221 652 2446 718 ἔσωσεν,
2475 653 2618 707 ὥστε
2658 654 2863 725 μηδένα
2889 653 3074 708 λοιπὸν
3103 654 3245 726 ἔχειν
3279 656 3608 726 καυχᾶσθαι.

2289 841 2359 903 γ’.
2388 832 2520 890 Εἶτα
2537 835 2622 889 ἵνα
2641 834 2715 907 μὴ
2741 833 2999 899 ἀκούσας,
3013 835 3094 889 δτι
3119 835 3219 888 οὐκ
3239 833 3298 902 ἐξ
3318 834 3514 906 ἔργων.
3537 834 3677 890 ἀλλά
3703 835 3794 891 πί-

2221 932 2337 972 στει
2365 919 2426 972 τὸ
2454 920 2565 973 πᾶν
2590 917 2952 990 κατωρθώθη,
2978 919 3148 989 ἀργὸς
3177 919 3333 990 μένῃ,
3369 920 3471 991 ὅρα
3497 919 3551 972 τί
3582 921 3794 991 ἐπήγα-

2217 1018 2351 1071 γεν·
2402 1002 2601 1058 Αὐτοῦ
2645 1001 2754 1073 γάρ
2805 1003 2994 1071 ἐσμεν
3039 1003 3288 1072 ποίημα.
3331 1002 3686 1071 κτισθέντες
3724 1005 3794 1058 ἐν

2218 1086 2450 1155 Χριστῷ
2488 1085 2695 1154 Ἰησοῦ
2725 1085 2825 1139 ἐπὶ
2862 1084 3060 1155 ἔργοις
3092 1085 3361 1154 ἀγαθοῖς,
3392 1080 3484 1152 οἷς
3511 1087 3793 1156 προητοί-

2214 1185 2413 1239 μασεν
2436 1172 2470 1224 ό
2492 1168 2656 1235 Θεὸς.
2679 1168 2781 1222 ἵνα
2794 1169 2864 1221 ἐν
2884 1167 3088 1234 αὐτοῖς
3107 1166 3631 1239 περιπατήσωμεν.
3648 1169 3792 1240 Ὅρα

2218 1252 2381 1306 αὐτὸν
2407 1252 2462 1306 τί
2490 1269 2624 1321 φησι
2647 1269 2661 1282 ⁸
2687 1252 2786 1323 τὴν
2814 1250 3171 1321 ἀναγέννησιν
3203 1250 3436 1305 ἐνταῦθα
3465 1254 3787 1309 αίνίττεται.

2222 1338 2428 1400 Ὄντως
2458 1336 2636 1400 κτίσις
2672 1336 2833 1407 ἐτὲρα
2880 1336 3030 1390 ἐστίν
3052 1351 3067 1366 ⁸
3106 1337 3172 1389 ἐκ
3201 1335 3298 1389 τοῦ
3325 1336 3401 1407 μὴ
3428 1336 3586 1400 ὄντος
3618 1339 3707 1402 είς
3729 1337 3787 1392 τδ

2217 1416 2355 1474 εῖναι
2391 1418 2772 1491 παρήχθημεν.
2805 1420 2980 1489 Ὅπερ
3014 1415 3155 1489 ἦμεν
3190 1419 3478 1490 πρότερον,
3518 1421 3788 1475 ἀπεθάνο-

2219 1520 2339 1574 μεν,
2367 1503 2664 1565 τουτέστιν,
2696 1504 2726 1556 δ
2759 1501 2985 1562 παλαιὸς
3005 1501 3288 1571 ἄνθρωπος
3307 1516 3321 1531 ⁶
3348 1503 3484 1575 ὅπερ
3509 1504 3611 1559 οὐκ
3643 1499 3785 1574 ἦμεν

2217 1586 2499 1656 πρότερον,
2543 1584 2856 1656 ἐγενόμεθα.
2898 1585 3038 1655 Ἄρα
3057 1584 3232 1648 κτίσις
3263 1584 3325 1639 τὸ
3366 1587 3601 1657 πρᾶγμά
3644 1586 3781 1649 ἐστι,

2216 1671 2310 1723 καὶ
2340 1671 2437 1740 τῆς
2478 1667 2669 1738 ἐτέρας
2712 1667 3011 1737 τιμιωτέρα
3034 1683 3050 1697 ⁸
3083 1665 3142 1732 ἐξ
3190 1667 3403 1739 ἐκείνης
3445 1668 3545 1737 μὲν
3573 1667 3689 1741 7&9
3725 1671 3784 1722 τὸ

2215 1752 2335 1822 ζῇν.
2366 1754 2431 1806 ἐκ
2456 1750 2513 1804 δὲ
2557 1748 2763 1820 ταύτης
2790 1750 2851 1803 τὸ
2882 1748 3060 1812 καλῶς
3097 1748 3198 1821 ζῇν
3234 1750 3368 1818 ήμῖν
3407 1749 3781 1820 περιγέγονεν.

2227 1835 2353 1889 Ἐπὶ
2389 1835 2584 1906 ἔργοις
2624 1833 2887 1902 ἀγαθοῖς,
2933 1827 3024 1899 οἷς
3058 1833 3499 1901 προητοίμασεν
3538 1836 3573 1888 ό
3615 1835 3783 1901 Θεὸς,

2213 1921 2314 1974 ἵνα
2339 1919 2409 1974 ἐν
2430 1916 2636 1984 αὐτοῖς
2664 1916 3162 1985 περιπατήσωμεν
3181 1932 3195 1946 ⁸
3227 1916 3326 1987 οὐχ
3354 1917 3439 1970 ἵνα
3463 1914 3781 1988 ἀρξώμεθα.

2213 2006 2352 2069 ἀλλ’,
2376 2007 2511 2061 Ἵνα
2529 2002 3022 2074 περιπατήσωμεν
3037 2018 3052 2033 ⁸
3076 2001 3331 2072 διαρκοῦς
3346 1999 3455 2072 7&9
3471 2002 3602 2073 ἡμῖν
3625 2003 3783 2072 χρεία

2211 2089 2314 2159 τῆς
2358 2087 2561 2159 ἀρετῆς
2593 2085 2689 2140 καὶ
2736 2083 3103 2153 ἐκτεταμένης
3142 2084 3222 2146 είς
3246 2081 3342 2151 τῆν
3385 2081 3645 2154 τελευτὴν
3683 2082 3785 2154 τὴν

2214 2171 2511 2243 ήμετέραν.
2551 2168 2686 2224 Οὐδὲ
2715 2168 2846 2240 7&9,
2881 2169 2929 2220 εἰ
2963 2166 3199 2237 βαδίζειν
3226 2165 3345 2218 ὁδὸν
3373 2164 3481 2219 ἔδει
3514 2167 3594 2227 είς
3624 2166 3782 2219 πόλιν

2212 2256 2483 2326 φέρουσαν
2510 2251 2812 2322 βασιλικὴν,
2838 2245 2960 2303 εἶτα
2980 2249 3040 2303 τὸ
3067 2248 3227 2301 πλέον
3254 2247 3427 2319 αὐτῆς
3459 2245 3782 2315 ἀνύσαντες,

2212 2339 2341 2410 περὶ
2363 2338 2425 2392 τὸ
2451 2337 2603 2399 τέλος
2633 2335 2765 2390 αὐτὸ
2797 2331 3221 2404 μαλακισθέντες
3247 2331 3603 2403 ἐκαθίσαμεν,
3641 2333 3782 2406 ὢνη-

2214 2438 2306 2476 σεν
2344 2420 2412 2475 ἀν
2451 2422 2603 2491 ήμᾶς
2639 2418 2701 2472 τὸ
2745 2416 2993 2487 βαδίσαι⁸
3042 2414 3214 2478 οὕτως
3249 2414 3371 2468 οὐδέ
3408 2417 3443 2486 ἠ
3487 2415 3646 2481 ἐλπὶς
3681 2418 3781 2485 τῆς

2209 2505 2454 2577 κλήσεως
2472 2502 2734 2573 ώνήσειεν
2755 2499 2821 2554 ἀν
2840 2516 2893 2552 τι
2908 2498 3034 2561 τοὺς
3057 2495 3429 2568 κεκτημένους
3443 2496 3505 2551 τὸ
3520 2500 3778 2569 πρᾶγμα,

2210 2588 2280 2642 ἂν
2308 2586 2384 2658 μὴ
2422 2585 2589 2650 ἀξίως
2615 2582 3075 2654 περιπατήσωμεν
3101 2578 3194 2633 τοῦ
3238 2577 3586 2644 καλέσαντος.
3630 2581 3780 2653 In“-

2210 2670 2394 2733 θέντες
2419 2664 2513 2722 οῦν
2539 2668 2626 2721 ἐπ’
2656 2664 2838 2736 ἔργοις
2866 2661 3109 2732 ἀγαθοῖς,
3150 2660 3402 2732 μένωμεν
3430 2661 3650 2717 ἅπαντα
3683 2664 3777 2735 ἐρ-

2207 2752 2519 2822 γαζύμενοι.
2551 2749 2651 2803 Διά
2681 2745 2843 2802 τοῦτο
2870 2746 2979 2817 7&9
3006 2744 3337 2816 ἐκλήθημεν,
3359 2745 3457 2815 οὐχ
3488 2745 3574 2799 ἵνα
3600 2745 3661 2800 ἐν
3687 2746 3777 2817 ἔρ·

2207 2852 2305 2906 γον
2338 2831 2721 2904 ἐργασώμεθά,
2765 2830 2881 2884 ἀλλ’
2920 2830 3008 2883 ἵνα
3033 2829 3230 2883 πάντα.
3266 2828 3478 2902 Ὠσπερ
3511 2827 3629 2901 [29]
3667 2830 3777 2901 7&9

2209 2918 2491 2989 αἰσθήσεις
2549 2918 2682 2986 ἡμῖν
2733 2914 2895 2968 πέντε
2945 2912 3074 2975 εἰσὶ,
3126 2911 3222 2966 καὶ
3264 2910 3468 2976 πάσαις
3525 2914 3606 2976 εἰς
3657 2913 3777 2967 δέον

2207 3001 2508 3072 κεχρῆσθαι
2534 2999 2616 3078 δεῖ
2639 3037 2654 3061 ,
2684 2996 2827 3050 οῦτω
2862 2996 2955 3049 καὶ
2976 2994 3180 3078 πάσαις
3208 2996 3325 3078 ταῖς
3350 2995 3601 3078 ἀρεταῖς.
3632 2995 3698 3049 Εἰ
3718 2994 3777 3048 δέ

2205 3103 2289 3150 τις
2305 3075 2609 3157 σωφρονοίη
2637 3080 2758 3151 μὲν,
2787 3078 2979 3149 άνελεή
2988 3095 3104 3147 μων
3123 3076 3181 3131 δέ
3202 3077 3315 3147 εἴη,
3341 3075 3376 3145 ἢ
3399 3075 3648 3146 ἐλεήμων
3675 3078 3781 3145 μὲν

2207 3171 2314 3241 εἴη.
2346 3166 2674 3236 πλεονέκτης
2704 3164 2785 3224 δέ.
2820 3163 2853 3233 ἢ
2890 3159 3275 3232 ἀπέχοιτοημὲν
3307 3159 3417 3213 τῶν
3450 3160 3777 3231 ἀλλοτρίων,

2206 3252 2314 3306 τῶν
2339 3251 2396 3305 δέ
2432 3247 2597 3303 αὐτοῦ
2635 3248 2708 3317 μὴ
2743 3244 3030 3314 μεταδιδοῖ,
3061 3243 3241 3298 πάντα
3267 3243 3391 3313 είκῆ
3422 3242 3653 3311 γίνεται.
3697 3243 3776 3297 Οὐ

2204 3335 2312 3405 γὰρ
2341 3333 2503 3403 ἀρκεῖ
2545 3330 2645 3401 μία
2682 3329 2840 3399 μόνον
2875 3325 3043 3397 ἀρετή
3071 3325 3421 3397 παραστῆσαι
3453 3324 3534 3396 τῷ
3566 3325 3777 3396 βήματι

2202 3416 2299 3472 τοῦ
2344 3412 2580 3488 Χριστοῦ
2630 3411 2768 3483 μετὰ
2812 3408 3123 3481 παρρησίας
3160 3411 3332 3481 ἡμᾶς,
3380 3408 3519 3463 ἀλλά
3573 3409 3773 3478 πολλῆς

2204 3502 2337 3572 ἡμῖν
2378 3498 2460 3552 δεῖ
2502 3496 2598 3552 καὶ
2634 3493 2883 3562 ποικίλης
2919 3494 3015 3546 καὶ
3051 3492 3417 3563 παντοδαπῆς,
3463 3491 3559 3545 καὶ
3591 3492 3773 3562 πάσης

2202 3582 2394 3652 αὐτῆς.
2425 3583 2626 3635 Ἄκουε
2654 3576 2763 3647 γάρ
2787 3572 2882 3630 τοῦ
2921 3573 3160 3642 Χριστοῦ
3182 3573 3431 3643 λέγοντος
3452 3576 3565 3637 τοῖς
3594 3574 3775 3644 paen.

2200 3667 2322 3728 ταῖς
2340 3680 2356 3698 ⁸
2390 3661 2786 3731 Πορευθέντες
2815 3656 3231 3727 μαθητεύσατε
3259 3655 3456 3710 πάντα
3486 3656 3561 3711 τά
3601 3656 3771 3723 ἔθνη,

2200 3748 2593 3811 διδάσκοντες
2613 3741 2834 3807 αὐτοὺς
2856 3739 3057 3809 τηρεῖν
3079 3739 3296 3801 πάντα,
3324 3738 3444 3793 ὅσα
3475 3738 3772 3819 ἐνετειλῶ-

2197 3848 2324 3901 μην
2350 3829 2494 3899 ὑμῖν
2511 3844 2526 3861 ⁸
2560 3828 2655 3882 καὶ
2686 3825 2870 3888 πάλιν,
2895 3826 3006 3879 Ἂν
3035 3824 3200 3891 λύσῃ
3238 3839 3328 3889 τις
3348 3823 3500 3892 μίαν
3525 3821 3646 3877 τῶν
3665 3823 3767 3877 ἐν·

2200 3910 2397 3967 τολῶν
2424 3910 2649 3965 τούτων
2669 3906 2787 3962 τῶν
2806 3907 3163 3975 ἐλαχίστων,
3188 3904 3517 3972 ἐλάχιστος
3544 3905 3771 3972 κληθή-

2200 4009 2370 4049 σεται
2399 3994 2469 4047 ὲν
2498 3990 2573 4060 τῇ
2588 3989 2877 4056 ,ϐασιλείᾳ
2907 3988 3026 4043 τῶν
3056 3985 3350 4056 οὐρανῶν,
3379 3989 3679 4053 τουτέστιν,
3708 3990 3774 4042 ἐν

2199 4080 2265 4147 τῇ
2290 4077 2602 4130 ἀναστάσει.
2629 4074 2705 4127 Οὐ
2730 4072 2839 4144 7&9
2858 4072 2922 4142 δὴ
2944 4072 3025 4134 είς
3054 4070 3331 4141 βασιλείαν
3363 4071 3732 4128 εἰσελεύσεται
3749 4087 3766 4104 ·

2199 4154 2307 4213 οἶδε
2335 4157 2446 4226 γὰρ
2476 4156 2571 4211 καὶ
2596 4156 2756 4209 αὐτὸν
2779 4156 2871 4208 τὸν
2898 4153 3088 4224 καιρὸν
3113 4155 3212 4223 τῆς
3231 4153 3583 4216 ἀναστάσεως
3616 4152 3775 4223 βασι⁴

2197 4241 2348 4297 λείαν
2384 4240 2587 4294 καλεῖν.
2636 4240 2795 4293 Μίαν
2835 4238 2944 4290 ἐὰν
2980 4237 3166 4302 λύσῃ,
3209 4236 3399 4305 φησιν,
3441 4234 3771 4305 ἐλάχιστος

2197 4324 2584 4394 κληθήσεται.
2617 4323 2779 4376 Ὥστε
2809 4321 2996 4375 πασῶν
3032 4322 3163 4391 ἡμῖν
3191 4319 3291 4374 δεῖ.

2265 4504 2375 4559 Καὶ
2393 4504 2495 4573 ὅρα
2518 4501 2636 4566 πῶς
2662 4501 2764 4555 οὐκ
2790 4500 2868 4554 ἔνι
2889 4499 3057 4571 χωρὶς
3081 4499 3452 4569 ἐλεημοσύνης
3479 4498 3765 4563 εἰσελθεῖν,

2193 4587 2330 4645 ἀλλά
2359 4587 2464 4642 κᾶν
2503 4585 2641 4658 αῦτη
2680 4584 2817 4658 μόνη
2856 4583 3068 4655 ἐλλίπῃ.
3099 4584 3179 4646 είς
3218 4582 3280 4635 τὸ
3317 4581 3429 4654 πῦρ
3465 4582 3769 4635 ἀπελευσό-

2198 4670 2356 4743 μεθα.
2399 4669 2711 4727 Ἀπέλθετε
2751 4668 2880 4736 7&9,
2923 4667 3109 4736 φησὶν,
3139 4666 3194 4719 οί
3239 4664 3644 4732 κατηραμένοι
3680 4665 3769 4728 είς

2193 4755 2258 4809 τὸ
2301 4754 2420 4823 πῦρ
2443 4752 2682 4807 αίώνιον
2705 4750 2770 4805 τὸ
2800 4748 3238 4819 ἡτοιμασμένον
3265 4745 3347 4811 τῷ
3376 4747 3637 4813 διαϐόλῳ
3668 4747 3765 4801 καί

2191 4834 2317 4899 τοῖς
2336 4833 2613 4905 ἀγγέλοις
2636 4833 2842 4888 αὐτοῦ.
2870 4832 3024 4895 Τίνος
3048 4831 3254 4893 ἐνεκεν,
3281 4829 3379 4883 καῖ
3403 4829 3493 4883 διὰ
3522 4831 3574 4881 τί
3599 4846 3615 4893 ;
3644 4830 3769 4883 ’Ὁτι

2190 4917 2502 4982 ἐπείνασα,
2528 4916 2623 4969 καὶ
2646 4916 2758 4970 οὐκ
2784 4912 3042 4967 ἐδώκατέ
3054 4930 3156 4981 μοι
3181 4912 3396 4982 φαγεῖν
3418 4928 3434 4943 ⁸
3470 4911 3766 4980 ἐδίψησα.

2191 5005 2290 5058 καί
2343 5006 2455 5057 οὐκ
2495 4999 2811 5057 ἐποτίσατέ
2852 5015 2948 5069 με.
3008 4995 3161 5061 Εἶδες
3208 4998 3324 5060 πῶς
3373 4997 3529 5050 οὐδὲν
3578 4997 3768 5071 ἕτερον

2190 5087 2568 5159 ἐγκληθέντες,
2592 5084 2694 5152 διὰ,
2704 5082 2858 5137 τοῦτο
2881 5082 3040 5152 μόνον
3059 5080 3339 5135 ἀπώλοντο
3362 5096 3377 5144 ;
3408 5080 3520 5132 Καὶ
3542 5081 3601 5133 αί
3626 5097 3763 5151 παρ-

2190 5169 2332 5224 θένοι
2373 5168 2463 5223 διὰ.
2504 5165 2662 5221 τοῦτο
2698 5164 2861 5234 μόνον
2906 5162 3275 5232 ἐξεϐλήθησαν
3314 5160 3411 5213 τοῦ
3447 5162 3764 5231 νυμφῶνος,

2188 5253 2366 5307 καίτοι
2410 5267 2474 5320 γε
2508 5246 2859 5318 σωφροσύνην
2895 5241 3040 5315 εἶχον
3063 5260 3079 5275 ⁸
3116 5243 3231 5296 ἀλλ’
3275 5243 3466 5313 ἐπειδὴ
3496 5244 3601 5313 τῆς
3654 5246 3768 5299 ἀπὺ

2189 5332 2555 5406 ἐλεημοσύνης
2588 5325 2729 5398 ἦσαν
2761 5326 2954 5397 ἔρημοι
2985 5326 3259 5397 βοηθείας,
3309 5324 3390 5395 τῷ
3429 5326 3656 5396 νυμφίῳ
3699 5327 3766 5379 οὗ

2189 5413 2555 5484 συνεισῆλθον.
2581 5408 2864 5477 Είρήνην,
2894 5410 3045 5478 φησὶ,
3065 5409 3215 5477 μετὰ
3232 5408 3475 5461 πάντων
3494 5408 3763 5474 διώκετε,

2187 5497 2282 5550 καί
2322 5495 2432 5549 τὸν
2479 5491 2793 5560 ἁγιασμόν,
2832 5486 2904 5545 οὗ
2943 5490 3123 5558 χωρὶς
3168 5489 3369 5555 οὐδεὶς
3401 5490 3614 5557 ὄψεται
3654 5493 3767 5545 τὸν

2186 5579 2424 5645 Κύριον.
2465 5572 2744 5642 Ἐννόησον
2775 5572 2973 5636 τοίνυν,
3008 5573 3093 5625 ὅτι
3121 5571 3293 5642 χωρὶς
3331 5572 3432 5642 μέν
3466 5575 3763 5644 σωφροσὺ-

2187 5677 2284 5730 νης
2311 5658 2411 5711 οὐκ
2443 5656 2521 5710 ἔνι
2564 5655 2690 5708 ἰδεῖν
2723 5654 2815 5709 τὸν
2849 5655 3052 5724 Κύριον
3077 5668 3090 5681 ⁸
3132 5654 3193 5705 οὐ
3241 5655 3460 5716 πάντως
3511 5655 3570 5707 δὲ
3616 5656 3766 5724 μετὰ

2188 5739 2540 5809 σωφροσύνης
2580 5738 2802 5791 δυνατὸν
2846 5737 2973 5789 ίδείν
2994 5751 3009 5764 ⁸
3038 5734 3293 5797 πολλάκις
3321 5735 3429 5805 7&9
3453 5736 3649 5806 ἕτερον
3676 5742 3763 5792 ὲν.

2189 5821 2419 5874 επόδισε.
2452 5820 2619 5874 Πάλιν
2636 5819 2700 5873 ἂν
2723 5820 2897 5873 πάντα
2928 5817 3375 5888 κατορθώσωμεν,
3408 5821 3500 5872 τὸν
3527 5821 3586 5874 δὲ
3617 5823 3762 5887 πλησ-
