3932 6220
196 377 264 431 53
1098 365 1162 421 IN
1205 363 1422 420 EPIST.
1467 363 1559 418 AD
1598 360 1842 417 EPHES.
1883 358 2036 417 CAP.
2079 359 2144 416 11.
2185 357 2414 416 1103111..
2459 356 2546 414 IV.
3389 366 3460 421 δι

195 488 473 544 suscitavit
503 501 600 556 per
649 486 919 540 lavacrum
940 521 957 548 ,
1003 481 1276 552 quomodo
1303 495 1433 552 ergo
1475 479 1775 536 consedere

190 576 350 633 fecit?
381 579 515 634 Nam
561 577 623 632 Si
649 577 979 638 sustinemus,
1014 574 1224 644 inquit,
1271 582 1318 628 et
1360 573 1778 642 conregnabimus

199 671 295 744 (2.
333 669 472 724 Tim.
500 671 555 724 2.
586 667 651 723 l2
681 668 722 738 ).
780 667 838 722 Si
885 666 1146 720 morimur
1168 707 1184 730 ,
1211 665 1374 720 etiam
1421 664 1579 718 simul
1627 663 1776 718 vive-

195 777 336 816 mus.
365 761 564 830 Spiritu
613 773 799 814 revera
842 771 978 827 opus
1000 768 1084 811 est
1118 765 1174 811 et
1199 754 1525 810 revelatioue
1551 793 1567 820 ,
1597 765 1652 807 ut
1699 755 1751 806 iu

196 852 500 921 [alligamus
543 851 864 921 profundum
908 848 1099 902 horqu
1145 846 1539 917 mysteriorum.
1578 844 1775 898 Deinde

195 960 262 997 ne
303 942 461 997 ﬁdem
503 959 609 996 non
655 941 856 996 habeas
877 981 893 1006 ,
923 939 1045 993 vide
1074 938 1199 1008 quid
1244 935 1532 1006 subjungat
1563 952 1576 988 :
1608 936 1661 989 7.
1707 931 1775 988 Ut

193 1034 474 1088 ostenderet
503 1035 556 1086 in
581 1032 780 1086 saeculis
807 1029 1267 1098 supervenientibus
1303 1029 1615 1082 abundantes
1643 1025 1775 1078 divi-

195 1127 290 1180 tias
319 1127 498 1198 gratia:
531 1141 670 1189 sucu.
693 1127 746 1178 in
776 1124 997 1177 bonitate
1030 1137 1297 1189 supernos
1324 1122 1377 1174 in
1399 1119 1598 1175 Christo
1629 1119 1772 1173 Iesu.

196 1217 324 1272 Nam
351 1218 602 1288 quoniam
633 1216 722 1270 illa
745 1215 878 1269 dixit
898 1213 967 1268 de
987 1211 1236 1276 Christo;
1265 1226 1385 1282 quze
1412 1218 1590 1264 autem
1617 1209 1772 1274 dixit,

194 1308 260 1362 ad
290 1325 388 1364 nos
419 1309 551 1362 nihil
581 1318 775 1362 erant:
821 1322 942 1360 nam
985 1304 1114 1374 quid
1155 1302 1220 1357 ad
1250 1316 1349 1357 nos
1391 1302 1437 1356 si
1465 1301 1555 1356 ille
1599 1316 1777 1355 resur-

195 1401 370 1457 rexit?
397 1398 636 1454 ostendit
658 1398 708 1451 id
732 1410 941 1466 quoque
961 1394 1028 1448 ad
1052 1409 1150 1448 nos
1181 1403 1467 1462 pertinere,
1486 1391 1531 1445 si
1558 1389 1774 1460 quidem

194 1495 240 1548 is
269 1492 428 1546 nobis
456 1501 540 1546 est
583 1490 791 1551 unitos;
822 1487 921 1540 nisi
944 1483 1087 1556 quod
1116 1500 1358 1539 seorsum
1405 1483 1533 1537 dicit
1559 1498 1680 1552 qua:
1706 1481 1774 1537 ad

194 1599 296 1637 nos
331 1582 602 1651 pertinent
630 1596 644 1631 :
677 1577 739 1632 Et
768 1593 881 1630 cum
909 1591 1128 1630 essemus
1157 1576 1341 1626 mortui
1369 1574 1586 1640 peccatis
1605 1614 1620 1636 ,
1653 1589 1775 1625 con-

191 1674 507 1728 resuscitauit
535 1681 580 1724 et
609 1668 874 1724 consedere
896 1667 1032 1735 fecit.
1082 1667 1465 1734 Quamobrem,
1528 1665 1664 1720 sicut
1691 1665 1774 1718 di—

192 1766 383 1819 cebam
404 1806 419 1829 ,
449 1763 555 1817 noli
586 1777 691 1816 non
722 1760 921 1815 habere
949 1757 1145 1820 ﬁdem,
1184 1767 1400 1826 accepta
1429 1756 1770 1812 demonstra-

191 1858 342 1910 tione
386 1864 442 1909 et
485 1870 550 1908 ex
597 1851 862 1923 prioribus
908 1859 964 1906 et
1006 1865 1071 1904 ex
1120 1850 1295 1918 capite
1323 1858 1378 1902 et
1409 1863 1474 1902 ex
1519 1863 1585 1902 eo
1630 1846 1774 1917 quod

191 1949 328 2003 velit
354 1945 638 2002 ostendere
665 1959 817 1999 suam
858 1943 1163 1998 bonitatem.
1215 1938 1495 2008 Quomodo
1521 1939 1665 1992 enim
1687 1953 1776 1990 os-

193 2041 414 2104 tendet,
464 2039 509 2094 si
551 2038 656 2091 hoc
697 2053 802 2090 non
851 2034 1045 2089 factum
1091 2033 1292 2087 fuerit?
1337 2031 1402 2085 Et
1430 2030 1678 2084 ostendet
1721 2029 1776 2083 in

189 2130 412 2185 sa-culis
465 2127 985 2198 supervenientibus.
1040 2123 1343 2192 Quidnam?
1387 2121 1540 2189 Quod
1585 2137 1775 2189 magna

189 2224 300 2276 sint
331 2223 474 2275 bona
501 2227 556 2273 et
585 2217 834 2271 otnnibus
860 2215 1214 2269 credibilium.
1242 2212 1374 2266 Nam
1398 2225 1538 2266 nunc
1563 2211 1776 2278 quidem

188 2330 314 2382 qua:
342 2313 636 2374 dicuntur,
670 2306 955 2362 incredulis
984 2305 1231 2358 videntur
1266 2317 1387 2358 esse
1428 2316 1622 2371 nugas;
1655 2312 1779 2354 tunc

187 2415 374 2459 autem
421 2417 611 2456 omnes
662 2399 855 2454 scient.
910 2395 997 2450 Vis
1039 2395 1247 2449 (ἥιρει-ε
1301 2394 1460 2447 etiam
1509 2390 1778 2462 quomodo

189 2496 317 2550 feeit
348 2489 684 2548 consedere?
711 2487 846 2542 Audi
884 2488 1052 2556 ipsum
1083 2485 1354 2539 Christum
1397 2483 1662 2536 dicentem
1690 2481 1769 2533 di.

188 2587 421 2655 scipulis
454 2603 466 2636 :
496 2582 744 2637 Sedebitis
773 2595 924 2642 super
959 2578 1223 2631 duodecim
1263 2575 1406 2629 sedes
1426 2617 1440 2638 ,
1483 2573 1775 2644 judicantrs

189 2677 465 2732 duodecim
505 2674 660 2726 tribus
723 2670 923 2731 lsrael,‘
962 2679 1016 2724 ει
1058 2682 1278 2731 rursus,
1315 2665 1506 2720 Sedere
1541 2673 1709 2716 autent
1743 2679 1776 2714 ιι

191 2771 418 2828 dexteris
456 2770 577 2822 meis
620 2776 668 2820 et
694 2783 725 2818 a
764 2765 979 2819 sinistris
1004 2804 1020 2828 ,
1060 2779 1160 2816 non
1191 2772 1262 2815 est
1305 2776 1469 2812 meum
1506 2755 1776 2821 dare,sed

189 2865 378 2934 quibus
407 2870 640 2930 paratum
665 2867 739 2912 est
767 2876 798 2910 a
823 2855 977 2909 Patre
1005 2871 1113 2907 meo
1134 2852 1355 2924 (Matth.
1379 2851 1468 2905 l9.
1495 2850 1586 2903 ‘28.
1615 2861 1661 2902 et
1681 2846 1773 2902 20.

189 2957 309 3024 23).
344 2955 438 3007 Est
465 2952 639 3019 itaque
669 2957 932 3017 paratum.
977 2945 1041 3000 Et
1071 2957 1217 2998 recte
1247 2943 1408 3005 dicit,
1455 2939 1516 2994 In
1557 2940 1777 2994 bonitate

191 3063 350 3116 super
382 3061 473 3097 nos
507 3043 560 3095 in
605 3040 804 3095 Christo
843 3039 987 3092 Iesu.
1033 3036 1235 3092 Sedere
1274 3035 1415 3089 enim
1443 3049 1473 3087 a
1502 3033 1737 3088 dexteris
1758 3073 1773 3096 ,

191 3150 274 3194 est
324 3135 543 3190 honoris
586 3133 674 3203 qui
713 3117 926 3186 omnem
974 3137 1191 3199 superat
1238 3127 1520 3192 honorem,
1566 3134 1621 3179 et
1659 3130 1778 3192 post

194 3245 356 3298 quem
387 3241 495 3279 non
521 3233 644 3277 sunt
686 3223 811 3275 alia.
846 3221 954 3274 lloe
983 3235 1111 3289 ergo
1141 3218 1294 3284 dixit,
1312 3232 1408 3271 nos
1428 3231 1637 3286 quoque
1663 3229 1776 3268 ses-

193 3333 373 3372 ειη-οε.
408 3315 546 3369 Vere
572 3322 696 3368 sunt
722 3321 1104 3382 exsuperantes
1134 3309 1366 3376 divitiae,
1398 3323 1522 3363 vere
1548 3321 1777 3374 exsupe-

192 3427 324 3465 rans
367 3406 677 3478 magnitudo
720 3405 840 3475 ejus
883 3403 1128 3468 virtutis,
1164 3402 1350 3456 sedere
1386 3415 1507 3454 ctun
1534 3396 1772 3454 Clu-isto.

192 3500 422 3557 Etiamsi
453 3499 600 3554 mille
627 3497 826 3551 habeas
851 3494 1080 3561 animas,
1106 3501 1324 3564 propter
1339 3493 1512 3561 ipsum
1541 3505 1635 3544 eas
1667 3504 1773 3542 non

193 3594 421 3665 perdis?
460 3608 580 3646 nam
631 3593 731 3647 etsi
777 3590 830 3644 in
878 3591 1052 3658 ignem
1098 3596 1242 3642 esset
1285 3583 1587 3639 intrandum
1615 3622 1632 3646 ,
1677 3597 1777 3635 an-

191 3707 302 3744 non
333 3696 610 3756 oporteret
652 3684 755 3738 hoc
809 3689 1051 3751 prompte
1103 3677 1403 3732 sustinere?
1452 3675 1619 3730 Porro
1664 3673 1780 3742 ipse

189 3793 416 3851 quoque
474 3790 659 3829 rursus
702 3774 865 3834 dicit,
915 3770 1048 3826 Volo
1098 3779 1155 3823 ιιι
1192 3767 1282 3822 ubi
1333 3781 1452 3822 sum
1501 3779 1631 3834 ego,
1679 3763 1778 3818 mi-

191 3871 352 3925 nistri
384 3880 600 3937 quoque
630 3863 732 3919 mei
777 3863 882 3916 siut
906 3859 1082 3930 (Joan.
1117 3859 1205 3914 19..
1238 3857 1356 3928 26).
1392 3856 1521 3911 Nam
1553 3855 1595 3909 si
1625 3868 1778 3924 opor-

193 3969 339 4016 teret
364 3955 605 4029 quotidie
639 3952 928 4017 dissecari,
959 3967 1134 4006 annon
1172 3956 1448 4019 oporteret
1485 3946 1534 4000 id
1582 3961 1676 4013 pro
1714 3960 1780 3998 eo

193 4060 455 4124 prompto
483 4058 536 4104 et
580 4047 743 4102 alacri
791 4045 969 4099 animo
1010 4042 1326 4112 suscipere?
1351 4039 1538 4108 Cogita
1570 4038 1658 4091 ubi
1689 4037 1779 4092 ille

196 4142 405 4198 sederit
439 4161 453 4194 :
481 4139 654 4209 Supra
679 4153 877 4191 onmem
905 4135 1246 4205 principatum
1273 4140 1320 4185 et
1347 4141 1664 4202 potestatem.
1710 4128 1781 4184 Et

195 4251 324 4291 cum
367 4247 473 4303 quo
518 4228 816 4286 consedes?
855 4228 990 4283 Cum
1040 4227 1152 4281 illo.
1195 4224 1450 4292 Quisnam
1494 4237 1616 4276 cmn
1662 4220 1780 4274 sis?

197 4328 478 4387 Mortuus,
508 4332 693 4377 natura
742 4320 882 4374 ﬁlius
923 4319 1039 4373 irai.
1081 4317 1148 4372 Et
1172 4314 1298 4385 quid
1338 4324 1484 4369 recte
1523 4309 1782 4382 gessisti?

198 4417 371 4472 Nihil.
405 4414 542 4468 Vere
568 4428 697 4482 ergo
721 4421 802 4466 est
826 4417 1188 4479 opportunum
1215 4405 1518 4461 exclamare
1543 4422 1556 4458 :
1591 4400 1636 4456 Ο
1663 4400 1783 4455 alti-

198 4511 324 4563 tudo
343 4505 632 4561 diritiarum
647 4513 692 4557 et
713 4501 975 4573 sapientite
987 4509 1034 4553 et
1049 4496 1350 4569 cognitionis
1372 4494 1470 4549 Dei
1489 4493 1662 4565 (Rom.
1689 4493 1778 4548 ll.

200 4603 292 4669 35)
319 4601 335 4653 Ξ
369 4599 423 4653 8.
452 4595 630 4650 Gratia
655 4595 809 4656 enim,
834 4592 1025 4663 inquit,
1058 4589 1175 4644 estis
1203 4587 1406 4642 saluati.
1438 4585 1568 4640 Nam
1598 4599 1664 4639 ne
1691 4583 1784 4638 be-

199 4691 523 4747 neﬁciorum
570 4683 879 4756 magnitudo
917 4691 971 4737 te
1000 4680 1253 4744 extollat,
1283 4677 1406 4733 vide
1432 4675 1702 4747 quomodo
1732 4685 1785 4730 te

197 4800 214 4834 ι
231 4789 415 4836 ocrect
436 4786 492 4833 ct
511 4775 841 4843 comprimit:
863 4771 1041 4826 Gratia
1057 4771 1209 4831 enim,
1235 4768 1423 4839 inquit,
1443 4767 1559 4823 estis
1582 4767 1782 4822 saluati.

207 4875 307 4930 Ριτ
338 4872 516 4942 ﬁdau.
558 4867 764 4923 Deinde
809 4879 999 4920 rursus
1044 4878 1113 4918 ne
1158 4862 1384 4918 liberum
1435 4861 1788 4930 perimeretur

201 4965 512 5024 arbitrium.
549 4959 725 5028 posuit
751 4957 909 5012 etiam
937 4971 1058 5024 quae
1097 4962 1222 5008 sunt
1249 4961 1466 5017 nostra;
1502 4959 1556 5007 et
1601 4965 1787 5005 rursus

201 5057 382 5128 ipsum
409 5051 651 5113 sustulit,
680 5059 734 5103 et
755 5029 904 5112 dieii,
934 5044 998 5098 Et
1021 5047 1116 5098 hoc
1150 5060 1250 5097 non
1278 5058 1338 5097 ex
1366 5043 1526 5096 nobis.
1557 5041 1633 5096 Ne
1657 5042 1787 5096 fides

203 5150 417 5216 quidem
445 5187 462 5213 ,
492 5144 705 5214 inquit,
733 5149 820 5196 est
847 5155 910 5195 es
939 5139 1095 5192 nobis
1122 5154 1137 5191 :
1164 5151 1289 5192 nam
1319 5135 1365 5190 si
1396 5151 1500 5190 non
1530 5137 1784 5194 venisset.

200 5241 250 5295 si
281 5255 388 5295 non
409 5243 680 5299 vocasset,
701 5230 970 5303 quomodo
992 5229 1350 5300 potuissemus
1370 5226 1626 5281 credere?
1653 5227 1764 5294 Quo

203 5334 359 5388 modo
387 5331 559 5392 enim.
587 5327 780 5395 inquit,
807 5322 1030 5389 credent,
1060 5321 1159 5374 nisi
1185 5320 1472 5373 audiverim
1500 5318 1674 5387 (Rom.
1707 5322 1788 5371 ιι).

207 5427 352 5497 ﬂ)?
380 5425 564 5492 Quare
594 5435 697 5474 nec
739 5417 860 5472 ﬁdei
884 5426 966 5470 εει
995 5424 1258 5470 nostrum.
1304 5413 1398 5468 Dei
1419 5455 1435 5480 ,
1482 5412 1682 5481 inquit,
1720 5422 1792 5464 est

205 5515 524 5578 donum;9.
573 5526 675 5563 non
725 5524 786 5561 ex
827 5507 1076 5576 Operibus.
1124 5505 1410 5561 Noncnim
1458 5502 1790 5568 Suffecisset,

207 5607 400 5676 inquit,
431 5603 576 5658 ﬁdes
602 5599 671 5653 ad
698 5599 944 5654 salutem.
971 5599 1074 5652 Sed
1099 5615 1163 5653 ne
1195 5598 1345 5652 nobis
1367 5598 1548 5651 vacuis
1577 5605 1626 5651 et
1655 5597 1794 5649 otio-

206 5700 279 5750 sis
308 5699 402 5753 det
435 5693 705 5754 saltuem,
741 5688 889 5752 Eam,
914 5689 1096 5756 inquit,
1131 5690 1272 5743 Deus
1302 5689 1596 5759 requisivit.
1628 5688 1794 5752 Dixit,

206 5791 351 5850 quod
389 5786 594 5840 salvos
650 5781 836 5837 fecerit
881 5782 1038 5847 ﬁdes,
1080 5782 1171 5836 sed
1201 5797 1292 5852 per
1319 5782 1483 5836 Deum
1514 5796 1796 5852 :quomam

1889 479 2026 534 Deus
2066 483 2238 534 voluit
2263 520 2278 542 .
2329 480 2507 536 salvos
2557 480 2684 536 fecit
2729 481 2882 538 ﬁdes.
2931 483 3145 556 Alioqui
3194 491 3467 558 quomodo

1883 570 2060 624 salvos
2094 569 2221 624 facit
2267 569 2400 626 ﬁdes
2440 573 2643 642 absque
2673 575 2964 642 Operibus?
3007 576 3116 630 Iloc
3166 579 3336 648 ipsum
3380 593 3466 637 est

1888 659 1979 714 Dei
2027 659 2252 726 donum,
2286 659 2371 714 lVe
2397 663 2511 730 quis
2539 663 2816 732 glorietur,
2850 677 2903 718 ut
2934 681 3030 721 nos
3058 679 3239 737 gratos
3267 671 3465 726 efﬁciat

1882 750 2026 804 circa
2076 749 2326 819 gratiam.
2373 751 2512 817 Quid
2561 768 2730 822 ergo,
2787 754 2990 826 inquit,
3041 757 3312 828 prohibuit
3352 761 3468 832 ipse

1875 840 2159 911 justiﬁcari
2210 858 2274 897 ex
2321 845 2614 912 cperibus?
2656 845 3001 918 Nequaquam
3029 866 3043 902 :
3073 850 3166 906 sed
3201 893 3218 918 ,
3243 851 3456 918 Nullus,

1889 932 2094 1001 inquit,
2136 930 2459 1002 justiﬁcatus
2503 943 2587 989 est
2633 951 2698 990 ex
2739 939 2994 1008 operibus
3019 982 3036 1007 ,
3070 951 3126 994 ut
3151 945 3465 1001 ostendatur

1883 1023 1974 1078 Dei
2005 1026 2172 1094 gratia
2200 1035 2254 1080 et
2281 1025 2604 1096 benignitas.
2627 1027 2742 1082 Non
2768 1031 2964 1098 repulit
2995 1031 3254 1088 habentes
3277 1051 3464 1104 opera,

1881 1115 1974 1170 sed
2002 1131 2096 1170 eos
2114 1156 2128 1182 ,
2157 1117 2247 1186 qui
2293 1127 2417 1172 sunt
2447 1119 2642 1188 proditi
2688 1119 2758 1173 ab
2787 1122 3040 1190 operibus
3067 1163 3083 1187 ,
3133 1125 3310 1180 salvos
3338 1124 3466 1182 fecit

1878 1206 2068 1276 gratia,
2100 1217 2157 1262 ut
2190 1209 2368 1264 nullus
2396 1209 2464 1264 de
2487 1222 2690 1265 ctetero
2717 1211 2882 1281 possit
2909 1212 3150 1282 gloriari.

1950 1299 2004 1354 5.
2038 1299 2244 1355 Deinde
2275 1317 2342 1356 ue
2365 1343 2381 1368 ,
2409 1317 2534 1357 cum
2564 1303 2799 1358 audieris
2819 1344 2836 1371 ,
2863 1304 3006 1374 quod
3047 1321 3154 1360 non
3181 1322 3249 1361 ex
3276 1309 3461 1378 operi-

1882 1390 2002 1456 bus,
2031 1391 2128 1447 sed
2163 1394 2264 1449 llde
2289 1404 2456 1450 totum
2481 1406 2688 1466 gestum
2718 1399 2809 1464 sit,
2837 1400 3044 1454 otiosus
3070 1417 3310 1469 maneas,
3342 1405 3464 1460 \ide

1880 1482 2008 1551 quid
2023 1485 2387 1554 subjunxerit:
2408 1487 2495 1541 10.
2515 1485 2687 1557 Ipsius
2708 1491 2839 1542 enim
2866 1507 3040 1544 sumus
3058 1496 3276 1562 factura,
3306 1495 3466 1549 creati

1879 1572 1932 1625 in
1979 1573 2180 1630 Christo
2228 1575 2354 1630 Jesu
2402 1578 2456 1632 in
2501 1580 2735 1649 operibus
2779 1581 2921 1635 bonis
2943 1623 2960 1649 ,
3005 1599 3118 1653 qua
3155 1588 3465 1655 praeparavit

1885 1662 2018 1718 Deus
2069 1675 2120 1719 ut
2165 1667 2217 1720 in
2267 1668 2369 1722 illis
2412 1671 2744 1725 ambulemus.
2782 1672 2914 1727 Vide
2951 1675 3077 1744 quid
3128 1677 3243 1745 ipse
3269 1677 3408 1733 dicat
3445 1696 3462 1738 :

1881 1759 2343 1825 regenerationem
2371 1760 2456 1814 bic
2485 1762 2808 1817 subindicat.
2834 1763 3038 1819 Revera
3065 1767 3169 1820 alia
3198 1776 3281 1823 est
3305 1783 3461 1824 (ιι-εει-

1883 1846 1956 1900 tio
1985 1865 1998 1899 :
2032 1863 2098 1902 ex
2129 1849 2297 1906 nibilo
2324 1853 2570 1921 producti
2619 1870 2804 1909 sumus
2832 1858 2899 1910 ad
2949 1857 3052 1914 hoc
3091 1869 3147 1914 ut
3195 1877 3460 1918 essemus.

1879 1938 2032 2006 Quod
2063 1958 2279 1997 eramus
2321 1945 2468 2014 prius
2493 1987 2508 2011 ,
2540 1949 2734 2002 mortui
2779 1963 2965 2005 sumus
2984 1992 3001 2017 ,
3031 1953 3134 2008 hoc
3159 1965 3262 2020 est,
3296 1955 3462 2011 homo

1881 2040 2064 2095 vetus;
2098 2032 2238 2100 quod
2270 2034 2414 2102 prius
2442 2051 2546 2090 non
2575 2054 2812 2106 eramus,
2845 2041 2969 2096 facti
3008 2057 3214 2098 sumus.
3251 2047 3462 2103 Ileoens

1881 2134 2006 2190 ergo
2048 2132 2131 2176 est
2174 2126 2378 2180 creatio
2407 2129 2586 2196 priore
2614 2130 2806 2185 melior
2842 2141 2897 2186 et
2932 2137 3273 2204 pra-stantia
3296 2155 3311 2191 :
3335 2155 3459 2194 nam

1881 2229 1943 2266 ex
1975 2215 2065 2268 illa
2093 2215 2334 2283 quidem,
2360 2231 2416 2271 ut
2435 2219 2772 2288 viveremus;
2793 2238 2859 2277 ex
2891 2223 2988 2278 hac
3013 2238 3216 2294 autem,
3239 2236 3296 2282 ut
3324 2229 3461 2284 bene

1882 2297 2181 2353 viveremus
2204 2299 2454 2356 elfectum
2486 2313 2590 2356 est.
2618 2302 2685 2358 In
2711 2306 2948 2374 operibus
2978 2309 3121 2362 bonis
3141 2350 3158 2372 ,
3187 2326 3302 2380 qua:
3326 2330 3464 2381 prc-

1880 2393 2076 2459 parat'it
2129 2391 2263 2446 Deus
2289 2404 2343 2446 ut
2390 2395 2444 2448 in
2488 2395 2552 2450 iis
2595 2395 2942 2462 ambulemus;
2975 2416 3102 2463 non,
3133 2399 3206 2457 Ut
3235 2404 3460 2474 incipia-

1880 2496 2000 2535 mus
2020 2522 2036 2547 ,
2068 2483 2161 2538 sed
2188 2525 2202 2547 ,
2235 2481 2302 2539 Ut
2343 2485 2655 2542 auibulemus
2677 2503 2697 2541 :
2719 2500 2972 2558 perpetua
2998 2492 3142 2546 estin)
3173 2493 3325 2550 nobis
3351 2496 3463 2551 vir-

1883 2579 1994 2624 tmc
2009 2587 2144 2641 opus
2161 2583 2260 2639 εει,
2287 2584 2345 2630 ει
2363 2585 2582 2630 extensa
2611 2592 2781 2648 usque
2799 2578 2866 2634 ad
2885 2593 3126 2638 nostrum
3149 2584 3456 2643 decessum.

1880 2659 2062 2731 Neque
2091 2664 2264 2726 enim,
2307 2666 2351 2719 si
2381 2677 2526 2721 esset
2567 2667 2975 2737 ingrediendum
3006 2673 3087 2728 via
3115 2692 3235 2746 qua:
3260 2676 3365 2732 fert
3390 2681 3460 2734 ad

1881 2755 2067 2810 urbem
2109 2757 2348 2827 regiam,
2389 2759 2587 2814 deinde
2630 2777 2750 2815 cum
2801 2765 3061 2833 majorem
3093 2771 3208 2837 ejus
3256 2782 3462 2840 partem

1880 2848 2335 2917 conlccissemus,
2385 2851 2526 2907 circa
2572 2855 2745 2923 ipsmn
2777 2856 2936 2912 linem
2968 2858 3142 2928 ignavi
3169 2871 3223 2916 et
3270 2865 3462 2919 molles

1882 2939 2075 2994 redditi
2121 2940 2448 2996 sedissemus
2471 2984 2486 3009 ,
2519 2945 2674 2998 nobis
2723 2947 3013 3016 profuisset
3058 2951 3352 3022 ingressus.
3385 2954 3460 3011 ita

1882 3044 1982 3083 nec
2021 3045 2144 3102 spes
2174 3033 2468 3087 vocationis
2499 3033 2788 3104 quidquam
2820 3037 3144 3106 profuisset,
3177 3058 3288 3097 rem
3317 3043 3462 3100 ilhun

1885 3121 2314 3190 possidentibus,
2363 3124 2468 3179 nisi
2497 3124 2657 3196 digne
2686 3127 2751 3181 ad
2781 3144 2966 3184 vocem
2995 3134 3319 3202 appellantis
3343 3151 3461 3190 am-

1883 3211 2267 3269 bulaverimus.
2309 3214 2492 3271 Vocati
2516 3233 2646 3287 ergo
2692 3218 2746 3274 in
2771 3221 3025 3290 operibus
3052 3225 3242 3290 bonis,
3277 3242 3461 3296 persc-

1881 3317 2150 3372 veremus,
2173 3307 2350 3359 otnnia
2379 3318 2684 3375 operantes.
2719 3309 3008 3382 Propterea
3047 3316 3190 3369 enim
3212 3318 3468 3386 appellati

1882 3408 2067 3448 sumus
2090 3435 2104 3458 ,
2133 3411 2239 3450 non
2275 3407 2330 3450 ut
2358 3413 2518 3451 unum
2545 3398 2826 3454 dumtaxat
2854 3419 2989 3471 opus
3017 3419 3335 3473 operemur,
3365 3409 3461 3462 sed

1886 3492 1943 3537 ut
1969 3485 2172 3538 omnia.
2201 3485 2349 3539 Sicut
2379 3487 2523 3540 enim
2551 3487 2706 3542 nobis
2732 3500 2857 3543 sunt
2880 3491 3115 3562 quinque
3145 3510 3334 3551 sensus
3356 3537 3374 3560 ,
3410 3507 3467 3552 et

1882 3575 2133 3628 omnibus
2158 3575 2224 3629 ad
2255 3577 2303 3629 id
2335 3577 2476 3645 quod
2503 3588 2714 3647 oportet
2756 3581 3009 3636 utendum
3053 3595 3162 3650 est,
3209 3586 3276 3640 ita
3303 3589 3462 3643 etiatn

1883 3667 2137 3721 onmibus
2164 3669 2474 3726 virtutibus.
2525 3670 2580 3725 Si
2622 3671 2743 3742 quis
2783 3684 2964 3728 autem
3010 3677 3080 3730 sit
3123 3687 3466 3748 temperans,

1884 3758 1977 3814 sed
1999 3759 2396 3825 immiscrieors,
2422 3771 2514 3814 aut
2539 3762 2847 3818 misericors
2867 3766 3102 3836 quidem,
3127 3769 3221 3823 εει]
3251 3785 3466 3838 avarus,

1884 3861 1976 3903 aut
2001 3850 2068 3905 ab
2097 3850 2287 3906 alienis
2314 3851 2528 3921 quidem
2557 3854 2848 3922 abstineat,
2877 3857 2972 3912 sed
2995 3857 3062 3913 de
3088 3859 3201 3913 suis
3231 3876 3336 3915 non
3364 3863 3466 3917 ill-

1887 3944 2098 4012 pertiat,
2133 3943 2328 3999 frustra
2361 3945 2495 3998 llum
2533 3946 2733 4002 onmia.
2775 3947 2891 4002 Non
2949 3950 3090 4004 enim
3127 3951 3326 4006 suflicit
3363 3969 3470 4008 una

1885 4036 2053 4090 virtus
2076 4078 2092 4102 ,
2135 4047 2192 4090 ut
2236 4052 2356 4092 cum
2384 4035 2572 4092 ﬁducia
2600 4039 2852 4094 sistamur
2879 4039 2944 4094 ad
2972 4041 3206 4096 tribunal
3244 4040 3469 4110 Christi,

1884 4126 1978 4180 sed
2036 4127 2240 4192 multa,
2293 4127 2437 4181 varia
2482 4136 2536 4182 et
2593 4129 2770 4181 omnis
2818 4131 3029 4198 generis
3058 4171 3074 4194 ,
3119 4141 3282 4200 atque
3333 4134 3470 4189 adio

1885 4216 2031 4270 omni
2088 4218 2283 4272 virtute
2331 4227 2415 4272 est
2465 4232 2622 4286 opus.
2674 4217 2814 4272 Audi
2873 4218 3015 4272 enim
3065 4219 3336 4276 Christum
3385 4227 3470 4278 di-

1885 4317 2098 4362 centem
2141 4308 2458 4376 discipulis:
2490 4307 2680 4362 Euntes
2723 4309 2894 4362 docete
2940 4325 3112 4365 omnes
3151 4323 3345 4384 gentes,
3377 4317 3474 4369 do-

1885 4407 2049 4450 centes
2079 4413 2161 4450 eos
2186 4413 2384 4450 seruare
2402 4399 2573 4450 omnia
2593 4414 2707 4466 quia
2731 4399 2966 4453 mandavi
2997 4403 3151 4466 vobis,
3175 4415 3228 4459 et
3257 4421 3472 4477 rursus,

1889 4491 1951 4546 Si
1979 4492 2092 4559 quis
2117 4492 2319 4544 solverit
2350 4508 2506 4544 unum
2534 4509 2596 4546 ea;
2623 4494 2876 4548 mandatis
2905 4497 3016 4551 istis
3046 4489 3288 4566 minimis,
3318 4503 3472 4556 ruini-

1889 4601 1999 4637 nms
2027 4583 2281 4637 vocabitur
2307 4585 2359 4637 in
2389 4601 2544 4656 regno
2572 4586 2811 4640 calorum
2838 4592 2856 4658 (
2879 4587 3070 4646 Matth.
3096 4593 3188 4646 ‘28.
3221 4593 3307 4648 l9.
3340 4607 3388 4648 et
3414 4598 3472 4654 5.

1892 4676 1983 4750 l9)
2011 4695 2023 4730 :
2056 4677 2156 4731 hoc
2197 4685 2316 4742 est,
2363 4676 2415 4731 itt
2448 4679 2864 4736 resurrectione.
2908 4680 3027 4736 Non
3056 4683 3200 4744 enim
3253 4683 3474 4740 intrabit

1892 4773 1944 4828 in
1972 4786 2191 4842 regnum
2225 4787 2385 4826 :nam
2415 4770 2587 4841 ipsum
2625 4786 2838 4842 quoque
2868 4783 3081 4844 tempus
3124 4777 3478 4833 resurrectio-

1893 4865 1977 4919 nis
2005 4878 2227 4932 regnum
2258 4877 2454 4918 vocare
2479 4864 2636 4918 solet.
2683 4863 2744 4918 Si
2773 4881 2928 4918 unum
2952 4907 2969 4934 ,
2999 4867 3173 4937 inquit
3194 4910 3206 4932 ,
3235 4856 3438 4923 soluerit
3456 4909 3474 4936 ,

1894 4957 2128 5011 minimus
2144 4955 2781 5025 vocabitur.Qu:unobrcm
2798 4959 2950 5014 nobis
2961 4975 3096 5028 opus
3110 4969 3191 5014 est
3207 4961 3475 5016 «anilibus.

1967 5047 2094 5102 Sine
2113 5047 2427 5118 eleemosyna
2448 5065 2548 5101 non
2579 5049 2796 5103 intratur
2816 5050 2869 5104 in
2889 5067 3097 5121 regnum
3127 5052 3386 5104 ett-lorum.
3407 5079 3480 5092 -

1902 5139 2028 5194 Vide
2056 5147 2232 5192 autem
2259 5139 2529 5208 quomodo
2558 5155 2663 5193 non
2708 5141 2826 5194 sine
2855 5140 3198 5209 eleemosyna
3243 5141 3367 5194 licet
3393 5140 3480 5196 in-

1897 5243 2075 5297 trare,
2121 5229 2215 5284 sed
2257 5231 2301 5284 si
2344 5231 2454 5299 ipsa
2495 5231 2610 5285 sola
2653 5230 2841 5297 desit,
2869 5230 3136 5284 abibimus
3175 5230 3227 5284 in
3278 5231 3478 5301 ignem.

1899 5323 2058 5384 Abite,
2104 5319 2303 5390 inquit,
2338 5319 2592 5373 maledicti
2617 5361 2634 5386 ,
2661 5321 2715 5374 in
2742 5321 2906 5390 ignem
2935 5330 3176 5373 attentum
3199 5360 3218 5388 ,
3247 5337 3481 5392 piratam

1897 5414 2098 5466 diabolo
2122 5421 2168 5466 et
2197 5411 2393 5481 angelis
2418 5411 2546 5481 ejus.
2571 5411 2678 5465 Cur
2703 5421 2756 5466 et
2784 5426 3012 5480 quanam
3030 5411 3098 5466 de
3118 5415 3318 5468 causa?
3342 5415 3482 5483 Quo.

1900 5505 2036 5558 niam
2064 5504 2236 5566 esarii,
2267 5513 2311 5555 et
2341 5520 2439 5556 non
2469 5503 2679 5556 dedistis
2710 5503 2832 5556 mihi
2857 5503 2993 5568 quod
3023 5509 3332 5560 comederunt
3358 5523 3378 5560 .'
3404 5508 3480 5560 εἰ·

1901 5601 1984 5653 tivi
2003 5641 2016 5664 ,
2053 5609 2097 5652 et
2129 5615 2228 5651 non
2273 5596 2478 5649 dedistis
2514 5597 2636 5649 mihi
2665 5607 2836 5666 potant
2871 5596 3085 5669 (Matth.
3129 5599 3220 5654 25.
3246 5600 3336 5652 41.
3367 5598 3482 5667 42).

1905 5691 2094 5744 Vidisti
2143 5686 2413 5758 quontodo
2459 5689 2655 5744 nullius
2698 5690 2920 5745 alterius
2950 5691 3226 5756 accusati,
3267 5701 3486 5758 propter

1908 5783 2009 5838 hoc
2039 5783 2209 5836 solum
2237 5778 2549 5846 perierunt?
2581 5780 2646 5836 Et
2676 5782 2905 5852 virgines
2948 5791 3162 5852 propter
3191 5783 3287 5834 hoc
3314 5778 3492 5836 solum
