3932 6220
466 214 543 271 ss
1165 207 1219 264 s
1256 204 1535 263 JOANNIS
1567 199 2034 282 mutsosrout

2167 199 2387 257 CIIIEP.
2426 200 2958 269 CONSTANTINOP.

467 335 654 398 ejecta:
695 336 820 381 sunt
847 340 879 379 c
922 321 1187 389 thalamo,
1218 322 1342 383 licet
1382 320 1648 383 haberent
1692 321 2043 393 castitatem;

469 420 562 473 sed
605 398 728 494 quia
758 417 1115 491 eleetttosyine
1144 428 1322 465 vacuae
1349 422 1533 489 erant,
1566 426 1688 469 cum
1730 424 1931 489 sponso
1972 409 2054 465 in-

464 521 668 582 gressa!
695 522 800 559 non
825 515 980 563 sunt.
998 502 1220 565 Pacem,
1254 500 1457 570 inquit,
1487 516 1606 561 cum.
1629 500 1860 563 omnibus
1883 515 2053 575 perse-

469 596 698 665 quimini.
726 606 773 652 ct
799 593 1205 656 sanctimmtiam,
1237 592 1344 646 siue
1365 608 1463 661 qua
1490 607 1635 669 nemo
1662 590 1843 647 videbit
1874 589 2053 648 Denti—

471 674 593 741 uum
635 685 818 757 (llcbr.
850 684 936 739 19...
972 684 1080 754 14).
1115 684 1301 753 Cogita
1331 699 1458 753 ergo
1498 682 1638 759 quod
1666 684 1781 743 sine
1807 683 2052 741 castitate

469 778 682 847 quidem
714 792 821 829 non
866 776 991 830 licet
1040 774 1208 828 Deum
1241 774 1458 837 videre;
1489 789 1593 829 non
1624 775 1846 828 omnino
1871 782 2050 830 autem

3681 201 3766 259 δῦ

2150 333 2367 399 nam,
2392 326 2612 395 pt'optcr
2650 333 2818 383 tutum
2856 318 3044 389 eiiciat
3066 357 3084 391 ,
3108 328 3168 383 et
3202 335 3232 383 ιι
3260 336 3430 393 regno
3454 321 3707 387 assidam
3736 363 3758 388 .

2158 422 2259 470 cur
2284 409 2423 465 mala
2445 413 2627 471 omnia
2647 425 2756 486 non
2779 412 3017 485 operor?
3042 410 3239 482 ingrati
3260 415 3404 479 servi
3428 425 3512 479 est
3530 416 3714 479 oratio
3734 432 3751 463 :

2160 499 2254 557 80d
2290 508 2468 559 tanien
2496 501 2634 565 hanc
2660 516 2876 575 quoque
2918 502 3277 569 dissolretnus
3315 506 3637 571 pratiguejn.
3666 505 3758 571 Νι

2160 592 2300 653 mala
2326 591 2570 660 opereris
2594 632 2609 657 ,
2645 601 2700 657 ut
2748 592 2843 656 tibi
2870 593 3088 667 prosis;
3124 610 3245 657 nam
3269 611 3301 657 at
3325 612 3493 666 regno
3521 597 3750 666 quidem

2157 701 2347 742 millies
2388 685 2636 745 similiter
2672 686 3021 757 excidemus;
3052 686 3105 751 in
3135 687 3378 756 gebenua
3424 699 3608 752 autem
3636 705 3749 751 non

2155 780 2371 847 easdem
2400 770 2858 849 pinnas/dabimus
2883 796 3076 848 omnes
3103 823 3118 847 .
3147 785 3241 845 sed
3274 784 3360 843 hic
3389 785 3608 854 quidem
3631 802 3754 842 tua.-

469 883 590 921 cnm
636 865 882 921 castitate
929 874 1106 934 potest
1156 863 1327 919 \ideri
1361 878 1375 915 :
1407 880 1548 932 saepe
1586 866 1728 918 enim
1778 862 1918 924 aliud
1951 864 2020 921 im
2063 883 2109 912 κ.
2151 870 2337 936 jores.
2383 870 2472 931 ille
2515 886 2643 935 vero
2685 872 2953 937 mitiores.
2983 871 3116 937 Nam
3148 873 3192 933 si
3220 883 3277 935 ω
3318 875 3537 944 quidem
3563 886 3622 935 ιιι
3650 877 3750 933 illo

468 950 638 1029 pedit.
691 957 895 1011 llursus
924 955 968 1008 si
1014 955 1192 1008 omnia
1223 965 1371 1009 recte
1411 955 1767 1023 gesserimus,
1811 955 2052 1023 proximo

467 1032 647 1102 autem
667 1047 795 1101 nihil
817 1046 1188 1116 profucritnus.
1210 1061 1308 1101 nec
1329 1045 1744 1104 sicintrabimus
1761 1045 1810 1123 in
1831 1060 2050 1115 regnum

469 1139 610 1208 (.Iuc.
642 1138 696 1192 2.
738 1137 848 1206 10).
886 1136 1160 1192 Undeuam
1207 1137 1309 1191 hoc
1333 1137 1581 1191 constat?
1614 1136 1688 1189 Ex
1727 1136 1897 1190 servis
1935 1136 2052 1204 qui-

469 1216 569 1284 bus
608 1210 817 1284 credita.
857 1226 1071 1282 fuerunt
1116 1228 1311 1282 talenta
1352 1225 1564 1298 (Matth.
1608 1225 1725 1299 25).
1768 1225 1897 1280 Nam
1943 1225 2052 1280 illic

469 1323 638 1376 virtus
662 1321 836 1376 muttis
863 1331 981 1375 erat
1016 1320 1220 1389 integra
1259 1329 1313 1374 ct
1337 1319 1544 1375 sincera
1569 1361 1584 1384 ,
1618 1330 1674 1374 et
1720 1319 1849 1383 nihil
1881 1318 2053 1381 luerat

469 1400 922 1484 praetermissum;
955 1410 1048 1464 scd
1076 1411 1328 1479 quoniam
1360 1410 1508 1479 piger
1535 1409 1633 1461 fuit
1659 1409 1709 1463 in
1739 1407 2053 1479 negotiatio-

471 1522 538 1561 ne
562 1546 578 1570 ,
605 1504 796 1559 merito
823 1502 920 1556 fuit
951 1502 1173 1570 ejectus.
1206 1501 1487 1555 Deturbari
1514 1501 1675 1555 etiam
1708 1509 1883 1571 potest
1905 1500 2053 1570 quis-

469 1590 612 1666 piam
635 1595 686 1669 in
716 1585 1014 1664 gehennam
1043 1609 1107 1655 ex
1135 1592 1252 1647 solo
1280 1591 1560 1645 maledicto
1588 1606 1605 1646 :
1638 1607 1758 1644 nam
1789 1591 1875 1664 qui
1902 1591 2048 1654 dicit,

469 1688 660 1756 inquit,
689 1686 839 1756 fratri
866 1702 957 1739 suo
975 1726 996 1752 ,
1025 1684 1175 1739 stulte
1196 1725 1210 1749 ,
1241 1683 1487 1747 obnoxius
1514 1684 1609 1737 erit
1637 1687 1877 1757 gehennae
1920 1683 2051 1755 ignis

468 1773 689 1850 (Matth.
719 1778 774 1832 5.
798 1760 927 1847 ‘22).
976 1777 1199 1831 Etiamsi
1232 1777 1351 1846 quis
1391 1777 1570 1831 omnia
1611 1789 1756 1830 recte
1783 1760 2048 1846 gesserit,

468 1873 542 1927 sit
565 1882 744 1927 autem
767 1869 1220 1934 contumeliosus,
1251 1885 1357 1923 non
1395 1870 1631 1923 intrabit.
1662 1867 1771 1923 Nec
1790 1868 2051 1939 quispiam

469 1952 635 2017 Deum
665 1971 879 2016 accuset
908 1959 1262 2027 crudelitatis,
1290 1959 1333 2013 si
1367 1974 1480 2025 eos,
1511 1959 1598 2029 qui
1629 1959 1708 2015 sic
1730 1960 1860 2028 lapsi
1889 1968 2009 2014 sunt
2032 1999 2048 2025 ,

424 2048 436 2059 “
468 2044 784 2124 ειρειιίῐθι
828 2068 991 2123 regno
1030 2051 1306 2106 caelorum.
1350 2050 1483 2103 Nam
1526 2050 1572 2104 si
1616 2049 1757 2119 apud
1807 2049 2053 2104 homines

465 2148 730 2219 quispiam
762 2146 1050 2215 quidquam
1085 2144 1269 2199 fecerit
1299 2143 1538 2213 iniquum
1574 2152 1629 2197 ct
1658 2153 1854 2215 praeter
1882 2142 2051 2213 leges,

469 2240 801 2295 amandatur.
829 2253 859 2290 a
903 2246 1193 2306 conspectu
1232 2236 1374 2305 regis
1393 2277 1409 2301 ,
1437 2235 1537 2297 etsi
1567 2250 1728 2289 ouant
1758 2249 1825 2288 ex
1848 2235 2053 2290 consti-

475 2331 606 2389 tutis
638 2327 845 2397 legibus
872 2326 941 2380 sit
981 2338 1384 2394 transgressus;
1413 2334 1467 2379 et
1496 2325 1541 2385 si
1580 2338 1842 2387 accusans
1867 2325 1937 2379 sit
1959 2339 2058 2397 ca—z

472 2418 758 2473 lumuiatns
791 2456 808 2484 ,
859 2415 1035 2493 perdit
1089 2417 1454 2485 magistratum
1491 2430 1507 2479 ;
1539 2423 1596 2468 et
1643 2415 1689 2471 si
1732 2414 2054 2471 adulterium

470 2509 809 2566 commiserit
852 2516 912 2564 et
957 2509 1030 2577 sit
1077 2506 1399 2572 convictus,
1452 2506 1696 2567 redditur
1741 2507 1992 2578 indignus
2036 2524 2052 2562 :

472 2601 718 2674 quamvis
757 2599 1169 2656 innumerabilia
1220 2608 1368 2653 recte
1411 2600 1674 2668 gesserit,
1714 2601 1888 2671 perit;
1916 2610 1972 2655 et
2008 2600 2055 2654 si

472 2677 677 2750 caedem
709 2692 899 2763 iecerit
918 2734 933 2765 ,
963 2699 1017 2746 et
1048 2690 1330 2762 probatum
1376 2688 1572 2756 fuerit,
1604 2688 1707 2744 hoc
1735 2705 1950 2760 queque
1986 2691 2053 2753 ad

478 2774 602 2840 cum
650 2780 982 2854 perdendum
1032 2779 1251 2834 suflicit.
1310 2778 1367 2834 Si
1414 2779 1688 2834 hominum
1734 2779 1880 2850 leges
1921 2780 2056 2836 adeo

472 2858 663 2935 exacte
706 2882 1024 2934 servantur,
1066 2882 1267 2943 quanto
1309 2870 1477 2939 magis
1519 2872 1663 2940 leges
1690 2871 1824 2929 Dei?
1868 2873 1938 2935 At
1971 2881 2058 2933 est

475 2969 652 3024 bonus
673 3008 688 3031 ,
717 2964 909 3035 inquit.
937 2964 1225 3039 Quousque
1246 2961 1362 3015 haec
1391 2962 1553 3017 stulta
1579 2962 1858 3018 dicemus?
1883 2952 2054 3023 Stulta

476 3072 654 3115 autem
700 3057 851 3123 dixi,
904 3072 1010 3110 non
1055 3053 1197 3125 quod
1246 3069 1355 3109 non
1400 3054 1471 3108 sit
1517 3052 1720 3117 bonus,
1773 3054 1867 3108 sed
1914 3054 2056 3124 quod

476 3150 850 3207 existimemus
890 3148 1007 3218 ejus
1049 3147 1342 3202 bonitatem
1370 3145 1437 3199 ad
1462 3143 1581 3203 ha'c
1621 3145 1776 3199 nobis
1805 3160 1925 3199 €850
1951 3146 2056 3200 uti-

475 3243 614 3311 lem,
656 3243 755 3298 etsi
799 3238 1208 3296 inuumerabilia
1239 3238 1310 3293 de
1336 3238 1419 3293 his
1445 3252 1588 3306 saepe
1619 3237 2071 3311 disseruerimus.

477 3333 614 3390 Audi
641 3322 784 3389 enim
811 3330 1139 3401 Scripturam
1165 3329 1431 3390 dicentem
1460 3344 1473 3381 :
1508 3326 1588 3382 Ne
1608 3327 1818 3394 dixeris,
1851 3326 2068 3392 Misera:

478 3425 550 3478 tio
590 3425 700 3496 ejus
740 3433 811 3477 est
866 3423 1026 3475 multa
1048 3460 1065 3489 ,
1109 3418 1426 3489 multitudini
1468 3428 1788 3488 peccatorum
1832 3433 2056 3476 meorum

479 3513 837 3582 propitiabitur
882 3510 1074 3580 (Eccli.
1105 3509 1161 3565 5.
1193 3508 1272 3582 (ι).
1313 3507 1429 3571 Non
1475 3509 1720 3577 prohibet
1754 3522 1851 3563 nos
1879 3508 2061 3564 dicere

481 3602 704 3656 multam
753 3617 872 3654 esse
916 3603 1035 3669 ejus
1082 3598 1485 3655 miserationem
1524 3615 1539 3663 ;
1584 3600 1757 3665 absit;
1806 3617 1913 3657 non
1960 3600 2061 3656 hoc

479 3691 670 3745 suadet
695 3731 711 3753 ,
743 3688 836 3749 sed
864 3699 919 3743 et
948 3704 1048 3742 uos
1077 3686 1190 3751 yolt
1215 3685 1320 3741 hoc
1347 3686 1564 3741 assidue
1590 3688 1773 3744 dicere
1799 3730 1815 3755 ,
1847 3700 1902 3744 et
1933 3706 2062 3761 pro-

482 3794 664 3853 pterea
715 3781 895 3834 otnnia
941 3788 1123 3833 movet
1166 3779 1401 3844 Paulus;
1448 3780 1541 3833 sed
1575 3790 1792 3851 preptcr
1838 3797 1901 3837 ea
1934 3764 2062 3853 qua:

479 3874 734 3942 deinceps
760 3882 1088 3942 sequuntur.
1119 3869 1197 3925 Ne
1229 3870 1350 3925 ideo
1374 3911 1390 3937 ,
1424 3870 1631 3941 inquit,
1659 3872 1941 3928 admireris
1969 3875 2061 3928 Dei

482 3963 862 4032 benignitatem
913 3969 970 4014 ut
999 3974 1216 4029 pecces,
1244 3969 1300 4014 et
1325 3948 1513 4025 dicas,
1550 3959 1906 4027 Misericordia
1950 3964 2062 4032 eius

484 4054 800 4110 multitudini
824 4063 1149 4131 peccatorum
1172 4067 1398 4120 meorum
1431 4051 1813 4122 propitiabitur.

556 4148 612 4202 4.
651 4145 777 4202 Ideo
805 4146 949 4200 enim
995 4154 1103 4199 tam
1135 4140 1301 4203 multa
1332 4143 1646 4205 disserimus
1689 4144 1756 4198 de
1782 4144 2018 4203 bonitate
2045 4188 2063 4213 ,

485 4256 594 4295 non
620 4247 677 4292 ut
704 4238 753 4293 ei
781 4236 1114 4292 conﬁdentes
1139 4251 1358 4306 agamus
1384 4235 1564 4291 omnia
1589 4252 1604 4303 ;
1631 4236 1826 4308 alioqui
1858 4238 2068 4296 bonitas

481 4330 587 4386 erit
624 4328 690 4383 ad
731 4336 930 4383 nostrze
974 4327 1164 4383 salutis
1191 4325 1450 4391 exitium;
1483 4326 1578 4381 sed
1621 4342 1691 4387 ne
1718 4328 2068 4398 desperemus

486 4423 542 4477 in
568 4421 832 4492 peccatis,
862 4435 1050 4475 verum
1080 4435 1302 4489 agamus
1329 4418 1721 4489 ptenitentiam.
1753 4421 2066 4492 Benignitas

483 4516 628 4572 enim
662 4514 753 4568 Dei
787 4524 841 4569 te
867 4513 1015 4567 ducit
1040 4512 1105 4566 ad
1139 4511 1508 4581 paenitentiam
1531 4552 1546 4574 ,
1577 4527 1682 4565 non
1710 4512 1779 4567 ad
1810 4513 1960 4582 plura
1991 4515 2071 4569 vi~

486 4607 580 4661 tia.
606 4604 663 4660 Si
692 4613 873 4659 autem
912 4603 1084 4656 malus
1124 4611 1177 4656 et
1219 4601 1513 4656 sceleratus
1539 4604 1633 4657 lias
1660 4615 1877 4673 propter
1921 4606 2074 4662 beni-

485 4698 775 4767 gnitatem.
808 4705 864 4747 ιιι
892 4709 1017 4748 cum
1062 4693 1231 4762 magis
1256 4693 1312 4747 in
1358 4693 1541 4749 odium
1576 4710 1737 4752 rosas
1766 4708 1819 4752 et
1846 4713 2073 4761 accusas,

485 4785 625 4856 apud
653 4785 934 4839 homines:
961 4784 1157 4837 multos
1181 4784 1326 4838 enim
1360 4783 1600 4841 ridemus
1628 4798 1947 4845 accusantes
1977 4790 2070 4847 Dei

489 4875 788 4931 lenitatem.
814 4872 1175 4942 Quamobrem
1198 4873 1349 4928 dabis
1378 4890 1584 4945 poenas,
1613 4878 1656 4931 si
1679 4894 1740 4933 ea
1768 4894 1873 4936 uon
1908 4882 2073 4942 utaris

490 4976 548 5021 ut
571 4973 803 5038 oportet.
838 4965 978 5019 Deus
1006 4973 1090 5020 est
1118 4964 1426 5036 benignus?
1457 4966 1552 5021 sed
1593 4979 1676 5022 est
1707 4969 1869 5033 etiam
1894 4969 2075 5047 justus

485 5057 673 5129 iudex.
695 5055 976 5111 Coudonat
1002 5055 1259 5128 peccma?
1278 5056 1373 5115 scd
1404 5056 1564 5112 etiam
1588 5058 1763 5113 reddit
1783 5061 2070 5131 unicuique

492 5145 788 5202 secundum
819 5161 982 5217 opera
1023 5162 1142 5201 sua.
1184 5146 1439 5201 Trausilit
1479 5147 1787 5218 iniquitates
1811 5192 1826 5216 ,
1857 5162 1911 5205 et
1937 5152 2073 5205 tollit

495 5236 759 5309 peccata?
803 5237 899 5292 sed
939 5252 1002 5293 ea
1042 5253 1256 5308 quoque
1285 5238 1575 5299 examinat.
1621 5240 1902 5313 Quomodo
1943 5257 2072 5312 ergo

496 5343 605 5384 non
625 5335 749 5382 sunt
770 5327 891 5382 hanc
908 5330 1215 5384 contraria?
1244 5327 1360 5385 Non
1391 5338 1518 5384 sunt
1545 5332 1835 5396 contraria,
1869 5332 1913 5385 si
1941 5342 2075 5387 tetu-

497 5421 719 5492 poribus
745 5435 807 5474 ea
834 5418 1177 5475 diviserimus
1218 5439 1231 5475 :
1263 5420 1403 5474 tollit
1429 5419 1518 5475 hic
1544 5432 1761 5491 peccata
1795 5438 1892 5492 per
1920 5423 2070 5477 lava-

495 5526 649 5566 crum
666 5519 721 5565 et
746 5509 1116 5582 penitentiam
1142 5525 1158 5573 ;
1185 5508 1323 5563 facta
1350 5509 1460 5565 illic
1480 5510 1751 5565 examinat
1777 5526 1874 5581 per
1897 5512 2076 5582 ignem

498 5608 555 5656 et
598 5610 883 5657 tormenta.
915 5599 973 5656 Si
1000 5614 1128 5671 ergo
1150 5642 1167 5668 ,
1210 5598 1419 5674 inquies
1446 5643 1462 5673 ,
1492 5615 1613 5656 cum
1642 5611 1697 5657 ct
1723 5602 1862 5656 mala
1891 5603 2072 5657 fecero

2156 959 2515 1030 despexeritis
2537 1001 2552 1025 ,
2586 971 2639 1027 et
2668 963 2760 1033 qui
2788 962 2844 1025 in
2874 963 3057 1027 multis
3083 973 3139 1019 et
3165 966 3257 1033 qui
3300 966 3355 1028 in
3382 966 3571 1034 paucis
3613 982 3747 1035 pec.

2156 1059 2242 1104 cat
2263 1092 2279 1116 ,
2310 1052 2560 1106 similiter
2587 1069 2618 1111 e
2647 1068 2811 1122 regno
2835 1054 3104 1118 excidetis
3131 1072 3145 1110 :
3173 1055 3217 1111 si
3243 1065 3422 1118 autem
3448 1067 3568 1110 now
3585 1058 3747 1119 simi.

2156 1142 2281 1207 liter
2328 1142 2725 1214 desttexeritis,
2772 1143 2867 1207 sed
2912 1144 3049 1207 alius
3095 1145 3311 1212 quidem
3353 1147 3557 1215 magis,
3602 1148 3747 1210 alius

2160 1247 2287 1293 vero
2315 1233 2519 1304 minus,
2553 1232 2605 1287 in
2634 1232 2879 1303 gehenna
2924 1235 3171 1297 sentietis
3218 1234 3603 1299 diti‘erentiam.
3632 1236 3746 1303 Cur

2156 1339 2285 1395 ergo
2329 1324 2562 1389 minatur
2606 1324 2671 1385 iis
2710 1325 2802 1395 qui
2834 1341 2943 1391 non
2983 1325 3248 1383 dederunt
3283 1341 3697 1398 cteemosynatn
3722 1369 3740 1396 ,

2156 1430 2252 1469 eos
2290 1429 2415 1469 esse
2441 1414 2683 1477 abituros
2710 1415 2761 1469 in
2792 1416 3006 1484 ignem;
3037 1431 3211 1485 neque
3239 1418 3412 1480 solum
3443 1418 3495 1481 in
3526 1420 3733 1486 ignem,

2157 1502 2252 1568 sed
2280 1504 2372 1575 qui
2415 1513 2631 1574 paratus
2672 1513 2756 1560 est
2782 1503 2998 1571 diabolo
3036 1514 3091 1569 et
3118 1506 3325 1575 angelis
3363 1508 3527 1575 ejus?
3556 1522 3659 1571 cur
3680 1516 3742 1571 et

2157 1610 2259 1665 qua
2289 1595 2356 1649 de
2379 1594 2586 1657 causa?
2614 1594 2780 1659 Deum
2809 1594 2943 1657 nihil
2974 1609 3126 1665 irque
3156 1596 3369 1662 irritat,
3397 1606 3453 1650 ut
3490 1597 3536 1649 si
3581 1597 3745 1665 amici

2159 1685 2357 1755 injuste
2384 1686 2670 1743 laedantur.
2711 1685 2844 1751 Nam
2874 1686 2920 1742 si
2958 1697 3174 1757 oportet
3196 1687 3420 1759 diligere
3443 1689 3743 1760 ittintieos;

2158 1778 2247 1846 qui
2280 1777 2443 1832 etiam
2476 1777 2683 1832 amicos
2709 1786 3025 1845 aversatur,
3060 1787 3115 1832 et
3141 1788 3225 1841 est
3264 1779 3319 1832 in
3360 1778 3465 1841 hoc
3505 1780 3746 1846 deterior

2160 1867 2433 1939 gentibus,
2458 1866 2599 1939 quod
2629 1882 2734 1921 non
2761 1867 3057 1923 merebitur
3092 1868 3411 1942 supplicium
3428 1869 3451 1923 ?
3468 1869 3748 1941 Quth

2158 1975 2272 2014 rem
2317 1959 2404 2014 hic
2446 1958 2756 2030 magnitudo
2784 1960 2985 2031 peccati
3005 1959 3128 2031 jure
3157 1959 3279 2017 fecit
3304 1975 3430 2014 eum
3450 1960 3601 2019 abire
3621 1976 3740 2028 cui;

2159 2049 2375 2105 diabolo
2403 2066 2417 2102 :
2451 2049 2542 2104 Va:
2572 2049 2717 2104 enim
2746 2049 2795 2105 ci
2823 2051 2914 2119 qui
2941 2065 3048 2105 non
3076 2049 3203 2111 t‘acit
3232 2051 3653 2123 eleemosyuam.
3687 2052 3746 2115 Si

2160 2138 2263 2195 hoc
2292 2148 2470 2195 autem
2501 2151 2615 2195 erat
2644 2140 2696 2195 in
2728 2140 2906 2196 Veteri
2931 2180 2948 2205 ,
2980 2140 3148 2195 multo
3175 2141 3345 2210 magis
3377 2143 3430 2195 in
3458 2140 3610 2203 Novo
3636 2141 3746 2200 Teo.

2159 2238 2464 2285 stamcuto:
2496 2230 2542 2284 si
2570 2230 2656 2285 ubi
2684 2239 2801 2287 erat
2819 2244 3134 2299 concessum
3159 2232 3437 2301 possidere
3467 2235 3744 2303 pecunias,

2160 2319 2347 2388 eisque
2374 2320 2471 2387 frui
2501 2329 2557 2377 et
2580 2334 2674 2379 eas
2699 2336 2890 2376 curare
2909 2361 2928 2391 ,
2962 2318 3106 2375 tanta
3135 2322 3426 2391 gerebatur
3453 2337 3582 2376 cura
3624 2324 3744 2391 epis

2161 2407 2397 2463 ferenda:
2423 2408 2787 2478 pauperibus:
2817 2417 3016 2478 quanto
3043 2411 3213 2481 magis
3244 2410 3331 2465 ubi
3357 2411 3612 2481 jubetuur
3632 2430 3748 2465 om-

2163 2498 2249 2553 nia
2296 2497 2536 2574 ejicerei
2575 2497 2708 2553 Nam
2739 2500 2866 2573 quid
2898 2499 2976 2555 illi
3018 2515 3125 2557 non
3154 2500 3462 2556 faciebant?
3492 2502 3746 2559 Decimas

2161 2600 2216 2646 et
2262 2605 2449 2647 rursus
2501 2590 2739 2649 decimas
2789 2592 3105 2673 praebebant
3147 2594 3485 2662 :erpltauis,
3525 2594 3743 2671 viduis,

2163 2682 2450 2751 proselytis
2474 2685 2880 2743 succurrebant.
2910 2684 3014 2740 Sed
3044 2684 3174 2738 mihi
3205 2684 3423 2763 quidam
3462 2686 3744 2750 admirans

2161 2773 2409 2839 dicebat,
2444 2773 2533 2827 Ille
2574 2775 2667 2830 dat
2709 2776 2965 2834 decimas.
3013 2778 3225 2852 Quanto
3253 2784 3338 2838 est
3381 2777 3483 2833 hoc
3525 2778 3746 2852 plenum

2162 2866 2360 2936 probro
2387 2874 2442 2924 et
2473 2859 2739 2923 dedecore
2762 2907 2778 2932 ,
2808 2868 2850 2920 si
2874 2867 3014 2936 quod
3040 2868 3179 2936 apud
3207 2869 3424 2941 Judaei.
3451 2884 3556 2925 non
3584 2871 3749 2925 habe-

2167 2957 2324 3045 batur
2352 2957 2404 3010 in
2432 2956 2789 3019 admiratione
2812 2996 2827 3020 ,
2864 2956 2966 3019 hoc
3007 2957 3147 3035 apud
3180 2959 3516 3015 Christianos
3545 2958 3745 3021 factum

2163 3058 2248 3102 est
2296 3048 2653 3103 admirabile?
2700 3047 2756 3106 Si
2808 3058 2934 3103 tunc
2986 3060 3102 3102 erat
3153 3050 3452 3119 perieulum
3502 3049 3745 3109 decimas

2164 3139 2413 3197 omittere
2437 3179 2454 3207 ,
2480 3142 2655 3210 cogita
2686 3151 2943 3219 quantum
2984 3157 3126 3199 nunc
3152 3153 3242 3207 st,
3276 3141 3480 3211 Rursus
3510 3143 3748 3206 ebrietas

2166 3244 2272 3284 nou
2305 3228 2466 3287 habet
2496 3231 2847 3285 hereditatem
2889 3234 3059 3301 regni.
3088 3233 3193 3287 Sed
3222 3232 3349 3300 quid
3376 3244 3457 3295 est
3494 3236 3639 3305 quod
3672 3235 3746 3293 di-

2165 3321 2305 3375 citur
2339 3336 2367 3373 a
2414 3322 2638 3375 multis?
2671 3322 2724 3375 Si
2755 3338 2854 3395 ego
2882 3333 2930 3376 et
2967 3323 3054 3385 ille
3095 3323 3281 3383 iisdem
3313 3333 3560 3384 tenemur
3584 3367 3599 3391 ,
3634 3342 3740 3383 non

2165 3421 2249 3467 est
2289 3429 2446 3481 parva
2474 3415 2793 3469 consolatio.
2832 3414 2969 3491 Quid
3012 3416 3294 3477 dicemus?
3324 3415 3484 3479 Certe
3512 3434 3618 3475 tum
3649 3419 3749 3475 erit

2169 3502 2307 3556 idem
2337 3513 2484 3561 tuum
2515 3514 2569 3559 ct
2596 3503 2741 3558 illius
2769 3505 3089 3574 supplicium
3132 3524 3145 3560 :
3177 3506 3414 3575 alioquin
3440 3518 3623 3571 autem
3651 3525 3750 3568 nec

2169 3592 2271 3648 hoc
2296 3606 2376 3648 est
2400 3596 2719 3655 consolatio.
2750 3595 2900 3659 Tunc
2925 3597 3066 3649 enim
3101 3576 3359 3651 malorum
3388 3599 3622 3663 Societas
3652 3600 3749 3661 Ιιςιτ

2168 3683 2259 3743 bet
2304 3685 2725 3746 consolationem
2753 3728 2768 3750 ,
2802 3687 3017 3757 quando
3059 3689 3198 3742 mala
3229 3705 3348 3758 qua:
3376 3691 3615 3758 patimur
3640 3690 3751 3747 fite-

2171 3777 2277 3829 rittt
2306 3778 2652 3845 proportione
2683 3778 2830 3848 paria
2862 3796 2874 3832 :
2907 3779 3121 3862 quando
3150 3788 3326 3839 autem
3352 3782 3746 3859 exsuperariat,

2169 3876 2223 3920 ct
2269 3877 2327 3920 ut
2357 3879 2537 3922 mente
2575 3869 2901 3927 excedamus
2941 3868 3215 3931 ell'eccrint
3240 3911 3255 3936 ,
3285 3887 3389 3931 non
3419 3874 3650 3943 amplius
3675 3876 3748 3929 si-

2172 3963 2306 4010 ntutt
2350 3957 2514 4009 ullam
2548 3956 2746 4012 habere
2774 3959 3218 4024 consolationem.
3260 3960 3358 4027 Dic
3397 3963 3542 4016 enim
3584 3968 3632 4017 ei
3663 3962 3753 4032 qui

2172 4047 2309 4111 male
2357 4046 2643 4113 mulctatus
2693 4047 2744 4102 iu
2793 4049 2969 4118 ignem
2999 4062 3081 4103 est
3114 4050 3378 4120 injectus,
3416 4052 3512 4119 llic
3536 4064 3634 4115 aut
3662 4038 3751 4111 illo

2173 4138 2275 4201 hoc
2301 4138 2533 4208 patitur;
2564 4152 2632 4193 ne
2661 4128 2855 4199 sentiet
2887 4139 3102 4208 quidem
3126 4141 3578 4209 consolationem.
3606 4142 3754 4199 Non-

2174 4246 2242 4285 nc
2272 4243 2464 4283 omnes
2494 4228 2650 4283 simul
2682 4231 2955 4299 perierunt
2989 4228 3288 4294 Israelitico?
3332 4247 3623 4311 quatunaut
3655 4236 3756 4288 hoc

2173 4323 2253 4383 eis
2277 4321 2456 4376 attulit
2489 4321 2950 4385 consolationem?
2978 4337 3158 4386 annon
3189 4322 3294 4378 hoc
3319 4325 3491 4394 ipsum
3510 4339 3616 4380 eos
3646 4340 3758 4380 ma-

2170 4416 2275 4484 jori
2304 4414 2490 4470 dolore
2527 4413 2838 4473 alliciebat?
2879 4416 2944 4470 Et
2974 4414 3098 4475 ideo
3131 4401 3416 4483 dicebant,
3447 4417 3713 4495 l‘eriitttus
3738 4457 3757 4484 ,

2178 4505 2499 4572 interiitnus,
2521 4506 2825 4581 consumpti
2858 4520 3064 4567 sumus.
3087 4506 3343 4587 Qumnatn
3370 4518 3453 4565 est
3487 4525 3618 4581 ergo
3647 4511 3761 4564 haec

2175 4597 2515 4651 Consolatio?
2545 4595 2766 4655 Frustra
2812 4611 2911 4662 nos
2956 4597 3056 4657 hac
3096 4612 3195 4666 spe
3233 4600 3597 4659 consolamur.
3644 4601 3761 4659 Una

2177 4698 2292 4755 sola
2318 4704 2401 4750 est
2420 4695 2719 4750 conSolatio
2739 4737 2754 4761 ,
2786 4695 2837 4759 in
2864 4693 3014 4753 illum
3044 4694 3132 4763 qui
3163 4696 3428 4775 exstingui
3455 4712 3561 4755 non
3584 4708 3764 4773 tuaest

2179 4786 2355 4863 ignem
2394 4802 2498 4839 non
2528 4785 2766 4841 incidere
2796 4804 2809 4840 :
2842 4787 2922 4847 eis
2961 4796 3137 4853 autem
3165 4826 3181 4848 ,
3209 4787 3300 4855 qui
3334 4786 3572 4851 incidere
3597 4827 3615 4850 ,
3659 4804 3762 4841 non

2181 4878 2303 4933 licet
2323 4876 2535 4948 assequi
2559 4877 2985 4943 consolationem
3012 4896 3027 4934 :
3053 4876 3142 4943 ubi
3165 4888 3250 4935 est
3268 4878 3472 4940 stridor
3489 4878 3763 4943 .deutiutu.

2181 4969 2269 5024 ubi
2315 4968 2469 5026 ﬂetus
2493 5010 2510 5036 ,
2538 4968 2629 5035 ubi
2681 4970 2882 5035 vermis
2925 4969 3016 5039 qui
3062 4984 3169 5037 non
3212 4969 3443 5035 moritur
3466 5010 3481 5037 ,
3508 4970 3596 5033 ubi
3633 4971 3767 5049 ignis

2179 5061 2269 5130 qui
2312 5074 2417 5115 non
2456 5059 2828 5137 exstinguitur.
2857 5057 3157 5125 Onminone
3200 5060 3360 5123 ullam
3403 5062 3629 5141 senties,
3661 5061 3767 5139 die,

2182 5166 2364 5219 quaeso
2385 5191 2400 5216 ,
2428 5149 2845 5215 consolationem
2868 5190 2887 5227 ρ
2916 5164 3037 5209 cum
3072 5150 3149 5214 sis
3178 5150 3231 5204 in
3266 5149 3558 5215 afﬂictione
3584 5162 3638 5217 et
3669 5167 3765 5217 au-
3818 5216 3825 5221 ,

2182 5243 2398 5314 gustia?
2441 5242 2509 5297 de
2565 5251 2761 5299 caetero
2815 5241 2957 5305 enim
2990 5241 3100 5306 eris
3139 5242 3281 5312 apud
3319 5252 3394 5307 te,
3430 5241 3542 5308 Ne,
3581 5257 3770 5312 qua-so

2185 5346 2239 5386 et
2283 5349 2443 5403 rogo,
2486 5348 2553 5385 ne
2597 5347 2694 5386 nos
2743 5340 2948 5389 temere
2977 5332 3342 5412 decipiauuts,
3375 5347 3431 5388 ct
3475 5334 3560 5397 his
3590 5335 3770 5397 verbis

2185 5425 2525 5479 consolemur
2543 5464 2558 5488 ,
2586 5423 2679 5482 scd
2704 5439 2769 5489 ea
2810 5425 3066 5483 faciamus
3091 5442 3212 5496 qua:
3239 5441 3340 5485 nos
3370 5435 3624 5497 poterunt
3648 5443 3771 5488 ser-

2188 5528 2332 5566 vare.
2359 5512 2492 5573 Cum
2519 5512 2733 5569 Christo
2760 5529 3046 5570 consessus
3077 5524 3162 5570 est
3201 5516 3295 5569 tibi
3339 5516 3647 5585 propositus
3667 5556 3686 5583 ,
3716 5526 3769 5570 et

2193 5613 2249 5658 tu
2295 5603 2363 5658 de
2408 5603 2490 5657 his
2529 5606 2739 5675 cui-ipse
2782 5608 3078 5664 scrutaris?
3107 5607 3162 5663 Si
3208 5607 3410 5665 nullum
3456 5618 3597 5667 esset
3630 5606 3772 5675 aliud
