3932 6220
255 471 301 508 at

254 572 496 640 peccatum
521 602 536 625 ,
579 574 676 628 pro
719 557 802 611 his
849 555 1029 610 verbis
1076 564 1330 624 quantum
1376 567 1476 607 nos
1523 560 1798 621 oporteret

253 656 403 712 subire
449 649 800 721 supplicium;
830 646 968 716 quod
1014 645 1180 700 simus
1203 645 1342 700 adeo
1373 645 1584 712 ignavi,
1614 641 1796 697 miseri

249 758 294 802 et
319 743 556 800 socordes
579 782 592 807 ,
623 750 678 793 ut
707 747 855 791 tanto
883 737 1043 790 etiam
1072 735 1348 805 proposito
1376 734 1546 804 pretio
1567 733 1683 787 haec
1711 731 1796 786 di-

247 837 440 893 camus?
465 834 509 890 0
537 843 795 904 quantum
828 831 1148 901 ingemisces
1169 871 1182 888 .
1208 827 1419 898 quando
1446 827 1680 881 audieris
1701 840 1796 880 eos

245 929 320 999 qui
341 929 465 980 bona
488 931 714 994 egerunt
740 923 917 976 vocari
947 923 998 974 in
1028 935 1248 989 regnum
1288 928 1342 973 et
1384 919 1587 972 honore
1616 915 1796 970 affici?

244 1020 432 1090 quando
455 1017 656 1072 videris
683 1032 748 1071 ex
779 1017 950 1070 servis
976 1024 1029 1069 et
1059 1014 1242 1066 luunili
1276 1013 1394 1067 loco
1419 1013 1558 1066 natis
1583 1027 1678 1066 eos
1705 1011 1794 1080 qui

246 1125 404 1179 parum
443 1109 529 1163 hic
567 1108 914 1170 laborarunt,
947 1105 1125 1158 throni
1159 1104 1290 1172 regii
1317 1117 1438 1156 esse
1467 1101 1796 1171 participes?

241 1205 405 1257 Annon
438 1216 498 1255 ea
527 1207 686 1254 erunt
715 1197 810 1251 tibi
842 1197 1020 1265 pejora
1068 1193 1385 1264 punitione?
1412 1192 1542 1246 Nam
1569 1193 1613 1247 si
1655 1205 1796 1245 nunc

237 1294 477 1366 quosdam
501 1291 691 1345 videns
719 1302 976 1358 prospere
1003 1294 1252 1356 agentes,
1277 1284 1485 1338 etiamsi
1511 1282 1641 1336 nihil
1671 1281 1794 1336 mali

237 1387 432 1457 tutioris
453 1426 469 1450 ,
507 1384 613 1438 hoc
642 1381 788 1436 omni
826 1380 1090 1449 supplicio
1129 1378 1343 1446 gravius
1368 1385 1522 1446 putas
1543 1417 1558 1436 .
1590 1375 1796 1428 discru-

233 1479 376 1532 ciaris
397 1519 411 1542 ,
443 1479 672 1547 teipsum
705 1474 851 1542 luges
879 1479 934 1526 et
979 1470 1292 1541 lacrymaris
1313 1510 1329 1535 ,
1369 1478 1426 1523 et
1450 1477 1504 1523 te
1533 1466 1794 1520 mortibus

1125 437 1189 492 IN
1234 437 1449 493 EPIST.
1491 436 1582 490 AD
1621 433 1787 490 El’llE

1907 433 2061 488 CAP.
2109 436 2171 489 11.
2217 434 2446 494 unum.
2488 437 2553 495 ν.
3411 447 3478 497 2.8

1901 551 2046 605 mille
2074 552 2295 622 digumn
2339 568 2461 608 esse
2495 567 2720 609 censes:
2754 553 2879 623 quid
2913 565 3036 610 tunc
3067 553 3318 626 patieris?
3347 562 3478 613 nam

1901 646 1945 699 si
1976 659 2084 699 non
2115 655 2259 700 esset
2286 645 2530 715 gehenna
2549 688 2565 712 ,
2592 646 2705 716 ipsa
2732 647 2800 700 dc
2829 662 2995 718 regno
3024 650 3275 719 cogitatio
3301 666 3478 706 annon

1899 735 2172 792 sufﬁceret
2197 737 2263 790 ad
2298 737 2623 804 perdendum
2653 749 2704 792 et
2734 739 2798 791 ad
2821 739 3150 796 afferendum
3172 743 3481 797 interitum?

1901 829 2052 898 Quod
2075 840 2253 884 autem
2281 845 2371 884 res
2403 831 2474 882 ita
2502 831 2570 883 sit
2600 845 2659 884 se
2689 831 2932 886 habitura
2953 875 2967 897 ,
2995 834 3127 889 satis
3147 835 3280 890 disci
3306 846 3480 904 potest

1899 935 1963 975 ex
2007 935 2185 974 rerum
2217 919 2569 988 experientia.
2599 919 2677 974 Ne
2707 936 2806 976 nos
2835 937 2965 993 ergo
3002 933 3202 979 temere
3241 925 3478 980 oblecte-

1900 1021 2020 1066 mus
2049 1020 2103 1065 et
2147 1010 2488 1064 consolemur
2533 1011 2840 1080 httjusmudi
2870 1013 3046 1069 verbis
3067 1056 3081 1079 ,
3109 1015 3204 1070 sed
3233 1018 3476 1071 attenda-

1901 1119 2018 1156 mus
2044 1144 2059 1167 ,
2089 1112 2140 1155 et
2169 1103 2358 1156 salutis
2382 1112 2580 1156 nostra:
2607 1117 2792 1156 curam
2818 1118 3090 1174 geramus,
3113 1116 3164 1160 et
3195 1107 3262 1162 de
3287 1109 3481 1163 virtute

1902 1196 2069 1248 simus
2109 1193 2358 1256 solliciti,
2387 1203 2441 1246 et
2483 1193 2548 1247 ad
2589 1193 2725 1246 bona
2758 1193 2989 1263 gerenda
3023 1209 3122 1250 nos
3149 1199 3476 1260 excitemus,

1903 1294 1959 1338 nt
1989 1285 2132 1352 digni
2165 1283 2456 1337 haheamur
2498 1284 2586 1352 qui
2621 1293 2818 1338 tantam
2846 1300 3194 1355 assequamur
3218 1289 3441 1359 gloriam
3464 1329 3479 1354 ,

1903 1377 1952 1428 in
1986 1373 2205 1430 Christo
2232 1373 2356 1428 Jesn
2385 1375 2608 1428 Domino
2639 1385 2842 1430 nostro.

240 1593 2076 1626 ___________________________________

1636 1667 1986 1735 HOMILIA
2028 1669 2108 1730 ν.

229 1829 346 1882 Car.
375 1829 430 1881 2.
463 1845 513 1881 ν.
549 1830 634 1882 11.
672 1827 887 1896 Pmpter
914 1825 1049 1894 quod
1077 1838 1319 1878 memores
1349 1830 1502 1875 estote
1527 1817 1663 1889 quod
1691 1815 1793 1868 ali-

292 1923 485 1992 quando
528 1937 614 1976 vos
653 1922 808 1974 eratis
847 1930 1015 1990 gentes
1057 1919 1109 1970 in
1153 1931 1325 1978 carne,
1368 1914 1454 1981 qui
1494 1906 1794 1964 dicebamini

294 2015 588 2083 pra’putiunt
622 2013 684 2064 ab
725 2029 784 2064 ea
820 2027 932 2080 quae
972 2010 1154 2061 dicitur
1196 2005 1510 2059 circumcisio
1549 2003 1601 2054 in
1643 2014 1795 2052 carne

291 2110 580 2176 manufacta
599 2121 616 2158 :
636 2106 719 2159 12.
739 2104 858 2173 quia
874 2103 1024 2156 eratis
1042 2099 1133 2153 illo
1149 2099 1200 2151 in
1216 2108 1437 2166 tempore
1455 2095 1561 2148 sine
1575 2093 1794 2154 Christo,

288 2196 494 2250 alienati
516 2213 549 2247 a
566 2193 942 2248 conuersatione
960 2189 1146 2252 Israel,
1169 2197 1216 2240 et
1243 2187 1462 2254 hospites
1482 2190 1801 2238 testamento-

289 2304 406 2339 rum
439 2284 812 2353 promissionis,
840 2299 974 2354 spem
1003 2296 1104 2334 non
1133 2277 1388 2342 habentes,
1418 2285 1463 2330 et
1485 2275 1592 2330 sine
1619 2273 1722 2329 Deo
1746 2274 1800 2328 in

285 2377 385 2430 hoc
411 2373 624 2429 mundo.
1107 2402 1110 2404 τ

290 2469 341 2521 1.
371 2465 528 2520 Multa
560 2463 852 2520 ostendunt
876 2463 969 2517 Dei
996 2460 1377 2529 benignitatem
1403 2467 1456 2512 et
1478 2469 1715 2511 amorem
1745 2455 1794 2507 in

223 2558 463 2612 homines
489 2573 502 2608 :
529 2555 782 2625 primum,
806 2552 947 2623 quod
977 2566 1075 2621 per
1101 2564 1163 2605 se
1193 2549 1368 2603 salvos
1394 2547 1596 2607 fecerit,
1620 2553 1675 2599 et
1703 2559 1796 2612 per

221 2661 280 2702 se
324 2647 413 2701 tali
455 2644 660 2700 modo:
691 2643 930 2698 secundo
958 2682 975 2709 ,
1015 2641 1158 2712 quod
1199 2654 1323 2694 cum
1361 2637 1544 2707 quales
1578 2648 1796 2690 eramus

225 2737 402 2790 salvos
433 2734 617 2790 fecerit
642 2753 655 2788 :
682 2734 842 2788 tertio
864 2774 881 2800 ,
906 2747 1012 2802 quo
1041 2746 1140 2785 nos
1167 2727 1466 2783 deduxerit.
1497 2725 1621 2780 Haec
1650 2723 1792 2778 enim

219 2830 394 2883 omnis
422 2845 515 2897 per
541 2842 600 2882 se
629 2828 914 2880 maximam
937 2822 1136 2879 habent
1155 2821 1530 2877 iudicationem
1559 2817 1676 2888 ejus
1696 2816 1800 2870 be-

219 2919 487 2988 nignitatis
511 2935 524 2971 :
545 2925 601 2972 et
626 2916 742 2972 haec
767 2915 946 2969 omnia
967 2914 1162 2968 Paulus
1185 2927 1327 2966 nunc
1348 2909 1589 2964 scribens
1608 2907 1791 2977 agitat.

220 3010 389 3076 Dixit,
417 3009 557 3078 quod
585 3023 707 3064 cum
733 3019 981 3062 essemus
1008 3003 1202 3058 mortui
1229 3002 1437 3057 delictis
1462 3009 1518 3056 et
1543 3000 1635 3054 ﬁlii
1663 3000 1792 3065 ira},

217 3117 315 3158 nos
364 3102 542 3156 salvos
589 3099 775 3155 fecerit
807 3116 822 3153 :
855 3111 998 3152 nunc
1043 3095 1172 3150 dicit
1214 3092 1409 3163 quibus
1459 3106 1557 3145 nos
1608 3089 1795 3145 fecerit

217 3191 472 3262 a-quales,
498 3199 555 3245 et
581 3190 700 3244 ideo
726 3188 875 3252 dicit,
905 3185 1156 3240 IIemores
1178 3193 1349 3237 estote.
1379 3181 1624 3236 Solemus
1650 3179 1792 3234 enim

214 3296 435 3346 osnnes,
463 3280 678 3351 quando
719 3279 786 3334 ab
829 3277 1018 3332 humili
1063 3273 1346 3330 admodum
1381 3271 1689 3328 conditione
1725 3268 1793 3323 ad

211 3376 534 3430 contrariam
563 3382 618 3428 et
646 3372 696 3427 ei
725 3388 787 3425 ex
817 3370 1044 3425 adverso
1074 3367 1486 3438 respondentem
1511 3372 1604 3417 aut
1629 3363 1791 3418 etiam

210 3467 466 3535 majorem
480 3465 656 3520 evecti
675 3463 930 3518 fuerimus
945 3460 1224 3523 honorem,
1239 3473 1307 3513 ne
1324 3457 1558 3528 priorum
1575 3454 1790 3525 quidem

211 3556 519 3610 meminisse
543 3595 558 3618 ,
589 3563 652 3608 ut
692 3553 781 3623 qui
821 3553 907 3607 illa
950 3554 1246 3604 nutriamur
1283 3548 1470 3619 gloria.
1503 3547 1791 3614 Pr0ptcrea

204 3644 374 3707 dicit,
423 3642 642 3713 Pmpter
680 3642 817 3712 quod
859 3657 1101 3694 memores
1143 3648 1315 3693 estote.
1358 3637 1577 3704 Propter
1618 3635 1750 3705 quod
1771 3675 1788 3699 ,

204 3733 514 3802 quodnam?
542 3732 694 3799 Quod
715 3734 882 3786 creati
912 3746 1096 3786 smnus
1121 3731 1173 3784 in
1203 3729 1455 3800 operibus
1482 3727 1655 3781 bonis.
1681 3727 1791 3779 Hoc

203 3839 391 3879 autem
417 3824 619 3879 sufficit
639 3823 706 3876 ad
729 3823 882 3877 nobis
905 3820 1327 3892 persuadendum
1351 3827 1408 3872 ut
1429 3833 1611 3873 curam
1638 3831 1791 3885 gera-

202 3931 329 3969 mus
362 3914 602 3966 virtutis.
637 3911 890 3966 Memores
924 3921 1092 3966 estote.
1133 3910 1341 3966 Sufficit
1379 3910 1520 3963 enim
1555 3908 1639 3961 illa
1673 3921 1789 3960 me-

199 4008 381 4062 moria
417 4006 483 4059 ad
507 4015 686 4074 gratos
712 4014 765 4059 et
793 4019 1054 4060 memores
1078 3982 1456 4058 reddendosin
1481 3999 1786 4054 benefacto-

199 4115 342 4153 rem.
382 4097 535 4165 Quod
568 4113 654 4152 vos
700 4099 973 4167 aliquando
1010 4107 1200 4168 gentes.
1243 4095 1376 4150 Vide
1417 4093 1683 4163 quomodo
1722 4108 1785 4146 ea

194 4189 480 4258 deprimat
502 4188 693 4257 quibus
715 4187 886 4243 Judaei
913 4187 1312 4258 praecellebant,
1335 4193 1389 4239 et
1412 4199 1473 4240 ea
1496 4184 1786 4238 admiretur

193 4280 401 4348 quibus
419 4290 608 4349 gentes
624 4289 778 4334 erant
800 4278 1078 4334 inferiores
1099 4294 1114 4342 ;
1138 4293 1256 4348 quae
1276 4275 1487 4346 quidem
1511 4291 1614 4328 non
1635 4281 1786 4328 erant

193 4369 513 4438 hnjusmodi
558 4378 616 4422 ut
652 4369 933 4424 inferiores
958 4382 1053 4422 eos
1079 4367 1398 4430 redderent,
1443 4365 1535 4420 sed
1568 4381 1597 4416 a
1626 4365 1785 4418 modo

186 4471 244 4514 et
276 4460 390 4514 vita
429 4461 665 4529 utrisque
691 4459 995 4529 persuadet.
1018 4459 1118 4526 Qui
1138 4457 1436 4512 dicebamt‘ni
1457 4457 1779 4526 prteputium.

189 4549 249 4604 In
300 4551 489 4604 verbis
528 4560 645 4604 erat
683 4549 892 4613 honor,
931 4549 984 4604 in
1025 4564 1188 4604 carne
1228 4548 1574 4618 praerogativa
1608 4565 1620 4599 :
1651 4545 1781 4599 nihil

179 4641 342 4694 enim
387 4651 475 4695 est
520 4641 874 4709 przeputinm,
921 4639 1054 4693 nihil
1097 4638 1452 4694 circumcisio.
1481 4637 1556 4690 Ab
1587 4653 1645 4690 ea
1672 4651 1784 4705 qua:

177 4732 388 4784 dicitur
409 4771 422 4791 .
456 4731 654 4800 inquit,
685 4731 1002 4784 circumcisio
1028 4731 1079 4783 in
1103 4745 1257 4784 carne
1291 4733 1600 4798 manufacta.
1633 4728 1783 4792 Quod

170 4823 350 4874 eratis
376 4821 475 4874 illo
499 4831 719 4890 tempore
741 4823 851 4875 sine
879 4821 1100 4884 Christo,
1129 4823 1338 4874 alienati
1357 4838 1387 4873 a
1407 4821 1782 4874 conversatione

169 4911 366 4967 Israel
385 4955 400 4976 ,
434 4922 485 4966 et
513 4912 733 4982 hospites
778 4922 1189 4966 testamentorum
1232 4912 1609 4981 promissionis,
1640 4926 1779 4978 spem

165 5019 280 5056 non
316 5004 588 5068 habentes,
617 5013 666 5056 et
707 5003 816 5056 sine
848 5000 952 5056 Deo
981 5003 1033 5055 in
1063 5001 1274 5055 mundo.
1308 5001 1432 5063 Vos,
1464 5001 1656 5070 inquit,
1684 5000 1777 5069 qui

168 5095 281 5150 hoc
315 5096 590 5151 vocamiui
617 5111 647 5148 a
678 5095 900 5150 ludat-is.
933 5095 1039 5149 Cur
1067 5104 1243 5149 autem
1272 5109 1392 5148 cum
1420 5103 1564 5148 esset
1592 5104 1776 5147 osten-

170 5203 346 5242 surns
380 5189 434 5242 in
461 5187 565 5243 hoc
593 5188 674 5241 eis
699 5187 951 5241 Collatum
981 5185 1144 5241 fuisse
1175 5186 1491 5241 benelicium
1513 5185 1654 5254 quod
1681 5198 1776 5239 eos

180 5275 380 5332 fecerit
411 5281 730 5334 societatem
749 5277 950 5332 habere
969 5292 1085 5330 cum
1110 5277 1327 5340 lsraele,
1352 5291 1536 5330 rursus
1562 5275 1772 5329 Israeli-

188 5366 350 5420 ticam
375 5383 482 5422 non
505 5369 762 5438 deprimit
782 5367 1115 5435 dignitatem,
1142 5369 1234 5422 sed
1261 5383 1380 5422 eam
1407 5368 1458 5421 in
1489 5367 1570 5420 his
1597 5365 1772 5421 extol-

195 5453 294 5506 lit?
328 5456 549 5510 Extollit
573 5459 629 5511 in
661 5457 727 5511 iis
756 5472 875 5526 quae
913 5465 1034 5509 sunt
1062 5458 1357 5512 necessaria
1379 5498 1394 5522 ,
1426 5457 1474 5510 in
1506 5458 1571 5510 iis
1596 5467 1771 5510 autem

205 5540 454 5610 deprimit
485 5546 538 5599 in
580 5547 778 5615 quibus
803 5546 883 5599 eis
919 5560 1024 5598 non
1064 5546 1155 5600 fuit
1183 5549 1430 5602 societas.
1469 5547 1771 5602 Procedens

213 5630 346 5683 enim
372 5632 528 5698 dicit,
561 5633 704 5688 Estis
744 5635 872 5688 ciues
900 5646 1182 5689 sanctorum
1220 5647 1264 5691 et
1291 5638 1551 5694 domestici
1574 5637 1670 5692 Dei
1697 5639 1766 5709 (υ.

357 5721 486 5779 Vide
512 5724 792 5795 quomodo
819 5740 922 5778 non
950 5725 1190 5794 deprimit
1215 5745 1228 5779 :
1253 5728 1397 5792 lianc,
1428 5729 1616 5797 inquit,
1645 5738 1769 5783 sunt

229 5805 577 5866 huiill’crentia.
606 5811 688 5866 Ne
715 5814 1048 5876 existimetis,
1081 5815 1264 5885 inquit,
1289 5833 1382 5872 vos
1410 5819 1763 5888 circumcisio-

521 5905 798 5962 Ριιτιιυι..
844 5904 956 5962 Gn.
1003 5907 1180 5972 LXII.

1905 1826 2029 1864 nem
2062 1824 2166 1863 non
2208 1819 2607 1877 cotiseqnntos,
2654 1826 2718 1865 eo
2759 1813 2900 1880 quod
2943 1814 3058 1870 sitis
3099 1815 3150 1870 in
3181 1820 3480 1887 prmputio,

1901 1901 2132 1970 aliquam
2161 1899 2360 1954 habere
2387 1900 2764 1956 differentiam.
2798 1904 2911 1958 lloc
2934 1915 3052 1960 erat
3081 1922 3242 1976 grave
3271 1924 3334 1963 ac
3360 1926 3482 1964 mo-

1902 1990 2116 2055 lestum,
2146 1991 2288 2060 quod
2311 2001 2493 2046 essent
2513 1991 2627 2046 sine
2648 1993 2882 2060 Christo,
2906 1997 3048 2064 quod
3069 2009 3249 2053 essent
3264 2001 3480 2056 alienati

1899 2093 1928 2131 a
1953 2081 2364 2136 conversatione
2394 2080 2595 2146 Israel;
2626 2082 2726 2138 hoc
2752 2093 2930 2140 autem
2959 2103 3064 2142 non
3088 2099 3170 2143 est
3194 2105 3480 2146 conversa-

1901 2171 1974 2225 tio
2005 2189 2018 2224 :
2050 2171 2192 2242 quod
2222 2187 2354 2226 vero
2383 2183 2566 2228 essent
2595 2173 2834 2244 hospites
2874 2187 3314 2236 testamentorum
3358 2199 3482 2252 pro-

1901 2263 2175 2317 missionis
2201 2303 2215 2327 ,
2249 2263 2391 2332 quod
2426 2280 2530 2318 non
2573 2264 2834 2321 haberent
2861 2283 3010 2338 spem
3042 2269 3272 2326 futuram
3294 2285 3314 2339 ,'
3341 2275 3480 2343 quod

1899 2366 2080 2410 essent
2111 2356 2162 2410 in
2205 2356 2306 2411 hoc
2333 2356 2531 2410 tnnndo
2557 2359 2673 2412 sine
2703 2359 2814 2414 Deo
2845 2378 2860 2416 :
2891 2361 3006 2417 haec
3029 2365 3207 2419 omnia
3236 2376 3389 2421 erant
3415 2369 3479 2421 il-

1902 2445 2097 2500 lorum.
2135 2447 2276 2501 Dixit
2301 2448 2368 2502 de
2414 2449 2572 2504 rebus
2611 2450 2949 2514 cmlestibus;
2980 2452 3107 2508 dicit
3138 2455 3296 2510 etiam
3323 2457 3390 2512 de
3421 2459 3482 2513 iis

1899 2555 2017 2607 qua:
2046 2549 2170 2592 sunt
2200 2553 2362 2610 super
2390 2549 2610 2607 terram,
2633 2543 2883 2611 quoniam
2903 2543 2972 2599 de
2998 2545 3128 2614 ipsis
3167 2546 3334 2602 Jnda-i
3373 2566 3484 2604 ma-

1897 2642 2055 2697 gnam
2087 2628 2353 2684 habebant
2381 2631 2829 2686 existimationem
2855 2646 2910 2689 et
2936 2635 3182 2704 gloriam.
3218 2637 3288 2691 Ita
3319 2641 3480 2694 etiam

1898 2718 2144 2775 Christus
2172 2722 2454 2778 consolans
2475 2725 2788 2794 discipulos.
2819 2737 3097 2795 postquam
3128 2730 3282 2796 dixit,
3312 2731 3477 2800 Beati,

1904 2815 1993 2882 qui
2009 2819 2435 2886 persequutionem
2453 2822 2714 2889 patiuntur
2735 2833 2940 2891 propter
2949 2823 3222 2893 justitiam,
3243 2827 3482 2894 quoniam

1904 2906 2128 2974 ipsorum
2149 2919 2220 2961 est
2241 2926 2451 2980 regnum
2471 2911 2731 2976 at'lorttm,
2758 2914 2902 2982 ponit
2929 2913 2978 2967 id
3001 2916 3139 2984 quod
3163 2927 3249 2972 est
3271 2920 3478 2975 minus:

1906 2997 1996 3053 Sic
2033 3000 2166 3053 enim
2211 3003 2496 3070 persequuti
2531 3013 2648 3057 sunt
2693 3005 2964 3074 prophetas
3006 3009 3091 3075 qui
3121 3013 3328 3079 [uerunt
3364 3022 3486 3067 ante

1902 3102 1988 3142 vos
2017 3089 2226 3157 (Matth.
2267 3091 2320 3145 5.
2361 3092 2444 3146 10.
2478 3093 2587 3162 12).
2635 3095 2764 3148 Nam
2806 3097 2907 3151 hoc
2946 3098 3198 3168 quidem,
3231 3103 3372 3171 quod
3411 3105 3476 3158 ad

1903 3180 2318 3249 magnitudinem
2346 3184 2555 3244 attinet.
2584 3194 2666 3239 est
2695 3186 2869 3242 minus
2892 3203 2907 3241 :
2932 3187 2977 3242 si
3003 3200 3274 3258 spectetur
3299 3203 3477 3250 autem

1901 3270 2044 3339 quod
2076 3286 2243 3340 prope
2273 3276 2381 3327 sint
2408 3285 2462 3328 et
2489 3277 2853 3342 crediderint,
2883 3289 2970 3333 est
3001 3296 3251 3351 magmnn
3284 3294 3340 3339 et
3365 3287 3478 3339 sui.

1901 3358 2104 3423 licieus,
2136 3370 2192 3415 et
2219 3378 2460 3432 magnam
2491 3366 2594 3418 vim
2625 3366 2803 3421 habet.
2838 3367 2947 3423 Hoc
2967 3384 3098 3438 ergo
3121 3382 3256 3436 crat,
3281 3372 3480 3431 habere

1899 3455 2389 3508 conversationem.
2417 3455 2530 3508 Non
2556 3456 2710 3520 dixit,
2739 3458 2981 3525 Separati
3001 3499 3016 3524 ,
3043 3461 3138 3515 sed
3156 3501 3170 3526 ,
3198 3463 3418 3518 Alienati
3445 3484 3478 3518 ιι

1898 3544 2294 3597 conversatione.
2325 3545 2437 3599 Non
2459 3544 2612 3610 dixit,
2637 3546 2750 3601 Non
2774 3549 3132 3614 attendentes,
3156 3555 3272 3618 sed,
3296 3553 3476 3625 Neque

1901 3634 2280 3703 participantes
2303 3676 2318 3702 ,
2352 3643 2406 3690 et
2439 3635 2696 3704 Hospites.
2731 3639 2911 3708 Magna
2943 3651 3027 3695 est
3053 3644 3334 3700 verborum
3363 3665 3476 3703 etn-

1899 3725 2101 3793 phasis,
2132 3743 2372 3797 magnam
2395 3729 2684 3784 ostendens
2711 3733 3124 3799 separationem.
3153 3736 3286 3792 Nam
3312 3741 3470 3795 etiam

1902 3816 2152 3870 Israelita:
2183 3827 2333 3873 erant
2359 3830 2512 3874 extra
2544 3824 3038 3892 conversationem,
3069 3828 3162 3882 sed
3193 3844 3298 3883 non
3333 3839 3470 3885 tatu-

1899 3923 2056 3975 quam
2086 3909 2282 3976 alieni,
2316 3927 2498 3965 verum
2529 3922 2796 3982 tamquam
2842 3915 2976 3984 pigri
3014 3927 3068 3970 et
3094 3917 3346 3974 dcsidiosi
3373 3962 3386 3985 ,
3417 3933 3469 3976 et

1896 3997 2210 4052 exciderunt
2228 4016 2257 4052 a
2282 4001 2632 4064 testamentis,
2652 4005 2744 4058 sed
2764 4020 2869 4057 non
2894 4014 3157 4076 tamquam
3183 4011 3468 4080 peregrini.

1895 4089 2149 4154 Qnmnam
2175 4102 2352 4147 autem
2380 4105 2534 4149 erant
2566 4107 2879 4151 teatamenta
2913 4100 3282 4166 promissionis
3305 4104 3328 4156 ?
3357 4103 3468 4158 Tibi

1894 4189 1938 4232 et
1965 4183 2139 4234 semini
2163 4193 2249 4236 tuo
2270 4185 2400 4238 dabo
2428 4197 2613 4239 terram
2643 4187 2771 4239 hanc
2800 4185 2953 4254 (Gen.
2988 4189 3074 4244 15.
3100 4192 3209 4258 15).
3236 4201 3292 4247 et
3317 4209 3464 4263 qua!-

1892 4285 2119 4339 Cumqne
2145 4275 2244 4328 alia
2277 4277 2539 4345 promisit.
2571 4277 2747 4346 Spem,
2779 4278 2968 4347 inquit,
3001 4297 3100 4335 non
3130 4281 3386 4347 habentes,
3419 4297 3466 4340 et

1892 4364 1999 4416 sine
2022 4363 2153 4419 Deo.
2182 4368 2340 4434 Atqui
2365 4367 2494 4422 deos
2519 4368 2810 4421 adorabant
2831 4410 2844 4432 ,
2880 4369 2971 4423 sed
3000 4386 3104 4425 non
3130 4384 3320 4429 erant:
3347 4376 3464 4431 ido-

1893 4455 2000 4509 lum
2029 4459 2168 4510 enim
2201 4457 2330 4511 nihil
2361 4469 2464 4512 est.
2500 4461 2580 4512 15.
2617 4459 2771 4513 Nunc
2800 4471 2966 4514 autem
3000 4463 3053 4516 in
3081 4463 3280 4520 Christo
3303 4467 3425 4523 Iesu
3444 4510 3461 4534 ,

1889 4562 1995 4612 vos,
2019 4548 2105 4617 qui
2125 4548 2400 4615 aliquando
2425 4551 2575 4604 eratis
2600 4551 2766 4620 longe,
2796 4552 2922 4620 facti
2943 4555 3062 4605 estis
3087 4572 3242 4623 prope
3271 4558 3320 4610 in
3348 4577 3464 4612 sau-

1891 4637 2041 4705 guine
2069 4637 2275 4690 Christi.
2315 4638 2401 4691 ll.
2441 4637 2561 4708 Ipse
2600 4641 2732 4692 enim
2766 4649 2840 4693 est
2875 4657 2978 4709 paa:
3010 4653 3202 4708 nostra,
3235 4646 3319 4710 qui
3349 4650 3463 4717 fecit

1889 4734 2097 4794 utraque
2135 4743 2326 4792 unum,
2369 4737 2415 4780 et
2459 4730 2674 4783 medium
2705 4731 2944 4799 parietem
2975 4735 3206 4788 maceria:
3229 4737 3423 4792 solvens
3444 4782 3459 4806 ,

1888 4816 2176 4869 inimicitias
2196 4818 2249 4869 in
2267 4834 2418 4872 carne
2435 4836 2544 4872 sua.
2571 4819 2679 4874 lloc
2700 4829 2782 4875 est
2802 4837 2950 4891 ergo,
2976 4823 3166 4892 inquit,
3186 4842 3457 4897 magnum,

1886 4906 2026 4971 quod
2056 4910 2296 4962 venimus
2341 4909 2391 4962 in
2434 4909 2737 4965 Judaeorum
2783 4919 3290 4972 conversationem?
3330 4924 3456 4990 quid

1883 4998 2056 5054 dicis?
2081 5017 2425 5071 quaecumque
2453 5014 2577 5058 sunt
2603 5004 2653 5058 in
2684 5006 2830 5060 czelis
2858 5014 2914 5062 et
2939 5023 3059 5078 quae
3083 5019 3208 5064 sunt
3235 5010 3285 5063 in
3315 5021 3455 5065 terra

1885 5091 2199 5146 instauravit
2240 5103 2295 5148 et
2339 5094 2390 5147 in
2433 5111 2592 5149 unam
2640 5111 2900 5151 summam
2947 5099 3188 5167 redegit,
3224 5109 3279 5152 et
3318 5117 3456 5156 mine

1881 5181 2015 5236 dicis
2034 5183 2102 5238 de
2122 5183 2406 5238 lsraelitis?
2424 5185 2607 5253 Certe,
2634 5188 2819 5254 inquit.
2847 5188 2976 5242 Nam
3002 5189 3088 5241 illa
3111 5189 3323 5256 quidem
3353 5193 3455 5246 fide

1879 5281 2090 5342 oportet
2127 5288 2436 5341 assumere,
2479 5275 2594 5329 haec
2639 5287 2814 5330 autem
2857 5278 3018 5330 etiam
3060 5278 3209 5330 factis
3244 5280 3373 5347 ipsis
3401 5294 3452 5337 et

1878 5364 2149 5432 operibus.
2182 5365 2334 5417 Nunc
2363 5374 2529 5418 autem
2556 5369 2608 5418 in
2633 5366 2831 5420 Christo
2851 5366 3001 5431 Jesu,
3032 5367 3219 5436 inquit,
3250 5387 3333 5424 ros
3361 5376 3448 5440 qui

1877 5455 2149 5522 aliquando
2175 5456 2325 5508 eratis
2352 5455 2520 5524 longe,
2548 5458 2670 5524 facti
2693 5456 2811 5509 estis
2839 5471 2996 5524 prope
3022 5459 3090 5510 ad
3114 5463 3448 5515 conuersatio—

1877 5561 2008 5598 nem.
2036 5545 2166 5598 Nam
2200 5544 2328 5597 illud
2359 5545 2514 5614 longe
2542 5558 2594 5599 et
2625 5544 2749 5600 illud
2782 5560 2967 5615 prope,
2996 5558 3078 5604 est
3105 5550 3270 5606 solius
3297 5552 3448 5606 liberi

1876 5637 2077 5690 arbitrii
2106 5645 2159 5690 et
2185 5637 2478 5690 electiOuis.
2512 5634 2632 5704 Ipse
2653 5646 2722 5690 est
2743 5638 2874 5691 enim
2905 5656 3006 5708 ραις
3031 5652 3202 5694 nostra
3221 5643 3304 5710 qui
3331 5645 3446 5711 fecit

1877 5737 2081 5796 utraque
2111 5742 2285 5779 unum.

1947 5819 2001 5871 9..
2036 5818 2170 5884 Quid
2213 5821 2311 5871 hoc
2348 5826 2469 5883 est,
2502 5816 2723 5886 Utraque
2759 5822 2960 5872 unum?
2989 5820 3100 5873 Non
3146 5821 3244 5875 hoc
3284 5823 3444 5886 dicit,

3046 5923 3086 5978 3
