3932 6220
439 292 509 343 59
1210 284 1266 334 ὃ.
1307 277 1580 334 .ttl.\l\‘.\'lS
1616 272 2045 329 CHRYSOSTOM

2152 271 2434 326 luetluet).
2478 275 3001 332 consrsurmor.
3471 267 3478 272 ’
3635 287 3702 339 to

440 405 576 473 quod
625 417 720 458 nos
751 399 987 456 erexerit
1015 399 1080 452 ad
1114 397 1262 453 illam
1290 395 1502 465 generis
1530 394 1894 454 nobilitatem,
1925 389 2018 444 sed

441 508 489 549 et
523 497 662 563 quod
704 508 803 547 nos
842 501 895 545 et
935 492 1052 544 illos
1091 488 1154 541 ad
1197 487 1493 555 majorem;
1535 484 1705 552 majus
1737 493 1908 536 tamen
1940 491 2022 536 est

444 586 760 640 beneficium
792 599 897 652 quo
941 595 1038 636 nos
1065 579 1239 634 affecti
1271 592 1476 632 sumus.
1507 576 1637 631 Nam
1676 575 1782 628 illis
1808 573 2022 644 quidem

444 691 497 733 et
540 677 858 748 promissum
898 673 1104 738 fuerat,
1151 681 1205 727 et
1242 679 1394 725 erant
1436 668 1534 736 ipsi
1573 667 2018 738 pr0pinquiores;

445 772 598 825 mittis
614 779 790 823 autem
816 781 910 821 nec
933 765 1268 836 promiserat,
1285 770 1339 816 et
1353 775 1567 816 eramus
1589 759 1814 828 longius.
1830 756 2024 824 Quam-

442 867 624 919 obrem
649 863 796 926 dicit,
822 860 1005 916 Gentes
1026 868 1192 912 autem
1234 872 1324 923 pro
1362 853 1707 908 misericordia
1739 850 2026 918 gloriﬁcare

444 955 605 1009 Deum
632 952 807 1023 (Rom.
837 951 921 1007 15.
945 949 1026 1016 9).
1051 947 1375 1003 Promiserat
1397 943 1611 1014 quidem
1635 941 1904 1004 Israelitis,
1931 937 2022 992 sed

442 1054 596 1101 erant
637 1043 878 1113 indigni;
931 1041 1082 1094 nobis
1132 1049 1307 1092 autem
1362 1051 1468 1092 non
1521 1033 1877 1102 promiserat,
1931 1029 2023 1082 sed

446 1139 684 1207 hospites
704 1149 919 1191 eramus
939 1152 950 1186 :
972 1132 1104 1186 nihil
1129 1142 1240 1185 erat
1264 1129 1418 1184 nobis
1437 1143 1555 1182 cum
1577 1127 1704 1195 ipsis
1719 1138 2021 1186 commune,

444 1241 498 1284 et
531 1245 627 1282 nos
655 1227 780 1282 fecit
805 1240 988 1286 ttnum,
1026 1238 1132 1276 non
1164 1235 1260 1275 nos
1288 1221 1392 1275 illis
1417 1218 1770 1288 conjungens,
1799 1214 1896 1270 sed
1925 1227 2026 1267 nos

446 1331 502 1374 ct
527 1320 648 1374 illos
671 1333 831 1371 unum
855 1316 1074 1370 faciens.
1100 1313 1279 1367 Dicam
1303 1319 1480 1363 autem
1498 1307 1800 1376 exemplum
1827 1320 1839 1356 :
1865 1316 2028 1372 pona-

449 1427 567 1464 mus
593 1423 710 1464 esse
735 1407 869 1462 duas
895 1415 1119 1468 statuas,
1149 1418 1308 1456 unam
1336 1416 1399 1455 ex
1431 1407 1676 1468 argento,
1707 1397 1928 1449 alteram
1959 1407 2023 1448 ex

451 1500 699 1571 plumbo;
745 1496 938 1550 deinde
985 1494 1169 1548 ambas
1207 1491 1352 1546 fusas
1395 1497 1449 1544 et
1487 1486 1743 1542 conliatas
1771 1483 2029 1553 prodiisse

450 1607 660 1645 aureas.
696 1589 834 1642 Ecce
873 1587 1006 1640 duas
1035 1600 1195 1638 unum
1225 1583 1369 1636 fecit.
1411 1583 1514 1634 Aut
1556 1578 1714 1633 etiam
1744 1576 1932 1629 aliter:
1962 1574 2030 1626 sit

452 1699 588 1736 unus
614 1695 799 1734 servu<
827 1719 842 1742 ,
873 1679 1010 1730 alius
1037 1676 1087 1728 in
1121 1674 1288 1727 tilitnn
1321 1671 1634 1740 adoptatus;
1665 1666 1821 1720 ambo
1847 1674 2024 1718 autem

452 1772 701 1828 eumdem
733 1770 995 1829 adorent,
1027 1766 1112 1819 hic
1139 1763 1352 1834 quidem
1384 1760 1688 1814 declaratus
1718 1772 1838 1812 cum
1870 1755 1937 1808 sit
1966 1753 2029 1806 li-

453 1867 556 1920 lins
579 1905 594 1928 ,
640 1863 731 1917 ille
764 1876 892 1914 vero
935 1857 1221 1928 fugitivus,
1255 1863 1307 1908 et
1349 1852 1437 1923 qui
1471 1867 1536 1906 ne
1577 1863 1778 1919 patrem
1818 1845 2030 1916 quidem

454 1958 599 2015 novit
628 1975 642 2010 :
669 1953 862 2009 deinde
905 1952 1031 2004 fiant
1069 1948 1227 2003 ambo
1272 1946 1531 2008 heredes,
1564 1953 1618 1998 et
1645 1941 1885 2012 germani
1918 1940 2027 1992 lilii.

456 2050 595 2104 Ecce
621 2047 686 2102 ad
715 2060 876 2100 unum
907 2043 1164 2095 honorem
1197 2047 1320 2093 sunt
1341 2036 1580 2108 perducti
1605 2053 1616 2088 :
1637 2035 1743 2089 duo
1765 2032 1886 2087 facti
1912 2040 2036 2083 sunt.

457 2157 640 2201 unum,
666 2137 754 2191 ille
777 2135 990 2202 quidem
1017 2147 1136 2186 cum
1161 2129 1396 2183 venisset
1417 2142 1447 2181 e
1470 2125 1778 2194 longinquo,
1803 2123 1888 2176 hic
1909 2135 2036 2174 vero

455 2247 578 2287 cum
602 2245 632 2282 e
657 2227 974 2298 propinquo,
1013 2233 1063 2275 et
1100 2222 1266 2290 magis
1295 2229 1377 2274 est
1400 2231 1683 2288 germanus
1708 2229 1864 2284 quam
1890 2222 2013 2265 ante

455 2337 617 2392 quam
649 2317 980 2374 oll'ettdisset.
1017 2313 1243 2366 Medium
1264 2353 1276 2373 ,
1310 2311 1512 2378 inquit,
1541 2311 1779 2377 parietem
1809 2303 2040 2357 maceria:

457 2414 673 2468 solvens.
717 2409 846 2476 Quis
892 2415 974 2462 est
1016 2403 1225 2458 medius
1267 2401 1480 2470 paries?
1513 2397 1832 2460 Inimicitias,
1864 2395 1954 2458 ait,
1987 2395 2039 2447 in

461 2522 611 2559 carne
629 2519 741 2557 sua.
771 2503 853 2556 15.
877 2499 1056 2570 Legem
1077 2495 1432 2548 mandatorum
1453 2493 1504 2544 in
1528 2490 1741 2543 decretis
1770 2503 2038 2542 evacuans.

465 2593 714 2648 Nonnulli
752 2590 964 2659 quidem
994 2588 1179 2641 dicunt
1201 2626 1214 2649 ,
1246 2583 1386 2652 quod
1422 2582 1503 2636 lex
1543 2581 1613 2633 sit
1641 2579 1848 2634 medius
1871 2578 2042 2647 paries

467 2690 603 2738 inter
628 2682 840 2738 Jutltnos
870 2689 924 2735 et
949 2677 1168 2733 Graecos
1197 2693 1210 2728 :
1243 2673 1362 2727 ideo
1395 2674 1566 2742 legem
1597 2669 1750 2735 dixit,
1779 2669 2042 2738 inquiunt,

465 2775 608 2846 quod
638 2789 741 2829 non
771 2773 894 2826 sivit
924 2771 1069 2838 ipsos
1095 2766 1308 2822 misceri
1337 2783 1348 2818 :
1376 2764 1506 2818 mihi
1532 2771 1709 2817 autem
1737 2776 1843 2815 non
1873 2761 1942 2814 ita
1971 2760 2047 2811 vi-

470 2869 668 2932 detur;
714 2863 808 2919 sed
853 2859 1182 2917 inimicitiam
1226 2859 1278 2911 in
1317 2871 1480 2911 carne
1514 2854 1748 2909 medium
1789 2852 2045 2921 parietem

469 2960 635 3023 dicit,
667 2956 758 3026 qui
801 2968 898 3008 nos
922 2951 1106 3005 ambos
1135 2965 1164 3003 a
1195 2950 1302 3003 Deo
1330 2956 1578 3016 separet,
1610 2946 1748 3000 sicut.
1769 2944 1895 2998 dicit
1927 2957 2048 3011 pro-

473 3052 628 3121 pltela
657 3067 672 3104 :
701 3051 883 3102 Annon
921 3054 1125 3114 peccata
1165 3053 1328 3096 vestra
1371 3049 1609 3110 separant
1635 3040 1767 3092 inter
1791 3053 1868 3090 me
1892 3047 1937 3091 et
1964 3053 2050 3090 vos

472 3143 626 3213 (lsai.
656 3141 743 3196 50.
767 3139 863 3208 2)?
891 3137 958 3191 Et
981 3136 1102 3206 jure
1127 3151 1142 3189 :
1167 3143 1436 3202 tamquam
1468 3131 1675 3186 medius
1703 3132 1843 3184 enim
1877 3130 2050 3199 paries

474 3233 765 3290 inimicitia:
791 3239 965 3294 erant,
994 3243 1112 3298 quae
1133 3227 1183 3281 ei
1211 3223 1608 3279 intercedebant
1632 3237 1750 3276 cum
1773 3220 1972 3275 Iuda-is
1999 3226 2054 3274 et

473 3327 692 3382 (ira-cis.
720 3322 854 3378 Cum
886 3328 1029 3375 esset
1053 3327 1230 3371 autem
1257 3317 1339 3370 lex
1362 3356 1375 3381 ,
1403 3329 1509 3368 non
1540 3313 1710 3368 solum
1739 3327 1844 3365 non
1874 3309 2052 3364 solve-

475 3419 690 3482 bantur,
710 3413 804 3468 sed
827 3413 987 3467 etiam
1013 3408 1179 3478 magis
1200 3406 1544 3461 crescebant:
1563 3403 1670 3457 Lex
1689 3404 1841 3468 enim,
1861 3399 2050 3470 inquit,

474 3512 603 3562 irant
628 3515 868 3575 operatur
892 3503 1066 3573 (Rom.
1093 3503 1148 3556 4.
1181 3500 1294 3571 15).
1326 3499 1396 3555 Ut
1424 3515 1552 3568 ergo
1581 3499 1686 3552 illic
1711 3498 1915 3561 dicens,
1952 3493 2056 3548 Leo:

475 3601 604 3652 iram
628 3604 885 3665 operatur,
919 3606 1024 3645 non
1047 3591 1094 3645 ei
1121 3600 1287 3644 totum
1311 3589 1582 3651 adscribit,
1607 3587 1701 3643 sed
1722 3586 2052 3648 subauditur,

477 3689 733 3758 quoniam
757 3682 1077 3751 transgressi
1100 3694 1284 3733 sumus
1309 3696 1323 3733 :
1349 3678 1418 3731 ita
1447 3677 1533 3731 hic
1557 3692 1766 3747 quoque
1787 3692 1904 3731 eam
1931 3675 2058 3730 dicit

481 3779 719 3835 medium
746 3776 1026 3846 parietem,
1055 3771 1306 3842 quoniam
1330 3770 1454 3824 dum
1482 3771 1529 3826 ei
1558 3786 1662 3823 non
1686 3769 1950 3830 obeditnr,
1983 3769 2056 3821 fa-

478 3871 650 3927 ciebat
680 3867 1005 3924 inimicitias.
1035 3865 1140 3919 Lex
1172 3873 1284 3917 erat
1311 3877 1499 3930 sepcs;
1526 3861 1618 3916 sed
1637 3877 1698 3916 ea
1716 3861 1927 3929 quidem
1946 3867 2060 3913 erat

481 3971 537 4016 ιιι
579 3969 720 4014 tutos
757 3957 1044 4023 redderet,
1077 3963 1132 4010 et
1163 3954 1282 4008 ideo
1309 3955 1466 4009 etiam
1497 3954 1766 4007 nominata
1798 3961 1880 4006 est
1907 3966 2059 4018 sepes

483 4065 536 4106 ut
563 4051 986 4121 circumscpiret.
1013 4047 1148 4103 Audi
1175 4047 1316 4101 enim
1340 4060 1525 4099 rursus
1546 4043 1860 4114 prophetam
1883 4043 2059 4096 dicen—

485 4155 592 4197 tetn
618 4160 632 4196 :
661 4142 725 4194 Et
752 4157 919 4211 sepem
943 4140 1020 4192 illi
1051 4136 1359 4191 circumdedi
1386 4134 1535 4205 (lsai.
1566 4135 1616 4189 5.
1647 4134 1703 4203 2)
1728 4151 1740 4197 ;
1769 4144 1823 4188 ct
1847 4135 2056 4198 iterum,

487 4233 746 4289 Abstulisti
790 4247 956 4300 sepem
1002 4231 1132 4300 ejus,
1178 4237 1224 4281 et
1269 4227 1572 4281 vindemiant
1616 4242 1724 4279 eam
1763 4242 1932 4279 omnes
1976 4225 2062 4294 qui

485 4335 748 4380 transeunt
774 4340 862 4394 per
895 4323 1024 4375 viam
1060 4320 1230 4392 (Psal.
1261 4318 1349 4374 79.
1386 4319 1498 4387 15).
1529 4318 1902 4371 Tutatncntunt
1933 4331 2061 4385 ergo

489 4419 637 4470 dit-it.
669 4417 732 4469 Et
761 4427 945 4469 Inrsus
969 4453 983 4476 ,
1031 4414 1271 4480 Auferam
1300 4426 1464 4478 sepem
1491 4409 1600 4478 ejus
1620 4448 1635 4472 ,
1667 4418 1713 4460 et
1739 4408 1830 4460 erit
1860 4409 1909 4460 in
1935 4425 2057 4460 con-

489 4511 856 4568 culcationem;
883 4515 935 4559 et
963 4518 1166 4566 rursus,
1195 4501 1375 4569 Legem
1405 4500 1540 4552 dedit
1561 4501 1610 4553 in
1636 4500 1878 4553 auxilium
1905 4499 2058 4565 (Isai.

488 4602 540 4653 5.
571 4601 624 4653 5.
659 4608 701 4650 et
729 4599 780 4651 8.
809 4595 901 4659 9.0)
927 4611 942 4656 ;
983 4603 1036 4647 et
1075 4594 1262 4645 iterum
1287 4631 1300 4654 ,
1335 4590 1546 4644 Facient
1575 4590 1965 4643 misericordiam
2015 4601 2062 4644 et

488 4692 505 4752 ᾔ
515 4689 733 4742 ndicium
752 4686 1019 4745 Dominus,
1040 4693 1182 4736 notas
1203 4683 1318 4750 fecit
1331 4682 1722 4750 justiﬁcationes
1742 4699 1858 4736 suas
1882 4681 2062 4736 lsraeli

492 4778 668 4851 (Psul.
705 4777 826 4830 102.
858 4777 910 4829 6.
945 4776 1021 4842 7).
1063 4773 1224 4828 Facta
1267 4785 1350 4828 est
1391 4783 1567 4828 autem
1610 4774 1814 4828 medius
1855 4776 2060 4844 paries,

497 4889 603 4926 non
625 4886 720 4924 eos
748 4877 888 4922 tutos
911 4867 1158 4932 reddens,
1182 4865 1276 4922 sed
1303 4881 1397 4921 eos
1422 4881 1452 4921 a
1483 4867 1590 4920 Deo
1616 4882 1890 4937 separatis.
1921 4867 2065 4937 Ejus-

498 4962 638 5016 modi
677 4968 759 5014 est
799 4957 1006 5012 medius
1047 4957 1220 5026 paries
1252 4958 1342 5027 qui
1386 4967 1469 5012 est
1505 4973 1533 5011 a
1574 4972 1721 5025 sepe.
1759 4957 2064 5027 (Injnsmodi

493 5062 669 5106 autem
697 5050 767 5105 sit
789 5065 850 5102 ca
881 5049 1140 5111 declarat,
1168 5047 1458 5116 subjit-tens
1481 5065 1494 5100 :
1521 5045 1821 5103 Inimicitias
1842 5049 1893 5101 in
1915 5063 2066 5102 carne

491 5159 601 5195 sua.
639 5139 816 5208 Legem
846 5139 1198 5192 mandatorum
1227 5153 1490 5191 evacuans.
1523 5137 1847 5203 Quomodo?
1881 5137 1945 5192 Ut
1976 5138 2066 5206 qui

489 5231 922 5299 circumsepserit
961 5240 1013 5282 et
1058 5229 1362 5282 inimicitias
1406 5228 1515 5282 illic
1553 5228 1790 5282 solverit.
1825 5228 1932 5283 Nec
1965 5227 2064 5282 hoc

494 5325 666 5378 solum
693 5339 810 5375 eam
842 5323 1018 5386 solvit,
1044 5321 1136 5375 sed
1165 5322 1325 5375 etiam
1351 5335 1444 5389 per
1469 5320 1588 5388 ejus
1613 5319 2063 5374 observationem.

493 5413 630 5480 Quid
649 5413 814 5477 enim,
833 5412 875 5465 si
898 5411 1103 5464 liberati
1126 5425 1366 5466 essemus
1387 5424 1417 5463 a
1440 5409 1604 5477 priori
1625 5411 2061 5477 transgressione,
2093 5451 2100 5454 .

494 5522 679 5561 l'lll‘StlS
697 5514 874 5558 autem
892 5519 1008 5557 eam
1027 5517 1245 5557 necesse
1265 5502 1582 5554 haberemus
1600 5502 1846 5554 SCI‘VRPB?
1865 5501 2066 5554 Rursus

497 5598 721 5664 itlipstnn
753 5603 893 5648 esset
919 5613 930 5646 :
958 5593 1049 5647 scd
1079 5608 1196 5646 eam
1223 5608 1433 5661 quoque
1463 5591 1618 5643 solvit
1643 5607 1655 5642 :
1683 5589 1861 5659 Legem
1890 5592 2030 5644 enim
2048 5633 2061 5655 ,

497 5691 685 5750 inquit,
710 5686 1058 5737 mandatorum
1080 5685 1129 5734 in
1152 5683 1361 5735 decretis
1382 5696 1645 5746 evacuans,
1671 5681 1844 5749 l’aptc,
1869 5693 2064 5752 quanta

2129 390 2431 459 benignitas
2457 393 2469 446 Ξ
2511 392 2656 446 dedit
2687 397 2840 448 nobis
2874 396 3043 464 legem
3075 375 3392 453 servandam
3420 417 3432 451 τ
3457 402 3699 469 quoniam

2129 491 2306 533 autem
2339 497 2443 534 non
2473 489 2824 550 servavimus,
2856 501 2977 540 cum
3006 496 3280 554 oporteret
3307 490 3507 559 puniri,
3538 491 3699 560 legent

2129 569 2287 624 Solvit
2312 587 2324 623 :
2351 582 2406 625 ut
2438 572 2481 626 si
2513 573 2634 641 quis
2660 589 2781 628 cum
2813 591 3034 644 puerum
3068 576 3373 633 tradidisset
3399 579 3702 651 paedagogo,

2129 663 2379 731 quoniam
2407 679 2512 718 non
2539 665 2740 728 obedit,
2768 667 2925 720 etiam
2955 684 2982 720 a
3012 667 3301 740 ptcdagogo
3328 671 3636 726 liberaverit
3656 684 3700 727 ct

2129 754 2428 810 abduxerit.
2471 758 2695 823 Quanta:
2734 767 2818 813 est
2858 759 2960 813 hoc
3001 761 3550 830 benignitatis?Quid
3587 773 3702 827 est,

2131 842 2194 897 In
2223 844 2432 899 decretis
2456 863 2701 902 euacuans
2719 849 2744 900 .9
2770 848 3033 919 Magnam,
3060 851 3251 920 inquit,
3278 851 3367 907 hic
3387 854 3539 923 ponit
3558 854 3704 910 dill'e-

2130 936 2357 990 rentiam
2397 936 2632 992 mandati
2677 949 2733 993 et
2773 939 3136 995 decretorum.
3186 947 3293 997 Aut
3341 944 3500 1001 fidem
3547 945 3708 1010 dicit,

2132 1027 2298 1095 ipsam
2321 1042 2516 1083 vocans
2539 1028 2848 1095 decretum;
2877 1049 2907 1085 a
2929 1033 3042 1086 sola
3066 1034 3211 1088 enim
3237 1035 3337 1091 ttde
3360 1037 3538 1092 salvos
3559 1036 3706 1092 fecit:

2133 1128 2228 1172 aut
2273 1131 2596 1190 prtcceptum
2623 1163 2638 1188 ,
2678 1125 2817 1178 sicut
2858 1123 3066 1178 dicebat
3093 1125 3375 1192 Chrisws,
3409 1129 3524 1200 Ego
3551 1141 3711 1184 autem

2137 1210 2252 1263 dico
2283 1212 2451 1280 vobis,
2483 1230 2546 1268 ne
2571 1214 2774 1270 omnino
2799 1216 3092 1270 irascamini
3118 1217 3330 1287 (Matth.
3361 1220 3440 1290 5).
3473 1221 3588 1275 Hoc
3614 1231 3711 1285 est,

2129 1300 2186 1355 Si
2232 1303 2531 1359 credideris
2571 1305 2712 1374 quod
2757 1306 2900 1362 Deus
2943 1323 3066 1364 eum
3109 1310 3359 1364 excitavit
3389 1325 3422 1365 τι
3453 1311 3709 1373 mortuis.

2132 1394 2308 1449 salvus
2336 1396 2463 1450 eris.
2495 1397 2562 1451 Et
2581 1414 2787 1463 rursus,
2817 1398 2990 1470 PrOpe
3015 1411 3085 1454 est
3115 1401 3318 1455 verbum
3339 1403 3393 1456 in
3422 1419 3514 1459 ore
3544 1414 3647 1472 tuo,
3670 1413 3712 1456 et

2133 1486 2185 1539 in
2210 1487 2361 1540 corde
2390 1499 2475 1541 tuo
2507 1489 2684 1557 (Rom.
2715 1491 2800 1545 10.
2835 1492 2912 1561 8).

2205 1579 2256 1631 5.
2285 1577 2362 1633 Ne
2402 1579 2599 1633 dixeris
2622 1621 2638 1646 ,
2670 1581 2800 1648 Quis
2836 1582 3092 1638 ascendet
3119 1583 3170 1638 in
3201 1586 3391 1640 cadum
3430 1627 3444 1652 ,
3485 1595 3578 1641 aut
3603 1586 3716 1655 quis

2133 1667 2420 1724 descendet
2448 1670 2500 1723 in
2519 1671 2791 1742 abyssum,
2815 1681 2907 1727 aut
2927 1675 3047 1743 quis
3075 1675 3247 1744 ipsum
3277 1678 3496 1731 sustulit
3520 1693 3552 1732 e
3577 1692 3716 1730 utor-

2137 1761 2239 1814 tuis
2261 1761 2414 1814 ?‘Pro
2447 1762 2551 1815 vita
2582 1763 2738 1816 tidem
2774 1765 3088 1820 introduxit.
3120 1766 3255 1821 Nam
3286 1777 3343 1821 ut
3386 1782 3495 1822 non
3526 1779 3719 1822 temere

2135 1851 2313 1905 salvos
2357 1851 2573 1919 faceret,
2604 1863 2657 1907 et
2685 1854 2797 1923 ipse
2839 1855 2937 1909 fuit
2985 1856 3220 1925 punitus,
3265 1866 3320 1912 et
3362 1856 3525 1912 ﬁdem
3555 1858 3622 1912 ab
3647 1857 3722 1910 eis

2137 1942 2311 2010 exegit
2366 1957 2460 2010 per
2513 1942 2747 1997 decreta.
2806 1941 2874 1998 Ut
2916 1945 3045 2001 duos
3079 1945 3264 2000 condat
3301 1947 3356 2000 in
3403 1948 3722 2017 mzetipsum

2137 2032 2190 2086 in
2242 2050 2395 2086 unum
2440 2051 2622 2088 novum
2659 2035 2931 2091 hominem.
2979 2038 3140 2093 Vides
3187 2055 3294 2093 non
3340 2038 3600 2095 Graecum
3637 2039 3718 2092 fa-

2138 2133 2279 2177 ctum
2318 2125 2558 2180 .ludtnum
2584 2167 2598 2191 ,
2651 2126 2744 2180 sed
2780 2137 2835 2182 et
2882 2128 3023 2182 hunc
3075 2138 3130 2184 et
3174 2131 3320 2184 illum
3353 2131 3632 2186 venientes
3657 2127 3721 2182 ad

2139 2214 2368 2268 alterum
2414 2217 2648 2270 stattnn?
2686 2217 2798 2270 Non
2834 2227 2890 2272 ut
2929 2218 3070 2274 lnmc
3107 2221 3268 2274 alium
3312 2220 3507 2286 faciat,
3559 2223 3720 2291 legem

2141 2308 2435 2373 evacuavit,
2465 2308 2562 2363 sed
2585 2319 2642 2363 ut
2669 2310 2805 2364 duos
2831 2312 3030 2366 condat
3050 2328 3113 2366 ac
3135 2325 3302 2368 creet.
3337 2315 3402 2370 Et
3426 2326 3576 2370 recte
3603 2313 3719 2369 ubi-

2142 2414 2245 2466 que
2273 2413 2400 2454 usus
2445 2409 2528 2454 est
2558 2403 2776 2457 nomine
2800 2443 2815 2467 ,
2845 2403 3062 2460 Condat.
3104 2405 3212 2459 Nec
3239 2405 3408 2471 dixit,
3437 2407 3641 2473 Mutet,
3675 2415 3728 2460 ut

2143 2490 2454 2547 ostenderet
2481 2491 2773 2547 efﬁcaciam
2807 2495 2924 2564 ejus
2951 2496 3092 2565 quod
3128 2496 3323 2551 factum
3351 2507 3435 2553 est
3460 2539 3476 2566 ,
3509 2507 3566 2554 et
3590 2495 3728 2567 quod

2145 2581 2356 2636 etiamsi
2386 2583 2590 2637 creatio
2617 2584 2774 2638 cadat
2803 2586 2903 2640 sub
2930 2599 3242 2656 aspectum,
3276 2591 3364 2644 illa
3395 2599 3578 2645 tamen
3623 2603 3726 2644 non

2146 2683 2227 2726 est
2255 2672 2366 2728 haec
2393 2675 2568 2728 minor
2592 2715 2607 2740 ,
2649 2678 2864 2746 etquod
2897 2678 2966 2733 de
2999 2689 3197 2734 emtero
3223 2697 3329 2736 non
3368 2684 3438 2737 sit
3469 2683 3624 2739 nobis
3652 2697 3732 2736 re-

2149 2767 2432 2821 siliendum
2464 2783 2492 2820 a
2516 2770 2678 2822 rebus
2704 2771 3055 2827 naturalibus.
3095 2773 3162 2828 Ut
3193 2774 3343 2840 duos,
3374 2776 3569 2842 inquit,
3607 2792 3730 2828 con-

2149 2859 2314 2911 datin
2354 2860 2520 2928 seipso
2569 2875 2588 2913 :
2615 2861 2716 2915 hoc
2760 2871 2841 2916 est
2865 2901 2880 2926 ,
2929 2878 3025 2932 per
3055 2866 3310 2934 seipsum.
3341 2866 3454 2920 Non
3503 2868 3594 2921 alii
3635 2866 3732 2919 hoc

2151 2949 2440 3015 mandavit,
2466 2951 2558 3004 sed
2589 2967 2682 3020 per
2709 2954 2964 3022 seipsum,
2993 2971 3114 3008 cum
3147 2967 3201 3011 et
3235 2957 3373 3012 hunc
3397 2969 3452 3012 et
3479 2960 3628 3012 illum
3658 2959 3735 3012 fu-

2151 3040 2318 3094 disset
2349 3051 2404 3094 et
2440 3043 2749 3110 conﬂasset,
2799 3062 2959 3100 unum
3011 3047 3265 3118 produxit
3318 3050 3730 3116 admirabilem,

2153 3147 2273 3186 cum
2315 3135 2427 3204 ipse
2455 3134 2557 3189 hoc
2585 3137 2815 3205 primum
2847 3138 3018 3193 lactus
3047 3151 3192 3195 esset
3224 3158 3237 3195 :
3267 3142 3409 3211 quod
3437 3155 3522 3198 est
3566 3143 3736 3212 tnajus

2155 3223 2314 3293 priori
2366 3235 2628 3281 creatura.
2681 3228 2790 3283 lloc
2837 3238 2920 3284 est
2947 3231 3128 3299 enim,
3156 3230 3223 3285 In
3267 3235 3570 3304 semetipso,
3616 3248 3734 3288 cum

2157 3316 2270 3385 ipse
2319 3317 2519 3385 primus
2565 3318 2790 3374 formam
2842 3323 3127 3390 praebuerit
3169 3335 3222 3380 et
3264 3328 3558 3396 exemplar.
3609 3326 3737 3381 Nam

2155 3420 2274 3460 cum
2297 3406 2418 3462 hinc
2440 3410 2699 3465 tenuisset
2722 3411 2961 3466 Judaeum
2991 3422 3047 3468 et
3071 3415 3217 3470 illinc
3244 3416 3513 3483 Graecum,
3542 3427 3599 3472 et.
3627 3417 3739 3485 ipse

2160 3496 2341 3550 fuisset
2364 3497 2591 3566 medius,
2618 3509 2671 3554 ct
2694 3515 2788 3555 eos
2807 3504 3254 3574 commiscuisset,
3279 3517 3330 3561 et
3357 3507 3614 3577 quidquid
3647 3524 3740 3561 eu-

2159 3602 2276 3640 rum
2333 3598 2450 3642 erat
2495 3589 2848 3646 abalienatum
2896 3593 3200 3656 delevisset-,
3251 3597 3482 3666 desuper
3528 3598 3743 3653 refinxit

2163 3692 2256 3744 per
2285 3686 2459 3748 ignem
2496 3688 2551 3733 et
2575 3693 2766 3748 aquam
2800 3700 2812 3734 :
2848 3697 2953 3736 non
2983 3686 3164 3754 utique
3188 3701 3283 3754 per
3311 3701 3504 3757 aquam
3540 3697 3596 3741 et
3625 3696 3747 3741 ter-

2162 3783 2298 3832 ram,
2349 3770 2440 3823 sed
2482 3785 2578 3839 per
2618 3787 2808 3841 aquam
2853 3783 2907 3828 et
2946 3778 3142 3846 ignem.
3179 3777 3371 3833 Factus
3408 3789 3489 3836 est
3523 3779 3744 3835 Judams

2162 3862 2508 3917 circumcisus
2531 3904 2546 3929 ,
2576 3863 2746 3918 factus
2787 3875 2867 3919 est
2897 3868 3248 3934 maledictus;
3282 3871 3454 3925 factus
3478 3883 3559 3926 est
3590 3854 3746 3926 Gre:-

2163 3968 2257 4007 cus
2286 3963 2434 4006 extra
2466 3954 2659 4024 legem,
2691 3957 2849 4010 etiam
2891 3974 3050 4028 supra
3075 3960 3292 4015 Grzccos
3319 3972 3373 4016 et
3400 3962 3641 4017 Iudaeos.
3674 3961 3741 4013 In

2163 4060 2319 4097 unum
2347 4061 2550 4111 novum,
2583 4046 2771 4116 inquit,
2805 4050 3076 4106 hominem.
3109 4051 3328 4109 Faciens
3354 4072 3528 4124 pacem
3559 4056 3694 4124 ipsis
3731 4071 3745 4106 :

2165 4144 2218 4190 et
2243 4150 2362 4190 cum
2392 4136 2500 4190 Deo
2520 4177 2535 4203 ,
2567 4146 2624 4192 et
2654 4137 2791 4193 inter
2821 4155 2900 4195 se.
2945 4141 3059 4195 Non
3088 4145 3230 4197 enim
3265 4157 3543 4201 manentes
3569 4145 3749 4201 .luda-i

2165 4237 2218 4280 et
2247 4226 2415 4282 Graeci
2461 4238 2643 4282 essent
2689 4232 2994 4295 conciliati;
3037 4234 3135 4287 nisi
3182 4246 3360 4290 autem
3406 4251 3436 4290 a
3481 4251 3576 4290 suo
3605 4244 3750 4290 statu

2168 4318 2372 4373 liberati
2401 4319 2661 4386 fuissent,
2693 4323 2964 4391 quomodo
2992 4323 3266 4379 venissent
3291 4325 3355 4380 ad
3383 4327 3543 4380 alium
3572 4327 3752 4394 majo.

2165 4411 2322 4464 rem?
2349 4409 2564 4465 Judaeus
2621 4413 2762 4465 enim
2791 4421 2916 4466 tunc
2939 4412 3127 4469 Grarco
3146 4415 3504 4485 conjungitur,
3529 4417 3758 4486 quando

2167 4500 2338 4556 factus
2369 4502 2528 4556 fuerit
2556 4502 2769 4558 fidelis:
2803 4513 2860 4558 ut
2886 4505 2928 4558 si
2953 4505 3171 4575 quidam
3195 4547 3212 4572 ,
3246 4509 3290 4561 si
3318 4509 3424 4562 sint
3446 4509 3550 4562 duo
3589 4507 3758 4560 babi-

2169 4595 2361 4659 tacula,
2393 4593 2600 4650 inferne
2626 4604 2682 4650 et
2708 4610 2941 4664 superne
2963 4613 3124 4652 unum
3149 4598 3521 4654 admirandum
3551 4609 3607 4653 et
3629 4613 3758 4652 ma-

2166 4698 2350 4753 gnum,
2394 4699 2499 4740 non
2532 4699 2590 4739 se
2620 4688 2891 4762 potuerint
2917 4697 3101 4743 mutuo
3127 4689 3311 4745 videre
3346 4690 3518 4745 donec
3548 4689 3763 4742 fuerint

2168 4774 2432 4844 superius.
2481 4775 2696 4830 Faciens
2738 4795 2953 4848 pacem;
2993 4780 3161 4851 magis
3195 4790 3374 4837 autem
3426 4796 3546 4836 cum
3581 4780 3708 4834 Deo
3741 4795 3757 4831 :

2170 4864 2312 4934 quod
2360 4867 2501 4919 enim
2533 4868 2779 4935 sequitur
2808 4869 2907 4922 hoc
2936 4870 3192 4924 ostendit.
3224 4871 3360 4938 Quid
3389 4873 3529 4926 enim
3567 4868 3718 4924 dicit
3740 4871 3767 4922 ἶ

2175 4956 2260 5009 16.
2285 4955 2351 5010 Ut
2368 4958 2654 5011 reconciliet
2675 4959 2845 5012 ambos
2869 4961 3034 5014 inuno
3057 4978 3268 5032 corpore
3289 4963 3396 5017 Deo
3415 4980 3502 5034 per
3525 4978 3764 5016 crucem.

2170 5048 2284 5101 Non
2311 5048 2752 5115 dixit,Conciliet,
2785 5051 2900 5115 sed,
2932 5051 3258 5117 Reconciliet,
3291 5057 3576 5110 ostendens
3605 5053 3769 5124 quod

2171 5149 2327 5192 antea
2369 5139 2601 5192 humana
2631 5149 2817 5194 natura
2866 5152 2981 5196 erat
3010 5143 3077 5197 ad
3115 5145 3504 5200 conciliandum
3552 5146 3764 5210 facilis,

2171 5231 2374 5285 scilicet
2405 5231 2456 5284 in
2483 5231 2685 5285 sanctis
2707 5242 2761 5286 et
2786 5242 2912 5288 ante
2939 5235 3128 5305 legem.
3159 5233 3225 5289 In
3252 5252 3352 5290 uno
3382 5252 3587 5307 corpore
3614 5277 3632 5303 ,
3672 5237 3772 5291 in-

2172 5321 2308 5388 quit,
2339 5335 2436 5373 suo
2463 5321 2699 5389 quidem,
2718 5321 2846 5376 Deo.
2877 5323 3158 5389 Quomodo
3178 5325 3238 5380 lit
3259 5325 3400 5381 hoc?
3429 5326 3498 5383 Ut
3518 5325 3606 5396 qui
3638 5341 3774 5397 pm-

2173 5425 2294 5461 natn
2321 5450 2336 5473 ,
2372 5410 2538 5478 inquit
2564 5449 2578 5473 ,
2607 5426 2727 5478 qua:
2753 5412 3048 5468 debebatur
3075 5414 3190 5483 ipse
3233 5416 3459 5471 subierit
3498 5431 3588 5486 per
3617 5431 3771 5472 cru-

2173 5513 2311 5551 cem.
2367 5497 2690 5566 lnterﬁcicns
2729 5502 3019 5558 inimicitias
3056 5506 3110 5558 in
3145 5506 3517 5575 seipso.'Nibil
3557 5519 3650 5562 est.
3682 5509 3776 5565 bis

2175 5590 2350 5642 verbis
2389 5591 2554 5660 magis
2585 5597 2857 5661 proprium
2881 5638 2894 5658 ,
2939 5596 3068 5650 nihil
3097 5597 3236 5665 quod
3265 5597 3522 5666 majorem
3556 5597 3774 5656 habent

2181 5681 2492 5746 emphasim.
2520 5682 2659 5736 Mors
2685 5685 2800 5749 ejus
2831 5689 3091 5743 interfecit
3121 5688 3422 5742 inimicitias
3447 5728 3460 5745 .
3497 5691 3774 5746 sauciant
