3932 6220
423 233 482 285 ξι
1127 227 1181 280 S.
1223 228 1505 287 JOANNIS
1543 229 2036 288 CIIRYSOSTOMI
2073 231 2374 287 ARCHIEP
2433 227 2975 285 CONSTANTINUI‘.
3573 231 3642 283 ﬂ

409 343 582 406 κικὸν,
617 341 676 393 οὐ
731 338 1052 409 τεχθήσεται
1102 339 1294 413 ἑτέρα,
1334 341 1468 396 ἀλλὰ
1513 347 1664 413 μενεῖ
1706 345 1740 414 ή
1789 345 1977 416 εἰρήνη

409 425 615 494 εκείνη.

491 506 776 576 Ἐννόησον
801 505 908 574 γὰρ
938 505 1060 558 ὅσον
1089 506 1203 560 ἐστὶ
1235 507 1423 571 κακὸν,
1451 509 1692 564 τοσαῦτα
1718 511 1812 564 τοῦ
1842 509 1979 563 Θεοῦ

407 588 995 662 πραγματευσαμένου,
1029 588 1115 642 ἵνα
1144 589 1596 661 καταλλαγῶμεν,
1633 592 1724 645 καί
1750 593 1981 646 ἀνύσαν-

408 690 516 735 τος,
548 671 711 724 πάλιν
734 671 878 740 ήμᾶς
903 671 983 731 εἰς
1005 669 1204 741 ἔχθραν
1235 673 1570 726 ἐπανελθεῖν.
1605 673 1824 744 Ταύτην
1850 675 1980 728 οὑκ-

407 755 488 808 ἐτι
514 753 757 822 λουτρὸν,
791 751 904 804 ἀλλ’
929 754 963 823 ή
991 752 1185 821 γέεννα
1209 754 1382 824 μένει,
1409 755 1592 809 οὐκέτι
1624 759 1837 825 ἄφεσις,
1865 757 1980 810 ἀλλ’

406 836 674 900 ἐξέτασις.
705 834 966 904 Φρόνημα
1010 836 1110 905 τῆς
1162 836 1388 906 σαρκὸς,
1443 837 1656 909 τρυφὴ,
1695 839 1978 908 σπατάλη·

407 919 662 988 φρόνημα
687 916 788 986 τῆς
820 917 1044 987 σαρκὸς,
1073 918 1360 985 πλεονεξία
1400 921 1494 972 καὶ
1526 922 1670 974 πᾶσα
1709 921 1974 992 ἁμαρτία.

405 1000 503 1052 Διά
556 997 610 1052 τί
669 999 924 1069 φρόνημα
958 999 1160 1070 σαρκὸς
1193 1001 1442 1070 εῐρηται;
1502 1001 1680 1054 καίτοι
1724 1019 1787 1070 γε
1826 1003 1980 1056 οὐδὲν

403 1085 530 1137 ἄνευ
562 1082 742 1152 ψυχῆς
768 1082 1062 1150 εἰργάσατο
1081 1082 1146 1136 ἄν
1171 1083 1220 1136 b.
1253 1084 1326 1136 Οὐ
1355 1083 1658 1137 διαϐάλλων
1679 1086 1779 1156 τὴν
1803 1085 1980 1156 σάρκα

404 1165 574 1233 λέγει,
611 1164 734 1217 ἐπεὶ
767 1163 863 1216 καὶ
893 1163 1022 1216 ὅταν
1050 1164 1180 1234 λέγῃ
1203 1203 1218 1229 ,
1255 1167 1522 1233 Ψυχικὸς
1555 1166 1886 1235 ἅνθρωπος,
1919 1168 2000 1227 οὐ,

403 1247 708 1300 διαϐάλλων
738 1244 836 1316 τὴν
861 1245 1038 1316 ψυχὴν
1059 1246 1218 1299 τοῦτό
1237 1263 1425 1317 φησιν,
1452 1248 1567 1302 ἀλλ’
1597 1250 1680 1301 ὅτι
1701 1251 1800 1303 οὐκ
1823 1252 1984 1320 ἀρκεῖ

404 1329 526 1382 οὔτε
560 1328 741 1398 σῶμα,
786 1327 910 1382 οὔτε
937 1329 1082 1399 ψυχὴ
1113 1327 1233 1383 καθ’
1261 1329 1481 1401 ἑαυτὴν,
1522 1332 1596 1401 μὴ
1642 1331 1742 1401 τῆς
1774 1332 1982 1385 ἄνωθεν

407 1411 581 1484 ῥοπῆς
607 1410 982 1475 ἀπολαύουσα,
1035 1412 1256 1483 ποιῆσαί
1305 1429 1358 1465 τι
1399 1417 1645 1482 γενναῖον
1678 1415 1774 1468 καί⁹
1816 1415 1978 1484 μέγα.

405 1495 505 1546 Διά
547 1492 706 1546 τοῦτο
756 1491 966 1562 ψυχικά
1017 1494 1198 1546 ἐκεῖνα
1253 1493 1428 1559 καλεῖ,
1477 1495 1513 1549 ἃ
1562 1495 1683 1548 καθ’
1716 1496 1978 1565 ἑαυτήνή

404 1576 552 1648 ψυχὴ
593 1575 918 1646 ἐργάζεται·
975 1573 1068 1626 καὶ
1100 1574 1341 1644 σαρκικὰ
1367 1579 1548 1630 ἐκεῖνα
1583 1577 1756 1642 καλεῖ,
1791 1579 1828 1633 ἃ.
1858 1579 1978 1632 καθ’

407 1659 569 1713 ἑαυτὸ
589 1658 649 1710 τὸ
680 1656 868 1726 σῶμα·
901 1655 1001 1709 ούκ
1029 1657 1216 1729 ἐπειδὴ
1243 1658 1413 1712 ταῦτα
1433 1659 1660 1728 φυσικὰ,
1689 1661 1801 1714 ἀλλ’
1833 1662 1984 1714 ἐπει·

405 1742 471 1814 δή
503 1743 576 1813 μὴ
609 1739 991 1795 ἀπολαύσαντα
1024 1741 1358 1811 προστασίας
1398 1743 1497 1814 τῆς
1537 1744 1766 1808 ἐκεῖθεν,
1811 1744 1979 1797 ἀπόλ-

407 1825 582 1880 λυται.
629 1824 780 1875 Ἐπεὶ
804 1823 895 1876 καὶ
925 1824 973 1875 οί
999 1822 1268 1894 ὀφθαλμοὶ
1304 1825 1479 1889 καλοὶ,
1505 1825 1621 1880 ἀλλ’
1646 1826 1773 1879 ἄνευ
1801 1826 1979 1895 φωτὸς

409 1907 577 1977 μυρία
605 1905 929 1976 ἐργάζονται
956 1905 1128 1958 κακά·
1163 1904 1322 1959 τοῦτο
1354 1906 1410 1958 δὲ
1438 1909 1537 1979 τῆς
1565 1907 1848 1970 ἀσθενείας
1879 1911 1979 1962 αὑ-

403 1993 512 2044 τῶν
543 1991 711 2053 ἐστιν,
735 1990 796 2042 οῦ
827 1990 926 2060 τῆς
951 1988 1186 2058 φύσεως.
1214 1990 1276 2042 Εἰ
1303 1990 1360 2042 δὲ
1382 1991 1587 2060 φυσικά
1613 1987 1682 2063 ἦν
1714 1991 1783 2045 τά
1811 1991 1977 2057 κακὰ,

405 2075 506 2127 οὐκ
538 2073 603 2126 ἂν
635 2073 819 2135 αὐτοῖς
849 2088 978 2124 ποτε
1009 2073 1089 2134 εἰς
1116 2071 1234 2124 δέον
1265 2073 1621 2144 ἐχρησάμεθα
1645 2090 1657 2103 ·
1693 2076 1846 2129 οὐδὲν
1871 2076 1981 2146 γάρ

407 2160 523 2210 ἐστι
546 2157 772 2224 φυσικὸν
798 2157 986 2209 κακόν.
1016 2154 1078 2207 Τί
1096 2151 1188 2208 οὖν
1215 2159 1330 2209 ἐστι
1357 2158 1598 2228 σαρκικὰ
1623 2161 1978 2230 φρονήματα;

407 2241 474 2291 Αἱ
507 2239 794 2309 ἁμαρτίαι.
830 2237 999 2290 Ὅταν
1035 2238 1140 2308 γάρ
1189 2237 1328 2309 αὕτη
1361 2242 1612 2312 κρατήσῃ
1637 2241 1729 2294 τοῦ
1765 2243 1979 2313 ἡνιόχου

411 2320 860 2392 μετεωρισθεῖσα,
883 2318 1050 2389 μυρία
1077 2318 1254 2372 τίκτει
1276 2321 1448 2375 δεινά.
1495 2322 1688 2394 ’Δρετή
1715 2323 1823 2394 γὰρ
1847 2341 1981 2393 σαρ-

410 2404 504 2466 κὸς
563 2403 622 2455 τὸ
657 2401 1024 2471 ὑποτετάχθαι
1073 2404 1139 2473 τῇ
1185 2401 1356 2474 ψυχῇ,
1409 2405 1580 2459 κακία
1605 2405 1660 2459 δὲ
1703 2407 1764 2460 τὸ
1793 2406 1980 2478 ἄρχειν

407 2488 604 2558 ψυχῆς.
637 2487 850 2556 Ὠσπερ
879 2483 972 2539 οὖν
996 2488 1024 2539 ὁ
1045 2485 1208 2551 ἵππος
1243 2487 1406 2553 καλὸς
1439 2489 1541 2560 μὲν
1570 2490 1664 2544 καί
1696 2492 1980 2562 εὐσκελὴς,

410 2569 524 2623 ἀλλ’
556 2569 658 2621 οὐκ
701 2570 828 2622 ἄνευ
866 2567 1078 2638 ἡνιόχου
1109 2569 1268 2622 τοῦτο
1309 2569 1617 2624 δείκνυται·
1651 2571 1794 2625 οὕτω
1825 2573 1920 2625 καὶ
1949 2575 1982 2644 ή

414 2651 551 2724 σάρξ
590 2652 712 2704 τότε
757 2651 909 2703 ἔσται
944 2650 1104 2722 καλὴ,
1151 2652 1277 2704 ὅταν
1323 2653 1493 2724 αὐτῆς
1516 2656 1586 2708 τά
1635 2657 1984 2726 σκιρτήματα

414 2733 824 2807 περικόψωμεν.
849 2732 964 2806 [57]
1010 2733 1150 2787 Ἀλλ’
1167 2734 1289 2787 οὐδὲ
1316 2736 1531 2806 ήνίοχος
1560 2738 1834 2791 δείκνυται
1855 2738 1982 2793 ἄνευ

414 2819 758 2887 ἐπιστήμης·
801 2816 1034 2886 καὶγὰρ
1082 2816 1178 2869 καὶ
1226 2817 1388 2880 αὐτὸς
1434 2819 1657 2872 ἐκείνων
1708 2821 1983 2891 δεινότερα

413 2901 541 2955 ἄνευ
569 2900 878 2970 ἐπιστήμης
921 2898 1237 2970 ἐργάζεται.
1282 2900 1443 2953 Ὥστε
1480 2902 1818 2973 πανταχόθεν
1860 2905 1986 2972 ἐφε-

415 2988 604 3042 στάναι
632 2988 771 3059 χρή·
799 2986 861 3041 τὺ
899 2986 1138 3058 πνεῦμα,
1173 2985 1332 3040 τοῦτο
1359 2988 1610 3058 ὲφεστδς,
1647 2991 1739 3044 τὸν
1769 2992 1985 3062 ήνίοχον

418 3071 762 3141 ἰσχυρότερον
792 3074 966 3123 ποιεῖ·
998 3069 1157 3124 τοῦτο
1179 3071 1273 3124 καὶ
1299 3071 1398 3143 τήν
1418 3071 1594 3144 ψυχὴν
1624 3075 1718 3126 καὶ
1744 3073 1804 3127 τὺ
1826 3075 1987 3145 σῶμα

414 3154 763 3218 καλλωπίζει.
791 3153 1060 3225 Καθάπερ
1089 3153 1251 3225 γάρὴ
1279 3153 1426 3226 ψυχὴ
1455 3155 1651 3209 ἐνοῦσα
1689 3156 1786 3228 μὲν
1813 3157 1986 3228 αὐτῷ,

415 3236 578 3291 καλὸν
629 3236 761 3290 αὐτὸ
791 3236 1084 3302 δείκνυσιν,
1140 3237 1269 3290 ὅταν
1312 3236 1370 3290 δὲ
1413 3237 1545 3290 αὐτὸ
1582 3239 1846 3310 ὲρημώσῃ
1889 3239 1988 3310 τῆς

415 3322 620 3385 οἰκείας
649 3322 926 3393 ἐνεργείας
975 3321 1071 3375 καὶ
1117 3321 1351 3393 ἀποστῇ,
1399 3321 1652 3394 καθάπερ
1696 3321 1988 3392 ζωγράφου

415 3405 559 3468 τινὸς
613 3404 684 3458 τά
737 3403 1005 3476 χρώματα
1060 3405 1381 3474 συγχέοντος
1409 3445 1424 3470 ,
1457 3405 1726 3475 εἰδέχθεια
1779 3407 1988 3475 γίνεται

419 3487 610 3556 πολλὴ,
639 3486 772 3556 πρὸς
798 3488 897 3556 τὴν
911 3485 1116 3555 φθοράν
1143 3487 1500 3555 ἐπειγομένου
1531 3487 1639 3540 τῶν
1657 3489 1836 3560 μερῶν
1858 3489 1990 3542 ἐκάο

422 3585 549 3622 στου
581 3577 604 3605 ο
637 3567 730 3622 καί.
763 3567 862 3638 τὴν
891 3567 1182 3620 ἀνάλυσιν·
1213 3567 1356 3620 οὕτω
1382 3569 1478 3622 καὶ
1509 3569 1570 3622 τὸ
1609 3571 1826 3642 πνεῦμα
1865 3572 1990 3625 ὅταν

421 3651 627 3722 ἔρημον
663 3650 940 3720 καταλίπῃ
980 3651 1075 3702 καί.
1102 3649 1165 3702 τὺ
1199 3651 1360 3722 σῶμα
1392 3653 1487 3705 καὶ
1515 3652 1613 3723 τήν
1641 3654 1844 3725 ψυχὴν,
1872 3656 1991 3726 χείο

424 3751 534 3804 ρων
587 3733 794 3800 γίνεται
851 3735 945 3786 καὶ
988 3731 1190 3804 μείζων
1223 3735 1257 3803 ή
1303 3733 1590 3804 είδέχθεια.
1645 3736 1737 3807 Μή
1791 3737 1991 3804 τοίνυν,

424 3817 611 3889 ἐπειδὴ
652 3817 751 3887 τῆς
779 3817 956 3887 ψυχῆς
988 3817 1208 3871 ἔλαττον
1245 3817 1306 3870 τὸ
1357 3819 1539 3890 σῶμα,
1571 3819 1766 3883 κάκιζε
1816 3820 1994 3880 τοῦτο.

425 3902 560 3954 υύδὲ
592 3901 701 3973 γάρ
734 3901 845 3970 ἐγὼ
873 3903 971 3973 τήν
990 3901 1168 3974 ψυχήν
1199 3903 1447 3969 κακίζειν
1473 3903 1735 3976 ἀνέχομαι
1760 3945 1776 3970 ,
1806 3907 1994 3978 ἐπειδὴ

423 3983 518 4038 τοῦ
573 3985 882 4056 πνεύματος
935 3985 1084 4039 οὐδὲν
1127 3985 1302 4056 ἰσχύει
1350 3986 1540 4058 χωρίς.
1581 3987 1644 4040 Εἰ
1698 3987 1755 4040 δὲ
1786 3989 1890 4058 χρή
1941 4006 1994 4041 τι

425 4068 620 4133 εἰπεῖν,
661 4068 908 4139 μείξονός
940 4069 1056 4121 ἐστι
1105 4069 1442 4139 κατηγορίας
1481 4068 1605 4135 ἀξία
1642 4071 1675 4140 ή
1707 4070 1874 4140 ψυχή.
1918 4070 1995 4123 Τὸ

429 4151 528 4220 μὲν
562 4151 672 4223 γὰρ
707 4151 868 4222 σῶμα
900 4151 1054 4206 οὐδὲν
1089 4151 1217 4206 ἄνευ
1261 4152 1362 4223 τῆς
1395 4150 1574 4225 ψυχῆς
1613 4153 1908 4224 ἐργάσαιτο
1938 4154 2004 4207 ἂν

491 4353 519 4421 ξ)
541 4352 763 4421 ρμοᾳξυε
782 4348 1004 4421 qgnjicit,
1023 4353 1284 4421 ἐργάσαιτο
1305 4351 1380 4401 ἄν.

491 4415 514 4442 ε
537 4413 628 4483 Hic;
663 4410 945 4464 Morellia'na
975 4410 1129 4463 édi'u'o
1172 4419 1364 4477 partem
1396 4410 1586 4477 periodi
1615 4414 1676 4463 δι’
1709 4413 2013 4476 ὁμοιοτέλευ-

428 4492 508 4524 τον
533 4481 786 4524 omiserat.

2081 345 2275 410 δεινὸν,
2309 347 2341 416 ή
2387 345 2442 398 δὲ
2477 345 2623 415 ψυχὴ
2660 343 2826 396 πολλά
2871 340 3037 410 χωρὶς
3078 337 3168 390 τοῦ
3225 337 3504 408 σώματος·
3552 341 3645 392 καὶ

2082 428 2191 496 γὰρ
2224 430 2317 481 καί
2345 428 2648 497 τηκομένου
2665 425 2878 486 τούτου,
2901 423 2994 475 καὶ
3009 421 3070 473 οὐ
3095 421 3447 490 σκιρτῶντος,
3478 421 3646 475 πολλά

2083 509 2372 576 ἐργάζεται
2389 509 2570 580 ἐκείνη
2589 524 2603 539 ·
2626 507 2872 576 καθάπερ
2888 507 2935 558 οἰ
2951 504 3142 572 γόητες
3157 505 3374 566 ἐκεῖνοι,
3394 505 3444 557 οί
3464 503 3644 575 μάγοι.

2082 595 2130 645 οἱ
2163 593 2500 660 φθονοῦντες,
2537 593 2585 646 οί
2616 591 2914 661 φαρμακοὶ,
2952 587 3184 657 μάλιστα
3216 587 3474 656 τήκουσιν
3498 585 3642 640 αὐτό.

2087 673 2294 737 ’Ἄλλως
2326 674 2382 726 δὲ
2414 674 2536 727 οὐδὲ
2565 675 2596 744 ή
2625 671 2804 742 τρυφὴ
2833 673 2930 740 τῆς
2966 669 3059 722 τοῦ
3105 667 3357 736 σώματος
3399 669 3647 736 ἀνάγκης

2081 757 2248 822 ἐστὶν,
2277 756 2414 810 άλλά
2433 757 2530 828 τῆς
2551 755 2877 826 άπροσεξίας
2904 753 3002 820 τῆς
3027 750 3202 821 ψυχῆς
3221 752 3290 821 ·ή
3321 751 3432 820 γὰρ
3453 751 3647 820 τροφὴ,

2080 840 2202 910 οὐχὶ
2229 843 2262 911 ή
2299 839 2498 911 τρυφὴ.
2540 841 2637 909 τῆς
2662 837 2756 892 τοῦ
2793 837 3044 907 σώματος
3079 833 3345 902 ἀνάγκης.
3392 833 3518 887 Ἐὰν
3544 833 3649 902 γάρ

2083 923 2294 994 θελήσω
2333 922 2558 994 σφοδρὸν
2595 921 2841 974 καθεῖναι
2886 917 3122 988 χαλινὸν,
3169 916 3512 985 ἐπεστόμισα
3561 914 3650 967 τὸν

2085 1005 2251 1058 ἵππον
2271 1019 2283 1031 ·
2317 1005 2378 1057 τὸ
2403 1005 2457 1057 δέ
2483 1004 2640 1074 σῶμα
2667 1003 2765 1072 τὴν
2797 1000 2976 1070 ψυχὴν
3004 997 3387 1052 καταστέλλειν
3411 998 3473 1049 οὐ
3496 995 3652 1050 δύνα-

2080 1104 2172 1140 ται
2204 1090 2262 1140 ἐν
2291 1089 2402 1150 τοῖς
2430 1087 2598 1155 αὐτῆς
2623 1087 2832 1145 κακοῖς.
2861 1083 3020 1146 Τίνος
3047 1077 3140 1134 οὖν
3174 1081 3360 1132 ἕνεκεν
3395 1080 3652 1149 φρόνημα

2082 1169 2215 1221 αὐτὸ
2246 1168 2448 1238 σαρκὸς
2495 1167 2677 1229 καλεῖ;
2717 1165 2839 1217 Ὀτι
2891 1165 2989 1233 τῆς
3022 1161 3224 1233 σαρκὸς
3270 1161 3391 1214 ὅλον
3420 1161 3650 1229 γίνεται.

2083 1250 2252 1305 Ὅταν
2276 1249 2383 1320 γὰρ
2413 1249 2550 1320 αὕτη
2579 1247 2849 1318 κρατήσῃ,
2880 1247 3001 1298 τότε
3029 1245 3300 1314 ἥμαρτεν,
3340 1244 3470 1296 ὅταν
3518 1241 3650 1310 ἀφέ-

2081 1332 2243 1401 ληται
2277 1333 2366 1388 τὸν
2400 1332 2526 1386 νοῦν
2557 1331 2652 1384 καὶ
2677 1331 2776 1400 τὴν
2805 1329 2980 1400 ἀρχὴν
3010 1332 3107 1399 τῆς
3132 1328 3334 1397 ψυχῆς.
3354 1325 3568 1380 Οὐκοῦν
3598 1326 3656 1376 ἐν

2081 1415 2257 1486 τούτῳ
2295 1416 2328 1485 ή
2367 1413 2537 1485 ἀρετὴ
2567 1413 2662 1466 τοῦ
2693 1411 2964 1477 σώματος,
2997 1413 3052 1463 ἐν
3080 1410 3156 1478 τῷ
3190 1411 3360 1463 εῐκειν
3385 1413 3451 1480 τῇ
3484 1409 3654 1479 ψυχῇ.

2083 1497 2206 1549 ἐπεὶ
2237 1496 2354 1549 καθ’
2392 1497 2587 1565 ἑαυτὴν
2641 1493 2766 1546 οὕτε
2813 1493 2952 1561 καλὴ
2980 1490 3103 1544 οὕτε
3132 1493 3299 1562 κακή.
3335 1491 3400 1543 Τί
3448 1492 3556 1560 γὰρ
3593 1492 3655 1544 ἂν

2087 1580 2378 1650 ἐργάσαιτο
2406 1581 2467 1630 τὸ
2505 1578 2665 1647 σῶμα
2704 1576 2824 1630 καθ’
2855 1575 3045 1639 ἐαυτό;
3078 1575 3242 1627 Ὥστε
3284 1577 3350 1645 τῇ
3393 1574 3657 1642 συναφεία

2087 1661 2251 1715 καλὸν
2279 1661 2340 1714 τὸ
2370 1659 2549 1730 σῶμα,
2591 1659 2754 1712 καλὸν
2789 1657 2876 1711 διά
2900 1657 2998 1728 τὴν
3031 1657 3332 1726 ὑποταγὴν,
3375 1658 3503 1710 ἐπεὶ
3535 1654 3655 1709 καθ’

2087 1745 2248 1799 ἑαυτὸ
2273 1744 2395 1798 οὔτε
2419 1743 2602 1808 καλὸν,
2627 1742 2686 1796 οῦ
2697 1760 2747 1796 τε
2777 1743 2968 1806 κακὸν,
3001 1743 3095 1794 καὶ
3122 1742 3257 1812 πρὸς
3284 1741 3443 1794 τοῦτο
3463 1741 3543 1803 δὲ,
3568 1740 3659 1793 καὶ

2087 1828 2222 1899 πρὸς
2242 1829 2418 1880 ἐκεῖνο
2442 1825 2764 1897 ἐπιτήδειον,
2795 1826 2874 1888 εἰς
2902 1826 3138 1894 ἑκάτερα
3175 1822 3272 1893 τήν
3315 1824 3489 1893 ῥοπὴν
3514 1821 3658 1892 ἐχον.

2087 1909 2162 1963 Τὸ
2199 1909 2359 1980 σῶμα
2387 1907 2667 1978 ἐπιθυμεῖ,
2697 1906 2810 1960 ἀλλ’
2849 1907 2909 1959 οὐ
2943 1903 3202 1976 πορνείας
3231 1905 3350 1956 οὐδὲ
3389 1905 3659 1974 μοιχείας,

2086 1991 2222 2046 ἀλλά
2258 1991 2486 2062 μίξεως·
2527 1991 2587 2043 τὸ
2624 1989 2784 2060 σῶμα
2834 1990 3110 2058 ἐπιθυμεῖ,
3144 1987 3206 2039 ού
3236 1991 3470 2057 τρυφῆς,
3521 1987 3660 2040 ἀλλά

2087 2078 2313 2146 τροφῆς,
2347 2075 2408 2129 οὐ
2436 2074 2627 2146 μέθης,
2659 2073 2794 2127 ἀλλά
2820 2072 3005 2126 ποτοῦ.
3041 2073 3162 2123 ’Ὁτι
3187 2071 3295 2139 γάρ
3322 2071 3420 2138 οὐχ
3442 2073 3477 2140 ή
3521 2071 3662 2141 μέθη

2086 2157 2178 2211 τοῦ
2203 2157 2452 2229 σώματός
2483 2157 2628 2210 ἐστιν
2655 2155 2950 2223 ἐπιθυμία,
2989 2154 3180 2206 σκόπει
3202 2151 3315 2214 πῶς
3336 2168 3349 2182 ·
3385 2153 3486 2204 οὐκ
3508 2152 3661 2205 ἀντέ-

2088 2255 2173 2309 χει
2206 2239 2412 2303 λοιπὸν,
2457 2239 2584 2292 ὅταν
2613 2236 2858 2306 ῦπρόῇς
2890 2236 2951 2288 τὸ
3004 2234 3226 2305 μέτρον,
3261 2234 3388 2286 ὅταν
3422 2235 3491 2286 τά
3538 2235 3663 2305 ὅρια

2088 2323 2318 2395 νικήσῃς
2353 2323 2422 2376 τὰ
2450 2321 2544 2374 τοῦ
2588 2319 2871 2390 σώματος·
2925 2318 3049 2370 ἐπεὶ
3078 2316 3146 2370 τὰ
3179 2316 3313 2371 ἄλλα
3351 2315 3531 2369 πάντα
3566 2316 3665 2385 τῆς

2087 2405 2266 2475 ψυχῆς
2321 2405 2488 2468 ἐστιν,
2521 2398 2631 2456 οἷον
2669 2403 2798 2455 ὅταν
2845 2402 2924 2464 εἰς
2978 2398 3215 2470 σαρκικά
3248 2399 3664 2469 καταφέρηται,

2090 2488 2218 2539 ὅταν
2272 2487 2472 2554 παχεῖα
2517 2483 2764 2555 γένηται.
2795 2483 2857 2536 Εἰ
2881 2483 2990 2552 γάρ
3030 2481 3124 2534 καὶ
3168 2481 3332 2534 καλὸν
3377 2482 3439 2533 το
3479 2483 3666 2549 σῶμα,

2091 2569 2227 2623 ἀλλά
2265 2569 2472 2639 σφόδρα
2508 2565 2669 2638 ἧττον
2694 2567 2791 2635 τῆς
2821 2566 3018 2635 ψυχῆς.
3057 2565 3271 2634 Ὠσπερ
3303 2559 3396 2618 οῦν
3425 2565 3607 2634 ήττων
3638 2564 3669 2614 ὁ

2094 2651 2352 2722 μόλυϐδος
2394 2668 2494 2720 χρι.
2505 2649 2621 2712 σοῦ,
2663 2648 2776 2701 ἀλλ’
2799 2650 2946 2718 ὅμως
2972 2647 3140 2699 δεῖται
3163 2645 3259 2698 καί⁸
3286 2644 3380 2698 τοῦ
3411 2644 3666 2713 μολίϐδου

2090 2735 2182 2787 τοῦ
2227 2734 2661 2802 συγκολλῶντος·
2705 2729 2845 2783 οὕτω
2895 2729 2977 2781 δεῖ
3019 2730 3112 2780 καὶ
3153 2725 3248 2780 τοῦ
3301 2727 3555 2796 σώματος
3600 2727 3667 2794 τῇ

2091 2823 2236 2890 ψυχῇ
2259 2835 2271 2848 ·
2320 2819 2352 2889 ἢ
2385 2820 2575 2888 ὥσπερ
2610 2817 2818 2870 παιδίον
2868 2817 3014 2868 ἐστὶν
3049 2814 3268 2882 εὐγενὲς
3312 2811 3668 2881 παιδαγωγοῦ

2091 2904 2363 2973 δεόμενον,
2393 2900 2535 2953 οὓτω
2569 2899 2664 2952 καὶ
2699 2902 2731 2968 ή
2764 2897 2910 2968 ψυχὴ
2940 2900 3106 2950 δεῖται
3128 2895 3219 2949 τοῦ
3255 2895 3527 2966 σώματος.
3559 2893 3672 2946 Καὶ

2097 2984 2171 3055 μὴ
2189 2984 2498 3055 θαυμάσῃς,
2534 2983 2582 3034 εἰ
2614 2982 2835 3033 τοιαῦτα
2863 2981 3188 3050 παρήγαγον
3215 2977 3666 3048 παραδείγματα.

2095 3067 2306 3136 ’Ὠσπερ
2333 3064 2441 3135 γὰρ
2474 3064 2696 3117 παιδικὰ
2725 3063 3026 3134 πράγματα
3053 3061 3305 3129 λέγομεν,
3335 3061 3394 3112 ού
3430 3061 3527 3131 τὴν
3554 3059 3673 3129 ήλι-

2097 3149 2219 3203 κίαν
2250 3146 2646 3212 διαὸάλλοντες,
2689 3144 2827 3198 ἀλλά
2853 3147 2922 3198 τὰ
2964 3145 3083 3198 κατ’
3123 3144 3294 3214 αὑτήν
3320 3158 3334 3173 ·
3383 3142 3526 3195 οὕτω
3574 3141 3673 3193 καὶ

2095 3231 2224 3302 περί
2251 3229 2343 3284 τοῦ
2391 3227 2662 3300 σώματος.
2703 3227 2841 3282 Ἀλλ’
2873 3227 3050 3280 ἔνεστι
3091 3226 3166 3296 μὴ
3203 3221 3343 3278 εἶναι
3367 3226 3424 3278 ἐν
3469 3225 3662 3295 σαρκὶ,

2094 3315 2161 3368 ἂν
2195 3313 2464 3384 θέλωμεν,
2501 3311 2688 3382 ῶσπερ
2718 3311 2838 3363 οὐδὲ
2865 3311 2922 3363 ἐν
2955 3312 3020 3379 τῇ
3045 3311 3139 3379 γῇ,
3177 3308 3292 3360 ἀλλ’
3323 3309 3381 3360 ἐν
3416 3307 3674 3377 οὐρανοῖς

2096 3397 2189 3451 καὶ
2216 3394 2335 3469 [58]
2359 3396 2416 3448 ἐν
2440 3393 2735 3464 πνεύματι.
2757 3393 2828 3446 Τὸ
2847 3393 2956 3462 γὰρ
2988 3386 3128 3444 εἷναί
3161 3407 3284 3454 που,
3311 3390 3408 3459 οὐχ
3436 3388 3578 3442 οὕτω
3599 3391 3671 3458 τῇ

2097 3483 2241 3536 θέσει
2265 3484 2332 3554 τῇ
2360 3482 2417 3534 ἐν
2438 3477 2515 3550 τῷ
2539 3478 2689 3548 τόπῳ
2703 3477 2941 3546 λέγεται,
2962 3475 3035 3538 ὼς
3055 3477 3122 3545 τῇ
3145 3474 3400 3528 διαθέσει.
3434 3473 3676 3535 Πολλοὺς

2096 3564 2226 3634 γοῦν
2264 3565 2426 3628 ὄντας
2475 3579 2602 3626 που,
2645 3561 2875 3630 λέγομεν
2909 3557 2983 3629 μὴ
3018 3554 3182 3622 εἰναι,
3243 3555 3514 3623 λέγοντες,
3553 3555 3674 3607 Ούκ

2096 3643 2240 3719 ἦσθα
2284 3644 2536 3699 ἐνταῦθα.
2578 3644 2689 3698 Καὶ
2717 3642 2770 3694 τί
2797 3641 2940 3711 λέγω
2969 3639 3172 3706 ταῦτα;
3207 3638 3473 3700 Πολλάκις
3513 3637 3674 3703 λέγοο

2103 3746 2223 3801 μεν,
2255 3729 2369 3781 Οὐκ
2396 3723 2445 3780 εἰ
2475 3729 2532 3779 tv
2572 3723 2806 3795 σεαυτῷ,
2837 3724 2952 3776 Οὐκ
2979 3723 3096 3793 εἰμί
3121 3724 3179 3776 ὲν
3203 3721 3426 3792 ἐμαυτῷ
3445 3736 3459 3748 ·
3492 3719 3673 3801 καίτοι

2100 3800 2153 3865 τί
2191 3809 2650 3880 σωματικώτερον
2683 3807 2898 3870 τούτου,
2944 3806 3074 3859 ὅταν
3114 3805 3274 3868 αὐτὸς
3311 3804 3491 3873 ἐαυτῷ
3537 3800 3675 3870 πλη-

2103 3894 2300 3963 σιάζῃ;
2331 3893 2446 3946 ἀλλ’
2487 3892 2635 3962 ὅμως
2673 3891 2734 3944 ού
2779 3890 2954 3960 φαμὲν
2992 3889 3156 3942 αὑτὸν
3191 3884 3332 3941 εἶναι
3363 3889 3422 3941 ἐν
3469 3884 3672 3953 ἐαυτῷ.

2102 3974 2398 4045 Γενώμεθα
2429 3973 2608 4026 τοίνυν
2642 3973 2699 4024 ἐν
2740 3973 2977 4036 ἑαυτοῖς,
3011 3971 3069 4024 tv
3100 3971 3178 4039 τῷ
3217 3968 3454 4040 οὐρανῷ,
3491 3969 3548 4020 tv
3587 3963 3675 4034 τῷ

2103 4059 2411 4129 πνεύματι·
2463 4057 2714 4127 μένωμεν
2748 4055 2842 4108 ἐπὶ
2871 4055 2972 4125 τῆς
3010 4054 3231 4125 εἰρήνης
3265 4053 3359 4106 καὶ
3387 4052 3488 4121 τῆς
3516 4049 3678 4120 χάρι-

2099 4159 2192 4206 τος
2216 4139 2312 4194 τοῦ
2335 4138 2493 4205 Θεοῦ,
2527 4138 2615 4192 ἵνα
2639 4137 2855 4191 πάντων
2874 4136 2982 4190 τῶν
3015 4134 3294 4208 σαρκικῶν
3329 4132 3677 4201 ἀπαλλαγένο

2099 4242 2211 4290 τες,
2237 4223 2556 4294 δυνηθῶμεν
2606 4221 2883 4290 ἐπιτυχεῖν
2916 4218 3024 4271 τῶν
3063 4215 3490 4287 ἐπηγγελμένων
3538 4215 3680 4294 ἀγα-

2101 4289 2212 4362 θῶν
2249 4308 2307 4360 ἐν
2339 4289 2560 4376 Χριστῷ
2588 4289 2775 4372 Ἰησοῦ
2798 4301 2877 4372 τῷ
2915 4300 3105 4372 Κυρίῳ
3137 4298 3318 4371 ήμῶν,
3360 4298 3479 4369 μεθ’
3510 4289 3570 4350 οὗ
3592 4296 3680 4364 τῷ

2105 4390 2310 4462 Πατρὶ,
2346 4389 2462 4458 ἅμα
2479 4387 2557 4458 τῷ
2587 4386 2728 4456 ἀγίῳ
2747 4385 3050 4456 Πνεύματι,
3080 4383 3228 4447 δόξα,
3259 4382 3482 4453 κράτος,
3512 4381 3675 4450 τιμὴ.

2116 4471 2211 4528 νῦν
2229 4473 2324 4526 καὶ
2344 4471 2454 4536 ἀεὶ,
2475 4467 2570 4522 καὶ
2593 4469 2672 4530 εἰς
2697 4469 2821 4532 τοὺς
2847 4467 3048 4529 αἰῶνας
3067 4464 3178 4519 τῶν
3207 4463 3435 4520 αἰώνων.
3475 4463 3676 4532 Ἀμήν.
