3932 6220
339 484 397 538 [οἱ
1223 459 1288 515 IN
1329 455 1537 513 EI‘IST.
1580 454 1670 509 AD
1711 446 1944 506 EPIIES.

337 604 389 649 et
413 587 662 662 perdidit,
693 598 793 640 non
819 583 910 638 alii
939 582 1241 649 imperans,
1272 585 1443 642 neque
1487 567 1658 622 solum
1692 577 1883 662 agens,

339 650 429 738 sed
456 681 606 734 etiam
634 677 855 746 patiens.
899 670 1014 727 Non
1061 668 1232 731 dixit,
1277 662 1538 722 Solveus;
1571 650 1888 712 nondixit,

340 774 544 828 Tollens
591 789 605 825 :
636 745 905 838 sed,un
941 771 1025 818 est
1053 759 1291 815 omnium
1330 745 1849 808 vehementissimam
1872 780 1887 804 ,

345 861 658 928 Interﬁciem,
706 857 844 912 adeo
886 863 944 910 ut
984 853 1114 921 ipsa:
1154 864 1258 902 non
1317 842 1545 912 amplius
1590 838 1888 928 resurgant.

341 923 603 1023 Quomodo
642 923 777 1021 ergo
829 940 1155 1015 resurgunt?
1209 941 1250 992 A
1308 936 1471 990 multo
1503 939 1692 1023 nostro
1743 923 1890 1023 vitio.

341 1012 592 1111 Quamdiu
637 1012 1076 1095 maitseritnus'in
1118 1042 1345 1100 corpore
1389 1021 1610 1085 Christi,
1643 1012 1894 1088 quamdiu

339 1133 584 1190 tuerimus
610 1129 744 1184 uniti
767 1169 785 1195 ,
816 1141 922 1182 non
953 1128 1234 1191 resurgunt
1257 1157 1274 1184 ,
1300 1114 1392 1170 sed
1419 1112 1597 1183 jacent
1625 1112 1849 1162 mortua:
1879 1115 1892 1150 :

341 1227 445 1280 imo
475 1239 600 1279 vero
627 1221 733 1277 illze
760 1230 1048 1288 numquam
1094 1217 1413 1280 resurgunt;
1443 1202 1536 1258 sed
1567 1200 1612 1254 si
1646 1198 1776 1252 alias
1804 1208 1898 1294 pe:

345 1315 666 1386 pererimus,
708 1326 817 1366 non
861 1323 938 1364 ea:
969 1312 1093 1360 sunt
1119 1299 1348 1370 amplius
1390 1301 1608 1386 propter
1646 1302 1767 1343 eum
1814 1298 1900 1386 qut

339 1385 546 1476 priores
587 1402 798 1459 sustulit
836 1407 890 1455 et
927 1395 1178 1468 perdidit,
1219 1391 1313 1446 sed
1364 1398 1420 1442 tu
1472 1385 1602 1477 alias
1649 1385 1900 1477 parturis.

344 1474 474 1550 Nam
493 1492 765 1564 prudentia
797 1505 892 1546 seu
915 1487 1087 1559 potius
1107 1481 1358 1554 cogitatio
1385 1485 1438 1531 et
1462 1474 1900 1565 spiritus

348 1555 634 1640 inimicitiae
676 1592 796 1638 sunt
824 1555 1080 1636 adversus
1102 1576 1268 1630 Deum
1297 1569 1470 1639 (Rom.
1505 1565 1557 1620 8.
1583 1563 1663 1631 6).
1694 1560 1747 1615 Si
1772 1555 1902 1612 nihil

345 1677 636 1746 cogitemus
669 1691 731 1730 ac
756 1673 1021 1744 sapiamus
1047 1665 1282 1732 carnale,
1314 1679 1418 1718 non
1452 1665 1736 1713 nascentur
1764 1651 1905 1746 aliae,

342 1767 433 1821 sed
462 1766 693 1822 manebit
713 1780 810 1836 pax
831 1763 942 1818 illa.

416 1855 694 1908 Prudentia
721 1854 889 1908 carnis
915 1850 1036 1920 quid
1064 1849 1146 1902 sit.
1177 1875 1247 1886 --
1277 1845 1331 1900 4.
1360 1840 1544 1910 Cogita
1573 1837 1714 1891 enim
1744 1848 1918 1903 quan-

344 1959 452 2003 tum
483 1949 551 2003 sit
580 1949 774 2002 malum
794 1988 810 2012 ,
842 1961 963 2000 cum
1010 1943 1150 1997 Deus
1179 1948 1285 1992 tam
1318 1935 1479 1988 multa
1512 1926 1814 2000 procurarit
1857 1932 1912 1977 et

343 2040 577 2096 etl‘ecerit
617 2049 673 2094 ut
711 2037 1081 2100 conciliemur,
1130 2047 1223 2086 nos
1275 2041 1457 2082 rursus
1498 2023 1672 2077 redire
1708 2019 1775 2072 ad
1810 2017 1910 2069 ini-

343 2133 591 2185 micitias.
639 2131 746 2186 llas
788 2143 897 2183 non
953 2124 1182 2195 amplius
1239 2125 1419 2175 manet
1468 2116 1738 2170 lavacrum
1763 2150 1778 2174 ,
1822 2105 1913 2162 sed

341 2225 631 2292 gehenna;
659 2238 763 2278 non
812 2217 1080 2280 remissio,
1107 2213 1202 2269 sed
1228 2206 1557 2268 examinatio
1594 2213 1649 2259 et
1672 2200 1914 2292 quaestio.

343 2291 638 2368 l'rudcntia
664 2328 728 2368 ac
750 2309 1003 2381 cogitatio
1027 2305 1207 2362 carnis
1229 2344 1246 2366 ,
1277 2307 1401 2356 sunt
1439 2295 1644 2352 delicia:
1669 2303 1723 2348 et
1748 2291 1920 2346 indul-

341 2421 472 2474 gere
496 2404 755 2474 voluptati
784 2418 797 2454 :
833 2399 1111 2473 prudentia
1138 2396 1316 2452 carnis
1337 2399 1418 2447 est
1436 2388 1674 2450 avaritia,
1695 2393 1748 2440 et
1763 2397 1921 2439 omne

345 2507 645 2568 peccatum.
678 2495 785 2551 Cur
821 2494 962 2548 dicta
1005 2500 1087 2547 est
1120 2486 1397 2558 prudentia
1424 2479 1637 2538 carnis?
1687 2475 1830 2548 atqui
1857 2488 1920 2528 ea

344 2567 458 2646 sine
485 2589 668 2644 anima
707 2585 839 2641 nihil
869 2582 1079 2639 fecerit.
1108 2579 1222 2634 Non
1248 2575 1376 2632 dicit
1404 2575 1507 2629 hoc
1532 2585 1744 2626 carnem
1776 2567 1917 2621 vitu-

347 2695 537 2749 perans
561 2697 576 2733 :
611 2694 736 2734 nam
764 2686 816 2732 et
835 2674 1051 2746 quando
1077 2672 1225 2735 dicit,
1250 2667 1497 2722 Animalia
1521 2665 1671 2718 homo
1701 2662 1779 2731 (l.
1800 2647 1918 2715 Cor.

342 2773 398 2824 2.
431 2769 520 2841 M)
546 2811 563 2837 ,
595 2785 705 2825 non
737 2769 837 2822 hoc
861 2765 992 2821 dicit
1032 2764 1343 2831 vituperans
1369 2758 1600 2812 animam
1627 2769 1642 2819 ;
1666 2752 1759 2807 sed
1801 2751 1922 2841 quia

343 2875 453 2914 non.
480 2840 574 2928 per
594 2873 664 2913 se
690 2855 887 2912 sufficit
928 2867 1024 2907 nec
1052 2862 1248 2918 corpus
1275 2863 1374 2902 nec
1409 2845 1582 2899 anima
1612 2841 1678 2895 ad
1706 2840 1926 2910 praecla-

341 2967 457 3004 rum
487 2948 701 3019 aliquid
728 2957 782 3001 et
808 2959 1053 3014 magnum
1083 2939 1405 3003 faciendum,
1433 2937 1478 2991 si
1506 2949 1610 2988 non
1635 2945 1925 3001 supernum

341 3049 670 3110 asscquatur
696 3036 971 3092 auxilium.
1004 3033 1294 3100 Pr0pterea
1323 3026 1572 3082 animalia
1615 3025 1701 3078 illa
1728 3029 1882 3077 vocat
1909 3062 1923 3086 ,

344 3149 462 3203 qua:
505 3148 604 3202 per
660 3145 719 3185 se
763 3137 1015 3198 Operatur
1053 3126 1230 3178 anima
1257 3139 1272 3187 ;
1302 3131 1356 3176 et
1384 3117 1622 3175 carnalia
1651 3116 1742 3170 illa
1768 3155 1782 3179 ,
1811 3128 1930 3183 quac

346 3239 440 3295 per
467 3240 526 3279 se
549 3238 757 3292 corpus
782 3238 796 3275 :
823 3236 929 3274 non
955 3217 1208 3288 quoniam
1233 3213 1344 3269 haec
1366 3210 1648 3274 naturalia,
1683 3207 1778 3262 sed
1800 3221 1931 3276 quo-

346 3319 510 3382 niam,
535 3315 649 3370 nisi
678 3311 802 3369 inde
829 3310 1136 3381 prazsidium
1159 3305 1486 3376 acceperint,
1517 3307 1763 3372 pereunt.
1793 3297 1922 3351 Nam

345 3409 485 3463 oculi
525 3421 751 3480 quoque
799 3411 923 3458 sunt
954 3400 1197 3473 pulchri,
1229 3398 1321 3454 sed
1362 3397 1478 3451 sine
1501 3395 1618 3448 luce
1641 3434 1656 3458 ,
1687 3388 1930 3480 malafa-

351 3499 497 3552 ciunt
527 3495 940 3552 innumerabilia
965 3509 981 3557 ;
1011 3503 1065 3544 et
1092 3507 1154 3545 ea
1181 3497 1304 3543 sunt.
1333 3488 1566 3556 ipsorum
1596 3479 1930 3536 imbecillita-

353 3592 442 3651 tis,
487 3605 597 3641 non
647 3597 868 3639 natur.e.
906 3584 960 3638 Si
1003 3589 1188 3635 essent
1237 3587 1414 3633 autem
1465 3575 1603 3628 mala
1651 3569 1932 3630 naturalia,

355 3695 654 3748 numquam
709 3677 774 3731 iis
816 3675 883 3729 ad
925 3674 976 3729 id
1010 3673 1154 3743 quod
1204 3677 1415 3739 oportet
1454 3676 1768 3722 uteremur:
1803 3660 1936 3714 nihil

355 3773 506 3824 enim
537 3768 781 3824 naturale
806 3776 886 3821 est
919 3766 1138 3820 malum.
1171 3762 1308 3831 Quid
1335 3775 1464 3830 ergo
1490 3766 1615 3813 sunt
1640 3751 1939 3824 prudentia:

360 3863 662 3918 carnales?
690 3861 930 3914 Peccata.
969 3857 1099 3912 Nam
1146 3855 1360 3926 quando
1391 3855 1500 3922 ipsa
1523 3893 1538 3913 ,
1569 3862 1758 3916 nempe
1787 3860 1932 3908 caro,

361 3954 664 4008 obtinuerit
707 3949 1032 4006 dominatum
1073 3947 1332 4002 adversus
1375 3943 1645 4011 aurigam,
1699 3939 1747 3990 in
1777 3936 1940 3990 altum

361 4047 509 4099 elata
534 4084 550 4109 ,
580 4043 718 4097 mala
756 4040 893 4112 parit
918 4036 1352 4093 innumerabilia.
1384 4031 1572 4088 Carnis
1601 4029 1742 4085 enim
1775 4028 1942 4082 virtus

359 4149 448 4192 est
475 4136 768 4204 subjectam
795 4147 914 4186 esse
935 4130 1150 4196 animae,
1181 4128 1366 4182 vitium
1394 4134 1592 4187 autem,
1618 4122 1812 4176 animae
1842 4120 1945 4172 im-

365 4245 582 4296 perare.
611 4228 763 4282 Sicut
787 4240 916 4295 ergo
945 4238 1114 4291 equus
1145 4230 1230 4275 est
1261 4218 1480 4288 pulcher
1504 4225 1558 4272 et
1584 4214 1736 4271 bonis
1773 4213 1940 4278 tibiis,

365 4319 465 4378 sed
499 4320 596 4374 hoc
624 4318 828 4386 absque
853 4316 1038 4383 auriga
1067 4327 1174 4366 non
1221 4319 1440 4380 apparet
1473 4308 1580 4362 :ita
1621 4306 1782 4360 etiam
1817 4319 1944 4358 caro

369 4423 499 4466 tunc
538 4407 762 4479 pulchra
790 4405 926 4470 erit,
956 4401 1170 4474 quando
1215 4400 1330 4470 ejus
1370 4403 1699 4455 exsultantes
1727 4397 1947 4466 spiritus

368 4499 847 4571 amputaverimus.
899 4495 1006 4551 Sed
1049 4507 1223 4563 neque
1269 4491 1449 4560 auriga
1488 4499 1708 4559 apparet
1749 4487 1949 4556 absque

371 4592 592 4647 scientia
626 4608 641 4645 :
669 4604 791 4642 nam
822 4587 937 4657 ipse
963 4584 1189 4640 scientia
1219 4597 1407 4636 carens
1451 4581 1552 4634 illis
1580 4579 1820 4650 graviora
1851 4591 1949 4646 pa-

375 4693 501 4741 trat.
546 4680 906 4750 Quamobrem
955 4685 1168 4748 oportet
1215 4675 1360 4730 omni
1395 4689 1462 4728 ex
1511 4681 1660 4742 parte
1685 4680 1950 4725 attentum

371 4789 496 4828 esse
521 4789 536 4826 :
568 4773 788 4842 spiritus
811 4778 1048 4824 attentus
1073 4768 1307 4837 aurigam
1338 4765 1463 4820 facit
1485 4763 1757 4818 fortiorem
1785 4778 1798 4814 :
1832 4761 1876 4815 is
1897 4769 1954 4815 et

375 4864 608 4917 animam
629 4869 789 4916 ornat
805 4866 863 4914 et
877 4873 1090 4929 corpus.
1110 4853 1567 4924 Quemadmodum
1589 4854 1730 4908 enim
1748 4851 1951 4915 anima,

377 4955 504 5009 dum
542 4956 685 5010 inest
711 4950 930 5023 quidem
957 4951 1166 5026 corpori
1196 4990 1212 5016 ,
1245 4951 1416 5018 ipsum
1457 4947 1738 5018 pulchrum
1767 4955 1955 5000 osten-

381 5047 501 5114 dit;
528 5044 754 5117 quando.
797 5054 976 5098 autem
1017 5044 1188 5113 ipsum
1232 5060 1263 5100 a
1291 5058 1386 5097 sua
1414 5041 1722 5096 destituerit
1761 5053 1953 5108 opera-

388 5138 526 5192 tione
549 5145 606 5191 et
631 5135 980 5200 abscesserit,
1002 5134 1219 5204 perinde
1237 5144 1396 5203 atque
1414 5135 1456 5187 si
1480 5135 1650 5202 pictor
1670 5130 1959 5186 confundat

386 5232 611 5299 colores,
637 5245 835 5298 magna
867 5228 925 5281 fit
950 5227 1250 5284 deformitas
1274 5270 1289 5293 ,
1319 5242 1632 5298 unaquaque
1659 5235 1807 5295 parte
1835 5239 1959 5295 pro-

387 5333 601 5386 parante
631 5320 704 5374 ad
732 5319 1006 5375 interitum
1035 5336 1047 5372 :
1077 5320 1143 5373 ita
1172 5321 1330 5377 etiam
1351 5318 1563 5389 quando
1591 5318 1807 5385 Spiritus
1833 5331 1959 5370 cor-

375 5424 474 5480 ros
499 5411 686 5468 solum
714 5408 996 5479 reliquerit
1020 5419 1070 5465 et
1092 5413 1346 5482 animam,
1373 5412 1432 5465 fit
1455 5409 1688 5464 deterior
1707 5417 1758 5462 el
1789 5405 1959 5476 major

1999 443 2151 498 CAP.
2195 442 2254 500 ll.
2298 442 2524 500 llUMlL.
2571 443 2632 497 V.
3504 441 3574 496 4-2

2000 557 2327 612 deformitas.
2384 559 2458 614 Ne
2511 575 2638 628 ergo
2698 557 2944 627 quoniam
3001 569 3195 626 corpus
3248 562 3330 607 est
3395 551 3567 604 mino»

2000 650 2172 702 anima
2194 689 2209 710 ,
2244 649 2293 702 id
2335 651 2594 718 vitupera.
2633 648 2764 702 Nam
2801 663 2898 702 nec
2926 660 3026 718 ego
3059 646 3229 716 patior
3274 643 3561 712 vituperari

1999 740 2232 794 animam
2257 782 2272 807 ,
2303 741 2554 810 quoniam
2584 740 2714 795 nihil
2741 741 2882 796 valet
2904 741 3104 810 absque
3141 739 3350 806 Spiritu.
3374 736 3430 790 Si
3460 749 3555 786 au-

2002 840 2107 886 tem
2137 831 2333 902 aliquid
2360 831 2735 886 sitdicendum
2760 872 2776 897 ,
2815 832 3070 901 majorem
3099 827 3573 900 reprehensionem

2003 930 2244 976 meretur
2264 921 2466 975 anima.
2491 921 2622 976 Nam
2649 937 2843 990 corpus
2871 923 2999 976 nihil
3025 921 3149 977 tnali
3173 920 3355 975 fecerit
3375 917 3578 986 absque

2005 1014 2218 1079 anima;
2267 1013 2360 1068 sed
2401 1014 2576 1068 anima
2621 1014 2783 1067 multa
2826 1014 3025 1083 absque
3067 1028 3313 1082 corpore.
3366 1009 3579 1065 Etenim

2010 1105 2134 1158 dum
2169 1104 2296 1159 illud
2326 1106 2624 1160 tabescitet
2656 1119 2759 1159 non
2782 1105 3033 1169 exsultat,
3069 1105 3184 1159 lucc
3219 1103 3382 1157 tnnlta
3418 1101 3578 1156 facit:

2006 1195 2146 1250 sicut
2176 1196 2250 1250 illi
2283 1196 2716 1268 praistigiatores,
2745 1200 2902 1266 magi,
2933 1195 3117 1260 invidi,
3144 1196 3368 1250 venefici
3389 1211 3582 1264 corpus

2009 1297 2286 1342 attenuant
2316 1297 2370 1343 et
2409 1298 2702 1344 macerant.
2761 1289 2969 1358 Alioqui
3015 1297 3194 1343 autem
3241 1303 3338 1342 nec
3370 1288 3579 1342 delicia:

2010 1391 2136 1435 sunt
2176 1397 2240 1436 ex
2273 1381 2589 1438 necessitate
2635 1381 2900 1452 corporis,
2946 1383 3040 1436 sed
3089 1396 3156 1436 eo
3183 1381 3324 1451 quod
3351 1396 3455 1434 non
3507 1393 3585 1434 at-

2013 1475 2198 1528 testdat
2240 1474 2417 1528 anima
2464 1475 2819 1529 :alimcutum
2865 1475 3006 1529 enim
3049 1484 3131 1530 est
3165 1489 3232 1529 ex
3263 1473 3586 1528 necessitate

2015 1565 2264 1636 corporis
2289 1605 2303 1631 ,
2333 1581 2437 1619 non
2461 1564 2689 1620 deliciae.
2712 1565 2768 1621 Si
2789 1566 2947 1620 velim
2983 1566 3188 1619 frenum
3221 1565 3509 1619 vehemens
3539 1575 3590 1618 ct

2015 1672 2263 1726 asperant
2293 1656 2600 1722 immittere,
2631 1673 2823 1727 equum
2852 1656 3129 1712 refrcnabo
3155 1675 3167 1710 :
3197 1671 3390 1726 corpus
3413 1667 3592 1710 autem

2018 1748 2250 1801 animam
2290 1763 2394 1802 non
2424 1756 2599 1818 potest
2624 1747 2875 1804 cohibere
2906 1749 2956 1802 in
2988 1748 3103 1818 ejus
3132 1749 3306 1804 malis.
3338 1749 3444 1804 Cur
3469 1765 3594 1819 ergo

2019 1852 2136 1891 eam
2159 1845 2311 1892 vocat
2338 1837 2671 1906 prudentiam
2697 1838 2918 1893 carnis?
2943 1838 3204 1907 Quoniam
3232 1849 3341 1894 tota
3367 1850 3448 1894 est
3479 1855 3595 1892 car-

2022 1931 2124 1984 nis.
2158 1930 2378 1998 Quando
2409 1933 2551 1986 enim
2581 1933 2692 2003 ipsa
2731 1932 3061 1986 dominatum
3109 1933 3441 1999 obtinuerit,
3474 1945 3597 1986 tune

2023 2031 2243 2090 peccat;
2280 2023 2492 2092 quando
2540 2036 2771 2079 mentem
2813 2025 3072 2080 ademerit
3115 2037 3168 2080 et
3212 2027 3403 2080 aninnc
3433 2027 3598 2094 impc-

2025 2114 2183 2168 rium.
2215 2114 2271 2169 In
2299 2115 2402 2169 hoc
2429 2131 2557 2187 ergo
2578 2117 2824 2173 consistit
2855 2118 3024 2172 virtus
3054 2120 3315 2190 corporis,
3343 2119 3484 2188 quod
3514 2135 3600 2173 cc-

2022 2204 2326 2259 dat-anima:
2359 2220 2376 2263 :
2414 2222 2535 2261 nam
2565 2223 2657 2278 per
2682 2224 2740 2263 se
2768 2224 2865 2264 nec
2893 2221 2974 2263 est
3002 2210 3138 2264 bona
3167 2251 3183 2275 ,
3233 2225 3408 2280 neque
3439 2212 3599 2264 mala.

2024 2295 2162 2366 Quid
2202 2296 2342 2351 enim
2388 2313 2483 2368 per
2511 2315 2570 2354 se
2599 2297 2786 2354 fecerit
2814 2301 3051 2370 corpus?
3080 2300 3438 2368 Quamobrem
3469 2315 3596 2355 con-

2022 2388 2302 2458 junctione
2350 2389 2546 2445 bonum
2589 2401 2672 2444 est
2696 2405 2894 2462 corpus
2921 2400 3144 2460 prapter
3170 2391 3554 2460 subjectionem
3584 2407 3600 2443 :

2028 2496 2150 2536 nam
2180 2497 2274 2549 per
2300 2495 2358 2535 se
2385 2498 2483 2536 nec
2512 2482 2706 2537 bonum
2735 2493 2815 2536 est
2833 2498 2932 2537 nec
2954 2483 3173 2545 malum,
3203 2483 3268 2537 ad
3297 2483 3398 2537 hoc
3425 2493 3600 2538 autem

2031 2586 2083 2631 et
2115 2575 2242 2630 illud
2291 2587 2470 2646 aptum
2498 2617 2511 2641 ,
2543 2577 2607 2630 ad
2657 2586 2877 2647 utraque
2902 2587 2982 2632 est
3013 2593 3356 2647 propensum.
3400 2575 3606 2645 Corpus

2031 2670 2361 2740 concupiscit
2385 2711 2399 2734 ,
2443 2670 2540 2725 sed
2569 2686 2675 2725 non
2707 2673 3087 2728 scortationem
3117 2690 3215 2728 m-c
3241 2673 3561 2730 adulterium
3590 2717 3606 2739 ,

2032 2773 2087 2816 at
2113 2764 2309 2816 coitum
2339 2779 2354 2818 :
2381 2777 2578 2833 corpus
2605 2765 2956 2833 concupiscit,
2990 2781 3094 2818 non
3126 2765 3488 2830 delici.ns,rsed
3513 2782 3610 2819 nu-

2035 2856 2378 2919 trimentum;
2421 2869 2526 2908 non
2571 2855 2884 2910 ebrietatem
2907 2897 2920 2919 ,
2955 2857 3048 2911 sed
3082 2867 3284 2925 potum.
3311 2857 3438 2910 Nam
3467 2858 3608 2926 quod

2033 2945 2263 3000 ebrietas
2291 2960 2396 3000 non
2423 2945 2494 3000 sit
2526 2949 2959 3015 concupiscentia
2991 2951 3230 3020 corporis
3257 2991 3270 3012 ,
3318 2949 3434 3002 vide
3480 2965 3615 3019 quu-

2038 3037 2195 3091 modo
2253 3055 2267 3093 :
2327 3053 2432 3092 non
2495 3039 2721 3108 amplius
2782 3039 3064 3095 retinueris
3129 3039 3342 3110 quando
3396 3039 3610 3093 modum

2035 3133 2364 3200 excesseris,
2417 3141 2472 3187 et
2518 3134 2758 3202 corporis
2805 3135 3065 3187 terminos
3111 3133 3363 3187 moveris.
3414 3131 3613 3201 Nempe

2037 3225 2137 3277 alia
2175 3225 2354 3278 omnia
2385 3233 2509 3279 sunt
2535 3226 2727 3278 anima:
2755 3266 2768 3286 ,
2802 3225 3015 3294 quando
3054 3223 3299 3293 dejicitur
3327 3223 3394 3277 ad
3425 3240 3582 3278 carna
3602 3253 3618 3264 -

2040 3315 2106 3367 lia
2133 3354 2148 3378 ,
2178 3314 2393 3384 quando
2419 3330 2599 3370 crassa
2632 3316 2834 3370 evadit.
2868 3316 2999 3370 Nam
3030 3317 3128 3370 etsi
3159 3316 3357 3368 bonum
3385 3325 3466 3368 est
3494 3331 3611 3367 eor-

2044 3422 2161 3474 pus,
2220 3415 2302 3460 est
2352 3416 2528 3461 tamen
2586 3407 2742 3476 longe
2797 3409 2971 3460 minus
3020 3407 3217 3461 anima.
3269 3407 3418 3461 Sicut
3466 3409 3620 3477 igitur

2042 3497 2316 3566 plumbum
2343 3512 2474 3551 auro
2496 3496 2720 3551 inferius
2750 3506 2853 3563 est,
2881 3497 2976 3551 sed
3009 3508 3180 3550 tamen
3217 3497 3435 3567 plumbo
3462 3508 3620 3552 etiam

2043 3604 2178 3656 opus
2256 3597 2339 3642 est
2399 3588 2540 3658 quod
2607 3587 2997 3659 conglutinet:
3061 3589 3130 3643 ita
3208 3591 3367 3645 etiam
3430 3595 3621 3645 anima:

2045 3695 2178 3750 opus
2203 3694 2285 3736 est
2323 3695 2550 3751 corpore
2580 3698 2594 3737 :
2625 3683 2770 3736 velut
2820 3697 2951 3752 puer
2994 3682 3255 3752 ingenuus
3297 3699 3430 3754 opus
3465 3683 3624 3738 habet

2047 3773 2368 3844 prcdagogo,
2400 3775 2468 3828 ita
2495 3776 2656 3829 etiam
2684 3775 2860 3830 anima
2898 3791 3033 3846 opus
3079 3777 3235 3831 habet
3276 3791 3518 3845 torpore.
3559 3775 3624 3831 lit

2047 3881 2113 3920 ne
2140 3867 2351 3921 mireris
2379 3868 2520 3936 quod
2553 3870 2674 3922 talia
2701 3870 2943 3939 exempla
2978 3871 3270 3939 posuerim.
3304 3869 3453 3925 Sicut
3478 3871 3620 3925 enim

2051 3974 2136 4013 res
2165 3961 2395 4028 pueriles
2422 3961 2650 4015 dicimus
2673 4004 2689 4028 ,
2721 3979 2824 4016 non
2857 3963 3219 4030 vituperantes
3252 3971 3463 4016 a'tatetu
3488 4002 3502 4026 ,
3532 3963 3623 4014 sed

2048 4052 2289 4120 quaedam
2322 4068 2385 4108 ex
2431 4053 2518 4106 illa
2568 4054 2836 4107 manantia
2869 4071 2882 4104 :
2917 4054 2987 4107 ita
3033 4055 3193 4108 etiam
3225 4055 3506 4107 dicendum
3551 4065 3631 4106 est

2051 4144 2116 4198 de
2143 4159 2392 4215 corpore.
2423 4143 2528 4200 Sed
2555 4145 2680 4199 licet
2709 4160 2814 4198 non
2846 4159 2968 4199 esse
3015 4146 3065 4198 in
3092 4161 3272 4207 carne,
3307 4146 3352 4198 si
3381 4147 3628 4202 velimus.

2051 4237 2190 4292 sicut
2218 4253 2318 4291 nec
2359 4237 2412 4290 in
2461 4245 2622 4299 terra,
2678 4234 2774 4291 sed
2820 4234 2877 4288 in
2914 4234 3060 4290 caelis
3087 4246 3141 4290 et
3171 4235 3224 4289 in
3257 4236 3466 4304 Spiritu.
3500 4237 3638 4290 Esse

2051 4328 2194 4380 enim
2223 4325 2440 4392 alicubi,
2468 4341 2573 4380 non
2606 4335 2712 4380 tam
2740 4326 2936 4380 dicitur
2951 4327 3054 4381 situ
3085 4341 3146 4380 ac
3165 4327 3448 4397 positione,
3474 4344 3630 4398 quam

2053 4417 2358 4472 affectione.
2422 4418 2613 4472 Multos
2655 4417 2867 4486 quidem
2915 4429 3061 4472 certe
3118 4421 3207 4487 qtti
3248 4429 3371 4473 sunt
3415 4421 3633 4479 alicubi,

2058 4525 2160 4563 non
2204 4524 2322 4562 esse
2349 4510 2575 4563 dicimus
2596 4552 2611 4575 ,
2640 4508 2880 4564 dicentes
2908 4525 2921 4560 :
2974 4509 3085 4563 Non
3114 4524 3234 4564 eras
3265 4511 3368 4564 hic.
3420 4513 3481 4565 Iit
3511 4513 3636 4581 «ιςίὶιι

2059 4601 2221 4657 dico?
2245 4601 2400 4670 Saepe
2427 4600 2674 4668 dicimus,
2703 4601 2817 4655 Non
2855 4617 2912 4656 es
2949 4601 2999 4654 in
3039 4610 3109 4667 te,
3139 4601 3253 4656 Non
3282 4618 3398 4655 sum
3446 4604 3496 4655 in
3530 4621 3634 4656 tne.

2060 4695 2219 4763 Atqui
2243 4695 2366 4764 quid
2392 4693 2494 4750 hoc
2523 4704 2605 4750 est
2631 4695 2799 4766 magis
2821 4695 3127 4764 corporale,
3153 4693 3369 4765 quando
3395 4695 3508 4764 ipse
3538 4697 3638 4749 sibi

2061 4794 2142 4839 est
2169 4785 2547 4857 propinquus?
2583 4784 2675 4840 sed
2711 4795 2885 4840 tamen
2918 4786 3146 4840 dicimus
3185 4786 3357 4855 ipsum
3387 4799 3490 4839 non
3521 4802 3640 4839 esse

2062 4879 2200 4949 apud
2227 4893 2306 4934 se.
2335 4879 2514 4934 Simus
2541 4894 2671 4950 ergo
2698 4880 2750 4933 in
2781 4879 2936 4933 nobis
2964 4895 3056 4933 seu
3083 4878 3222 4949 apud
3247 4894 3365 4944 nos,
3402 4879 3453 4931 in
3482 4879 3637 4942 (κυιυ,

2065 4973 2114 5026 in
2161 4974 2384 5042 spiritu;
2444 4987 2752 5028 maneamus
2807 4974 2856 5026 in
2909 4987 3036 5040 pace
3087 4983 3141 5026 et
3187 4970 3355 5040 gratia
3394 4970 3530 5023 Dei:
3585 4980 3639 5023 ut

2066 5065 2274 5119 liberati
2316 5065 2384 5119 ab
2426 5065 2672 5119 onmibus
2724 5063 3066 5127 carnalibus,
3116 5062 3382 5130 possimus
3430 5062 3639 5129 assequi

2066 5156 2205 5210 bona
2254 5155 2517 5226 promissa
2584 5155 2634 5208 in
2683 5154 2896 5208 Christo
2946 5153 3074 5207 Jcsu
3130 5151 3362 5205 Domino
3413 5162 3640 5220 nostro,

2067 5263 2186 5302 eum
2211 5263 2315 5317 quo
2357 5247 2502 5301 Patri
2531 5245 2687 5302 simul
2717 5261 2836 5299 cum
2864 5255 3052 5298 sancto
3079 5242 3280 5312 Spiritu
3316 5243 3480 5312 gloria
3500 5286 3513 5309 ,
3544 5262 3637 5312 po-

2071 5340 2232 5394 tentia
2255 5348 2308 5392 et
2333 5337 2525 5406 honor,
2559 5355 2702 5395 nunc
2727 5345 2782 5393 et
2807 5350 3034 5409 semper,
3059 5345 3108 5391 ct
3158 5337 3210 5391 in
3236 5335 3430 5389 szccula
3463 5352 3635 5388 smn-

2072 5432 2262 5486 lorum.
2289 5431 2476 5486 Amen.
