3932 6220
346 340 347 343 ‘
412 340 486 402 ts
858 313 867 319 ’
1006 386 1009 389 λ
1192 343 1246 400 s.
1282 343 1556 401 JOANNIS
1589 343 2065 401 cunvsosront
2108 349 2419 409 AltClllEP.
2461 360 2989 422 consummes.
3606 373 3674 431 st

444 463 2485 491 μ--ἡ-Ψ--υ--η-Ἦ-

1765 529 2105 594 HOMILIA
2154 535 2259 601 νι.

410 682 546 736 Car.
570 679 627 734 2.
645 694 699 732 ν.
733 679 818 734 17.
852 675 917 731 Et
940 676 1138 730 reniens
1162 671 1519 744 euangelisavit
1539 688 1714 742 pacem
1743 671 1879 727 vobis
1898 674 1983 742 qui

481 775 628 843 longe
664 770 832 840 fuistis
854 811 871 836 ,
899 778 946 822 et
987 783 1161 837 pacent
1189 766 1252 820 iis
1281 769 1365 836 qui
1404 779 1560 834 prope
1585 778 1604 817 :
1628 763 1716 818 18.
1747 764 1985 830 quoniam

480 880 569 933 per
594 864 757 930 ipsum
798 859 1039 914 habemus
1079 872 1332 911 accessum
1372 853 1518 908 ambo
1557 853 1614 906 in
1654 869 1759 907 uno
1785 852 1985 919 Spiritu

477 956 546 1009 nd
573 954 803 1012 Patrem.
843 953 925 1009 l9.
956 951 1094 1022 Ergo
1114 951 1229 1020 jam
1258 965 1356 1000 non
1386 946 1504 1003 estis
1534 946 1752 1016 hospites
1793 945 1841 999 el
1885 944 1982 998 ad-

475 1062 643 1111 venae,
684 1044 775 1099 sed
816 1044 933 1098 estis
969 1042 1098 1095 ciues
1145 1049 1433 1092 sanctorum
1462 1045 1508 1089 et
1554 1035 1817 1089 domestici
1849 1033 1979 1089 Dei:

473 1138 565 1193 20.
606 1132 998 1205 superadi/icati
1025 1146 1179 1199 supra
1222 1126 1607 1199 fundamentum
1634 1124 1978 1193 apostolorum

477 1240 523 1282 ct
566 1225 927 1298 prophetarum
945 1263 959 1288 ,
990 1223 1102 1291 ipso
1129 1235 1324 1274 summo
1350 1215 1588 1287 angulari
1628 1215 1802 1285 lapide
1827 1214 1978 1268 Chri-

475 1330 553 1373 sto
581 1334 601 1372 :
626 1317 718 1371 21.
749 1316 800 1369 in
828 1330 928 1385 quo
956 1311 1118 1365 omnis
1156 1309 1426 1378 ludificatio
1468 1316 1759 1361 constructa
1803 1305 1981 1359 crescit

476 1412 530 1464 in
570 1407 812 1476 templum
853 1412 1083 1458 sanctum
1106 1404 1161 1455 in
1197 1400 1410 1453 Domino
1440 1415 1458 1452 :
1485 1397 1576 1451 22.
1606 1398 1659 1450 in
1682 1414 1782 1466 quo
1808 1406 1855 1450 et
1894 1410 1982 1450 vos

477 1497 858 1566 roauliﬁcaminl
882 1496 938 1549 in
963 1491 1306 1547 habitaculum
1345 1490 1440 1544 Dei
1464 1489 1514 1542 iu
1547 1488 1767 1558 Spiritu.

479 1617 528 1669 1.
575 1611 691 1668 Νοη
724 1626 818 1680 per
843 1608 1009 1662 alium
1030 1648 1046 1669 ,
1089 1606 1294 1676 inquit,
1324 1603 1506 1669 misit,
1552 1615 1724 1670 neque
1756 1611 1852 1669 per
1876 1599 1978 1652 ali-

402 1721 560 1776 quem
607 1704 767 1757 alium
809 1697 1128 1769 signiﬁcavit
1147 1736 1162 1761 ,
1195 1694 1288 1748 scd
1318 1695 1430 1761 ipse
1458 1707 1556 1762 per
1583 1706 1661 1746 se.
1691 1690 1807 1744 Non
1835 1688 1980 1743 misit

402 1797 648 1868 angelum
695 1792 778 1849 vel
833 1788 1249 1859 archangelum,
1299 1789 1420 1854 quia
1470 1792 1575 1837 tam
1630 1782 1793 1835 multa
1840 1778 1977 1833 mala

401 1888 671 1956 corrigere
700 1883 899 1939 nullius
927 1888 1046 1934 erat
1069 1877 1291 1931 alterius
1311 1917 1326 1940 ,
1358 1872 1452 1928 sed
1480 1871 1595 1941 ejus
1633 1870 1931 1941 prtcsentize
1958 1909 1974 1934 ,

403 1990 457 2035 et
493 1973 812 2033 annuntiare
840 1988 960 2042 quae
991 1973 1122 2023 facta
1154 1976 1304 2021 sunt.
1334 1964 1560 2020 Ministri
1586 1977 1649 2017 ac
1681 1974 1975 2031 propemo-

400 2072 526 2124 dum
558 2066 744 2122 famuli
783 2065 959 2119 locum
997 2059 1234 2127 suscepit
1287 2056 1576 2117 Dominus,
1623 2061 1678 2108 et
1708 2051 1887 2117 venit,
1922 2061 1977 2105 ct

402 2179 587 2234 pacem
615 2155 1030 2229 cvangelizavit,
1066 2152 1240 2216 Vobis,
1268 2149 1470 2220 inquit,
1499 2148 1586 2219 qui
1614 2147 1762 2216 longe
1784 2146 1972 2216 fuistis,

398 2266 444 2309 et
470 2254 556 2324 qui
584 2266 760 2322 prope.
795 2247 1015 2310 Iudaeis,
1045 2243 1215 2311 inquit
1238 2282 1254 2303 ,
1282 2241 1374 2309 qui
1401 2248 1556 2293 erant
1586 2250 1753 2305 prope
1780 2235 1825 2288 si
1851 2249 1972 2288 cum

402 2346 557 2400 nobis
599 2340 975 2395 conferantur:
1009 2333 1084 2406 (a)
1113 2331 1335 2405 [procul
1379 2337 1559 2383 autem
1590 2340 1711 2382 esse
1747 2340 1842 2379 cos
1883 2324 1973 2394 qui

406 2454 472 2493 ex
519 2433 770 2506 gentibus
817 2438 970 2486 erant
1009 2425 1389 2487 subindicans,
1424 2430 1608 2489 utpote
1661 2419 1974 2489 peregrinos

398 2543 523 2599 erga
553 2520 928 2594 testamenta].
979 2519 1110 2586 Quia
1140 2533 1229 2587 per
1259 2517 1428 2585 ipsum
1458 2513 1696 2566 habemus
1720 2527 1974 2565 accessum

393 2622 542 2675 umbo
566 2621 621 2673 in
662 2633 763 2672 uno
804 2613 1008 2684 Spiritu
1031 2611 1101 2687 ad
1144 2609 1373 2663 Patrem.
1402 2606 1594 2661 Pacem
1618 2643 1634 2672 ,
1665 2602 1872 2673 inquit,
1903 2602 1970 2657 ad

403 2713 607 2777 Deum;
636 2708 832 2764 etenim
877 2718 976 2758 nos
1021 2698 1408 2757 reconciliavit.
1440 2696 1588 2750 Alias
1615 2695 1758 2750 enim
1807 2693 1967 2748 etiam

394 2805 523 2858 dicit
550 2822 563 2858 :
592 2799 781 2854 Pacem
805 2792 1034 2861 relinquo
1060 2792 1216 2856 vobis,
1245 2805 1419 2861 pacem
1444 2803 1608 2841 meam
1628 2785 1695 2839 do
1721 2784 1896 2847 vobis;
1916 2792 1968 2838 et

398 2897 592 2950 iterum
615 2933 632 2958 ,
662 2889 946 2958 Conﬁdite,
975 2902 1067 2956 ego
1094 2881 1497 2945 vicianundum;
1521 2888 1597 2945 et,
1629 2878 1973 2946 Quaecumque

393 2985 636 3056 petieritis
655 2984 709 3037 in
728 2982 929 3035 nomine
950 2994 1076 3041 meo,
1101 2975 1391 3044 accipietis;
1413 2981 1465 3028 et
1488 2985 1691 3035 rursus,
1719 2969 1969 3037 Quoniam

394 3081 548 3136 l’ater
582 3092 671 3132 vos
698 3073 863 3146 diligit
890 3070 1084 3145 (Joan.
1126 3069 1212 3123 14.
1239 3067 1330 3121 27.
1357 3075 1405 3120 et
1436 3063 1524 3120 16.
1546 3064 1636 3118 55.
1683 3071 1730 3115 et
1759 3061 1842 3115 14.
1878 3059 1963 3114 14.

388 3186 436 3226 et
474 3169 560 3227 16.
600 3178 648 3223 et
697 3167 767 3221 27
790 3167 831 3234 ).
861 3163 986 3216 llam
1026 3168 1152 3215 sunt
1178 3159 1326 3229 signa
1371 3155 1516 3227 pacis
1542 3162 1596 3209 et
1630 3152 1714 3206 bis
1754 3160 1809 3205 et
1836 3150 1964 3205 illis.

390 3265 500 3321 Illis
522 3257 830 3333 quomodo?
863 3255 1114 3322 Quoniam
1140 3267 1229 3322 per
1251 3250 1420 3321 ipsum
1449 3245 1688 3300 habemus
1711 3257 1966 3296 accessum

385 3355 534 3410 ambo
560 3354 613 3407 in
635 3367 736 3405 uno
767 3347 998 3419 Spiritu,
1035 3360 1139 3397 non
1170 3356 1264 3396 vos
1284 3340 1461 3394 minus
1481 3378 1498 3404 ,
1525 3336 1601 3391 illi
1634 3345 1813 3389 autem
1846 3347 1968 3385 am-

388 3448 558 3517 plius,
589 3441 683 3497 sed
712 3453 814 3492 una
844 3436 1035 3507 gratia.
1064 3432 1196 3488 Nam
1226 3432 1356 3485 iram
1386 3426 1600 3499 quidem
1628 3424 1788 3517 solvit
1810 3437 1963 3517 rmor-

391 3516 464 3600 te,
516 3534 658 3589 Patri
689 3539 870 3585 autem
914 3541 1016 3581 nos
1061 3525 1186 3579 fecit
1229 3522 1486 3576 amabiles
1535 3534 1630 3588 per
1679 3516 1960 3586 Spll‘llllm.

384 3630 526 3686 Ecce
554 3638 738 3680 rursus
758 3663 774 3687 ,
807 3620 873 3672 In
901 3626 986 3672 est
1006 3658 1021 3683 ,
1050 3631 1147 3686 per
1171 3633 1184 3668 :
1219 3629 1316 3683 per
1341 3628 1399 3666 se
1429 3620 1483 3665 et
1508 3610 1765 3679 Spiritum
1803 3606 1963 3661 addu-

382 3722 464 3779 xit
491 3735 588 3775 nos
611 3716 677 3772 ad
704 3717 899 3785 ipsum.
933 3711 1070 3779 Ergo
1087 3711 1203 3777 jam
1226 3722 1325 3759 non
1347 3705 1461 3758 estis
1489 3703 1710 3771 hospites
1736 3708 1781 3753 et
1808 3701 1963 3753 adve-

386 3827 468 3865 na:
488 3851 504 3874 ,
531 3807 620 3862 sed
647 3806 779 3859 cives
808 3810 1120 3858 sanctorum.
1149 3794 1312 3849 Vides
1339 3792 1479 3861 quod
1514 3806 1619 3844 non
1649 3788 1969 3858 simpliciter

387 3904 442 3957 in
503 3897 846 3954 Judmorum,
901 3889 997 3945 sed
1055 3891 1107 3941 in
1176 3888 1482 3939 sanctorum
1534 3891 1590 3936 et
1648 3891 1967 3948 magnorum

388 3992 622 4045 virorum
648 4028 661 4050 ,
686 3996 881 4053 nempe
908 3977 1140 4036 Abrabrc
1166 3985 1221 4031 et
1243 3972 1440 4044 Moysis
1463 3980 1517 4025 et
1546 3968 1697 4033 Elim,
1719 3966 1963 4022 eamdem

388 4078 642 4149 adscripti
686 4088 876 4130 sumus
923 4070 1231 4133 civitatem,
1279 4072 1335 4120 et
1373 4064 1425 4117 iu
1472 4062 1558 4117 illa
1608 4073 1885 4113 versamur
1910 4065 1967 4110 et

387 4171 745 4246 apparcnnts‘l
775 4167 907 4223 Nam
937 4163 1030 4234 qui
1078 4161 1193 4215 hmo
1214 4199 1232 4223 ,
1281 4156 1485 4226 inquit,
1513 4153 1731 4246 dicunt,
1757 4157 1965 4246 aperte

389 4241 679 4322 ostendunt
714 4275 775 4315 se
804 4257 1027 4329 patriam
1052 4264 1316 4323 quaerere.
1349 4246 1469 4301 Non
1493 4244 1718 4314 amplius
1746 4241 1966 4312 hospites

401 4366 721 4416 sanctorum;
751 4368 840 4406 nec
890 4348 1115 4402 aduente.
1141 4342 1276 4400 Nam
1306 4341 1397 4412 qui
1426 4339 1662 4395 ca-lestia
1691 4352 1796 4391 non
1841 4344 1968 4390 sunt

392 4449 727 4519 assequuturi
749 4485 766 4512 ,
797 4450 924 4498 sunt
965 4439 1209 4495 advenat.
1241 4435 1410 4490 Filius
1436 4434 1579 4489 enim
1628 4439 1843 4497 manet,
1879 4430 1962 4482 in-

386 4543 533 4610 quit,
566 4542 619 4594 in
665 4547 944 4593 aeternum.
980 4530 1049 4584 Et
1087 4526 1379 4591 domestici,
1431 4524 1632 4593 inquit,
1667 4521 1779 4576 Dei.
1811 4519 1964 4588 Quod

386 4634 464 4690 illi
488 4672 505 4699 ,
538 4631 741 4699 inquit,
768 4622 1037 4679 habebant
1059 4618 1127 4672 ab
1155 4617 1310 4671 initio
1338 4630 1433 4684 per
1458 4625 1567 4668 tam
1590 4612 1791 4667 multos
1819 4610 1968 4664 labo-

390 4739 517 4787 res,
565 4721 668 4774 hoc
708 4714 865 4769 vobis
909 4719 1055 4764 recte
1102 4704 1362 4762 successit
1406 4718 1502 4772 per
1550 4703 1643 4757 Dei
1664 4702 1939 4787 ’gratiam.

392 4804 805 4883 Supetazdiﬁcati
826 4816 981 4870 supra
1005 4791 1825 4883 fundamentumkapostolorumet
1848 4806 1971 4861 pro-

392 4880 681 4977 piratarum.
715 4893 859 4949 Ecce
887 4902 1014 4960 spes
1043 4884 1360 4941 vocationis.
1391 4881 1522 4937 Vide
1549 4880 1820 4977 quomodo
1850 4895 1967 4977 qm-

393 4969 480 5052 im.
515 4988 803 5062 pertitiscet
822 5021 839 5051 ,
867 4981 1109 5041 Crmcos,
1136 4974 1381 5037 Judzros,
1412 4972 1705 5040 apostolos,
1737 4969 1967 5039 prophe-

390 5102 510 5148 tas,
556 5079 826 5137 Christum
870 5081 971 5127 :et
1011 5064 1299 5138 aliquando
1336 5062 1549 5132 quidem
1590 5074 1655 5114 er
1702 5074 1965 5128 corpore,

394 5171 682 5245 aliquando
703 5177 879 5222 autem
911 5177 973 5218 ex
1006 5157 1231 5245 aulificio
1260 5153 1688 5222 coniunctionem
1714 5148 1968 5245 ostendit.

398 5240 826 5338 Supertetliﬁcati,
852 5240 1044 5325 inquit,
1061 5267 1216 5322 super
1234 5249 1612 5320 fundamentum
1627 5240 1971 5338 apostolorum

398 5374 443 5416 et
474 5333 848 5433 prophetarum.
888 5349 1000 5402 lloc
1028 5355 1131 5412 est,
1163 5342 1563 5433 fundamentum
1591 5346 1714 5433 sunt
1741 5333 1966 5405 apostoli

398 5466 449 5509 ct
476 5429 769 5522 prophetat.
793 5441 862 5497 Et
884 5440 1112 5510 primum
1136 5436 1286 5505 ponit
1305 5431 1597 5503 apostolos,
1618 5429 1707 5497 qui
1731 5437 1969 5522 tempore

400 5518 525 5600 sum
549 5518 725 5596 ultimi
750 5554 765 5591 :
793 5533 877 5588 vel
907 5532 1007 5585 hoc
1033 5526 1322 5585 ostendens
1344 5535 1399 5580 et
1425 5524 1610 5579 dicens
1627 5560 1643 5588 ,
1670 5518 1809 5583 quod
1837 5527 1892 5572 et
1918 5518 1967 5571 hi

458 5698 533 5755 (a)
560 5696 679 5753 Qua:
723 5690 914 5755 uncinis
943 5683 1233 5735 clauduntur
1270 5682 1319 5730 in
1363 5685 1554 5729 textum
1605 5673 1879 5739 recepimus
1905 5686 1965 5720 ex

396 5750 491 5814 uno
513 5750 691 5807 'uuhce
715 5750 1016 5802 Coislutiano.

2502 481 3634 514 .___________________________

2093 685 2147 730 ct
2174 677 2253 734 illi
2279 682 2387 736 sint
2433 684 2874 762 fundamentum,
2920 699 3229 758 universum
3273 715 3453 763 autem
3500 725 3667 767 unum

2092 770 2161 824 sit
2204 774 2489 833 aedilicium
2544 793 2596 836 et
2644 800 2747 839 nua
2778 789 2950 845 radix.
2984 794 3166 864 Cogita
3213 795 3431 855 Graecos
3474 800 3667 857 funda-

2091 874 2327 962 meutum
2357 866 2560 927 habere
2588 878 2936 962 patriarchas.
2966 883 3063 939 Hic
3091 886 3219 942 illud
3248 892 3417 960 magis
3445 895 3667 962 propria

2090 949 2231 1052 dicit.
2263 971 2420 1025 quam
2470 959 2600 1016 cum'
2644 965 2774 1023 dicit
2821 969 3168 1032 inscrtionem
3198 995 3213 1030 :
3245 986 3299 1034 et
3329 949 3500 1052 magis
3550 949 3664 1040 illic

2091 1046 2277 1142 tangit.
2300 1048 2504 1107 Deinde
2523 1054 2670 1121 dicit,
2698 1058 2822 1129 Ipso
2844 1078 3040 1119 summa
3065 1071 3300 1138 angulari
3320 1046 3492 1142 lapide
3517 1074 3665 1129 Chri-

2086 1144 2165 1188 sto
2191 1135 2319 1191 Jesu
2336 1157 2357 1205 ;
2385 1142 2690 1212 signiﬁcans
2714 1149 2986 1208 Christum
3014 1135 3188 1212 omnia
3221 1135 3516 1219 continere.
3557 1165 3663 1220 La-

2087 1225 2170 1293 pis
2212 1228 2354 1282 enim
2402 1235 2672 1303 angularis
2714 1249 2768 1293 et
2815 1244 3046 1312 parietes
3092 1250 3332 1305 continet
3374 1264 3430 1307 et
3472 1252 3662 1309 funda-

2087 1329 2287 1374 menta.
2320 1321 2383 1376 1η
2407 1341 2505 1395 quo
2525 1329 2688 1382 omnis
2708 1333 2999 1403 aediﬁcatio.
3023 1337 3157 1393 Vide
3195 1342 3463 1411 quomodo
3484 1343 3660 1415 ipsum

2087 1415 2424 1484 conjunxerit
2444 1460 2461 1485 ,
2493 1427 2548 1472 ut
2578 1422 2666 1491 qui
2711 1424 2997 1495 aliquando
3025 1429 3236 1499 quidem
3267 1438 3433 1487 totum
3465 1446 3661 1505 corpus

2086 1521 2317 1577 superne
2340 1513 2612 1568 contineat
2631 1529 2694 1570 ac
2756 1517 3070 1589 compingat
3093 1560 3108 1584 ,
3173 1523 3462 1593 aliquando
3477 1535 3657 1582 autem

2088 1600 2293 1656 inferne
2324 1611 2499 1671 portet
2525 1605 2805 1662 mdiﬁcium
2828 1652 2842 1674 ,
2875 1618 2931 1665 et
2959 1612 3028 1665 sit
3073 1613 3249 1669 radix.
3280 1614 3411 1671 Illud
3437 1626 3651 1683 autem,

2083 1690 2323 1748 Condidit
2348 1697 2401 1749 in
2435 1699 2598 1766 seipso
2624 1701 2677 1753 in
2706 1718 2863 1755 unum
2906 1718 3089 1758 novum
3133 1708 3421 1777 hominem,
3452 1711 3660 1783 signiﬁ-

2083 1793 2198 1849 c:tt,
2244 1784 2347 1839 Per
2389 1790 2623 1857 seipsum
2673 1792 2950 1862 conjunxit
2997 1805 3250 1866 utrmque
3296 1801 3563 1868 parietes;
3600 1811 3656 1858 et

2082 1888 2330 1942 rursum,
2363 1879 2503 1946 quod
2534 1879 2585 1933 in
2618 1879 2733 1951 ipso
2760 1883 2866 1937 sint
2890 1889 3075 1940 creati.
3124 1888 3227 1953 Et,
3260 1887 3651 1959 Primogenitus,

2083 1966 2289 2034 inquit,
2321 1970 2485 2024 omnis
2513 1982 2758 2027 creatura:
2789 1974 3002 2044 (Coloss.
3036 1979 3087 2033 1.
3119 1979 3207 2050 15)
3237 2000 3249 2033 :
3285 1981 3387 2036 hoc
3416 1991 3501 2037 est
3523 2024 3539 2046 ,
3569 1984 3654 2054 ip-

2081 2073 2140 2114 se
2169 2069 2343 2128 portat
2371 2064 2584 2127 omnia,
2619 2066 2669 2118 in
2701 2081 2808 2135 quo
2853 2077 3018 2123 totum
3065 2072 3347 2127 mdilicium
3395 2083 3481 2128 est
3524 2090 3654 2130 con-

2080 2160 2360 2205 structum.
2394 2152 2518 2209 Sive
2567 2164 2765 2211 tectum
2797 2156 3027 2223 dixerit,
3076 2162 3189 2215 sive
3237 2164 3468 2231 parietes
3489 2205 3506 2229 ,
3539 2165 3654 2220 sive

2081 2246 2292 2315 quidvis
2320 2247 2486 2314 aliud,
2521 2257 2689 2302 totum
2723 2261 2916 2320 portat.
2942 2252 3082 2308 Alibi
3111 2263 3288 2309 autem
3318 2257 3491 2325 ipsum
3519 2257 3649 2312 dicit

2080 2334 2518 2391 fundamentum:
2571 2338 2977 2394 Fundamentum
3022 2344 3201 2410 enim,
3252 2346 3458 2415 inquit,
3509 2347 3653 2400 aliud

2090 2440 2234 2478 nemo
2274 2436 2432 2494 potest
2473 2445 2656 2496 ponere
2680 2442 2862 2500 pra’tcr
2888 2434 2941 2485 id
2969 2433 3105 2502 quod
3142 2443 3216 2488 est
3241 2437 3489 2504 positum,
3515 2439 3653 2508 quod

2080 2524 2153 2566 est
2191 2512 2341 2569 Jesus
2375 2515 2622 2571 Christus.
2668 2518 2731 2572 lu
2768 2538 2865 2592 quo
2888 2563 2904 2588 ,
2938 2523 3107 2592 inquit
3129 2566 3146 2591 ,
3174 2527 3337 2579 omnis
3381 2527 3651 2596 aediﬁcatio

2078 2614 2366 2660 constructa
2396 2607 2470 2678 (1.
2500 2606 2616 2663 Cor.
2647 2610 2700 2665 5.
2732 2612 2836 2682 ll).
2868 2613 2975 2667 Res
3002 2614 3112 2683 ipsa
3141 2625 3390 2671 accurate
3429 2625 3484 2671 et
3509 2607 3652 2673 'exa-

2075 2704 2159 2748 etc
2186 2696 2519 2753 considerata
2547 2702 2801 2768 ostendit,
2825 2705 2965 2773 quod
2991 2721 3096 2759 non
3116 2705 3273 2761 aliter
3296 2707 3423 2777 poni
3448 2717 3645 2777 potest,

2084 2789 2185 2843 nisi
2236 2801 2423 2846 exacte
2452 2800 2505 2846 et
2548 2806 2793 2849 accurate
2837 2796 3051 2852 vixeris.
3101 2798 3324 2865 Crescit,
3358 2799 3564 2869 inquit,
3596 2801 3649 2854 ita

2075 2883 2317 2952 templum
2357 2896 2583 2938 sanctum
2614 2888 2666 2939 in
2697 2886 2914 2941 Domino
2935 2906 2957 2943 :
2983 2890 3035 2942 in
3070 2907 3171 2959 quo
3197 2900 3243 2945 et
3286 2908 3374 2946 vos
3418 2893 3645 2961 coaedifi-
3710 2870 3723 2877 α

2073 2975 2278 3027 camini.
2326 2974 2440 3030 Hoc
2473 2975 2800 3046 frequentius
2828 2978 2986 3046 dicit,
3014 2976 3081 3033 In
3110 2981 3351 3047 templum
3381 2994 3645 3048 sanctum,

2076 3064 2129 3117 in
2162 3065 2505 3120 habitaculum
2549 3065 2647 3122 Dei
2671 3069 2724 3121 in
2770 3068 2990 3139 Spiritu.
3019 3069 3155 3137 Quid
3198 3070 3300 3126 sibi
3327 3071 3439 3126 vult
3467 3081 3644 3128 autem

2070 3158 2392 3212 :edilicatio?
2424 3159 2493 3214 Ut
2541 3162 2679 3216 Deus
2722 3162 2773 3215 in
2819 3163 2922 3216 hoc
2969 3164 3168 3232 templo
3207 3162 3434 3218 habitet.
3464 3164 3644 3220 Unus-

2071 3248 2294 3318 quisque
2323 3249 2463 3303 enim
2490 3260 2726 3304 vestrum
2757 3261 2841 3306 est
2871 3254 3126 3322 templum
3146 3292 3162 3318 ,
3194 3262 3249 3309 et
3276 3268 3465 3309 omnes
3492 3270 3641 3310 com'

2070 3339 2300 3393 munitcr
2319 3380 2334 3406 ,
2359 3348 2416 3395 et
2446 3348 2716 3410 tamquam
2744 3343 2796 3395 in
2826 3357 3051 3413 corpore
3080 3344 3279 3400 Christi
3319 3345 3558 3413 habitat,
3591 3356 3644 3402 et

2072 3438 2338 3500 tamquam
2365 3430 2418 3484 in
2450 3432 2648 3501 templo
2676 3433 2962 3502 spirituali.
2997 3434 3119 3489 ideo
3151 3452 3259 3490 non
3301 3436 3440 3491 dixit
3467 3448 3645 3508 πρόσο-

2070 3529 2181 3592 δον,
2215 3524 2266 3579 id
2295 3532 2411 3592 est,
2442 3525 2647 3580 aditum
2669 3565 2685 3587 .
2712 3526 2805 3582 sed
2837 3542 3137 3599 προσαγωγὴν
3156 3569 3172 3595 ,
3203 3529 3304 3584 hoc
3327 3537 3447 3597 est,
3474 3530 3643 3585 addu-

2076 3616 2308 3671 ctionem
2335 3633 2349 3670 :
2377 3632 2483 3671 non
2512 3618 2652 3671 cnim
2679 3635 2707 3671 a
2737 3618 2890 3672 nobis
2915 3619 3046 3688 ipsis
3065 3619 3391 3676 accessimus
3410 3661 3426 3688 ,
3455 3620 3551 3675 sed
3577 3622 3646 3675 ab

2070 3709 2186 3778 ipso
2232 3711 2447 3766 adducti
2491 3727 2714 3767 sumus:
2757 3710 2897 3764 Nam
2924 3728 3104 3778 nemo,
3138 3711 3345 3783 inquit,
3395 3714 3531 3765 venit
3575 3712 3644 3765 ad

2071 3800 2279 3855 Patrem
2321 3804 2419 3856 nisi
2458 3820 2548 3872 per
2592 3819 2707 3868 me;
2733 3812 2788 3858 et
2816 3818 3000 3858 rursus
3030 3803 3141 3874 Ego
3168 3820 3280 3857 sum
3306 3804 3408 3865 via,
3437 3805 3641 3866 veritas,

2069 3904 2115 3947 et
2138 3895 2239 3947 vita
2267 3892 2449 3963 (Joan.
2479 3896 2566 3949 14.
2591 3896 2668 3964 6).
2698 3894 2754 3949 In
2779 3895 3035 3964 templum
3058 3904 3301 3949 sanctum
3327 3894 3489 3948 simul
3513 3892 3644 3947 :cdid

2071 3986 2210 4040 ticali
2240 3984 2391 4040 estis.

2138 4080 2192 4134 2.
2227 4079 2422 4135 lterum
2444 4076 2511 4131 ad
2535 4077 2678 4147 prius
2704 4077 2841 4132 redit
2860 4076 3167 4147 exemplum
3197 4082 3252 4130 et
3277 4074 3397 4129 illos
3415 4075 3643 4145 conjun-

2069 4174 2145 4241 git
2185 4185 2304 4225 cum
2358 4171 2596 4235 sanctis,
2650 4185 2982 4240 nequaquam
3038 4170 3221 4223 sincns
3268 4175 3328 4223 ut
3372 4169 3645 4240 longiusa

2069 4263 2284 4317 Christo
2309 4260 2612 4317 recedatur.
2645 4259 2741 4313 Est
2767 4275 2895 4329 ergo
2917 4274 3088 4329 usque
3117 4257 3183 4315 ad
3215 4256 3508 4313 adventum
3533 4258 3647 4313 haec

2071 4351 2373 4406 a-dilicatio.
2410 4349 2703 4418 Propterea
2733 4349 2945 4404 dicebat
2972 4348 3204 4403 Paulus:
3239 4345 3307 4401 Ut
3329 4347 3538 4417 sapiens
3562 4363 3647 4399 ar-

2072 4443 2316 4496 chitectus
2347 4439 2733 4510 fundamentum
2761 4439 2907 4507 posui
2931 4454 2952 4503 ;
2982 4448 3036 4491 et
3061 4451 3247 4491 rursus
3276 4436 3386 4501 hic,
3431 4434 3648 4491 Funda-

2072 4544 2294 4588 mentum
2315 4533 2460 4587 aliud
2481 4549 2625 4586 nemo
2649 4541 2806 4602 potest
2836 4546 3040 4597 ponere,
3064 4539 3247 4599 pra-ter
3268 4528 3323 4581 id
3345 4530 3485 4599 quod
3510 4531 3649 4598 posi-

2073 4637 2178 4680 tum
2219 4635 2331 4689 est,
2360 4624 2447 4693 qui
2474 4632 2546 4677 est
2577 4621 2841 4692 Christus(
2873 4621 2922 4674 1.
2954 4619 3072 4676 Cor.
3105 4619 3161 4674 '5.
3194 4619 3281 4675 10.
3313 4620 3374 4674 11
3404 4618 3449 4692 ).
3485 4619 3651 4675 Vides

2071 4717 2212 4788 quod
2230 4716 2471 4786 exetnpla
2493 4729 2591 4785 pro
2609 4714 2768 4768 rebus
2783 4713 3035 4781 subjectis
3059 4712 3165 4765 sint
3187 4711 3524 4781 accipienda,
3544 4728 3650 4767 non

2072 4809 2357 4864 absolute?
2385 4808 2453 4862 ab
2477 4807 2733 4877 exemplis
2763 4806 2861 4859 huc
2899 4805 3046 4870 dicit,
3074 4814 3131 4858 ut
3165 4805 3379 4874 quando
3404 4804 3652 4860 Christus

2075 4900 2284 4955 Patrem
2305 4897 2432 4952 dicit
2445 4897 2749 4967 agricolam,
2766 4905 2818 4950 et
2831 4895 3068 4965 seipsum
3082 4894 3493 4965 radicem.(Cap.
3512 4898 3589 4969 5.)
3613 4899 3661 4954 1.

2079 4990 2247 5060 Hujus
2275 4990 2346 5043 rei
2381 4989 2547 5060 gratia
2572 5004 2663 5058 ego
2686 4986 2881 5041 Paulus
2904 5027 2919 5050 ,
2966 4988 3161 5040 vinctus
3192 4985 3384 5041 Christi
3408 4986 3445 5039 ,Ι
3450 5005 3540 5042 esu
3562 5005 3656 5060 pro

2073 5080 2210 5134 vobis
2236 5079 2484 5149 gentibus.
2515 5077 2654 5131 Dixit
2683 5091 2925 5145 magnam
2970 5074 3167 5130 Christi
3188 5091 3373 5129 curam
3394 5087 3450 5131 et
3470 5078 3652 5146 provi-

2076 5170 2333 5227 dentiam.
2372 5171 2448 5225 De
2472 5179 2667 5224 caztero
2692 5167 2757 5220 ad
2785 5184 2930 5220 suam
2955 5183 3164 5238 quoque
3192 5167 3513 5237 digreditur,
3536 5185 3658 5240 qua:

2076 5277 2237 5333 parva
2264 5262 2475 5332 quidem
2506 5268 2588 5314 est
2628 5266 2683 5312 et
2711 5258 2865 5325 plane
2892 5259 3046 5324 nihil,
3077 5261 3122 5313 si
3148 5274 3269 5312 cum
3297 5259 3385 5312 illa
3408 5260 3658 5315 confera-

2076 5362 2163 5407 tur
2188 5368 2203 5417 ;
2237 5368 2355 5421 qua:
2376 5361 2551 5404 tamen
2596 5350 2708 5417 ipsa
2739 5365 2950 5418 quoque
2976 5359 3057 5402 cst
3084 5349 3275 5403 idonea
3300 5357 3354 5403 et
3376 5349 3656 5405 sufflciens

2075 5444 2141 5497 ad
2174 5440 2566 5495 attrahendum.
2603 5437 2910 5505 Propterea,
2932 5437 3101 5506 inquit
3120 5478 3134 5501 ,
3160 5452 3260 5507 ego
3298 5454 3515 5508 quoquc
3545 5442 3659 5493 vin-
3689 5497 3698 5506 _

2078 5546 2195 5587 ctus
2225 5548 2359 5586 sum.
2398 5531 2456 5584 Si
2494 5529 2638 5584 enim
2677 5529 2935 5583 Dominus
2983 5542 3133 5582 meus
3190 5539 3413 5598 propter
3451 5547 3549 5586 vos
3577 5541 3663 5586 est

2084 5633 2233 5679 actus
2259 5623 2311 5675 in
2343 5636 2583 5688 crucem,
2612 5619 2778 5674 multo
2806 5619 2973 5687 magis
2999 5632 3099 5687 ego
3127 5618 3341 5673 vinctus
3371 5635 3517 5674 sum.
3542 5619 3660 5675 Non

2080 5721 2250 5773 salum
2274 5716 2385 5785 ipt-c.
2418 5714 2513 5770 fuit
2540 5711 2769 5780 vinctus,
2791 5711 2887 5767 sed
2923 5709 3083 5763 ctiam
3133 5723 3261 5765 suos
3308 5724 3499 5768 servos
3532 5728 3659 5783 pero
