3932 6220
303 469 365 527 ιδ
1178 461 1243 521 IN
1278 463 1490 520 EPIST.
1532 463 1623 516 At)
1663 456 1900 514 eruas.
1941 457 2092 514 csp.
2134 459 2223 518 lll.
2265 461 2495 520 noun.
2536 463 2629 522 vr.
3483 473 3549 528 ισ

305 585 461 639 mittit
503 582 692 639 vinciri
717 597 814 653 pro
837 580 988 638 vobis
1039 580 1304 652 gentibus.
1334 578 1517 649 Magna
1546 573 1816 646 emphasis
1847 591 1861 628 :

304 677 406 731 Vos
434 691 542 730 non
564 676 734 730 solum
758 689 863 729 non
909 672 1295 735 abominamur,
1338 669 1431 724 sed
1463 671 1620 723 etiam
1652 675 1868 736 propter

305 786 415 837 vos,
455 771 641 840 inquit,
676 769 963 828 vincimur.
991 776 1045 822 et
1073 781 1172 836 ego
1219 774 1418 820 tantam
1466 763 1693 832 adeptus
1748 776 1865 814 sum

302 863 538 931 gratiam.
567 861 622 914 2.
671 860 731 916 Si
754 870 917 912 tamen
961 858 1193 911 audiistis
1241 855 1660 922 dispensationem
1693 852 1869 922 gratia:

303 952 393 1005 Dei
419 967 532 1018 quce
551 952 670 1004 data
696 962 768 1004 est
789 951 913 1003 mihi
933 951 983 1002 in
1005 948 1162 1002 vobis.
1211 946 1384 1001 lnnuit
1425 944 1824 1014 pra‘dictiouem
1852 981 1867 1005 ,

300 1058 410 1111 quae
439 1041 506 1094 de
528 1043 646 1110 ipso
665 1039 907 1094 Damasci
939 1038 1072 1092 facta
1099 1047 1181 1091 est
1210 1037 1448 1099 Ananiae,
1480 1034 1694 1104 quando
1717 1033 1867 1086 dice-

299 1132 381 1186 bat
408 1149 422 1186 :
457 1131 613 1196 Vade,
633 1133 871 1202 quoniam
899 1147 984 1184 uas
1014 1129 1266 1183 electionis
1291 1129 1412 1181 mihi
1438 1138 1508 1180 est
1533 1128 1642 1191 iste,
1675 1138 1726 1177 ut
1752 1142 1869 1192 por-

297 1233 359 1277 tet
387 1241 568 1278 nomen
590 1241 754 1277 meum
783 1241 954 1277 coram
978 1223 1200 1293 gentibus
1225 1239 1284 1273 ac
1309 1220 1506 1287 regibus
1523 1221 1656 1287 (Act.
1673 1219 1724 1272 9.
1755 1218 1861 1287 15).

301 1315 756 1384 Dispensationem
785 1313 970 1383 grati-.e
997 1313 1126 1366 dicit
1171 1311 1575 1366 revelationem.
1610 1309 1718 1361 lloc
1758 1318 1860 1370 est,

297 1405 410 1460 Non
432 1406 594 1460 didici
616 1406 683 1459 ab
709 1407 959 1460 homine:
989 1415 1042 1458 et
1067 1404 1309 1474 dignatus
1335 1411 1418 1456 est
1450 1401 1600 1464 mihi,
1633 1415 1752 1453 cum
1784 1413 1869 1452 cs-

296 1514 410 1552 scm
442 1514 600 1560 unus,
636 1500 872 1552 revelare
903 1507 1122 1566 propter
1142 1511 1235 1549 vos
1263 1515 1274 1550 :
1307 1494 1425 1562 lpse
1445 1494 1587 1548 enim
1607 1535 1621 1556 ,
1651 1492 1819 1560 inquit
1848 1531 1864 1554 ,

297 1589 423 1641 mihi
471 1589 594 1642 diait
619 1604 636 1641 :
671 1587 808 1640 Vade
828 1629 843 1652 ,
875 1588 1111 1658 quoniam
1134 1597 1180 1639 te
1207 1587 1274 1638 ad
1295 1595 1461 1655 gentes
1484 1585 1661 1652 procul
1685 1598 1866 1635 aman-

296 1678 428 1731 dabo
456 1680 474 1748 (
499 1679 610 1731 Act.
639 1678 727 1732 2‘2.
759 1678 819 1731 2|
849 1678 888 1746 ).
921 1676 1384 1746 Dispensationem
1409 1676 1486 1728 sic
1515 1686 1659 1729 recte
1687 1674 1823 1728 dixit
1851 1690 1865 1726 ε

294 1777 409 1820 erat
435 1767 578 1821 enim
609 1783 795 1837 magna
828 1768 1176 1833 dispensatio,
1209 1781 1329 1819 enni
1365 1767 1452 1834 qui
1483 1764 1702 1818 minime
1751 1779 1869 1816 cre-

289 1861 449 1913 debat
476 1877 506 1914 a
531 1862 739 1928 superis
765 1875 956 1914 vocare
981 1869 1035 1914 et
1062 1858 1242 1913 dicere
1274 1874 1287 1909 :
1323 1858 1500 1918 Saule,
1535 1856 1714 1922 Saule,
1747 1856 1870 1920 quid

289 1969 369 2004 me
397 1953 704 2022 persequeris
727 1951 877 2022 (Act.
911 1951 966 2006 9.
991 1951 1024 2004 4
1055 1951 1118 2019 )?
1149 1961 1201 2003 et
1235 1965 1442 2004 arcana
1475 1950 1559 2002 illa
1585 1950 1700 2003 luce
1744 1964 1867 2002 eum

287 2057 585 2096 t'XCilft‘al'e.
619 2041 680 2097 Si
711 2053 878 2095 tamen
927 2041 1162 2094 audiistis
1212 2041 1637 2108 dispensationem
1684 2039 1862 2108 gratia:

284 2129 410 2196 Dei,
444 2147 556 2198 quae
577 2133 698 2184 data
723 2141 794 2185 est
820 2133 939 2184 mihi
970 2133 1022 2184 in
1048 2133 1204 2195 nobis,
1235 2133 1289 2185 5.
1318 2131 1452 2199 quod
1481 2131 1753 2184 secundant
1777 2146 1857 2183 re-

285 2223 599 2275 retationem
642 2232 816 2275 notum
841 2223 962 2274 mihi
990 2207 1182 2292 factum
1210 2232 1280 2274 est
1326 2232 1717 2284 sacramentum,
1746 2224 1870 2275 sicut

286 2333 461 2386 supra
489 2316 671 2383 scripsi
698 2316 750 2368 in
773 2315 924 2367 brevi.
957 2313 1206 2368 Fortasse
1235 2330 1327 2382 per
1371 2313 1578 2382 aliquos
1607 2312 1871 2381 significa-

285 2406 405 2468 \it;
458 2415 549 2459 aut
596 2421 701 2460 non
756 2407 922 2459 multo
972 2414 1130 2459 antea
1179 2406 1486 2473 scripserat.
1517 2405 1611 2459 Hic
1637 2405 1870 2460 ostendit

279 2497 430 2564 quod
485 2497 794 2551 universum
817 2497 886 2550 sit
909 2497 1021 2561 Dei,
1047 2495 1185 2565 quod
1235 2496 1363 2549 nihil
1401 2497 1691 2550 attulimus.
1734 2495 1868 2563 Quid

283 2589 461 2654 enim,
487 2588 828 2658 dic,qu;eso?
854 2604 957 2640 non
989 2588 1102 2656 ipse
1130 2603 1350 2656 magnus
1370 2587 1457 2641 ille
1481 2587 1672 2642 Paulus
1699 2599 1749 2641 et
1770 2588 1863 2642 ad-

281 2679 590 2744 mirandus,
620 2679 710 2747 qui
737 2679 908 2748 legem
935 2678 1140 2740 didicit,
1171 2679 1258 2746 qui
1291 2679 1355 2730 ad
1380 2679 1540 2746 pedes
1562 2677 1870 2732 Gamalielis

279 2781 480 2826 exacte
511 2771 879 2833 fuiternditus,
907 2772 1072 2840 gratia
1106 2770 1202 2824 fuit
1229 2772 1446 2825 salvus?
1473 2771 1585 2826 Hoc
1609 2772 1731 2840 jure
1756 2788 1872 2843 my-

279 2864 516 2916 sterium
538 2871 693 2916 vocat
715 2879 727 2914 :
761 2862 853 2915 Est
879 2863 1017 2915 enim
1040 2863 1371 2932 mysterium,
1394 2863 1531 2931 quod
1559 2875 1745 2933 gentes
1770 2875 1872 2916 sta-

281 2954 377 3004 tim
406 2952 477 3005 ad
500 2953 752 3020 majorem
782 2952 1064 3007 deduxerit
1082 2954 1429 3018 nobilitatem,
1457 2971 1614 3023 quam
1633 2954 1867 3008 Judzeos.

278 3043 438 3095 Sicut
463 3060 642 3112 supra,
673 3043 866 3112 inquit,
893 3045 1075 3113 scripsi
1104 3045 1154 3096 in
1182 3044 1336 3108 brevi,
1367 3045 1418 3098 id
1444 3055 1545 3110 est,
1580 3048 1780 3113 paucis.
1815 3047 1867 3100 4.

282 3131 454 3184 Prout
505 3134 706 3200 potestis
751 3134 971 3202 legentes
1013 3134 1308 3204 intelligere.
1334 3135 1489 3204 Papa:
1519 3137 1532 3189 !
1563 3154 1667 3189 non
1701 3145 1868 3190 totum

275 3225 587 3286 scribebat,
619 3240 792 3292 neque
842 3235 1100 3294 quantum
1133 3227 1369 3280 scribi-rc
1421 3228 1721 3294 Oportebat.
1765 3227 1870 3281 Sed

280 3315 372 3368 hic
400 3315 623 3384 quidem
658 3316 757 3370 hoc
781 3315 1010 3370 faciebat
1049 3319 1126 3372 rei
1155 3327 1362 3380 natura,
1418 3319 1542 3371 alibi
1571 3331 1748 3374 autem
1795 3321 1867 3372 vi-

277 3406 778 3474 tium.sicutapud
833 3406 1105 3468 Hebraeos,
1162 3408 1295 3461 sicut
1348 3408 1484 3475 apud
1539 3409 1867 3461 Corinthios.

283 3498 455 3549 Prout
485 3500 690 3566 potestis
717 3501 933 3567 legentrs
958 3501 1238 3569 intelligere
1265 3503 1582 3568 prudentiam
1631 3520 1790 3555 nteant
1816 3504 1871 3556 in

277 3589 536 3657 mysterio
566 3588 771 3642 Christi.
802 3590 981 3653 idest,
1007 3591 1274 3659 quomodo
1313 3593 1532 3661 concepi
1556 3637 1569 3657 ,
1604 3595 1871 3662 quomodo

275 3679 532 3732 intellexi
562 3721 575 3742 ,
604 3691 694 3733 aut
740 3681 1040 3748 huiusmodi
1085 3699 1205 3751 qua!
1235 3683 1374 3737 dixit
1424 3686 1580 3750 Deus,
1609 3695 1698 3739 aut
1726 3687 1865 3756 quod

273 3771 794 3824 sedeatadextris.
850 3773 1048 3827 Deinde
1100 3775 1262 3827 etiam
1321 3775 1674 3843 dignitatem,
1729 3779 1868 3846 quod

277 3863 422 3915 Non
458 3865 530 3915 sic
559 3865 674 3931 fecit
719 3863 852 3915 Deus
893 3865 1026 3917 omni
1062 3866 1215 3935 genti.
1266 3866 1331 3919 Et
1361 3883 1604 3935 quaenam
1646 3869 1714 3921 sit
1742 3885 1873 3938 gens

273 3955 373 4008 cui
401 3953 488 4006 sic
513 3953 639 4007 fecit
674 3955 809 4007 Deus
831 3954 1122 4020 declarans,
1149 3957 1422 4025 subjungit
1455 3975 1468 4010 :
1589 3959 1738 4024 Quod
1758 3959 1874 4014 aliis

273 4046 721 4111 generationibus,
751 4047 934 4113 inquit,
955 4064 1051 4100 non
1071 4057 1142 4099 est
1164 4049 1390 4118 agnitum
1419 4051 1540 4115 [iliis
1564 4052 1823 4103 hominum
1853 4094 1866 4119 ,

274 4137 448 4190 sicuti
477 4153 610 4188 nunc
629 4137 900 4190 revelatum
939 4150 1010 4192 est
1038 4142 1224 4193 sanctis
1273 4145 1515 4209 apostolis
1541 4144 1648 4210 ejus
1681 4155 1724 4195 et
1756 4161 1872 4211 pro-

273 4229 463 4295 phetis
482 4228 534 4279 in
566 4228 782 4296 Spiritu.
807 4229 940 4294 Quid
987 4246 1143 4299 ergo,
1191 4231 1276 4285 dic
1321 4233 1467 4295 mihi,
1529 4251 1632 4287 non
1685 4247 1874 4291 norant

276 4318 610 4385 praphetze?
639 4319 916 4384 Quomodo
943 4336 1072 4389 ergo
1117 4322 1247 4376 dicit
1273 4321 1514 4377 Christus
1537 4366 1551 4391 ,
1582 4325 1790 4396 Moyses
1821 4337 1875 4382 et

275 4412 573 4480 propheta:
604 4411 716 4464 lucc
741 4411 906 4467 deme
929 4414 1292 4482 scripserunt?
1314 4427 1365 4470 et
1395 4433 1597 4481 rursus,
1628 4419 1689 4472 Si
1709 4423 1873 4474 credi-

273 4502 495 4556 dissetis
523 4501 709 4573 Moysi,
745 4503 1082 4557 credidissetis
1095 4514 1140 4558 et
1166 4507 1330 4559 mihi?
1356 4516 1408 4560 et
1434 4523 1636 4571 rursus,
1659 4511 1874 4565 Scruta-

273 4595 416 4646 mini
451 4595 766 4664 Scripturas,
793 4594 911 4664 quia
929 4611 1014 4648 vos
1031 4597 1217 4662 putatis
1237 4598 1288 4648 in
1315 4597 1437 4666 ipsis
1463 4599 1614 4651 vitam
1635 4611 1873 4655 aeternam

273 4684 503 4745 habere;
527 4694 573 4736 et
597 4685 698 4737 ἰιιιε
720 4696 838 4738 sunt
887 4701 1000 4755 qua:
1033 4688 1373 4740 testimonium
1419 4689 1676 4757 perhibent
1701 4693 1763 4745 de
1797 4710 1874 4747 me

271 4778 482 4845 (Joan.
510 4778 562 4832 5.
589 4778 677 4832 46.
707 4778 799 4838 39)
825 4779 848 4830 ?
875 4781 980 4832 Aut
1008 4779 1109 4833 hoc
1132 4781 1257 4833 dicit
1282 4823 1296 4846 ,
1335 4784 1473 4851 quod
1504 4800 1605 4838 non
1625 4788 1871 4840 omnibus

271 4868 385 4922 fuit
421 4869 723 4922 revelatum
748 4886 762 4932 ;
787 4867 993 4922 addidit
1019 4872 1158 4923 enim
1181 4889 1193 4922 :
1225 4871 1370 4937 Quod
1397 4875 1511 4928 aliis
1531 4879 1874 4945 generationi-

270 4963 373 5016 bus
392 4976 507 5013 non
532 4969 602 5013 est
630 4962 853 5031 agnitum
876 4962 997 5028 ﬁliis
1025 4963 1305 5028 hominum,
1331 4976 1385 5016 ut
1405 4983 1536 5020 nunc
1557 4971 1652 5038 fuit
1679 4971 1873 5023 revela-

272 5065 394 5106 tum
433 5071 455 5105 :
495 5054 747 5123 autquod
775 5071 878 5107 non
907 5055 986 5107 sic
1015 5055 1113 5108 luit
1160 5057 1432 5123 cognitum
1475 5060 1633 5114 rebus
1674 5063 1800 5128 ipsis
1823 5071 1877 5116 ct

269 5143 473 5208 faelis,
509 5143 576 5198 U-t
602 5161 738 5197 nime
760 5145 1030 5197 revelatum
1061 5145 1153 5212 fuit
1174 5147 1361 5198 sanctis
1395 5147 1635 5216 apostolis
1684 5152 1794 5218 ejus
1829 5161 1876 5204 et

270 5241 558 5307 praphetis
585 5239 638 5290 in
667 5237 887 5305 Spiritu.
903 5236 1195 5291 Considera
1223 5238 1365 5290 enim
1401 5256 1413 5290 :
1440 5238 1631 5292 Petrus
1658 5243 1755 5295 nisi
1780 5259 1877 5295 au—

269 5330 582 5383 divisseta
610 5327 832 5395 Spiritu,
890 5342 992 5380 non
1045 5327 1317 5396 profectus
1379 5339 1521 5382 esset
1561 5330 1625 5382 ad
1669 5343 1870 5399 gentes.

269 5421 427 5476 Audi
463 5421 606 5474 enim
633 5418 759 5487 quid
789 5418 968 5471 dicat:
992 5418 1131 5488 Ergo
1160 5418 1306 5471 Dedit
1335 5418 1437 5471 illis
1462 5418 1601 5472 Deus
1629 5421 1876 5490 Spiritum

266 5521 530 5570 sanctum
575 5510 705 5562 sicut
724 5518 770 5561 et
796 5509 937 5561 nobis
962 5505 1093 5580 (Act.
1130 5509 1213 5562 11.
1245 5509 1373 5571 17);
1409 5508 1510 5561 hoc
1540 5518 1641 5572 est,
1674 5511 1723 5561 in
1760 5511 1878 5580 Spi-

269 5611 388 5661 ritu
418 5646 437 5667 ,
473 5603 601 5671 quia
630 5617 727 5671 per
750 5599 1010 5670 Spiritum
1033 5602 1278 5671 dignatus
1294 5611 1376 5656 est
1400 5604 1535 5658 Deus
1566 5612 1620 5655 ut
1645 5604 1742 5673 ipsi
1788 5621 1877 5660 ac—

268 5703 545 5769 ciperem
572 5695 820 5765 gratiam.
867 5695 1040 5762 Atque
1062 5695 1311 5749 dicebant
1330 5695 1542 5763 quidem
1570 5697 1873 5765 prophetzc;

269 5793 374 5847 sed
408 5806 530 5845 non
582 5788 725 5842 adeo
767 5797 951 5842 exacte
1001 5798 1292 5851 noverant,
1340 5804 1459 5842 cum
1508 5805 1602 5843 nec
1649 5791 1875 5858 apostoli

271 5885 519 5954 quidem
549 5891 838 5950 postquam
866 5879 1219 5946 audivissent;
1254 5882 1536 5936 humanam
1567 5885 1706 5937 enim
1754 5883 1866 5937 hazc

1982 577 2246 633 rationem
2273 587 2327 634 et
2348 595 2497 650 spem
2548 594 2885 637 communem
2911 581 3065 655 longe
3091 586 3434 655 superabant.
3491 592 3545 644 6.

1978 665 2106 722 Esse
2122 679 2292 740 gentes
2311 671 2578 725 coheredes
2604 682 2650 726 et
2672 674 3057 743 concorporales
3087 686 3134 730 et
3159 679 3544 746 comparticipes

1978 775 2325 827 promissionis
2335 803 2347 816 .

2045 848 2097 902 5.
2125 847 2261 914 Quid
2289 860 2388 915 est,
2415 850 2696 906 Coheredes
2724 865 2772 906 et
2794 857 3177 925 comparticipes
3205 858 3548 924 promissionis

1975 945 2020 988 et
2039 941 2424 1008 concorporales
2455 940 2481 993 .9
2510 940 2619 994 lloc
2646 952 2729 996 est
2767 959 3034 1012 magnum,
3065 946 3203 1014 quod
3248 962 3409 1000 unum
3441 947 3542 1002 sint

1974 1042 2192 1097 corpus,
2222 1030 2363 1098 quod
2395 1047 2582 1101 magna
2610 1035 2998 1103 propinquitas.
3028 1036 3160 1090 Nam
3181 1038 3322 1107 quod
3349 1053 3546 1092 vocan-

1973 1120 2054 1174 dm
2075 1123 2288 1191 quidem
2315 1134 2497 1179 essent
2520 1167 2533 1187 ,
2559 1136 2845 1189 noverant;
2876 1128 3016 1196 quod
3045 1130 3109 1182 ad
3137 1130 3249 1184 haec
3272 1131 3543 1198 vocandae,

1974 1229 2080 1266 non
2109 1215 2233 1268 item
2263 1234 2275 1268 :
2305 1215 2405 1270 hoc
2433 1217 2574 1270 enim
2599 1228 2752 1271 vocat
2795 1220 3106 1290 mySIcrium
3153 1223 3544 1288 promissionis.

1975 1306 2269 1374 Participes
2292 1318 2446 1360 erant
2477 1307 2753 1375 Israelitte,
2781 1310 3188 1379 comparticipes
3211 1321 3364 1364 erant
3387 1313 3547 1367 etiam

1973 1405 2160 1462 gentes
2184 1396 2558 1464 promissioais
2603 1399 2714 1451 Dei.
2763 1396 2829 1451 In
2873 1398 3072 1452 Christo
3101 1417 3188 1469 per
3213 1403 3546 1471 evangelium.

1974 1482 2087 1536 lloc
2106 1494 2205 1548 est,
2241 1486 2381 1554 quod
2425 1495 2476 1540 et
2501 1487 2566 1541 ad
2595 1489 2738 1557 ipsos
2761 1489 2982 1542 missum
3010 1491 3100 1556 sit,
3129 1501 3183 1543 et
3209 1490 3348 1559 quod
3375 1491 3550 1546 credi-

1978 1578 2154 1633 derint
2185 1597 2198 1630 :
2228 1594 2332 1632 non
2363 1581 2506 1634 enim
2550 1592 2866 1652 utcumque,
2911 1582 3024 1647 sed,
3057 1581 3162 1636 Pcr
3211 1586 3543 1656 evangelium.

1974 1668 2077 1723 Sed
2109 1669 2208 1722 hoc
2234 1671 2448 1740 quidem
2480 1672 2611 1726 nihil
2641 1683 3014 1744 estmagnum;
3045 1689 3261 1743 parvum
3284 1675 3424 1730 enim
3442 1685 3545 1742 est;

1973 1771 2027 1816 et
2055 1761 2196 1815 aliud
2221 1762 2391 1830 majus
2417 1763 2569 1816 nobis
2600 1764 2821 1829 revelat,
2855 1765 2995 1834 quod
3021 1781 3124 1819 non
3165 1767 3337 1820 solum
3376 1766 3548 1821 homi-

1975 1868 2090 1916 nes,
2120 1854 2213 1909 sed
2244 1869 2341 1908 nec
2365 1856 2539 1925 angeli
2571 1871 2670 1911 nec
2714 1857 3040 1928 archangeli,
3088 1859 3179 1913 sed
3204 1875 3300 1914 nec
3321 1861 3422 1914 ulla
3444 1862 3545 1916 alia

1974 1954 2211 2012 potestas
2236 1957 2416 1999 creata
2468 1946 2570 2002 hoc
2622 1959 2838 2003 noverat
2865 1967 2878 2002 :
2905 1949 3007 2004 hoc
3035 1952 3174 2004 enim
3206 1961 3321 2005 erat
3347 1963 3546 2024 myste-

1975 2033 2134 2098 rium,
2167 2045 2220 2089 et
2247 2052 2350 2089 non
2407 2048 2523 2091 erat
2572 2040 2818 2108 cuiquam
2870 2041 3184 2095 revelatum.
3219 2041 3548 2096 Prudentium

1975 2145 2158 2195 meam,
2186 2130 2373 2199 inquit,
2417 2131 2713 2202 intelligere.
2766 2131 3016 2187 Fortasse
3070 2134 3273 2195 innuit,
3303 2134 3442 2203 quod
3469 2135 3548 2189 eis

1975 2218 2113 2272 dixit
2157 2221 2208 2273 in
2240 2221 2385 2274 Actis
2411 2263 2425 2286 ,
2455 2223 2596 2290 quod
2628 2223 2697 2277 sit
2727 2223 2843 2292 ejus
2869 2223 3114 2293 quaedam
3146 2223 3496 2294 intelligentia
3530 2265 3545 2288 ,

1976 2324 2030 2365 ut
2066 2313 2226 2366 etiam
2269 2322 2455 2383 gentes
2482 2323 2652 2368 vocet.
2681 2313 2827 2369 lianc
2852 2329 3002 2368 suam
3033 2314 3161 2368 dicit
3211 2316 3546 2383 prudentiam

1975 2405 2235 2474 mysterii,
2265 2405 2404 2473 quod
2449 2405 2600 2470 dixit,
2631 2404 2773 2475 quod
2803 2406 2854 2458 in
2879 2407 3058 2474 seipso
3083 2405 3276 2459 condet
3304 2405 3357 2458 in
3385 2420 3546 2459 unum

1976 2512 2171 2550 novum
2225 2497 2516 2552 hominem.
2550 2499 2589 2551 A
2619 2499 2947 2552 revelatioue
2992 2498 3132 2552 enim
3177 2498 3363 2552 didicit
3405 2497 3546 2568 quod

1976 2605 2080 2642 non
2133 2599 2376 2658 oporteat
2419 2601 2606 2661 gentes
2657 2591 2974 2654 abominari,
3005 2600 3059 2644 et
3088 2592 3202 2661 ipsc
3231 2601 3282 2646 et
3313 2591 3502 2645 Petrus
3529 2607 3543 2639 :

1977 2681 2078 2734 hoc
2101 2680 2230 2734 dicit
2257 2684 2307 2734 in
2330 2697 2430 2736 sua
2457 2681 2792 2738 defensione.
2833 2683 2882 2735 7.
2911 2683 3068 2747 (.‘uius
3116 2685 3280 2752 factus
3319 2698 3431 2735 sum
3455 2697 3547 2752 ego

1976 2772 2201 2824 minister
2224 2772 2500 2824 secundum
2554 2773 2744 2824 donum
2785 2773 2963 2842 gratia:
3004 2771 3123 2838 Dei,
3151 2787 3264 2841 qut:
3310 2774 3431 2825 data
3476 2782 3548 2826 est

1978 2863 2101 2916 mihi
2130 2863 2403 2916 secundum
2429 2866 2770 2930 operationem
2799 2864 2994 2916 virtutis
3023 2863 3151 2932 ejus.
3181 2863 3320 2915 Dixit
3346 2877 3402 2915 se
3426 2878 3546 2917 esse

1973 2955 2229 3018 vinctum,
2259 2954 2350 3007 sed
2379 2969 2558 3007 rursus
2588 2963 2751 3007 totum
2792 2955 2906 3022 ejus
2933 2968 3050 3006 esse
3068 2954 3192 3006 dicit
3217 2969 3229 3016 ;
3260 2953 3547 3006 Secundum

1976 3045 2164 3097 donum
2191 3045 2371 3114 gratice
2415 3047 2558 3114 ejus,
2607 3045 2898 3114 inquiens:
2949 3043 3243 3098 secundum
3295 3043 3546 3097 virtutem

1975 3138 2118 3190 enim
2147 3152 2210 3191 ac
2237 3147 2555 3205 potestatem
2583 3137 2706 3191 doni
2738 3136 2835 3190 fuit
2859 3137 3088 3205 dignitas
3117 3135 3275 3206 hujus
3307 3135 3545 3188 honoris.

1976 3231 2082 3286 Sed
2111 3248 2213 3286 non
2237 3230 2536 3286 suliecissct
2562 3231 2762 3285 donum
2793 3272 2806 3296 ,
2838 3231 2938 3284 nisi
2971 3229 3044 3282 illi
3076 3228 3359 3282 indidisset
3385 3229 3549 3282 virtu-

1977 3335 2080 3378 tem
2110 3340 2170 3378 ac
2205 3331 2541 3392 potestatem.

2047 3415 2201 3468 Pauli
2228 3414 2691 3468 uirtus.—Revera
2723 3413 2864 3468 enim
2894 3429 3098 3482 magna:
3129 3413 3225 3466 fuit
3252 3413 3462 3465 virtutis
3485 3428 3548 3467 ac

1976 3507 2280 3575 potestatis;
2315 3519 2413 3558 nec
2445 3504 2673 3557 humana
2703 3503 2998 3558 sufﬁciebat
3024 3503 3291 3574 diligentia
3319 3513 3372 3558 et
3399 3506 3550 3560 indu-

1975 3597 2127 3650 stria.
2157 3594 2279 3647 Tria
2305 3593 2448 3645 enim
2493 3594 2670 3646 attulit
2694 3593 2758 3646 ad
2802 3594 3230 3662 praedicationem
3275 3613 3288 3646 :
3335 3593 3546 3648 ferven-

1979 3695 2082 3740 tem
2114 3695 2167 3738 et
2195 3684 2449 3738 audacem
2482 3684 2644 3736 animi
2693 3684 3022 3738 alacritatem
3048 3726 3062 3748 ,
3118 3693 3170 3738 ct
3207 3685 3272 3738 ad
3324 3685 3548 3755 quodvis

1976 3766 2343 3830 sustinendum
2384 3785 2618 3844 paratam
2658 3777 2889 3829 animam
2915 3818 2930 3839 ,
2963 3785 3016 3829 et
3047 3777 3449 3846 intelligentiam
3486 3792 3549 3832 ac

1976 3869 2288 3938 sapientiam
2325 3886 2337 3920 :
2371 3884 2473 3920 non
2505 3867 2803 3921 sufﬁciebat
2846 3869 2984 3921 enim
3015 3868 3257 3921 lubenter
3280 3868 3426 3921 adire
3457 3883 3549 3936 pe-

1975 3965 2160 4029 ricula,
2187 3968 2287 4016 vita
2318 3964 2365 4015 in
2385 3979 2539 4031 quam
2561 3979 2662 4014 non
2687 3962 2908 4015 cadebat
2937 3961 3298 4028 reprehensio,
3323 3963 3421 4015 nisi
3445 3963 3550 4014 vir-

1976 4063 2142 4107 tutum
2173 4053 2400 4120 Spiritus
2431 4053 2740 4120 accepisset.
2765 4051 2828 4103 Et
2861 4051 2912 4103 id
2933 4052 3156 4118 primum
3180 4066 3244 4104 ex
3278 4051 3390 4116 ipso
3417 4067 3548 4103 con-

1978 4143 2255 4211 templare.
2277 4143 2382 4195 imo
2398 4141 2516 4194 audi
2540 4157 2656 4193 eum
2683 4140 2999 4191 scribentem
3019 4138 3107 4191 :Ut
3131 4156 3229 4190 non
3243 4140 3545 4204 vituperetur

1978 4237 2309 4288 ministerium
2340 4245 2562 4286 nostrum
2586 4233 2660 4302 (‘2.
2689 4229 2804 4284 Cor.
2836 4231 2888 4283 6.
2920 4231 3005 4299 5);
3035 4238 3088 4282 et
3117 4245 3322 4294 rursus,
3351 4229 3549 4282 Exhor-

1976 4328 2094 4379 tatio
2121 4328 2251 4378 enim
2281 4335 2470 4385 nostra,
2498 4340 2596 4375 non
2622 4339 2684 4374 ex
2707 4337 2894 4383 errore,
2935 4336 3091 4390 neque
3115 4335 3178 4372 ea:
3204 4321 3544 4385 immunditin,

1976 4432 2134 4485 neque
2158 4416 2208 4466 in
2235 4430 2459 4466 sermone
2481 4412 2807 4472 adulationis,
2839 4426 2992 4472 neque
3010 4411 3062 4462 iu
3101 4413 3359 4463 occasione
3382 4413 3550 4463 arari-

1979 4509 2060 4560 tia:
2081 4509 2157 4572 (l.
2196 4504 2436 4557 Thess.‘2.
2464 4504 2543 4572 3),
2568 4502 2750 4556 Vidisti
2777 4516 2878 4553 non
2907 4517 3025 4556 esse
3050 4502 3334 4554 obnoxium
3365 4519 3546 4569 repre-

1980 4595 2268 4652 hcnsioni?
2303 4595 2366 4646 Et
2396 4609 2600 4657 rursus,
2636 4591 2959 4644 Providentes
3005 4591 3154 4652 bona,
3213 4606 3318 4644 non
3373 4593 3543 4644 solum

1978 4703 2158 4741 coram
2191 4687 2430 4742 Domino.
2463 4684 2555 4737 sed
2577 4685 2735 4737 etiam
2754 4699 2921 4734 coram
2944 4681 3226 4736 hominibus
3256 4679 3428 4752 (Rom.
3461 4682 3546 4735 12.

1981 4779 2092 4845 17).
2125 4776 2323 4829 Deinde
2346 4775 2444 4827 sub
2476 4774 2607 4837 haec,
2655 4773 2888 4838 Quotidie
2936 4775 3144 4834 morior,
3191 4789 3279 4842 per
3328 4782 3549 4826 nostram

1979 4868 2331 4939 gloriationem
2351 4907 2363 4929 ,
2396 4880 2546 4934 quam
2568 4865 2723 4916 habeo
2746 4864 2798 4915 in
2827 4863 3024 4916 Christo
3058 4861 3182 4916 Iesu
3211 4863 3286 4932 (l.
3317 4863 3432 4915 Cor.
3460 4864 3547 4917 15.

1979 4963 2106 5027 51);
2140 4969 2192 5013 ct
2232 4972 2436 5021 rursus,
2470 4956 2592 5021 Quis
2623 4971 2711 5008 nos
2735 4955 2985 5023 separabit
3012 4971 3043 5005 a
3082 4955 3289 5006 caritate
3312 4954 3500 5007 Christi
3526 4953 3551 5004 2

1978 5052 2196 5122 afﬂictio,
2220 5061 2307 5102 aut
2327 5049 2580 5116 angustia,
2613 5055 2700 5098 aut
2721 5047 3034 5115 persequutio
3063 5045 3235 5115 (Rom.
3259 5043 3310 5096 8.
3339 5043 3433 5111 55)
3454 5043 3477 5094 ?
3497 5052 3551 5097 et

1981 5157 2184 5204 rursus,
2209 5138 2270 5192 In
2295 5139 2536 5209 patientia
2558 5138 2736 5201 multa,
2764 5137 2815 5188 in
2844 5133 3265 5194 tribulationibus,
3295 5133 3347 5184 in
3377 5149 3549 5186 ncces-

1979 5235 2208 5287 sitatibus
2232 5273 2246 5296 ,
2287 5234 2340 5284 in
2370 5229 2850 5299 persequutionibus,
2882 5227 2934 5278 in
2966 5227 3228 5294 angustiis.
3261 5227 3313 5279 in
3363 5229 3546 5298 plagis,

1979 5329 2031 5380 in
2060 5323 2339 5377 carceribus
2391 5323 2462 5391 (2.
2493 5320 2609 5372 (Sor.
2641 5320 2692 5370 5.
2728 5319 2778 5371 4.
2811 5317 2890 5385 5).
2919 5315 3119 5370 Deinde
3167 5317 3281 5386 ejus
3329 5319 3539 5386 dispen-

1981 5419 2114 5474 satio
2136 5435 2147 5470 :
2171 5415 2356 5469 Factus
2382 5428 2492 5467 sum
2511 5409 2541 5461 .l
2551 5409 2708 5461 udteis
2730 5419 2984 5474 tamquam
2999 5403 3238 5471 Iudaeus;
3263 5409 3321 5462 iis
3341 5411 3424 5478 qui
3443 5411 3552 5463 sine

1983 5529 2088 5581 .ege
2129 5520 2244 5564 sunt
2283 5507 2426 5577 quasi
2467 5505 2576 5556 sine
2600 5502 2704 5570 lege
2729 5516 2924 5563 essem;
2960 5501 3022 5553 iis
3047 5517 3130 5570 qut
3154 5500 3245 5552 sub
3276 5501 3382 5570 lege
3409 5511 3551 5553 erant

1984 5613 2234 5670 tamquam
2272 5599 2363 5651 sub
2391 5598 2495 5664 lege
2516 5609 2671 5646 essent
2697 5592 2714 5656 (
2745 5593 2796 5645 1.
2828 5591 2943 5645 Cor.
2975 5591 3026 5645 9.
3059 5591 3148 5644 ΩΟ.
3190 5589 3301 5659 Si).
3336 5591 3553 5644 Raditur

1984 5696 2165 5756 etiam,
2190 5699 2244 5744 ct
2275 5689 2395 5741 facit
2427 5684 2853 5738 innumerabilia.
2887 5683 3037 5750 Quod
3066 5690 3241 5732 autem
3274 5691 3355 5733 est
3391 5693 3553 5751 caput

1984 5784 2242 5845 oinuium,
2271 5781 2319 5831 in
2347 5779 2540 5830 virtute
2575 5773 2804 5843 Spiritus
2828 5774 3016 5827 sancti.
3052 5771 3171 5823 Non
3200 5770 3329 5820 enim
3359 5773 3555 5824 audebo

1988 5873 2177 5942 aliquid
2223 5869 2354 5939 loqui
2383 5882 2553 5922 eorum
2574 5907 2588 5932 ,
2619 5883 2727 5937 qua:
2755 5884 2854 5919 non
2901 5863 3062 5930 e/fccit
3094 5859 3318 5912 Christus
3348 5875 3438 5923 per
3484 5874 3562 5912 me
