3932 6220
400 313 460 364 t7
1125 315 1182 369 S.
1220 310 1495 369 JOANNIS
1530 301 1997 365 CHRYSOSTOMI
2037 301 2350 362 ARCHIEP.
2391 305 2917 382 CONSTANTINOP.
3603 319 3668 376 18

391 427 563 490 (Rom.
600 430 684 486 15.
711 429 803 500 18)
831 447 845 495 ;
878 438 931 484 et
959 444 1143 484 rursus
1163 473 1176 493 ,
1213 429 1351 495 Quid
1381 429 1512 482 enim
1544 437 1613 480 est
1640 423 1773 495 quod
1798 422 1966 475 minus

403 521 640 575 habuistis
683 536 790 592 prie
812 520 1003 574 exteris
1035 518 1309 572 Ecciesiis?
1329 528 1382 572 et
1412 519 1624 579 iterum,
1669 514 1818 567 Nihil
1842 513 1974 567 enim

401 611 564 663 minus
580 626 689 664 sum
712 609 772 663 ab
797 611 856 663 iis
884 611 969 678 qui
990 621 1106 662 sunt
1131 626 1284 676 supra
1303 610 1503 660 modum
1525 607 1761 674 apostoli,
1783 605 1978 658 tametsi

401 701 529 753 nihil
556 718 667 756 sum
699 702 773 768 (2.
801 702 918 755 Cor.
956 702 1041 756 i2.
1072 701 1156 756 15.
1185 703 1294 770 11).
1316 701 1443 754 Siue
1471 699 1553 752 his
1577 699 1717 752 enim
1751 713 1852 752 non
1879 714 1977 764 po-

403 801 506 846 test
526 794 660 847 licri.
688 793 804 847 Non
833 808 960 864 ergo
993 803 1206 862 propter
1232 793 1380 861 signa
1412 792 1529 857 ejus
1558 791 1677 844 facti
1698 799 1818 842 sunt
1849 787 1981 840 fide-

401 885 478 938 les
507 901 520 936 :
552 900 654 937 non
677 885 816 939 enim
845 887 994 955 signa
1025 884 1125 938 hoc
1153 883 1447 947 faciebant;
1479 898 1647 952 neque
1664 899 1728 936 ex
1760 883 1822 934 iis
1846 896 1980 949 prte-

401 976 547 1030 clare
568 975 633 1030 de
656 992 714 1030 se
733 979 932 1032 sentire
963 977 1195 1037 volebat,
1221 977 1313 1030 sed
1341 992 1403 1028 ex
1427 976 1568 1030 aliis.
1595 975 1815 1044 Oportet
1837 975 1976 1028 enim

403 1079 455 1123 et
481 1086 584 1122 non
615 1085 736 1125 esse
775 1070 1062 1124 obnoxium
1097 1071 1532 1138 reprehensioni,
1561 1079 1616 1124 et
1641 1067 1978 1138 dispensandi

403 1173 585 1215 tenere
611 1170 802 1229 artem,
822 1162 954 1216 etad
979 1163 1208 1231 pericula
1228 1163 1471 1216 adeunda
1497 1171 1820 1232 promptum,
1843 1171 1894 1213 et
1912 1159 1979 1213 ad

407 1251 706 1306 docendum
735 1267 856 1305 esse
884 1262 1085 1322 aptum.
1111 1252 1162 1306 Ιιι
1186 1252 1268 1306 his
1288 1253 1456 1322 magis
1473 1268 1531 1306 se
1561 1261 1704 1306 recte
1725 1250 1975 1321 gerebat:

403 1344 446 1396 si
481 1346 594 1398 ha'c
618 1353 769 1398 erant
792 1385 806 1409 ,
837 1344 966 1398 nihil
1009 1359 1142 1414 opus
1187 1354 1303 1398 erat
1346 1346 1529 1415 signis.
1559 1345 1733 1412 Ipsum
1765 1345 1975 1414 quidem

395 1444 548 1487 certe
575 1433 815 1488 videmus
836 1435 994 1488 etiam
1025 1446 1148 1488 ante
1182 1436 1351 1502 signa,
1387 1435 1790 1488 ittlltltl’lCl‘uhiiiﬂ
1836 1439 1982 1500 ejus-

405 1523 546 1576 modi
573 1533 718 1578 recte
741 1524 991 1593 gessisse.
1024 1524 1171 1578 Nunc
1199 1535 1372 1578 autent
1405 1525 1533 1578 nihil
1565 1527 1751 1578 horum
1779 1525 1982 1580 hahen-

403 1624 508 1678 tes,
563 1614 742 1668 omnia
795 1615 1042 1668 volumus
1101 1615 1344 1670 oblinere
1388 1625 1442 1670 et
1487 1617 1716 1670 efficere.
1761 1615 1890 1669 Nam
1937 1615 1983 1669 si

405 1704 632 1758 alierum
665 1705 732 1757 ab
751 1705 921 1759 altero
950 1705 1105 1761 fuerit
1138 1717 1464 1774 separatum,
1492 1708 1758 1777 reliqumn
1787 1709 1842 1760 lit
1869 1708 1981 1761 inu-

409 1796 520 1847 tile.
554 1794 690 1860 Quid
723 1795 865 1849 enim
911 1796 1059 1862 juvat
1101 1811 1220 1850 esse
1255 1813 1578 1865 propensum
1625 1798 1690 1850 :td
1741 1797 1982 1852 adeunda

405 1888 642 1956 pericula
666 1928 681 1952 ,
711 1888 755 1940 si
783 1887 853 1940 sit
893 1889 996 1941 vita
1031 1887 1257 1942 obnoxii
1288 1889 1690 1957 reprehensioni
1715 1890 1738 1940 ?
1768 1890 1828 1943 Si
1849 1890 1982 1942 enim

406 1979 596 2043 (auten,
630 1977 818 2047 inquit,
868 1978 1004 2049 quod
1030 1979 1081 2032 in
1123 1989 1169 2033 te
1193 1988 1262 2033 est
1288 2021 1302 2045 ,
1331 1989 1448 2033 sunt
1491 1982 1722 2044 tenebrw,
1774 1981 1987 2036 tenebra:

400 2083 608 2140 quanta:
634 2083 749 2126 sunt
793 2072 1002 2143 (Matth.
1037 2074 1088 2129 6.
1118 2075 1253 2147 25)?
1283 2077 1414 2144 Quid
1457 2087 1630 2131 autem
1662 2078 1880 2146 prodest
1907 2078 1985 2130 itt-

404 2165 616 2232 cnlpata
647 2167 750 2218 vita
785 2167 831 2220 ei
875 2167 963 2236 qui
993 2169 1062 2220 sit
1095 2169 1313 2237 ignavus
1340 2180 1392 2222 et
1437 2169 1874 2224 sotnniculosus?
1925 2169 1986 2222 Si

402 2259 518 2328 quis
541 2260 672 2312 enim
711 2277 810 2313 non
839 2259 981 2313 :ollat
1012 2277 1207 2314 crucem
1236 2278 1380 2313 suam
1419 2272 1464 2314 et
1491 2271 1730 2332 sequatur
1757 2280 1852 2326 me,
1888 2280 1986 2315 ιιοιι

387 2361 482 2412 _-est
517 2369 594 2404 me
617 2352 801 2422 dignus
833 2351 1045 2424 (Matth.
1083 2352 1168 2407 10.
1202 2353 1332 2420 58)?
1357 2361 1428 2414 et,
1455 2353 1563 2407 Nisi
1596 2354 1714 2423 quis
1752 2355 1985 2422 posuerit

410 2443 640 2495 animam
670 2458 819 2496 suam
849 2459 944 2510 pro
971 2443 1155 2495 ovibus
1179 2443 1355 2511 (Joan.
1390 2440 1478 2497 10.
1510 2444 1618 2510 11).
1650 2443 1784 2510 Quid
1810 2455 1985 2499 autem

414 2538 630 2607 prodest
672 2547 895 2608 utraque
927 2539 1040 2591 haec
1086 2547 1288 2603 tenere,
1319 2546 1372 2591 et
1402 2553 1509 2591 non
1540 2553 1661 2592 esse
1709 2548 1890 2609 aptqu
1922 2538 1987 2592 ad

411 2630 846 2699 dispensandum,
895 2638 954 2684 ut
979 2629 1105 2684 sciat
1137 2629 1405 2700 quomodo
1433 2638 1678 2698 Oporteat
1709 2629 1992 2699 unicuique

405 2721 781 2791 respondere?
829 2721 886 2776 Si
917 2722 1074 2774 etiam
1113 2721 1260 2791 signa
1288 2735 1392 2774 non
1425 2721 1532 2774 sint
1578 2720 1629 2774 iu
1658 2719 1808 2774 nobis
1829 2760 1844 2784 ,
1876 2717 1993 2773 lure

413 2825 638 2884 utraque
681 2814 788 2866 sint
817 2813 868 2866 in
903 2813 1075 2865 nobis.
1109 2811 1212 2866 Sed
1259 2823 1432 2866 tamen
1475 2811 1592 2866 hzec
1634 2812 1810 2866 omnia
1837 2827 1901 2865 ex
1931 2825 1992 2865 se

415 2907 678 2966 offerens,
734 2913 901 2958 totum
953 2916 1226 2973 acceptum
1271 2905 1473 2959 ferebat
1518 2905 1722 2970 gratim.
1760 2903 1870 2957 lloc
1910 2912 1994 2957 est

410 2998 548 3066 grati
591 2995 793 3050 faitndi.
842 2995 950 3050 Nec
996 3011 1244 3064 umquam
1289 2995 1658 3050 didicissemus
1695 3009 1783 3050 res
1821 2993 1888 3048 ab
1928 3007 1994 3048 eo

418 3096 615 3155 gestas,
649 3087 748 3140 nisi
781 3087 1026 3140 redactus
1055 3095 1199 3140 esset
1228 3087 1533 3140 necessario
1554 3086 1619 3140 ad
1644 3100 1762 3140 rem
1799 3101 1993 3154 geren-

413 3177 556 3232 dam.
611 3179 832 3248 Dignine
863 3195 1046 3232 smnus
1085 3180 1170 3248 qui
1221 3179 1368 3233 Pauli
1426 3179 1509 3234 vel
1555 3180 1996 3233 meminerimus?

415 3273 508 3328 llle
531 3273 690 3328 etiam
722 3274 922 3329 habens
952 3290 1068 3343 qua:
1090 3277 1136 3329 ei
1167 3289 1324 3343 Opem
1359 3273 1561 3328 ferebat
1585 3273 1809 3342 gratiam
1835 3311 1850 3336 ,
1887 3287 1991 3325 non

415 3369 546 3422 satis
573 3366 776 3433 habuit,
807 3367 898 3422 sed
932 3368 1093 3422 etiam
1118 3368 1262 3422 mille
1287 3366 1698 3436 subiitpcricula
1730 3385 1742 3420 :
1775 3381 1872 3420 nos
1897 3381 1997 3418 au-

419 3474 528 3518 tem
555 3464 642 3532 qui
676 3464 762 3517 illa
808 3476 1053 3517 caremus
1099 3460 1288 3514 fiducia
1317 3501 1332 3524 ,
1379 3459 2007 3528 undenam,dic,quaaso,

417 3563 910 3622 exspectamnsnos
954 3561 1370 3606 conservaturos
1408 3567 1502 3605 eos
1545 3551 1636 3620 qui
1676 3549 1832 3605 nobis
1869 3558 1994 3605 sunt

417 3644 630 3710 crediti,
655 3653 745 3696 aut
771 3658 864 3696 eos
892 3650 1204 3708 accepturos
1243 3641 1331 3708 qui
1363 3639 1597 3694 nondutn
1628 3638 1996 3694 accesserint?

418 3753 538 3800 nos,
572 3738 806 3806 inquam,
831 3734 919 3804 qui
952 3731 1310 3801 voluptatibus
1339 3739 1393 3784 et
1423 3731 1630 3786 deliciis
1668 3731 1870 3800 expleri
1897 3746 1994 3783 cu-

419 3845 621 3891 ramus,
653 3836 706 3880 ct
756 3825 986 3895 undique
1032 3823 1196 3878 otium
1227 3821 1535 3892 quaerimus,
1567 3831 1619 3876 et
1648 3821 1881 3890 pericula
1929 3837 1996 3875 ne

420 3921 474 3975 iu
493 3919 696 3974 somnis
716 3917 929 3988 quidem
954 3915 1093 3971 ferre
1116 3929 1417 3985 possumus,
1442 3913 1548 3968 imo
1574 3928 1704 3968 vero
1725 3914 1993 3979 nolumus;

419 4026 452 4065 ει
479 4009 737 4080 sapientia
783 4018 959 4063 autem
993 4006 1107 4077 ejus
1161 4014 1363 4060 tantum
1421 4005 1694 4065 ahsumus,
1739 4012 1995 4073 quantutn

419 4102 610 4157 caelum
641 4117 669 4154 a
703 4099 884 4156 terra?
941 4099 1226 4167 Propterea
1280 4108 1332 4151 ct
1383 4097 1472 4166 qui
1522 4105 1720 4162 nostra:
1771 4095 1998 4165 subjecti

422 4203 552 4251 sunt
571 4190 1039 4257 administrationi,
1085 4188 1309 4244 multum
1336 4189 1534 4243 distant
1563 4187 1631 4240 ab
1659 4188 1722 4241 iis
1746 4188 1833 4256 qui
1878 4196 2000 4241 tunc

423 4293 581 4341 erant
632 4301 645 4338 :
686 4282 1123 4354 quandoquidem
1155 4281 1242 4352 qui
1275 4291 1400 4336 tunc
1439 4289 1592 4336 erant
1617 4279 1859 4349 discipuli
1887 4321 1901 4341 ,
1938 4280 2000 4332 iis

418 4376 513 4446 qui
545 4390 685 4430 nunc
705 4384 830 4428 sunt
849 4373 1084 4443 magistri
1107 4383 1258 4428 erant
1287 4373 1709 4443 prmstantiorcs,
1745 4382 1800 4424 ttt
1826 4371 1914 4440 qui
1949 4371 1998 4424 in

423 4467 616 4524 mediis
665 4467 874 4536 populis
917 4475 971 4521 et
1017 4467 1255 4537 tyrannis
1303 4466 1619 4535 intercepti,
1663 4475 1717 4519 et
1768 4465 2002 4532 undique

423 4575 609 4616 onmes
641 4560 897 4613 habentes
924 4558 1104 4612 hostes
1129 4599 1145 4624 ,
1184 4573 1251 4610 ne
1282 4571 1464 4625 parum
1495 4557 1710 4626 quidem
1760 4554 2000 4610 attrahe-

422 4651 617 4706 bantur
660 4659 715 4702 et
761 4648 1190 4701 inllectcbautur.

489 4741 544 4794 4.
568 4739 703 4792 Audi
733 4741 909 4806 itaque
937 4737 1216 4804 quiddicat
1238 4736 1669 4806 Philippensibus
1699 4753 1714 4793 :
1747 4736 1997 4802 Quoniam

422 4835 559 4894 tubis
587 4833 832 4886 donatura
859 4840 933 4886 est
965 4846 1056 4900 pro
1086 4830 1286 4884 Christo
1307 4871 1322 4894 ,
1367 4847 1468 4884 non
1513 4832 1678 4884 solum
1704 4841 1756 4885 ut
1786 4833 1838 4884 in
1885 4848 1998 4884 cuiu

417 4928 657 4992 credatis,
693 4924 782 4979 sed
810 4925 961 4978 etiam
991 4932 1045 4976 ut
1066 4939 1159 4992 pro
1189 4922 1299 4992 ipso
1351 4923 1617 4990 patiamini
1650 4921 1908 4995 (Philipp.
1946 4927 1995 4979 1.

417 5019 558 5092 29),
613 5034 798 5073 rursus
846 5026 1024 5072 autem
1069 5014 1674 5078 Thessalonicensibus,
1708 5013 1998 5069 Imitatores

419 5114 542 5184 tacti
555 5113 674 5168 estis
697 5111 1033 5166 Ecclesiarum
1055 5108 1171 5174 Dei,
1191 5124 1304 5180 qua:
1314 5117 1428 5162 sunt
1445 5109 1497 5160 in
1515 5107 1699 5163 Judtea
1719 5109 1797 5178 (l.
1820 5107 1995 5163 Thess.

419 5207 474 5262 2.
509 5207 632 5275 N).
667 5205 734 5258 Et
758 5205 822 5259 ad
847 5204 1099 5260 Hebraeos
1124 5202 1364 5257 scribens
1387 5201 1599 5257 dicebat
1625 5221 1638 5255 :
1666 5201 1734 5256 Et
1763 5204 1997 5272 rapinam

419 5301 960 5353 bomrumvestrorum
983 5313 1094 5351 cunt
1124 5295 1312 5367 gaudio
1355 5296 1645 5363 suscepistis
1685 5295 1869 5367 (Hebr.
1906 5296 1995 5349 10.

420 5392 538 5460 δι).
563 5389 974 5445 ϐοιοεςοιινιίιιιιε
993 5404 1207 5460 quoque
1226 5387 1332 5444 fert
1352 5389 1737 5453 testimonium,
1769 5389 1990 5444 dicens:

424 5483 614 5538 Mortui
639 5483 771 5536 enim
791 5482 925 5546 estis,
957 5491 1002 5534 et
1029 5482 1127 5534 vita
1147 5493 1308 5536 vestra
1328 5482 1570 5535 absconsa
1609 5491 1681 5536 est
1709 5497 1822 5534 cum
1848 5481 1997 5536 Chri-

425 5587 498 5630 sto
525 5577 576 5628 in
603 5573 709 5628 Dee
741 5572 872 5644 (Cal.
904 5573 956 5627 5.
989 5573 1066 5640 5).
1095 5571 1160 5626 Et
1200 5572 1267 5625 de
1290 5574 1420 5641 ipsis
1449 5571 1533 5626 his
1559 5581 1785 5628 testatur
1831 5573 1990 5626 etiam

421 5665 561 5736 quod
592 5667 752 5719 multa
798 5664 1060 5720 subierint
1109 5663 1361 5732 pericula.
1403 5664 1470 5718 Et
1497 5663 1564 5716 ad
1590 5663 1804 5719 Galatas
1833 5662 1992 5717 etiam

420 5756 659 5815 scribens
685 5758 777 5811 ait.
804 5754 970 5810 Tanta
989 5755 1122 5810 uassi
1149 5754 1263 5809 estis
1287 5755 1393 5808 sine
1422 5770 1597 5818 causa,
1626 5754 1669 5808 si
1696 5763 1860 5808 tamen
1893 5758 2001 5813 sine

2079 433 2233 472 causa
2278 421 2416 493 (Gal.
2443 425 2494 479 5.
2523 424 2601 487 4).
2634 426 2792 481 Vides
2819 444 3006 485 omnes
3047 429 3172 486 huic
3204 431 3282 488 rei
3329 434 3661 499 incubuisse,

2085 529 2277 583 nempe
2323 523 2379 568 ιιι
2411 516 2546 572 bene
2591 517 2848 574 facerent.
2883 520 3172 591 Propterea
3201 535 3330 580 tunc
3366 527 3526 580 etiam
3557 544 3661 582 non

2083 605 2385 658 eratotiOsa
2428 609 2595 676 gratia
2637 651 2650 664 .
2687 623 2964 680 propterea
2995 612 3122 668 hinc
3146 615 3198 668 in
3231 616 3382 672 bonis
3411 619 3667 687 Operihus

2086 695 2243 748 vitam
2272 699 2516 766 agebant.
2544 700 2678 768 Quid
2706 718 2832 756 vero
2858 704 2924 758 ad
2951 706 3261 760 Corinthios
3285 710 3486 763 scribat
3514 711 3660 777 audi,

2083 788 2236 855 queis
2268 791 2428 843 multa
2477 795 2696 846 crimina
2739 795 2924 864 objicit
2951 813 2965 849 :
2998 813 3174 853 annon
3204 799 3272 854 de
3302 801 3407 856 illis
3451 817 3667 872 quoque

2086 879 2198 935 htec
2229 883 2560 949 testificatur,
2584 885 2689 939 Sed
2707 890 3078 944 inmutationem
3099 902 3336 957 vestram,
3363 895 3451 948 sed
3471 895 3668 948 deside-

2085 973 2216 1026 rium
2272 973 2347 1044 (2.
2379 975 2497 1030 Cor.
2531 978 2580 1030 7.
2615 979 2702 1046 11)
2727 981 2749 1031 1'
2778 981 2841 1033 Et
2878 981 2946 1034 de
2976 981 3075 1036 hac
3108 998 3164 1037 re
3195 999 3312 1054 qua:
3355 988 3484 1055 ipsis
3513 988 3662 1054 dicit,

2087 1083 2146 1121 ea
2177 1083 2316 1120 nunc
2361 1085 2428 1122 ne
2457 1086 2482 1122 a
2535 1073 2802 1140 magistris
2831 1074 3043 1141 quidem
3075 1075 3190 1130 fieri
3234 1077 3446 1132 videtis.
3479 1077 3664 1148 Itaque

2089 1171 2310 1229 pereunt
2338 1173 2391 1214 et
2421 1162 2736 1216 interierunt
2767 1167 2967 1220 omnia.
2991 1167 3161 1221 Causa
3191 1178 3368 1222 autem
3399 1180 3501 1232 est,
3525 1171 3667 1240 quod

2089 1253 2356 1308 refrixerit
2390 1255 2606 1318 caritas,
2644 1255 2784 1323 qttod
2827 1258 2914 1325 qui
2949 1268 3170 1324 peccant
3198 1274 3304 1313 non
3343 1262 3669 1330 castigentur

2089 1344 2250 1417 (audi
2281 1360 2402 1399 eum
2429 1345 2750 1399 scribentem
2778 1346 2844 1400 ad
2911 1344 3248 1402 Timotheum
3280 1359 3332 1402 et
3361 1349 3628 1405 dicentem
3651 1394 3664 1414 ,

2094 1435 2364 1490 Peccantcs
2392 1453 2561 1489 coram
2592 1438 2820 1490 omnibus
2844 1454 2998 1506 argue
3027 1437 3102 1509 [I.
3123 1439 3259 1494 Tim.
3360 1441 3500 1513 20]);
3527 1444 3664 1512 quod

2090 1530 2359 1599 principes
2384 1539 2646 1598 argrotent
2669 1546 2682 1581 :
2708 1545 2828 1583 nam
2856 1530 2983 1584 dum
3009 1541 3168 1600 caput
3191 1548 3295 1587 non
3327 1543 3410 1587 est
3455 1549 3664 1594 sanum,

2089 1620 2358 1689 quomodo
2404 1621 2540 1674 bene
2596 1621 2777 1675 valens
2826 1622 3084 1676 manserit
3128 1623 3389 1692 reliquum
3436 1626 3668 1693 corpus?

2091 1709 2225 1765 Vide
2255 1725 2385 1780 ergo
2410 1720 2604 1780 quanta
2635 1712 2704 1764 sit
2750 1713 3102 1782 inaequalitas.
3133 1713 3265 1768 Nam
3300 1717 3391 1784 qui
3421 1726 3566 1770 recte
3595 1716 3670 1771 vi-

2089 1813 2238 1862 vunt,
2271 1813 2324 1856 et
2349 1802 2743 1870 quomodocum
2768 1819 2850 1871 pte
2879 1802 3078 1858 habent
3111 1803 3379 1870 ﬁduciam,
3403 1809 3664 1862 montium

2090 1897 2364 1952 cacumina
2412 1904 2744 1965 occuparunt
2769 1903 2824 1950 ct
2859 1910 2889 1950 a
2917 1897 3094 1952 medio
3125 1907 3486 1962 recesserunt,
3534 1909 3667 1952 tam-

2090 2005 2248 2059 quam
2277 1989 2343 2042 ab
2367 1987 2516 2041 hoste
2544 2000 2595 2041 et
2621 1987 2818 2053 alieno,
2846 2002 2939 2042 seu
2969 2003 3073 2042 non
3096 2003 3124 2042 a
3143 1981 3253 2042 suo
3272 2004 3496 2059 corpore
3518 1991 3668 2044 avul-

2092 2081 2134 2134 si
2171 2099 2182 2134 :
2216 2080 2466 2136 scelerati
2516 2089 2694 2133 autem
2749 2087 2803 2134 et
2846 2078 3030 2133 referti
3079 2079 3234 2134 malis
3281 2081 3576 2134 innumeris
3620 2083 3669 2135 in

2093 2172 2361 2228 Ecclesias
2394 2173 2694 2227 iusilierunt
2746 2189 2760 2226 τ
2796 2173 3010 2226 venales
3050 2171 3266 2226 fuerunt
3321 2174 3668 2243 principatus.

2093 2263 2375 2318 lonumera
2405 2263 2528 2317 hinc
2550 2265 2686 2317 mala
2715 2273 3024 2328 nascuntur,
3058 2278 3216 2318 nemo
3260 2273 3342 2317 est
3373 2265 3462 2333 qui
3505 2265 3675 2319 corri-

2092 2364 2201 2424 gat,
2236 2370 2394 2408 nemo
2416 2355 2503 2423 qui
2536 2355 2807 2420 increpet;
2833 2353 2924 2408 sed
2953 2353 3092 2406 viam
3121 2355 3403 2422 quamdam
3445 2364 3498 2408 et
3525 2354 3674 2407 ordi-

2096 2461 2215 2500 nem
2261 2444 2468 2512 accepit
2511 2444 2775 2498 confusio.
2829 2444 3076 2498 Peccavit
3129 2445 3432 2512 quispiam,
3475 2455 3532 2500 et
3581 2445 3676 2499 fuit

2093 2540 2415 2595 accusatus?
2437 2537 2550 2592 Non
2585 2538 2635 2590 itt
2665 2536 2766 2592 hoc
2797 2537 2946 2606 ponit
2963 2536 3194 2590 studium
3229 2546 3285 2590 ut
3317 2551 3375 2590 se
3397 2537 3674 2590 innoxium

2095 2631 2360 2694 ostendat,
2396 2632 2487 2686 sed
2539 2642 2596 2686 ut
2641 2631 2881 2686 invenire
2928 2631 3096 2699 possit
3137 2631 3314 2686 socios
3363 2631 3678 2688 criminum.

2094 2727 2230 2794 Quid
2255 2741 2428 2796 agam,
2459 2740 2579 2780 cum
2606 2724 2862 2794 gehennae
2882 2723 3040 2779 mina:
3059 2731 3186 2779 sunt
3210 2723 3514 2778 intentatze?
3539 2726 3673 2779 Cre-

2095 2819 2204 2874 dite
2230 2819 2381 2884 tnihi,
2403 2818 2502 2872 nisi
2521 2818 2662 2871 Deus
2685 2817 2791 2872 illic
2811 2815 2966 2871 nobis
2982 2825 3304 2871 reservasset
3331 2816 3672 2885 supplicium,

2096 2911 2349 2966 videretis
2393 2910 2632 2980 quotidie
2663 2909 2893 2974 majores
2923 2907 3208 2977 tragaadias
3239 2924 3398 2976 quam
3429 2907 3674 2961 Judaicas

2098 3003 2219 3058 illas
2245 3003 2592 3057 calamitates.
2620 2999 2756 3069 Quid
2799 3001 2985 3056 enim?
3025 2999 3117 3054 sed
3147 3015 3305 3054 nemo
3338 3011 3671 3061 succenseat,

2097 3109 2202 3148 non
2239 3093 2409 3147 dicam
2434 3093 2575 3147 enim
2605 3091 2916 3146 nominatim
2957 3108 2970 3144 :
2999 3090 3043 3145 si
3068 3091 3186 3160 quis
3207 3105 3327 3145 cum
3355 3093 3675 3145 accessisset

2097 3185 2163 3239 ad
2189 3185 2492 3248 ecclesiam,
2526 3185 2589 3237 iis
2607 3183 2696 3253 qui
2726 3199 2870 3236 nunc
2892 3193 3016 3237 sunt
3043 3192 3096 3237 et
3124 3183 3213 3252 qui
3257 3182 3531 3235 vobiscum
3554 3193 3675 3236 sunt

2097 3275 2357 3336 adductis,
2387 3290 2480 3328 eos
2509 3273 2876 3337 exatninaret;
2923 3273 3028 3325 imo
3057 3287 3183 3326 vero
3225 3285 3326 3325 non
3361 3286 3535 3335 nunc,
3583 3271 3672 3325 sed

2098 3367 2143 3420 si
2173 3367 2289 3435 quis
2314 3366 2364 3418 in
2395 3365 2483 3419 die
2510 3364 2750 3429 Paschaa,
2780 3377 2968 3417 omnes
2993 3361 3084 3431 qui
3123 3361 3384 3416 accedunt
3403 3371 3459 3416 et
3490 3363 3671 3414 lavan-

2099 3466 2186 3513 tur
2214 3466 2494 3526 postquam
2523 3455 2877 3510 acccssissent
2909 3454 2973 3508 ad
3006 3455 3282 3522 mysteria,
3315 3465 3503 3507 exacte
3549 3469 3671 3506 exa-

2099 3549 2376 3606 minasset.
2430 3560 2495 3601 eo
2527 3555 2746 3615 accepto
2777 3544 2966 3614 spiritu
3003 3554 3056 3598 ut
3085 3553 3330 3598 accurate
3357 3555 3539 3597 nosset
3559 3561 3673 3612 qtne

2099 3640 2167 3695 ab
2189 3639 2268 3695 eis
2283 3647 2430 3708 gesta
2459 3648 2603 3703 sunt,
2637 3637 2796 3690 multa
2825 3644 3005 3690 essent
3042 3639 3250 3688 inventa
3295 3635 3538 3704 graviora
3569 3653 3674 3688 tua-

2101 3731 2166 3784 lis
2210 3729 2446 3784 Judaicis
2491 3745 2506 3781 :
2537 3742 2730 3798 nempe
2761 3742 2854 3782 eos
2881 3726 2972 3796 qui
3001 3727 3241 3780 divinant
3277 3727 3514 3794 auguriis
3540 3769 3554 3790 ,
3588 3728 3672 3796 qui

2102 3831 2317 3876 utuntur
2347 3820 2638 3874 veneficiis.
2693 3817 2926 3872 sortibus
2953 3826 3010 3872 et
3036 3817 3501 3880 incantationibus,
3526 3832 3673 3870 scor-

2103 3923 2321 3977 tatores,
2351 3909 2641 3974 adulteros,
2670 3907 2870 3973 ebrios,
2898 3918 2952 3963 et
2978 3907 3266 3962 maledicos
3310 3924 3337 3982 :_
3357 3923 3552 3962 avaros
3578 3924 3671 3961 au-

2103 4014 2209 4060 tem
2251 4012 2306 4057 et
2332 4003 2419 4072 qui
2459 4002 2630 4056 aliena
2660 4001 2920 4055 invadunt
2964 4001 3088 4055 nolo
3114 3999 3325 4066 dicere,
3366 4016 3436 4054 ne
3465 4009 3672 4070 tangam

2102 4098 2310 4167 aliquos
2340 4112 2402 4150 ex
2437 4096 2500 4150 iis
2525 4095 2614 4164 qui
2645 4103 2789 4148 sunt.
2820 4094 2956 4160 Quid
2985 4110 3131 4158 vero,
3166 4095 3210 4149 si
3241 4103 3512 4148 scrutatus
3536 4105 3677 4148 esset

2103 4205 2292 4245 omnes
2323 4189 2375 4242 itt
2420 4188 2551 4242 orbe
2581 4196 2737 4241 terra:
2763 4187 2852 4256 qui
2883 4185 3162 4250 accedunt,
3213 4186 3353 4255 quod
3397 4202 3502 4240 non
3535 4187 3672 4240 inve.

2104 4285 2268 4339 nisset
2313 4281 2603 4337 delictum?
2645 4281 2778 4345 Quid
2810 4281 2852 4333 si
2887 4280 3399 4349 principesiannou
3441 4281 3676 4348 pecunia:

2103 4377 2310 4442 avidos,
2345 4376 2566 4444 imperia
2599 4385 2841 4429 ementes
2870 4383 2924 4426 et
2954 4374 3316 4442 magistratus,
3349 4372 3580 4437 invidos,
3620 4373 3678 4426 Ii-

2105 4469 2274 4534 vidos,
2309 4467 2451 4522 inani
2479 4466 2648 4536 gloria
2692 4465 3028 4528 laborantes,
3058 4463 3334 4518 helluones
3356 4503 3372 4525 ,
3413 4473 3468 4517 ct
3494 4479 3678 4517 servos

2104 4561 2382 4633 pecuniaa't
2404 4557 2534 4615 Cum
2557 4573 2686 4627 ergo
2711 4565 2849 4610 tanta
2876 4557 2943 4609 sit
2963 4555 3226 4623 impietas,
3251 4553 3373 4623 quid
3395 4569 3500 4608 non
3521 4568 3679 4623 grave

2103 4663 2186 4709 est
2214 4650 2666 4722 exspectandum?
2688 4648 2752 4701 Et
2775 4657 2832 4701 ut
2859 4647 3039 4700 sciatis
3060 4655 3258 4714 quanto
3288 4645 3551 4714 supplicio
3575 4645 3680 4697 sint

2104 4746 2248 4816 digni
2277 4745 2364 4814 qui
2393 4743 2476 4797 his
2509 4743 2739 4810 peccatis
2761 4741 2974 4794 obnoxii
3009 4737 3504 4808 deprehenduntur,
3532 4737 3680 4806 cogi--

2106 4845 2216 4892 tate
2259 4844 2440 4889 vetera
2489 4849 2502 4884 :
2539 4849 2675 4887 unus
2721 4846 2898 4884 sacras
2933 4832 3226 4886 sull'uratus
3260 4838 3342 4883 est
3389 4829 3678 4896 pecunias,

2107 4929 2267 4983 homo
2296 4927 2449 4981 miles
2477 4964 2492 4991 ,
2523 4933 2579 4980 et
2604 4940 2790 4978 omnes
2833 4923 3122 4992 perierttnt.
3154 4923 3314 4975 Scitis
3367 4919 3683 4974 historiam?

2105 5022 2172 5075 de
2201 5019 2417 5073 Charini
2462 5017 2554 5071 illo
2581 5016 2700 5069 dico
2746 5015 2834 5083 qtti
2884 5015 3174 5068 sulfuratns
3201 5013 3372 5067 fuerat
3399 5011 3680 5066 donarium

2105 5112 2238 5181 (los.
2270 5113 2300 5165 7
2327 5119 2374 5165 et
2404 5110 2563 5179 sqq.).
2585 5109 2707 5162 Ideo
2745 5117 2871 5161 tunc
2895 5106 3106 5161 dicebat
3133 5105 3387 5174 prepheta
3418 5120 3432 5156 :
3462 5101 3682 5170 [inpleta

2105 5215 2177 5261 est
2206 5205 2342 5275 regio
2383 5203 2591 5257 illorum
2619 5199 2835 5254 sortibus
2857 5208 2901 5251 et
2923 5199 3150 5269 auguriis
3174 5197 3304 5249 sicut
3329 5206 3464 5248 terra
3505 5195 3684 5247 alieni-

2105 5313 2345 5368 genarum
2377 5291 2528 5362 (Isai.
2557 5291 2610 5344 2.
2640 5291 2718 5359 6).
2749 5289 2898 5344 Nunc
2927 5297 3104 5342 autem
3133 5287 3329 5355 ubique
3347 5284 3504 5337 malis
3527 5284 3679 5352 plena

2104 5398 2229 5442 sunt
2251 5388 2449 5450 omnia,
2482 5394 2536 5438 et
2573 5398 2731 5438 nemo
2772 5384 2942 5436 timet.
2970 5381 3206 5436 Tandem
3240 5381 3556 5432 timeamus:
3584 5391 3678 5431 uo-

2106 5480 2181 5532 vit
2219 5479 2356 5532 Dens
2384 5476 2545 5530 etiam
2572 5475 2744 5542 justus
2793 5475 2979 5542 punire
3007 5487 3129 5527 cum
3160 5470 3335 5539 impiis
3359 5509 3375 5531 ,
3409 5478 3468 5521 ut
3492 5467 3680 5522 accidit

2107 5567 2274 5622 tribus
2306 5565 2485 5634 pueris
2507 5574 2747 5634 tempore
2777 5565 3028 5626 Danielis,
3067 5573 3122 5616 ut
3142 5559 3262 5614 aliis
3283 5559 3599 5622 innumeris,
3623 5565 3680 5610 ιιι

2105 5658 2266 5715 etiam
2301 5659 2351 5712 in
2397 5656 2551 5712 bellis
2579 5673 2697 5726 qua:
2731 5673 2868 5711 nunc
2896 5656 2960 5710 ad
3006 5670 3070 5708 uc
3107 5652 3371 5707 aecidunt.
3414 5649 3549 5703 Nam
3607 5649 3678 5702 illi

2112 5755 2322 5821 quidem
2365 5752 2522 5807 ctiam
2555 5751 2722 5820 ipsam
2753 5760 3233 5819 quantamcumque
3261 5743 3459 5798 habent
3487 5758 3669 5810 peccato
