  <div class='ocr_page' id='page_1' title='image "/cluster/home/n/w/nwhite01/storage/ocr_20150623/62/mdp.39015008622626/055.png"; bbox 0 0 3932 6220; ppageno 0'>
   <div class='ocr_carea' id='block_1_1' title="bbox 435 304 3707 384">
    <p class='ocr_par' dir='ltr' id='par_1_1' title="bbox 435 304 3707 384">
     <span class='ocr_line' id='line_1_1' title="bbox 435 304 3707 384; baseline 0.001 -8"><span class='ocrx_word' id='word_1_1' title='bbox 435 324 504 377; x_wconf 68' lang='grc' dir='ltr'><em>ιιι</em></span> <span class='ocrx_word' id='word_1_2' title='bbox 868 304 893 325; x_wconf 83' lang='lat'><em>&#39;</em></span> <span class='ocrx_word' id='word_1_3' title='bbox 1106 321 1164 379; x_wconf 91' lang='lat' dir='ltr'><em>s.</em></span> <span class='ocrx_word' id='word_1_4' title='bbox 1202 322 1491 381; x_wconf 78' lang='lat' dir='ltr'><em>JOANNIS</em></span> <span class='ocrx_word' id='word_1_5' title='bbox 1527 321 2022 381; x_wconf 70' lang='lat' dir='ltr'><em>cnnsosmm</em></span> <span class='ocrx_word' id='word_1_6' title='bbox 2056 322 2385 382; x_wconf 72' lang='lat' dir='ltr'><em>ARCIIIEP.</em></span> <span class='ocrx_word' id='word_1_7' title='bbox 2430 323 2989 384; x_wconf 79' lang='lat' dir='ltr'><em>CONSTANTINOP.</em></span> <span class='ocrx_word' id='word_1_8' title='bbox 3635 327 3707 383; x_wconf 74' lang='lat' dir='ltr'><em>so</em></span> 
     </span>
    </p>
   </div>
   <div class='ocr_carea' id='block_1_2' title="bbox 429 436 2014 513">
    <p class='ocr_par' dir='ltr' id='par_1_2' title="bbox 429 436 2014 513">
     <span class='ocr_line' id='line_1_2' title="bbox 429 436 2014 513; baseline 0.004 -22"><span class='ocrx_word' id='word_1_9' title='bbox 429 439 546 492; x_wconf 75' lang='grc' dir='ltr'><em>ἀλλ’</em></span> <span class='ocrx_word' id='word_1_10' title='bbox 572 438 661 494; x_wconf 75' lang='grc' dir='ltr'><em>ἀεὶ</em></span> <span class='ocrx_word' id='word_1_11' title='bbox 686 438 756 494; x_wconf 70' lang='grc' dir='ltr'><em>τὲι</em></span> <span class='ocrx_word' id='word_1_12' title='bbox 793 440 1066 511; x_wconf 79' lang='grc' dir='ltr'><em>δυνάμενα</em></span> <span class='ocrx_word' id='word_1_13' title='bbox 1107 436 1383 496; x_wconf 73' lang='grc' dir='ltr'><em>συστεῖλαι</em></span> <span class='ocrx_word' id='word_1_14' title='bbox 1416 443 1510 496; x_wconf 84' lang='grc' dir='ltr'><em>καὶ</em></span> <span class='ocrx_word' id='word_1_15' title='bbox 1549 444 1884 512; x_wconf 69' lang='grc' dir='ltr'><em>σωφρονίσαι</em></span> <span class='ocrx_word' id='word_1_16' title='bbox 1914 443 2014 513; x_wconf 86' lang='grc' dir='ltr'><em>τὴν</em></span> 
     </span>
    </p>
   </div>
   <div class='ocr_carea' id='block_1_3' title="bbox 431 520 2018 596">
    <p class='ocr_par' dir='ltr' id='par_1_3' title="bbox 431 520 2018 596">
     <span class='ocr_line' id='line_1_3' title="bbox 431 520 2018 596; baseline 0.004 -22"><span class='ocrx_word' id='word_1_17' title='bbox 431 520 629 590; x_wconf 68' lang='grc' dir='ltr'><em>ψυχήν.</em></span> <span class='ocrx_word' id='word_1_18' title='bbox 657 522 842 577; x_wconf 81' lang='grc' dir='ltr'><em>Ταῦτα</em></span> <span class='ocrx_word' id='word_1_19' title='bbox 867 525 975 596; x_wconf 77' lang='grc' dir='ltr'><em>γὰρ</em></span> <span class='ocrx_word' id='word_1_20' title='bbox 1001 525 1150 578; x_wconf 69' lang='grc' dir='ltr'><em>αἴτια</em></span> <span class='ocrx_word' id='word_1_21' title='bbox 1170 525 1383 594; x_wconf 86' lang='grc' dir='ltr'><em>γίνεται</em></span> <span class='ocrx_word' id='word_1_22' title='bbox 1410 526 1520 580; x_wconf 89' lang='grc' dir='ltr'><em>τῶν</em></span> <span class='ocrx_word' id='word_1_23' title='bbox 1546 526 1851 596; x_wconf 78' lang='grc' dir='ltr'><em>μελλόντων</em></span> <span class='ocrx_word' id='word_1_24' title='bbox 1881 527 2018 595; x_wconf 86' lang='grc' dir='ltr'><em>ἀγα-</em></span> 
     </span>
    </p>
   </div>
   <div class='ocr_carea' id='block_1_4' title="bbox 440 744 672 761">
    <p class='ocr_par' dir='ltr' id='par_1_4' title="bbox 440 744 672 761">
     <span class='ocr_line' id='line_1_4' title="bbox 440 744 672 761; baseline -0.013 0"><span class='ocrx_word' id='word_1_25' title='bbox 440 744 672 761; x_wconf 72' lang='lat'><em>_———-—</em></span> 
     </span>
    </p>
   </div>
   <div class='ocr_carea' id='block_1_5' title="bbox 1712 749 2023 762">
    <p class='ocr_par' dir='ltr' id='par_1_5' title="bbox 1712 749 2023 762">
     <span class='ocr_line' id='line_1_5' title="bbox 1712 749 2023 762; baseline 0.003 -1"><span class='ocrx_word' id='word_1_26' title='bbox 1712 749 2023 762; x_wconf 55' lang='grc'><em>*-</em></span> 
     </span>
    </p>
   </div>
   <div class='ocr_carea' id='block_1_6' title="bbox 2122 434 3707 515">
    <p class='ocr_par' dir='ltr' id='par_1_6' title="bbox 2122 434 3707 515">
     <span class='ocr_line' id='line_1_6' title="bbox 2122 434 3707 515; baseline 0.001 -22"><span class='ocrx_word' id='word_1_27' title='bbox 2122 439 2232 495; x_wconf 89' lang='grc' dir='ltr'><em>θῶν</em></span> <span class='ocrx_word' id='word_1_28' title='bbox 2255 459 2270 474; x_wconf 79' lang='grc' dir='ltr'><strong>ο</strong></span> <span class='ocrx_word' id='word_1_29' title='bbox 2304 434 2379 497; x_wconf 81' lang='grc' dir='ltr'><em>ὧν</em></span> <span class='ocrx_word' id='word_1_30' title='bbox 2404 441 2618 513; x_wconf 84' lang='grc' dir='ltr'><em>γένοιτο</em></span> <span class='ocrx_word' id='word_1_31' title='bbox 2650 440 2855 505; x_wconf 81' lang='grc' dir='ltr'><em>πάντας</em></span> <span class='ocrx_word' id='word_1_32' title='bbox 2891 441 3041 512; x_wconf 81' lang='grc' dir='ltr'><em>ἡμᾶς</em></span> <span class='ocrx_word' id='word_1_33' title='bbox 3065 442 3362 515; x_wconf 70' lang='grc' dir='ltr'><em>ἐπιτυχεῖν,</em></span> <span class='ocrx_word' id='word_1_34' title='bbox 3400 442 3587 514; x_wconf 82' lang='grc' dir='ltr'><em>χάριτι</em></span> <span class='ocrx_word' id='word_1_35' title='bbox 3614 443 3707 496; x_wconf 76' lang='grc' dir='ltr'><em>καὶ</em></span> 
     </span>
    </p>
   </div>
   <div class='ocr_carea' id='block_1_7' title="bbox 2126 523 2549 599">
    <p class='ocr_par' dir='ltr' id='par_1_7' title="bbox 2126 523 2549 599">
     <span class='ocr_line' id='line_1_7' title="bbox 2126 523 2549 599; baseline 0.017 -24"><span class='ocrx_word' id='word_1_36' title='bbox 2126 523 2549 599; x_wconf 68' lang='grc' dir='ltr'><em>φιλανθρωπίᾳ-</em></span> 
     </span>
    </p>
   </div>
   <div class='ocr_carea' id='block_1_8' title="bbox 2662 742 3649 762">
    <p class='ocr_par' dir='ltr' id='par_1_8' title="bbox 2662 742 3649 762">
     <span class='ocr_line' id='line_1_8' title="bbox 2662 742 3649 762; baseline -0.002 -2"><span class='ocrx_word' id='word_1_37' title='bbox 2662 744 3484 762; x_wconf 45' lang='grc' dir='ltr'><em>*ψοᾲ--ι-κ</em></span> <span class='ocrx_word' id='word_1_38' title='bbox 3497 742 3649 760; x_wconf 41' lang='grc' dir='ltr'><em>α’</em></span> 
     </span>
    </p>
   </div>
   <div class='ocr_carea' id='block_1_9' title="bbox 1934 911 2281 966">
    <p class='ocr_par' dir='ltr' id='par_1_9' title="bbox 1934 911 2281 966">
     <span class='ocr_line' id='line_1_9' title="bbox 1934 911 2281 966; baseline 0.003 -1"><span class='ocrx_word' id='word_1_39' title='bbox 1934 911 2180 965; x_wconf 81' lang='grc' dir='ltr'><em>ΟΜΙΛΙΛ</em></span> <span class='ocrx_word' id='word_1_40' title='bbox 2205 912 2281 966; x_wconf 89' lang='grc' dir='ltr'><em>Ζ’.</em></span> 
     </span>
    </p>
   </div>
   <div class='ocr_carea' id='block_1_10' title="bbox 440 1103 2007 1183">
    <p class='ocr_par' dir='ltr' id='par_1_10' title="bbox 440 1103 2007 1183">
     <span class='ocr_line' id='line_1_10' title="bbox 440 1103 2007 1183; baseline 0.001 -20"><span class='ocrx_word' id='word_1_41' title='bbox 440 1103 604 1183; x_wconf 81' lang='grc' dir='ltr'><em>Ἐμοί</em></span> <span class='ocrx_word' id='word_1_42' title='bbox 636 1108 718 1176; x_wconf 87' lang='grc' dir='ltr'><em>τῷ</em></span> <span class='ocrx_word' id='word_1_43' title='bbox 744 1109 1184 1183; x_wconf 66' lang='grc' dir='ltr'><em>ἐλαχιστοτέρῳ</em></span> <span class='ocrx_word' id='word_1_44' title='bbox 1216 1111 1477 1183; x_wconf 71' lang='grc' dir='ltr'><em>Δπάντων</em></span> <span class='ocrx_word' id='word_1_45' title='bbox 1521 1112 1707 1182; x_wconf 82' lang='grc' dir='ltr'><em>ἁγίων</em></span> <span class='ocrx_word' id='word_1_46' title='bbox 1759 1110 1938 1183; x_wconf 69' lang='grc' dir='ltr'><em>ἐδόθη</em></span> <span class='ocrx_word' id='word_1_47' title='bbox 1969 1109 2007 1179; x_wconf 73' lang='grc' dir='ltr'><strong>ἦ</strong></span> 
     </span>
    </p>
   </div>
   <div class='ocr_carea' id='block_1_11' title="bbox 499 1180 2012 1264">
    <p class='ocr_par' dir='ltr' id='par_1_11' title="bbox 499 1180 2012 1264">
     <span class='ocr_line' id='line_1_11' title="bbox 499 1180 2012 1264; baseline -0.001 -29"><span class='ocrx_word' id='word_1_48' title='bbox 499 1180 673 1264; x_wconf 44' lang='lat' dir='ltr'><em>igich</em></span> <span class='ocrx_word' id='word_1_49' title='bbox 716 1180 994 1264; x_wconf 44' lang='grc' dir='ltr'><em>αξᾶτηηέν</em></span> <span class='ocrx_word' id='word_1_50' title='bbox 1043 1180 1170 1247; x_wconf 81' lang='grc' dir='ltr'><em>τοῖς</em></span> <span class='ocrx_word' id='word_1_51' title='bbox 1205 1180 1449 1264; x_wconf 66' lang='grc' dir='ltr'><em>ξθνεσιν</em></span> <span class='ocrx_word' id='word_1_52' title='bbox 1502 1180 2012 1264; x_wconf 15' lang='grc' dir='ltr'><em>ερήαχγελίσασθαι</em></span> 
     </span>
    </p>
   </div>
   <div class='ocr_carea' id='block_1_12' title="bbox 498 1250 2011 1392">
    <p class='ocr_par' dir='ltr' id='par_1_12' title="bbox 498 1250 2011 1392">
     <span class='ocr_line' id='line_1_12' title="bbox 498 1250 2011 1320; baseline -0.001 -15"><span class='ocrx_word' id='word_1_53' title='bbox 498 1250 610 1305; x_wconf 75' lang='grc' dir='ltr'><em>τὸν</em></span> <span class='ocrx_word' id='word_1_54' title='bbox 631 1250 1101 1320; x_wconf 75' lang='grc' dir='ltr'><em>ἀνεξιχνίαστον</em></span> <span class='ocrx_word' id='word_1_55' title='bbox 1152 1251 1422 1306; x_wconf 87' lang='grc' dir='ltr'><em>πλοῦτον</em></span> <span class='ocrx_word' id='word_1_56' title='bbox 1446 1252 1555 1306; x_wconf 88' lang='grc' dir='ltr'><em>τοῦ</em></span> <span class='ocrx_word' id='word_1_57' title='bbox 1601 1250 1880 1319; x_wconf 77' lang='grc' dir='ltr'><em>Χριστοῦ,</em></span> <span class='ocrx_word' id='word_1_58' title='bbox 1912 1250 2011 1305; x_wconf 77' lang='grc' dir='ltr'><em>καί</em></span> 
     </span>
     <span class='ocr_line' id='line_1_13' title="bbox 501 1321 2010 1392; baseline 0 -18"><span class='ocrx_word' id='word_1_59' title='bbox 501 1321 759 1392; x_wconf 70' lang='grc' dir='ltr'><em>φωτίσαι</em></span> <span class='ocrx_word' id='word_1_60' title='bbox 806 1321 1061 1388; x_wconf 83' lang='grc' dir='ltr'><em>πάντας,</em></span> <span class='ocrx_word' id='word_1_61' title='bbox 1085 1321 1179 1387; x_wconf 90' lang='grc' dir='ltr'><em>τίς</em></span> <span class='ocrx_word' id='word_1_62' title='bbox 1213 1323 1263 1392; x_wconf 24' lang='grc' dir='ltr'><em>μὴ</em></span> <span class='ocrx_word' id='word_1_63' title='bbox 1301 1323 1609 1392; x_wconf 80' lang='grc' dir='ltr'><em>οίκονομία</em></span> <span class='ocrx_word' id='word_1_64' title='bbox 1639 1321 1746 1375; x_wconf 90' lang='grc' dir='ltr'><em>τοῦ</em></span> <span class='ocrx_word' id='word_1_65' title='bbox 1766 1335 2010 1392; x_wconf 12' lang='grc' dir='ltr'><em>,μυστη-</em></span> 
     </span>
    </p>
   </div>
   <div class='ocr_carea' id='block_1_13' title="bbox 492 1389 2013 1460">
    <p class='ocr_par' dir='ltr' id='par_1_13' title="bbox 492 1389 2013 1460">
     <span class='ocr_line' id='line_1_14' title="bbox 492 1389 2013 1460; baseline 0 -17"><span class='ocrx_word' id='word_1_66' title='bbox 492 1389 635 1460; x_wconf 82' lang='grc' dir='ltr'><em>ρίου</em></span> <span class='ocrx_word' id='word_1_67' title='bbox 667 1390 774 1445; x_wconf 89' lang='grc' dir='ltr'><em>τοῦ</em></span> <span class='ocrx_word' id='word_1_68' title='bbox 803 1389 1338 1460; x_wconf 78' lang='grc' dir='ltr'><em>ἀποκεκρυμμένου</em></span> <span class='ocrx_word' id='word_1_69' title='bbox 1376 1389 1513 1446; x_wconf 68' lang='grc' dir='ltr'><em>ἀπό</em></span> <span class='ocrx_word' id='word_1_70' title='bbox 1536 1391 1656 1446; x_wconf 89' lang='grc' dir='ltr'><em>τῶν</em></span> <span class='ocrx_word' id='word_1_71' title='bbox 1680 1389 1911 1460; x_wconf 84' lang='grc' dir='ltr'><em>αἰώνων</em></span> <span class='ocrx_word' id='word_1_72' title='bbox 1940 1390 2013 1444; x_wconf 84' lang='grc' dir='ltr'><em>ἐν</em></span> 
     </span>
    </p>
   </div>
   <div class='ocr_carea' id='block_1_14' title="bbox 505 1458 2010 1546">
    <p class='ocr_par' dir='ltr' id='par_1_14' title="bbox 505 1458 2010 1546">
     <span class='ocr_line' id='line_1_15' title="bbox 505 1458 2010 1546; baseline -0.001 -31"><span class='ocrx_word' id='word_1_73' title='bbox 505 1458 585 1546; x_wconf 49' lang='lat' dir='ltr'><em>Eg)</em></span> <span class='ocrx_word' id='word_1_74' title='bbox 642 1459 765 1543; x_wconf 75' lang='grc' dir='ltr'><em>Θεῷ</em></span> <span class='ocrx_word' id='word_1_75' title='bbox 828 1459 909 1546; x_wconf 65' lang='grc' dir='ltr'><em>τῷ</em></span> <span class='ocrx_word' id='word_1_76' title='bbox 959 1458 1039 1515; x_wconf 27' lang='grc' dir='ltr'><em>τίιί</em></span> <span class='ocrx_word' id='word_1_77' title='bbox 1070 1458 1292 1546; x_wconf 51' lang='grc' dir='ltr'><em>πάντα.</em></span> <span class='ocrx_word' id='word_1_78' title='bbox 1326 1463 1604 1546; x_wconf 59' lang='grc' dir='ltr'><em>κτίσαντι</em></span> <span class='ocrx_word' id='word_1_79' title='bbox 1655 1459 1754 1546; x_wconf 67' lang='grc' dir='ltr'><em>διὰ</em></span> <span class='ocrx_word' id='word_1_80' title='bbox 1805 1459 2010 1546; x_wconf 69' lang='grc' dir='ltr'><em>Ἰησοῦ</em></span> 
     </span>
    </p>
   </div>
   <div class='ocr_carea' id='block_1_15' title="bbox 502 1529 2012 1681">
    <p class='ocr_par' dir='ltr' id='par_1_15' title="bbox 502 1529 2012 1681">
     <span class='ocr_line' id='line_1_16' title="bbox 502 1529 2009 1601; baseline -0.001 -16"><span class='ocrx_word' id='word_1_81' title='bbox 502 1530 768 1599; x_wconf 85' lang='grc' dir='ltr'><em>Χριστοῦ</em></span> <span class='ocrx_word' id='word_1_82' title='bbox 787 1547 803 1563; x_wconf 88' lang='grc'><strong>·</strong></span> <span class='ocrx_word' id='word_1_83' title='bbox 835 1531 937 1585; x_wconf 79' lang='grc' dir='ltr'><em>ἵνα</em></span> <span class='ocrx_word' id='word_1_84' title='bbox 990 1529 1292 1601; x_wconf 74' lang='grc' dir='ltr'><em>γνωρισθῇ</em></span> <span class='ocrx_word' id='word_1_85' title='bbox 1347 1532 1467 1586; x_wconf 89' lang='grc' dir='ltr'><em>νῦν</em></span> <span class='ocrx_word' id='word_1_86' title='bbox 1496 1534 1623 1597; x_wconf 81' lang='grc' dir='ltr'><em>ταῖς</em></span> <span class='ocrx_word' id='word_1_87' title='bbox 1654 1529 1869 1600; x_wconf 81' lang='grc' dir='ltr'><em>ἀρχαῖς</em></span> <span class='ocrx_word' id='word_1_88' title='bbox 1909 1529 2009 1584; x_wconf 79' lang='grc' dir='ltr'><em>καί</em></span> 
     </span>
     <span class='ocr_line' id='line_1_17' title="bbox 502 1597 2012 1681; baseline 0.001 -30"><span class='ocrx_word' id='word_1_89' title='bbox 502 1599 633 1681; x_wconf 63' lang='grc' dir='ltr'><em>ταῖς</em></span> <span class='ocrx_word' id='word_1_90' title='bbox 665 1599 979 1681; x_wconf 62' lang='grc' dir='ltr'><em>ἐξουσίαις</em></span> <span class='ocrx_word' id='word_1_91' title='bbox 1014 1601 1096 1681; x_wconf 61' lang='grc' dir='ltr'><em>ιζενΔ</em></span> <span class='ocrx_word' id='word_1_92' title='bbox 1156 1600 1281 1681; x_wconf 66' lang='grc' dir='ltr'><em>τοῖς</em></span> <span class='ocrx_word' id='word_1_93' title='bbox 1323 1601 1707 1681; x_wconf 63' lang='grc' dir='ltr'><em>ἐπουρανίοις</em></span> <span class='ocrx_word' id='word_1_94' title='bbox 1758 1599 1878 1681; x_wconf 36' lang='lat' dir='ltr'><em>Qui</em></span> <span class='ocrx_word' id='word_1_95' title='bbox 1898 1597 2012 1681; x_wconf 63' lang='grc' dir='ltr'><em>τῆς</em></span> 
     </span>
    </p>
   </div>
   <div class='ocr_carea' id='block_1_16' title="bbox 514 1671 2008 1740">
    <p class='ocr_par' dir='ltr' id='par_1_16' title="bbox 514 1671 2008 1740">
     <span class='ocr_line' id='line_1_18' title="bbox 514 1671 2008 1740; baseline -0.002 -15"><span class='ocrx_word' id='word_1_96' title='bbox 514 1671 881 1739; x_wconf 84' lang='grc' dir='ltr'><em>Ἑκκλησίας</em></span> <span class='ocrx_word' id='word_1_97' title='bbox 906 1673 946 1739; x_wconf 78' lang='grc' dir='ltr'><em>η</em></span> <span class='ocrx_word' id='word_1_98' title='bbox 981 1672 1416 1738; x_wconf 70' lang='grc' dir='ltr'><em>πολυποίκιλος</em></span> <span class='ocrx_word' id='word_1_99' title='bbox 1468 1672 1655 1740; x_wconf 89' lang='grc' dir='ltr'><em>σοφία</em></span> <span class='ocrx_word' id='word_1_100' title='bbox 1682 1671 1791 1725; x_wconf 92' lang='grc' dir='ltr'><em>τοῦ</em></span> <span class='ocrx_word' id='word_1_101' title='bbox 1839 1671 2008 1733; x_wconf 84' lang='grc' dir='ltr'><em>Θεοῦ,</em></span> 
     </span>
    </p>
   </div>
   <div class='ocr_carea' id='block_1_17' title="bbox 502 1740 2012 1810">
    <p class='ocr_par' dir='ltr' id='par_1_17' title="bbox 502 1740 2012 1810">
     <span class='ocr_line' id='line_1_19' title="bbox 502 1740 2012 1810; baseline -0.001 -16"><span class='ocrx_word' id='word_1_102' title='bbox 502 1742 656 1796; x_wconf 82' lang='grc' dir='ltr'><em>κατὰ</em></span> <span class='ocrx_word' id='word_1_103' title='bbox 707 1742 995 1810; x_wconf 79' lang='grc' dir='ltr'><em>πρόθεσιν</em></span> <span class='ocrx_word' id='word_1_104' title='bbox 1026 1740 1147 1795; x_wconf 86' lang='grc' dir='ltr'><em>τῶν</em></span> <span class='ocrx_word' id='word_1_105' title='bbox 1193 1741 1443 1805; x_wconf 72' lang='grc' dir='ltr'><em>αἰώνων,</em></span> <span class='ocrx_word' id='word_1_106' title='bbox 1497 1740 1579 1809; x_wconf 80' lang='grc' dir='ltr'><em>ἣν</em></span> <span class='ocrx_word' id='word_1_107' title='bbox 1622 1741 1916 1810; x_wconf 84' lang='grc' dir='ltr'><em>ἐποίησεν</em></span> <span class='ocrx_word' id='word_1_108' title='bbox 1940 1740 2012 1793; x_wconf 82' lang='grc' dir='ltr'><em>ἐν</em></span> 
     </span>
    </p>
   </div>
   <div class='ocr_carea' id='block_1_18' title="bbox 396 1810 1531 1891">
    <p class='ocr_par' dir='ltr' id='par_1_18' title="bbox 396 1810 1531 1891">
     <span class='ocr_line' id='line_1_20' title="bbox 396 1810 1531 1891; baseline 0.001 -27"><span class='ocrx_word' id='word_1_109' title='bbox 396 1888 401 1891; x_wconf 82' lang='lat'>_</span> <span class='ocrx_word' id='word_1_110' title='bbox 501 1810 736 1880; x_wconf 79' lang='grc' dir='ltr'><em>Χριστῷ</em></span> <span class='ocrx_word' id='word_1_111' title='bbox 773 1811 976 1880; x_wconf 87' lang='grc' dir='ltr'><em>Ἰησοῦ</em></span> <span class='ocrx_word' id='word_1_112' title='bbox 1008 1811 1089 1882; x_wconf 86' lang='grc' dir='ltr'><em>τῷ</em></span> <span class='ocrx_word' id='word_1_113' title='bbox 1118 1810 1314 1879; x_wconf 85' lang='grc' dir='ltr'><em>Κυρίῳ</em></span> <span class='ocrx_word' id='word_1_114' title='bbox 1342 1811 1531 1882; x_wconf 79' lang='grc' dir='ltr'><em>ἡμῶν.</em></span> 
     </span>
    </p>
   </div>
   <div class='ocr_carea' id='block_1_19' title="bbox 500 1943 2010 2018">
    <p class='ocr_par' dir='ltr' id='par_1_19' title="bbox 500 1943 2010 2018">
     <span class='ocr_line' id='line_1_21' title="bbox 500 1943 2010 2018; baseline 0.001 -21"><span class='ocrx_word' id='word_1_115' title='bbox 500 1943 640 2008; x_wconf 83' lang='grc' dir='ltr'><em>Τοὺς</em></span> <span class='ocrx_word' id='word_1_116' title='bbox 672 1945 754 2008; x_wconf 87' lang='grc' dir='ltr'><em>είς</em></span> <span class='ocrx_word' id='word_1_117' title='bbox 796 1945 1030 2016; x_wconf 80' lang='grc' dir='ltr'><em>ἰατρεῖον</em></span> <span class='ocrx_word' id='word_1_118' title='bbox 1072 1945 1403 2018; x_wconf 72' lang='grc' dir='ltr'><em>ἐρχομένους</em></span> <span class='ocrx_word' id='word_1_119' title='bbox 1425 1947 1524 2017; x_wconf 77' lang='grc' dir='ltr'><em>οὐχ</em></span> <span class='ocrx_word' id='word_1_120' title='bbox 1557 1943 1747 2009; x_wconf 89' lang='grc' dir='ltr'><em>ἀπλῶς</em></span> <span class='ocrx_word' id='word_1_121' title='bbox 1784 1946 1903 1998; x_wconf 85' lang='grc' dir='ltr'><em>ἐκεῖ</em></span> <span class='ocrx_word' id='word_1_122' title='bbox 1930 1944 2010 1999; x_wconf 90' lang='grc' dir='ltr'><em>δεῖ</em></span> 
     </span>
    </p>
   </div>
   <div class='ocr_carea' id='block_1_20' title="bbox 429 2025 2010 2100">
    <p class='ocr_par' dir='ltr' id='par_1_20' title="bbox 429 2025 2010 2100">
     <span class='ocr_line' id='line_1_22' title="bbox 429 2025 2010 2100; baseline 0.001 -21"><span class='ocrx_word' id='word_1_123' title='bbox 429 2025 775 2098; x_wconf 80' lang='grc' dir='ltr'><em>πορεύεσθαι,</em></span> <span class='ocrx_word' id='word_1_124' title='bbox 801 2027 916 2081; x_wconf 85' lang='grc' dir='ltr'><em>ἀλλ’</em></span> <span class='ocrx_word' id='word_1_125' title='bbox 945 2027 1088 2082; x_wconf 89' lang='grc' dir='ltr'><em>ῶστε</em></span> <span class='ocrx_word' id='word_1_126' title='bbox 1118 2028 1414 2099; x_wconf 80' lang='grc' dir='ltr'><em>μανθάνειν</em></span> <span class='ocrx_word' id='word_1_127' title='bbox 1446 2027 1873 2100; x_wconf 85' lang='grc' dir='ltr'><em>θεραπεύεσθαι,</em></span> <span class='ocrx_word' id='word_1_128' title='bbox 1914 2028 2010 2082; x_wconf 80' lang='grc' dir='ltr'><em>καὶ</em></span> 
     </span>
    </p>
   </div>
   <div class='ocr_carea' id='block_1_21' title="bbox 429 2106 2011 2183">
    <p class='ocr_par' dir='ltr' id='par_1_21' title="bbox 429 2106 2011 2183">
     <span class='ocr_line' id='line_1_23' title="bbox 429 2106 2011 2183; baseline 0.002 -21"><span class='ocrx_word' id='word_1_129' title='bbox 429 2109 696 2182; x_wconf 83' lang='grc' dir='ltr'><em>φάρμακα</em></span> <span class='ocrx_word' id='word_1_130' title='bbox 756 2111 1076 2166; x_wconf 77' lang='grc' dir='ltr'><em>ἐπιτιθέναι.</em></span> <span class='ocrx_word' id='word_1_131' title='bbox 1136 2112 1246 2165; x_wconf 78' lang='grc' dir='ltr'><em>Καὶ</em></span> <span class='ocrx_word' id='word_1_132' title='bbox 1310 2113 1457 2183; x_wconf 75' lang='grc' dir='ltr'><em>ἡμᾶς</em></span> <span class='ocrx_word' id='word_1_133' title='bbox 1521 2112 1702 2167; x_wconf 87' lang='grc' dir='ltr'><em>τοίνυν</em></span> <span class='ocrx_word' id='word_1_134' title='bbox 1776 2106 2011 2165; x_wconf 85' lang='grc' dir='ltr'><em>ἐνταῦθα</em></span> 
     </span>
    </p>
   </div>
   <div class='ocr_carea' id='block_1_22' title="bbox 429 2192 2009 2264">
    <p class='ocr_par' dir='ltr' id='par_1_22' title="bbox 429 2192 2009 2264">
     <span class='ocr_line' id='line_1_24' title="bbox 429 2192 2009 2264; baseline 0.002 -20"><span class='ocrx_word' id='word_1_135' title='bbox 429 2192 926 2264; x_wconf 70' lang='grc' dir='ltr'><em>παραγενομένους,</em></span> <span class='ocrx_word' id='word_1_136' title='bbox 965 2194 1066 2264; x_wconf 83' lang='grc' dir='ltr'><em>οὐχ</em></span> <span class='ocrx_word' id='word_1_137' title='bbox 1115 2195 1304 2258; x_wconf 82' lang='grc' dir='ltr'><em>ἁπλῶς</em></span> <span class='ocrx_word' id='word_1_138' title='bbox 1329 2195 1412 2249; x_wconf 85' lang='grc' dir='ltr'><em>δεῖ</em></span> <span class='ocrx_word' id='word_1_139' title='bbox 1435 2194 1592 2249; x_wconf 85' lang='grc' dir='ltr'><em>τοῦτο</em></span> <span class='ocrx_word' id='word_1_140' title='bbox 1623 2198 1819 2260; x_wconf 84' lang='grc' dir='ltr'><em>ποιεῖν,</em></span> <span class='ocrx_word' id='word_1_141' title='bbox 1872 2194 2009 2248; x_wconf 80' lang='grc' dir='ltr'><em>ἀλλά</em></span> 
     </span>
    </p>
   </div>
   <div class='ocr_carea' id='block_1_23' title="bbox 431 2274 2006 2349">
    <p class='ocr_par' dir='ltr' id='par_1_23' title="bbox 431 2274 2006 2349">
     <span class='ocr_line' id='line_1_25' title="bbox 431 2274 2006 2349; baseline 0.002 -22"><span class='ocrx_word' id='word_1_142' title='bbox 431 2274 722 2342; x_wconf 74' lang='grc' dir='ltr'><strong>μανθάνειν</strong></span> <span class='ocrx_word' id='word_1_143' title='bbox 751 2275 851 2346; x_wconf 81' lang='grc' dir='ltr'><em>τῆς</em></span> <span class='ocrx_word' id='word_1_144' title='bbox 895 2276 1402 2347; x_wconf 82' lang='grc' dir='ltr'><em>ταπεινοφροσύνης</em></span> <span class='ocrx_word' id='word_1_145' title='bbox 1454 2277 1668 2332; x_wconf 82' lang='grc' dir='ltr'><em>Παύλου</em></span> <span class='ocrx_word' id='word_1_146' title='bbox 1703 2279 1803 2349; x_wconf 86' lang='grc' dir='ltr'><em>τὴν</em></span> <span class='ocrx_word' id='word_1_147' title='bbox 1834 2277 2006 2348; x_wconf 81' lang='grc' dir='ltr'><em>ὑπερ-</em></span> 
     </span>
    </p>
   </div>
   <div class='ocr_carea' id='block_1_24' title="bbox 429 2353 2006 2431">
    <p class='ocr_par' dir='ltr' id='par_1_24' title="bbox 429 2353 2006 2431">
     <span class='ocr_line' id='line_1_26' title="bbox 429 2353 2006 2431; baseline 0.004 -23"><span class='ocrx_word' id='word_1_148' title='bbox 429 2357 612 2429; x_wconf 76' lang='grc' dir='ltr'><em>ϐολήν.</em></span> <span class='ocrx_word' id='word_1_149' title='bbox 641 2353 712 2411; x_wconf 78' lang='grc' dir='ltr'><em>τί</em></span> <span class='ocrx_word' id='word_1_150' title='bbox 738 2359 885 2428; x_wconf 85' lang='grc' dir='ltr'><em>γάρ;</em></span> <span class='ocrx_word' id='word_1_151' title='bbox 919 2357 1140 2430; x_wconf 82' lang='grc' dir='ltr'><em>Ἐπειδὴ</em></span> <span class='ocrx_word' id='word_1_152' title='bbox 1196 2358 1390 2429; x_wconf 75' lang='grc' dir='ltr'><em>ἔμελλε</em></span> <span class='ocrx_word' id='word_1_153' title='bbox 1436 2358 1616 2429; x_wconf 88' lang='grc' dir='ltr'><em>λέγειν</em></span> <span class='ocrx_word' id='word_1_154' title='bbox 1657 2362 1719 2414; x_wconf 79' lang='grc' dir='ltr'><em>τὸ</em></span> <span class='ocrx_word' id='word_1_155' title='bbox 1776 2359 2006 2431; x_wconf 87' lang='grc' dir='ltr'><em>μέγεθος</em></span> 
     </span>
    </p>
   </div>
   <div class='ocr_carea' id='block_1_25' title="bbox 425 2440 2007 2514">
    <p class='ocr_par' dir='ltr' id='par_1_25' title="bbox 425 2440 2007 2514">
     <span class='ocr_line' id='line_1_27' title="bbox 425 2440 2007 2514; baseline 0.001 -20"><span class='ocrx_word' id='word_1_156' title='bbox 425 2443 525 2510; x_wconf 84' lang='grc' dir='ltr'><em>τῆς</em></span> <span class='ocrx_word' id='word_1_157' title='bbox 553 2442 773 2512; x_wconf 74' lang='grc' dir='ltr'><em>χάριτος</em></span> <span class='ocrx_word' id='word_1_158' title='bbox 800 2440 895 2495; x_wconf 86' lang='grc' dir='ltr'><em>τοῦ</em></span> <span class='ocrx_word' id='word_1_159' title='bbox 921 2440 1081 2507; x_wconf 85' lang='grc' dir='ltr'><em>Θεοῦ,</em></span> <span class='ocrx_word' id='word_1_160' title='bbox 1121 2441 1355 2496; x_wconf 76' lang='grc' dir='ltr'><em>ἄκουσον</em></span> <span class='ocrx_word' id='word_1_161' title='bbox 1386 2443 1437 2496; x_wconf 88' lang='grc' dir='ltr'><em>τί</em></span> <span class='ocrx_word' id='word_1_162' title='bbox 1481 2460 1647 2514; x_wconf 90' lang='grc' dir='ltr'><em>φησιν</em></span> <span class='ocrx_word' id='word_1_163' title='bbox 1669 2460 1683 2473; x_wconf 81' lang='grc'><em>”</em></span> <span class='ocrx_word' id='word_1_164' title='bbox 1732 2443 1896 2512; x_wconf 76' lang='grc' dir='ltr'><em>Ἐμοὶ</em></span> <span class='ocrx_word' id='word_1_165' title='bbox 1924 2440 2007 2509; x_wconf 88' lang='grc' dir='ltr'><em>τῷ</em></span> 
     </span>
    </p>
   </div>
   <div class='ocr_carea' id='block_1_26' title="bbox 424 2522 2002 2595">
    <p class='ocr_par' dir='ltr' id='par_1_26' title="bbox 424 2522 2002 2595">
     <span class='ocr_line' id='line_1_28' title="bbox 424 2522 2002 2595; baseline 0.003 -19"><span class='ocrx_word' id='word_1_166' title='bbox 424 2522 864 2594; x_wconf 71' lang='grc' dir='ltr'><em>ἐλαχιστοτέρῳ</em></span> <span class='ocrx_word' id='word_1_167' title='bbox 889 2523 1134 2579; x_wconf 79' lang='grc' dir='ltr'><em>πάντων</em></span> <span class='ocrx_word' id='word_1_168' title='bbox 1151 2525 1338 2595; x_wconf 74' lang='grc' dir='ltr'><em>ἀγ-ίων</em></span> <span class='ocrx_word' id='word_1_169' title='bbox 1358 2525 1538 2594; x_wconf 83' lang='grc' dir='ltr'><em>ἐδόθη</em></span> <span class='ocrx_word' id='word_1_170' title='bbox 1572 2528 1611 2595; x_wconf 76' lang='grc' dir='ltr'><strong><em>ἡ</em></strong></span> <span class='ocrx_word' id='word_1_171' title='bbox 1638 2525 1811 2595; x_wconf 80' lang='grc' dir='ltr'><em>χάρις</em></span> <span class='ocrx_word' id='word_1_172' title='bbox 1826 2527 2002 2594; x_wconf 85' lang='grc' dir='ltr'><em>αὕτη.</em></span> 
     </span>
    </p>
   </div>
   <div class='ocr_carea' id='block_1_27' title="bbox 425 2601 2006 2681">
    <p class='ocr_par' dir='ltr' id='par_1_27' title="bbox 425 2601 2006 2681">
     <span class='ocr_line' id='line_1_29' title="bbox 425 2601 2006 2681; baseline 0.003 -23"><span class='ocrx_word' id='word_1_173' title='bbox 425 2601 535 2659; x_wconf 82' lang='grc' dir='ltr'><em>ἿΙν</em></span> <span class='ocrx_word' id='word_1_174' title='bbox 570 2606 671 2674; x_wconf 84' lang='grc' dir='ltr'><em>μὲν</em></span> <span class='ocrx_word' id='word_1_175' title='bbox 708 2606 1209 2679; x_wconf 81' lang='grc' dir='ltr'><em>ταπεινοφροσύνης</em></span> <span class='ocrx_word' id='word_1_176' title='bbox 1239 2609 1335 2663; x_wconf 74' lang='grc' dir='ltr'><em>καὶ</em></span> <span class='ocrx_word' id='word_1_177' title='bbox 1355 2609 1417 2662; x_wconf 83' lang='grc' dir='ltr'><em>τὸ</em></span> <span class='ocrx_word' id='word_1_178' title='bbox 1445 2610 1538 2663; x_wconf 78' lang='grc' dir='ltr'><em>ἐπὶ</em></span> <span class='ocrx_word' id='word_1_179' title='bbox 1573 2612 1689 2674; x_wconf 91' lang='grc' dir='ltr'><em>τοῖς</em></span> <span class='ocrx_word' id='word_1_180' title='bbox 1717 2609 2006 2681; x_wconf 80' lang='grc' dir='ltr'><em>προτέροις</em></span> 
     </span>
    </p>
   </div>
   <div class='ocr_carea' id='block_1_28' title="bbox 422 2689 2006 2764">
    <p class='ocr_par' dir='ltr' id='par_1_28' title="bbox 422 2689 2006 2764">
     <span class='ocr_line' id='line_1_30' title="bbox 422 2689 2006 2764; baseline 0.001 -22"><span class='ocrx_word' id='word_1_181' title='bbox 422 2689 809 2760; x_wconf 79' lang='grc' dir='ltr'><em>ἁμαρτήμασι,</em></span> <span class='ocrx_word' id='word_1_182' title='bbox 835 2690 1014 2744; x_wconf 86' lang='grc' dir='ltr'><em>καίτοι</em></span> <span class='ocrx_word' id='word_1_183' title='bbox 1046 2690 1476 2764; x_wconf 80' lang='grc' dir='ltr'><em>ἐξηλειμμένοις,</em></span> <span class='ocrx_word' id='word_1_184' title='bbox 1504 2692 1746 2764; x_wconf 81' lang='grc' dir='ltr'><em>θρηνεῖν,</em></span> <span class='ocrx_word' id='word_1_185' title='bbox 1777 2692 1872 2746; x_wconf 72' lang='grc' dir='ltr'><em>καὶ</em></span> <span class='ocrx_word' id='word_1_186' title='bbox 1908 2709 2006 2762; x_wconf 90' lang='grc' dir='ltr'><em>με-</em></span> 
     </span>
    </p>
   </div>
   <div class='ocr_carea' id='block_1_29' title="bbox 428 2770 2004 2848">
    <p class='ocr_par' dir='ltr' id='par_1_29' title="bbox 428 2770 2004 2848">
     <span class='ocr_line' id='line_1_31' title="bbox 428 2770 2004 2848; baseline 0.003 -23"><span class='ocrx_word' id='word_1_187' title='bbox 428 2770 663 2843; x_wconf 80' lang='grc' dir='ltr'><em>μνῆσθαι</em></span> <span class='ocrx_word' id='word_1_188' title='bbox 702 2772 902 2837; x_wconf 83' lang='grc' dir='ltr'><em>αὐτῶν,</em></span> <span class='ocrx_word' id='word_1_189' title='bbox 935 2774 1032 2827; x_wconf 71' lang='grc' dir='ltr'><em>καὶ</em></span> <span class='ocrx_word' id='word_1_190' title='bbox 1066 2776 1403 2845; x_wconf 78' lang='grc' dir='ltr'><em>μετριάζειν.</em></span> <span class='ocrx_word' id='word_1_191' title='bbox 1436 2776 1512 2839; x_wconf 85' lang='grc' dir='ltr'><em>ὡς</em></span> <span class='ocrx_word' id='word_1_192' title='bbox 1542 2778 1671 2831; x_wconf 84' lang='grc' dir='ltr'><em>ὅταν</em></span> <span class='ocrx_word' id='word_1_193' title='bbox 1706 2776 1841 2848; x_wconf 82' lang='grc' dir='ltr'><em>λέγῃ</em></span> <span class='ocrx_word' id='word_1_194' title='bbox 1877 2774 2004 2845; x_wconf 85' lang='grc' dir='ltr'><em>βλά-</em></span> 
     </span>
    </p>
   </div>
   <div class='ocr_carea' id='block_1_30' title="bbox 425 2856 2003 2931">
    <p class='ocr_par' dir='ltr' id='par_1_30' title="bbox 425 2856 2003 2931">
     <span class='ocr_line' id='line_1_32' title="bbox 425 2856 2003 2931; baseline 0.003 -24"><span class='ocrx_word' id='word_1_195' title='bbox 425 2873 642 2926; x_wconf 80' lang='grc' dir='ltr'><em>σφημον</em></span> <span class='ocrx_word' id='word_1_196' title='bbox 669 2856 862 2909; x_wconf 83' lang='grc' dir='ltr'><em>ἐαυτὸν</em></span> <span class='ocrx_word' id='word_1_197' title='bbox 887 2857 981 2910; x_wconf 71' lang='grc' dir='ltr'><em>καὶ</em></span> <span class='ocrx_word' id='word_1_198' title='bbox 1002 2856 1237 2928; x_wconf 79' lang='grc' dir='ltr'><em>διώκτην</em></span> <span class='ocrx_word' id='word_1_199' title='bbox 1264 2860 1359 2913; x_wconf 74' lang='grc' dir='ltr'><em>καὶ</em></span> <span class='ocrx_word' id='word_1_200' title='bbox 1376 2860 1668 2931; x_wconf 75' lang='grc' dir='ltr'><em>ὑόριστήν·</em></span> <span class='ocrx_word' id='word_1_201' title='bbox 1707 2859 1823 2913; x_wconf 83' lang='grc' dir='ltr'><em>ἀλλ’</em></span> <span class='ocrx_word' id='word_1_202' title='bbox 1849 2859 2003 2914; x_wconf 74' lang='grc' dir='ltr'><em>οὐδὲν</em></span> 
     </span>
    </p>
   </div>
   <div class='ocr_carea' id='block_1_31' title="bbox 425 2938 2004 3014">
    <p class='ocr_par' dir='ltr' id='par_1_31' title="bbox 425 2938 2004 3014">
     <span class='ocr_line' id='line_1_33' title="bbox 425 2938 2004 3014; baseline 0.003 -22"><span class='ocrx_word' id='word_1_203' title='bbox 425 2939 538 2993; x_wconf 75' lang='grc' dir='ltr'><em>ἴσον</em></span> <span class='ocrx_word' id='word_1_204' title='bbox 566 2938 775 2996; x_wconf 91' lang='grc' dir='ltr'><em>τούτου.</em></span> <span class='ocrx_word' id='word_1_205' title='bbox 804 2940 1076 3013; x_wconf 85' lang='grc' dir='ltr'><em>Πρότερον</em></span> <span class='ocrx_word' id='word_1_206' title='bbox 1091 2940 1221 3012; x_wconf 77' lang='lat'><strong>7&amp;9,</strong></span> <span class='ocrx_word' id='word_1_207' title='bbox 1255 2943 1410 3011; x_wconf 75' lang='grc' dir='ltr'><em>φησὶ,</em></span> <span class='ocrx_word' id='word_1_208' title='bbox 1435 2942 1674 3006; x_wconf 81' lang='grc' dir='ltr'><em>τοιοῦτος</em></span> <span class='ocrx_word' id='word_1_209' title='bbox 1702 2944 1872 3014; x_wconf 77' lang='grc' dir='ltr'><em>ἥμην,</em></span> <span class='ocrx_word' id='word_1_210' title='bbox 1909 2943 2004 2997; x_wconf 72' lang='grc' dir='ltr'><em>καὶ</em></span> 
     </span>
    </p>
   </div>
   <div class='ocr_carea' id='block_1_32' title="bbox 422 3023 2003 3098">
    <p class='ocr_par' dir='ltr' id='par_1_32' title="bbox 422 3023 2003 3098">
     <span class='ocr_line' id='line_1_34' title="bbox 422 3023 2003 3098; baseline 0.002 -22"><span class='ocrx_word' id='word_1_211' title='bbox 422 3023 684 3095; x_wconf 76' lang='grc' dir='ltr'><em>ἐκτρωμα</em></span> <span class='ocrx_word' id='word_1_212' title='bbox 716 3024 773 3079; x_wconf 78' lang='grc' dir='ltr'><em>δὲ</em></span> <span class='ocrx_word' id='word_1_213' title='bbox 807 3024 1001 3078; x_wconf 81' lang='grc' dir='ltr'><em>ἐαυτὸν</em></span> <span class='ocrx_word' id='word_1_214' title='bbox 1033 3026 1190 3078; x_wconf 87' lang='grc' dir='ltr'><em>καλεῖ</em></span> <span class='ocrx_word' id='word_1_215' title='bbox 1209 3044 1224 3059; x_wconf 79' lang='grc' dir='ltr'><strong>ο</strong></span> <span class='ocrx_word' id='word_1_216' title='bbox 1259 3026 1320 3080; x_wconf 79' lang='grc' dir='ltr'><em>τὸ</em></span> <span class='ocrx_word' id='word_1_217' title='bbox 1343 3027 1401 3080; x_wconf 85' lang='grc' dir='ltr'><em>δέ</em></span> <span class='ocrx_word' id='word_1_218' title='bbox 1425 3028 1566 3098; x_wconf 84' lang='grc' dir='ltr'><em>μετά</em></span> <span class='ocrx_word' id='word_1_219' title='bbox 1597 3026 1838 3080; x_wconf 82' lang='grc' dir='ltr'><em>τοσαῦτα</em></span> <span class='ocrx_word' id='word_1_220' title='bbox 1868 3044 2003 3081; x_wconf 87' lang='grc' dir='ltr'><em>κατ-</em></span> 
     </span>
    </p>
   </div>
   <div class='ocr_carea' id='block_1_33' title="bbox 419 3106 2002 3182">
    <p class='ocr_par' dir='ltr' id='par_1_33' title="bbox 419 3106 2002 3182">
     <span class='ocr_line' id='line_1_35' title="bbox 419 3106 2002 3182; baseline 0.003 -22"><span class='ocrx_word' id='word_1_221' title='bbox 419 3106 722 3179; x_wconf 85' lang='grc' dir='ltr'><em>ορθώματα</em></span> <span class='ocrx_word' id='word_1_222' title='bbox 767 3108 861 3162; x_wconf 71' lang='grc' dir='ltr'><em>καὶ</em></span> <span class='ocrx_word' id='word_1_223' title='bbox 922 3110 1014 3163; x_wconf 80' lang='grc' dir='ltr'><em>ἐπὶ</em></span> <span class='ocrx_word' id='word_1_224' title='bbox 1058 3109 1155 3164; x_wconf 84' lang='grc' dir='ltr'><em>τοῦ</em></span> <span class='ocrx_word' id='word_1_225' title='bbox 1218 3111 1482 3182; x_wconf 81' lang='grc' dir='ltr'><em>παρόντος</em></span> <span class='ocrx_word' id='word_1_226' title='bbox 1529 3110 1868 3182; x_wconf 75' lang='grc' dir='ltr'><em>μετριάζειν,</em></span> <span class='ocrx_word' id='word_1_227' title='bbox 1906 3112 2002 3164; x_wconf 70' lang='grc' dir='ltr'><em>καὶ</em></span> 
     </span>
    </p>
   </div>
   <div class='ocr_carea' id='block_1_34' title="bbox 421 3191 2002 3265">
    <p class='ocr_par' dir='ltr' id='par_1_34' title="bbox 421 3191 2002 3265">
     <span class='ocr_line' id='line_1_36' title="bbox 421 3191 2002 3265; baseline 0.003 -22"><span class='ocrx_word' id='word_1_228' title='bbox 421 3191 640 3244; x_wconf 79' lang='grc' dir='ltr'><em>πάντων</em></span> <span class='ocrx_word' id='word_1_229' title='bbox 705 3192 895 3246; x_wconf 85' lang='grc' dir='ltr'><em>ἐαυτὸν</em></span> <span class='ocrx_word' id='word_1_230' title='bbox 942 3192 1122 3262; x_wconf 87' lang='grc' dir='ltr'><em>λέγειν</em></span> <span class='ocrx_word' id='word_1_231' title='bbox 1174 3193 1607 3265; x_wconf 85' lang='grc' dir='ltr'><em>ἐλαχιστότερον,</em></span> <span class='ocrx_word' id='word_1_232' title='bbox 1663 3195 1866 3264; x_wconf 81' lang='grc' dir='ltr'><em>πολλῆς</em></span> <span class='ocrx_word' id='word_1_233' title='bbox 1907 3195 2002 3253; x_wconf 70' lang='grc' dir='ltr'><em>καὶ</em></span> 
     </span>
    </p>
   </div>
   <div class='ocr_carea' id='block_1_35' title="bbox 420 3273 2000 3350">
    <p class='ocr_par' dir='ltr' id='par_1_35' title="bbox 420 3273 2000 3350">
     <span class='ocr_line' id='line_1_37' title="bbox 420 3273 2000 3350; baseline -0.001 -23"><span class='ocrx_word' id='word_1_234' title='bbox 420 3273 865 3344; x_wconf 78' lang='grc' dir='ltr'><em>ὑπερϐαλλούσης</em></span> <span class='ocrx_word' id='word_1_235' title='bbox 909 3276 1026 3329; x_wconf 88' lang='grc' dir='ltr'><em>ἐστί</em></span> <span class='ocrx_word' id='word_1_236' title='bbox 1075 3278 1445 3350; x_wconf 80' lang='grc' dir='ltr'><em>μετριότητος.</em></span> <span class='ocrx_word' id='word_1_237' title='bbox 1483 3277 1641 3347; x_wconf 82' lang='grc' dir='ltr'><em>Ἐμοί</em></span> <span class='ocrx_word' id='word_1_238' title='bbox 1669 3277 1749 3344; x_wconf 87' lang='grc' dir='ltr'><em>τῷ</em></span> <span class='ocrx_word' id='word_1_239' title='bbox 1794 3278 2000 3346; x_wconf 86' lang='grc' dir='ltr'><em>ἐλαχι-</em></span> 
     </span>
    </p>
   </div>
   <div class='ocr_carea' id='block_1_36' title="bbox 418 3354 1996 3430">
    <p class='ocr_par' dir='ltr' id='par_1_36' title="bbox 418 3354 1996 3430">
     <span class='ocr_line' id='line_1_38' title="bbox 418 3354 1996 3430; baseline 0.003 -19"><span class='ocrx_word' id='word_1_240' title='bbox 418 3359 680 3427; x_wconf 81' lang='grc' dir='ltr'><em>στοτέρῳ</em></span> <span class='ocrx_word' id='word_1_241' title='bbox 710 3354 954 3413; x_wconf 67' lang='grc' dir='ltr'><em>πάντων</em></span> <span class='ocrx_word' id='word_1_242' title='bbox 976 3361 1175 3430; x_wconf 70' lang='grc' dir='ltr'><em>ἁγίων.</em></span> <span class='ocrx_word' id='word_1_243' title='bbox 1210 3362 1325 3416; x_wconf 87' lang='grc' dir='ltr'><em>Οὐκ</em></span> <span class='ocrx_word' id='word_1_244' title='bbox 1353 3359 1497 3426; x_wconf 79' lang='grc' dir='ltr'><em>εἷπε,</em></span> <span class='ocrx_word' id='word_1_245' title='bbox 1520 3361 1639 3416; x_wconf 90' lang='grc' dir='ltr'><em>Τῶν</em></span> <span class='ocrx_word' id='word_1_246' title='bbox 1663 3361 1996 3417; x_wconf 88' lang='grc' dir='ltr'><em>ἀποστόλων·</em></span> 
     </span>
    </p>
   </div>
   <div class='ocr_carea' id='block_1_37' title="bbox 419 3440 2000 3517">
    <p class='ocr_par' dir='ltr' id='par_1_37' title="bbox 419 3440 2000 3517">
     <span class='ocr_line' id='line_1_39' title="bbox 419 3440 2000 3517; baseline 0.003 -22"><span class='ocrx_word' id='word_1_247' title='bbox 419 3441 564 3495; x_wconf 82' lang='grc' dir='ltr'><em>ὥστε</em></span> <span class='ocrx_word' id='word_1_248' title='bbox 595 3445 818 3496; x_wconf 89' lang='grc' dir='ltr'><em>κάκεῖνο</em></span> <span class='ocrx_word' id='word_1_249' title='bbox 848 3442 1039 3497; x_wconf 88' lang='grc' dir='ltr'><em>τούτου</em></span> <span class='ocrx_word' id='word_1_250' title='bbox 1078 3443 1320 3499; x_wconf 74' lang='grc' dir='ltr'><em>ἔλαττον.</em></span> <span class='ocrx_word' id='word_1_251' title='bbox 1352 3445 1503 3498; x_wconf 85' lang='grc' dir='ltr'><em>Ἐκεῖ</em></span> <span class='ocrx_word' id='word_1_252' title='bbox 1520 3445 1629 3517; x_wconf 89' lang='lat'><em>7&amp;9</em></span> <span class='ocrx_word' id='word_1_253' title='bbox 1665 3440 1836 3505; x_wconf 74' lang='grc' dir='ltr'><em>εἶπεν.</em></span> <span class='ocrx_word' id='word_1_254' title='bbox 1876 3447 2000 3499; x_wconf 76' lang='grc' dir='ltr'><em>Οὐκ</em></span> 
     </span>
    </p>
   </div>
   <div class='ocr_carea' id='block_1_38' title="bbox 416 3525 2000 3594">
    <p class='ocr_par' dir='ltr' id='par_1_38' title="bbox 416 3525 2000 3594">
     <span class='ocr_line' id='line_1_40' title="bbox 416 3525 2000 3594; baseline 0.001 -15"><span class='ocrx_word' id='word_1_255' title='bbox 416 3525 534 3593; x_wconf 77' lang='grc' dir='ltr'><em>είμί</em></span> <span class='ocrx_word' id='word_1_256' title='bbox 568 3526 775 3591; x_wconf 78' lang='grc' dir='ltr'><em>ίκανὸς</em></span> <span class='ocrx_word' id='word_1_257' title='bbox 804 3526 1117 3580; x_wconf 83' lang='grc' dir='ltr'><em>καλεῖσθαι</em></span> <span class='ocrx_word' id='word_1_258' title='bbox 1156 3528 1499 3594; x_wconf 70' lang='grc' dir='ltr'><em>ἀπόστολος</em></span> <span class='ocrx_word' id='word_1_259' title='bbox 1518 3544 1531 3557; x_wconf 92' lang='grc'><strong>·</strong></span> <span class='ocrx_word' id='word_1_260' title='bbox 1570 3528 1804 3582; x_wconf 86' lang='grc' dir='ltr'><em>ἐνταῦθα</em></span> <span class='ocrx_word' id='word_1_261' title='bbox 1822 3528 1880 3581; x_wconf 73' lang='grc' dir='ltr'><em>δὲ</em></span> <span class='ocrx_word' id='word_1_262' title='bbox 1906 3527 2000 3582; x_wconf 75' lang='grc' dir='ltr'><em>καὶ</em></span> 
     </span>
    </p>
   </div>
   <div class='ocr_carea' id='block_1_39' title="bbox 417 3606 1994 3681">
    <p class='ocr_par' dir='ltr' id='par_1_39' title="bbox 417 3606 1994 3681">
     <span class='ocr_line' id='line_1_41' title="bbox 417 3606 1994 3681; baseline 0.002 -21"><span class='ocrx_word' id='word_1_263' title='bbox 417 3607 527 3660; x_wconf 89' lang='grc' dir='ltr'><em>τῶν</em></span> <span class='ocrx_word' id='word_1_264' title='bbox 553 3606 724 3676; x_wconf 88' lang='grc' dir='ltr'><em>ἀγίων</em></span> <span class='ocrx_word' id='word_1_265' title='bbox 751 3608 967 3660; x_wconf 81' lang='grc' dir='ltr'><em>πάντων</em></span> <span class='ocrx_word' id='word_1_266' title='bbox 991 3607 1402 3681; x_wconf 84' lang='grc' dir='ltr'><em>ἐλαχιστότερον</em></span> <span class='ocrx_word' id='word_1_267' title='bbox 1435 3606 1576 3662; x_wconf 76' lang='grc' dir='ltr'><em>εἷναί</em></span> <span class='ocrx_word' id='word_1_268' title='bbox 1598 3626 1780 3679; x_wconf 90' lang='grc' dir='ltr'><em>φησιν.</em></span> <span class='ocrx_word' id='word_1_269' title='bbox 1811 3610 1994 3679; x_wconf 84' lang='grc' dir='ltr'><em>Ἐμοί,</em></span> 
     </span>
    </p>
   </div>
   <div class='ocr_carea' id='block_1_40' title="bbox 418 3687 1997 3761">
    <p class='ocr_par' dir='ltr' id='par_1_40' title="bbox 418 3687 1997 3761">
     <span class='ocr_line' id='line_1_42' title="bbox 418 3687 1997 3761; baseline 0.001 -18"><span class='ocrx_word' id='word_1_270' title='bbox 418 3690 577 3761; x_wconf 79' lang='grc' dir='ltr'><em>φησί,</em></span> <span class='ocrx_word' id='word_1_271' title='bbox 615 3687 696 3754; x_wconf 88' lang='grc' dir='ltr'><em>τῷ</em></span> <span class='ocrx_word' id='word_1_272' title='bbox 726 3690 1167 3757; x_wconf 76' lang='grc' dir='ltr'><em>ἐλαχιστοτέρῳ</em></span> <span class='ocrx_word' id='word_1_273' title='bbox 1210 3689 1456 3744; x_wconf 80' lang='grc' dir='ltr'><em>πάντων</em></span> <span class='ocrx_word' id='word_1_274' title='bbox 1510 3692 1695 3760; x_wconf 81' lang='grc' dir='ltr'><em>ἀτίων</em></span> <span class='ocrx_word' id='word_1_275' title='bbox 1731 3691 1908 3759; x_wconf 84' lang='grc' dir='ltr'><em>ἐδόθη</em></span> <span class='ocrx_word' id='word_1_276' title='bbox 1956 3691 1997 3758; x_wconf 76' lang='grc' dir='ltr'><strong>ἠ</strong></span> 
     </span>
    </p>
   </div>
   <div class='ocr_carea' id='block_1_41' title="bbox 417 3772 1999 3842">
    <p class='ocr_par' dir='ltr' id='par_1_41' title="bbox 417 3772 1999 3842">
     <span class='ocr_line' id='line_1_43' title="bbox 417 3772 1999 3842; baseline 0.003 -18"><span class='ocrx_word' id='word_1_277' title='bbox 417 3773 591 3842; x_wconf 83' lang='grc' dir='ltr'><em>χάρις</em></span> <span class='ocrx_word' id='word_1_278' title='bbox 615 3772 791 3840; x_wconf 84' lang='grc' dir='ltr'><em>αὕτη.</em></span> <span class='ocrx_word' id='word_1_279' title='bbox 823 3772 1000 3838; x_wconf 87' lang='grc' dir='ltr'><em>Ποία;</em></span> <span class='ocrx_word' id='word_1_280' title='bbox 1056 3774 1584 3842; x_wconf 79' lang='grc' dir='ltr'><em>Εὐαγγελίσασθαι</em></span> <span class='ocrx_word' id='word_1_281' title='bbox 1632 3773 1758 3840; x_wconf 88' lang='grc' dir='ltr'><em>τοῖς</em></span> <span class='ocrx_word' id='word_1_282' title='bbox 1795 3774 1999 3829; x_wconf 78' lang='grc' dir='ltr'><em>ἔθνεσι</em></span> 
     </span>
    </p>
   </div>
   <div class='ocr_carea' id='block_1_42' title="bbox 416 3856 2000 3925">
    <p class='ocr_par' dir='ltr' id='par_1_42' title="bbox 416 3856 2000 3925">
     <span class='ocr_line' id='line_1_44' title="bbox 416 3856 2000 3925; baseline 0.001 -15"><span class='ocrx_word' id='word_1_283' title='bbox 416 3857 528 3910; x_wconf 83' lang='grc' dir='ltr'><em>τὸν</em></span> <span class='ocrx_word' id='word_1_284' title='bbox 575 3856 1041 3925; x_wconf 77' lang='grc' dir='ltr'><em>ἀνεξιχνίαστον</em></span> <span class='ocrx_word' id='word_1_285' title='bbox 1084 3857 1352 3911; x_wconf 89' lang='grc' dir='ltr'><em>πλοῦτον</em></span> <span class='ocrx_word' id='word_1_286' title='bbox 1400 3856 1509 3911; x_wconf 88' lang='grc' dir='ltr'><em>τοῦ</em></span> <span class='ocrx_word' id='word_1_287' title='bbox 1565 3858 1845 3925; x_wconf 78' lang='grc' dir='ltr'><em>Χριστοῦ,</em></span> <span class='ocrx_word' id='word_1_288' title='bbox 1901 3857 2000 3912; x_wconf 79' lang='grc' dir='ltr'><em>καὶ</em></span> 
     </span>
    </p>
   </div>
   <div class='ocr_carea' id='block_1_43' title="bbox 417 3938 1998 4010">
    <p class='ocr_par' dir='ltr' id='par_1_43' title="bbox 417 3938 1998 4010">
     <span class='ocr_line' id='line_1_45' title="bbox 417 3938 1998 4010; baseline 0.001 -17"><span class='ocrx_word' id='word_1_289' title='bbox 417 3940 673 4010; x_wconf 90' lang='grc' dir='ltr'><em>φωτίσαι</em></span> <span class='ocrx_word' id='word_1_290' title='bbox 708 3938 959 4005; x_wconf 78' lang='grc' dir='ltr'><em>πάντας,</em></span> <span class='ocrx_word' id='word_1_291' title='bbox 990 3938 1082 4005; x_wconf 90' lang='grc' dir='ltr'><em>τίς</em></span> <span class='ocrx_word' id='word_1_292' title='bbox 1118 3940 1156 4007; x_wconf 82' lang='grc' dir='ltr'><strong><em>ἠ</em></strong></span> <span class='ocrx_word' id='word_1_293' title='bbox 1190 3939 1499 4008; x_wconf 74' lang='grc' dir='ltr'><em>οἰκονομία</em></span> <span class='ocrx_word' id='word_1_294' title='bbox 1530 3938 1636 3993; x_wconf 87' lang='grc' dir='ltr'><em>τοῦ</em></span> <span class='ocrx_word' id='word_1_295' title='bbox 1657 3940 1998 4008; x_wconf 84' lang='grc' dir='ltr'><em>μυστηρίου</em></span> 
     </span>
    </p>
   </div>
   <div class='ocr_carea' id='block_1_44' title="bbox 418 4020 2000 4091">
    <p class='ocr_par' dir='ltr' id='par_1_44' title="bbox 418 4020 2000 4091">
     <span class='ocr_line' id='line_1_46' title="bbox 418 4020 2000 4091; baseline -0.001 -14"><span class='ocrx_word' id='word_1_296' title='bbox 418 4023 525 4077; x_wconf 88' lang='grc' dir='ltr'><em>τοῦ</em></span> <span class='ocrx_word' id='word_1_297' title='bbox 573 4020 1158 4091; x_wconf 65' lang='grc' dir='ltr'><em>ἀποκεκάὶυμμένου</em></span> <span class='ocrx_word' id='word_1_298' title='bbox 1213 4021 1334 4076; x_wconf 87' lang='grc' dir='ltr'><em>ἀπὸ</em></span> <span class='ocrx_word' id='word_1_299' title='bbox 1388 4021 1508 4075; x_wconf 89' lang='grc' dir='ltr'><em>τῶν</em></span> <span class='ocrx_word' id='word_1_300' title='bbox 1544 4020 1776 4075; x_wconf 82' lang='grc' dir='ltr'><em>αἰώνων</em></span> <span class='ocrx_word' id='word_1_301' title='bbox 1817 4022 1888 4074; x_wconf 84' lang='grc' dir='ltr'><em>ἐν</em></span> <span class='ocrx_word' id='word_1_302' title='bbox 1918 4021 2000 4088; x_wconf 88' lang='grc' dir='ltr'><em>τῷ</em></span> 
     </span>
    </p>
   </div>
   <div class='ocr_carea' id='block_1_45' title="bbox 418 4105 1999 4177">
    <p class='ocr_par' dir='ltr' id='par_1_45' title="bbox 418 4105 1999 4177">
     <span class='ocr_line' id='line_1_47' title="bbox 418 4105 1999 4177; baseline -0.003 -15"><span class='ocrx_word' id='word_1_303' title='bbox 418 4106 561 4174; x_wconf 87' lang='grc' dir='ltr'><em>Θεῷ,</em></span> <span class='ocrx_word' id='word_1_304' title='bbox 590 4109 670 4174; x_wconf 87' lang='grc' dir='ltr'><em>τῷ</em></span> <span class='ocrx_word' id='word_1_305' title='bbox 702 4108 772 4161; x_wconf 86' lang='grc' dir='ltr'><em>τὰ</em></span> <span class='ocrx_word' id='word_1_306' title='bbox 825 4106 1022 4160; x_wconf 79' lang='grc' dir='ltr'><em>πάντα</em></span> <span class='ocrx_word' id='word_1_307' title='bbox 1063 4106 1340 4160; x_wconf 84' lang='grc' dir='ltr'><em>κτίσαντι</em></span> <span class='ocrx_word' id='word_1_308' title='bbox 1362 4105 1461 4159; x_wconf 83' lang='grc' dir='ltr'><em>διὰ</em></span> <span class='ocrx_word' id='word_1_309' title='bbox 1485 4105 1602 4177; x_wconf 68' lang='grc'><em>[46]</em></span> <span class='ocrx_word' id='word_1_310' title='bbox 1637 4106 1834 4172; x_wconf 86' lang='grc' dir='ltr'><em>Ἰησοῦ</em></span> <span class='ocrx_word' id='word_1_311' title='bbox 1866 4109 1999 4175; x_wconf 80' lang='grc' dir='ltr'><em>Χρι-</em></span> 
     </span>
    </p>
   </div>
   <div class='ocr_carea' id='block_1_46' title="bbox 414 4189 1999 4261">
    <p class='ocr_par' dir='ltr' id='par_1_46' title="bbox 414 4189 1999 4261">
     <span class='ocr_line' id='line_1_48' title="bbox 414 4189 1999 4261; baseline -0.001 -15"><span class='ocrx_word' id='word_1_312' title='bbox 414 4191 590 4254; x_wconf 80' lang='grc' dir='ltr'><em>στοῦ,</em></span> <span class='ocrx_word' id='word_1_313' title='bbox 648 4192 750 4244; x_wconf 83' lang='grc' dir='ltr'><em>ἵνα</em></span> <span class='ocrx_word' id='word_1_314' title='bbox 806 4189 1112 4259; x_wconf 76' lang='grc' dir='ltr'><em>γνωρισθῇ</em></span> <span class='ocrx_word' id='word_1_315' title='bbox 1162 4189 1279 4245; x_wconf 87' lang='grc' dir='ltr'><em>νῦν</em></span> <span class='ocrx_word' id='word_1_316' title='bbox 1307 4190 1439 4257; x_wconf 89' lang='grc' dir='ltr'><em>ταῖς</em></span> <span class='ocrx_word' id='word_1_317' title='bbox 1474 4190 1685 4261; x_wconf 81' lang='grc' dir='ltr'><em>ἀρχαῖς</em></span> <span class='ocrx_word' id='word_1_318' title='bbox 1723 4190 1821 4244; x_wconf 80' lang='grc' dir='ltr'><em>καὶ</em></span> <span class='ocrx_word' id='word_1_319' title='bbox 1868 4191 1999 4258; x_wconf 87' lang='grc' dir='ltr'><em>ταῖς</em></span> 
     </span>
    </p>
   </div>
   <div class='ocr_carea' id='block_1_47' title="bbox 415 4273 1997 4345">
    <p class='ocr_par' dir='ltr' id='par_1_47' title="bbox 415 4273 1997 4345">
     <span class='ocr_line' id='line_1_49' title="bbox 415 4273 1997 4345; baseline 0.001 -16"><span class='ocrx_word' id='word_1_320' title='bbox 415 4274 727 4341; x_wconf 70' lang='grc' dir='ltr'><em>ἐξουσίαις</em></span> <span class='ocrx_word' id='word_1_321' title='bbox 757 4275 829 4328; x_wconf 81' lang='grc' dir='ltr'><em>ἐν</em></span> <span class='ocrx_word' id='word_1_322' title='bbox 882 4273 1007 4339; x_wconf 81' lang='grc' dir='ltr'><em>τοῖς</em></span> <span class='ocrx_word' id='word_1_323' title='bbox 1045 4273 1426 4342; x_wconf 78' lang='grc' dir='ltr'><em>ἐπουρανίοις</em></span> <span class='ocrx_word' id='word_1_324' title='bbox 1455 4273 1556 4329; x_wconf 83' lang='grc' dir='ltr'><em>διὰ</em></span> <span class='ocrx_word' id='word_1_325' title='bbox 1600 4274 1710 4344; x_wconf 85' lang='grc' dir='ltr'><em>τῆς</em></span> <span class='ocrx_word' id='word_1_326' title='bbox 1741 4276 1997 4345; x_wconf 80' lang='grc' dir='ltr'><em>Ἐκκλη-</em></span> 
     </span>
    </p>
   </div>
   <div class='ocr_carea' id='block_1_48' title="bbox 416 4358 1999 4428">
    <p class='ocr_par' dir='ltr' id='par_1_48' title="bbox 416 4358 1999 4428">
     <span class='ocr_line' id='line_1_50' title="bbox 416 4358 1999 4428; baseline 0.001 -15"><span class='ocrx_word' id='word_1_327' title='bbox 416 4361 560 4424; x_wconf 86' lang='grc' dir='ltr'><em>σιάς</em></span> <span class='ocrx_word' id='word_1_328' title='bbox 581 4359 621 4426; x_wconf 79' lang='grc' dir='ltr'>ἠ</span> <span class='ocrx_word' id='word_1_329' title='bbox 649 4358 1089 4425; x_wconf 74' lang='grc' dir='ltr'><em>πολυποίκιλος</em></span> <span class='ocrx_word' id='word_1_330' title='bbox 1116 4359 1303 4428; x_wconf 87' lang='grc' dir='ltr'><em>σοφία</em></span> <span class='ocrx_word' id='word_1_331' title='bbox 1331 4358 1438 4414; x_wconf 90' lang='grc' dir='ltr'><em>τοῦ</em></span> <span class='ocrx_word' id='word_1_332' title='bbox 1471 4359 1638 4414; x_wconf 81' lang='grc' dir='ltr'><em>Θεοῦ.</em></span> <span class='ocrx_word' id='word_1_333' title='bbox 1668 4359 1872 4426; x_wconf 88' lang='grc' dir='ltr'><em>Ἔστω,</em></span> <span class='ocrx_word' id='word_1_334' title='bbox 1904 4361 1999 4414; x_wconf 83' lang='grc' dir='ltr'><em>ἀν-</em></span> 
     </span>
    </p>
   </div>
   <div class='ocr_carea' id='block_1_49' title="bbox 299 4432 1995 4514">
    <p class='ocr_par' dir='ltr' id='par_1_49' title="bbox 299 4432 1995 4514">
     <span class='ocr_line' id='line_1_51' title="bbox 299 4432 1995 4514; baseline 0.003 -21"><span class='ocrx_word' id='word_1_335' title='bbox 299 4432 311 4438; x_wconf 67' lang='grc'><strong>’</strong></span> <span class='ocrx_word' id='word_1_336' title='bbox 416 4443 657 4514; x_wconf 82' lang='grc' dir='ltr'><em>θρώποις</em></span> <span class='ocrx_word' id='word_1_337' title='bbox 706 4444 807 4497; x_wconf 86' lang='grc' dir='ltr'><em>οὐκ</em></span> <span class='ocrx_word' id='word_1_338' title='bbox 860 4441 1265 4514; x_wconf 76' lang='grc' dir='ltr'><em>ἀπεκαλύφθη·</em></span> <span class='ocrx_word' id='word_1_339' title='bbox 1325 4444 1421 4497; x_wconf 81' lang='grc' dir='ltr'><em>καὶ</em></span> <span class='ocrx_word' id='word_1_340' title='bbox 1457 4443 1728 4513; x_wconf 81' lang='grc' dir='ltr'><em>ἀγγέλους</em></span> <span class='ocrx_word' id='word_1_341' title='bbox 1766 4443 1862 4498; x_wconf 77' lang='grc' dir='ltr'><em>καὶ</em></span> <span class='ocrx_word' id='word_1_342' title='bbox 1892 4445 1995 4514; x_wconf 86' lang='grc' dir='ltr'><em>ἀρ-</em></span> 
     </span>
    </p>
   </div>
   <div class='ocr_carea' id='block_1_50' title="bbox 414 4526 1993 4602">
    <p class='ocr_par' dir='ltr' id='par_1_50' title="bbox 414 4526 1993 4602">
     <span class='ocr_line' id='line_1_52' title="bbox 414 4526 1993 4602; baseline -0.003 -18"><span class='ocrx_word' id='word_1_343' title='bbox 414 4528 717 4602; x_wconf 79' lang='grc' dir='ltr'><em>χαγγέλους</em></span> <span class='ocrx_word' id='word_1_344' title='bbox 743 4526 1019 4597; x_wconf 72' lang='grc' dir='ltr'><em>φωτίζεις,</em></span> <span class='ocrx_word' id='word_1_345' title='bbox 1065 4529 1159 4582; x_wconf 73' lang='grc' dir='ltr'><em>καὶ</em></span> <span class='ocrx_word' id='word_1_346' title='bbox 1187 4528 1361 4598; x_wconf 87' lang='grc' dir='ltr'><em>ἀρχάς</em></span> <span class='ocrx_word' id='word_1_347' title='bbox 1387 4528 1482 4582; x_wconf 78' lang='grc' dir='ltr'><em>καὶ</em></span> <span class='ocrx_word' id='word_1_348' title='bbox 1520 4528 1769 4592; x_wconf 80' lang='grc' dir='ltr'><em>ἐξουσίας</em></span> <span class='ocrx_word' id='word_1_349' title='bbox 1795 4545 1810 4594; x_wconf 90' lang='grc'><strong>;</strong></span> <span class='ocrx_word' id='word_1_350' title='bbox 1862 4527 1993 4591; x_wconf 76' lang='grc' dir='ltr'><em>Ναὶ,</em></span> 
     </span>
    </p>
   </div>
   <div class='ocr_carea' id='block_1_51' title="bbox 415 4609 1997 4681">
    <p class='ocr_par' dir='ltr' id='par_1_51' title="bbox 415 4609 1997 4681">
     <span class='ocr_line' id='line_1_53' title="bbox 415 4609 1997 4681; baseline 0.001 -18"><span class='ocrx_word' id='word_1_351' title='bbox 415 4612 580 4681; x_wconf 82' lang='grc' dir='ltr'><em>φησίν</em></span> <span class='ocrx_word' id='word_1_352' title='bbox 598 4626 614 4641; x_wconf 74' lang='grc' dir='ltr'><strong>ο</strong></span> <span class='ocrx_word' id='word_1_353' title='bbox 649 4612 707 4663; x_wconf 74' lang='grc' dir='ltr'><em>ἐν</em></span> <span class='ocrx_word' id='word_1_354' title='bbox 734 4610 845 4680; x_wconf 83' lang='lat'><em>7&amp;9</em></span> <span class='ocrx_word' id='word_1_355' title='bbox 872 4609 951 4680; x_wconf 82' lang='grc' dir='ltr'><em>τῷ</em></span> <span class='ocrx_word' id='word_1_356' title='bbox 977 4609 1100 4679; x_wconf 85' lang='grc' dir='ltr'><em>Θεῷ</em></span> <span class='ocrx_word' id='word_1_357' title='bbox 1120 4609 1422 4680; x_wconf 79' lang='grc' dir='ltr'><em>κέκρυπτο,</em></span> <span class='ocrx_word' id='word_1_358' title='bbox 1447 4611 1542 4663; x_wconf 78' lang='grc' dir='ltr'><em>καὶ</em></span> <span class='ocrx_word' id='word_1_359' title='bbox 1570 4609 1689 4680; x_wconf 82' lang='grc' dir='ltr'><em>Θεῷ</em></span> <span class='ocrx_word' id='word_1_360' title='bbox 1713 4610 1791 4681; x_wconf 84' lang='grc' dir='ltr'><em>τῷ</em></span> <span class='ocrx_word' id='word_1_361' title='bbox 1816 4610 1997 4664; x_wconf 81' lang='grc' dir='ltr'><em>πάντα</em></span> 
     </span>
    </p>
   </div>
   <div class='ocr_carea' id='block_1_52' title="bbox 414 4691 1993 4761">
    <p class='ocr_par' dir='ltr' id='par_1_52' title="bbox 414 4691 1993 4761">
     <span class='ocr_line' id='line_1_54' title="bbox 414 4691 1993 4761; baseline -0.003 -11"><span class='ocrx_word' id='word_1_362' title='bbox 414 4696 662 4750; x_wconf 77' lang='grc' dir='ltr'><em>κτίσαντι</em></span> <span class='ocrx_word' id='word_1_363' title='bbox 690 4694 779 4747; x_wconf 79' lang='grc' dir='ltr'><em>διὰ</em></span> <span class='ocrx_word' id='word_1_364' title='bbox 824 4691 1021 4761; x_wconf 84' lang='grc' dir='ltr'><em>Ἰησοῦ.</em></span> <span class='ocrx_word' id='word_1_365' title='bbox 1053 4693 1163 4745; x_wconf 78' lang='grc' dir='ltr'><em>Καὶ</em></span> <span class='ocrx_word' id='word_1_366' title='bbox 1186 4692 1394 4761; x_wconf 82' lang='grc' dir='ltr'><em>τολμᾷς</em></span> <span class='ocrx_word' id='word_1_367' title='bbox 1426 4693 1584 4746; x_wconf 88' lang='grc' dir='ltr'><em>τοῦτο</em></span> <span class='ocrx_word' id='word_1_368' title='bbox 1606 4695 1821 4759; x_wconf 76' lang='grc' dir='ltr'><em>εἰπεῖνς</em></span> <span class='ocrx_word' id='word_1_369' title='bbox 1862 4694 1993 4757; x_wconf 76' lang='grc' dir='ltr'><em>Ναὶ,</em></span> 
     </span>
    </p>
   </div>
   <div class='ocr_carea' id='block_1_53' title="bbox 413 4773 1994 4848">
    <p class='ocr_par' dir='ltr' id='par_1_53' title="bbox 413 4773 1994 4848">
     <span class='ocr_line' id='line_1_55' title="bbox 413 4773 1994 4848; baseline -0.001 -17"><span class='ocrx_word' id='word_1_370' title='bbox 413 4778 601 4848; x_wconf 85' lang='grc' dir='ltr'><em>φησίν.</em></span> <span class='ocrx_word' id='word_1_371' title='bbox 632 4775 794 4829; x_wconf 81' lang='grc' dir='ltr'><em>Ἀλλὰ</em></span> <span class='ocrx_word' id='word_1_372' title='bbox 846 4773 1009 4827; x_wconf 84' lang='grc' dir='ltr'><em>πόθεν</em></span> <span class='ocrx_word' id='word_1_373' title='bbox 1056 4775 1213 4828; x_wconf 88' lang='grc' dir='ltr'><em>τοῦτο</em></span> <span class='ocrx_word' id='word_1_374' title='bbox 1261 4776 1421 4844; x_wconf 76' lang='grc' dir='ltr'><em>δῆλον</em></span> <span class='ocrx_word' id='word_1_375' title='bbox 1458 4778 1570 4838; x_wconf 86' lang='grc' dir='ltr'><em>τοῖς</em></span> <span class='ocrx_word' id='word_1_376' title='bbox 1617 4776 1871 4844; x_wconf 85' lang='grc' dir='ltr'><em>ἀγγέλοις</em></span> <span class='ocrx_word' id='word_1_377' title='bbox 1898 4777 1994 4845; x_wconf 81' lang='grc' dir='ltr'><em>γέ-</em></span> 
     </span>
    </p>
   </div>
   <div class='ocr_carea' id='block_1_54' title="bbox 412 4853 1992 4929">
    <p class='ocr_par' dir='ltr' id='par_1_54' title="bbox 412 4853 1992 4929">
     <span class='ocr_line' id='line_1_56' title="bbox 412 4853 1992 4929; baseline -0.003 -15"><span class='ocrx_word' id='word_1_378' title='bbox 412 4877 578 4929; x_wconf 80' lang='grc' dir='ltr'><em>γονε;</em></span> <span class='ocrx_word' id='word_1_379' title='bbox 617 4858 716 4911; x_wconf 77' lang='grc' dir='ltr'><em>Διά</em></span> <span class='ocrx_word' id='word_1_380' title='bbox 757 4856 858 4928; x_wconf 79' lang='grc' dir='ltr'><em>τῆς</em></span> <span class='ocrx_word' id='word_1_381' title='bbox 893 4856 1243 4929; x_wconf 85' lang='grc' dir='ltr'><em>Ἐκκλησίας.</em></span> <span class='ocrx_word' id='word_1_382' title='bbox 1296 4857 1407 4911; x_wconf 73' lang='grc' dir='ltr'><em>Καὶ</em></span> <span class='ocrx_word' id='word_1_383' title='bbox 1448 4857 1571 4911; x_wconf 77' lang='grc' dir='ltr'><em>οὐδὲ</em></span> <span class='ocrx_word' id='word_1_384' title='bbox 1601 4857 1788 4921; x_wconf 80' lang='grc' dir='ltr'><em>ἁπλῶς</em></span> <span class='ocrx_word' id='word_1_385' title='bbox 1816 4853 1992 4924; x_wconf 77' lang='grc' dir='ltr'><em>εἶπεν,</em></span> 
     </span>
    </p>
   </div>
   <div class='ocr_carea' id='block_1_55' title="bbox 424 4938 1993 5012">
    <p class='ocr_par' dir='ltr' id='par_1_55' title="bbox 424 4938 1993 5012">
     <span class='ocr_line' id='line_1_57' title="bbox 424 4938 1993 5012; baseline -0.001 -15"><span class='ocrx_word' id='word_1_386' title='bbox 424 4944 490 4997; x_wconf 83' lang='grc' dir='ltr'><strong>Ἦ</strong></span> <span class='ocrx_word' id='word_1_387' title='bbox 523 4941 742 5012; x_wconf 79' lang='grc' dir='ltr'><em>ποικίλη</em></span> <span class='ocrx_word' id='word_1_388' title='bbox 776 4940 939 5009; x_wconf 80' lang='grc' dir='ltr'><em>σοφία</em></span> <span class='ocrx_word' id='word_1_389' title='bbox 965 4938 1060 4993; x_wconf 84' lang='grc' dir='ltr'><em>τοῦ</em></span> <span class='ocrx_word' id='word_1_390' title='bbox 1081 4938 1239 5004; x_wconf 76' lang='grc' dir='ltr'><em>Θεοῦ,</em></span> <span class='ocrx_word' id='word_1_391' title='bbox 1265 4939 1404 5001; x_wconf 86' lang='grc' dir='ltr'><em>ἀλλ’,</em></span> <span class='ocrx_word' id='word_1_392' title='bbox 1446 4941 1509 4994; x_wconf 85' lang='grc' dir='ltr'><strong>Ἠ</strong></span> <span class='ocrx_word' id='word_1_393' title='bbox 1533 4941 1993 5007; x_wconf 84' lang='grc' dir='ltr'><em>πολυποίκιλος.</em></span> 
     </span>
    </p>
   </div>
   <div class='ocr_carea' id='block_1_56' title="bbox 412 5020 1991 5093">
    <p class='ocr_par' dir='ltr' id='par_1_56' title="bbox 412 5020 1991 5093">
     <span class='ocr_line' id='line_1_58' title="bbox 412 5020 1991 5093; baseline -0.004 -13"><span class='ocrx_word' id='word_1_394' title='bbox 412 5026 480 5080; x_wconf 88' lang='grc' dir='ltr'><em>Τί</em></span> <span class='ocrx_word' id='word_1_395' title='bbox 507 5021 602 5080; x_wconf 76' lang='grc' dir='ltr'><em>οὗν</em></span> <span class='ocrx_word' id='word_1_396' title='bbox 631 5024 747 5078; x_wconf 78' lang='grc' dir='ltr'><em>ἐστι</em></span> <span class='ocrx_word' id='word_1_397' title='bbox 775 5022 969 5089; x_wconf 79' lang='grc' dir='ltr'><em>τοῦτος</em></span> <span class='ocrx_word' id='word_1_398' title='bbox 1006 5022 1106 5075; x_wconf 82' lang='grc' dir='ltr'><em>οὐκ</em></span> <span class='ocrx_word' id='word_1_399' title='bbox 1154 5020 1351 5093; x_wconf 88' lang='grc' dir='ltr'><em>ᾔδεσαν</em></span> <span class='ocrx_word' id='word_1_400' title='bbox 1380 5022 1603 5092; x_wconf 73' lang='grc' dir='ltr'><em>ἄγγελοι</em></span> <span class='ocrx_word' id='word_1_401' title='bbox 1628 5040 1643 5081; x_wconf 88' lang='lat'><strong>:</strong></span> <span class='ocrx_word' id='word_1_402' title='bbox 1687 5022 1955 5093; x_wconf 82' lang='grc' dir='ltr'><em>Οὐδαμῶς</em></span> <span class='ocrx_word' id='word_1_403' title='bbox 1976 5040 1991 5056; x_wconf 81' lang='lat'><strong>-</strong></span> 
     </span>
    </p>
   </div>
   <div class='ocr_carea' id='block_1_57' title="bbox 413 5104 1996 5181">
    <p class='ocr_par' dir='ltr' id='par_1_57' title="bbox 413 5104 1996 5181">
     <span class='ocr_line' id='line_1_59' title="bbox 413 5104 1996 5181; baseline -0.003 -17"><span class='ocrx_word' id='word_1_404' title='bbox 413 5112 463 5164; x_wconf 84' lang='grc' dir='ltr'><em>εἰ</em></span> <span class='ocrx_word' id='word_1_405' title='bbox 491 5108 603 5180; x_wconf 84' lang='grc' dir='ltr'><em>γάρ</em></span> <span class='ocrx_word' id='word_1_406' title='bbox 630 5108 799 5181; x_wconf 77' lang='grc' dir='ltr'><em>ἀρχαὶ</em></span> <span class='ocrx_word' id='word_1_407' title='bbox 836 5107 938 5161; x_wconf 81' lang='grc' dir='ltr'><em>οὐκ</em></span> <span class='ocrx_word' id='word_1_408' title='bbox 960 5106 1182 5178; x_wconf 88' lang='grc' dir='ltr'><em>ᾔδεσαν,</em></span> <span class='ocrx_word' id='word_1_409' title='bbox 1208 5106 1389 5176; x_wconf 84' lang='grc' dir='ltr'><em>πολλῷ</em></span> <span class='ocrx_word' id='word_1_410' title='bbox 1416 5106 1617 5177; x_wconf 80' lang='grc' dir='ltr'><em>μᾶλλον</em></span> <span class='ocrx_word' id='word_1_411' title='bbox 1646 5104 1869 5175; x_wconf 84' lang='grc' dir='ltr'><em>ἀγγελοι</em></span> <span class='ocrx_word' id='word_1_412' title='bbox 1894 5107 1996 5160; x_wconf 78' lang='grc' dir='ltr'><em>οὐκ</em></span> 
     </span>
    </p>
   </div>
   <div class='ocr_carea' id='block_1_58' title="bbox 413 5186 1994 5264">
    <p class='ocr_par' dir='ltr' id='par_1_58' title="bbox 413 5186 1994 5264">
     <span class='ocr_line' id='line_1_60' title="bbox 413 5186 1994 5264; baseline -0.002 -18"><span class='ocrx_word' id='word_1_413' title='bbox 413 5193 612 5264; x_wconf 83' lang='grc' dir='ltr'><em>ᾔδεσαν</em></span> <span class='ocrx_word' id='word_1_414' title='bbox 640 5191 725 5246; x_wconf 82' lang='grc' dir='ltr'><em>ἀν.</em></span> <span class='ocrx_word' id='word_1_415' title='bbox 766 5190 832 5244; x_wconf 88' lang='grc' dir='ltr'><em>Τί</em></span> <span class='ocrx_word' id='word_1_416' title='bbox 876 5186 1000 5258; x_wconf 80' lang='grc' dir='ltr'><em>οὗν;</em></span> <span class='ocrx_word' id='word_1_417' title='bbox 1049 5189 1173 5243; x_wconf 73' lang='grc' dir='ltr'><em>οὐδὲ</em></span> <span class='ocrx_word' id='word_1_418' title='bbox 1206 5188 1541 5260; x_wconf 81' lang='grc' dir='ltr'><em>ἀρχάγγελοι</em></span> <span class='ocrx_word' id='word_1_419' title='bbox 1588 5189 1820 5261; x_wconf 87' lang='grc' dir='ltr'><em>ᾔδεσαν;</em></span> <span class='ocrx_word' id='word_1_420' title='bbox 1858 5189 1994 5243; x_wconf 77' lang='grc' dir='ltr'><em>υύδὲ</em></span> 
     </span>
    </p>
   </div>
   <div class='ocr_carea' id='block_1_59' title="bbox 412 5271 1989 5344">
    <p class='ocr_par' dir='ltr' id='par_1_59' title="bbox 412 5271 1989 5344">
     <span class='ocr_line' id='line_1_61' title="bbox 412 5271 1989 5344; baseline -0.003 -14"><span class='ocrx_word' id='word_1_421' title='bbox 412 5278 613 5330; x_wconf 77' lang='grc' dir='ltr'><em>ἐκεῖνοι</em></span> <span class='ocrx_word' id='word_1_422' title='bbox 633 5292 647 5305; x_wconf 74' lang='grc' dir='ltr'><strong>ο</strong></span> <span class='ocrx_word' id='word_1_423' title='bbox 687 5274 852 5328; x_wconf 86' lang='grc' dir='ltr'><em>πόθεν</em></span> <span class='ocrx_word' id='word_1_424' title='bbox 891 5273 950 5328; x_wconf 69' lang='grc' dir='ltr'><em>δὲ</em></span> <span class='ocrx_word' id='word_1_425' title='bbox 979 5274 1074 5327; x_wconf 75' lang='grc' dir='ltr'><em>καὶ</em></span> <span class='ocrx_word' id='word_1_426' title='bbox 1108 5271 1334 5344; x_wconf 78' lang='grc' dir='ltr'><em>ἔμελλον</em></span> <span class='ocrx_word' id='word_1_427' title='bbox 1363 5272 1646 5338; x_wconf 73' lang='grc' dir='ltr'><em>εἴσεσθαις</em></span> <span class='ocrx_word' id='word_1_428' title='bbox 1681 5272 1824 5336; x_wconf 87' lang='grc' dir='ltr'><em>τίνος</em></span> <span class='ocrx_word' id='word_1_429' title='bbox 1853 5273 1989 5327; x_wconf 85' lang='grc' dir='ltr'><em>ἀπο-</em></span> 
     </span>
    </p>
   </div>
   <div class='ocr_carea' id='block_1_60' title="bbox 412 5355 1993 5427">
    <p class='ocr_par' dir='ltr' id='par_1_60' title="bbox 412 5355 1993 5427">
     <span class='ocr_line' id='line_1_62' title="bbox 412 5355 1993 5427; baseline -0.004 -13"><span class='ocrx_word' id='word_1_430' title='bbox 412 5359 813 5423; x_wconf 73' lang='grc' dir='ltr'><em>καλύπτοντοςς</em></span> <span class='ocrx_word' id='word_1_431' title='bbox 851 5356 982 5409; x_wconf 87' lang='grc' dir='ltr'><em>Ὅτε</em></span> <span class='ocrx_word' id='word_1_432' title='bbox 1036 5357 1197 5426; x_wconf 77' lang='grc' dir='ltr'><em>ἡμεῖς</em></span> <span class='ocrx_word' id='word_1_433' title='bbox 1249 5356 1549 5427; x_wconf 83' lang='grc' dir='ltr'><em>ἐμάθομεν,</em></span> <span class='ocrx_word' id='word_1_434' title='bbox 1587 5355 1707 5409; x_wconf 86' lang='grc' dir='ltr'><em>τότε</em></span> <span class='ocrx_word' id='word_1_435' title='bbox 1747 5356 1993 5410; x_wconf 88' lang='grc' dir='ltr'><em>κάκεῖνοι</em></span> 
     </span>
    </p>
   </div>
   <div class='ocr_carea' id='block_1_61' title="bbox 410 5438 1993 5515">
    <p class='ocr_par' dir='ltr' id='par_1_61' title="bbox 410 5438 1993 5515">
     <span class='ocr_line' id='line_1_63' title="bbox 410 5438 1993 5515; baseline -0.003 -16"><span class='ocrx_word' id='word_1_436' title='bbox 410 5445 480 5499; x_wconf 83' lang='grc' dir='ltr'><em>δι’</em></span> <span class='ocrx_word' id='word_1_437' title='bbox 509 5441 689 5515; x_wconf 76' lang='grc' dir='ltr'><em>ήμῶν.</em></span> <span class='ocrx_word' id='word_1_438' title='bbox 718 5441 919 5496; x_wconf 83' lang='grc' dir='ltr'><em>Ἀκουε</em></span> <span class='ocrx_word' id='word_1_439' title='bbox 953 5438 1063 5511; x_wconf 86' lang='grc' dir='ltr'><em>γὰρ</em></span> <span class='ocrx_word' id='word_1_440' title='bbox 1084 5439 1178 5494; x_wconf 89' lang='grc' dir='ltr'><em>τοῦ</em></span> <span class='ocrx_word' id='word_1_441' title='bbox 1199 5441 1433 5510; x_wconf 81' lang='grc' dir='ltr'><em>ἀγγέλου</em></span> <span class='ocrx_word' id='word_1_442' title='bbox 1453 5439 1705 5507; x_wconf 83' lang='grc' dir='ltr'><em>λέγοντος</em></span> <span class='ocrx_word' id='word_1_443' title='bbox 1737 5439 1873 5511; x_wconf 83' lang='grc' dir='ltr'><em>πρὸς</em></span> <span class='ocrx_word' id='word_1_444' title='bbox 1900 5441 1993 5495; x_wconf 87' lang='grc' dir='ltr'><em>τὸν</em></span> 
     </span>
    </p>
   </div>
   <div class='ocr_carea' id='block_1_62' title="bbox 424 5521 1994 5597">
    <p class='ocr_par' dir='ltr' id='par_1_62' title="bbox 424 5521 1994 5597">
     <span class='ocr_line' id='line_1_64' title="bbox 424 5521 1994 5597; baseline -0.003 -16"><span class='ocrx_word' id='word_1_445' title='bbox 424 5528 623 5597; x_wconf 86' lang='grc' dir='ltr'><em>Ἰωσήφ</em></span> <span class='ocrx_word' id='word_1_446' title='bbox 647 5543 662 5558; x_wconf 90' lang='grc'><strong>·</strong></span> <span class='ocrx_word' id='word_1_447' title='bbox 703 5522 1000 5589; x_wconf 80' lang='grc' dir='ltr'><em>Καλέσεις</em></span> <span class='ocrx_word' id='word_1_448' title='bbox 1026 5521 1094 5576; x_wconf 83' lang='grc' dir='ltr'><em>τό</em></span> <span class='ocrx_word' id='word_1_449' title='bbox 1127 5523 1316 5594; x_wconf 81' lang='grc' dir='ltr'><em>ὄνομα</em></span> <span class='ocrx_word' id='word_1_450' title='bbox 1346 5523 1534 5578; x_wconf 75' lang='grc' dir='ltr'><em>αὐτοῦ</em></span> <span class='ocrx_word' id='word_1_451' title='bbox 1568 5522 1814 5591; x_wconf 83' lang='grc' dir='ltr'><em>Ἰησοῦν</em></span> <span class='ocrx_word' id='word_1_452' title='bbox 1839 5541 1854 5555; x_wconf 89' lang='grc'><strong>·</strong></span> <span class='ocrx_word' id='word_1_453' title='bbox 1888 5525 1994 5579; x_wconf 85' lang='grc' dir='ltr'><em>αὑ-</em></span> 
     </span>
    </p>
   </div>
   <div class='ocr_carea' id='block_1_63' title="bbox 411 5602 1993 5681">
    <p class='ocr_par' dir='ltr' id='par_1_63' title="bbox 411 5602 1993 5681">
     <span class='ocr_line' id='line_1_65' title="bbox 411 5602 1993 5681; baseline -0.003 -18"><span class='ocrx_word' id='word_1_454' title='bbox 411 5611 516 5677; x_wconf 81' lang='grc' dir='ltr'><em>τὸς</em></span> <span class='ocrx_word' id='word_1_455' title='bbox 542 5608 653 5681; x_wconf 75' lang='grc' dir='ltr'><em>γὰρ</em></span> <span class='ocrx_word' id='word_1_456' title='bbox 697 5606 886 5664; x_wconf 82' lang='grc' dir='ltr'><em>σώσει</em></span> <span class='ocrx_word' id='word_1_457' title='bbox 933 5608 1044 5663; x_wconf 76' lang='grc' dir='ltr'><em>τὸν</em></span> <span class='ocrx_word' id='word_1_458' title='bbox 1073 5605 1229 5661; x_wconf 80' lang='grc' dir='ltr'><em>λαόν</em></span> <span class='ocrx_word' id='word_1_459' title='bbox 1276 5605 1462 5660; x_wconf 87' lang='grc' dir='ltr'><em>αὐτοῦ</em></span> <span class='ocrx_word' id='word_1_460' title='bbox 1505 5604 1626 5659; x_wconf 83' lang='grc' dir='ltr'><em>ἀπὸ</em></span> <span class='ocrx_word' id='word_1_461' title='bbox 1657 5602 1777 5659; x_wconf 86' lang='grc' dir='ltr'><em>τῶν</em></span> <span class='ocrx_word' id='word_1_462' title='bbox 1806 5605 1993 5674; x_wconf 67' lang='lat' dir='ltr'><em>duap-</em></span> 
     </span>
    </p>
   </div>
   <div class='ocr_carea' id='block_1_64' title="bbox 414 5685 1990 5760">
    <p class='ocr_par' dir='ltr' id='par_1_64' title="bbox 414 5685 1990 5760">
     <span class='ocr_line' id='line_1_66' title="bbox 414 5685 1990 5760; baseline -0.002 -15"><span class='ocrx_word' id='word_1_463' title='bbox 414 5690 557 5746; x_wconf 85' lang='grc' dir='ltr'><em>τιῶν</em></span> <span class='ocrx_word' id='word_1_464' title='bbox 593 5691 809 5746; x_wconf 81' lang='grc' dir='ltr'><em>αὐτῶν.</em></span> <span class='ocrx_word' id='word_1_465' title='bbox 850 5691 1021 5755; x_wconf 80' lang='grc' dir='ltr'><em>Αὐτὸς</em></span> <span class='ocrx_word' id='word_1_466' title='bbox 1054 5688 1336 5760; x_wconf 80' lang='grc' dir='ltr'><em>ἀπεστάλη</em></span> <span class='ocrx_word' id='word_1_467' title='bbox 1371 5690 1450 5752; x_wconf 83' lang='grc' dir='ltr'><em>εἰς</em></span> <span class='ocrx_word' id='word_1_468' title='bbox 1497 5687 1567 5740; x_wconf 74' lang='grc' dir='ltr'><em>τὰ</em></span> <span class='ocrx_word' id='word_1_469' title='bbox 1609 5685 1757 5757; x_wconf 75' lang='grc' dir='ltr'><em>ἔθνη,</em></span> <span class='ocrx_word' id='word_1_470' title='bbox 1792 5688 1990 5742; x_wconf 85' lang='grc' dir='ltr'><em>ἐκεῖνοι</em></span> 
     </span>
    </p>
   </div>
   <div class='ocr_carea' id='block_1_65' title="bbox 411 5768 1985 5847">
    <p class='ocr_par' dir='ltr' id='par_1_65' title="bbox 411 5768 1985 5847">
     <span class='ocr_line' id='line_1_67' title="bbox 411 5768 1985 5847; baseline -0.003 -18"><span class='ocrx_word' id='word_1_471' title='bbox 411 5776 468 5829; x_wconf 75' lang='grc' dir='ltr'><em>δὲ</em></span> <span class='ocrx_word' id='word_1_472' title='bbox 504 5776 583 5838; x_wconf 77' lang='grc' dir='ltr'><em>εἰς</em></span> <span class='ocrx_word' id='word_1_473' title='bbox 616 5774 716 5847; x_wconf 72' lang='grc' dir='ltr'><em>τὴν</em></span> <span class='ocrx_word' id='word_1_474' title='bbox 746 5776 1069 5847; x_wconf 82' lang='grc' dir='ltr'><em>περιτομήν.</em></span> <span class='ocrx_word' id='word_1_475' title='bbox 1094 5775 1280 5839; x_wconf 83' lang='grc' dir='ltr'><em>Ὥστε,</em></span> <span class='ocrx_word' id='word_1_476' title='bbox 1316 5773 1377 5824; x_wconf 81' lang='grc' dir='ltr'><em>τὸ</em></span> <span class='ocrx_word' id='word_1_477' title='bbox 1420 5768 1867 5840; x_wconf 80' lang='grc' dir='ltr'><em>θαυμασιώτερον</em></span> <span class='ocrx_word' id='word_1_478' title='bbox 1892 5774 1985 5826; x_wconf 72' lang='grc' dir='ltr'><em>καὶ</em></span> 
     </span>
    </p>
   </div>
   <div class='ocr_carea' id='block_1_66' title="bbox 413 5852 1977 5931">
    <p class='ocr_par' dir='ltr' id='par_1_66' title="bbox 413 5852 1977 5931">
     <span class='ocr_line' id='line_1_68' title="bbox 413 5852 1977 5931; baseline -0.006 -20"><span class='ocrx_word' id='word_1_479' title='bbox 413 5859 737 5931; x_wconf 65' lang='grc' dir='ltr'><em>ἔκπληκτον,</em></span> <span class='ocrx_word' id='word_1_480' title='bbox 792 5859 935 5931; x_wconf 71' lang='grc' dir='ltr'><em>ἐμοὶ,</em></span> <span class='ocrx_word' id='word_1_481' title='bbox 987 5859 1175 5930; x_wconf 73' lang='grc' dir='ltr'><em>φησὶν,</em></span> <span class='ocrx_word' id='word_1_482' title='bbox 1230 5856 1384 5928; x_wconf 77' lang='grc' dir='ltr'><em>ἐδόθη</em></span> <span class='ocrx_word' id='word_1_483' title='bbox 1434 5853 1509 5923; x_wconf 81' lang='grc' dir='ltr'><em>τῷ</em></span> <span class='ocrx_word' id='word_1_484' title='bbox 1562 5852 1977 5926; x_wconf 72' lang='grc' dir='ltr'><em>ἐλαχιστοτέρῳ,</em></span> 
     </span>
    </p>
   </div>
   <div class='ocr_carea' id='block_1_67' title="bbox 2110 1105 3704 1188">
    <p class='ocr_par' dir='ltr' id='par_1_67' title="bbox 2110 1105 3704 1188">
     <span class='ocr_line' id='line_1_69' title="bbox 2110 1105 3704 1188; baseline -0.002 -23"><span class='ocrx_word' id='word_1_485' title='bbox 2110 1110 2224 1166; x_wconf 75' lang='grc' dir='ltr'><em>Καὶ</em></span> <span class='ocrx_word' id='word_1_486' title='bbox 2257 1109 2418 1165; x_wconf 88' lang='grc' dir='ltr'><em>τοῦτο</em></span> <span class='ocrx_word' id='word_1_487' title='bbox 2440 1110 2496 1165; x_wconf 82' lang='grc' dir='ltr'><em>δὲ</em></span> <span class='ocrx_word' id='word_1_488' title='bbox 2530 1110 2753 1182; x_wconf 70' lang='grc' dir='ltr'><em>χάριτος</em></span> <span class='ocrx_word' id='word_1_489' title='bbox 2796 1105 2885 1188; x_wconf 70' lang='grc' dir='ltr'><em>ἦν,</em></span> <span class='ocrx_word' id='word_1_490' title='bbox 2916 1111 2979 1164; x_wconf 79' lang='grc' dir='ltr'><em>τὸ</em></span> <span class='ocrx_word' id='word_1_491' title='bbox 3008 1110 3100 1164; x_wconf 82' lang='grc' dir='ltr'><em>τὸν</em></span> <span class='ocrx_word' id='word_1_492' title='bbox 3141 1109 3338 1182; x_wconf 70' lang='grc' dir='ltr'><em>μικρὸν</em></span> <span class='ocrx_word' id='word_1_493' title='bbox 3367 1110 3440 1166; x_wconf 78' lang='grc' dir='ltr'><em>τὰ</em></span> <span class='ocrx_word' id='word_1_494' title='bbox 3476 1109 3704 1184; x_wconf 81' lang='grc' dir='ltr'><em>μείζονα</em></span> 
     </span>
    </p>
   </div>
   <div class='ocr_carea' id='block_1_68' title="bbox 2110 1192 3703 1267">
    <p class='ocr_par' dir='ltr' id='par_1_68' title="bbox 2110 1192 3703 1267">
     <span class='ocr_line' id='line_1_70' title="bbox 2110 1192 3703 1267; baseline -0.001 -16"><span class='ocrx_word' id='word_1_495' title='bbox 2110 1193 2542 1266; x_wconf 78' lang='grc' dir='ltr'><em>ἐγχειρισθῆναι,</em></span> <span class='ocrx_word' id='word_1_496' title='bbox 2588 1195 2650 1248; x_wconf 83' lang='grc' dir='ltr'><em>τὸ</em></span> <span class='ocrx_word' id='word_1_497' title='bbox 2682 1194 2938 1263; x_wconf 83' lang='grc' dir='ltr'><em>γενέσθαι</em></span> <span class='ocrx_word' id='word_1_498' title='bbox 2965 1192 3173 1248; x_wconf 88' lang='grc' dir='ltr'><em>τούτων</em></span> <span class='ocrx_word' id='word_1_499' title='bbox 3199 1195 3622 1267; x_wconf 83' lang='grc' dir='ltr'><em>εὐαγγελιστήν.</em></span> <span class='ocrx_word' id='word_1_500' title='bbox 3642 1196 3703 1250; x_wconf 87' lang='lat'><em>&#39;0</em></span> 
     </span>
    </p>
   </div>
   <div class='ocr_carea' id='block_1_69' title="bbox 2109 1276 3700 1353">
    <p class='ocr_par' dir='ltr' id='par_1_69' title="bbox 2109 1276 3700 1353">
     <span class='ocr_line' id='line_1_71' title="bbox 2109 1276 3700 1353; baseline 0 -21"><span class='ocrx_word' id='word_1_501' title='bbox 2109 1279 2220 1350; x_wconf 88' lang='lat'><em>7&amp;9</em></span> <span class='ocrx_word' id='word_1_502' title='bbox 2243 1279 2362 1334; x_wconf 88' lang='grc' dir='ltr'><em>τῶν·</em></span> <span class='ocrx_word' id='word_1_503' title='bbox 2401 1278 2666 1350; x_wconf 80' lang='grc' dir='ltr'><em>μειζόνων</em></span> <span class='ocrx_word' id='word_1_504' title='bbox 2695 1277 2987 1348; x_wconf 84' lang='grc' dir='ltr'><em>γενόμενος</em></span> <span class='ocrx_word' id='word_1_505' title='bbox 3039 1276 3459 1349; x_wconf 85' lang='grc' dir='ltr'><em>εύαγγελιστὴς,</em></span> <span class='ocrx_word' id='word_1_506' title='bbox 3523 1279 3700 1353; x_wconf 79' lang='grc' dir='ltr'><em>ταύτῃ</em></span> 
     </span>
    </p>
   </div>
   <div class='ocr_carea' id='block_1_70' title="bbox 2114 1360 3699 1434">
    <p class='ocr_par' dir='ltr' id='par_1_70' title="bbox 2114 1360 3699 1434">
     <span class='ocr_line' id='line_1_72' title="bbox 2114 1360 3699 1434; baseline 0.001 -19"><span class='ocrx_word' id='word_1_507' title='bbox 2114 1363 2286 1433; x_wconf 79' lang='grc' dir='ltr'><em>μέγας</em></span> <span class='ocrx_word' id='word_1_508' title='bbox 2312 1362 2480 1417; x_wconf 82' lang='grc' dir='ltr'><em>ἐστίν.</em></span> <span class='ocrx_word' id='word_1_509' title='bbox 2511 1362 3041 1434; x_wconf 76' lang='grc' dir='ltr'><em>Εὑαγγελίσασθαι</em></span> <span class='ocrx_word' id='word_1_510' title='bbox 3072 1362 3145 1416; x_wconf 80' lang='grc' dir='ltr'><em>ἐν</em></span> <span class='ocrx_word' id='word_1_511' title='bbox 3183 1360 3310 1429; x_wconf 86' lang='grc' dir='ltr'><em>τοῖς</em></span> <span class='ocrx_word' id='word_1_512' title='bbox 3350 1362 3561 1417; x_wconf 73' lang='grc' dir='ltr'><em>ἔθνεσι</em></span> <span class='ocrx_word' id='word_1_513' title='bbox 3591 1364 3699 1417; x_wconf 82' lang='grc' dir='ltr'><em>τὸν</em></span> 
     </span>
    </p>
   </div>
   <div class='ocr_carea' id='block_1_71' title="bbox 2109 1445 3697 1515">
    <p class='ocr_par' dir='ltr' id='par_1_71' title="bbox 2109 1445 3697 1515">
     <span class='ocr_line' id='line_1_73' title="bbox 2109 1445 3697 1515; baseline 0 -15"><span class='ocrx_word' id='word_1_514' title='bbox 2109 1445 2577 1515; x_wconf 80' lang='grc' dir='ltr'><em>ἀνεξιχνίαστον</em></span> <span class='ocrx_word' id='word_1_515' title='bbox 2600 1446 2871 1502; x_wconf 86' lang='grc' dir='ltr'><em>πλοῦτον</em></span> <span class='ocrx_word' id='word_1_516' title='bbox 2898 1445 3006 1500; x_wconf 88' lang='grc' dir='ltr'><em>τοῦ</em></span> <span class='ocrx_word' id='word_1_517' title='bbox 3044 1445 3328 1514; x_wconf 84' lang='grc' dir='ltr'><em>Χριστοῦ.</em></span> <span class='ocrx_word' id='word_1_518' title='bbox 3364 1445 3427 1499; x_wconf 82' lang='grc' dir='ltr'><em>Εἰ</em></span> <span class='ocrx_word' id='word_1_519' title='bbox 3465 1447 3496 1500; x_wconf 89' lang='grc' dir='ltr'><em>ό</em></span> <span class='ocrx_word' id='word_1_520' title='bbox 3524 1445 3697 1500; x_wconf 89' lang='grc' dir='ltr'><em>πλοῦ-</em></span> 
     </span>
    </p>
   </div>
   <div class='ocr_carea' id='block_1_72' title="bbox 2107 1528 3696 1601">
    <p class='ocr_par' dir='ltr' id='par_1_72' title="bbox 2107 1528 3696 1601">
     <span class='ocr_line' id='line_1_74' title="bbox 2107 1528 3696 1601; baseline 0 -20"><span class='ocrx_word' id='word_1_521' title='bbox 2107 1544 2200 1592; x_wconf 91' lang='grc' dir='ltr'><em>τος</em></span> <span class='ocrx_word' id='word_1_522' title='bbox 2222 1529 2387 1583; x_wconf 84' lang='grc' dir='ltr'><em>αὐτοῦ</em></span> <span class='ocrx_word' id='word_1_523' title='bbox 2414 1528 2839 1601; x_wconf 81' lang='grc' dir='ltr'><em>ἀνεξιχνίαστος,</em></span> <span class='ocrx_word' id='word_1_524' title='bbox 2859 1531 2955 1584; x_wconf 74' lang='grc' dir='ltr'><em>καὶ</em></span> <span class='ocrx_word' id='word_1_525' title='bbox 2978 1528 3119 1601; x_wconf 87' lang='grc' dir='ltr'><em>μετά</em></span> <span class='ocrx_word' id='word_1_526' title='bbox 3140 1529 3202 1583; x_wconf 79' lang='grc' dir='ltr'><em>τὸ</em></span> <span class='ocrx_word' id='word_1_527' title='bbox 3226 1530 3486 1600; x_wconf 81' lang='grc' dir='ltr'><em>φανῆναι,</em></span> <span class='ocrx_word' id='word_1_528' title='bbox 3514 1529 3696 1600; x_wconf 86' lang='grc' dir='ltr'><em>πολλῷ</em></span> 
     </span>
    </p>
   </div>
   <div class='ocr_carea' id='block_1_73' title="bbox 2114 1610 3697 1685">
    <p class='ocr_par' dir='ltr' id='par_1_73' title="bbox 2114 1610 3697 1685">
     <span class='ocr_line' id='line_1_75' title="bbox 2114 1610 3697 1685; baseline 0.001 -20"><span class='ocrx_word' id='word_1_529' title='bbox 2114 1610 2315 1683; x_wconf 81' lang='grc' dir='ltr'><em>μᾶλλον</em></span> <span class='ocrx_word' id='word_1_530' title='bbox 2341 1613 2375 1685; x_wconf 83' lang='grc' dir='ltr'>ὴ</span> <span class='ocrx_word' id='word_1_531' title='bbox 2398 1612 2577 1667; x_wconf 86' lang='grc' dir='ltr'><em>ούσία.</em></span> <span class='ocrx_word' id='word_1_532' title='bbox 2615 1611 2677 1666; x_wconf 84' lang='grc' dir='ltr'><em>Εἰ</em></span> <span class='ocrx_word' id='word_1_533' title='bbox 2714 1612 3015 1684; x_wconf 84' lang='grc' dir='ltr'><em>μυστήριον</em></span> <span class='ocrx_word' id='word_1_534' title='bbox 3046 1611 3128 1665; x_wconf 82' lang='grc' dir='ltr'><em>ἐτι</em></span> <span class='ocrx_word' id='word_1_535' title='bbox 3171 1612 3310 1676; x_wconf 75' lang='grc' dir='ltr'><em>ἐστὶ,</em></span> <span class='ocrx_word' id='word_1_536' title='bbox 3341 1611 3523 1683; x_wconf 88' lang='grc' dir='ltr'><em>πολλῷ</em></span> <span class='ocrx_word' id='word_1_537' title='bbox 3560 1612 3697 1684; x_wconf 82' lang='grc' dir='ltr'><em>μᾶλ-</em></span> 
     </span>
    </p>
   </div>
   <div class='ocr_carea' id='block_1_74' title="bbox 2109 1696 3694 1769">
    <p class='ocr_par' dir='ltr' id='par_1_74' title="bbox 2109 1696 3694 1769">
     <span class='ocr_line' id='line_1_76' title="bbox 2109 1696 3694 1769; baseline 0.001 -20"><span class='ocrx_word' id='word_1_538' title='bbox 2109 1696 2200 1750; x_wconf 91' lang='grc' dir='ltr'><em>λον</em></span> <span class='ocrx_word' id='word_1_539' title='bbox 2231 1696 2339 1769; x_wconf 83' lang='grc' dir='ltr'><em>πρὸ</em></span> <span class='ocrx_word' id='word_1_540' title='bbox 2362 1696 2459 1750; x_wconf 86' lang='grc' dir='ltr'><em>τοῦ</em></span> <span class='ocrx_word' id='word_1_541' title='bbox 2489 1696 2879 1768; x_wconf 85' lang='grc' dir='ltr'><em>γνωρισθῆναι.</em></span> <span class='ocrx_word' id='word_1_542' title='bbox 2924 1697 3244 1765; x_wconf 82' lang='grc' dir='ltr'><em>Μυστήριον</em></span> <span class='ocrx_word' id='word_1_543' title='bbox 3292 1696 3403 1767; x_wconf 83' lang='lat'><em>7&amp;9</em></span> <span class='ocrx_word' id='word_1_544' title='bbox 3433 1696 3568 1749; x_wconf 75' lang='grc' dir='ltr'><em>αὐτὸ</em></span> <span class='ocrx_word' id='word_1_545' title='bbox 3606 1696 3694 1750; x_wconf 82' lang='grc' dir='ltr'><em>διὰ</em></span> 
     </span>
    </p>
   </div>
   <div class='ocr_carea' id='block_1_75' title="bbox 2109 1779 3696 1852">
    <p class='ocr_par' dir='ltr' id='par_1_75' title="bbox 2109 1779 3696 1852">
     <span class='ocr_line' id='line_1_77' title="bbox 2109 1779 3696 1852; baseline -0.003 -17"><span class='ocrx_word' id='word_1_546' title='bbox 2109 1783 2266 1835; x_wconf 88' lang='grc' dir='ltr'><em>τοῦτο</em></span> <span class='ocrx_word' id='word_1_547' title='bbox 2288 1782 2461 1847; x_wconf 87' lang='grc' dir='ltr'><em>καλεῖ,</em></span> <span class='ocrx_word' id='word_1_548' title='bbox 2485 1781 2673 1852; x_wconf 84' lang='grc' dir='ltr'><em>ἐπειδὴ</em></span> <span class='ocrx_word' id='word_1_549' title='bbox 2702 1781 2836 1851; x_wconf 78' lang='grc' dir='ltr'><em>μηδὲ</em></span> <span class='ocrx_word' id='word_1_550' title='bbox 2861 1780 3086 1848; x_wconf 77' lang='grc' dir='ltr'><em>ἄγγελοι</em></span> <span class='ocrx_word' id='word_1_551' title='bbox 3109 1779 3333 1849; x_wconf 85' lang='grc' dir='ltr'><em>ᾔδεσαν,</em></span> <span class='ocrx_word' id='word_1_552' title='bbox 3359 1779 3496 1850; x_wconf 86' lang='grc' dir='ltr'><em>μηδέ</em></span> <span class='ocrx_word' id='word_1_553' title='bbox 3523 1779 3696 1851; x_wconf 82' lang='grc' dir='ltr'><em>ἐτέρῳ</em></span> 
     </span>
    </p>
   </div>
   <div class='ocr_carea' id='block_1_76' title="bbox 2109 1861 3703 1937">
    <p class='ocr_par' dir='ltr' id='par_1_76' title="bbox 2109 1861 3703 1937">
     <span class='ocr_line' id='line_1_78' title="bbox 2109 1861 3703 1937; baseline 0.001 -19"><span class='ocrx_word' id='word_1_554' title='bbox 2109 1865 2218 1918; x_wconf 76' lang='grc' dir='ltr'><em>τινὶ</em></span> <span class='ocrx_word' id='word_1_555' title='bbox 2255 1865 2414 1936; x_wconf 87' lang='grc' dir='ltr'><em>δῆλον</em></span> <span class='ocrx_word' id='word_1_556' title='bbox 2458 1861 2547 1937; x_wconf 84' lang='grc' dir='ltr'><em>ἦν.</em></span> <span class='ocrx_word' id='word_1_557' title='bbox 2601 1865 2714 1919; x_wconf 79' lang='grc' dir='ltr'><em>Καὶ</em></span> <span class='ocrx_word' id='word_1_558' title='bbox 2749 1865 3005 1934; x_wconf 86' lang='grc' dir='ltr'><em>φωτίσαι</em></span> <span class='ocrx_word' id='word_1_559' title='bbox 3044 1863 3298 1930; x_wconf 82' lang='grc' dir='ltr'><em>πάντας,</em></span> <span class='ocrx_word' id='word_1_560' title='bbox 3334 1865 3493 1934; x_wconf 78' lang='grc' dir='ltr'><em>φησὶ,</em></span> <span class='ocrx_word' id='word_1_561' title='bbox 3528 1865 3626 1931; x_wconf 85' lang='grc' dir='ltr'><em>τίς</em></span> <span class='ocrx_word' id='word_1_562' title='bbox 3656 1864 3703 1931; x_wconf 70' lang='grc' dir='ltr'><strong><em>ἡ</em></strong></span> 
     </span>
    </p>
   </div>
   <div class='ocr_carea' id='block_1_77' title="bbox 2110 1946 3703 2017">
    <p class='ocr_par' dir='ltr' id='par_1_77' title="bbox 2110 1946 3703 2017">
     <span class='ocr_line' id='line_1_79' title="bbox 2110 1946 3703 2017; baseline -0.001 -15"><span class='ocrx_word' id='word_1_563' title='bbox 2110 1949 2417 2017; x_wconf 73' lang='grc' dir='ltr'><em>οἰκονομία</em></span> <span class='ocrx_word' id='word_1_564' title='bbox 2447 1948 2554 2003; x_wconf 88' lang='grc' dir='ltr'><em>τοῦ</em></span> <span class='ocrx_word' id='word_1_565' title='bbox 2600 1948 2936 2015; x_wconf 87' lang='grc' dir='ltr'><em>μυστηρίου</em></span> <span class='ocrx_word' id='word_1_566' title='bbox 2983 1946 3091 2000; x_wconf 90' lang='grc' dir='ltr'><em>τοῦ</em></span> <span class='ocrx_word' id='word_1_567' title='bbox 3151 1946 3703 2016; x_wconf 77' lang='grc' dir='ltr'><em>ἀποκεκρυμμένου</em></span> 
     </span>
    </p>
   </div>
   <div class='ocr_carea' id='block_1_78' title="bbox 2109 2028 3694 2096">
    <p class='ocr_par' dir='ltr' id='par_1_78' title="bbox 2109 2028 3694 2096">
     <span class='ocr_line' id='line_1_80' title="bbox 2109 2028 3694 2096; baseline -0.003 -10"><span class='ocrx_word' id='word_1_568' title='bbox 2109 2031 2227 2086; x_wconf 84' lang='grc' dir='ltr'><em>ἀπὸ</em></span> <span class='ocrx_word' id='word_1_569' title='bbox 2261 2029 2382 2085; x_wconf 88' lang='grc' dir='ltr'><em>τῶν</em></span> <span class='ocrx_word' id='word_1_570' title='bbox 2410 2030 2641 2086; x_wconf 87' lang='grc' dir='ltr'><em>αίώνων</em></span> <span class='ocrx_word' id='word_1_571' title='bbox 2684 2031 2758 2083; x_wconf 71' lang='grc' dir='ltr'><em>ἐν</em></span> <span class='ocrx_word' id='word_1_572' title='bbox 2785 2030 2867 2096; x_wconf 87' lang='grc' dir='ltr'><em>τῷ</em></span> <span class='ocrx_word' id='word_1_573' title='bbox 2919 2029 3044 2095; x_wconf 88' lang='grc' dir='ltr'><em>Θεῷ</em></span> <span class='ocrx_word' id='word_1_574' title='bbox 3091 2028 3173 2096; x_wconf 83' lang='grc' dir='ltr'><em>τῷ</em></span> <span class='ocrx_word' id='word_1_575' title='bbox 3212 2028 3285 2083; x_wconf 85' lang='grc' dir='ltr'><em>τὰ</em></span> <span class='ocrx_word' id='word_1_576' title='bbox 3322 2029 3524 2085; x_wconf 85' lang='grc' dir='ltr'><em>πάντα</em></span> <span class='ocrx_word' id='word_1_577' title='bbox 3571 2030 3694 2085; x_wconf 84' lang='grc' dir='ltr'><em>κτί-</em></span> 
     </span>
    </p>
   </div>
   <div class='ocr_carea' id='block_1_79' title="bbox 2110 2113 3694 2185">
    <p class='ocr_par' dir='ltr' id='par_1_79' title="bbox 2110 2113 3694 2185">
     <span class='ocr_line' id='line_1_81' title="bbox 2110 2113 3694 2185; baseline -0.001 -16"><span class='ocrx_word' id='word_1_578' title='bbox 2110 2131 2288 2169; x_wconf 87' lang='grc' dir='ltr'><em>σαντι</em></span> <span class='ocrx_word' id='word_1_579' title='bbox 2323 2113 2422 2168; x_wconf 84' lang='grc' dir='ltr'><em>διὰ</em></span> <span class='ocrx_word' id='word_1_580' title='bbox 2465 2113 2662 2182; x_wconf 84' lang='grc' dir='ltr'><em>Ἰησοῦ</em></span> <span class='ocrx_word' id='word_1_581' title='bbox 2710 2114 2992 2182; x_wconf 80' lang='grc' dir='ltr'><em>Χριστοῦ.</em></span> <span class='ocrx_word' id='word_1_582' title='bbox 3030 2113 3288 2182; x_wconf 72' lang='grc' dir='ltr'><em>’Ἄγγελοι</em></span> <span class='ocrx_word' id='word_1_583' title='bbox 3332 2113 3494 2168; x_wconf 89' lang='grc' dir='ltr'><em>τοῦτο</em></span> <span class='ocrx_word' id='word_1_584' title='bbox 3535 2114 3694 2185; x_wconf 83' lang='grc' dir='ltr'><em>μόνον</em></span> 
     </span>
    </p>
   </div>
   <div class='ocr_carea' id='block_1_80' title="bbox 2110 2195 3690 2268">
    <p class='ocr_par' dir='ltr' id='par_1_80' title="bbox 2110 2195 3690 2268">
     <span class='ocr_line' id='line_1_82' title="bbox 2110 2195 3690 2268; baseline 0.001 -17"><span class='ocrx_word' id='word_1_585' title='bbox 2110 2197 2330 2268; x_wconf 87' lang='grc' dir='ltr'><em>ᾔδεσαν,</em></span> <span class='ocrx_word' id='word_1_586' title='bbox 2360 2199 2442 2252; x_wconf 75' lang='grc' dir='ltr'><em>ὅτι</em></span> <span class='ocrx_word' id='word_1_587' title='bbox 2484 2196 2768 2266; x_wconf 81' lang='grc' dir='ltr'><em>Ἐγενήθη</em></span> <span class='ocrx_word' id='word_1_588' title='bbox 2797 2195 2969 2265; x_wconf 82' lang='grc' dir='ltr'><em>μερίς</em></span> <span class='ocrx_word' id='word_1_589' title='bbox 3023 2196 3245 2265; x_wconf 81' lang='grc' dir='ltr'><em>Κυρίου</em></span> <span class='ocrx_word' id='word_1_590' title='bbox 3275 2196 3428 2264; x_wconf 84' lang='grc' dir='ltr'><em>λαός</em></span> <span class='ocrx_word' id='word_1_591' title='bbox 3467 2196 3690 2252; x_wconf 82' lang='grc' dir='ltr'><em>αὐτοῦ’</em></span> 
     </span>
    </p>
   </div>
   <div class='ocr_carea' id='block_1_81' title="bbox 2112 2278 3692 2351">
    <p class='ocr_par' dir='ltr' id='par_1_81' title="bbox 2112 2278 3692 2351">
     <span class='ocr_line' id='line_1_83' title="bbox 2112 2278 3692 2351; baseline -0.001 -15"><span class='ocrx_word' id='word_1_592' title='bbox 2112 2283 2206 2336; x_wconf 74' lang='grc' dir='ltr'><em>καὶ</em></span> <span class='ocrx_word' id='word_1_593' title='bbox 2237 2280 2423 2344; x_wconf 83' lang='grc' dir='ltr'><em>πάλιν,</em></span> <span class='ocrx_word' id='word_1_594' title='bbox 2455 2279 2519 2333; x_wconf 90' lang='lat'><em>&#39;0</em></span> <span class='ocrx_word' id='word_1_595' title='bbox 2547 2279 2750 2348; x_wconf 73' lang='grc' dir='ltr'><em>ἄρχων</em></span> <span class='ocrx_word' id='word_1_596' title='bbox 2768 2278 2890 2333; x_wconf 88' lang='grc' dir='ltr'><em>τῶν</em></span> <span class='ocrx_word' id='word_1_597' title='bbox 2916 2278 3189 2348; x_wconf 87' lang='grc' dir='ltr'><em>Περσῶν,</em></span> <span class='ocrx_word' id='word_1_598' title='bbox 3216 2280 3406 2351; x_wconf 68' lang='grc' dir='ltr'><em>φησὶν,</em></span> <span class='ocrx_word' id='word_1_599' title='bbox 3427 2280 3692 2347; x_wconf 80' lang='grc' dir='ltr'><em>ἀντέστη</em></span> 
     </span>
    </p>
   </div>
   <div class='ocr_carea' id='block_1_82' title="bbox 2109 2362 3692 2434">
    <p class='ocr_par' dir='ltr' id='par_1_82' title="bbox 2109 2362 3692 2434">
     <span class='ocr_line' id='line_1_84' title="bbox 2109 2362 3692 2434; baseline 0.001 -19"><span class='ocrx_word' id='word_1_600' title='bbox 2109 2382 2229 2434; x_wconf 81' lang='grc' dir='ltr'><em>μοι.</em></span> <span class='ocrx_word' id='word_1_601' title='bbox 2251 2365 2415 2417; x_wconf 81' lang='grc' dir='ltr'><em>Ὥστε</em></span> <span class='ocrx_word' id='word_1_602' title='bbox 2446 2362 2600 2417; x_wconf 81' lang='grc' dir='ltr'><em>οὐδὲν</em></span> <span class='ocrx_word' id='word_1_603' title='bbox 2646 2362 2981 2434; x_wconf 77' lang='grc' dir='ltr'><em>θαυμαστὸν,</em></span> <span class='ocrx_word' id='word_1_604' title='bbox 3027 2365 3076 2417; x_wconf 86' lang='grc' dir='ltr'><em>εἰ</em></span> <span class='ocrx_word' id='word_1_605' title='bbox 3119 2365 3213 2417; x_wconf 75' lang='grc' dir='ltr'><em>καὶ</em></span> <span class='ocrx_word' id='word_1_606' title='bbox 3249 2364 3409 2417; x_wconf 89' lang='grc' dir='ltr'><em>τοῦτο</em></span> <span class='ocrx_word' id='word_1_607' title='bbox 3437 2364 3692 2434; x_wconf 79' lang='grc' dir='ltr'><em>ἠγνόουν.</em></span> 
     </span>
    </p>
   </div>
   <div class='ocr_carea' id='block_1_83' title="bbox 2115 2442 3694 2517">
    <p class='ocr_par' dir='ltr' id='par_1_83' title="bbox 2115 2442 3694 2517">
     <span class='ocr_line' id='line_1_85' title="bbox 2115 2442 3694 2517; baseline -0.001 -17"><span class='ocrx_word' id='word_1_608' title='bbox 2115 2447 2178 2500; x_wconf 90' lang='grc' dir='ltr'><em>Εί</em></span> <span class='ocrx_word' id='word_1_609' title='bbox 2234 2447 2344 2517; x_wconf 84' lang='grc' dir='ltr'><em>γὰρ</em></span> <span class='ocrx_word' id='word_1_610' title='bbox 2388 2445 2458 2499; x_wconf 87' lang='grc' dir='ltr'><em>τά</em></span> <span class='ocrx_word' id='word_1_611' title='bbox 2485 2446 2585 2516; x_wconf 82' lang='grc' dir='ltr'><em>τῆς</em></span> <span class='ocrx_word' id='word_1_612' title='bbox 2645 2446 2908 2500; x_wconf 75' lang='grc' dir='ltr'><em>ἐπανόδου</em></span> <span class='ocrx_word' id='word_1_613' title='bbox 2957 2446 3211 2515; x_wconf 78' lang='grc' dir='ltr'><em>ἠγνόουν.</em></span> <span class='ocrx_word' id='word_1_614' title='bbox 3255 2442 3438 2516; x_wconf 87' lang='grc' dir='ltr'><em>πολλῷ</em></span> <span class='ocrx_word' id='word_1_615' title='bbox 3494 2446 3694 2516; x_wconf 71' lang='grc' dir='ltr'><em>μᾶλλον</em></span> 
     </span>
    </p>
   </div>
   <div class='ocr_carea' id='block_1_84' title="bbox 2111 2526 3690 2599">
    <p class='ocr_par' dir='ltr' id='par_1_84' title="bbox 2111 2526 3690 2599">
     <span class='ocr_line' id='line_1_86' title="bbox 2111 2526 3690 2599; baseline 0.001 -17"><span class='ocrx_word' id='word_1_616' title='bbox 2111 2527 2325 2583; x_wconf 88' lang='grc' dir='ltr'><em>ταῦτα·</em></span> <span class='ocrx_word' id='word_1_617' title='bbox 2374 2527 2470 2581; x_wconf 76' lang='grc' dir='ltr'><em>καὶ</em></span> <span class='ocrx_word' id='word_1_618' title='bbox 2511 2529 2621 2599; x_wconf 87' lang='grc' dir='ltr'><em>γὰρ</em></span> <span class='ocrx_word' id='word_1_619' title='bbox 2660 2527 2980 2596; x_wconf 82' lang='grc' dir='ltr'><em>εὐαγγέλιον</em></span> <span class='ocrx_word' id='word_1_620' title='bbox 3030 2526 3190 2582; x_wconf 86' lang='grc' dir='ltr'><em>τοῦτό</em></span> <span class='ocrx_word' id='word_1_621' title='bbox 3243 2531 3413 2584; x_wconf 81' lang='grc' dir='ltr'><em>ἐστιν.</em></span> <span class='ocrx_word' id='word_1_622' title='bbox 3458 2527 3690 2592; x_wconf 83' lang='grc' dir='ltr'><em>Ὅστις.</em></span> 
     </span>
    </p>
   </div>
   <div class='ocr_carea' id='block_1_85' title="bbox 2113 2608 3694 2682">
    <p class='ocr_par' dir='ltr' id='par_1_85' title="bbox 2113 2608 3694 2682">
     <span class='ocr_line' id='line_1_87' title="bbox 2113 2608 3694 2682; baseline -0.001 -19"><span class='ocrx_word' id='word_1_623' title='bbox 2113 2611 2268 2682; x_wconf 79' lang='grc' dir='ltr'><em>φησί,</em></span> <span class='ocrx_word' id='word_1_624' title='bbox 2302 2608 2490 2666; x_wconf 88' lang='grc' dir='ltr'><em>σώσει</em></span> <span class='ocrx_word' id='word_1_625' title='bbox 2527 2610 2636 2665; x_wconf 86' lang='grc' dir='ltr'><em>τὸν</em></span> <span class='ocrx_word' id='word_1_626' title='bbox 2678 2611 2836 2666; x_wconf 87' lang='grc' dir='ltr'><em>λαὸν</em></span> <span class='ocrx_word' id='word_1_627' title='bbox 2877 2611 3067 2666; x_wconf 86' lang='grc' dir='ltr'><em>αὐτοῦ</em></span> <span class='ocrx_word' id='word_1_628' title='bbox 3098 2613 3208 2667; x_wconf 84' lang='grc' dir='ltr'><em>τὸν</em></span> <span class='ocrx_word' id='word_1_629' title='bbox 3232 2612 3495 2680; x_wconf 86' lang='grc' dir='ltr'><em>Ἰσραήλ.</em></span> <span class='ocrx_word' id='word_1_630' title='bbox 3525 2611 3694 2665; x_wconf 79' lang='grc' dir='ltr'><em>Οὐδὲν</em></span> 
     </span>
    </p>
   </div>
   <div class='ocr_carea' id='block_1_86' title="bbox 2114 2693 3693 2766">
    <p class='ocr_par' dir='ltr' id='par_1_86' title="bbox 2114 2693 3693 2766">
     <span class='ocr_line' id='line_1_88' title="bbox 2114 2693 3693 2766; baseline -0.003 -15"><span class='ocrx_word' id='word_1_631' title='bbox 2114 2695 2243 2766; x_wconf 78' lang='grc' dir='ltr'><em>περὶ</em></span> <span class='ocrx_word' id='word_1_632' title='bbox 2280 2694 2388 2748; x_wconf 91' lang='grc' dir='ltr'><em>τῶν</em></span> <span class='ocrx_word' id='word_1_633' title='bbox 2414 2693 2618 2749; x_wconf 56' lang='grc' dir='ltr'><em>ἐθνῶν</em></span> <span class='ocrx_word' id='word_1_634' title='bbox 2652 2694 2789 2749; x_wconf 83' lang='grc' dir='ltr'><em>ἀλλὰ</em></span> <span class='ocrx_word' id='word_1_635' title='bbox 2841 2694 2974 2765; x_wconf 87' lang='lat'><strong>1:591</strong></span> <span class='ocrx_word' id='word_1_636' title='bbox 3013 2694 3124 2748; x_wconf 89' lang='grc' dir='ltr'><em>τῶν</em></span> <span class='ocrx_word' id='word_1_637' title='bbox 3165 2695 3335 2749; x_wconf 81' lang='grc' dir='ltr'><em>ἐθνῶν</em></span> <span class='ocrx_word' id='word_1_638' title='bbox 3368 2696 3430 2749; x_wconf 85' lang='grc' dir='ltr'><em>τὸ</em></span> <span class='ocrx_word' id='word_1_639' title='bbox 3465 2695 3693 2764; x_wconf 82' lang='grc' dir='ltr'><em>Πνεῦμα</em></span> 
     </span>
    </p>
   </div>
   <div class='ocr_carea' id='block_1_87' title="bbox 2111 2773 3694 2850">
    <p class='ocr_par' dir='ltr' id='par_1_87' title="bbox 2111 2773 3694 2850">
     <span class='ocr_line' id='line_1_89' title="bbox 2111 2773 3694 2850; baseline -0.003 -17"><span class='ocrx_word' id='word_1_640' title='bbox 2111 2777 2507 2834; x_wconf 86' lang='grc' dir='ltr'><em>ἀποκαλύπτει.</em></span> <span class='ocrx_word' id='word_1_641' title='bbox 2535 2777 2659 2831; x_wconf 87' lang='grc' dir='ltr'><em>Ὅτι</em></span> <span class='ocrx_word' id='word_1_642' title='bbox 2689 2778 2787 2849; x_wconf 84' lang='grc' dir='ltr'><em>μὲν</em></span> <span class='ocrx_word' id='word_1_643' title='bbox 2813 2773 2908 2833; x_wconf 76' lang='grc' dir='ltr'><em>οὖν</em></span> <span class='ocrx_word' id='word_1_644' title='bbox 2929 2776 3260 2850; x_wconf 82' lang='grc' dir='ltr'><em>ἐκλήθησαν,</em></span> <span class='ocrx_word' id='word_1_645' title='bbox 3288 2779 3507 2850; x_wconf 85' lang='grc' dir='ltr'><em>ᾔδεσαν,</em></span> <span class='ocrx_word' id='word_1_646' title='bbox 3533 2780 3618 2832; x_wconf 86' lang='grc' dir='ltr'><em>ὅτι</em></span> <span class='ocrx_word' id='word_1_647' title='bbox 3637 2776 3694 2830; x_wconf 76' lang='grc' dir='ltr'><em>δὲ</em></span> 
     </span>
    </p>
   </div>
   <div class='ocr_carea' id='block_1_88' title="bbox 2110 2860 3693 2934">
    <p class='ocr_par' dir='ltr' id='par_1_88' title="bbox 2110 2860 3693 2934">
     <span class='ocr_line' id='line_1_90' title="bbox 2110 2860 3693 2934; baseline -0.003 -18"><span class='ocrx_word' id='word_1_648' title='bbox 2110 2863 2205 2916; x_wconf 79' lang='grc' dir='ltr'><em>ἐπὶ</em></span> <span class='ocrx_word' id='word_1_649' title='bbox 2246 2863 2361 2926; x_wconf 89' lang='grc' dir='ltr'><em>τοῖς</em></span> <span class='ocrx_word' id='word_1_650' title='bbox 2413 2862 2620 2924; x_wconf 84' lang='grc' dir='ltr'><em>αὐτοῖς,</em></span> <span class='ocrx_word' id='word_1_651' title='bbox 2654 2862 2748 2915; x_wconf 75' lang='grc' dir='ltr'><em>καὶ</em></span> <span class='ocrx_word' id='word_1_652' title='bbox 2802 2860 2943 2916; x_wconf 83' lang='grc' dir='ltr'><em>ῶστε</em></span> <span class='ocrx_word' id='word_1_653' title='bbox 2996 2862 3079 2926; x_wconf 88' lang='grc' dir='ltr'><em>είς</em></span> <span class='ocrx_word' id='word_1_654' title='bbox 3109 2860 3199 2916; x_wconf 84' lang='grc' dir='ltr'><em>τδν</em></span> <span class='ocrx_word' id='word_1_655' title='bbox 3238 2860 3430 2934; x_wconf 86' lang='grc' dir='ltr'><em>θρόνον</em></span> <span class='ocrx_word' id='word_1_656' title='bbox 3469 2860 3693 2917; x_wconf 89' lang='grc' dir='ltr'><em>καθίσαι</em></span> 
     </span>
    </p>
   </div>
   <div class='ocr_carea' id='block_1_89' title="bbox 2108 2943 3694 3015">
    <p class='ocr_par' dir='ltr' id='par_1_89' title="bbox 2108 2943 3694 3015">
     <span class='ocr_line' id='line_1_91' title="bbox 2108 2943 3694 3015; baseline -0.001 -18"><span class='ocrx_word' id='word_1_657' title='bbox 2108 2944 2201 2998; x_wconf 83' lang='grc' dir='ltr'><em>τὸν</em></span> <span class='ocrx_word' id='word_1_658' title='bbox 2226 2944 2321 2998; x_wconf 80' lang='grc' dir='ltr'><em>τοῦ</em></span> <span class='ocrx_word' id='word_1_659' title='bbox 2354 2943 2513 3011; x_wconf 87' lang='grc' dir='ltr'><em>Θεοῦ,</em></span> <span class='ocrx_word' id='word_1_660' title='bbox 2537 2943 2696 2998; x_wconf 89' lang='grc' dir='ltr'><em>τοῦτο</em></span> <span class='ocrx_word' id='word_1_661' title='bbox 2717 2944 2801 3009; x_wconf 87' lang='grc' dir='ltr'><em>τίς</em></span> <span class='ocrx_word' id='word_1_662' title='bbox 2829 2945 2895 2998; x_wconf 83' lang='grc' dir='ltr'><em>ἂν</em></span> <span class='ocrx_word' id='word_1_663' title='bbox 2918 2944 3289 3015; x_wconf 89' lang='grc' dir='ltr'><em>προσεδόκησε</em></span> <span class='ocrx_word' id='word_1_664' title='bbox 3313 2961 3329 3010; x_wconf 92' lang='grc'><strong>;</strong></span> <span class='ocrx_word' id='word_1_665' title='bbox 3364 2945 3449 3008; x_wconf 85' lang='grc' dir='ltr'><em>τίς</em></span> <span class='ocrx_word' id='word_1_666' title='bbox 3485 2944 3555 2998; x_wconf 81' lang='grc' dir='ltr'><em>ἂν</em></span> <span class='ocrx_word' id='word_1_667' title='bbox 3573 2943 3694 2998; x_wconf 82' lang='grc' dir='ltr'><em>ἐπί-</em></span> 
     </span>
    </p>
   </div>
   <div class='ocr_carea' id='block_1_90' title="bbox 2111 3025 3690 3098">
    <p class='ocr_par' dir='ltr' id='par_1_90' title="bbox 2111 3025 3690 3098">
     <span class='ocr_line' id='line_1_92' title="bbox 2111 3025 3690 3098; baseline -0.001 -17"><span class='ocrx_word' id='word_1_668' title='bbox 2111 3044 2300 3081; x_wconf 90' lang='grc' dir='ltr'><em>στευσε</em></span> <span class='ocrx_word' id='word_1_669' title='bbox 2326 3044 2341 3095; x_wconf 90' lang='grc'><strong>;</strong></span> <span class='ocrx_word' id='word_1_670' title='bbox 2388 3028 2500 3083; x_wconf 87' lang='grc' dir='ltr'><em>Τοῦ</em></span> <span class='ocrx_word' id='word_1_671' title='bbox 2523 3027 3085 3098; x_wconf 81' lang='grc' dir='ltr'><em>ἀποκεκρυμμένου,</em></span> <span class='ocrx_word' id='word_1_672' title='bbox 3123 3029 3309 3097; x_wconf 76' lang='grc' dir='ltr'><em>φησὶν,</em></span> <span class='ocrx_word' id='word_1_673' title='bbox 3340 3028 3410 3081; x_wconf 84' lang='grc' dir='ltr'><em>ἐν</em></span> <span class='ocrx_word' id='word_1_674' title='bbox 3431 3025 3516 3093; x_wconf 88' lang='grc' dir='ltr'><em>τῷ</em></span> <span class='ocrx_word' id='word_1_675' title='bbox 3549 3025 3690 3093; x_wconf 87' lang='grc' dir='ltr'><em>Θεῷ.</em></span> 
     </span>
    </p>
   </div>
   <div class='ocr_carea' id='block_1_91' title="bbox 2109 3108 3694 3184">
    <p class='ocr_par' dir='ltr' id='par_1_91' title="bbox 2109 3108 3694 3184">
     <span class='ocr_line' id='line_1_93' title="bbox 2109 3108 3694 3184; baseline -0.002 -18"><span class='ocrx_word' id='word_1_676' title='bbox 2109 3111 2327 3183; x_wconf 90' lang='grc' dir='ltr'><em>Ταύτην</em></span> <span class='ocrx_word' id='word_1_677' title='bbox 2363 3112 2420 3167; x_wconf 79' lang='grc' dir='ltr'><em>δὲ</em></span> <span class='ocrx_word' id='word_1_678' title='bbox 2467 3112 2568 3184; x_wconf 83' lang='grc' dir='ltr'><em>τὴν</em></span> <span class='ocrx_word' id='word_1_679' title='bbox 2620 3112 2936 3182; x_wconf 78' lang='grc' dir='ltr'><em>οἰκονομίαν</em></span> <span class='ocrx_word' id='word_1_680' title='bbox 2982 3112 3318 3183; x_wconf 86' lang='grc' dir='ltr'><em>σαφέστερον</em></span> <span class='ocrx_word' id='word_1_681' title='bbox 3353 3112 3412 3166; x_wconf 89' lang='grc' dir='ltr'><em>ἐν</em></span> <span class='ocrx_word' id='word_1_682' title='bbox 3442 3114 3510 3184; x_wconf 76' lang='grc' dir='ltr'><em>τῇ</em></span> <span class='ocrx_word' id='word_1_683' title='bbox 3559 3108 3694 3181; x_wconf 78' lang='grc' dir='ltr'><em>πρὸς</em></span> 
     </span>
    </p>
   </div>
   <div class='ocr_carea' id='block_1_92' title="bbox 2121 3187 3695 3265">
    <p class='ocr_par' dir='ltr' id='par_1_92' title="bbox 2121 3187 3695 3265">
     <span class='ocr_line' id='line_1_94' title="bbox 2121 3187 3695 3265; baseline -0.003 -17"><span class='ocrx_word' id='word_1_684' title='bbox 2121 3193 2427 3264; x_wconf 87' lang='grc' dir='ltr'><em>Ῥωμαίους</em></span> <span class='ocrx_word' id='word_1_685' title='bbox 2456 3193 2854 3248; x_wconf 87' lang='grc' dir='ltr'><em>ἀποκαλύπτει.</em></span> <span class='ocrx_word' id='word_1_686' title='bbox 2895 3195 2998 3248; x_wconf 84' lang='grc' dir='ltr'><em>Ἕν</em></span> <span class='ocrx_word' id='word_1_687' title='bbox 3036 3192 3117 3260; x_wconf 90' lang='grc' dir='ltr'><em>τῷ</em></span> <span class='ocrx_word' id='word_1_688' title='bbox 3147 3192 3290 3259; x_wconf 90' lang='grc' dir='ltr'><em>Θεῷ,</em></span> <span class='ocrx_word' id='word_1_689' title='bbox 3327 3195 3486 3265; x_wconf 72' lang='grc' dir='ltr'><em>φησί,</em></span> <span class='ocrx_word' id='word_1_690' title='bbox 3519 3190 3602 3258; x_wconf 87' lang='grc' dir='ltr'><em>τῷ</em></span> <span class='ocrx_word' id='word_1_691' title='bbox 3623 3187 3695 3244; x_wconf 84' lang='grc' dir='ltr'><em>τὰ</em></span> 
     </span>
    </p>
   </div>
   <div class='ocr_carea' id='block_1_93' title="bbox 2109 3271 3694 3346">
    <p class='ocr_par' dir='ltr' id='par_1_93' title="bbox 2109 3271 3694 3346">
     <span class='ocr_line' id='line_1_95' title="bbox 2109 3271 3694 3346; baseline -0.003 -18"><span class='ocrx_word' id='word_1_692' title='bbox 2109 3275 2307 3329; x_wconf 85' lang='grc' dir='ltr'><em>πάντα</em></span> <span class='ocrx_word' id='word_1_693' title='bbox 2344 3275 2621 3330; x_wconf 87' lang='grc' dir='ltr'><em>κτίσαντι</em></span> <span class='ocrx_word' id='word_1_694' title='bbox 2666 3276 2768 3331; x_wconf 81' lang='grc' dir='ltr'><em>διὰ</em></span> <span class='ocrx_word' id='word_1_695' title='bbox 2801 3276 3007 3345; x_wconf 87' lang='grc' dir='ltr'><em>Ἰησοῦ</em></span> <span class='ocrx_word' id='word_1_696' title='bbox 3036 3275 3317 3346; x_wconf 89' lang='grc' dir='ltr'><em>Χριστοῦ.</em></span> <span class='ocrx_word' id='word_1_697' title='bbox 3369 3275 3480 3328; x_wconf 78' lang='grc' dir='ltr'><em>Καὶ</em></span> <span class='ocrx_word' id='word_1_698' title='bbox 3513 3271 3694 3336; x_wconf 84' lang='grc' dir='ltr'><em>καλῶς</em></span> 
     </span>
    </p>
   </div>
   <div class='ocr_carea' id='block_1_94' title="bbox 2109 3358 3691 3431">
    <p class='ocr_par' dir='ltr' id='par_1_94' title="bbox 2109 3358 3691 3431">
     <span class='ocr_line' id='line_1_96' title="bbox 2109 3358 3691 3431; baseline 0 -19"><span class='ocrx_word' id='word_1_699' title='bbox 2109 3359 2486 3431; x_wconf 85' lang='grc' dir='ltr'><em>ἐμνημόνευσε</em></span> <span class='ocrx_word' id='word_1_700' title='bbox 2521 3360 2774 3426; x_wconf 86' lang='grc' dir='ltr'><em>κτίσεως,</em></span> <span class='ocrx_word' id='word_1_701' title='bbox 2811 3360 3005 3426; x_wconf 82' lang='grc' dir='ltr'><em>είπὼν,</em></span> <span class='ocrx_word' id='word_1_702' title='bbox 3033 3361 3137 3415; x_wconf 86' lang='grc' dir='ltr'><em>Διὰ</em></span> <span class='ocrx_word' id='word_1_703' title='bbox 3178 3360 3384 3428; x_wconf 89' lang='grc' dir='ltr'><em>Ἰησοῦ</em></span> <span class='ocrx_word' id='word_1_704' title='bbox 3406 3358 3691 3429; x_wconf 85' lang='grc' dir='ltr'><em>Χριστοῦ.</em></span> 
     </span>
    </p>
   </div>
   <div class='ocr_carea' id='block_1_95' title="bbox 2119 3438 3696 3515">
    <p class='ocr_par' dir='ltr' id='par_1_95' title="bbox 2119 3438 3696 3515">
     <span class='ocr_line' id='line_1_97' title="bbox 2119 3438 3696 3515; baseline -0.004 -18"><span class='ocrx_word' id='word_1_705' title='bbox 2119 3443 2179 3497; x_wconf 83' lang='lat'><em>&#39;0</em></span> <span class='ocrx_word' id='word_1_706' title='bbox 2217 3442 2326 3515; x_wconf 90' lang='lat'><em>7&amp;9</em></span> <span class='ocrx_word' id='word_1_707' title='bbox 2355 3443 2535 3497; x_wconf 82' lang='grc' dir='ltr'><em>πάντα</em></span> <span class='ocrx_word' id='word_1_708' title='bbox 2561 3443 2630 3496; x_wconf 82' lang='grc' dir='ltr'><em>δι’</em></span> <span class='ocrx_word' id='word_1_709' title='bbox 2662 3443 2827 3497; x_wconf 82' lang='grc' dir='ltr'><em>αὑτοῦ</em></span> <span class='ocrx_word' id='word_1_710' title='bbox 2856 3442 3067 3506; x_wconf 86' lang='grc' dir='ltr'><em>κτίσας,</em></span> <span class='ocrx_word' id='word_1_711' title='bbox 3115 3443 3210 3497; x_wconf 79' lang='grc' dir='ltr'><em>καὶ</em></span> <span class='ocrx_word' id='word_1_712' title='bbox 3240 3443 3401 3497; x_wconf 89' lang='grc' dir='ltr'><em>τοῦτο</em></span> <span class='ocrx_word' id='word_1_713' title='bbox 3428 3440 3497 3496; x_wconf 81' lang='grc' dir='ltr'><em>δι’</em></span> <span class='ocrx_word' id='word_1_714' title='bbox 3527 3438 3696 3496; x_wconf 86' lang='grc' dir='ltr'><em>αὐτοῦ</em></span> 
     </span>
    </p>
   </div>
   <div class='ocr_carea' id='block_1_96' title="bbox 2107 3525 3693 3598">
    <p class='ocr_par' dir='ltr' id='par_1_96' title="bbox 2107 3525 3693 3598">
     <span class='ocr_line' id='line_1_98' title="bbox 2107 3525 3693 3598; baseline -0.004 -16"><span class='ocrx_word' id='word_1_715' title='bbox 2107 3526 2517 3582; x_wconf 85' lang='grc' dir='ltr'><em>ἀποκαλύπτει·</em></span> <span class='ocrx_word' id='word_1_716' title='bbox 2575 3526 2733 3580; x_wconf 81' lang='grc' dir='ltr'><em>οὐδὲν</em></span> <span class='ocrx_word' id='word_1_717' title='bbox 2780 3525 2888 3598; x_wconf 89' lang='grc' dir='ltr'><em>γάρ</em></span> <span class='ocrx_word' id='word_1_718' title='bbox 2940 3526 3112 3597; x_wconf 77' lang='grc' dir='ltr'><em>χωρὶς</em></span> <span class='ocrx_word' id='word_1_719' title='bbox 3158 3525 3325 3581; x_wconf 79' lang='grc' dir='ltr'><em>αὐτοῦ</em></span> <span class='ocrx_word' id='word_1_720' title='bbox 3377 3525 3654 3595; x_wconf 88' lang='grc' dir='ltr'><em>πεποίηκε</em></span> <span class='ocrx_word' id='word_1_721' title='bbox 3677 3537 3693 3553; x_wconf 79' lang='grc'><strong><em>⁸</em></strong></span> 
     </span>
    </p>
   </div>
   <div class='ocr_carea' id='block_1_97' title="bbox 2106 3606 3695 3682">
    <p class='ocr_par' dir='ltr' id='par_1_97' title="bbox 2106 3606 3695 3682">
     <span class='ocr_line' id='line_1_99' title="bbox 2106 3606 3695 3682; baseline -0.004 -17"><span class='ocrx_word' id='word_1_722' title='bbox 2106 3612 2296 3680; x_wconf 73' lang='grc' dir='ltr'><em>Χωρίς</em></span> <span class='ocrx_word' id='word_1_723' title='bbox 2334 3611 2442 3682; x_wconf 88' lang='lat'><em>7&amp;9</em></span> <span class='ocrx_word' id='word_1_724' title='bbox 2476 3609 2685 3675; x_wconf 88' lang='grc' dir='ltr'><em>αὐτοῦ,</em></span> <span class='ocrx_word' id='word_1_725' title='bbox 2735 3611 2921 3678; x_wconf 81' lang='grc' dir='ltr'><em>φησὶν,</em></span> <span class='ocrx_word' id='word_1_726' title='bbox 2965 3608 3209 3678; x_wconf 78' lang='grc' dir='ltr'><em>ἐγένετο</em></span> <span class='ocrx_word' id='word_1_727' title='bbox 3259 3608 3467 3663; x_wconf 84' lang='grc' dir='ltr'><em>οὐδέν.</em></span> <span class='ocrx_word' id='word_1_728' title='bbox 3506 3606 3695 3661; x_wconf 73' lang='grc' dir='ltr'><em>Είπιῖιν</em></span> 
     </span>
    </p>
   </div>
   <div class='ocr_carea' id='block_1_98' title="bbox 2106 3690 3692 3765">
    <p class='ocr_par' dir='ltr' id='par_1_98' title="bbox 2106 3690 3692 3765">
     <span class='ocr_line' id='line_1_100' title="bbox 2106 3690 3692 3765; baseline -0.003 -17"><span class='ocrx_word' id='word_1_729' title='bbox 2106 3695 2283 3765; x_wconf 83' lang='grc' dir='ltr'><em>ἀρχάς</em></span> <span class='ocrx_word' id='word_1_730' title='bbox 2313 3694 2411 3748; x_wconf 80' lang='grc' dir='ltr'><em>καὶ</em></span> <span class='ocrx_word' id='word_1_731' title='bbox 2462 3692 2732 3758; x_wconf 81' lang='grc' dir='ltr'><em>ἐξουσίας,</em></span> <span class='ocrx_word' id='word_1_732' title='bbox 2769 3692 2864 3746; x_wconf 78' lang='grc' dir='ltr'><em>καὶ</em></span> <span class='ocrx_word' id='word_1_733' title='bbox 2908 3693 3039 3756; x_wconf 78' lang='grc' dir='ltr'><em>τοὺς</em></span> <span class='ocrx_word' id='word_1_734' title='bbox 3085 3692 3199 3747; x_wconf 79' lang='grc' dir='ltr'><em>ἀνω</em></span> <span class='ocrx_word' id='word_1_735' title='bbox 3232 3692 3328 3745; x_wconf 73' lang='grc' dir='ltr'><em>καὶ</em></span> <span class='ocrx_word' id='word_1_736' title='bbox 3372 3693 3505 3755; x_wconf 83' lang='grc' dir='ltr'><em>τοὺς</em></span> <span class='ocrx_word' id='word_1_737' title='bbox 3540 3690 3692 3746; x_wconf 82' lang='grc' dir='ltr'><em>κάτω</em></span> 
     </span>
    </p>
   </div>
   <div class='ocr_carea' id='block_1_99' title="bbox 2106 3772 3691 3846">
    <p class='ocr_par' dir='ltr' id='par_1_99' title="bbox 2106 3772 3691 3846">
     <span class='ocr_line' id='line_1_101' title="bbox 2106 3772 3691 3846; baseline -0.003 -16"><span class='ocrx_word' id='word_1_738' title='bbox 2106 3772 2246 3831; x_wconf 77' lang='grc' dir='ltr'><em>εἰπε.</em></span> <span class='ocrx_word' id='word_1_739' title='bbox 2278 3777 2439 3831; x_wconf 82' lang='grc' dir='ltr'><em>Κατὰ</em></span> <span class='ocrx_word' id='word_1_740' title='bbox 2466 3778 2753 3843; x_wconf 86' lang='grc' dir='ltr'><em>πρόθεσιν</em></span> <span class='ocrx_word' id='word_1_741' title='bbox 2781 3775 2902 3830; x_wconf 88' lang='grc' dir='ltr'><em>τῶν</em></span> <span class='ocrx_word' id='word_1_742' title='bbox 2929 3775 3179 3830; x_wconf 87' lang='grc' dir='ltr'><em>αίώνων.</em></span> <span class='ocrx_word' id='word_1_743' title='bbox 3226 3774 3343 3828; x_wconf 89' lang='grc' dir='ltr'><em>Νῦν</em></span> <span class='ocrx_word' id='word_1_744' title='bbox 3374 3777 3496 3846; x_wconf 84' lang='grc' dir='ltr'><em>μὲν,</em></span> <span class='ocrx_word' id='word_1_745' title='bbox 3534 3774 3691 3846; x_wconf 73' lang='grc' dir='ltr'><em>φησὶ,</em></span> 
     </span>
    </p>
   </div>
   <div class='ocr_carea' id='block_1_100' title="bbox 2105 3856 3689 3929">
    <p class='ocr_par' dir='ltr' id='par_1_100' title="bbox 2105 3856 3689 3929">
     <span class='ocr_line' id='line_1_102' title="bbox 2105 3856 3689 3929; baseline -0.001 -16"><span class='ocrx_word' id='word_1_746' title='bbox 2105 3860 2350 3928; x_wconf 87' lang='grc' dir='ltr'><em>γέγονεν,</em></span> <span class='ocrx_word' id='word_1_747' title='bbox 2383 3859 2442 3911; x_wconf 79' lang='grc' dir='ltr'><em>ού</em></span> <span class='ocrx_word' id='word_1_748' title='bbox 2475 3857 2570 3912; x_wconf 87' lang='grc' dir='ltr'><em>νῦν</em></span> <span class='ocrx_word' id='word_1_749' title='bbox 2613 3858 2671 3911; x_wconf 76' lang='grc' dir='ltr'><em>δὲ</em></span> <span class='ocrx_word' id='word_1_750' title='bbox 2711 3857 2935 3929; x_wconf 84' lang='grc' dir='ltr'><em>ὥριστο,</em></span> <span class='ocrx_word' id='word_1_751' title='bbox 2988 3857 3107 3911; x_wconf 88' lang='grc' dir='ltr'><em>ἀλλ’</em></span> <span class='ocrx_word' id='word_1_752' title='bbox 3158 3858 3368 3912; x_wconf 83' lang='grc' dir='ltr'><em>ἀνωθεν</em></span> <span class='ocrx_word' id='word_1_753' title='bbox 3413 3856 3689 3929; x_wconf 82' lang='grc' dir='ltr'><em>προτετύ-</em></span> 
     </span>
    </p>
   </div>
   <div class='ocr_carea' id='block_1_101' title="bbox 2106 3940 3694 4010">
    <p class='ocr_par' dir='ltr' id='par_1_101' title="bbox 2106 3940 3694 4010">
     <span class='ocr_line' id='line_1_103' title="bbox 2106 3940 3694 4010; baseline 0 -14"><span class='ocrx_word' id='word_1_754' title='bbox 2106 3960 2275 3997; x_wconf 86' lang='grc' dir='ltr'><em>πωτο.</em></span> <span class='ocrx_word' id='word_1_755' title='bbox 2308 3942 2470 3996; x_wconf 88' lang='grc' dir='ltr'><em>Κατὰ</em></span> <span class='ocrx_word' id='word_1_756' title='bbox 2504 3942 2796 4008; x_wconf 87' lang='grc' dir='ltr'><em>πρόθεσιν</em></span> <span class='ocrx_word' id='word_1_757' title='bbox 2825 3941 2945 3994; x_wconf 89' lang='grc' dir='ltr'><em>τῶν</em></span> <span class='ocrx_word' id='word_1_758' title='bbox 2975 3941 3230 4009; x_wconf 64' lang='grc' dir='ltr'><em>αἰώνων,</em></span> <span class='ocrx_word' id='word_1_759' title='bbox 3277 3940 3358 4010; x_wconf 79' lang='grc' dir='ltr'><em>ἣν</em></span> <span class='ocrx_word' id='word_1_760' title='bbox 3391 3943 3694 4008; x_wconf 72' lang='grc' dir='ltr'><em>ἐποίησεν</em></span> 
     </span>
    </p>
   </div>
   <div class='ocr_carea' id='block_1_102' title="bbox 2104 4023 3692 4096">
    <p class='ocr_par' dir='ltr' id='par_1_102' title="bbox 2104 4023 3692 4096">
     <span class='ocr_line' id='line_1_104' title="bbox 2104 4023 3692 4096; baseline -0.003 -15"><span class='ocrx_word' id='word_1_761' title='bbox 2104 4026 2175 4081; x_wconf 85' lang='grc' dir='ltr'><em>ἐν</em></span> <span class='ocrx_word' id='word_1_762' title='bbox 2200 4023 2433 4094; x_wconf 83' lang='grc' dir='ltr'><em>Χριστῷ</em></span> <span class='ocrx_word' id='word_1_763' title='bbox 2470 4023 2677 4091; x_wconf 90' lang='grc' dir='ltr'><em>Ἰησοῦ</em></span> <span class='ocrx_word' id='word_1_764' title='bbox 2697 4023 2812 4096; x_wconf 73' lang='grc'><em>[47]</em></span> <span class='ocrx_word' id='word_1_765' title='bbox 2844 4023 2923 4090; x_wconf 85' lang='grc' dir='ltr'><em>τῷ</em></span> <span class='ocrx_word' id='word_1_766' title='bbox 2954 4025 3149 4094; x_wconf 83' lang='grc' dir='ltr'><em>Κυρίῳ</em></span> <span class='ocrx_word' id='word_1_767' title='bbox 3173 4024 3344 4095; x_wconf 78' lang='grc' dir='ltr'><em>ἡμῶν</em></span> <span class='ocrx_word' id='word_1_768' title='bbox 3365 4042 3380 4056; x_wconf 88' lang='grc'><strong>·</strong></span> <span class='ocrx_word' id='word_1_769' title='bbox 3410 4026 3692 4086; x_wconf 54' lang='grc' dir='ltr'><em>τουτέστιν,</em></span> 
     </span>
    </p>
   </div>
   <div class='ocr_carea' id='block_1_103' title="bbox 2106 4105 3695 4180">
    <p class='ocr_par' dir='ltr' id='par_1_103' title="bbox 2106 4105 3695 4180">
     <span class='ocr_line' id='line_1_105' title="bbox 2106 4105 3695 4180; baseline -0.003 -16"><span class='ocrx_word' id='word_1_770' title='bbox 2106 4108 2246 4165; x_wconf 82' lang='grc' dir='ltr'><em>κατά</em></span> <span class='ocrx_word' id='word_1_771' title='bbox 2308 4107 2617 4180; x_wconf 89' lang='grc' dir='ltr'><em>πρόγνωσιν</em></span> <span class='ocrx_word' id='word_1_772' title='bbox 2652 4106 2763 4160; x_wconf 90' lang='grc' dir='ltr'><em>τῶν</em></span> <span class='ocrx_word' id='word_1_773' title='bbox 2801 4105 3038 4171; x_wconf 88' lang='grc' dir='ltr'><em>αἰώνων,</em></span> <span class='ocrx_word' id='word_1_774' title='bbox 3104 4106 3374 4179; x_wconf 87' lang='grc' dir='ltr'><em>προειδὼς</em></span> <span class='ocrx_word' id='word_1_775' title='bbox 3426 4108 3502 4162; x_wconf 84' lang='grc' dir='ltr'><em>τὰ</em></span> <span class='ocrx_word' id='word_1_776' title='bbox 3561 4108 3695 4179; x_wconf 78' lang='grc' dir='ltr'><em>μὲλ-</em></span> 
     </span>
    </p>
   </div>
   <div class='ocr_carea' id='block_1_104' title="bbox 2103 4190 3696 4265">
    <p class='ocr_par' dir='ltr' id='par_1_104' title="bbox 2103 4190 3696 4265">
     <span class='ocr_line' id='line_1_106' title="bbox 2103 4190 3696 4265; baseline -0.002 -18"><span class='ocrx_word' id='word_1_777' title='bbox 2103 4195 2266 4247; x_wconf 91' lang='grc' dir='ltr'><em>λοντα</em></span> <span class='ocrx_word' id='word_1_778' title='bbox 2292 4208 2306 4222; x_wconf 86' lang='grc'>·</span> <span class='ocrx_word' id='word_1_779' title='bbox 2362 4193 2486 4255; x_wconf 74' lang='grc' dir='ltr'><em>τοὺς</em></span> <span class='ocrx_word' id='word_1_780' title='bbox 2536 4190 2824 4262; x_wconf 79' lang='grc' dir='ltr'><em>μέλλοντας</em></span> <span class='ocrx_word' id='word_1_781' title='bbox 2852 4191 3055 4254; x_wconf 81' lang='grc' dir='ltr'><em>αίῶνᾱις</em></span> <span class='ocrx_word' id='word_1_782' title='bbox 3079 4208 3244 4261; x_wconf 87' lang='grc' dir='ltr'><em>φησιν</em></span> <span class='ocrx_word' id='word_1_783' title='bbox 3264 4206 3279 4221; x_wconf 85' lang='grc'><em>’</em></span> <span class='ocrx_word' id='word_1_784' title='bbox 3321 4191 3440 4263; x_wconf 88' lang='grc' dir='ltr'><em>ᾔδει</em></span> <span class='ocrx_word' id='word_1_785' title='bbox 3468 4194 3585 4265; x_wconf 75' lang='grc' dir='ltr'><em>γὰρ</em></span> <span class='ocrx_word' id='word_1_786' title='bbox 3629 4191 3696 4245; x_wconf 73' lang='grc' dir='ltr'><em>τὰ</em></span> 
     </span>
    </p>
   </div>
   <div class='ocr_carea' id='block_1_105' title="bbox 2105 4272 3698 4347">
    <p class='ocr_par' dir='ltr' id='par_1_105' title="bbox 2105 4272 3698 4347">
     <span class='ocr_line' id='line_1_107' title="bbox 2105 4272 3698 4347; baseline 0.001 -17"><span class='ocrx_word' id='word_1_787' title='bbox 2105 4276 2363 4347; x_wconf 88' lang='grc' dir='ltr'><em>ἐσόμενα,</em></span> <span class='ocrx_word' id='word_1_788' title='bbox 2413 4274 2511 4327; x_wconf 71' lang='grc' dir='ltr'><em>καὶ</em></span> <span class='ocrx_word' id='word_1_789' title='bbox 2561 4273 2736 4338; x_wconf 75' lang='grc' dir='ltr'><em>οὕτως</em></span> <span class='ocrx_word' id='word_1_790' title='bbox 2787 4272 2976 4345; x_wconf 84' lang='grc' dir='ltr'><em>ὥρισε.</em></span> <span class='ocrx_word' id='word_1_791' title='bbox 3035 4274 3199 4329; x_wconf 81' lang='grc' dir='ltr'><em>Κατὰ</em></span> <span class='ocrx_word' id='word_1_792' title='bbox 3241 4278 3545 4344; x_wconf 79' lang='grc' dir='ltr'><em>πρόθεσιν</em></span> <span class='ocrx_word' id='word_1_793' title='bbox 3576 4276 3698 4331; x_wconf 85' lang='grc' dir='ltr'><em>τῶν</em></span> 
     </span>
    </p>
   </div>
   <div class='ocr_carea' id='block_1_106' title="bbox 2103 4349 3693 4430">
    <p class='ocr_par' dir='ltr' id='par_1_106' title="bbox 2103 4349 3693 4430">
     <span class='ocr_line' id='line_1_108' title="bbox 2103 4349 3693 4430; baseline -0.003 -15"><span class='ocrx_word' id='word_1_794' title='bbox 2103 4360 2353 4415; x_wconf 78' lang='grc' dir='ltr'><em>αίὼνων’</em></span> <span class='ocrx_word' id='word_1_795' title='bbox 2379 4357 2508 4421; x_wconf 86' lang='grc' dir='ltr'><em>ίσως</em></span> <span class='ocrx_word' id='word_1_796' title='bbox 2535 4356 2739 4411; x_wconf 89' lang='grc' dir='ltr'><em>τούτων</em></span> <span class='ocrx_word' id='word_1_797' title='bbox 2767 4349 2842 4410; x_wconf 83' lang='grc' dir='ltr'><strong>ὧν</strong></span> <span class='ocrx_word' id='word_1_798' title='bbox 2866 4357 3123 4427; x_wconf 88' lang='grc' dir='ltr'><em>ἐποίησεν</em></span> <span class='ocrx_word' id='word_1_799' title='bbox 3148 4359 3214 4411; x_wconf 91' lang='grc' dir='ltr'><em>ἐν.</em></span> <span class='ocrx_word' id='word_1_800' title='bbox 3234 4358 3457 4430; x_wconf 84' lang='grc' dir='ltr'><em>Χριστῷ</em></span> <span class='ocrx_word' id='word_1_801' title='bbox 3487 4359 3693 4429; x_wconf 83' lang='grc' dir='ltr'><em>Ἰησοῦ,</em></span> 
     </span>
    </p>
   </div>
   <div class='ocr_carea' id='block_1_107' title="bbox 2103 4436 3696 4513">
    <p class='ocr_par' dir='ltr' id='par_1_107' title="bbox 2103 4436 3696 4513">
     <span class='ocr_line' id='line_1_109' title="bbox 2103 4436 3696 4513; baseline 0.001 -17"><span class='ocrx_word' id='word_1_802' title='bbox 2103 4441 2273 4512; x_wconf 79' lang='grc' dir='ltr'><em>ὁτιδὴ</em></span> <span class='ocrx_word' id='word_1_803' title='bbox 2304 4439 2394 4493; x_wconf 84' lang='grc' dir='ltr'><em>διὰ</em></span> <span class='ocrx_word' id='word_1_804' title='bbox 2417 4438 2513 4492; x_wconf 89' lang='grc' dir='ltr'><em>τοῦ</em></span> <span class='ocrx_word' id='word_1_805' title='bbox 2544 4438 2785 4509; x_wconf 86' lang='grc' dir='ltr'><em>Χριστοῦ</em></span> <span class='ocrx_word' id='word_1_806' title='bbox 2813 4439 3038 4507; x_wconf 86' lang='grc' dir='ltr'><em>γέγονεν</em></span> <span class='ocrx_word' id='word_1_807' title='bbox 3058 4439 3229 4495; x_wconf 73' lang='grc' dir='ltr'><em>ἅπαν.</em></span> <span class='ocrx_word' id='word_1_808' title='bbox 3247 4442 3343 4496; x_wconf 83' lang='grc' dir='ltr'><em>Ἑν</em></span> <span class='ocrx_word' id='word_1_809' title='bbox 3367 4436 3415 4509; x_wconf 84' lang='grc' dir='ltr'>ᾧ</span> <span class='ocrx_word' id='word_1_810' title='bbox 3441 4441 3696 4513; x_wconf 80' lang='grc' dir='ltr'><em>ἔχομεν,</em></span> 
     </span>
    </p>
   </div>
   <div class='ocr_carea' id='block_1_108' title="bbox 2104 4521 3700 4596">
    <p class='ocr_par' dir='ltr' id='par_1_108' title="bbox 2104 4521 3700 4596">
     <span class='ocr_line' id='line_1_110' title="bbox 2104 4521 3700 4596; baseline 0.003 -21"><span class='ocrx_word' id='word_1_811' title='bbox 2104 4524 2259 4593; x_wconf 83' lang='grc' dir='ltr'><em>φησὶ,</em></span> <span class='ocrx_word' id='word_1_812' title='bbox 2295 4521 2409 4588; x_wconf 82' lang='grc' dir='ltr'><em>τὴν</em></span> <span class='ocrx_word' id='word_1_813' title='bbox 2457 4521 2805 4589; x_wconf 71' lang='grc' dir='ltr'><em>παρρησίαν</em></span> <span class='ocrx_word' id='word_1_814' title='bbox 2851 4522 2951 4576; x_wconf 85' lang='grc' dir='ltr'><em>καὶ</em></span> <span class='ocrx_word' id='word_1_815' title='bbox 3008 4522 3126 4590; x_wconf 84' lang='grc' dir='ltr'><em>τὴν</em></span> <span class='ocrx_word' id='word_1_816' title='bbox 3179 4527 3598 4596; x_wconf 67' lang='grc' dir='ltr'><em>προσαγωγὴν</em></span> <span class='ocrx_word' id='word_1_817' title='bbox 3627 4527 3700 4579; x_wconf 84' lang='grc' dir='ltr'><em>ὲν</em></span> 
     </span>
    </p>
   </div>
   <div class='ocr_carea' id='block_1_109' title="bbox 2103 4602 3698 4679">
    <p class='ocr_par' dir='ltr' id='par_1_109' title="bbox 2103 4602 3698 4679">
     <span class='ocr_line' id='line_1_111' title="bbox 2103 4602 3698 4679; baseline 0.003 -22"><span class='ocrx_word' id='word_1_818' title='bbox 2103 4602 2457 4672; x_wconf 80' lang='grc' dir='ltr'><em>πεποιθήσει</em></span> <span class='ocrx_word' id='word_1_819' title='bbox 2486 4602 2587 4656; x_wconf 79' lang='grc' dir='ltr'><em>διὰ</em></span> <span class='ocrx_word' id='word_1_820' title='bbox 2623 4602 2734 4672; x_wconf 80' lang='grc' dir='ltr'><em>τῆς</em></span> <span class='ocrx_word' id='word_1_821' title='bbox 2763 4604 3025 4671; x_wconf 86' lang='grc' dir='ltr'><em>πίστεως</em></span> <span class='ocrx_word' id='word_1_822' title='bbox 3061 4607 3269 4661; x_wconf 85' lang='grc' dir='ltr'><em>αὐτοῦ.</em></span> <span class='ocrx_word' id='word_1_823' title='bbox 3298 4608 3410 4677; x_wconf 84' lang='grc' dir='ltr'><em>Οὐχ</em></span> <span class='ocrx_word' id='word_1_824' title='bbox 3461 4608 3544 4671; x_wconf 84' lang='grc' dir='ltr'><em>ὡς</em></span> <span class='ocrx_word' id='word_1_825' title='bbox 3576 4610 3698 4679; x_wconf 81' lang='grc' dir='ltr'><em>αἰχ-</em></span> 
     </span>
    </p>
   </div>
   <div class='ocr_carea' id='block_1_110' title="bbox 2106 4686 3698 4763">
    <p class='ocr_par' dir='ltr' id='par_1_110' title="bbox 2106 4686 3698 4763">
     <span class='ocr_line' id='line_1_112' title="bbox 2106 4686 3698 4763; baseline 0.009 -24"><span class='ocrx_word' id='word_1_826' title='bbox 2106 4686 2363 4759; x_wconf 85' lang='grc' dir='ltr'><em>μάλωτοι,</em></span> <span class='ocrx_word' id='word_1_827' title='bbox 2408 4687 2562 4757; x_wconf 73' lang='grc' dir='ltr'><em>φησὶ,</em></span> <span class='ocrx_word' id='word_1_828' title='bbox 2612 4686 3028 4758; x_wconf 82' lang='grc' dir='ltr'><em>προσήχθημεν,</em></span> <span class='ocrx_word' id='word_1_829' title='bbox 3077 4689 3185 4744; x_wconf 81' lang='grc' dir='ltr'><em>οὐδ’</em></span> <span class='ocrx_word' id='word_1_830' title='bbox 3227 4689 3305 4747; x_wconf 76' lang='grc' dir='ltr'><em>ὡς</em></span> <span class='ocrx_word' id='word_1_831' title='bbox 3350 4691 3698 4763; x_wconf 78' lang='grc' dir='ltr'><em>συγγνώμης</em></span> 
     </span>
    </p>
   </div>
   <div class='ocr_carea' id='block_1_111' title="bbox 2102 4769 3698 4846">
    <p class='ocr_par' dir='ltr' id='par_1_111' title="bbox 2102 4769 3698 4846">
     <span class='ocr_line' id='line_1_113' title="bbox 2102 4769 3698 4846; baseline 0.001 -21"><span class='ocrx_word' id='word_1_832' title='bbox 2102 4769 2433 4840; x_wconf 84' lang='grc' dir='ltr'><em>ἀξιούμενοι,</em></span> <span class='ocrx_word' id='word_1_833' title='bbox 2460 4769 2582 4823; x_wconf 84' lang='grc' dir='ltr'><em>ούδέ</em></span> <span class='ocrx_word' id='word_1_834' title='bbox 2612 4770 2689 4833; x_wconf 88' lang='grc' dir='ltr'><em>ῶς</em></span> <span class='ocrx_word' id='word_1_835' title='bbox 2740 4771 3145 4842; x_wconf 80' lang='grc' dir='ltr'><em>ἡμαρτηκότες.</em></span> <span class='ocrx_word' id='word_1_836' title='bbox 3194 4774 3328 4838; x_wconf 79' lang='grc' dir='ltr'><em>Καὶ,</em></span> <span class='ocrx_word' id='word_1_837' title='bbox 3383 4774 3513 4842; x_wconf 78' lang='grc' dir='ltr'><em>Τὴν</em></span> <span class='ocrx_word' id='word_1_838' title='bbox 3540 4779 3698 4846; x_wconf 71' lang='grc' dir='ltr'><em>παῤ-</em></span> 
     </span>
    </p>
   </div>
   <div class='ocr_carea' id='block_1_112' title="bbox 2092 4853 3703 4926">
    <p class='ocr_par' dir='ltr' id='par_1_112' title="bbox 2092 4853 3703 4926">
     <span class='ocr_line' id='line_1_114' title="bbox 2092 4853 3703 4926; baseline 0.005 -19"><span class='ocrx_word' id='word_1_839' title='bbox 2092 4855 2323 4924; x_wconf 83' lang='grc' dir='ltr'><em>ρησίαν</em></span> <span class='ocrx_word' id='word_1_840' title='bbox 2352 4854 2491 4926; x_wconf 88' lang='lat'><strong>7&amp;9,‘</strong></span> <span class='ocrx_word' id='word_1_841' title='bbox 2524 4854 2708 4923; x_wconf 76' lang='grc' dir='ltr'><em>φησὶν,</em></span> <span class='ocrx_word' id='word_1_842' title='bbox 2745 4853 2968 4923; x_wconf 82' lang='grc' dir='ltr'><em>ἔχομεν</em></span> <span class='ocrx_word' id='word_1_843' title='bbox 3001 4855 3073 4909; x_wconf 81' lang='grc' dir='ltr'><em>ἐν</em></span> <span class='ocrx_word' id='word_1_844' title='bbox 3108 4856 3502 4926; x_wconf 82' lang='grc' dir='ltr'><em>πεποιθήσει,</em></span> <span class='ocrx_word' id='word_1_845' title='bbox 3539 4878 3703 4915; x_wconf 81' lang='grc' dir='ltr'><em>τουτ-</em></span> 
     </span>
    </p>
   </div>
   <div class='ocr_carea' id='block_1_113' title="bbox 2099 4935 3702 5017">
    <p class='ocr_par' dir='ltr' id='par_1_113' title="bbox 2099 4935 3702 5017">
     <span class='ocr_line' id='line_1_115' title="bbox 2099 4935 3702 5017; baseline 0.005 -26"><span class='ocrx_word' id='word_1_846' title='bbox 2099 4938 2239 5001; x_wconf 86' lang='grc' dir='ltr'><em>έστι,</em></span> <span class='ocrx_word' id='word_1_847' title='bbox 2269 4938 2409 5007; x_wconf 85' lang='grc' dir='ltr'><em>μετὰ</em></span> <span class='ocrx_word' id='word_1_848' title='bbox 2436 4935 2532 4990; x_wconf 87' lang='grc' dir='ltr'><em>τοῦ</em></span> <span class='ocrx_word' id='word_1_849' title='bbox 2566 4935 2814 5008; x_wconf 75' lang='grc' dir='ltr'><em>θαρρεῖν.</em></span> <span class='ocrx_word' id='word_1_850' title='bbox 2848 4936 3058 5004; x_wconf 81' lang='grc' dir='ltr'><em>Πόθενς</em></span> <span class='ocrx_word' id='word_1_851' title='bbox 3111 4941 3216 4995; x_wconf 90' lang='grc' dir='ltr'><em>Διά</em></span> <span class='ocrx_word' id='word_1_852' title='bbox 3255 4940 3369 5010; x_wconf 83' lang='grc' dir='ltr'><em>τῆς</em></span> <span class='ocrx_word' id='word_1_853' title='bbox 3422 4944 3702 5017; x_wconf 79' lang='grc' dir='ltr'><em>πίστεως</em></span> 
     </span>
    </p>
   </div>
   <div class='ocr_carea' id='block_1_114' title="bbox 2097 5017 3702 5097">
    <p class='ocr_par' dir='ltr' id='par_1_114' title="bbox 2097 5017 3702 5097">
     <span class='ocr_line' id='line_1_116' title="bbox 2097 5017 3702 5097; baseline 0.006 -23"><span class='ocrx_word' id='word_1_854' title='bbox 2097 5018 2301 5074; x_wconf 82' lang='grc' dir='ltr'><em>αὐτοῦ.</em></span> <span class='ocrx_word' id='word_1_855' title='bbox 2327 5018 2427 5072; x_wconf 90' lang='grc' dir='ltr'><em>Διὸ</em></span> <span class='ocrx_word' id='word_1_856' title='bbox 2454 5019 2731 5089; x_wconf 82' lang='grc' dir='ltr'><em>αίτοῦμαι</em></span> <span class='ocrx_word' id='word_1_857' title='bbox 2748 5017 2836 5088; x_wconf 81' lang='grc' dir='ltr'><em>μὴ</em></span> <span class='ocrx_word' id='word_1_858' title='bbox 2864 5019 3148 5075; x_wconf 80' lang='grc' dir='ltr'><em>ἐκκακεῖν</em></span> <span class='ocrx_word' id='word_1_859' title='bbox 3175 5023 3248 5077; x_wconf 83' lang='grc' dir='ltr'><em>ἐν</em></span> <span class='ocrx_word' id='word_1_860' title='bbox 3267 5024 3397 5088; x_wconf 84' lang='grc' dir='ltr'><em>ταῖς</em></span> <span class='ocrx_word' id='word_1_861' title='bbox 3431 5025 3702 5097; x_wconf 73' lang='grc' dir='ltr'><em>θλίψεσι</em></span> 
     </span>
    </p>
   </div>
   <div class='ocr_carea' id='block_1_115' title="bbox 2097 5100 3700 5176">
    <p class='ocr_par' dir='ltr' id='par_1_115' title="bbox 2097 5100 3700 5176">
     <span class='ocr_line' id='line_1_117' title="bbox 2097 5100 3700 5176; baseline 0.007 -21"><span class='ocrx_word' id='word_1_862' title='bbox 2097 5118 2218 5171; x_wconf 87' lang='grc' dir='ltr'><em>μου</em></span> <span class='ocrx_word' id='word_1_863' title='bbox 2250 5102 2404 5169; x_wconf 82' lang='grc' dir='ltr'><em>ὑπὲρ</em></span> <span class='ocrx_word' id='word_1_864' title='bbox 2431 5101 2621 5171; x_wconf 82' lang='grc' dir='ltr'><em>ὑμῶν,</em></span> <span class='ocrx_word' id='word_1_865' title='bbox 2644 5100 2776 5168; x_wconf 83' lang='grc' dir='ltr'><em>ἣτις</em></span> <span class='ocrx_word' id='word_1_866' title='bbox 2798 5100 2929 5155; x_wconf 76' lang='grc' dir='ltr'><em>ἐστὶ</em></span> <span class='ocrx_word' id='word_1_867' title='bbox 2965 5101 3117 5168; x_wconf 82' lang='grc' dir='ltr'><em>δόξα</em></span> <span class='ocrx_word' id='word_1_868' title='bbox 3143 5104 3334 5176; x_wconf 83' lang='grc' dir='ltr'><em>ὑμῶν.</em></span> <span class='ocrx_word' id='word_1_869' title='bbox 3368 5106 3509 5172; x_wconf 86' lang='grc' dir='ltr'><em>Πῶς</em></span> <span class='ocrx_word' id='word_1_870' title='bbox 3545 5112 3700 5167; x_wconf 75' lang='grc' dir='ltr'><em>ἐστιν</em></span> 
     </span>
    </p>
   </div>
   <div class='ocr_carea' id='block_1_116' title="bbox 2100 5182 3699 5258">
    <p class='ocr_par' dir='ltr' id='par_1_116' title="bbox 2100 5182 3699 5258">
     <span class='ocr_line' id='line_1_118' title="bbox 2100 5182 3699 5258; baseline -0.001 -20"><span class='ocrx_word' id='word_1_871' title='bbox 2100 5185 2242 5256; x_wconf 83' lang='grc' dir='ltr'><em>ὑπὲρ</em></span> <span class='ocrx_word' id='word_1_872' title='bbox 2269 5183 2482 5250; x_wconf 76' lang='grc' dir='ltr'><em>αὐτῶνς</em></span> <span class='ocrx_word' id='word_1_873' title='bbox 2513 5184 2632 5246; x_wconf 88' lang='grc' dir='ltr'><em>πῶς</em></span> <span class='ocrx_word' id='word_1_874' title='bbox 2657 5184 2774 5236; x_wconf 85' lang='grc' dir='ltr'><em>ἐστι</em></span> <span class='ocrx_word' id='word_1_875' title='bbox 2799 5182 2925 5250; x_wconf 79' lang='grc' dir='ltr'><em>δόξα</em></span> <span class='ocrx_word' id='word_1_876' title='bbox 2952 5186 3136 5240; x_wconf 82' lang='grc' dir='ltr'><em>αὐτῶν</em></span> <span class='ocrx_word' id='word_1_877' title='bbox 3164 5203 3179 5252; x_wconf 91' lang='lat'><strong>;</strong></span> <span class='ocrx_word' id='word_1_878' title='bbox 3206 5188 3331 5241; x_wconf 85' lang='grc' dir='ltr'><em>Ὅτι</em></span> <span class='ocrx_word' id='word_1_879' title='bbox 3357 5188 3557 5258; x_wconf 77' lang='grc' dir='ltr'><em>οὕτως</em></span> <span class='ocrx_word' id='word_1_880' title='bbox 3593 5193 3699 5248; x_wconf 84' lang='grc' dir='ltr'><em>αὐ..</em></span> 
     </span>
    </p>
   </div>
   <div class='ocr_carea' id='block_1_117' title="bbox 2092 5265 3698 5348">
    <p class='ocr_par' dir='ltr' id='par_1_117' title="bbox 2092 5265 3698 5348">
     <span class='ocr_line' id='line_1_119' title="bbox 2092 5265 3698 5348; baseline 0.005 -24"><span class='ocrx_word' id='word_1_881' title='bbox 2092 5270 2220 5334; x_wconf 84' lang='grc' dir='ltr'><em>τοὺς</em></span> <span class='ocrx_word' id='word_1_882' title='bbox 2245 5269 2533 5338; x_wconf 78' lang='grc' dir='ltr'><em>ἠγάπησεν</em></span> <span class='ocrx_word' id='word_1_883' title='bbox 2564 5269 2593 5320; x_wconf 85' lang='grc' dir='ltr'><em>ό</em></span> <span class='ocrx_word' id='word_1_884' title='bbox 2614 5265 2768 5328; x_wconf 69' lang='grc' dir='ltr'><em>Θεὸς.</em></span> <span class='ocrx_word' id='word_1_885' title='bbox 2802 5265 2945 5320; x_wconf 81' lang='grc' dir='ltr'><em>ὥστε</em></span> <span class='ocrx_word' id='word_1_886' title='bbox 2980 5271 3078 5323; x_wconf 76' lang='grc' dir='ltr'><em>καὶ</em></span> <span class='ocrx_word' id='word_1_887' title='bbox 3122 5270 3215 5325; x_wconf 79' lang='grc' dir='ltr'><em>τὸν</em></span> <span class='ocrx_word' id='word_1_888' title='bbox 3249 5272 3381 5326; x_wconf 80' lang='grc' dir='ltr'><em>Υίὸν</em></span> <span class='ocrx_word' id='word_1_889' title='bbox 3407 5275 3563 5348; x_wconf 78' lang='grc' dir='ltr'><em>ὑπὲρ</em></span> <span class='ocrx_word' id='word_1_890' title='bbox 3593 5278 3698 5332; x_wconf 83' lang='grc' dir='ltr'><em>αύ-</em></span> 
     </span>
    </p>
   </div>
   <div class='ocr_carea' id='block_1_118' title="bbox 2091 5348 3696 5431">
    <p class='ocr_par' dir='ltr' id='par_1_118' title="bbox 2091 5348 3696 5431">
     <span class='ocr_line' id='line_1_120' title="bbox 2091 5348 3696 5431; baseline -0.002 -24"><span class='ocrx_word' id='word_1_891' title='bbox 2091 5353 2199 5407; x_wconf 88' lang='grc' dir='ltr'><em>τῶν</em></span> <span class='ocrx_word' id='word_1_892' title='bbox 2226 5353 2428 5410; x_wconf 76' lang='grc' dir='ltr'><em>δοῦναι.</em></span> <span class='ocrx_word' id='word_1_893' title='bbox 2458 5350 2553 5404; x_wconf 72' lang='grc' dir='ltr'><em>καὶ</em></span> <span class='ocrx_word' id='word_1_894' title='bbox 2579 5348 2707 5412; x_wconf 80' lang='grc' dir='ltr'><em>τοὺς</em></span> <span class='ocrx_word' id='word_1_895' title='bbox 2733 5348 2951 5415; x_wconf 87' lang='grc' dir='ltr'><em>δούλους</em></span> <span class='ocrx_word' id='word_1_896' title='bbox 2976 5353 3206 5410; x_wconf 85' lang='grc' dir='ltr'><em>κακοῦν.</em></span> <span class='ocrx_word' id='word_1_897' title='bbox 3234 5355 3350 5408; x_wconf 83' lang='grc' dir='ltr'><em>Ἵνα</em></span> <span class='ocrx_word' id='word_1_898' title='bbox 3387 5357 3513 5431; x_wconf 76' lang='grc' dir='ltr'><em>γὰρ</em></span> <span class='ocrx_word' id='word_1_899' title='bbox 3541 5355 3696 5415; x_wconf 74' lang='grc' dir='ltr'><em>οὗτοι</em></span> 
     </span>
    </p>
   </div>
   <div class='ocr_carea' id='block_1_119' title="bbox 2090 5431 3699 5516">
    <p class='ocr_par' dir='ltr' id='par_1_119' title="bbox 2090 5431 3699 5516">
     <span class='ocr_line' id='line_1_121' title="bbox 2090 5431 3699 5516; baseline -0.007 -27"><span class='ocrx_word' id='word_1_900' title='bbox 2090 5435 2297 5506; x_wconf 88' lang='grc' dir='ltr'><em>τύχωσι</em></span> <span class='ocrx_word' id='word_1_901' title='bbox 2318 5431 2589 5516; x_wconf 82' lang='grc' dir='ltr'><em>τοσούτων</em></span> <span class='ocrx_word' id='word_1_902' title='bbox 2632 5431 2879 5516; x_wconf 82' lang='grc' dir='ltr'><em>ἀγαθῶν,</em></span> <span class='ocrx_word' id='word_1_903' title='bbox 2939 5435 3150 5500; x_wconf 79' lang='grc' dir='ltr'><em>Παῦλος</em></span> <span class='ocrx_word' id='word_1_904' title='bbox 3197 5436 3519 5508; x_wconf 58' lang='grc' dir='ltr'><em>ἐδεσμεῖτο,</em></span> <span class='ocrx_word' id='word_1_905' title='bbox 3548 5447 3699 5516; x_wconf 64' lang='grc' dir='ltr'><em>Ἆρα</em></span> 
     </span>
    </p>
   </div>
   <div class='ocr_carea' id='block_1_120' title="bbox 2090 5514 3697 5598">
    <p class='ocr_par' dir='ltr' id='par_1_120' title="bbox 2090 5514 3697 5598">
     <span class='ocr_line' id='line_1_122' title="bbox 2090 5514 3697 5598; baseline -0.006 -26"><span class='ocrx_word' id='word_1_906' title='bbox 2090 5517 2250 5572; x_wconf 87' lang='grc' dir='ltr'><em>τοῦτο</em></span> <span class='ocrx_word' id='word_1_907' title='bbox 2280 5516 2381 5585; x_wconf 80' lang='grc' dir='ltr'><em>τῆς</em></span> <span class='ocrx_word' id='word_1_908' title='bbox 2413 5514 2612 5585; x_wconf 84' lang='grc' dir='ltr'><em>πολλῆς</em></span> <span class='ocrx_word' id='word_1_909' title='bbox 2662 5515 2756 5568; x_wconf 86' lang='grc' dir='ltr'><em>τοῦ</em></span> <span class='ocrx_word' id='word_1_910' title='bbox 2809 5516 2947 5569; x_wconf 76' lang='grc' dir='ltr'><em>Θεοῦ</em></span> <span class='ocrx_word' id='word_1_911' title='bbox 2998 5519 3130 5590; x_wconf 80' lang='grc' dir='ltr'><em>περὶ</em></span> <span class='ocrx_word' id='word_1_912' title='bbox 3182 5521 3390 5587; x_wconf 84' lang='grc' dir='ltr'><em>αὐτοὺς</em></span> <span class='ocrx_word' id='word_1_913' title='bbox 3433 5514 3697 5598; x_wconf 45' lang='grc' dir='ltr'><em>ἀγάπτές.</em></span> 
     </span>
    </p>
   </div>
   <div class='ocr_carea' id='block_1_121' title="bbox 2091 5598 3702 5672">
    <p class='ocr_par' dir='ltr' id='par_1_121' title="bbox 2091 5598 3702 5672">
     <span class='ocr_line' id='line_1_123' title="bbox 2091 5598 3702 5672; baseline -0.001 -16"><span class='ocrx_word' id='word_1_914' title='bbox 2091 5602 2229 5670; x_wconf 83' lang='grc' dir='ltr'><em>ὅπερ</em></span> <span class='ocrx_word' id='word_1_915' title='bbox 2262 5600 2356 5653; x_wconf 73' lang='grc' dir='ltr'><em>καὶ</em></span> <span class='ocrx_word' id='word_1_916' title='bbox 2387 5598 2517 5668; x_wconf 83' lang='lat'><strong>1:591</strong></span> <span class='ocrx_word' id='word_1_917' title='bbox 2543 5598 2652 5651; x_wconf 83' lang='grc' dir='ltr'><em>τῶν</em></span> <span class='ocrx_word' id='word_1_918' title='bbox 2678 5600 2976 5670; x_wconf 83' lang='grc' dir='ltr'><em>προφητῶν</em></span> <span class='ocrx_word' id='word_1_919' title='bbox 3000 5617 3167 5672; x_wconf 86' lang='grc' dir='ltr'><em>φησιν</em></span> <span class='ocrx_word' id='word_1_920' title='bbox 3196 5602 3226 5655; x_wconf 82' lang='grc' dir='ltr'><strong>ὁ</strong></span> <span class='ocrx_word' id='word_1_921' title='bbox 3253 5604 3397 5670; x_wconf 79' lang='grc' dir='ltr'><em>Θεός</em></span> <span class='ocrx_word' id='word_1_922' title='bbox 3420 5623 3435 5637; x_wconf 78' lang='grc' dir='ltr'><strong>ο</strong></span> <span class='ocrx_word' id='word_1_923' title='bbox 3491 5611 3702 5667; x_wconf 70' lang='grc' dir='ltr'><em>Ἇπέκ.</em></span> 
     </span>
    </p>
   </div>
   <div class='ocr_carea' id='block_1_122' title="bbox 2098 5680 3706 5761">
    <p class='ocr_par' dir='ltr' id='par_1_122' title="bbox 2098 5680 3706 5761">
     <span class='ocr_line' id='line_1_124' title="bbox 2098 5680 3706 5761; baseline 0.009 -24"><span class='ocrx_word' id='word_1_924' title='bbox 2098 5698 2295 5738; x_wconf 89' lang='grc' dir='ltr'><em>τεινον</em></span> <span class='ocrx_word' id='word_1_925' title='bbox 2315 5680 2537 5745; x_wconf 84' lang='grc' dir='ltr'><em>αὐτοὺς</em></span> <span class='ocrx_word' id='word_1_926' title='bbox 2579 5680 2648 5733; x_wconf 82' lang='grc' dir='ltr'><em>ἐν</em></span> <span class='ocrx_word' id='word_1_927' title='bbox 2664 5681 2887 5751; x_wconf 75' lang='grc' dir='ltr'><em>ῥήματι</em></span> <span class='ocrx_word' id='word_1_928' title='bbox 2939 5683 3239 5752; x_wconf 84' lang='grc' dir='ltr'><em>στόματός</em></span> <span class='ocrx_word' id='word_1_929' title='bbox 3280 5703 3432 5753; x_wconf 80' lang='grc' dir='ltr'><em>μου.</em></span> <span class='ocrx_word' id='word_1_930' title='bbox 3483 5695 3616 5761; x_wconf 87' lang='grc' dir='ltr'><em>Πῶς</em></span> <span class='ocrx_word' id='word_1_931' title='bbox 3645 5697 3706 5750; x_wconf 78' lang='grc' dir='ltr'><em>δὲ</em></span> 
     </span>
    </p>
   </div>
   <div class='ocr_carea' id='block_1_123' title="bbox 2096 5764 3702 5851">
    <p class='ocr_par' dir='ltr' id='par_1_123' title="bbox 2096 5764 3702 5851">
     <span class='ocr_line' id='line_1_125' title="bbox 2096 5764 3702 5851; baseline 0.008 -31"><span class='ocrx_word' id='word_1_932' title='bbox 2096 5765 2415 5831; x_wconf 78' lang='grc' dir='ltr'><em>ὲξεκάκουν,</em></span> <span class='ocrx_word' id='word_1_933' title='bbox 2478 5764 2639 5851; x_wconf 78' lang='grc' dir='ltr'><em>ἄλλου</em></span> <span class='ocrx_word' id='word_1_934' title='bbox 2689 5764 3042 5851; x_wconf 49' lang='grc' dir='ltr'><em>θλιϐομένοη</em></span> <span class='ocrx_word' id='word_1_935' title='bbox 3101 5766 3423 5851; x_wconf 57' lang='grc' dir='ltr'><em>Τουτέστιν,</em></span> <span class='ocrx_word' id='word_1_936' title='bbox 3499 5778 3702 5851; x_wconf 78' lang='grc' dir='ltr'><em>ἐθορυ-</em></span> 
     </span>
    </p>
   </div>
   <div class='ocr_carea' id='block_1_124' title="bbox 2098 5848 3706 5920">
    <p class='ocr_par' dir='ltr' id='par_1_124' title="bbox 2098 5848 3706 5920">
     <span class='ocr_line' id='line_1_126' title="bbox 2098 5848 3706 5920; baseline -0.006 -13"><span class='ocrx_word' id='word_1_937' title='bbox 2098 5851 2309 5915; x_wconf 72' lang='grc' dir='ltr'><em>ϐοῦντο,</em></span> <span class='ocrx_word' id='word_1_938' title='bbox 2385 5850 2758 5920; x_wconf 70' lang='grc' dir='ltr'><em>ἐταράττοντο.</em></span> <span class='ocrx_word' id='word_1_939' title='bbox 2819 5848 3001 5903; x_wconf 77' lang='grc' dir='ltr'><em>Ταῦτα</em></span> <span class='ocrx_word' id='word_1_940' title='bbox 3054 5848 3148 5904; x_wconf 74' lang='grc' dir='ltr'><em>καὶ</em></span> <span class='ocrx_word' id='word_1_941' title='bbox 3211 5848 3706 5920; x_wconf 52' lang='grc' dir='ltr'><em>Θεσσαλονικεξ,Ἦ</em></span> 
     </span>
    </p>
   </div>
  </div>
