3932 6220
324 410 382 463 t9
1191 396 1253 450 IN
1294 394 1504 452 EPIST.
1541 388 1627 443 AD
1665 383 1906 442 EPIIES.
1947 377 2097 435 CAP.
2143 375 2230 431 Ill.
2275 376 2504 434 ll0.\l|l...
2549 381 2657 438 ΥΠ.
3510 379 3573 434 an

320 537 496 576 turum
542 516 850 590 gravitatem
885 528 978 584 per
1007 513 1058 566 id
1101 511 1413 580 deponunt,
1467 509 1518 562 hi
1575 522 1706 562 vero
1753 522 1882 560 non.

321 613 536 680 Propter
563 609 670 661 haec
696 606 874 660 omnia
897 604 1051 658 nobis
1069 603 1198 672 ipsis
1219 601 1574 654 attendamus.
1596 597 1710 652 Non
1735 595 1874 649 vide-

321 706 386 758 Iis
401 702 568 757 hella?
590 714 692 753 non
713 697 910 751 auditis
929 692 1296 748 calamitates?
1324 706 1429 745 n0n
1460 691 1542 744 his
1563 685 1886 743 erndimini?

321 793 506 848 Gentes
525 799 577 844 et
591 789 834 843 civitates
851 787 1069 851 integrw
1091 785 1357 851 absorpta:
1375 789 1498 833 sunt
1517 788 1570 832 et
1588 778 1883 847 perierunt;

322 897 421 939 tam
454 883 610 937 multa
638 881 810 934 millia
834 875 1229 939 serviuntapnd
1253 875 1506 930 barbaros
1540 872 1617 924 :si
1641 869 1881 939 gcheuna

323 991 415 1029 uos
446 991 548 1028 non
579 973 828 1040 castigat,
861 971 976 1022 haec
1001 969 1186 1021 saltem
1221 982 1318 1020 nos
1345 964 1601 1033 castigent
1635 971 1688 1015 et
1730 959 1889 1014 doce-

317 1076 405 1120 ant
431 1079 636 1134 sapere.
662 1065 743 1115 An
775 1061 891 1114 tunc
935 1060 1092 1112 minae
1112 1057 1276 1134 sunt?
1307 1071 1484 1109 nonne
1512 1069 1595 1107 res
1621 1067 1738 1121 quae
1759 1064 1887 1104 eve-

319 1156 548 1211 nerunt?
578 1153 797 1227 Magnas
825 1149 897 1204 illi
945 1127 1441 1214 dederuut’poenas,
1475 1143 1566 1198 sed
1591 1158 1688 1196 nos
1718 1141 1888 1209 majo-

334 1270 2264 1298 ________________________.____.____

1993 514 2081 554 res
2103 499 2363 563 dabimus,
2397 498 2483 568 qui
2513 513 2578 552 ex
2605 496 2816 552 illorum
2846 493 3237 552 calamitatibus
3263 509 3368 548 non
3402 497 3564 551 casti-

1991 607 2200 663 gamur.
2233 591 2407 647 Grave
2433 600 2512 645 est
2544 598 2600 646 et
2651 589 2929 645 molestum
2953 588 3094 660 quod
3115 587 3240 642 dico
3264 603 3276 640 :
3304 601 3405 655 ego
3433 599 3560 654 quo—

1990 700 2096 754 que
2128 685 2179 738 id
2210 685 2325 738 scio
2351 725 2366 747 .
2411 683 2505 738 sed
2537 683 2743 737 lucrum
2777 682 2930 737 aliert
2972 681 3015 735 si
3063 680 3422 736 attendamus.
3451 676 3568 731 Non

1991 774 2134 826 enim
2174 772 2314 828 dicta
2342 771 2544 842 prolert
2573 787 2823 841 umquam
2851 773 2915 826 ad
2950 771 3172 841 gratiam
3196 811 3210 834 ,
3240 768 3332 822 sed
3361 783 3422 820 ea
3449 784 3569 836 qua:

1993 867 2163 935 magis
2188 873 2410 932 possunt
2452 855 2683 918 animam
2717 868 2993 919 continere
3033 874 3085 918 et
3125 863 3419 916 modestam
3451 858 3573 912 red-

1991 957 2139 1011 dere.
2158 957 2282 1010 Haec
2297 957 2439 1010 enim
2463 966 2588 1010 sunt
2606 957 2761 1010 nobis
2773 973 2949 1011 causa;
2973 958 3268 1010 futurorum
3290 955 3573 1007 honorum:

1992 1064 2110 1114 qua:
2139 1048 2297 1101 detur
2334 1049 2486 1102 nobis
2517 1049 2766 1102 omnibus
2797 1049 3089 1114 consequi,
3122 1045 3287 1116 gratia
3317 1053 3372 1097 et
3425 1041 3573 1096 beni-

1993 1140 2215 1208 gnitate.

3405 1257 3559 1270 -..-

1658 1349 2000 1410 HOMILIA
2054 1349 2184 1407 VII.

287 1504 292 1508 ’
320 1505 450 1558 CAP.
481 1505 536 1558 5.
566 1518 614 1556 v.
645 1501 699 1556 8.
728 1499 856 1554 Mihi
900 1507 1066 1552 autem
1104 1505 1390 1549 sanctorum
1421 1493 1646 1547 omnium
1671 1492 1880 1544 minimo

395 1596 515 1647 data
541 1601 610 1647 est
647 1592 811 1662 gratia
840 1590 947 1643 hwc
970 1630 986 1654 ,
1020 1589 1072 1640 in
1099 1586 1324 1656 gentibus
1355 1584 1698 1653 evangelisare
1722 1583 1893 1634 inves-

394 1687 622 1757 tigabiles
670 1683 870 1736 divitias
919 1681 1124 1735 Christi.
1171 1679 1224 1732 9.
1267 1686 1314 1731 et
1357 1676 1651 1730 illuminare
1689 1689 1890 1735 omnes,

391 1793 505 1847 qua
527 1777 591 1830 sit
635 1773 945 1842 dispensatio
976 1768 1281 1824 sacramenti
1309 1765 1590 1821 absconditi
1622 1781 1654 1816 a
1699 1763 1898 1816 swculis

390 1872 442 1923 in
465 1870 571 1923 Deo
587 1869 672 1936 qui
693 1871 865 1920 omnia
886 1863 1070 1918 creavit
1098 1879 1186 1928 per
1209 1859 1385 1914 Jesum
1409 1857 1703 1920 Christum;
1732 1854 1816 1910 10.
1845 1864 1898 1907 ut

390 1963 666 2013 innotescat
687 1972 820 2011 nunc
848 1952 1215 2023 principatibus
1254 1960 1300 2004 et
1323 1947 1649 2020 potestatibus
1675 1946 1728 1998 in
1749 1945 1899 1997 ca'le-

391 2049 553 2102 stibus
608 2063 697 2115 per
750 2044 1030 2098 Ecclesium
1096 2040 1423 2111 multiformis
1466 2037 1714 2106 sapientia
1762 2033 1899 2101 Dei,

397 2139 486 2192 ll.
518 2135 792 2190 secundum
824 2132 1211 2202 prwﬁnitionem
1237 2130 1536 2182 sceculorum
1561 2167 1577 2191 ,
1607 2140 1759 2194 quam
1789 2121 1903 2194 fecit

397 2230 450 2280 in
481 2227 683 2279 Christo
707 2224 831 2276 Jesu
863 2223 1077 2274 Domino
1105 2229 1294 2274 nostra.

402 2318 454 2370 1.
490 2316 706 2369 Summa
734 2312 890 2365 Pauli
922 2310 1209 2363 humilitas.
1239 2338 1309 2349 --
1333 2307 1425 2362 Eis
1469 2307 1558 2376 qui
1603 2305 1668 2359 ad
1717 2303 1904 2358 medici

324 2406 550 2461 veniunt
577 2403 850 2457 ofﬁcinam
870 2443 886 2466 ,
917 2416 1024 2456 non
1051 2400 1168 2454 sine
1197 2413 1353 2454 causa
1387 2397 1512 2451 illuc
1535 2401 1618 2450 est
1641 2394 1872 2450 eundum
1889 2435 1902 2458 ,

324 2498 419 2553 sed
470 2505 530 2550 ut
567 2496 779 2549 discant
806 2507 999 2546 curare
1025 2501 1078 2545 et
1107 2489 1364 2544 adhibere
1394 2487 1798 2542 medicamenta.
1845 2485 1909 2539 Et

327 2603 423 2644 nos
448 2601 667 2658 quoque
694 2599 814 2639 cum
843 2583 949 2638 huc
977 2581 1365 2636 accesserimus
1385 2619 1401 2644 ,
1434 2594 1540 2633 non
1569 2578 1671 2632 hoc
1695 2585 1910 2646 Oportet

327 2690 538 2734 temere
592 2677 769 2730 lacere
819 2683 872 2728 et
923 2669 1356 2736 inconsiderate,
1401 2668 1494 2723 sed
1547 2677 1604 2721 ut
1645 2667 1910 2721 discamus

327 2772 476 2828 Pauli
529 2783 794 2824 summam
846 2764 1220 2819 humilitatem.
1248 2761 1386 2827 Quid
1431 2760 1618 2814 enim?
1646 2758 1909 2825 Quoniam

327 2871 439 2917 erat
464 2860 712 2914 dicturus
736 2856 924 2926 gratiae
949 2853 1048 2908 Dei
1079 2851 1522 2922 magnitudinem,
1551 2851 1674 2904 audi
1707 2850 1858 2903 illum
1893 2865 1908 2903 :

330 2952 462 3006 Mihi
489 2950 718 3005 omnium
759 2956 1049 3000 sanctorum
1087 2944 1294 2996 minimo
1322 2943 1441 2996 data
1483 2952 1558 2996 est
1582 2942 1746 3012 gratia
1784 2941 1910 2994 hwc.

330 3043 456 3097 Erat
494 3041 716 3111 quidem
747 3037 1094 3100 humilitatis,
1125 3047 1344 3105 prepter
1369 3035 1547 3104 priora
1573 3033 1788 3100 delicta,
1812 3032 1915 3088 etsi

328 3136 512 3189 deleta
541 3173 556 3196 ,
603 3131 821 3200 lugere,
867 3143 1053 3182 eorum
1094 3126 1402 3180 meminisse
1427 3164 1444 3189 ,
1487 3135 1543 3179 et
1587 3125 1828 3178 modeste
1857 3137 1916 3179 se

328 3239 547 3296 gerere,
573 3233 625 3276 ut
647 3219 862 3291 quando
882 3219 1011 3273 dicit
1029 3233 1086 3274 se
1107 3217 1470 3287 blasphemum
1496 3225 1548 3270 et
1571 3225 1918 3285 persequuto-

331 3333 448 3372 rem
497 3325 554 3370 et
592 3312 1080 3375 contumeliosum;
1112 3308 1208 3364 sed
1246 3323 1352 3363 non
1378 3317 1462 3363 est
1491 3307 1620 3362 illud
1651 3322 1770 3362 eum
1817 3307 1918 3362 hoc

333 3406 748 3466 conferendum.
784 3405 939 3460 Prius
970 3405 1134 3470 enim,
1166 3402 1356 3472 inquit,
1386 3400 1530 3455 Talis
1557 3415 1704 3455 eram
1724 3439 1741 3466 ,
1774 3410 1828 3454 et
1860 3414 1918 3454 se

335 3507 498 3554 vocat
539 3495 841 3551 abortivum
874 3509 890 3547 :
919 3501 1042 3563 post
1066 3501 1146 3547 tot
1169 3502 1348 3547 autem
1376 3491 1634 3561 prmclare
1659 3501 1826 3560 gesta,
1860 3504 1920 3544 se

340 3589 588 3644 modeste
611 3601 820 3657 gerere,
845 3599 907 3639 ac
932 3598 991 3638 se
1018 3597 1257 3638 omnium
1289 3583 1566 3637 minimum
1594 3583 1804 3646 dicere,
1837 3590 1922 3636 est

342 3679 531 3736 multae
571 3687 628 3733 et
672 3691 895 3732 summa:
925 3675 1222 3730 modestiae.
1268 3673 1427 3738 Mihi,
1459 3674 1669 3739 inquit,
1714 3675 1920 3726 minimo

345 3771 576 3826 omnium
602 3777 906 3822 sanctorum.
953 3765 1068 3820 Non
1107 3765 1244 3820 dixit
1287 3766 1650 3834 apostolorum
1685 3782 1698 3816 :
1731 3780 1919 3834 quam-

348 3861 538 3916 obrem
581 3865 666 3912 est
692 3855 822 3909 illud
849 3870 1056 3926 quoque
1087 3854 1190 3909 hoc
1216 3854 1412 3908 minus.
1443 3853 1559 3909 Illic
1583 3853 1724 3907 enim
1752 3854 1919 3921 dixit,

349 3953 477 4008 Non
500 3969 614 4007 sum
643 3951 826 4021 dignus
863 3951 1023 4004 vocari
1054 3950 1314 4020 apostolus
1344 3948 1420 4018 (1.
1444 3948 1564 4002 Cor.
1597 3949 1681 4003 15.
1709 3948 1803 4019 9);
1837 3948 1924 4002 hic

348 4056 531 4101 autem
562 4059 623 4099 se
648 4045 808 4099 etiam
835 4041 962 4096 dicit
984 4041 1225 4098 omnium
1257 4048 1567 4094 sanctorum
1596 4038 1872 4092 minimum
1906 4056 1920 4092 :

351 4136 505 4203 Mihi,
534 4135 728 4205 inquit,
760 4134 984 4187 omnium
1010 4142 1302 4186 sanctorum
1333 4131 1539 4184 minimo
1567 4130 1688 4183 data
1715 4140 1787 4184 est
1807 4148 1924 4202 gra-

351 4228 421 4281 tia
449 4227 559 4281 hac
590 4242 605 4279 :
638 4224 929 4292 Quaenam?
969 4219 1334 4292 Evangeliaare
1360 4221 1586 4291 gentibus
1613 4221 1924 4290 impervesti-

349 4317 539 4389 gabiles
587 4314 790 4368 divitias
816 4311 1006 4368 Christi
1045 4321 1091 4365 et
1137 4311 1428 4364 illuminare
1468 4325 1671 4374 omnes,
1724 4325 1836 4380 quat
1863 4311 1927 4365 sit

352 4409 660 4480 dispensatio
699 4406 927 4478 mysterii
961 4403 1241 4460 absconditi
1266 4421 1298 4457 a
1333 4405 1530 4458 seculis
1557 4407 1610 4458 in
1655 4403 1794 4471 Deo,
1841 4405 1928 4476 qui

352 4503 519 4557 omnia
548 4501 735 4555 creauit
761 4516 851 4571 per
877 4496 1058 4553 Iesum
1082 4496 1368 4562 Christum;
1394 4508 1446 4550 ut
1485 4498 1763 4552 innotescat
1792 4513 1928 4551 nunc

356 4591 721 4663 principatibus
735 4599 785 4644 et
833 4588 1160 4658 potestatibus
1176 4591 1230 4641 in
1252 4587 1523 4643 aelestibus
1541 4603 1629 4655 per
1651 4586 1930 4641 Ecclesium

356 4682 678 4752 multiformis
699 4680 950 4749 sapientia
979 4678 1094 4733 Dei.
1116 4679 1266 4746 Esto,
1294 4677 1596 4733 hominibus
1613 4693 1717 4732 non
1738 4677 1832 4732 l'uit
1849 4693 1932 4732 re-

358 4771 968 4841 velatum;,illuminasne
984 4770 1201 4841 angelos
1211 4778 1266 4825 et
1279 4769 1647 4839 archangelos,
1667 4779 1720 4825 et
1738 4769 1934 4840 princi-

359 4870 509 4932 patus
537 4871 593 4917 et
618 4861 944 4933 potestates?
987 4859 1176 4929 Certe,
1204 4860 1375 4931 inquit
1406 4875 1419 4911 :
1451 4860 1506 4914 in
1536 4860 1644 4915 Deo
1669 4861 1811 4916 enim
1841 4860 1938 4914 fuit

357 4954 702 5020 absconsum,
732 4963 787 5008 et
813 4952 927 5007 Deo
955 4953 1047 5022 qui
1068 4953 1246 5009 omnia
1275 4953 1477 5007 creavit
1503 4968 1598 5022 per
1625 4952 1830 5008 Jesum.
1862 4953 1934 5007 Et

356 5045 522 5100 audes
559 5044 664 5100 hoc
689 5043 912 5099 dicere?
941 5043 1116 5098 Etiam
1141 5085 1157 5110 ,
1191 5043 1382 5114 inquit.
1409 5041 1516 5099 Sed
1551 5044 1690 5099 unde
1713 5045 1816 5099 hoc
1844 5045 1942 5099 luit

357 5135 699 5190 manifestum
716 5135 956 5204 angelis?
987 5135 1088 5190 Per
1112 5134 1424 5189 Eeclesiam.
1457 5133 1641 5202 Neque
1661 5134 1834 5189 solum
1852 5134 1940 5188 di-

359 5230 454 5293 xit,
477 5229 620 5281 varia
641 5225 734 5281 Dei
751 5226 1034 5296 sapientia,
1053 5226 1343 5292 sed,Valde
1369 5226 1528 5279 varia.
1550 5225 1684 5293 Quid
1704 5227 1805 5281 hoc
1815 5240 1943 5296 ergo

363 5319 482 5372 est?
527 5333 635 5372 non
675 5325 873 5371 norunt
896 5317 1100 5386 angeli?
1128 5316 1348 5371 Minime
1379 5333 1394 5369 :
1423 5330 1544 5370 nam
1573 5318 1617 5372 si
1659 5317 1944 5386 principa—

367 5418 449 5462 tus
476 5423 584 5463 non
612 5416 852 5472 norunt,
885 5409 1054 5462 multo
1080 5409 1256 5462 minus
1299 5409 1474 5478 angeli
1506 5409 1771 5464 noverint.
1800 5409 1940 5476 Quid

368 5500 529 5569 ergo?
559 5513 660 5552 nec
687 5498 993 5568 archangeli
1014 5501 1239 5555 norunt?
1266 5499 1374 5555 Nec
1411 5500 1486 5555 illi
1512 5518 1524 5554 :
1555 5501 1822 5556 undenam
1855 5518 1945 5558 es-

369 5597 488 5643 sent
537 5586 849 5657 cognituri?
896 5603 1125 5657 quonam
1177 5590 1491 5646 revelante?
1545 5591 1772 5660 Quando
1842 5608 1940 5647 nos

369 5678 658 5733 didicimus
679 5718 697 5742 ,
728 5686 857 5730 tunc
886 5677 960 5731 illi
987 5693 1193 5750 quoque
1231 5696 1327 5750 per
1356 5697 1472 5736 nos.
1503 5683 1640 5738 Audi
1668 5685 1813 5738 enim
1842 5699 1944 5738 au-

370 5769 544 5838 gelum
572 5766 851 5820 dicentem
866 5764 1089 5836 Josepho
1116 5787 1128 5825 ;
1159 5761 1376 5821 Vocabis
1397 5788 1573 5828 nomen
1593 5775 1700 5845 eius
1727 5773 1904 5828 Jesum
1929 5789 1945 5827 :

1994 1507 2104 1558 ipse
2120 1491 2250 1542 enim
2279 1491 2470 1542 salvum
2497 1487 2648 1558 faciet
2680 1490 2920 1556 populum
2943 1508 2973 1540 α
2993 1491 3206 1555 peccatis
3231 1489 3334 1542 suis
3367 1488 3576 1559 (Matth,

2002 1582 2052 1634 1.
2084 1581 2198 1650 2-1).
2233 1581 2352 1648 Ipse
2401 1582 2593 1634 missus
2644 1580 2740 1632 fuit
2783 1582 2847 1632 ad
2893 1593 3114 1649 gentos,
3165 1580 3238 1632 illi
3290 1587 3466 1632 autem
3513 1578 3579 1632 ad

2001 1673 2483 1726 circumcisionem.
2514 1671 2897 1738 Quamobrem,
2932 1671 3072 1740 quod
3101 1681 3184 1726 est
3211 1671 3580 1724 admimhilius

2003 1775 2054 1818 et
2077 1764 2416 1832 stupendum,
2449 1765 2594 1827 mihi,
2633 1765 2820 1833 inquit,
2851 1765 3030 1818 datum
3057 1767 3248 1834 estqui
3278 1780 3393 1817 sum
3427 1763 3584 1816 titini-

2005 1872 2141 1910 nms.
2192 1856 2317 1910 Erat
2363 1865 2541 1909 autem
2592 1856 2692 1910 hoc
2738 1871 2949 1926 quoque
2994 1857 3176 1924 gratia:
3227 1856 3368 1926 quod
3419 1871 3584 1925 parvo

2005 1944 2203 2014 majora
2225 1958 2346 2000 sunt
2368 1947 2590 2012 credita,
2614 1957 2668 2001 ut
2696 1957 2836 2002 esset
2865 1963 3049 2002 eorum
3075 1949 3424 2018 evangelista.
3451 1949 3582 2002 Nam

2005 2038 2094 2106 qui
2125 2039 2384 2104 majorum
2414 2036 2511 2090 fuit
2539 2039 2897 2108 evangelista,
2931 2039 3034 2094 hac
3085 2040 3294 2094 ratione
3336 2051 3418 2094 est
3466 2058 3582 2093 ma-

2005 2145 2162 2199 gnus.
2209 2129 2572 2198 Euangelizare
2611 2132 2662 2183 in
2704 2133 2932 2200 gentibus
2980 2132 3348 2203 inrestigabiles
3387 2133 3588 2186 divitias

2008 2219 2213 2272 Christi.
2243 2219 2297 2272 Si
2323 2219 2442 2288 ejus
2485 2220 2684 2273 divitia:
2709 2231 2832 2274 sunt
2863 2222 3392 2291 impcrvestigahiles,
3424 2224 3585 2277 ctiant

2010 2319 2288 2378 postquam
2335 2311 2614 2378 apparuit,
2670 2311 2839 2364 multo
2880 2313 3047 2380 magis
3096 2313 3350 2367 essentia.
3401 2312 3454 2367 Si
3501 2323 3586 2366 e~t

2011 2399 2183 2452 adhuc
2214 2403 2551 2469 mysterium,
2586 2401 2756 2454 multo
2787 2404 2952 2470 magis
2979 2414 3264 2471 antequam
3292 2418 3586 2472 cognosce-

2012 2502 2176 2545 retur.
2210 2491 2516 2561 Mysterium
2544 2492 2684 2545 enim
2716 2492 2885 2560 ipsum
2919 2503 3197 2563 propterea
3227 2503 3413 2556 vocat,
3442 2510 3583 2563 quo-

2013 2585 2153 2637 niam
2184 2598 2280 2637 nec
2306 2586 2480 2654 angeli
2509 2593 2790 2650 noverant,
2825 2601 2923 2639 nec
2951 2585 3041 2639 ulli
3083 2587 3171 2640 alii
3203 2596 3318 2640 erat
3348 2587 3574 2641 manife-

2013 2689 2174 2732 SIum.
2209 2676 2276 2730 Et
2297 2679 2604 2742 illuminare,
2634 2679 2822 2746 inquit,
2855 2695 3028 2733 onmes
3056 2695 3169 2748 quia
3191 2681 3254 2732 sit
3280 2682 3588 2750 dispensatio

2015 2770 2240 2838 mysterii
2267 2769 2546 2823 absconditi
2573 2787 2604 2822 a
2645 2770 2844 2823 sarculis
2869 2771 2920 2822 in
2951 2769 3076 2835 Deo,
3105 2771 3190 2840 qui
3219 2774 3386 2824 omnia
3409 2773 3590 2824 creavit

2019 2879 2107 2929 per
2134 2862 2312 2915 Jesum
2339 2861 2615 2915 Christum.
2653 2862 2836 2931 Angeli
2866 2861 2966 2915 hoc
2999 2872 3202 2915 tantum
3233 2875 3419 2915 norant
3448 2863 3589 2931 quod

2022 2953 2208 3008 Factus
2239 2963 2309 3007 est
2341 2955 2504 3023 portio
2537 2951 2745 3006 Domini
2775 2955 2995 3022 populus
3026 2955 3133 3025 ejus
3165 2953 3340 3025 (Deut.
3373 2955 3460 3008 52.
3495 2955 3548 3012 9)
3576 2971 3590 3017 ;

2017 3055 2070 3101 et
2100 3060 2285 3100 rursus
2305 3085 2320 3107 ,
2357 3043 2604 3113 Princeps
2638 3041 2912 3096 Persarum
2940 3045 3124 3097 restitit
3154 3045 3278 3096 mihi
3308 3043 3468 3113 (Dan.
3503 3045 3591 3099 10.

2021 3139 2129 3206 15).
2157 3135 2514 3204 Quamobrem
2547 3149 2652 3188 non
2686 3144 2766 3188 est
2799 3133 3102 3187 mirandum
3130 3176 3145 3200 ,
3175 3136 3218 3188 si
3253 3135 3352 3188 hoc
3379 3149 3593 3202 quoque

2021 3227 2354 3298 ignorabant.
2383 3225 2515 3280 Nam
2546 3226 2588 3278 si
2617 3224 2845 3278 reditum
2875 3225 3222 3294 ignorabant,
3269 3224 3384 3279 ha-e
3428 3225 3596 3277 multo

2021 3321 2190 3390 magis
2213 3338 2226 3373 :
2251 3331 2333 3374 est
2354 3319 2496 3374 enim
2531 3318 2631 3372 hoc
2657 3319 3012 3387 evangelium.
3045 3318 3146 3381 Qui
3165 3319 3378 3380 salvum,
3404 3319 3594 3386 inquit,

2024 3412 2174 3483 faciet
2205 3410 2448 3479 populum
2476 3425 2626 3462 suum
2652 3407 2816 3461 Israel
2862 3407 3075 3475 (Matth.
3109 3408 3160 3460 1.
3189 3405 3306 3476 21).
3341 3406 3483 3460 Nihil
3529 3409 3598 3462 de

2023 3499 2270 3568 gentibus
2303 3497 2437 3550 :sed
2480 3497 2546 3551 de
2594 3497 2838 3565 gentibus
2878 3494 3080 3548 revelat
3121 3495 3373 3562 Spiritus.
3427 3498 3599 3565 Atque

2024 3589 2165 3661 quod
2193 3599 2392 3643 vocata:
2418 3588 2632 3658 quidem
2665 3595 2869 3652 essent,
2901 3595 3124 3650 norant;
3157 3585 3298 3655 quod
3328 3597 3506 3640 autem
3532 3589 3596 3640 ad

2025 3680 2210 3736 eadem
2237 3720 2251 3743 ,
2292 3687 2347 3733 et
2373 3693 2602 3732 sessui-ae
2645 3686 2825 3732 essent
2855 3677 2909 3730 in
2939 3676 3132 3730 throno
3160 3677 3292 3741 Dei,
3328 3677 3446 3746 quis
3497 3677 3598 3730 hoc

2029 3779 2416 3842 exspectasset,
2444 3770 2563 3840 quis
2591 3768 2943 3823 credidisset?
2970 3767 3282 3834 Absconditi,
3329 3769 3518 3837 inquit,
3547 3771 3598 3820 in

2027 3863 2156 3916 Deo.
2191 3861 2338 3916 Hauc
2366 3869 2542 3914 autem
2567 3859 3020 3930 dispensationem
3047 3859 3286 3928 apertius
3315 3857 3513 3912 revelat
3545 3859 3596 3910 in

2031 3952 2266 4022 Epistola
2301 3951 2365 4004 ad
2409 3951 2698 4005 Romanos.
2747 3948 2814 4002 In
2859 3949 3002 4014 Deo,
3052 3951 3257 4019 inquit,
3301 3950 3388 4019 qui
3433 3958 3602 4002 omnin

2029 4044 2213 4098 creavit
2245 4059 2334 4113 per
2362 4040 2540 4095 letum
2571 4041 2844 4096 Christum.
2879 4042 3046 4096 Recte
3070 4052 3245 4097 autem
3273 4044 3601 4097 creationem

2031 4132 2345 4190 memoravit
2392 4132 2612 4196 dicens,
2648 4129 2750 4184 Per
2780 4131 3052 4184 Christum.
3098 4132 3228 4185 Nam
3276 4134 3364 4200 qui
3425 4135 3601 4186 Otunia

2031 4225 2231 4282 creavit
2258 4240 2352 4294 per
2383 4223 2552 4291 ipsum
2575 4263 2590 4286 ,
2620 4221 2720 4274 hoc
2747 4237 2957 4290 quoque
3002 4237 3097 4290 per
3135 4223 3305 4291 ipsmu
3339 4225 3536 4278 revelat
3590 4244 3602 4279 :

2033 4318 2163 4372 nihil
2203 4316 2347 4371 enim
2387 4315 2503 4368 sine
2549 4313 2640 4367 illo
2670 4311 2796 4366 fecit
2838 4329 2850 4364 :
2887 4327 3006 4365 nam
3055 4312 3181 4366 Sine
3221 4313 3340 4380 illo,
3395 4314 3558 4384 inquit
3593 4361 3605 4378 ,

2036 4411 2223 4478 factum
2254 4415 2325 4459 est
2353 4405 2478 4457 nihil
2512 4402 2703 4475 (Joan.
2733 4403 2786 4456 1.
2819 4403 2911 4472 '5).
2946 4403 3135 4457 Diceus
3181 4406 3506 4475 principatus
3553 4419 3603 4458 «ιι

2033 4506 2343 4566 potestates,
2363 4495 2494 4548 dixit
2513 4493 2883 4561 etsuperiores
2903 4504 2956 4548 et
2988 4495 3285 4550 inferiores.
3317 4498 3602 4552 Secundum

2034 4588 2418 4659 prtuﬁnitionent
2469 4585 2785 4639 saeculorum.
2817 4585 2966 4639 Nuttc
2993 4586 3205 4654 quidem
3248 4587 3441 4643 factum
3487 4599 3602 4652 est,

2037 4679 2238 4749 inquit,
2267 4692 2370 4730 non
2399 4691 2538 4730 nunc
2567 4685 2745 4730 autem
2784 4686 2866 4730 est
2897 4677 3218 4747 praefinitum
3245 4718 3258 4743 ,
3306 4678 3399 4732 sed
3423 4681 3603 4732 multis

2041 4779 2184 4823 retro
2231 4769 2365 4822 actis
2413 4767 2740 4836 temporibus
2768 4767 2864 4822 fuit
2907 4771 3278 4823 constitutum.
3311 4769 3609 4823 Secundum

2041 4862 2427 4932 prmﬁuitionem
2469 4862 2768 4914 surculorum
2812 4879 2960 4932 quam
2993 4863 3109 4931 fecit
3146 4863 3198 4917 in
3247 4863 3444 4917 Christo
3487 4862 3610 4917 Jesu

2041 4953 2259 5008 Domino
2288 4961 2478 5006 nostro.
2510 4950 2622 5006 Hoc
2649 4961 2732 5006 est
2753 4994 2768 5017 ,
2822 4953 3110 5007 secundum
3141 4955 3612 5022 pra-cognitionem

2043 5046 2358 5101 satculorum
2378 5086 2394 5110 ,
2417 5053 2473 5097 ut
2501 5044 2588 5114 qui
2611 5042 2784 5097 futura
2811 5046 3197 5112 prteseivisset,
3225 5043 3396 5097 futura
3421 5049 3614 5100 smcuia

2043 5135 2171 5191 dicit
2201 5155 2213 5190 :
2246 5136 2448 5190 sciebat
2473 5136 2616 5189 enim
2639 5135 2812 5190 futura
2848 5145 2894 5188 et
2925 5134 3002 5187 sic
3027 5133 3289 5187 deﬁnivit.
3324 5135 3612 5190 Secundum

2045 5228 2429 5298 prwﬁnitionem
2477 5227 2814 5288 seculorum;
2892 5225 3080 5278 horum
3161 5222 3421 5290 fortasse,
3501 5244 3617 5295 qua:

2048 5320 2245 5374 lecitiu
2275 5319 2490 5374 Christo
2537 5319 2707 5373 Jesu:
2762 5333 2854 5387 per
2897 5316 3166 5372 Christum
3213 5329 3388 5375 autem
3420 5321 3614 5375 factum:

2050 5421 2134 5466 est
2191 5411 2521 5464 universum.
2574 5409 2659 5464 12.
2695 5408 2756 5460 In
2783 5424 2918 5472 quo,
2961 5408 3160 5478 inquit,
3211 5412 3449 5466 habemus
3479 5414 3612 5480 [idu-

2050 5499 2185 5558 ciam
2237 5510 2284 5555 et
2327 5516 2581 5554 accessum
2631 5500 2683 5551 in
2737 5500 3040 5568 conﬁdentia
3066 5519 3154 5573 per
3174 5504 3326 5570 [idem
3348 5505 3475 5574 ejus.
3497 5502 3612 5556 Non

2054 5607 2322 5663 tamquam
2349 5592 2541 5660 captivi
2568 5632 2582 5656 ,
2612 5591 2815 5660 inquit,
2856 5592 3067 5648 adducti
3090 5610 3275 5649 sumus
3300 5635 3314 5659 ,
3345 5612 3517 5663 neque
3573 5607 3620 5650 nl

2052 5685 2252 5754 dignati
2306 5681 2502 5741 venia,
2531 5697 2700 5752 neque
2753 5691 3019 5754 tamquam
3065 5685 3153 5752 qui
3205 5687 3621 5754 peccaverimns.

2062 5772 2269 5827 Etenim
2303 5770 2586 5836 Fiduciam,
2615 5775 2800 5840 inquit,
2829 5774 3064 5827 habemus
3094 5774 3144 5826 in
3173 5775 3493 5842 conﬁdentia.
