3932 6220
382 220 441 272 5|
1113 213 1168 269 S.
1209 210 1483 268 JOANNIS
1518 208 1979 266 CllllYSOSTOMl
2019 209 2337 268 ARCIIIEP.
2374 213 2902 276 CONSTANTINOP.
3569 231 3643 289 52

374 340 479 399 est,
505 329 842 386 confidimus.
872 327 1147 385 Undenam
1167 327 1190 381 ?
1214 325 1318 380 Per
1343 327 1494 394 [idem
1535 326 1663 396 ejus.
1693 325 1781 379 15.
1814 323 1947 379 Pro-

381 434 491 490 pter
514 422 650 493 quod
670 432 783 492 peto
809 439 872 476 ne
897 422 1141 490 deﬁciatis
1182 419 1235 472 in
1266 417 1669 472 tribulationibus
1709 418 1831 471 meis
1856 433 1949 486 pro

376 515 529 577 vobis,
557 529 670 583 qua
694 524 768 568 est
792 511 957 584 gloria
984 521 1162 566 vestra.
1194 509 1471 578 Quomodo
1497 518 1622 564 sunt
1651 522 1749 578 pro
1779 508 1947 577 ipsis?

375 604 645 673 quomodo
674 614 798 657 sunt
848 603 1013 673 gloria
1063 602 1344 672 ipsorum?
1386 602 1646 671 Quoniam
1694 599 1838 671 ipsos
1864 599 1944 655 sic

372 697 560 750 dilexit
592 696 749 760 Deus,
777 705 831 748 ut
850 695 1010 748 etiam
1039 709 1136 762 pro
1162 694 1292 763 ipsis
1317 692 1472 747 daret
1500 693 1716 761 Filium,
1745 703 1798 748 et
1823 709 1944 750 scr-

376 803 467 840 vos
501 801 628 840 suos
653 786 790 840 male
816 786 1073 839 afﬁceret.
1104 783 1235 837 Nam
1264 792 1323 837 ut
1344 783 1431 838 isti
1459 792 1564 837 tam
1594 787 1759 838 multa
1807 787 1888 835 lmt
1911 800 1942 839 a

370 887 843 946 consequerentur,
902 876 1097 930 Paulus
1148 882 1264 929 erat
1309 875 1361 929 in
1411 875 1657 929 vinculis.
1708 875 1821 932 Hoc
1860 886 1945 931 est

370 968 547 1021 multa:
595 969 687 1021 Ι)ιεί
718 968 768 1020 in
817 966 961 1036 ipsos
990 966 1264 1019 caritatis:
1320 964 1465 1035 quod
1511 966 1670 1020 etiam
1702 965 1768 1020 de
1811 982 1940 1036 pro-

369 1058 541 1126 phetis
568 1059 696 1112 dicit
724 1058 861 1112 Deus
893 1075 906 1109 :
938 1056 1117 1109 Occidi
1140 1072 1222 1110 eos
1248 1056 1301 1110 in
1327 1055 1483 1111 verbis
1513 1058 1615 1110 oris
1636 1057 1734 1111 mei
1762 1058 1918 1127 (Osee

346 1130 398 1204 '6
448 1148 527 1220 5).
553 1148 832 1217 Quomodo
864 1156 1042 1202 autem
1068 1147 1387 1202 deficiebant
1422 1148 1529 1203 alio
1556 1148 1795 1205 amictu?
1826 1151 1939 1207 Hoc

362 1250 479 1307 est,
524 1241 994 1311 perturbabantur.
1043 1239 1155 1295 Hoc
1200 1241 1362 1295 etiam
1408 1240 1540 1295 dicit
1588 1242 1830 1297 scribens
1868 1240 1936 1297 ad

373 1329 883 1385 Thessalonicenses
917 1347 931 1381 :
962 1329 1029 1385 Ut
1060 1346 1204 1383 nemo
1231 1341 1486 1384 moveatur
1511 1332 1565 1385 in
1587 1332 1931 1412 tribulationi-

360 1422 451 1476 bus
475 1422 583 1476 istis
612 1423 688 1491 (1.
710 1420 888 1477 Thess.
915 1422 970 1477 5.
995 1421 1073 1492 ‘5).
1102 1421 1217 1476 Non
1245 1422 1418 1476 solum
1444 1423 1586 1477 enim
1619 1439 1724 1479 non
1748 1425 1932 1481 dolen-

357 1512 482 1566 dum
509 1552 526 1578 ,
585 1513 681 1568 sed
710 1513 870 1567 etiam
899 1522 983 1567 est
1012 1513 1312 1574 limandum.
1350 1513 1405 1568 Si
1452 1515 1595 1569 enim
1622 1531 1685 1569 ex
1733 1519 1927 1585 praedi—

357 1603 535 1656 stione
560 1603 799 1671 accipitis
827 1603 1269 1666 consolationem,
1292 1605 1625 1673 prmdieimus
1652 1605 1886 1662 futurum
1911 1650 1927 1674 ,

357 1701 415 1745 tlt
441 1691 524 1746 hic
552 1692 868 1763 aflligamnr.
901 1694 1112 1762 Quare?
1140 1694 1401 1763 Quoniam
1434 1696 1689 1753 Dominus
1715 1700 1791 1754 sic
1815 1698 1929 1770 jus-

353 1781 442 1835 sit.
473 1783 561 1837 14.
596 1782 767 1854 Hujus
801 1786 875 1837 rei
898 1785 1064 1855 gratia
1088 1787 1237 1854 [lecto
1265 1803 1429 1858 genua
1458 1805 1570 1841 mea
1606 1791 1676 1845 ad
1723 1790 1925 1846 Putrem

352 1871 556 1928 Domini
579 1877 739 1929 nostri
777 1875 896 1931 Iesu
925 1876 1133 1941 Christi,
1162 1878 1250 1933 15.
1287 1895 1352 1933 ea:
1377 1897 1474 1952 quo
1502 1883 1662 1935 omnis
1701 1886 1924 1953 paterni-

350 1975 428 2017 tas
457 1967 507 2019 in
537 1967 675 2020 ctelis
709 1968 831 2021 etin
862 1979 995 2022 terra
1019 1970 1332 2024 nominatur.
1366 1970 1489 2026 Suae
1517 1989 1611 2041 pro
1641 1975 1767 2042 ipsis
1799 1992 1920 2045 pre-

346 2055 569 2110 cationis
593 2058 827 2112 ostendit
852 2059 1121 2114 allectum.
1149 2061 1262 2115 Non
1295 2062 1425 2118 dixit
1457 2065 1632 2120 solum
1652 2106 1667 2131 ,
1699 2067 1918 2134 Precor,

344 2148 436 2202 sed
481 2162 853 2220 compunctam
884 2155 1120 2208 ostendit
1170 2157 1529 2224 precationem
1559 2174 1625 2213 ex
1665 2174 1730 2215 eo
1774 2160 1918 2230 quod

343 2238 520 2294 ﬂectat
542 2256 735 2310 genua.
770 2241 854 2296 Ea:
873 2260 972 2314 quo
997 2247 1160 2298 omnis
1187 2249 1481 2314 paternitas.
1515 2248 1631 2302 Non
1656 2250 1765 2319 jam
1792 2251 1922 2307 dicit

342 2330 635 2384 secundum
666 2348 948 2386 numerum
974 2334 1282 2403 angelorum
1308 2376 1324 2399 ,
1354 2336 1447 2390 sed
1475 2339 1766 2392 secundum
1796 2357 1918 2395 eam

340 2421 429 2490 qui
462 2420 585 2476 fecit
614 2422 785 2477 tribus
808 2438 1071 2492 supernas
1098 2433 1154 2478 et
1176 2425 1412 2481 infernas
1438 2468 1453 2490 ,
1483 2444 1587 2483 non
1616 2431 1802 2499 quales
1825 2432 1918 2489 Ju-

339 2511 527 2566 daicm.
564 2512 651 2567 16.
688 2512 755 2568 Ut
783 2513 863 2567 det
903 2516 1039 2569 vobis
1067 2518 1340 2570 secundum
1380 2517 1581 2573 divitias
1610 2524 1786 2592 gloria:
1811 2541 1918 2579 sua:

339 2603 567 2657 virtutem
597 2606 915 2659 corroborari
940 2624 1029 2676 per
1058 2607 1313 2677 Spiritum
1334 2610 1446 2678 ejus
1466 2611 1518 2665 in
1544 2611 1775 2668 interiori
1816 2616 1913 2670 ho-

343 2696 496 2761 mine,
528 2697 622 2749 17.
671 2695 928 2752 Christum
958 2698 1186 2754 habitare
1209 2717 1297 2770 per
1317 2702 1468 2768 ﬁdem
1492 2703 1545 2756 in
1572 2707 1805 2762 cordibus
1833 2724 1915 2764 νον

337 2786 474 2839 stris.
510 2786 641 2842 Vide
664 2804 784 2843 cum
815 2799 1010 2859 quanta
1034 2791 1429 2847 insatiabilitate
1454 2795 1534 2850 eis
1555 2797 1692 2851 bona
1726 2811 1914 2867 prece—

340 2886 462 2941 tur,
497 2892 564 2931 ne
599 2879 1066 2937 circumferuntur.
1118 2881 1401 2950 Quomodo
1447 2895 1625 2941 autem
1673 2889 1731 2943 lit
1772 2890 1915 2946 hoc?

341 2967 443 3022 Per
472 2969 723 3039 Spiritum
748 2983 976 3027 sanctum
1029 2975 1084 3028 in
1129 2976 1357 3031 interiori
1407 2977 1609 3034 homine
1632 2981 1915 3038 inhabitare

336 3061 593 3116 Christum
621 3081 712 3134 per
745 3065 900 3133 ﬁdem
926 3066 981 3119 in
1009 3068 1242 3122 cordibus
1264 3069 1456 3124 vestris.
1487 3071 1800 3137 Quomodo?
1844 3076 1913 3131 In

337 3154 548 3208 caritate
572 3156 787 3210 radicati
812 3168 858 3209 et
881 3157 1116 3227 fundati,
1146 3158 1233 3213 18.
1258 3169 1311 3213 ut
1343 3163 1543 3229 possitis
1582 3168 1910 3232 comprehen.

336 3244 455 3297 dere
498 3261 611 3297 cum
655 3247 884 3300 omnibus
920 3250 1141 3310 sanctis,
1169 3266 1282 3318 qua:
1308 3252 1372 3304 sit
1398 3251 1659 3322 longitudo
1706 3262 1752 3307 et
1789 3257 1910 3309 lati-

334 3337 493 3399 tudo,
536 3349 580 3390 et
632 3337 914 3392 sublimitas
959 3351 1005 3393 et
1053 3340 1365 3411 profundum
1407 3357 1426 3396 :
1461 3344 1547 3399 19.
1589 3346 1720 3400 scire
1760 3349 1911 3402 etiam

333 3430 778 3493 supereminentem
800 3432 1024 3485 scientia:
1050 3434 1309 3485 caritatem
1332 3432 1541 3487 Christi.

406 3516 460 3569 2.
503 3518 651 3582 Quod
694 3530 937 3587 precatus
977 3530 1060 3574 est
1087 3522 1138 3574 in
1167 3522 1447 3592 principio,
1480 3523 1581 3579 hoc
1610 3542 1751 3584 nunc
1776 3545 1911 3597 quo-

332 3624 456 3678 que.
481 3610 617 3676 Quid
645 3620 727 3663 est
752 3621 928 3664 autem
955 3611 1095 3679 quod
1118 3612 1256 3666 dixit
1278 3613 1328 3665 in
1357 3615 1655 3682 principio?
1678 3616 1745 3671 Ut
1772 3618 1910 3673 Deus

333 3699 541 3754 Domini
582 3704 739 3755 nostri
774 3700 903 3756 Iesu
950 3701 1174 3767 Christi,
1224 3702 1381 3758 Pater
1419 3706 1618 3775 gloriae,
1647 3709 1731 3761 det
1773 3711 1910 3764 vobis

331 3792 568 3860 spiritum
601 3793 863 3859 sapientiai
900 3802 946 3845 et
986 3792 1305 3848 reuelationis
1346 3794 1400 3848 in
1427 3797 1734 3865 agnitionem
1773 3801 1904 3870 ejus,

332 3879 647 3940 illuminatos
688 3882 862 3935 oculos
887 3882 1055 3937 cordis
1082 3883 1249 3946 vestri,
1279 3893 1334 3936 ut
1362 3885 1536 3938 sciatis
1561 3903 1672 3954 qua:
1699 3889 1762 3941 sit
1794 3907 1909 3958 spes

334 3971 604 4024 vocationis
627 3973 755 4040 ejus,
784 3981 829 4025 et
855 3988 969 4042 qua:
991 3972 1180 4026 divitia:
1202 3975 1380 4043 gloria:
1404 3975 1695 4031 hereditatis
1722 3980 1831 4047 ejus
1856 3982 1908 4033 in

331 4062 533 4125 sanctis,
555 4070 601 4116 et
626 4078 738 4132 qua:
775 4063 838 4116 sit
865 4064 1239 4133 supereminens
1264 4066 1556 4135 magnitudo
1580 4067 1775 4121 virtutis
1800 4070 1907 4138 ejus

332 4154 384 4207 in
422 4169 512 4206 nos
548 4154 633 4222 qui
670 4154 920 4208 credimus
967 4154 1179 4224 (Ephes.
1230 4156 1282 4210 1.
1332 4156 1537 4226 17-19).
1582 4157 1723 4214 idem
1770 4177 1909 4215 ntmc

332 4259 542 4314 quoque
562 4244 690 4298 dicit
722 4262 735 4297 :
773 4243 840 4299 Ut
870 4246 1073 4313 possitis
1092 4248 1511 4315 comprehendere
1537 4265 1652 4303 cum
1681 4251 1908 4305 omnibus

331 4335 536 4398 sanctis,
578 4350 692 4402 qua:
731 4335 795 4388 sit
841 4335 1103 4407 longitudo
1152 4347 1198 4390 et
1244 4337 1481 4406 latitudo,
1530 4340 1810 4396 sublimitas
1860 4353 1907 4396 et

335 4426 677 4495 profundum,-
703 4425 802 4482 hoc
831 4439 932 4493 est,
979 4430 1288 4499 mysterium
1318 4431 1456 4500 quod
1495 4447 1590 4500 pro
1616 4435 1775 4489 nobis
1798 4436 1908 4490 dis-

334 4529 611 4585 pensatum
641 4530 723 4575 est
769 4529 1016 4574 accurate
1057 4520 1238 4575 scire:
1284 4520 1384 4575 hoc
1427 4523 1569 4577 enim
1606 4536 1756 4579 vocat
1782 4526 1904 4579 lati-

332 4609 566 4664 tudinem
596 4622 649 4663 et
677 4610 1085 4680 longitudinem,
1127 4609 1534 4678 profunditatem
1567 4622 1623 4667 et
1661 4615 1905 4670 sublimi-

332 4708 492 4754 tatem
526 4719 538 4754 :
568 4700 617 4753 id
658 4709 774 4765 est,
823 4699 1239 4769 magnitudinem
1285 4702 1523 4757 caritatis
1570 4704 1661 4759 Dei
1707 4720 1901 4773 nosse,

330 4789 600 4859 quomodo
628 4789 678 4843 in
706 4804 919 4843 omnem
950 4795 1153 4860 partem
1181 4798 1399 4845 extensa
1426 4795 1515 4847 sit.
1547 4793 1616 4848 Et
1634 4809 1752 4847 eam
1780 4809 1902 4850 cor-

331 4881 604 4949 poralibus
652 4881 834 4950 liguris
881 4879 1195 4949 descripsit,
1248 4882 1537 4938 ostendens
1586 4883 1901 4942 hominem:

331 4973 777 5040 comprehendit‘
808 4988 928 5043 quin
970 4984 1096 5027 sunt
1122 4988 1302 5043 supra,
1331 4991 1452 5044 quae
1491 4975 1651 5044 infra,
1693 4989 1748 5033 et
1784 4996 1904 5048 qua:

331 5080 398 5117 ex
434 5075 757 5125 transcurso.
804 5067 1040 5122 Diximus
1066 5066 1233 5134 enim,
1265 5067 1450 5137 inquit,
1486 5084 1590 5124 non
1617 5082 1700 5125 est
1724 5083 1900 5128 autem

333 5172 464 5210 uinea:
499 5156 710 5211 dicendi
740 5156 1001 5213 facultatis
1033 5159 1148 5213 haec
1173 5158 1390 5227 docere,
1414 5162 1509 5218 sed
1536 5165 1703 5217 sancti
1730 5163 1901 5234 Spiri-

330 5255 433 5300 tus.
466 5244 637 5316 llujus
666 5248 862 5311 virtute,
904 5250 1094 5319 inquit,
1138 5249 1456 5306 corroborari
1491 5252 1747 5309 adversus
1780 5267 1899 5312 tcu-

330 5340 574 5407 t.itiones,
618 5349 671 5394 et
712 5354 815 5394 non
842 5339 1019 5395 labare
1056 5350 1111 5404 et
1138 5341 1323 5397 devios
1359 5341 1505 5397 ferri.
1537 5341 1896 5409 Quamobrem

388 5490 404 5521 ί
441 5499 567 5541 L'nus
581 5492 823 5542 Codex...
852 5499 1051 5543 extensa
1072 5494 1150 5544 sit.
1184 5495 1351 5547 Valens
1380 5503 1539 5548 autem
1562 5498 1893 5551 demonstrare

230 5557 242 5567 ‘
323 5563 502 5625 {tumuit
522 5553 821 5625 siccarittuis
846 5554 1263 5625 Dei_mugnitudo_,
1290 5560 1619 5625 corporalibus
1640 5559 1814 5625 ﬁguris
1834 5562 1890 5613 il-

324 5613 421 5662 lam
442 5613 711 5677 descripsit,
739 5615 898 5679 rcipsa
920 5613 1103 5678 dicens,
1130 5613 1766 5683 quodcom'prehendadétc.

2059 323 2170 376 ficri
2215 326 2369 380 aliter
2404 343 2508 382 non
2553 339 2726 398 potest
2773 341 2830 387 ut
2872 334 3305 402 corroboremur,
3340 353 3501 409 quam
3537 360 3632 413 per

2053 412 2306 482 Spiritum
2352 428 2406 472 et
2452 423 2793 478 tentationes.
2833 424 3114 492 Quomodo
3154 438 3333 485 autem
3382 412 3629 492 Christus

2052 502 2253 597 habitet
2284 508 2334 560 in
2362 510 2633 579 cordibus,
2660 514 2782 567 audi
2812 514 3082 572 Christum
3112 519 3377 576 dicentem
3403 542 3418 579 :
3442 524 3555 597 Ego
3579 540 3627 582 et

2052 592 2209 648 Pater
2250 598 2499 654 veniemus
2521 642 2535 663 ,
2582 611 2629 654 et
2681 605 2993 660 mansionem
3032 608 3172 677 apud
3222 627 3335 664 eum
3383 592 3627 682 faciemus

2053 683 2229 756 (Joan.
2264 688 2347 742 14.
2374 689 2490 757 25).
2526 691 2789 748 Inhabitat
2815 706 2991 751 autem
3024 714 3131 754 non
3161 703 3500 772 simpliciter,
3528 711 3621 768 sed

2050 776 2100 831 in
2131 780 2378 834 cordibus
2407 780 2652 839 fidelibus
2678 801 2796 855 qua:
2824 788 3034 844 radices
3060 803 3288 860 egerunt
3312 796 3365 850 in
3396 799 3513 867 ejus
3532 817 3620 858 ca.

2046 868 2219 935 ritate,
2265 887 2383 940 qua:
2424 889 2527 928 non
2557 875 2725 931 devias
2754 875 3019 935 feruntur.
3068 880 3136 936 Ut
3161 886 3387 953 possitis,
3428 889 3619 962 inquit.

2044 958 2225 1031 itaque
2256 965 2460 1034 magnis
2481 981 2615 1035 opus
2635 977 2715 1023 est
2740 970 2961 1025 viribus.
2998 971 3095 1028 Ubi
3124 990 3250 1029 vero
3273 978 3467 1035 talibus
3486 958 3621 1052 opus

2043 1053 2112 1106 sit
2137 1054 2339 1110 viribus
2367 1058 2621 1125 declarat,
2661 1062 3008 1134 subjungens,
3054 1065 3121 1121 Ut
3150 1071 3353 1137 possitis
3391 1090 3619 1145 compre-

2041 1142 2256 1198 hendere
2288 1162 2401 1200 cum
2440 1151 2670 1204 ontnibus
2710 1155 2918 1220 sanctis,
2952 1171 3065 1228 qnte
3108 1158 3173 1211 sit
3207 1142 3531 1230 profunditas
3570 1178 3616 1221 et

2037 1235 2273 1300 altitudo,
2301 1248 2347 1290 et
2375 1239 2501 1291 scire
2520 1256 2635 1306 qua
2659 1242 2722 1295 sit
2750 1245 3128 1312 supereminens
3157 1249 3343 1302 raritas
3365 1255 3614 1323 cognitio—

2040 1324 2116 1378 nis
2151 1322 2353 1380 Christi.
2406 1326 2474 1383 Ut
2522 1329 2891 1399 adimpleamur
2921 1334 2976 1387 in
3017 1350 3214 1389 omnem
3253 1322 3613 1407 plenitudinem

2036 1413 2152 1468 Dei.
2185 1417 2295 1470 Hoc
2322 1429 2499 1473 autem
2533 1422 2646 1474 vult
2670 1422 2973 1490 significare
2999 1441 3012 1475 :
3042 1425 3372 1496 Quamquam
3415 1436 3613 1489 caritas

2033 1506 2227 1561 Clu-isti
2258 1507 2413 1578 longe
2436 1518 2654 1579 superet
2668 1525 2883 1566 onmem
2911 1515 3197 1572 huntanam
3218 1519 3608 1589 cognitionem;

2033 1613 2130 1652 vos
2151 1608 2324 1653 tamen
2352 1603 2705 1671 cognoscetis,
2733 1604 2776 1658 si
2806 1604 3046 1660 habeatis
3072 1607 3343 1667 Christum
3368 1612 3614 1668 habitan-

2033 1697 2138 1743 tem
2181 1690 2233 1743 in
2265 1690 2433 1746 vobis.
2463 1691 2647 1762 Neque
2673 1696 2846 1749 solum
2877 1698 2979 1751 hoc
3019 1713 3086 1752 ex
3127 1698 3217 1753 illo
3248 1707 3608 1772 cognoscetis,

2032 1794 2214 1834 verum
2241 1790 2294 1835 et
2323 1781 2671 1846 implebimini
2721 1783 2775 1838 in
2815 1799 3032 1840 omnem
3072 1786 3458 1855 plenitudinem
3487 1792 3606 1853 Dei.

2029 1870 2131 1927 Ubi
2160 1881 2253 1926 aut
2285 1873 2493 1939 annuit,
2538 1872 2678 1928 idem
2707 1890 2829 1941 esse
2858 1875 3245 1946 plenitudinem
3286 1881 3404 1948 Dei,
3447 1893 3608 1954 atque

2026 1976 2369 2033 cognoscere,
2393 1964 2663 2035 quomodo
2692 1966 2744 2020 in
2767 1966 2927 2022 Patre
2954 1978 3010 2022 et
3029 1968 3166 2024 Filio
3196 1980 3251 2026 et
3279 1983 3465 2028 sancto
3485 1974 3607 2044 Spi-

2027 2054 2132 2108 ritu
2192 2052 2515 2110 Deus‘unus
2566 2057 2774 2115 adorari
2818 2058 2978 2114 debet
3009 2071 3139 2114 :aut
3187 2062 3503 2120 adhortatur
3547 2076 3604 2121 ut

2024 2145 2165 2199 serio
2205 2144 2573 2201 incumbamus
2614 2146 2667 2200 iu
2696 2147 2770 2213 id,
2820 2157 2877 2202 ut
2913 2151 3220 2205 onmimoda
3253 2152 3469 2221 virtute,
3498 2170 3603 2225 qua

2022 2236 2255 2291 abundat
2286 2238 2447 2301 Deus,
2479 2253 2577 2292 nos
2602 2240 2939 2311 impleamur.
2970 2240 3062 2295 20.
3099 2241 3160 2295 Ei
3184 2253 3374 2311 autem,
3396 2247 3486 2315 qui
3506 2264 3603 2316 po-

2023 2337 2129 2383 tens
2173 2340 2247 2383 est
2289 2331 2460 2383 omnia
2489 2331 2659 2398 facere
2699 2332 3169 2399 super-abundanter
3195 2350 3349 2401 quam
3388 2338 3603 2406 petimus

2021 2429 2109 2473 aut
2151 2420 2476 2491 intelligimus
2524 2423 2800 2476 secundum
2839 2426 3071 2478 uirtutem
3112 2442 3225 2495 gnte
3267 2439 3505 2497 operatur
3547 2431 3600 2484 in

2022 2511 2184 2564 nobis.
2219 2510 2514 2566 Secundum
2546 2515 2773 2568 virtutem
2799 2525 2944 2570 recte
2961 2515 3095 2572 dixit
3113 2536 3126 2571 :
3145 2534 3210 2574 ex
3239 2520 3431 2576 virtute
3454 2523 3595 2577 enim

2020 2618 2082 2658 ea
2108 2602 2395 2672 accipimus
2423 2620 2544 2673 quae
2574 2622 2858 2675 numquam
2906 2609 3262 2677 speravimus.
3304 2611 3457 2677 Quod
3495 2628 3595 2666 au-

2022 2701 2127 2747 tem
2159 2692 2510 2747 abundantius
2538 2709 2698 2763 quam
2727 2710 2846 2764 quas
2876 2696 3106 2765 petimus
3126 2707 3218 2752 aut
3243 2698 3590 2770 intelligimus

2019 2784 2223 2849 fecerit,
2253 2785 2427 2854 palam
2453 2795 2535 2840 est
2560 2802 2627 2842 ex
2652 2786 2718 2841 iis
2739 2803 2858 2856 qua:
2885 2789 2999 2857 ipse
3023 2791 3314 2847 scribebat.
3342 2792 3475 2847 Nam
3496 2809 3594 2864 ego

2018 2874 2254 2944 quidem,
2285 2876 2474 2945 inquit,
2506 2891 2694 2944 precor
2725 2895 2739 2930 :
2773 2878 2885 2947 ipse
2910 2889 3088 2934 autem
3119 2881 3279 2935 etiam
3303 2883 3421 2938 sine
3459 2886 3591 2939 meis

2016 2968 2265 3037 precibus
2292 2968 2491 3037 majora
2533 2968 2690 3023 faciet
2714 2985 2871 3039 quam
2900 2981 3096 3025 nostra:
3122 2972 3226 3027 sint
3259 2975 3546 3042 petitiones
3572 2992 3588 3032 :

2017 3073 2123 3113 non
2150 3060 2323 3115 solum
2361 3060 2563 3129 majora
2599 3069 2692 3113 aut
2717 3061 3075 3127 abundanter,
3105 3063 3220 3127 sed,
3257 3064 3590 3133 Superabunv

2015 3150 2214 3215 denter,
2238 3151 2655 3219 magnitudinem
2684 3152 2810 3206 doni
2839 3152 3139 3209 declarans.
3176 3153 3454 3212 Undenam
3486 3159 3589 3215 hoc

2015 3241 2218 3310 liquet?
2263 3243 2338 3296 Ex
2387 3244 2582 3297 virtute
2625 3259 2744 3313 qum
2788 3255 3045 3312 operatur
3090 3247 3141 3299 in
3190 3249 3363 3303 nobis.
3410 3250 3587 3320 Neque

2015 3330 2157 3384 etaim
2198 3329 2313 3385 haec
2342 3346 2591 3400 umquam
2627 3333 2894 3400 petiimus,
2935 3349 3108 3403 neque
3133 3340 3581 3405 exspectavimus.

2012 3419 2104 3476 21.
2136 3418 2271 3488 Ipsi,
2302 3421 2488 3490 inquit,
2523 3421 2687 3491 gloria
2714 3423 2767 3475 in
2795 3421 3024 3476 Ecclesia
3061 3424 3114 3477 in
3156 3424 3354 3480 Christo
3386 3427 3511 3482 Jesu
3536 3431 3587 3483 in

2013 3528 2185 3567 omnes
2216 3514 2557 3583 generationes
2593 3513 2766 3567 steculi
2789 3515 3107 3568 saeculorum.
3153 3517 3332 3571 Amen.
3367 3519 3586 3575 Pulchre

2013 3603 2274 3658 conclusit
2299 3604 2595 3657 orationem
2627 3603 2873 3670 precibus
2901 3612 2955 3658 et
2980 3604 3388 3672 glorifieatione.
3420 3602 3587 3677 Opor-

2016 3692 2163 3747 tebat
2185 3693 2327 3746 enim
2359 3708 2479 3746 eum
2507 3692 2788 3762 gloriﬁcari
2816 3702 2869 3746 et
2890 3693 3129 3771 benedici
3157 3697 3244 3765 qui
3277 3706 3423 3752 tanta
3451 3715 3585 3767 pra:-

2014 3782 2144 3835 buit.
2172 3782 2346 3847 Quare
2372 3782 2474 3837 hoc
2500 3798 2709 3852 quoque
2737 3798 2856 3852 pars
2886 3794 2967 3838 est
2994 3785 3376 3850 admirationis,
3405 3791 3578 3859 glori-

2015 3872 2171 3926 licare
2192 3880 2410 3941 pr0pter
2429 3886 2488 3926 ea
2517 3888 2634 3941 qua:
2662 3888 2692 3926 a
2721 3873 2828 3926 Deo
2848 3888 3031 3927 sumus
3050 3874 3250 3943 adepti,
3283 3891 3376 3944 per
3403 3876 3583 3932 Jesum

2011 3960 2303 4016 Christum.
2351 3962 2526 4017 Gloria
2561 3963 2679 4032 ejus
2707 3966 2758 4018 in
2793 3964 3042 4033 Ecclesia,
3079 3978 3225 4022 recte
3268 3968 3401 4023 dixit
3430 3986 3445 4022 :
3476 3971 3583 4040 ipsa

2013 4052 2154 4106 enim
2204 4052 2315 4106 sola
2368 4062 2547 4107 inanet
2592 4054 2643 4106 in
2691 4065 3025 4123 perpetuum.
3068 4055 3200 4123 Quia
3248 4067 3426 4113 autem
3473 4061 3581 4128 ipsa

2012 4159 2228 4214 semper
2268 4155 2394 4206 stat,
2425 4147 2538 4200 vult
2578 4146 2725 4201 illum
2751 4164 2781 4203 a
2813 4150 2968 4205 nobis
2993 4151 3277 4220 gloriticari
3314 4169 3482 4223 usque
3517 4155 3583 4211 ad

2013 4239 2561 4293 consummationem:
2597 4239 2695 4295 hoc
2743 4242 2885 4296 enim
2935 4243 3248 4312 signiﬁcavit
3283 4245 3493 4311 dicens,
3521 4246 3583 4301 In

2011 4342 2181 4383 omnes
2207 4330 2552 4398 generationes
2590 4330 2782 4387 swculi.
2814 4331 2947 4398 Quid
2979 4333 3080 4386 sint
3113 4336 3461 4402 paternitates
3487 4352 3582 4391 nec

2011 4432 2161 4473 cesse
2204 4429 2287 4473 est
2319 4419 2514 4475 dicere.
2546 4420 2675 4475 Nam
2710 4421 2794 4476 hic
2830 4423 3045 4491 quidem
3075 4427 3423 4493 paternitatcs
3461 4440 3584 4483 smn

2010 4524 2228 4578 genera,
2261 4511 2310 4564 in
2339 4511 2471 4565 cado
2496 4523 2671 4568 autem
2695 4514 2962 4584 quomodo
3015 4516 3103 4571 ubi
3136 4518 3313 4573 nullus
3330 4535 3395 4575 ex
3415 4522 3582 4576 altero

2011 4609 2093 4655 est
2115 4601 2361 4670 genitus?
2391 4618 2456 4656 an
2489 4604 2596 4658 illic
2621 4615 2790 4659 cintus
2817 4615 2970 4659 vocat
2995 4615 3219 4678 πατριὰς,
3252 4609 3300 4662 id
3339 4621 3423 4666 est
3449 4627 3581 4681 gen-

2013 4702 2092 4746 tes
2135 4709 2198 4747 ae
2242 4696 2629 4762 cognationes?
2671 4698 2809 4752 sicut
2854 4698 3119 4753 invenitur
3172 4701 3223 4755 in
3271 4700 3580 4771 Scriptura,

2012 4790 2194 4852 πατριά
2235 4788 2499 4854 ἁματταριῖ
2528 4784 2624 4856 (a),
2666 4797 2845 4856 utpote
2879 4804 2908 4841 a
2948 4804 3053 4857 quo
3091 4798 3267 4857 patres
3305 4802 3580 4848 vocantur.

2010 4870 2125 4926 Non
2165 4882 2329 4927 totum
2361 4885 2535 4929 autem
2563 4891 2593 4929 a
2621 4875 2729 4931 Deo
2761 4878 3011 4946 postulat,
3045 4878 3139 4932 sed
3168 4881 3327 4934 etiam
3358 4883 3425 4935 ab
3452 4883 3580 4950 ipsis

2013 4962 2170 5019 fidem
2201 4974 2254 5019 et
2281 4966 2557 5021 caritatem
2590 4985 2603 5020 :
2638 4984 2808 5036 neque
2840 4969 3012 5022 solum
3041 4970 3341 5036 caritatem,
3371 4970 3466 5025 sed
3497 4988 3583 5025 ra-

2010 5052 2236 5109 dicatam
2258 5067 2313 5111 et
2334 5056 2628 5122 fundatam,
2660 5069 2716 5112 ut
2737 5074 2909 5129 neque
2936 5061 3087 5114 venti.
3104 5076 3220 5114 eam
3244 5061 3581 5122 labefaciant,

2010 5160 2182 5215 neque
2213 5147 2500 5218 quidquam
2532 5150 2674 5204 aliud
2697 5165 2815 5205 eam
2846 5150 3079 5217 dejiciat.
3106 5152 3246 5205 Dixit
3265 5151 3581 5206 afﬂictiones

2008 5249 2128 5291 esse
2167 5237 2431 5307 gloriam:
2464 5240 2507 5292 si
2554 5250 2728 5292 autent
2772 5256 2925 5307 metu,
2965 5241 3131 5294 multo
3171 5242 3336 5310 magis
3364 5250 3576 5296 vestrm.

2078 5324 2132 5381 3.
2173 5326 2531 5394 Quamobrem
2557 5329 2602 5383 si
2624 5328 2930 5400 affligimur,
2962 5346 3066 5385 non
3099 5330 3218 5384 ideo
3244 5331 3576 5385 deserimur:

2065 5494 2138 5565 (a_)
2164 5497 2269 5565 ‘ulc
2311 5500 2528 5562 SUSpioor
2572 5499 2835 5563 legendum
2878 5516 3012 5565 πατριᾶ
3055 5515 3224 5565 Μιραριι.
3271 5500 3324 5549 in
3367 5501 3577 5552 Hei)er

2002 5561 2136 5676 ’ἓέἳὲ
2158 5563 2368 5630 legitur;
2397 5561 2504 5619 erat
2526 5561 2692 5620 autem
2714 5573 2869 5623 tribus
2894 5561 3180 5622 levitarum.
3214 5569 3338 5619 Vide
3362 5578 3495 5619 t\‘um.
3518 5569 3570 5633 4,
