3932 6220
359 233 432 284 δτι
1055 231 1414 290 SJOANNIS
1450 229 1938 288 CIIRYSOS'I‘OMI
1969 228 2292 296 ARCIIIEP.
2329 239 2884 300 CONSTANTINOP.
3550 236 3620 294 5.!

366 341 578 409 Παῦλος
606 345 664 399 δέ
711 345 772 398 οὑ
802 345 864 399 τὸ
885 347 1070 412 πόσον,
1104 347 1163 400 οὑ
1196 347 1250 400 δέ
1279 348 1418 401 ὥστε
1453 348 1721 419 μετρῆσαι
1756 346 1930 417 ζητεῖ·

366 444 487 507 πῶς
504 441 612 514 γάρ
645 459 659 507 ;
692 442 807 496 ἀλλ’
836 444 919 497 ὅτι
964 444 1300 515 ὑπερϐάλλον
1339 446 1432 499 καὶ
1471 447 1618 515 μέγα
1652 446 1770 500 ἐστὶ
1804 443 1934 497 αὑτὸ

365 541 520 594 τοῦτο
554 541 744 610 μαθεῖν
768 555 782 570 ⁶
813 541 905 594 καί
932 557 1118 610 φησιν,
1147 541 1229 594 ὄτι
1261 543 1392 595 αὑτὸ
1429 543 1588 595 τοῦτο
1617 542 1798 604 ἱκανός
1817 543 1935 594 ἐστι

364 636 534 702 δεῖξαι
553 638 645 691 καὶ
669 638 774 690 ἀπὺ
797 638 896 705 τῆς
920 636 1191 704 γνώσεως,
1215 633 1281 709 ἧς
1309 640 1470 708 ἡμεῖς
1497 639 1930 709 κατηξιώθημεν.

363 734 556 788 Καίτοι
587 733 639 786 τί
666 733 920 803 περισσόν
953 736 1071 787 ἐστι
1106 734 1200 788 τοῦ
1225 735 1614 805 κραταιοῦσθαι
1641 753 1654 800 ;
1677 734 1750 788 Τὸ
1783 736 1934 789 δυνά-

365 848 475 900 μει,
507 831 693 901 ῶσπερ
748 831 841 884 τοῦ
879 831 969 884 τὸν
1022 832 1255 900 Χριστὸν
1305 832 1450 900 ἔχειν
1493 832 1680 894 ἀπλῶς
1698 832 1758 885 τὸ
1786 833 1931 886 ἔνδον

360 927 479 978 ἐστὶ
539 926 816 994 περισσόν.
853 926 1082 993 Μεγάλα
1131 926 1198 978 τὰ
1233 927 1524 996 αἰτηθέντα
1546 971 1560 991 ,
1598 929 1791 996 φησὶν,
1816 928 1930 981 ἀλλ’

356 1020 463 1076 οἶδε
500 1023 594 1076 καὶ
621 1023 762 1092 ὑπὲρ
813 1023 952 1076 αὑτά
985 1025 1179 1083 ποιεῖν,
1205 1022 1344 1074 ὥστε
1387 1023 1459 1092 μὴ
1493 1023 1651 1092 μόνον
1685 1025 1926 1093 ἀγαπᾷν,

354 1119 490 1172 ἀλλά
510 1119 604 1172 καὶ
622 1118 828 1189 σφόδρα
855 1118 1014 1171 τοῦτο
1043 1121 1234 1171 ποιεῖν.
1256 1119 1699 1189 Μεριμνήσωμεν
1727 1120 1926 1185 τοίνυν,

353 1215 650 1285 ἀγαπητοὶ,
684 1213 825 1267 ὥστε
858 1213 950 1268 τοῦ
979 1215 1112 1267 Θεοῦ
1147 1215 1241 1285 τὴν
1277 1215 1496 1284 ἀγάπην
1533 1215 1742 1284 μαθεῖν.
1767 1215 1928 1283 Μέγα

351 1311 508 1364 τοῦτό
544 1313 712 1373 ἐστιν,
751 1311 903 1366 οὑδέν
934 1310 1076 1366 οὑτω
1128 1313 1274 1382 ἡμᾶς
1302 1312 1536 1381 ὠφελεῖ,
1567 1311 1719 1365 οὐδὲν
1756 1310 1927 1375 οὕτως

349 1408 499 1476 ἡμᾶς
565 1407 932 1461 κατανύσσειο
963 1408 1054 1461 τοῦ
1108 1407 1274 1478 φόϐου
1335 1409 1432 1478 τῆς
1489 1408 1714 1477 γεέννης
1741 1409 1924 1461 ίκανδν

349 1502 510 1556 τοῦτο
562 1504 760 1574 μᾶλλον
792 1505 932 1558 ἑλεῖν
968 1507 1068 1569 τὰς
1098 1506 1373 1576 ἡμετέρας
1400 1507 1595 1577 ψυχάς.
1630 1509 1803 1562 Πόθεν
1829 1505 1923 1563 οὖν

349 1599 643 1668 είσόμεθα;
688 1601 792 1654 Ἐκ
835 1617 896 1653 τε
936 1599 1044 1653 τῶν
1081 1603 1406 1672 εἰρημένων,
1451 1603 1513 1656 ἔκ
1557 1621 1613 1657 τε
1657 1605 1763 1657 τῶν
1799 1604 1920 1657 καθ’

348 1695 586 1764 ἑκάστην
624 1695 838 1765 ἡμέραν
884 1695 1314 1766 συμϐαινόντων.
1375 1696 1530 1762 Τίνος
1586 1699 1694 1770 γὰρ
1736 1699 1922 1754 ἐνεκεν

346 1789 522 1842 ταῦτα
577 1791 900 1860 γεγένηται;
933 1791 1090 1853 ποίας
1142 1792 1333 1861 χρείας
1387 1793 1484 1862 τῆς
1530 1793 1724 1856 αὑτοῦ;
1757 1796 1920 1848 Οὐδε-

347 1887 496 1954 μιᾶς.
535 1888 682 1940 Ἀνω
719 1889 813 1940 καὶ
869 1889 1018 1942 κάτω
1051 1891 1150 1960 τὴν
1197 1891 1418 1960 ἀγάπην
1456 1891 1666 1962 τίθησιν
1696 1893 1872 1946 αἰτίαν
1901 1911 1914 1925 °

346 1981 582 2052 μάλιστα
623 1981 680 2034 δέ
718 1982 901 2053 ἐκείνη
949 1983 1134 2053 ἀγάπη
1172 1985 1338 2047 ἐστὶν,
1368 1987 1496 2039 ὅταν
1525 1988 1918 2059 εὑεργετῶνται

342 2075 617 2147 ἄνθρωποι
642 2078 870 2148 μηδενὸς
905 2079 1354 2148 προῦπάρξαντος
1380 2081 1511 2152 παρ’
1544 2084 1743 2138 αὑτῶν.
1777 2085 1915 2138 Τοῦ-

339 2188 428 2224 τον
463 2173 639 2225 τοίνυν
674 2174 767 2226 καὶ
787 2176 948 2244 ἡμεῖς
994 2172 1292 2244 μιμώμεθα
1320 2187 1346 2215 ι
1367 2215 1381 2239 ,
1421 2177 1546 2240 τοὺς
1593 2177 1819 2249 ἐχθροὺς
1853 2177 1913 2234 εὖ

341 2268 605 2340 ποιῶμεν,
641 2271 766 2331 τοὺς
805 2271 1098 2339 μισοῦντας
1130 2273 1314 2341 ἡμᾶς,
1354 2273 1482 2337 τοὺς
1510 2275 1914 2348 ἀποστρεφομέ-

339 2383 463 2429 νους
509 2365 883 2436 προσιώμεθα.
934 2368 1106 2420 Τοῦτο
1139 2371 1315 2437 όμοιοῖ
1365 2371 1512 2440 ἡμᾶς
1539 2372 1617 2442 τῷ
1644 2373 1782 2445 Θεῷ.
1819 2377 1916 2430 Ἂν

339 2463 448 2534 γὰρ
499 2463 590 2516 τὸν
658 2463 834 2532 φίλον,
871 2466 1035 2532 φησὶν
1061 2507 1074 2529 ,
1113 2466 1438 2536 ἀγαπὴσῃς,
1475 2469 1527 2521 τί
1577 2469 1638 2523 τὸ
1689 2472 1910 2543 κέρδος;

337 2557 496 2611 τοῦτο
537 2559 633 2611 καὶ
679 2559 728 2611 οί
779 2559 982 2612 ἐθνικοὶ
1022 2561 1291 2616 ποιοῦσιν.
1342 2561 1456 2634 [50]
1504 2564 1664 2618 Ἀλλά
1710 2565 1764 2619 τί
1815 2568 1914 2638 τῆς

339 2653 560 2723 ἀγάπης
585 2657 915 2725 τεκμήριον;
943 2657 1046 2710 Τὸν
1083 2658 1346 2728 μισοῦντα
1369 2663 1610 2734 ἀγαπᾷν.
1647 2665 1913 2738 Βούλομαι

336 2769 390 2804 τι
442 2752 751 2822 ὑπόδειγμα
800 2755 995 2818 εἰπεῖν,
1047 2754 1324 2824 σύγγνωτέ
1357 2776 1478 2828 μοι,
1521 2761 1616 2814 καὶ
1643 2761 1740 2833 οὑχ
1761 2763 1911 2833 εὑρί-

337 2862 453 2900 σκω
474 2847 532 2899 ἐν
550 2849 662 2912 τοῖς
697 2851 1088 2918 πνευματικοῖς
1120 2867 1134 2880 ·
1161 2851 1240 2904 διὸ
1265 2853 1372 2906 ἀπὸ
1403 2854 1512 2907 τῶν
1551 2855 1749 2920 ἔξωθεν
1779 2859 1910 2930 ἐρῶ.

335 2942 447 3012 υὺχ
479 2943 640 3013 ὁρᾶτε
673 2943 800 3007 τοὺς
831 2943 1070 3014 ἐρῶντας
1099 2947 1320 3011 τούτους
1351 2967 1365 3013 ;
1394 2950 1532 3005 πόσα
1567 2952 1910 3025 ὑϐριζόμενοι

333 3036 487 3110 παρὰ
543 3037 652 3090 τῶν
689 3039 1016 3110 ἐρωμένων,
1053 3041 1196 3095 πόσα
1227 3043 1730 3116 ἐπιϐουλευόμενοι,
1768 3050 1909 3104 πόσα

332 3131 710 3204 ζημιούμενοι,
745 3135 1143 3206 προσηλοῦνται
1187 3139 1280 3192 καὶ
1317 3141 1660 3204 ἐκκαίονται.
1696 3144 1910 3216 καὶτῆς

331 3227 542 3281 ἐαυτῶν
601 3227 781 3299 ψυχῆς
832 3230 1032 3301 μᾶλλον
1079 3233 1248 3296 αὑτάς
1295 3236 1591 3304 ἀγαπῶσι,
1633 3239 1911 3295 διανυκτε-

332 3321 579 3392 ρεύοντες
604 3324 664 3376 ἐν
689 3326 800 3388 τοῖς
830 3325 1057 3380 ἐκείνων
1087 3329 1411 3400 προθύροις;
1463 3331 1703 3388 Ἐκεῖθεν
1730 3335 1908 3389 λάϐω-

333 3433 431 3485 μεν
456 3417 516 3469 τὸ
544 3419 868 3490 ὑπόδειγμα,
899 3421 997 3490 οὑχ
1033 3420 1173 3476 ὥστε
1193 3425 1448 3490 τοιαύτας
1479 3427 1675 3498 φιλεῖν,
1705 3432 1907 3502 πόρνας

330 3509 473 3579 λέγω
503 3515 788 3579 γυναῖκας,
818 3515 932 3567 ἀλλ’
953 3516 1094 3569 ὥστε
1122 3517 1269 3572 οὑτω
1297 3521 1472 3588 φιλεῖν
1494 3525 1620 3588 τοὺς
1653 3527 1902 3598 ἐχθρούς.

329 3604 465 3656 Είπέ
515 3605 623 3674 γάρ
663 3623 776 3673 μοι,
809 3607 931 3676 οὑχὶ
953 3608 1168 3662 πάντων
1207 3613 1420 3683 ἐχθρῶν
1451 3617 1906 3690 ὑϐριστικώτερον

327 3700 510 3764 αὑτοῖς
535 3700 866 3770 κέχρηνται,
899 3702 993 3756 καὶ
1017 3705 1114 3773 τὴν
1135 3705 1324 3760 οὐσίαν
1361 3709 1700 3766 διασπαθῶσι
1730 3716 1780 3778 b,
1813 3716 1904 3768 καὶ

335 3797 435 3867 τὴν
490 3798 612 3866 ὄψιν
655 3798 966 3869 ὑϐρίζουσι,
993 3802 1085 3854 καὶ
1119 3802 1229 3856 τῶν
1261 3803 1690 3877 διακονουμένων
1712 3811 1905 3876 αὑταῖς

338 3893 701 3964 δουλικώτερα
754 3898 1160 3964 ἐπιτάττουσιν;
1223 3899 1362 3954 Ἀλλ’
1412 3903 1561 3974 ὅμως
1620 3904 1719 3959 οὑκ
1779 3909 1903 3978 ἀφί-

332 4004 577 4044 στανται.
611 3992 802 4045 Καίτοι
854 3991 1029 4056 οὐδεὶς
1053 3994 1243 4049 ούδένα
1277 3996 1388 4068 ἔχει
1413 3998 1655 4054 τοιοῦτον
1685 4003 1898 4075 ἐχθρὸν,

323 4079 435 4138 οἷον
462 4088 490 4140 ό
525 4087 696 4157 φιλῶν
725 4088 823 4159 τὴν
847 4089 1200 4161 φιλουμένην.
1223 4093 1332 4146 Καὶ
1361 4095 1470 4166 γάρ
1501 4095 1902 4166 θρύπτεταικαὶ

324 4181 612 4246 αἰκίζεται,
647 4185 741 4235 καὶ
770 4183 1146 4256 ἀποκέχρηται
1203 4188 1352 4258 αὑτῷ
1393 4189 1698 4264 πολλάκιςὴ
1725 4194 1901 4263 φιλου-

328 4277 483 4345 μένη,
531 4277 626 4330 καὶ
673 4278 782 4348 ὅσῳ
829 4279 894 4332 ἀν
947 4281 1214 4350 φιλῆται,
1266 4286 1506 4357 τοσούτῳ
1547 4295 1895 4358 καταφρονεῖ.

325 4373 515 4425 Καίτοι
549 4373 600 4426 τί
639 4375 732 4444 τῆς
765 4374 906 4429 οὑτω
952 4377 1299 4452 διακειμένης
1342 4382 1518 4455 ψυχῆς
1544 4385 1896 4458 θηριωδέστε-

324 4481 458 4534 ρον;
509 4465 648 4520 Ἀλλ’
696 4467 846 4538 ὅμως
902 4468 1145 4537 φιλοῦσιν
1195 4473 1409 4527 ἐκεῖνοι.
1451 4476 1611 4530 Ἀλλά
1645 4480 1786 4550 τάχα
1803 4482 1895 4535 καὶ

322 4562 430 4616 ἀπὸ
466 4563 574 4618 τῶν
614 4565 997 4634 πνευματικῶν
1036 4568 1342 4637 εὑρήσομεν
1365 4571 1620 4642 τοιαύτην
1650 4575 1891 4645 ἀγάπην,

318 4656 380 4709 ού
417 4657 526 4710 τῶν
547 4657 642 4710 νῦν
673 4675 686 4689 ·
718 4658 894 4728 ἐψύγη
936 4661 1044 4729 γάρ
1067 4677 1080 4690 ο
1109 4660 1246 4712 ἀλλά
1285 4662 1391 4714 τῶν
1422 4665 1592 4717 πάλαι
1645 4669 1897 4736 μεγάλων

322 4753 418 4806 καὶ
455 4752 784 4821 θαυμαστῶν
809 4752 1032 4806 ἐκείνων
1063 4755 1290 4824 ἀνδρῶν.

403 4835 462 4888 ’0
487 4835 728 4905 Μωὺσῆς
754 4837 782 4889 ό
838 4835 1106 4906 μακάριος
1133 4838 1228 4888 καὶ
1255 4837 1483 4902 τούτους
1507 4843 1703 4908 αὑτοὺς
1731 4844 1892 4916 ὑπερ-

317 4930 478 4986 έϐαλε
505 4931 632 4996 τοὺς
669 4931 833 5002 ἔρωτι
870 4931 1178 5002 φιλοῦντας.
1230 4932 1354 4996 Πῶς
1401 4935 1496 4988 καὶ
1532 4939 1639 4990 τίνι
1670 4941 1888 5010 τρόπῳ;

319 5027 538 5096 Πρῶτον
561 5029 660 5098 μὲν
686 5027 754 5081 τά
786 5028 1034 5098 βασίλεια
1073 5027 1252 5096 ἀφιεὶς
1294 5031 1389 5082 καὶ
1415 5029 1512 5102 τὴν
1539 5033 1655 5087 ἐκεῖ
1683 5038 1892 5109 τρυφὴν

318 5126 411 5178 καὶ
447 5125 544 5195 τὴν
597 5125 894 5195 θεραπείαν
950 5127 1044 5180 καὶ
1086 5126 1149 5179 τὸ
1175 5124 1513 5192 δοξάζεσθαι,
1553 5131 1723 5185 εἵλετο
1747 5129 1887 5188 εἶναι

319 5219 460 5289 μετά
505 5218 613 5272 τῶν
657 5221 1024 5291 Ἰσραηλιτῶν.
1068 5223 1264 5278 Καίτοι
1297 5224 1358 5276 οὑ
1395 5225 1553 5295 μόνον
1576 5228 1674 5281 οὑκ
1705 5230 1771 5284 ἀν
1798 5249 1884 5296 τις

314 5312 473 5376 ἄλλος
514 5313 808 5384 εἰργάσατο
843 5317 1019 5383 τοῦτο,
1049 5318 1185 5372 ἀλλά
1240 5320 1344 5374 κᾶν
1372 5322 1687 5395 ἐπῃσχύνθη
1735 5327 1887 5397 ἐλέγο

314 5427 498 5480 κοντος
551 5411 740 5482 ἐτέρου
775 5412 1010 5482 φανῆναι
1047 5417 1314 5488 συγγενὴς
1356 5419 1416 5471 οὑ
1459 5420 1620 5491 μόνον
1648 5423 1884 5489 δούλων,

316 5518 451 5574 ἀλλὰ
501 5521 592 5572 καὶ
644 5519 858 5588 μιαρῶν
887 5514 1028 5572 εἶναι
1064 5520 1432 5590 νομιζομένων
1457 5540 1470 5552 ·
1505 5526 1530 5578 ό
1555 5523 1610 5576 δὲ
1633 5524 1693 5578 οὑ
1729 5523 1892 5594 μόνον

401 5701 418 5768 ξ’
453 5699 599 5768 .\_1_arg.
620 5703 802 5768 Δδεδι-ιι..
829 5709 1125 5768 μιμούμενοι.

396 5761 424 5802 δ
463 5761 572 5810 Μδςξ
600 5765 698 5812 duo
737 5761 992 5820 διασπῶσιξ

2046 336 2149 407 τὴν
2188 339 2504 407 συγγένειαν
2521 343 2619 395 οὑκ
2636 344 2970 415 ἐπῃσχύνθη,
2999 344 3130 398 ἀλλά
3150 345 3243 400 καὶ
3273 346 3436 401 παντὶ
3462 348 3618 421 ουμῳ

2040 444 2213 514 ἡμυνε
2233 486 2248 510 ,
2281 448 2374 501 καὶ
2402 449 2483 511 είς
2523 448 2802 511 κινδύνους
2830 447 3020 501 ἐαυτὸν
3045 447 3265 518 ἔρριψεν
3300 447 3442 520 ὑπὲρ
3468 447 3615 501 ἐκείο

2037 557 2164 597 νων.
2193 543 2349 607 Πῶςς
2393 544 2568 614 Ὀρῶν
2593 587 2608 610 ,
2645 545 2799 614 φησὶ,
2843 544 2965 597 τινά
2987 543 3295 606 ἀδικοῦντα,
3334 545 3507 615 ἡμυνε
3537 544 3615 614 τῷ

2036 635 2380 709 ἀδικουμένῳ
2406 681 2420 702 ,
2465 640 2558 693 καὶ⁵
2615 641 2902 694 ἀπέκτεινε
2964 640 3055 693 τὸν
3117 640 3424 694 ἀδικοῦντα.
3473 641 3612 693 Ἀλλ’

2034 729 2186 784 οὑπω
2210 733 2381 786 ταῦτα
2417 735 2556 806 ὑπὲρ
2588 735 2798 806 ἐχθρῶν
2830 751 2846 765 ·
2888 734 3100 806 μεγάλα
3139 735 3237 791 ιιὲν
3265 731 3357 788 οὖν
3385 736 3480 788 καὶ
3512 738 3614 788 αὑ-

2033 826 2120 894 τά,
2157 828 2255 898 οὑχ
2282 825 2426 883 οὑτω
2461 830 2518 883 δέ
2551 830 2627 894 ὡς
2656 832 2725 886 τά
2757 831 2894 902 μετὰ
2927 831 3128 886 ταῦτα.
3162 833 3240 902 Τῇ
3263 828 3355 885 οῦν
3378 833 3612 906 ἐπιούσῃ

2033 922 2214 992 ἡμέρᾳ
2259 921 2320 976 τὸ
2351 922 2482 977 αὑτὸ
2533 921 2638 978 εἶδε
2687 927 2989 996 γινόμενον,
3026 928 3276 980 κάκεῖνον
3309 921 3352 996 ᾧ
3401 929 3610 998 ἡμυνεν

2029 1015 2169 1082 ὁρῶν
2189 1015 2508 1082 ἀδικοῦντα,
2545 1017 2779 1089 παρῄνει
2817 1018 3129 1073 παύσασθαι
3164 1023 3260 1091 τῆς
3293 1021 3504 1084 ἀδικίας
3536 1037 3551 1052 ·
3581 1023 3609 1073 ὀ

2027 1110 2084 1162 δέ
2104 1128 2254 1181 φησι,
2280 1113 2446 1184 πολλῇ
2466 1115 2826 1185 ἀγνωμοσύνῃ
2853 1116 3213 1185 κεχρημένος,
3239 1111 3338 1182 Τίς
3365 1128 3439 1170 σε
3456 1135 3605 1170 κατ-

2027 1206 2289 1274 έστησεν
2322 1209 2585 1279 ἄρχοντα
2628 1211 2728 1265 καὶ
2762 1211 3064 1281 δικαστὴν
3101 1214 3192 1282 ἐφ’
3248 1208 3442 1282 ἡμᾶςῖ
3475 1215 3610 1268 Τίνα

2027 1304 2125 1356 οὑκ
2154 1303 2219 1358 ἂν
2246 1307 2512 1377 ἐνέπρησε
2549 1307 2619 1360 τά
2647 1310 2867 1379 ῥήματα
2897 1309 3102 1373 ταῦτας
3142 1307 3205 1361 Εἰ
3229 1309 3409 1362 τοίνυν
3438 1310 3600 1380 θυμῷ

2025 1397 2084 1451 τὸ
2129 1402 2388 1470 πρότερον
2439 1403 2652 1470 ἐγένετο
2695 1406 2789 1457 καὶ
2819 1405 3006 1476 μανίᾳ,
3035 1407 3126 1459 καὶ
3157 1405 3345 1459 τοῦτον
3369 1406 3434 1458 ἂν
3465 1406 3605 1476 πλη-ο

2027 1493 2122 1558 ξας
2165 1497 2392 1551 ἀνεῖλεν.
2417 1492 2490 1551 Ού
2531 1500 2638 1570 γάρ
2673 1500 2734 1570 δὴ
2782 1503 3006 1565 ἐκεῖνος,
3038 1502 3177 1572 ὑπὲρ
3206 1497 3266 1556 οὗ
3298 1502 3458 1555 τοῦτο
3491 1503 3606 1570 ἐγέι

2023 1610 2163 1658 νετο,
2192 1597 2564 1668 κατεμήνυσεν
2592 1597 2656 1652 ἂν
2671 1594 2853 1661 αὑτὸν,
2885 1599 2999 1652 ἀλλ’
3029 1602 3110 1653 ὅτι
3136 1598 3417 1667 συγγενεῖς
3439 1595 3599 1670 ἦσαν,

2024 1689 2194 1758 φησὶ,
2237 1690 2407 1743 ταῦτα
2453 1687 2624 1746 εἶπεν.
2669 1695 2796 1746 Ὅτε
2846 1694 3108 1764 ⁴ἡδικεῖτο,
3152 1691 3306 1748 ούδέν
3357 1695 3601 1748 τοιοῦτον

2022 1785 2340 1853 ἐφθέγξατο,
2379 1788 2473 1853 Τίς
2505 1805 2579 1842 σε
2621 1781 3000 1858 κατέστησεν
3024 1786 3286 1859 ἄρχοντα
3311 1792 3408 1845 καί
3434 1791 3600 1846 δικα-

2020 1879 2179 1947 στὴν
2205 1881 2298 1949 ἐρ’
2324 1881 2523 1951 ἡμᾶς;
2558 1883 2654 1936 Διά
2705 1885 2758 1936 τί
2806 1887 2880 1956 μὴ
2921 1886 3050 1956 χθὲς
3099 1874 3253 1950 εἶπες
3296 1885 3493 1951 τοῦτο;
3532 1885 3596 1940 Ἦ

2019 1975 2202 2028 ἀδικία
2230 1978 2262 2047 ἡ
2294 1977 2362 2048 σὴ
2387 1978 2479 2030 καὶ
2515 1980 2547 2048 ἡ
2576 1979 2814 2049 ὠμότης,
2842 1981 3026 2049 φησὶν,
3067 1979 3204 2052 αῦτη
3238 1999 3306 2052 με
3329 1983 3595 2049 κατέστη-

2020 2088 2112 2125 σεν
2139 2073 2373 2144 ἄρχοντα
2401 2078 2493 2128 καὶ
2523 2075 2806 2145 δικαστήν.
2852 2076 3010 2130 Ἀλλά
3040 2077 3135 2131 νῦν
3175 2079 3275 2148 ὅρα
3297 2080 3379 2132 ὅτι
3404 2079 3499 2134 καὶ
3520 2079 3598 2149 τῷ

2017 2168 2134 2237 Θεῷ
2182 2171 2354 2224 ταῦτα
2383 2171 2598 2240 λέγουσί
2630 2171 2744 2244 [51]
2768 2191 2930 2237 τινες.
2975 2175 3063 2228 Ἐν
3091 2170 3172 2238 οἷς
3201 2176 3299 2246 μὲν
3330 2177 3440 2247 γάρ
3477 2177 3595 2230 ἀδιε-

2018 2264 2256 2330 κοῦνται,
2302 2266 2579 2334 βούλονται
2620 2268 2781 2321 αὑτὸν
2827 2265 2966 2321 εἶναι
3019 2269 3271 2341 σφοδρὸν,
3341 2273 3436 2325 καὶ
3495 2274 3594 2340 τῆς

2020 2361 2401 2432 μακροθυμίας
2438 2363 2603 2416 αὑτοῦ
2647 2365 3047 2436 κατηγοροῦσιν
3076 2382 3089 2396 ’
3128 2368 3257 2420 ὅταν
3301 2368 3358 2421 δέ
3390 2370 3594 2424 ἀδικῶο

2019 2468 2125 2520 σιν,
2148 2456 2350 2510 οὑκέτι.
2396 2458 2462 2510 Τί
2483 2458 2690 2511 τούτων
2749 2460 3074 2529 πικρότερον
3116 2461 3224 2514 τῶν
3284 2463 3585 2534 ῥημάτωνς

2029 2549 2168 2602 Ἀλλ’
2194 2551 2342 2621 ὅμως
2376 2554 2514 2621 μετά
2546 2555 2716 2608 ταῦτα
2741 2557 2876 2625 πρὸς
2907 2557 3033 2620 τοὺς
3057 2553 3382 2628 ἀγνώμονας
3403 2602 3418 2625 ,
3456 2561 3594 2632 πρὸς

2013 2647 2141 2709 τοῦς
2181 2647 2506 2718 ἀχαρίστους
2546 2650 2898 2721 πεμπόμενος
2923 2691 2938 2716 ,
2976 2653 3197 2724 ἡρχετο,
3222 2656 3314 2708 καὶ
3347 2656 3450 2709 οὑκ
3473 2659 3594 2710 ἀνε-

2013 2743 2191 2796 δύετο.
2231 2744 2390 2797 Ἀλλά
2444 2746 2540 2798 καὶ
2577 2745 2714 2815 μετὰ
2753 2746 2822 2799 τά
2854 2750 3056 2816 σημεῖα
3091 2751 3294 2812 ἐκεῖνα,
3328 2751 3423 2803 καὶ
3455 2752 3592 2821 μετά

2010 2839 2080 2890 τά
2108 2835 2357 2909 θαύματα
2385 2839 2450 2894 τά
2477 2841 2544 2894 δι’
2563 2841 2730 2895 αὑτοῦ
2758 2842 3044 2912 γενόμενα,
3072 2844 3405 2898 καταλεῦσαι
3431 2846 3592 2900 αὑτὸν

2012 2931 2273 2997 πολλάκις
2298 2933 2678 3008 ἐπεχείρησαν,
2701 2940 2794 2991 κα¹ι
2818 2938 3046 3008 ἐξέφυγε
3065 2939 3163 3004 τάς
3182 2943 3369 3012 χεῖρας
3387 2943 3590 2996 αὐτῶνθ

2011 3029 2104 3082 καὶ
2131 3032 2539 3101 κατεγόγγυζον
2577 3033 2834 3105 συνεχῶς,
2869 3032 2983 3089 ἀλλ’
3005 3033 3155 3107 ὅμως
3191 3035 3388 3102 αὐτοὺς
3417 3036 3584 3100 οὑτως

2011 3124 2186 3192 ἐφίλει
2236 3125 2434 3196 ἔρωτι,
2477 3129 2551 3192 ὡς
2593 3131 2767 3182 εἰπεῖν
2811 3127 2947 3202 πρὸς
2989 3127 3081 3184 τὸν
3109 3130 3262 3198 Θεὸν,
3297 3131 3463 3205 ἡνίκα
3491 3133 3589 3205 τὴν

2011 3219 2286 3292 ἁμαρτίαν
2318 3224 2533 3294 ἐκείνην
2580 3225 2679 3295 τὴν
2709 3227 2953 3300 χαλεπὴν
2984 3230 3308 3298 εἰργάσαντο
3333 3247 3346 3261 ·
3372 3233 3444 3284 El
3475 3233 3586 3300 μὲν

2009 3315 2172 3384 ἁφῆς
2196 3317 2401 3384 αὐτοῖς
2425 3319 2540 3386 τὴν
2572 3297 2884 3388 ἁμαρέίαν,
2915 3297 3064 3391 ἄφες
3091 3341 3104 3355 ο
3135 3327 3189 3378 εὶ
3219 3325 3288 3377 δὲ
3309 3325 3416 3394 μὴ,
3438 3297 3587 3396 κιξμὲ

2007 3410 2334 3480 ἑξάλειψον
2362 3413 2432 3466 ἐκ
2471 3413 2580 3482 τῆς
2599 3417 2822 3478 βίϐλου
2851 3413 2929 3486 ἧς
2967 3418 3265 3488 ἔγραψας.
3310 3420 3586 3491 Βούλομαι

2010 3508 2126 3576 μετ’
2148 3509 2372 3562 ἐκείνων
2397 3509 2714 3573 ἀπολέσθαι,
2741 3513 2925 3581 φησὶν,
2967 3513 3000 3584 ἢ
3029 3516 3201 3586 χωρὶς
3223 3519 3450 3570 ἐκείνων
3483 3519 3574 3572 σώ-

2007 3600 2430 3668 ζεσθαι.¹’οντως
2472 3606 2657 3675 μανία,
2680 3607 2848 3670 ὄντως
2871 3609 3012 3677 ἔρως
3046 3611 3241 3681 μέγας.
3278 3612 3342 3664 Τί
3369 3612 3584 3681 λέγεις;

2004 3696 2098 3749 τοῦ
2150 3699 2380 3770 ούρανοῦ
2438 3705 2838 3771 καταφρονεῖς;
2872 3705 3016 3770 Ναὶ,
3070 3707 3204 3778 φησί
3239 3707 3421 3776 ’φιλῶ
3480 3710 3587 3780 γὰρ

2002 3800 2128 3862 τοὺς
2152 3799 2499 3870 ἠδικηκότας.
2521 3802 2932 3875 Ἐξαλειφθῆναι
2960 3807 3131 3871 αἰτεῖς
3151 3825 3165 3873 ;
3201 3810 3311 3862 Καὶ
3335 3810 3388 3862 τί
3405 3811 3584 3872 πάθω,

2005 3891 2168 3960 φησίν
2192 3909 2206 3956 ;
2231 3891 2368 3962 ἔρως
2396 3893 2505 3961 γάρ
2524 3896 2659 3949 ἐστι.
2685 3896 2751 3948 Τί
2780 3895 2837 3949 δὲ
2864 3897 2934 3950 τά
2965 3899 3106 3966 μετά
3129 3899 3306 3952 ταῦτα
3331 3917 3345 3967 ;
3379 3901 3582 3954 Ἀκου-

2005 4002 2096 4038 σον
2132 3986 2185 4038 τί
2215 4004 2379 4056 φησιν
2409 3989 2634 4059 ἑτέρωθι
2667 3991 2699 4061 ἡ
2724 3991 2913 4062 Γραφὴ
2933 4010 2948 4025 σ
2985 3995 3092 4048 Καὶ
3121 3995 3391 4066 ἐκακώθη
3417 4001 3583 4052 Μωῦ-

2002 4077 2122 4149 σῆς
2164 4080 2238 4134 δι’
2275 4084 2517 4149 αὐτούς.
2559 4084 2795 4150 Ποσάκις
2841 4087 3116 4158 ὕϐρισαν;
3168 4093 3407 4156 ποσάκις
3452 4094 3582 4146 ἀπεο

2002 4179 2392 4250 χειροτόνησαν
2421 4180 2606 4244 αὑτὸν,
2651 4182 2747 4235 καὶ
2769 4183 2859 4236 τὸν
2886 4185 3114 4254 ἀδελφόν
3138 4203 3153 4252 ;
3196 4189 3278 4252 είς
3302 4188 3581 4256 Αἴγυπτον

2001 4275 2233 4339 ποσάκις
2291 4278 2686 4346 μεταναστῆναι
2739 4277 3052 4350 ἐζήτησαν;
3084 4282 3177 4334 καὶ
3235 4283 3377 4352 μετά
3404 4283 3580 4338 ταῦτα

2001 4371 2185 4424 πάντα
2211 4369 2488 4435 ἐξεκαίετο
2511 4372 2602 4425 καὶ
2635 4374 2925 4443 ἐμεμὴνει,
2959 4376 3052 4428 καὶ
3081 4376 3222 4446 ὑπὲρ
3259 4377 3443 4430 αὑτῶν
3475 4380 3580 4431 πάι

2002 4483 2148 4535 σχειν
2185 4466 2400 4536 ἕτοιμος
2421 4462 2509 4536 ἡν,
2547 4467 2703 4521 Οὕτω
2731 4469 2812 4522 δεῖ
2841 4471 3016 4540 φιλεῖν
3042 4472 3168 4536 τοὺς
3201 4473 3452 4544 ἐχθροὺς,
3483 4492 3577 4528 κο-

2001 4560 2271 4629 πτόμενον
2313 4561 2408 4613 καὶ
2443 4561 2960 4634 ταλαιπωρούμενον
2985 4567 3082 4620 καὶ
3115 4568 3295 4620 πάντα
3314 4568 3578 4623 ποιοῦντα

1999 4654 2093 4706 καὶ
2121 4654 2509 4724 χωριζόμενον,
2549 4659 2794 4726 ἐφίεσθαι
2829 4661 2928 4730 τῆς
2971 4663 3249 4732 σωτηρίας
3286 4663 3491 4720 αὑτῶν.
3512 4665 3577 4716 Τί

1995 4747 2052 4799 δέ
2082 4750 2110 4800 ό
2138 4747 2371 4814 Παῦλος,
2405 4751 2528 4804 εἰπέ
2571 4769 2684 4821 μοι,
2707 4755 2828 4824 οὐχὶ
2853 4756 2946 4808 καὶ
2971 4756 3198 4824 γέενναν
3227 4758 3432 4829 ᾔτησεν
3457 4761 3575 4814 ἀντ’

1996 4844 2221 4911 αὐτῶνς
2273 4845 2414 4901 Ἀλλ’
2447 4847 2553 4900 ἀπὸ
2613 4848 2706 4902 τοῦ
2761 4851 3032 4904 Δεσπότου
3088 4853 3150 4906 τὸ
3219 4858 3573 4929 παράδειγμα

1996 4941 2293 5008 ἀναγκαῖον
2334 4942 2585 5011 ἀγαγεῖν.
2629 4943 2785 4998 Οῦτω
2826 4947 2935 5019 γάρ
2967 4950 3062 5002 καὶ
3097 4949 3260 5014 αὑτὸς
3287 4956 3452 5018 ποιεῖ,
3483 4953 3571 5008 λέ-

1994 5052 2129 5103 γων,
2159 5037 2239 5089 ὅτι
2262 5038 2372 5091 Τὸν
2409 5038 2586 5105 ἥλιον
2605 5040 2791 5094 αὐτοῦ
2803 5042 3119 5097 ἀνατέλλει
3143 5046 3240 5099 ἐπὶ
3265 5049 3572 5117 πονηροὺς

1993 5131 2093 5184 καί
2146 5132 2404 5201 ἀγαθούς
2434 5149 2448 5164 ο
2485 5133 2593 5186 ἀπὺ
2627 5134 2720 5187 τοῦ
2746 5135 2960 5206 Πατρὺς
2990 5139 3156 5192 αὑτοῦ
3183 5142 3365 5212 φέρων
3391 5146 3450 5197 τὸ
3469 5164 3571 5199 πα-

1997 5229 2282 5299 ράδειγμα,
2332 5231 2493 5299 ἡμεῖς
2537 5229 2592 5282 δέ
2644 5231 2739 5282 ἀπ’
2757 5233 2920 5285 αὑτοῦ
2971 5235 3066 5288 τοῦ
3122 5235 3568 5307 ΧριστοῦῘΠλΟε

1994 5324 2130 5395 πρὸς
2151 5325 2370 5388 αὐτοὺς,
2403 5324 2542 5377 κατά
2569 5324 2665 5395 τὴν
2689 5327 3000 5398 οἰκονομίαν
3035 5331 3197 5399 λέγω,
3229 5333 3416 5398 δοῦλος
3447 5337 3568 5404 ἐγέ-

1993 5432 2111 5468 νετο
2141 5415 2208 5468 δι’
2239 5416 2454 5478 αὑτοὺς,
2488 5416 2849 5471 ἐταπείνωσεν
2877 5420 3092 5485 ἐαυτὸν,
3127 5423 3387 5488 ἐκένωσε,
3433 5443 3565 5495 μορ-

1991 5507 2097 5576 φὴν
2138 5505 2325 5558 δούλου
2385 5505 2545 5558 ἔλαϐε
2578 5521 2591 5532 ·
2623 5509 2715 5560 καὶ
2754 5513 3216 5581 παραγενόμενος,
3243 5513 3365 5568 οὔτε
3400 5518 3558 5580 αὑτὸ,

1988 5595 2068 5656 είς
2131 5593 2248 5646 όδδν
2299 5593 2468 5646 ἐθνῶν
2514 5597 2811 5666 ἀπήρχετο,
2839 5601 3065 5664 καὶτοῖς
3091 5601 3364 5671 μαθηταῖς
3399 5607 3556 5661 τοῦτο

1987 5684 2249 5737 ἐπέταττε
2286 5699 2299 5712 ·
2325 5684 2419 5735 καὶ
2460 5684 2520 5735 οὑ
2557 5684 2716 5738 τοῦτο
2757 5688 2938 5754 μόνον,
2980 5690 3113 5743 ἀλλά
3157 5693 3250 5744 καὶ
3319 5697 3552 5766 περιῆγε

1987 5773 2304 5842 θεραπεύων
2332 5774 2506 5825 πᾶσαν
2532 5775 2683 5831 νόσον
2705 5778 2795 5830 καὶ
2836 5781 3013 5832 πᾶσαν
3046 5782 3336 5848 μαλακίαν.
