3932 6220
319 371 383 426 ω
1212 363 1275 418 ΙΝ
1318 362 1529 420 EPlST.
1572 363 1663 418 AD
1704 362 1946 419 EPIIES.
1989 363 2141 419 CAP.
2187 363 2286 422 Ill.
2333 368 2560 423 liUMlL.
2607 368 2714 423 Vll.
3498 376 3569 439 α

319 498 419 536 ιιοιι
447 485 587 537 enim
615 482 714 536 hoc
740 480 927 535 fecerit
958 479 1049 548 qui
1081 487 1187 532 tam
1214 478 1377 531 multa
1404 485 1487 532 est
1510 487 1789 547 operatus.
1820 474 1877 530 Si

316 585 508 641 autem,
539 584 594 627 ut
615 572 783 627 discat
825 572 918 626 Dei
949 570 1250 635 caritatem,
1282 568 1445 622 Paulo
1471 582 1606 637 opus
1645 576 1729 620 est
1758 580 1878 635 pre-

315 667 520 720 catione
558 677 611 719 et
637 664 806 719 fulcro
848 663 1101 732 Spiritus,
1128 662 1250 732 quis
1275 659 1472 716 Christi
1517 659 1653 715 sciet
1694 672 1882 712 esseu-

316 758 458 820 tiam,
488 770 708 823 sequens
729 752 1049 809 ratiocinia?
1075 752 1233 822 Atqui
1255 749 1542 805 difﬁcilene
1567 757 1651 804 est
1671 747 1881 802 discere

313 844 449 915 quod
487 846 624 899 Deus
650 859 750 899 nos
777 843 1005 915 diligat?
1035 842 1131 897 Est
1158 840 1447 895 admodum
1468 839 1704 904 difﬁcile,
1741 855 1774 889 o
1800 837 1879 891 di-

315 936 464 991 tecte.
516 934 645 990 Nam
690 936 783 990 alii
821 933 1041 1005 quidem
1082 933 1244 987 etiam
1284 930 1388 986 hoc
1432 931 1701 1000 ignorant,
1740 927 1880 982 unde

310 1029 462 1083 etiam
488 1027 668 1082 dicunt
712 1024 1123 1081 innumerabilia
1169 1022 1306 1077 mala
1351 1020 1482 1075 oriri
1514 1019 1714 1074 mundo
1744 1036 1757 1074 :
1789 1018 1878 1071 alii

310 1132 477 1173 autem
512 1120 757 1189 ignorant
781 1126 1063 1189 quantum.
1093 1114 1290 1170 Paulus
1334 1123 1510 1168 autem
1555 1126 1661 1165 non
1687 1110 1882 1180 qua-rit

307 1224 576 1280 quantum,
608 1225 783 1279 neque
821 1220 879 1263 ut
905 1207 1213 1263 dimetiatur
1239 1224 1252 1259 :
1280 1204 1553 1276 quomodo
1577 1203 1720 1257 enim
1756 1215 1882 1271 pos-
1914 1250 1917 1253 ,

308 1301 421 1356 set?
444 1301 537 1356 sed
563 1300 704 1370 quod
742 1299 844 1354 hoc
863 1299 1038 1368 ipsum
1061 1297 1270 1352 discere
1293 1306 1374 1351 est
1395 1308 1665 1349 summum
1684 1303 1739 1347 et
1767 1306 1882 1345 ma-

304 1408 463 1463 gnum
484 1410 497 1446 :
517 1390 714 1448 etdicit
736 1405 796 1446 se
818 1405 884 1445 ex
906 1389 1008 1445 hoc
1026 1390 1141 1458 ipso
1172 1400 1328 1457 posse
1358 1383 1663 1447 ostendere,
1689 1395 1883 1451 nempe

305 1499 371 1537 ex
400 1481 721 1551 cognitione,
735 1495 835 1551 qua
850 1495 947 1535 nos
959 1478 1159 1548 dignati
1172 1490 1375 1531 sumus.
1395 1473 1600 1544 Atquid
1611 1481 1693 1528 est
1706 1471 1879 1526 abun-

304 1572 516 1626 dantius
536 1587 691 1641 quam
709 1566 1433 1625 corroborari?Corrohomri
1463 1565 1682 1627 virtute,
1701 1576 1883 1631 quem-

303 1662 587 1717 admodmn
616 1663 773 1716 etiam
802 1660 1075 1716 Christum
1104 1660 1248 1713 intus
1278 1656 1479 1712 habere
1516 1652 1881 1710 abundantius

304 1764 402 1820 est,
444 1768 602 1824 quam
647 1752 960 1822 simpliciter
993 1766 1116 1806 eum
1145 1749 1363 1814 habere,
1396 1748 1435 1801 i.
1468 1761 1520 1801 e.
1564 1742 1884 1813 simpliciter

301 1860 422 1899 eum
448 1843 710 1914 proﬁteri.
732 1843 944 1914 Magna,
962 1842 1152 1912 inquit,
1182 1849 1309 1895 sunt
1333 1854 1452 1909 qua:
1480 1846 1765 1909 petuntur;
1788 1833 1881 1887 scd

303 1936 401 1990 scit
421 1937 581 1990 etiam
610 1935 790 1991 facere
814 1949 937 2005 qua:
964 1934 1078 2004 ipsa
1104 1941 1383 2001 superant,
1415 1928 1551 1984 adeo
1574 1936 1631 1982 ut
1659 1941 1766 1979 non
1795 1938 1885 1979 so-

305 2027 407 2079 lum
434 2025 742 2094 diligamus,
769 2023 867 2079 sed
896 2024 1057 2078 etiam
1081 2021 1261 2077 valde.
1290 2018 1608 2074 Mcditemur
1636 2017 1817 2085 igitur,
1847 2028 1882 2068 o

300 2116 510 2182 dilecti,
561 2127 619 2170 ut
651 2115 740 2170 Dei
764 2115 1036 2169 discamus
1074 2112 1440 2166 dilectionem.
1477 2108 1591 2162 Hoc
1637 2119 1881 2175 magnum

300 2219 385 2261 est
415 2226 432 2260 :
464 2206 599 2260 nihil
627 2206 778 2260 nobis
802 2206 879 2260 sic
901 2203 1138 2273 prodest,
1166 2201 1297 2256 nihil
1318 2214 1416 2255 nos
1444 2200 1514 2254 ita
1542 2195 1881 2267 compungit:

299 2297 405 2350 hoc
437 2296 613 2364 magis
637 2304 719 2350 est
744 2303 930 2363 aptum
960 2302 1014 2348 et
1040 2291 1312 2347 sufﬁciens
1336 2288 1402 2344 ad
1434 2298 1646 2342 nostras
1674 2286 1888 2356 capien-

298 2391 393 2443 das
430 2388 667 2450 animas,
698 2400 858 2457 quam
904 2395 1077 2440 metus
1112 2382 1396 2453 gehennae.
1427 2377 1586 2435 Unde
1616 2392 1743 2430 vero
1785 2376 1885 2430 hoc

299 2479 574 2536 sciemus?
626 2480 689 2533 Et
733 2493 800 2533 ex
849 2478 914 2531 iis
943 2492 1062 2547 qua;
1094 2475 1235 2530 dicta
1280 2480 1424 2538 sunt,
1476 2480 1528 2526 et
1558 2485 1623 2524 es
1673 2470 1737 2522 iis
1764 2483 1884 2538 quae

298 2571 533 2642 quotidie
559 2570 827 2625 accidunt.
861 2567 1031 2634 Quam
1060 2566 1134 2621 ob
1154 2579 1370 2620 causam
1401 2562 1517 2616 lucc
1547 2560 1686 2617 facta
1715 2558 1879 2618 sunt?

299 2663 420 2732 quid
446 2665 527 2719 eis
550 2663 651 2733 ipsi
676 2677 812 2730 opus
839 2660 975 2715 fuit?
994 2658 1155 2713 Nihil.
1187 2657 1310 2713 Sive
1330 2670 1565 2719 sursum,
1588 2655 1703 2708 sive
1724 2651 1883 2706 deor-

297 2770 412 2808 sum
431 2762 668 2823 spectes,
689 2766 904 2806 causam
924 2764 1138 2819 semper
1157 2748 1304 2818 ponit
1318 2747 1625 2801 caritatem:
1651 2743 1882 2798 maxime

298 2860 473 2905 autem
517 2850 612 2904 illa
662 2857 745 2903 est
790 2847 1007 2911 caritas,
1052 2842 1268 2914 quando
1312 2841 1509 2897 beneﬁt
1554 2835 1882 2903 hominibus,

295 2960 414 2997 cmn
445 2943 579 2998 nihil
610 2942 683 2996 ab
712 2941 792 2997 eis
819 2942 969 3010 prius
1010 2939 1080 2992 sit
1118 2938 1414 3006 profectqu
1448 2931 1717 2987 benelicii.
1748 2928 1883 2983 Eum

296 3049 423 3105 ergo
465 3049 564 3089 nos
606 3048 824 3104 quoque
867 3032 1159 3095 imitemur,
1199 3025 1595 3083 benefaciamus
1635 3021 1882 3086 inimicis,

295 3125 357 3181 iis
388 3127 477 3196 qui
524 3138 636 3181 nos
662 3124 910 3190 oderunt,
945 3121 1010 3177 iis
1050 3120 1138 3190 qui
1169 3132 1269 3172 nos
1313 3124 1649 3175 aversantur,
1697 3110 1763 3164 ad
1793 3124 1887 3163 eos

294 3215 656 3269 accedamus:
690 3213 793 3268 hoc
839 3226 938 3267 nos
990 3210 1102 3265 Deo
1157 3207 1332 3263 reddit
1378 3204 1600 3260 similes.
1649 3200 1783 3258 Nam
1839 3200 1885 3254 si

294 3306 546 3371 amicum,
605 3304 798 3374 inquit,
846 3302 1059 3372 diligas,
1104 3299 1232 3370 quid
1284 3297 1408 3351 inde
1464 3293 1731 3349 lucraris?
1778 3290 1883 3347 hoc

294 3397 451 3450 etiam
475 3395 685 3450 faciunt
711 3392 913 3449 ethnici
938 3389 1152 3461 (Matth.
1179 3389 1235 3443 5.
1265 3386 1377 3457 46).
1407 3384 1511 3440 Sed
1537 3382 1677 3453 quod
1701 3389 1783 3435 est
1806 3379 1886 3434 iu-

296 3487 489 3542 dicinm
516 3484 805 3542 caritatis?
831 3482 1055 3552 Diligere
1075 3494 1195 3534 eum
1218 3477 1304 3547 qui
1329 3475 1523 3531 oderit.
1553 3472 1688 3529 Volo
1708 3470 1886 3524 dicere

293 3580 513 3648 aliquod
552 3577 903 3646 exemplum;
937 3573 1196 3643 ignoscite
1239 3570 1393 3635 mihi,
1436 3584 1540 3623 non
1573 3564 1791 3620 invenio
1831 3564 1883 3617 in

296 3670 672 3740 spiritualibus
701 3685 716 3722 :
742 3666 1088 3739 quamobrem
1134 3663 1306 3717 dicam
1355 3676 1422 3716 ex
1465 3657 1726 3715 externis.
1769 3654 1885 3709 Non

295 3762 491 3816 videtis
523 3757 811 3828 eosquihie
823 3753 1192 3824 amant?quam
1206 3746 1669 3817 multisabiisquaa
1701 3758 1888 3800 aman-

297 3861 386 3905 tur
431 3847 798 3914 contumeliis,
844 3845 1067 3910 insidiis,
1111 3841 1322 3900 damnis
1367 3839 1476 3895 sint
1519 3836 1890 3895 affectizsunt

294 3942 444 3997 afﬁxi
489 3951 695 4003 tamen,
730 3939 1023 4006 ardentque
1072 3944 1130 3993 et
1167 3941 1416 3996 uruntur,
1467 3938 1523 3985 et
1572 3944 1664 3983 cas
1717 3927 1886 3997 magis

296 4043 482 4087 amant
520 4046 681 4101 quam
724 4044 850 4083 suas
892 4028 1120 4090 animas,
1154 4029 1531 4094 pernoctautes
1576 4019 1629 4074 in
1672 4017 1882 4073 illarum

298 4123 620 4179 vestibulis?
658 4121 808 4175 lllinc
838 4117 1162 4188 accipiamus
1193 4111 1519 4182 exemplum,
1550 4122 1655 4164 non
1695 4102 1773 4162 ut
1796 4120 1889 4161 eas

298 4230 566 4281 amemus,
603 4212 936 4277 meretrices,
982 4210 1219 4279 inquam,
1265 4204 1360 4261 sed
1403 4212 1461 4258 ut
1504 4202 1575 4257 ita
1602 4199 1886 4269 diligamus

299 4300 571 4354 inimicos.
596 4296 729 4353 Nam
759 4297 846 4351 dic
865 4293 1018 4359 mihi,
1044 4307 1149 4347 non
1170 4288 1612 4346 contumeliosius
1628 4285 1679 4341 in
1708 4298 1801 4337 eos
1830 4297 1890 4337 se

300 4401 496 4461 gerunt
533 4404 693 4460 quam
721 4402 914 4443 onmes
951 4384 1197 4441 inimici?
1237 4397 1344 4437 non
1372 4381 1633 4449 dissipant
1663 4377 1888 4433 faculta-

305 4486 427 4541 tes?
457 4499 566 4539 non
593 4484 648 4538 in
676 4497 739 4537 os
764 4478 1122 4536 contumelias
1147 4477 1416 4546 ingerunt,
1454 4481 1506 4527 et
1530 4471 1610 4526 eis
1641 4468 1890 4524 servilins

303 4576 571 4644 imperant
595 4587 752 4643 quam
772 4571 886 4626 suis
910 4566 1203 4625 ministris?
1223 4565 1332 4621 Sed
1359 4571 1536 4618 tamen
1566 4576 1671 4616 non
1704 4558 1892 4613 absce-

304 4664 459 4721 dunt.
489 4662 647 4733 Atqui
677 4660 853 4717 nullus
878 4660 1038 4715 talem
1068 4657 1229 4712 habet
1252 4654 1463 4710 hostem
1494 4649 1708 4722 qualem
1739 4662 1891 4701 ama-

304 4767 390 4812 tor
434 4766 687 4810 amatam.
729 4753 879 4808 Illum
920 4752 1066 4807 enim
1096 4748 1407 4804 ludiﬁcatur
1452 4752 1508 4801 et
1545 4740 1894 4798 dissimulans

307 4849 513 4913 irridet,
550 4855 608 4903 et
651 4861 719 4901 eo
762 4858 907 4914 stupe
941 4842 1182 4898 abutitur
1226 4838 1422 4904 amica,
1466 4843 1522 4891 et
1564 4848 1673 4904 quo
1723 4830 1894 4901 magis

307 4947 539 5004 amatur,
576 4950 644 4992 eo
681 4935 849 5005 magis
874 4931 1122 5002 despicit.
1159 4928 1323 4999 Atqui
1365 4926 1540 4981 anima
1585 4923 1662 4978 sic
1705 4920 1893 4976 affecta

310 5027 438 5097 quid
473 5036 554 5083 est
603 5024 773 5095 magis
810 5020 1143 5078 belluiuum?
1190 5018 1268 5076 llli
1319 5028 1496 5071 tamen
1543 5021 1745 5069 amant.
1789 5008 1897 5065 Sed

310 5118 538 5172 fortasse
565 5116 729 5171 etiam
756 5128 787 5170 e
813 5111 1178 5182 spiritualibus
1209 5108 1368 5163 talem
1397 5104 1732 5161 inveniemus
1760 5101 1899 5157 cari-

314 5217 499 5271 tatem,
543 5222 650 5261 non
697 5219 765 5259 ex
795 5204 862 5257 iis
902 5201 1116 5272 quidem
1157 5199 1251 5270 qui
1296 5212 1438 5252 nunc
1482 5203 1645 5260 sunt;
1692 5191 1901 5247 refrixit

312 5302 493 5365 enim;
531 5298 628 5354 sed
671 5312 743 5353 ex
784 5295 891 5350 illis
928 5295 1055 5350 viris
1093 5292 1301 5363 magnis
1338 5299 1392 5345 et
1433 5287 1767 5343 admirandis
1808 5284 1897 5355 qui

318 5390 531 5445 fuerunt
557 5391 713 5444 olim.

391 5481 452 5534 4.
481 5479 674 5534 Beatus
691 5477 788 5532 ille
805 5474 979 5531 Moses
993 5475 1088 5530 bos
1105 5488 1317 5545 quoque
1331 5468 1601 5541 superavit
1617 5467 1704 5536 qui
1722 5480 1903 5520 amore

318 5571 460 5640 capti
482 5578 689 5626 amant.
708 5566 1024 5635 Quomodo?
1044 5568 1277 5622 Primum
1293 5564 1507 5636 quidem
1530 5561 1713 5615 relicta
1735 5560 1899 5628 regia,

320 5670 375 5717 et
397 5676 516 5731 quae
534 5660 646 5716 illic
667 5666 831 5713 erant
850 5654 1069 5722 deliciis,
1098 5655 1390 5724 obsequiis,
1420 5653 1587 5724 gloria
1607 5661 1659 5707 et
1678 5652 1901 5714 honore,

323 5751 506 5809 maluit
528 5764 653 5807 esse
681 5761 815 5802 eum
843 5744 1106 5800 lsraelitis.
1140 5746 1298 5815 Atqui
1333 5760 1439 5800 non
1473 5744 1575 5801 hoc
1605 5742 1775 5799 solum
1797 5756 1905 5798 non

646 5837 931 5899 ΡΑτιιοι..
973 5836 1086 5896 Gn.
1131 5834 1318 5897 LXII.

1991 477 2204 533 fecisset
2243 481 2505 551 quispiam
2539 482 2699 550 alius,
2731 482 2824 537 sed
2845 484 3005 536 etiam
3025 482 3330 540 erubuisset
3352 485 3460 541 alio
3477 502 3568 546 ar.

1984 578 2199 637 guente,
2214 572 2356 640 quod
2373 573 2703 643 apparuisset
2714 589 2834 628 eum
2852 587 2972 628 esse
2991 583 3275 643 cognatum
3288 588 3395 630 non
3411 576 3574 632 modo

1985 674 2286 729 servorum,
2323 664 2418 717 sed
2445 678 2629 718 eorum
2656 664 2743 734 qui
2770 664 2932 718 etiam
2969 663 3417 721 existimabantur
3448 680 3571 722 esse

1984 751 2218 806 scelesti.
2248 752 2378 807 Eum
2406 767 2536 808 vero
2557 768 2660 807 noa
2685 754 2857 809 solum
2880 770 2985 813 non
3009 753 3193 824 puduit
3212 757 3569 828 cognationis,

1985 842 2077 897 sed
2100 842 2261 897 etiam
2285 853 2400 899 toto
2421 846 2604 900 animo
2625 861 2719 901 cos
2742 848 2886 902 ultus
2908 858 3012 913 est,
3046 856 3099 903 et
3118 862 3178 905 se
3202 863 3300 919 pro
3320 849 3425 906 illis
3442 863 3570 907 coa-

1989 930 2111 997 iecit
2128 932 2179 987 in
2201 933 2456 1002 pericula.
2495 935 2817 1002 Quomodo?
2842 937 3057 1005 Videns,
3077 939 3265 1009 inquit,
3287 940 3566 1011 quemdam

1988 1020 2268 1077 facientem
2294 1022 2564 1094 injuriam,
2587 1025 2729 1079 ultus
2747 1036 2828 1081 est
2846 1041 2968 1081 eum
2995 1029 3080 1083 cui
3106 1028 3267 1085 ﬁebat
3288 1030 3498 1098 injuria,
3517 1039 3573 1084 et

1984 1112 2180 1169 occidit
2198 1128 2323 1170 eum
2349 1116 2439 1186 qtti
2472 1115 2755 1171 inferebat.
2783 1116 2889 1173 Sed
2917 1118 3156 1174 nondum
3183 1129 3309 1175 sunt
3332 1120 3448 1178 haec
3476 1135 3571 1191 pro

1986 1205 2216 1261 inimicis
2240 1225 2253 1260 :
2282 1222 2471 1277 magna
2493 1208 2705 1277 quidem
2729 1224 2813 1273 ea,
2835 1207 2927 1263 sed
2951 1224 3057 1263 non
3077 1218 3182 1266 tam
3205 1226 3395 1281 magna
3409 1227 3571 1282 quam

1982 1313 2103 1367 quas
2135 1305 2315 1365 postea
2347 1296 2492 1353 fecit.
2529 1298 2782 1368 Sequenti
2814 1315 2940 1368 ergo
2966 1299 3055 1355 die
3082 1300 3211 1354 vidit
3240 1300 3383 1357 idem
3412 1301 3526 1356 ﬁeri
3553 1342 3569 1367 ,

1984 1396 2037 1442 et
2062 1388 2211 1442 illum
2242 1387 2428 1444 videns
2455 1389 2699 1458 injuriatn
2732 1390 3049 1456 facientem,
3080 1406 3239 1460 quem
3271 1392 3413 1447 ultus
3450 1392 3570 1449 fne-

1985 1488 2065 1532 rat
2083 1477 2183 1548 (α).
2205 1477 2483 1534 admonuit
2508 1488 2560 1534 ut
2587 1489 2829 1536 cessaret
2848 1480 3095 1550 injuriam
3123 1481 3299 1538 facere
3323 1500 3338 1537 :
3368 1481 3457 1537 ille
3476 1498 3568 1539 au-

1986 1577 2094 1624 tem
2114 1567 2405 1623 inhumano
2427 1569 2583 1638 plane
2602 1580 2658 1625 et
2680 1571 2885 1641 ingrato
2909 1571 3109 1636 animo,
3135 1572 3261 1636 Quis
3287 1582 3353 1637 te,
3377 1573 3566 1642 inquit,

1984 1659 2244 1713 constituit
2264 1660 2541 1730 principem
2562 1669 2609 1714 et
2620 1660 2848 1730 judicent
2867 1677 3021 1730 super
3039 1678 3130 1717 nos
3155 1661 3346 1731 (Exod.
3369 1661 3423 1718 2.
3447 1663 3570 1733 ﬂ)?

1984 1747 2153 1814 Quem
2175 1763 2281 1803 non
2303 1748 2663 1804 incendissent
2688 1751 2802 1804 ha-c
2822 1750 3017 1807 verba?
3037 1749 3092 1805 Si
3112 1766 3241 1821 ergo
3259 1751 3400 1822 quod
3424 1752 3571 1823 prius

1986 1841 2182 1897 factum
2211 1851 2317 1910 est,
2348 1841 2544 1899 factum
2573 1853 2717 1899 esset
2738 1843 2913 1914 aliqua
2938 1843 3102 1898 animi
3131 1843 3492 1915 indignatione
3514 1853 3572 1899 et

1984 1933 2318 2003 offensione,
2354 1935 2495 1990 hunc
2537 1950 2752 2006 quoque
2796 1935 3150 2006 percussisset
3191 1945 3246 1991 et
3282 1935 3351 1991 de
3393 1934 3571 1997 medio

1985 2026 2293 2081 sustulisset
2321 2044 2334 2080 :
2364 2043 2471 2081 non
2499 2027 2643 2082 enim
2674 2028 2782 2093 ille,
2811 2037 3029 2098 propter
3050 2043 3208 2097 quem
3237 2026 3436 2084 factum
3460 2027 3572 2084 fue-

1984 2126 2087 2182 rat,
2119 2132 2242 2171 eum
2270 2116 2573 2173 detulisset.
2601 2117 2707 2173 Sed
2735 2119 2985 2189 quoniam
3016 2117 3228 2187 cognati
3255 2128 3429 2184 erant,
3457 2117 3574 2174 ha-c

1984 2207 2130 2263 dicit.
2156 2207 2381 2275 Quando
2406 2210 2454 2263 ei
2478 2207 2639 2263 ﬁebat
2661 2208 2874 2277 injuria,
2899 2207 3030 2262 nihil
3060 2208 3167 2263 tale
3192 2217 3276 2264 est
3301 2209 3568 2278 loquutus,

1985 2302 2116 2367 Quis
2143 2310 2197 2354 te
2221 2300 2499 2355 constituit
2524 2300 2819 2370 principem
2860 2310 2915 2354 et
2949 2299 3184 2369 judicent
3229 2314 3393 2369 super
3436 2298 3572 2352 nos?

1985 2391 2091 2445 Cur
2119 2390 2223 2445 hoc
2250 2400 2306 2446 et
2335 2390 2450 2445 heri
2495 2405 2603 2444 non
2643 2388 2868 2444 dixisti?
2896 2389 3092 2457 tnjuria
3124 2398 3211 2442 tua
3235 2429 3250 2455 ,
3284 2388 3486 2459 inquit,
3516 2398 3573 2444 et

1985 2484 2297 2551 crudelitas,
2326 2484 2441 2553 ipsa
2472 2498 2559 2538 me
2586 2482 2864 2537 constituit
2909 2480 3203 2551 principem
3232 2488 3287 2535 et
3309 2478 3569 2549 judicent.

1987 2575 2093 2631 Sed
2121 2591 2263 2632 nunc
2289 2575 2514 2631 observa
2540 2574 2681 2645 quod
2714 2574 2824 2630 Deo
2852 2589 3065 2644 quoque
3092 2573 3207 2629 hazc
3235 2572 3421 2631 dicunt
3449 2573 3570 2643 qui-

1985 2666 2132 2732 dam,
2157 2666 2290 2721 utin
2315 2681 2410 2722 eos
2436 2681 2466 2722 a
2493 2666 2687 2737 quibus
2713 2665 2903 2734 injuria
2928 2663 3237 2723 afficiuntur
3256 2664 3424 2721 velint
3445 2679 3568 2719 eum

1986 2774 2107 2815 esse
2132 2758 2525 2825 vehementem,
2552 2769 2609 2813 et
2646 2758 2764 2827 ejus
2787 2766 3042 2813 accusent
3086 2756 3359 2813 lenitatem
3388 2764 3443 2811 et
3473 2772 3569 2825 pa-

1988 2850 2226 2907 tientiam
2257 2867 2270 2902 :
2296 2848 2509 2919 quando
2529 2856 2708 2903 autem
2730 2846 2920 2917 injuria
2941 2846 3195 2908 afﬁciunt,
3221 2861 3326 2900 non
3355 2844 3563 2905 itidem.

1987 2941 2126 3008 Quid
2156 2940 2240 2998 his
2266 2941 2441 2996 verbis
2465 2938 2743 2994 amarius?
2770 2938 2874 2993 Sed
2907 2949 3081 2994 tamen
3104 2978 3119 3003 ,
3154 2952 3277 2996 cum
3308 2946 3431 3007 post
3455 2935 3572 2993 ha-c

1989 3033 2218 3087 mittitur
2244 3031 2311 3086 ad
2341 3032 2576 3102 ingratos
2603 3039 2658 3086 et
2687 3028 2929 3085 beneﬁcii
2962 3028 3326 3094 immemores,
3349 3024 3491 3081 venit
3518 3035 3573 3080 et

1989 3137 2092 3177 non
2120 3121 2406 3177 recusavit.
2434 3120 2541 3176 Sed
2568 3132 2623 3176 et
2649 3128 2769 3190 post
2798 3119 2885 3173 illa
2916 3120 3065 3189 signa
3091 3128 3146 3172 et
3173 3125 3293 3188 post
3315 3116 3571 3173 miracula

1987 3227 2104 3281 qua:
2129 3226 2224 3280 per
2250 3211 2422 3281 ipsum
2449 3209 2586 3265 facta
2617 3218 2739 3263 sunt
2759 3250 2776 3276 ,
2807 3223 2952 3277 smpe
2980 3222 3102 3262 eum
3129 3216 3256 3262 sunt
3282 3205 3460 3260 conati
3491 3204 3573 3258 la-

1988 3301 2198 3372 pidibus
2221 3303 2481 3367 obruere,
2512 3308 2567 3355 et
2607 3298 2776 3355 evasit
2804 3313 2838 3353 e
2864 3297 3110 3353 manibus
3136 3310 3325 3352 eorum
3354 3311 3368 3349 :
3402 3304 3457 3349 et
3482 3309 3568 3351 as-

1988 3392 2141 3447 sidue
2166 3390 2568 3445 murmurahant
2597 3405 2613 3452 ;
2659 3387 2754 3441 sed
2783 3397 2961 3440 tamen
2992 3386 3113 3439 illos
3137 3398 3205 3439 eo
3232 3396 3418 3437 amore
3443 3396 3571 3451 pro-

1988 3483 2330 3557 sequebatur,
2354 3491 2409 3535 ut
2432 3482 2542 3536 Deo
2565 3479 2780 3544 dixerit,
2806 3493 2928 3533 cum
2954 3491 3117 3546 grave
3146 3475 3276 3530 illud
3298 3483 3572 3545 peccatum

1988 3573 2368 3629 admisissent:
2400 3572 2463 3627 Si
2504 3580 2765 3641 peccatum
2810 3568 3011 3637 quidem
3048 3566 3301 3632 dimittas,
3331 3565 3572 3623 dimitte:

1989 3667 2068 3720 sin
2092 3665 2277 3729 minus,
2299 3681 2376 3718 me
2393 3679 2587 3733 quoque
2612 3661 2722 3716 dele
2744 3677 2771 3715 ε
2790 3660 2918 3717 libro
2942 3675 3087 3729 quem
3106 3659 3353 3729 scripsisti
3373 3655 3568 3732 (Exod.

1990 3758 2080 3814 32.
2117 3759 2207 3814 3!.
2256 3755 2369 3829 32).
2401 3756 2572 3821 Malo,
2602 3755 2806 3825 inquit,
2834 3769 2958 3810 cum
3007 3753 3114 3810 illis
3151 3754 3329 3826 perire
3351 3795 3367 3819 ,
3411 3768 3571 3825 quam

1990 3847 2192 3918 absque
2223 3847 2324 3902 illis
2351 3860 2472 3901 (βεδε
2498 3845 2700 3899 salvus.
2744 3844 2823 3902 Re
2866 3859 2991 3899 vera
3035 3852 3119 3899 est
3148 3842 3297 3900 furor
3316 3884 3332 3908 ,
3361 3857 3420 3898 re
3448 3858 3575 3898 vera

1991 3950 2074 4001 est
2089 3955 2311 4012 magnus
2329 3955 2501 3995 amor.
2523 3938 2661 4007 Quid
2685 3938 2858 3993 dicis?
2876 3938 3066 3994 caelum
3090 3935 3357 4006 despicis?
3375 3935 3571 4000 Etiam,

1992 4035 2194 4105 inquit;
2226 4048 2320 4087 eos
2345 4033 2488 4087 enim
2516 4046 2640 4085 amo
2668 4030 2758 4100 qui
2790 4030 3029 4084 fecerunt
3070 4027 3340 4097 iniuriam.
3391 4026 3571 4082 Deleri

1991 4125 2164 4197 petis?
2184 4123 2321 4193 Quid
2343 4123 2556 4187 faciam,
2582 4120 2792 4191 inquit?
2814 4131 2897 4174 est
2920 4120 3063 4174 enim
3087 4134 3258 4172 amor.
3281 4117 3418 4183 Quid
3445 4133 3573 4173 vero

1991 4231 2110 4287 qute
2140 4225 2323 4286 posma
2368 4221 2493 4268 sunt
2530 4209 2900 4280 consequuta?
2927 4208 3066 4262 Audi
3092 4207 3219 4277 quid
3262 4206 3388 4260 alibi
3429 4205 3573 4261 dicat

1993 4309 2266 4378 Scriptura
2300 4326 2312 4361 :
2348 4305 2411 4360 Et
2438 4305 2584 4359 malis
2609 4299 2824 4370 aﬂectus
2849 4301 2946 4371 [uit
2974 4299 3141 4353 Moses
3183 4308 3391 4370 propter
3431 4299 3575 4368 ipsos

1994 4400 2164 4472 (Psal.
2191 4400 2313 4454 l05.
2337 4397 2453 4465 52).
2479 4396 2700 4464 Quoties
2725 4408 2847 4447 eum
2873 4391 3215 4447 contumeliis
3241 4388 3574 4445 affecerunt?

1994 4490 2204 4559 quoties
2244 4487 2604 4542 destituerunt
2644 4484 2796 4537 illum
2825 4490 2879 4536 et
2909 4480 3165 4536 fratrem?
3190 4480 3399 4548 quoties
3423 4494 3573 4550 qua:-

1994 4582 2200 4636 sierunt
2228 4577 2405 4633 redire
2449 4576 2502 4628 in
2546 4572 2878 4643 Egyptum?
2903 4581 2956 4625 et
2982 4579 3103 4638 post
3133 4569 3248 4622 ha'c
3272 4569 3448 4623 omnia
3473 4585 3571 4624 ex.

1995 4669 2352 4728 candescebat
2378 4677 2433 4721 et
2461 4666 2698 4730 furebat,
2727 4672 2783 4719 et
2811 4677 2909 4733 pro
2939 4661 3068 4731 ipsis
3109 4661 3315 4731 perpeti
3341 4669 3456 4714 erat
3480 4675 3574 4729 pa-

1997 4772 2189 4819 ratus:
2223 4761 2301 4815 sic
2344 4767 2553 4829 oportet
2594 4756 2818 4827 diligere
2868 4753 3148 4818 inimicos;
3195 4752 3483 4807 laceratum
3522 4762 3579 4806 et

1998 4856 2253 4911 afflictum
2280 4868 2341 4907 ac
2367 4850 2494 4907 nihil
2517 4864 2623 4905 non
2647 4849 2924 4904 facientem
2952 4855 3008 4902 et
3034 4854 3359 4916 separatum,
3386 4844 3575 4899 horum

2000 4944 2306 5001 desiderare
2326 4943 2577 4998 salutem.
2604 4938 2740 5007 Quid
2763 4952 2911 5002 vero,
2930 4936 3015 4990 dic
3039 4935 3188 4998 mihi,
3210 4934 3448 4989 Paulus?
3470 4948 3576 4985 non

2002 5037 2159 5092 etiam
2189 5048 2285 5104 pro
2304 5033 2434 5104 ipsis
2458 5032 2610 5102 petiit
2628 5028 2969 5101 gehennam?
2995 5026 3101 5079 Sed
3120 5026 3188 5079 ah
3212 5025 3327 5091 ipso
3356 5022 3581 5075 Domino

2003 5141 2223 5183 necesse
2263 5134 2347 5182 est
2386 5122 2654 5178 adducere
2681 5120 3027 5188 exemplum:
3063 5130 3184 5169 nam
3228 5114 3341 5181 ipse
3370 5127 3586 5181 quoque

2004 5220 2083 5276 sic
2114 5218 2275 5281 facit,
2306 5216 2489 5270 dicens
2520 5230 2533 5265 :
2570 5211 2744 5266 Solem
2769 5225 2917 5262 suum
2949 5204 3068 5258 oriri
3101 5203 3221 5272 facit
3250 5218 3401 5271 super
3429 5201 3584 5254 bonos

2005 5322 2053 5366 et
2082 5310 2242 5364 malos
2268 5305 2493 5375 (Matth.
2524 5304 2578 5359 5.
2606 5304 2734 5370 45),
2764 5315 2793 5352 a
2821 5300 2979 5352 Patre
2998 5309 3097 5349 suo
3120 5292 3585 5364 exemplum-affe-

2006 5419 2132 5461 rens
2156 5418 2170 5467 ;
2204 5414 2300 5454 nos
2324 5406 2498 5451 autem
2525 5395 2592 5448 ab
2619 5394 2734 5462 ipso
2759 5389 2992 5445 Christo.
3038 5387 3192 5444 Venit
3217 5386 3285 5442 ad
3312 5389 3458 5454 ipsos
3476 5425 3494 5453 ,
3520 5400 3589 5438 ex

2072 5562 2145 5624 (α)
2179 5567 2278 5608 Non
2300 5556 2417 5605 dicit
2438 5555 2684 5624 Scriptura
2696 5548 2974 5624 .Hebraalum
3011 5545 3144 5624 illum
3164 5580 3178 5603 ,
3201 5546 3284 5614 qui
3307 5548 3591 5624 monentem

2009 5600 2286 5685 εθκῇἶόγέξῶ
2306 5600 2416 5685 ὦὶί
2449 5600 2741 5685 itnproperig
2764 5607 2970 5685 repulit,
2981 5600 3207 5685 eutndem
3220 5600 3591 5685 'ipsum

2011 5662 2172 5746 Eilis}?
2181 5662 2444 5749 minus.
2638 5748 2651 5749 ί
2660 5662 3040 5749 adeeeLrat._Sed
3077 5662 3367 5716 concionaus
3393 5662 3595 5724 Chryso-

2017 5733 2201 5798 stomus
2223 5733 2479 5804 aliquando
2502 5733 2731 5784 memoria
2760 5733 2953 5783 labitur.
