3932 6220
334 305 400 361 55
1034 293 1090 345 8.
1131 283 1404 341 JOANNIS
1428 275 1903 335 CHRYSOSTOMI‘
1930 271 2246 328 ARCHIEP.
2277 269 2806 327 CONSTANTINOP.
3535 268 3606 322 {uti

337 409 732 481 dispensatione
753 448 768 469 ,
797 408 1009 474 inquam
1027 443 1040 464 ,
1075 411 1291 469 propter
1323 399 1465 463 ipsos
1493 393 1661 446 factus
1690 399 1772 443 est
1797 403 1912 441 ser-

334 522 451 569 vus,
484 503 718 571 seipsum
765 496 1062 550 luuniliavit
1090 535 1104 556 ,
1139 491 1447 549 evacuavit,
1498 487 1723 539 formam
1773 481 1913 536 servi

337 597 539 665 accepit
571 614 583 648 :
615 602 668 648 et
692 608 810 645 eum
837 587 1160 646 advenisset,
1195 597 1368 651 neque
1401 583 1513 647 ipse
1538 577 1668 632 abiit
1694 577 1744 630 in
1774 576 1914 628 viam

337 688 594 757 gentium,
619 692 673 737 et
699 684 796 736 hoc
825 678 1103 747 imperavit
1124 672 1399 742 discipulis
1427 690 1438 723 :
1468 685 1566 723 nec
1591 668 1692 722 hoc
1717 667 1912 730 solum,

338 779 431 834 sed
462 787 516 831 et
543 774 788 830 circuivit
833 784 1047 824 omnem
1092 766 1334 820 morbum
1369 774 1565 815 curans
1611 769 1665 814 et
1703 772 1915 812 omnem

341 865 724 931 rga-inminent.

413 955 651 1008 Inimicos
681 949 932 1021 quomodo
963 945 1172 1016 diligere
1212 951 1455 1012 Oporteat.
1486 971 1554 978 —
1577 937 1716 1004 Quid
1745 938 1917 1006 ergo?

340 1048 438 1102 Alii
461 1058 648 1098 omnes
673 1041 960 1110 stupebant
995 1047 1047 1091 et
1075 1033 1497 1095 admirabantur,
1531 1041 1586 1084 et
1622 1030 1872 1084 dicebant
1902 1047 1913 1081 :

345 1135 608 1189 ir'ndenam
637 1133 680 1186 ei
702 1133 808 1184 htec
838 1131 965 1196 ﬁunt
997 1125 1212 1195 (Matth.
1247 1125 1331 1178 15.
1364 1122 1492 1190 56)?
1521 1123 1554 1174 ii
1581 1130 1756 1174 autem
1783 1134 1918 1184 quos

338 1225 604 1280 alliciebat
630 1220 926 1283 beneﬂciis,
946 1217 1212 1278 dict-bant,
1242 1214 1553 1268 Dtemonium
1571 1212 1715 1264 habet
1737 1209 1915 1281 (Joan.

341 1319 427 1373 10.
455 1317 569 1386 20),
603 1326 654 1370 et
673 1314 999 1382 blasphemal
1028 1323 1079 1364 et
1112 1309 1307 1362 insanit
1335 1317 1389 1360 et
1418 1317 1500 1360 est
1525 1305 1712 1374 planus
1741 1312 1794 1358 et
1824 1302 1919 1356 de—

339 1418 526 1477 ceptor
555 1405 764 1478 (Matth.
788 1405 841 1458 9.
872 1404 925 1458 3.
954 1410 1000 1455 et
1027 1401 1116 1454 Ἦ.
1140 1399 1252 1469 65).
1283 1395 1543 1466 Numquid
1567 1409 1694 1464 ergo
1721 1408 1815 1448 eos
1835 1407 1920 1447 re-

340 1503 507 1570 pulit?
536 1499 902 1567 Nequaquam,
947 1493 1041 1548 sed
1091 1506 1185 1546 eos
1222 1488 1515 1558 majoribus
1543 1486 1720 1541 affecit
1750 1485 1917 1539 bene-

342 1592 476 1646 ﬁciis
507 1590 622 1643 lucc
649 1587 892 1649 audiens,
923 1592 978 1638 et
999 1583 1120 1636 abiit
1156 1580 1221 1634 ad
1249 1596 1342 1634 eos
1361 1578 1446 1648 qui
1479 1578 1650 1646 ipsum
1682 1583 1836 1631 erant
1864 1575 1916 1627 in

339 1696 554 1736 crucem
583 1676 788 1741 acturi,
819 1683 878 1730 ut
906 1689 1000 1728 eos
1031 1671 1207 1726 salvos
1261 1669 1480 1725 faceret.
1515 1667 1583 1721 Et
1638 1673 1916 1735 postquam

340 1774 435 1826 fuit
471 1770 780 1832 cruciﬁxus,
829 1766 953 1836 quid
998 1763 1170 1818 dicit?
1223 1760 1607 1826 Pater,dimitte
1632 1758 1775 1820 illis;
1816 1770 1918 1808 non

341 1864 470 1915 enim
496 1861 660 1914 sciunt
687 1858 808 1928 quid
825 1857 1016 1925 faciunt
1049 1853 1194 1924 (Luc.
1219 1853 1309 1906 2'5.
1338 1852 1449 1920 54).
1495 1849 1561 1903 Ει
1586 1857 1740 1902 antea
1781 1847 1918 1901 male

337 1967 546 2021 passus,
579 1962 630 2004 et
657 1959 836 2018 postea
895 1946 1032 1999 male
1063 1959 1271 2013 passus,
1309 1943 1373 1995 ad
1413 1950 1717 1997 extremum
1748 1953 1916 2009 usque

336 2043 579 2109 Spiritum
625 2055 720 2108 pro
750 2037 877 2105 ipsis
926 2035 1101 2088 omnia
1133 2035 1356 2104 agebat,
1389 2046 1488 2100 pro
1531 2031 1664 2100 ipsis
1705 2033 1913 2084 ordiat.

337 2134 398 2187 Et
427 2142 544 2201 post
575 2145 787 2185 crucem
821 2126 948 2196 quid
983 2141 1088 2181 non
1120 2140 1217 2195 pro
1249 2125 1329 2180 eis
1356 2123 1520 2180 fecit?
1545 2137 1722 2179 nonne
1772 2124 1916 2176 misEt

1219 2279 1545 2288 *ις-*-

2021 385 2337 453 apostolos?
2382 399 2484 436 non
2525 385 2672 452 signa
2707 381 2866 436 fecit?
2899 397 3003 435 non
3046 381 3255 450 quidvis
3287 382 3487 434 movit?
3515 385 3605 432 Sic

2021 484 2231 545 oportet
2259 475 2481 542 diligere
2522 473 2786 538 inimicos,
2823 472 2900 525 sic
2946 471 3141 524 imitari
3165 469 3458 526 Christum.
3515 473 3602 524 Si.-

2023 566 2143 617 l‘ecit
2173 565 2366 617 Paulus
2392 581 2403 614 :
2436 563 2700 632 lapidibus
2729 563 3015 630 appetitus,
3071 576 3258 629 passus
3293 563 3605 614 innumera-

2021 657 2164 715 bilia,
2195 671 2293 726 pro
2322 656 2448 724 ipsis
2480 656 2668 725 agebat
2715 654 2914 707 omnia.
2953 654 3086 706 Audi
3129 668 3248 704 eum
3281 652 3550 704 dicentem
3588 670 3602 704 :

2031 748 2273 800 Voluntas
2293 747 2460 800 cordis
2481 747 2577 799 mei
2604 755 2648 798 et
2671 744 2946 797 obsecratio
2967 745 3022 811 ﬁt
3043 761 3134 812 pro
3150 743 3252 797 illis
3264 744 3331 795 ad
3353 744 3604 804 salutem;

2020 848 2072 891 et
2096 853 2326 902 rursum,
2363 836 2722 890 Testimonium
2746 837 2878 887 enim
2898 835 2999 888 illis
3023 834 3274 904 perhibeo,
3299 833 3430 903 quod
3453 847 3607 883 temu-

2023 929 2259 982 lationem
2290 927 2383 981 Dei
2409 927 2587 980 habent
2615 927 2787 996 (Rom.
2816 926 2902 980 i0.
2931 927 2982 980 1.
3015 937 3062 978 et
3082 927 3138 994 2)
3161 942 3174 987 ς
3197 935 3253 979 et
3281 926 3470 979 iterum
3502 943 3516 976 :
3544 925 3603 979 Si

2025 1033 2076 1074 tu
2106 1037 2167 1075 es
2201 1022 2423 1074 naturali
2453 1021 2667 1093 excisus
2689 1020 2924 1074 oleastro
2959 1019 3192 1072 insertus
3213 1031 3272 1071 es
3299 1016 3478 1086 (Rom.
3509 1017 3602 1070 Η.

2024 1115 2133 1180 Π),
2163 1123 2364 1180 quanto
2393 1112 2562 1179 magis
2613 1111 2700 1164 isti
2755 1111 3056 1163 insereutur
3109 1123 3220 1163 sua
3273 1103 3476 1162 olivas?
3524 1108 3602 1162 Ex

2022 1214 2219 1268 quanto
2249 1220 2432 1258 amore
2468 1205 2581 1257 ha-e
2613 1204 2771 1256 verba
2818 1203 2920 1257 dici
2953 1203 3252 1266 existimas,
3305 1217 3369 1254 ex
3403 1211 3604 1270 quanta

2024 1295 2392 1349 benevolentia
2416 1295 2439 1346 ?
2466 1293 2578 1348 Non
2611 1301 2787 1362 potest
2816 1293 2943 1358 dici,
2969 1308 3073 1345 non
3105 1301 3302 1362 potest.
3327 1291 3416 1346 Sic
3441 1306 3605 1359 opor-

2025 1399 2098 1444 tet
2124 1389 2366 1441 iuimicos
2396 1387 2619 1452 diligere
2649 1403 2661 1437 :
2693 1385 2794 1439 hoc
2823 1395 2907 1438 est
2935 1385 3102 1438 Deum
3127 1384 3347 1451 diligere
3374 1386 3462 1450 qui
3490 1383 3603 1450 jus-

2022 1482 2109 1544 sit,
2129 1481 2218 1550 qui
2249 1481 2416 1550 lcgcm
2439 1478 2618 1542 dedit;
2652 1478 2802 1531 illum
2833 1477 3028 1530 imitari
3059 1485 3140 1530 est
3167 1475 3392 1545 diligere
3422 1474 3604 1528 iuimi-

2022 1589 2163 1627 cmn.
2191 1572 2372 1641 Cogita
2400 1571 2539 1640 quod
2571 1586 2675 1624 non
2709 1569 2925 1624 inimico
2957 1567 3264 1632 benefaeis,
3313 1565 3407 1621 sed
3461 1565 3554 1620 tibi
3587 1584 3600 1619 :

2024 1682 2128 1718 non
2174 1664 2319 1718 illum
2355 1663 2548 1732 diligis.
2610 1661 2702 1717 sed
2736 1661 2845 1715 Deo
2891 1659 3096 1715 obedis.
3131 1657 3257 1712 Haec
3305 1671 3434 1726 ergo
3479 1671 3602 1710 cum

2023 1758 2253 1810 sciamus
2274 1794 2288 1812 ,
2319 1752 2699 1806 conﬁrmemus
2730 1752 2869 1806 inter
2903 1767 3000 1804 nos
3027 1750 3337 1813 amicitiam,
3383 1757 3442 1801 ut
3480 1762 3606 1801 cum

2026 1860 2123 1900 nos
2150 1846 2200 1898 in
2233 1859 2294 1898 ea
2326 1857 2511 1898 exacte
2541 1844 2888 1913 gesserimus,
2927 1855 3283 1910 assequamur
3316 1839 3453 1894 bona
3490 1853 3608 1908 pro-

2025 1939 2184 1993 missa
2213 1937 2262 1990 in
2290 1935 2648 1991 ChristoJesu
2683 1934 2912 1990 Domino
2939 1943 3146 1998 nostro,
3171 1947 3292 1988 cum
3324 1945 3432 2001 quo
3459 1929 3603 1985 Patri

2025 2032 2180 2085 simul
2203 2047 2323 2084 cum
2349 2041 2534 2083 sancto
2557 2029 2756 2097 Spiritu
2779 2027 3235 2098 gloria,potentia,
3254 2024 3446 2087 honor,
3467 2035 3608 2076 nunc

2030 2131 2083 2174 et
2107 2136 2339 2190 semper,
2369 2129 2422 2174 et
2453 2121 2504 2173 i'n
2535 2119 2726 2173 smcula
2755 2119 3094 2172 saeculorum.
3130 2117 3314 2169 Amen.

1663 2349 2008 2410 HOMILIA
2053 2351 2218 2411 νιιι.

337 2497 466 2549 Car.
497 2498 548 2549 4.
583 2511 631 2547 v.
665 2496 714 2548 l.
752 2493 970 2546 Obsecro
1023 2493 1194 2560 itaque
1234 2507 1318 2544 vos
1364 2506 1454 2559 ego
1482 2491 1674 2542 vinctus
1721 2490 1774 2540 in
1813 2487 1917 2541 Do-

412 2589 565 2646 mino,
614 2594 665 2637 ut
695 2586 844 2655 digne
871 2583 1134 2636 ambuletis
1173 2584 1430 2636 vocatione
1456 2598 1554 2647 qua
1589 2581 1748 2634 vocati
1779 2584 1915 2647 estis,

411 2695 523 2730 cum
549 2677 683 2728 omni
717 2676 999 2728 Innnilitate
1018 2685 1063 2726 et
1095 2673 1494 2726 mansuetudine.

418 2772 466 2823 ι.
511 2770 796 2821 Doctorum
828 2773 910 2819 est
940 2765 1140 2828 virtus,
1189 2779 1293 2817 non
1343 2763 1622 2825 honorem,
1658 2777 1760 2816 non
1806 2762 1918 2832 glo-

343 2865 475 2916 riam
505 2875 748 2930 querere
786 2858 852 2910 ab
882 2857 946 2911 iis
976 2857 1168 2926 quibus
1213 2855 1500 2924 imperant,
1533 2854 1625 2909 sed
1676 2855 1916 2924 ipsorum

346 2954 596 3019 salutem,
627 2962 678 3005 et
723 2967 816 3021 pro
865 2967 926 3004 ea
954 2967 1011 3004 re
1058 2949 1234 3003 omnia
1278 2947 1474 3004 facere.
1514 2947 1645 3002 Nam
1673 2948 1762 3016 qui
1791 2945 1920 3001 illud

342 3045 549 3112 qumrit,
582 3057 686 3096 non
729 3041 888 3095 fuerit
929 3042 1116 3094 doctor
1137 3081 1150 3104 ,
1198 3038 1291 3094 scd
1324 3047 1605 3109 tyrannus.
1635 3037 1748 3092 Non
1776 3037 1918 3091 enim

344 3135 482 3187 Deus
512 3141 792 3203 propterea
818 3141 868 3186 te
896 3131 959 3184 iis
982 3128 1240 3199 pr:el'ecit,
1272 3138 1327 3182 ut
1355 3138 1409 3182 tu
1435 3128 1603 3197 magis
1632 3126 1830 3182 colaris
1871 3133 1924 3180 et

343 3225 666 3287 observeris,
698 3223 791 3276 sed
816 3231 872 3276 ut
901 3232 987 3276 tua
1016 3219 1233 3290 quidem
1264 3219 1620 3290 negligantur,
1649 3234 1766 3288 qum
1790 3231 1923 3271 vero

345 3326 469 3369 sunt
506 3317 716 3370 illorum
769 3314 944 3368 omnia
994 3312 1342 3367 aedificentur.
1396 3312 1508 3366 lioc
1537 3310 1772 3365 doctoris
1800 3318 1919 3364 est:

344 3407 464 3459 talis
494 3416 609 3460 erat
630 3407 818 3460 beatus
848 3405 1069 3469 Paulus,
1099 3405 1236 3458 liber
1261 3404 1328 3458 ah
1359 3405 1502 3458 omni
1531 3402 1700 3466 fastu;
1732 3403 1800 3456 ita
1829 3417 1925 3454 au-

346 3507 450 3549 tem
495 3507 609 3551 erat
647 3497 868 3551 all‘eetus
895 3505 951 3549 ut
990 3504 1132 3550 esset
1161 3495 1376 3564 quidem
1414 3510 1549 3548 unus
1578 3510 1644 3549 ex
1700 3494 1881 3548 multis
1908 3535 1922 3558 ,

349 3588 453 3638 imo
483 3587 641 3640 etiam
685 3586 896 3638 illorum
946 3585 1218 3638 minimus.
1264 3583 1554 3652 Pr0pterea
1587 3593 1640 3637 et
1680 3599 1738 3636 se
1771 3591 1927 3636 vocat

348 3691 596 3738 servum,
644 3683 698 3728 ct
755 3675 979 3741 plurima
1012 3683 1280 3741 tamquam
1326 3673 1631 3741 supplicans
1669 3673 1922 3742 loquitur.

351 3763 531 3831 Itaque
563 3762 680 3816 vide
709 3778 830 3816 eum
857 3777 996 3815 nunc
1019 3777 1230 3828 quoque
1262 3761 1388 3814 nihil
1419 3762 1653 3815 scribere
1685 3763 1929 3832 imperio-

350 3869 488 3914 sum,
523 3852 653 3904 nihil
673 3852 812 3921 quod
838 3867 946 3921 pne
969 3866 1027 3906 se
1055 3848 1188 3905 ferat
1219 3854 1613 3916 auctoritatem,
1648 3854 1738 3906 scd
1781 3853 1922 3924 quod

352 3945 421 3995 sit
451 3950 782 3996 contractum
806 3957 869 3996 ac
896 3941 1184 3996 demissum
1217 3960 1230 3996 :
1268 3942 1484 3997 Obsecro
1513 3943 1678 4010 itaque
1709 3960 1813 4004 vos,
1842 3945 1925 3996 iu-

351 4034 484 4101 quit,
515 4048 604 4102 ego
626 4033 820 4086 vinctus
844 4033 895 4086 in
932 4031 1170 4093 Domino,
1214 4042 1267 4085 ut
1297 4032 1447 4103 digne
1474 4031 1736 4085 ambuletis
1778 4048 1925 4085 voca-

356 4125 490 4176 tione
515 4141 612 4192 qna
653 4125 812 4177 vocati
840 4124 975 4176 estis.
1005 4122 1142 4190 Quid
1167 4137 1342 4192 rogas,
1373 4122 1705 4192 dic.q-u:rso?
1733 4131 1791 4175 ut
1816 4124 1927 4192 ipse

355 4214 554 4282 aliquid
585 4213 926 4282 assequaris?
969 4213 1346 4283 Nequaquam,
1383 4214 1584 4282 inquit,
1609 4214 1700 4268 sed
1728 4225 1784 4268 ut
1811 4215 1929 4270 aliis

357 4303 578 4357 salutem
603 4302 845 4357 aﬂ‘eiam.
866 4303 1023 4373 Atqui
1053 4304 1141 4372 qui
1161 4313 1366 4374 regant,
1383 4313 1704 4375 rogantqum
1718 4305 1929 4372 assequi

362 4395 597 4460 ipsorum
623 4394 866 4448 interest.
899 4394 961 4448 Et
999 4409 1138 4461 mea,
1171 4397 1359 4466 inquit,
1394 4397 1492 4450 hoc
1521 4395 1931 4451 interestzsieut

356 4485 513 4536 etiam
541 4485 664 4538 alibi
691 4485 932 4539 scribens
961 4485 1172 4540 dicebat
1198 4502 1213 4539 ε
1248 4485 1402 4541 Nunc
1418 4488 1649 4548 vivimus,
1673 4487 1712 4539 si
1735 4496 1930 4540 eosste-

358 4574 423 4630 tis
451 4577 502 4628 in
519 4574 733 4628 Domino
755 4577 802 4644 (1
832 4575 1010 4628 Thess.
1035 4575 1088 4629 5.
1104 4576 1181 4643 8).
1201 4575 1578 4644 Semperrnim
1607 4577 1760 4630 valde
1789 4576 1928 4630 desi-

358 4664 578 4716 derahat
604 4665 828 4718 salutem
853 4678 1073 4717 suorum
1095 4665 1497 4732 discipulorum.
1535 4666 1643 4736 Ego
1662 4669 1851 4719 vinctus
1881 4667 1932 4718 in

358 4752 597 4806 Domino.
625 4753 808 4821 Magna
839 4763 893 4805 et
921 4767 1038 4820 quae
1078 4755 1182 4806 vim
1215 4768 1455 4822 magnam
1485 4755 1644 4808 habet
1680 4755 1929 4822 dignitas,

359 4855 410 4894 et
440 4857 603 4910 regno
633 4850 685 4893 et
711 4840 988 4894 consulatu
1017 4848 1068 4893 et
1087 4841 1362 4910 quibusvis
1390 4843 1508 4895 aliis
1536 4843 1724 4908 major.

431 4932 679 4985 Diadema
708 4929 1354 4996 liizperatorum.Vinctunt
1371 4949 1475 4986 esse
1499 4950 1591 5001 pro
1613 4933 1810 4986 Christo
1829 4948 1936 4986 ma-

358 5027 439 5089 ius
463 5030 691 5092 putatur,
715 5035 865 5087 quam
893 5020 1064 5074 sedere
1091 5037 1122 5073 a
1148 5021 1336 5074 dextris
1369 5024 1498 5091 ejus.
1526 5052 1598 5063 —
1621 5022 1772 5088 Quod
1816 5023 1936 5091 qui-

363 5113 480 5165 :lem
514 5112 641 5163 dii-it
663 5109 822 5164 etiam
859 5111 1099 5165 scribens
1126 5111 1192 5164 ad
1227 5110 1630 5166 Philemonem:
1665 5111 1790 5166 Cum
1840 5113 1936 5166 sim

365 5197 556 5252 Patrius
586 5216 756 5264 senex,
791 5217 925 5254 nunc
947 5212 1112 5255 autem
1137 5203 1330 5256 vinctus
1374 5204 1424 5256 in
1460 5201 1660 5258 Christo
1686 5202 1932 5273 (Phiiem.

360 5292 416 5360 9)
470 5290 609 5343 Nihil
652 5301 733 5344 est
780 5292 920 5344 enim
966 5308 1120 5360 mque
1170 5293 1484 5362 prmrlarum
1530 5303 1688 5364 atque
1722 5293 1932 5348 vincula

365 5391 580 5449 propter
603 5381 895 5446 Christum,
923 5391 1082 5451 atque
1104 5392 1306 5438 catena:
1334 5385 1531 5438 sanctis
1557 5384 1662 5437 illis
1687 5384 1936 5438 manibus

363 5471 643 5537 impositas.
678 5469 925 5524 Vinctum
962 5487 1082 5526 esse
1113 5484 1328 5543 propter
1364 5474 1634 5528 Christum
1682 5484 1766 5528 est
1794 5489 1933 5543 pra:-

360 5559 557 5612 clarius
585 5576 742 5627 quam
789 5576 909 5614 esse
935 5563 1255 5628 apostolum,
1301 5580 1460 5633 quam
1490 5580 1612 5620 esse
1633 5565 1930 5632 doctorem,

361 5662 526 5718 quam,
547 5667 667 5706 esse
689 5655 1089 5727 evangelistam.
1121 5656 1172 5709 Si
1199 5657 1316 5728 quis
1348 5671 1488 5712 amat
1512 5661 1804 5727 Christum,
1832 5677 1930 5714 uo-

2024 2491 2097 2542 vit
2126 2490 2268 2561 quod
2297 2493 2490 2550 dicitur
2521 2513 2534 2548 :
2563 2493 2608 2551 si
2637 2495 2755 2565 quis
2783 2496 2834 2550 in
2869 2494 3149 2549 Dominum
3181 2491 3376 2545 insanit
3403 2499 3458 2545 et
3487 2489 3604 2555 ejus

2025 2600 2207 2642 amore
2231 2587 2420 2652 uritur,
2471 2588 2619 2643 novit
2659 2590 2763 2642 vim
2797 2588 3145 2642 vinculorum.
3193 2583 3435 2639 Maluerit
3483 2595 3605 2636 esse

2026 2676 2232 2732 vinetus
2253 2687 2470 2747 propter
2493 2677 2765 2733 Christum
2794 2694 2955 2746 quam
2987 2679 3232 2732 habitare
3253 2676 3433 2732 cavlas.
3456 2676 3602 2742 Quo-

2028 2766 2108 2820 vis
2129 2782 2260 2820 auro
2287 2767 2678 2835 splendidiores
2705 2769 2784 2823 eis
2805 2767 3122 2823 ostendebat
3151 2780 3358 2830 manus,
3388 2776 3442 2819 et
3466 2777 3603 2833 quo.

2031 2854 2112 2909 vis
2144 2856 2307 2924 regali
2335 2856 2657 2912 diademate.
2693 2857 2806 2912 Non
2835 2859 2976 2912 enim
3008 2866 3116 2912 tam
3158 2855 3496 2925 Splendidum
3524 2855 3604 2909 fa-

2029 2948 2102 3000 cit
2134 2955 2294 3017 caput
2335 2949 2467 3002 vitta
2521 2963 2586 3003 ex
2633 2949 2858 3017 gemmis
2897 2947 3194 3015 composita
3231 2946 3279 3000 ei
3331 2945 3604 3014 imposita,

2027 3051 2184 3106 quam
2227 3047 2414 3091 catena
2457 3039 2629 3093 ferrea
2685 3049 2901 3107 propter
2947 3039 3239 3092 Christum.
3296 3035 3446 3090 Tunc
3491 3044 3608 3090 erat

2028 3127 2187 3196 regiis
2208 3126 2410 3182 :edibus
2429 3142 2613 3184 carcer
2636 3129 2959 3198 praeclarior.
2975 3128 3110 3194 Quid
3137 3127 3256 3181 dlCO
3285 3127 3446 3195 regiis
3469 3126 3602 3178 aedi-

2029 3215 2166 3270 bus?
2188 3217 2305 3285 ipso
2327 3232 2539 3286 quoque
2566 3218 2697 3272 caelo
2723 3235 2735 3269 :
2768 3217 3000 3273 habebat
3024 3218 3166 3272 enim
3194 3217 3425 3270 vinctum
3451 3215 3609 3269 Chri-

2030 3308 2115 3361 sti.
2144 3307 2197 3362 Si
2227 3309 2346 3377 quis
2372 3308 2641 3363 Christum
2671 3309 2878 3378 diligit,
2915 3309 3062 3362 novit
3104 3309 3241 3363 hanc
3268 3307 3603 3377 dignitatem,

2032 3398 2175 3451 novit
2201 3397 2336 3452 hanc
2363 3399 2632 3461 virtutem,
2661 3401 3074 3468 novitquautum
3105 3400 3286 3468 generi
3321 3398 3602 3452 hominum

2030 3488 2101 3540 sit
2126 3486 2498 3556 gratillcatnm,
2526 3488 2666 3558 quod
2700 3499 2918 3558 propter
2943 3490 3114 3558 ipsum
3144 3489 3211 3542 sit
3242 3489 3470 3542 vinctus.
3500 3489 3608 3542 lloc

2032 3577 2255 3632 fortasse
2281 3589 2361 3632 est
2395 3579 2722 3647 praeclarius,
2752 3595 2913 3648 quam
2945 3580 3140 3634 sedere
3169 3595 3195 3632 a
3223 3579 3428 3633 dextris
3455 3580 3604 3647 ejus:

2031 3668 2132 3722 hoc
2152 3678 2233 3723 est
2260 3670 2704 3739 magniﬁcentius,
2739 3686 2896 3738 quam
2920 3671 3112 3726 sedere
3139 3685 3300 3738 super
3318 3669 3605 3723 duodecim

2031 3761 2208 3826 sedes,
2242 3763 2477 3816 vinclum
2505 3777 2624 3817 esse
2664 3771 2879 3832 propter
2907 3761 3198 3816 Christum.
3232 3762 3296 3816 Et
3323 3761 3449 3832 quid
3489 3761 3610 3815 dion

2031 3853 2097 3924 de
2127 3853 2286 3907 rebus
2309 3855 2594 3908 humanis?
2629 3871 2713 3910 me
2743 3855 2903 3923 pudet
2938 3853 3183 3909 conferre
3209 3853 3422 3908 divitias
3447 3864 3502 3908 et
3521 3868 3611 3907 or-

2035 3948 2212 3992 natum
2244 3956 2462 3995 aureum
2491 3957 2612 3996 cum
2655 3944 2897 3998 vinculis.
2943 3943 3047 3999 Sed
3092 3959 3282 4013 magna
3331 3943 3417 3996 illa
3450 3945 3612 3997 missa

2033 4032 2251 4096 faciens,
2283 4033 2441 4087 etiam
2473 4033 2518 4088 si
2549 4049 2633 4089 res
2665 4035 2860 4090 nullam
2896 4035 3116 4089 haberet
3158 4034 3481 4097 mercedem,
3511 4034 3613 4088 hoc

2033 4123 2204 4176 solum
2237 4133 2319 4177 est
2349 4140 2535 4194 magna
2566 4141 2768 4180 merces
2796 4135 2848 4180 et
2893 4125 3159 4180 snflicieus
3214 4127 3610 4188 remuneratio,

2035 4213 2147 4268 haec
2175 4217 2354 4285 gravia
2386 4217 2488 4284 pati
2519 4227 2734 4286 prepter
2762 4231 2887 4270 eum
2907 4218 2992 4284 qui
3019 4226 3244 4268 amatur.
3269 4217 3448 4269 Sciunt
3469 4214 3611 4284 quod

2032 4302 2226 4358 dicitur
2265 4305 2352 4373 qui
2402 4316 2603 4368 amant,
2649 4307 2690 4358 si
2738 4321 2842 4358 non
2876 4307 3061 4370 Deum,
3089 4315 3142 4359 at
3187 4306 3474 4359 homines:
3522 4308 3611 4371 qui

2035 4396 2201 4464 magis
2228 4396 2473 4449 laetantur
2500 4396 2542 4449 si
2565 4396 2701 4448 male
2725 4397 2995 4464 patiuntur
3024 4411 3120 4464 pro
3151 4395 3216 4450 iis
3245 4409 3378 4464 quos
3407 4405 3611 4460 amant,

2034 4498 2189 4552 quam
2226 4484 2268 4537 si
2319 4483 2669 4538 houoreutur.
2715 4485 2824 4539 lloe
2854 4484 3020 4538 sancti
3050 4485 3199 4538 chori
3229 4485 3402 4539 solum
3433 4496 3510 4537 est
3543 4486 3615 4538 in-

2038 4573 2295 4642 telligere,
2326 4574 2711 4642 apostolorum,
2766 4575 3000 4640 inquam.
3054 4574 3185 4627 Audi
3232 4576 3372 4628 enim
3401 4577 3615 4630 beatum

2037 4661 2232 4715 Lucam
2263 4663 2550 4729 dicentem,
2583 4663 2828 4716 Redibant
2855 4665 3175 4734 gaudentesa
3204 4678 3474 4728 conspectu
3497 4683 3617 4717 con-

2037 4753 2160 4816 cilii,
2188 4755 2424 4822 quoniam
2454 4756 2593 4824 digni
2622 4756 2778 4808 habiti
2804 4767 2917 4809 sunt
2941 4773 3032 4824 pro
3057 4757 3256 4807 nomine
3281 4754 3468 4807 Christi
3498 4771 3614 4808 con-

2039 4827 2290 4896 tumeliam
2313 4845 2418 4912 pati
2443 4845 2574 4912 (Act.
2598 4847 2650 4898 5.
2682 4847 2794 4913 41).
2821 4848 2994 4913 Atque
3019 4845 3138 4897 aliis
3166 4844 3383 4914 quidem
3404 4845 3616 4896 videtur

2039 4949 2157 4989 esse
2179 4935 2486 4999 ridiculum,
2517 4937 2560 4990 si
2587 4938 2783 5005 probro
2805 4947 2857 4990 et
2879 4937 3196 4990 contumelia
3213 4950 3332 4990 esse
3345 4937 3616 5004 allectum,

2039 5026 2108 5078 sit
2135 5040 2253 5080 esse
2284 5027 2596 5096 dignitatem
2625 5038 2966 5097 asscquutum
2993 5069 3008 5093 ,
3033 5028 3077 5081 si
3122 5027 3320 5096 probro
3347 5039 3469 5081 esse
3495 5027 3619 5081 aiio-

2040 5123 2203 5178 etum,
2231 5116 2299 5169 sit
2335 5117 2504 5170 laetari
2537 5135 2548 5170 :
2584 5119 2647 5170 iis
2673 5127 2848 5170 autem
2873 5118 2959 5185 qui
2992 5115 3386 5171 sciuntChristi
3408 5118 3620 5170 desidc~

2041 5204 2198 5270 rimn,
2223 5205 2322 5258 hoc
2349 5222 2468 5259 esse
2495 5206 2834 5259 existimatur
2867 5207 3103 5258 omnium
3145 5204 3534 5258 bcatissinuun.
3568 5208 3621 5258 Si

2040 5294 2158 5362 quis
2188 5295 2313 5347 mihi
2345 5295 2561 5348 oll'erret
2595 5304 2760 5348 totum
2799 5296 3010 5356 exulum,
3045 5304 3136 5347 aut
3174 5295 3315 5346 illam
3355 5308 3626 5360 catenam,

2041 5399 2140 5453 ego
2180 5387 2318 5438 illam
2345 5385 2652 5455 prml‘crrem
2697 5402 2710 5436 ε
2749 5386 2792 5438 si
2817 5387 2935 5455 quis
2980 5401 3065 5438 me
3093 5384 3230 5453 apud
3263 5400 3492 5452 superos
3521 5399 3626 5437 cot-

2043 5477 2242 5530 locaret
2263 5493 2381 5530 cum
2405 5477 2626 5545 angelis,
2658 5486 2886 5530 autcum
2919 5475 3085 5529 Paulo
3126 5476 3337 5537 vincto,
3367 5476 3624 5543 eligerem

2041 5580 2310 5619 carcerem
2343 5583 2354 5617 :
2385 5566 2426 5619 si
2455 5567 2576 5635 quis
2607 5582 2691 5619 me
2718 5566 2914 5622 laceret
2950 5579 3114 5618 unum
3155 5578 3219 5614 ex
3267 5564 3632 5620 Potestatibus

2043 5674 2160 5727 qua:
2190 5669 2311 5711 sunt
2338 5659 2478 5712 circa
2511 5658 2696 5726 caelos,
2729 5665 2821 5711 aut
2846 5657 2986 5710 circa
3037 5653 3258 5709 thronos
3283 5691 3300 5720 ,
3339 5663 3434 5710 aut
3466 5657 3629 5712 talem
