3932 6220
347 294 414 350 57
1127 304 1182 358 S.
1223 306 1507 364 JOANNIS
1545 306 2028 363 CIIRYSOSTOMI
2072 308 2387 367 ARGHIEI‘.
2423 311 2977 368 CONSTANTINOP.
3544 314 3617 371 δε

348 414 586 477 ἁλύσεις,
628 414 698 480 ἃς
737 416 1006 474 δεδοίκασι
1046 422 1143 490 μὲν
1169 422 1420 493 δαίμονες
1460 426 1555 479 καὶ
1591 426 1925 496 φρίττουσιν.

346 496 621 553 αἰδοῦνται
645 500 700 554 δέ
715 502 956 571 ἀγγελοι.
975 505 1144 561 Οὐδὲν
1168 507 1376 576 βέλτιον
1396 508 1493 564 τοῦ
1522 510 1709 575 κακῶς
1730 510 1923 563 παθεῖν

347 596 400 631 τι
428 578 514 634 διά
545 582 796 653 Χριστόν.
828 587 938 657 Ούχ
966 588 1107 642 οὕτω
1151 591 1441 663 μακαρίζω
1466 592 1700 657 Παῦλον,
1736 594 1818 646 ὅτι
1846 594 1924 654 είς

350 664 676 747 παράδεισον
712 669 959 741 ἡρπάγη,
1018 673 1095 736 ὡς
1126 675 1209 727 ὄτι
1240 678 1320 739 εἰς
1357 677 1417 729 τὸ
1450 677 1824 747 δεσμωτήριον
1852 678 1937 729 ἐν·

353 744 579 830 Emme"-
617 747 734 821 [54]
758 753 871 824 Οὐχ
891 755 1065 819 οὕτως
1084 758 1246 811 αὐτὸν
1271 744 1580 830 μακαρίζω,
1608 744 1935 830 ὅτιήκουσεν

350 829 564 915 ἄρρητα
591 834 832 905 ῥήματα,
856 840 1025 903 ὡς’δτι
1041 842 1303 912 ὑπέμεινε
1336 844 1405 897 τὰ
1429 829 1605 914 δεσμά
1623 829 1742 915 ὀὐχ
1764 843 1936 907 οὕτως

348 913 513 997 αὐτὸν
564 920 876 991 μακαρίζω,
919 924 1001 976 ὅτι
1037 926 1265 996 ἡρπάγη
1305 930 1388 990 είς
1417 933 1597 997 τρίτον
1632 913 1929 997 οὐρανὸν»

348 996 424 1058 ὡς
450 1002 739 1072 μακαρίζω
775 1003 865 1057 διὰ
889 1006 959 1060 τά
985 1007 1179 1076 δεσμά.
1212 1009 1333 1062 Ὀτι
1369 996 1481 1081 γὰρ
1512 1010 1688 1065 ταῦτα
1708 996 1937 1063 ἐκείνων

351 1081 594 1161 μείζονα,
617 1085 851 1141 ἄκουσον
880 1090 973 1142 καὶ
991 1091 1154 1154 αὐτὸς
1171 1091 1291 1157 πῶς
1314 1092 1476 1147 τοῦτο
1496 1089 1657 1147 οἶδεν.
1674 1092 1809 1146 Ούδέ
1826 1091 1936 1161 γὰρ

349 1157 489 1225 εἷπε,
522 1166 836 1237 Παρακαλῶ
876 1171 1024 1240 ὑμᾶς
1052 1174 1162 1240 ἐγὼ
1191 1177 1219 1228 ὁ
1253 1177 1474 1247 ῥήματα
1510 1178 1726 1249 ἄρρητα
1770 1157 1936 1228 ἀκού-

351 1263 470 1311 σας,
516 1250 652 1304 ἀλλά
679 1253 763 1318 τί;
795 1257 1129 1324 Παρακαλῶ
1168 1259 1325 1329 ὑμᾶς
1365 1259 1480 1330 ἐγὼ
1518 1264 1551 1315 ὀ
1588 1259 1835 1329 δέσμιος
1866 1258 1936 1310 ἐν

351 1332 567 1399 Κυρίῳ.

424 1517 485 1569 Εἰ
508 1516 564 1571 δέ
589 1518 664 1590 μὴ
679 1520 884 1586 πάσαις
903 1522 1062 1578 τοῦτο
1088 1526 1436 1595 προσγράφει
1452 1526 1574 1589 ταῖς
1598 1524 1934 1587 ἐπιστολαῖς,

350 1598 414 1651 ού
449 1600 797 1672 θαυμαστόν·
852 1606 975 1658 ούδέ
1018 1607 1128 1678 γὰρ
1166 1607 1399 1661 πάντοτε
1443 1608 1671 1670 ἐδέδετο,
1715 1607 1831 1661 ἀλλ’
1877 1609 1935 1659 ἐν

352 1682 565 1751 χρόνοις
594 1684 755 1741 τισίν.
792 1688 1163 1758 Αίρετὼτερον
1196 1690 1319 1759 ἐμοὶ
1346 1689 1540 1743 παθεῖν
1578 1689 1767 1752 κακῶς
1795 1688 1936 1759 ὑπὲρ

352 1763 447 1816 τοῦ
482 1766 743 1837 Χριστοῦ,
783 1770 816 1840 ἢ
860 1772 1124 1838 τιμᾶσθαι
1154 1772 1306 1843 παρά
1336 1772 1430 1826 τοῦ
1462 1772 1721 1843 Χριστοῦ.
1766 1772 1938 1825 Τοῦτο

354 1850 568 1918 μεγάλη
600 1852 759 1923 τιμὴ,
792 1853 951 1907 τοῦτο
981 1855 1106 1921 δόξα
1134 1858 1167 1925 ὴ
1202 1856 1379 1910 πάντα
1402 1856 1838 1926 ὑπερϐάλλουσα.
1871 1856 1933 1907 EE

351 1931 512 1996 αὐτὸς
540 1933 606 1986 δι’
637 1936 738 2003 ἐμέ
763 1937 1051 2006 γενόμενος
1081 1939 1285 2003 δοῦλος,
1321 1941 1416 1993 καὶ
1452 1940 1549 2011 τὴν
1581 1939 1739 2004 δόξαν
1766 1938 1937 1992 κενώ-

353 2033 471 2079 σας,
512 2016 610 2087 οὐχ
640 2018 812 2083 οὕτως
846 2023 1031 2091 ἡγεῖτο
1065 2024 1123 2076 ἐν
1156 2023 1282 2095 δόξῃ
1310 2020 1471 2088 εἶναι,
1512 2025 1589 2088 ὡς
1620 2025 1709 2079 ὅτε
1737 2025 1933 2078 ἐσταυ-

355 2097 511 2166 ροῦτο
532 2099 671 2170 ύπέρ
688 2102 845 2170 ἐμοῦ,
868 2104 920 2156 τί
943 2106 1041 2173 ἐμὲ
1061 2105 1254 2160 παθεῖν
1273 2107 1335 2159 οὐ
1361 2106 1475 2174 δεῖ;
1498 2108 1697 2161 ’Ᾱκουε
1717 2106 1827 2178 γάρ
1848 2107 1939 2160 αὐ-

349 2180 444 2233 τοῦ
461 2182 734 2250 λέγοντος.
776 2187 1139 2258 Δόξασόνμε
1158 2189 1261 2255 σὺ,
1284 2190 1495 2258 Πάτερ.
1520 2191 1586 2244 Τί
1604 2190 1787 2260 λέγεις
1808 2209 1823 2257 ;
1845 2191 1938 2245 ἐπὶ

352 2265 589 2335 σταυροῦ
618 2268 726 2338 ἀγῃ
760 2269 898 2337 μετὰ
916 2271 1130 2341 λῃστῶν
1156 2273 1251 2326 καὶ
1280 2274 1683 2346 τυμϐωρύχων,
1712 2275 1805 2328 τὸν
1828 2275 1938 2329 τῶν

351 2347 646 2417 ἐπαράτων
681 2348 1009 2417 ὑφίστασθαι
1043 2354 1293 2419 θάνατον,
1344 2356 1688 2425 ἐμπτύεσθαι
1725 2356 1939 2427 μέλλεις

352 2429 446 2483 καὶ
470 2428 819 2499 ῥαπίζεσθαι,
844 2432 1130 2487 καὶταῦτα
1154 2436 1312 2501 δόξαν
1342 2437 1557 2501 καλεῖς;
1580 2434 1709 2504 Ναὶ,
1734 2439 1899 2510 φησίν
1924 2458 1937 2471 σ

352 2510 495 2581 ὑπὲρ
516 2510 625 2583 γὰρ
650 2512 758 2566 τῶν
789 2513 1131 2585 φιλουμένων
1154 2518 1265 2585 ἐγὼ
1287 2517 1481 2588 πάσχω
1512 2519 1708 2586 ταῦτα,
1733 2521 1826 2574 καὶ
1847 2539 1939 2576 τα-

351 2592 448 2647 νῦν
472 2593 631 2659 δόξαν
643 2596 782 2650 αὐτὰ
805 2597 1067 2668 ἡγοῦμαι.
1094 2601 1158 2654 El
1178 2603 1206 2654 ό
1229 2601 1354 2665 τοὺς
1379 2603 1632 2674 οἰκτροὺς
1648 2604 1743 2658 καὶ
1762 2605 1941 2658 ταλαι-

352 2675 572 2747 πώρους
597 2678 1027 2750 φιλήσας,δόξαν
1047 2682 1105 2736 τὸ
1134 2686 1366 2754 πρᾶγμα
1391 2685 1569 2750 καλεῖ,
1586 2686 1682 2740 καὶ
1713 2687 1774 2741 ού
1797 2687 1859 2740 τὸ
1881 2689 1940 2742 ἐν

351 2758 432 2831 τῷ
448 2760 623 2832 θρόνῳ
638 2757 777 2817 εἶναι
804 2764 883 2835 τῷ
908 2766 1185 2837 πατρικῷ,
1215 2767 1338 2822 ούδέ
1364 2769 1424 2822 τὸ
1453 2769 1512 2820 ἐν
1540 2771 1605 2840 τῇ
1626 2768 1774 2841 δόξῃ,
1802 2769 1941 2824 άλλά

351 2843 415 2897 τὸ
452 2845 511 2898 ἐν
544 2845 739 2918 ἀτιμία
776 2846 903 2911 δόξα
938 2843 1028 2919 ἦν,
1067 2850 1163 2903 καὶ
1193 2850 1351 2904 τοῦτο
1390 2851 1601 2905 ἐκείνου
1639 2853 1939 2923 προετίθει,

353 2926 537 2997 πολλῷ
570 2929 771 2998 μᾶλλον
809 2929 921 2998 ἐγὼ
950 2930 1125 2986 ταῦτα
1151 2932 1354 3001 ὀφείλω
1386 2933 1545 2998 δόξαν
1575 2934 1849 3005 ἡγεῖσθαι.
1878 2938 1942 2989 Ὢ

353 3009 462 3065 τῶν
496 3012 781 3084 μακαρίων
819 3012 1054 3085 δεσμῶν,
1083 3014 1129 3068 ὣ
1162 3015 1269 3070 τῶν
1301 3017 1585 3088 μακαρίων
1622 3016 1839 3088 χειρῶν,
1875 3019 1943 3081 ἃς

355 3093 717 3166 ἐκόσμησενή
748 3095 939 3161 ἆλυσις
966 3098 1171 3170 ἐκείνη.
1201 3099 1316 3152 Οὐκ
1336 3095 1478 3171 ἦσαν
1500 3102 1642 3154 οὕτω
1671 3100 1851 3171 τίμιαι
1885 3102 1941 3155 αἱ

354 3180 537 3249 χεῖρες
564 3180 780 3236 Παύλου
810 3180 901 3235 τὸν
934 3182 1106 3252 χωλὸν
1130 3181 1223 3236 τὸν
1256 3183 1314 3236 ἐν
1340 3183 1610 3255 Λύστροις
1635 3185 1943 3254 ἀναστήσα-

356 3277 448 3314 σαι
472 3262 568 3315 καὶ
582 3262 980 3333 ἐγείρασαι,ῶς
1018 3265 1089 3318 τὰ
1112 3264 1288 3335 δεσμὰ
1309 3267 1714 3338 περικείμεναι.
1741 3268 1805 3321 EI
1821 3269 1941 3322 κατ’

356 3344 598 3409 ἐκείνους
620 3346 748 3409 τοὺς
776 3346 1001 3418 χρόνους
1018 3343 1086 3419 ἦν
1107 3347 1237 3416 ἐγὼ,
1268 3347 1391 3403 τότε
1415 3348 1483 3403 ἂν
1516 3349 1751 3421 μάλιστα
1772 3350 1943 3414 αύτάς

338 3430 827 3501 -περιεπτυξάμην,
849 3431 944 3485 καὶ
973 3433 1068 3485 ἐπὶ.
1095 3431 1197 3497 τὰς
1225 3433 1394 3503 κόρας
1423 3434 1599 3504 ἔθηκα
1630 3436 1729 3499 τὰς
1766 3436 1941 3506 ἐμάςέ

356 3512 456 3565 οὐκ
472 3511 802 3583 ἐπαυσάμην
822 3513 1138 3582 καταφιλῶν
1152 3516 1339 3587 χεῖρας
1353 3516 1786 3581 καταξιωθείσας
1802 3519 1943 3588 ὑπὲρ

354 3592 452 3645 τοῦ
482 3594 753 3648 Δεσπότου
790 3594 1010 3664 δεθῆναι
1038 3595 1133 3648 τοῦ
1161 3597 1319 3666 ἐμοῦ.
1359 3597 1676 3668 Θαυμάζεις
1704 3601 1940 3666 Παῦλον,

357 3675 448 3727 ὅτε
492 3675 735 3746 καθῆψεν
788 3674 956 3729 αὐτοῦ
992 3677 1027 3747 ἡ
1076 3677 1191 3746 ἐχις
1232 3679 1335 3747 τῆς
1387 3681 1591 3751 χειρὸς,
1647 3683 1743 3735 καὶ
1791 3684 1944 3738 οὐδὲν

359 3757 584 3825 ἐποίησε
606 3776 620 3823 ;
651 3757 742 3827 Μὴ
766 3757 1055 3830 θαυμάσῃς
1073 3773 1087 3787 '
1118 3759 1320 3831 ᾐδέσθη
1342 3761 1452 3832 γὰρ
1469 3762 1567 3834 τὴν
1585 3763 1776 3818 άλυσιν
1805 3781 1818 3796 ·
1848 3766 1944 3820 καὶ

361 3841 602 3895 θάλαττα
614 3841 669 3894 δὲ
693 3840 887 3911 ὁλόκλη
897 3858 990 3917 ρος
1002 3841 1208 3913 ταύτην
1228 3844 1409 3914 ᾐδεῖτο
1424 3862 1439 3879 ·
1454 3846 1575 3899 τότε
1587 3846 1697 3918 γάρ
1709 3848 1940 3904 ἐδέδετο.

362 3926 429 3978 Et
464 3924 549 3988 τίς
597 3943 686 3992 μοι
727 3926 955 3996 νεκροὺς
985 3925 1184 3979 ἔδωκεν
1235 3928 1540 3999 ἀναστῆσαι
1576 3930 1694 3993 νῦν,
1725 3932 1826 3985 οὐκ
1878 3931 1943 3987 ἂν

360 4007 517 4061 τοῦτο
540 4008 784 4079 είλόμην,
810 4008 949 4062 ἀλλὰ
976 4010 1077 4078 τὴν
1100 4010 1289 4064 ἆλυσιν
1313 4030 1326 4043 υ
1357 4013 1406 4065 εί
1431 4012 1541 4065 τῶν
1562 4013 1943 4084 ἐκκλησιαστι-

361 4092 474 4144 κῶν
509 4092 806 4163 φροντίδων
835 4093 994 4157 ἐκτδς
1024 4093 1196 4164 ἥμην,
1233 4096 1326 4149 καὶ
1357 4094 1420 4149 τὸ
1463 4096 1625 4166 σῶμα
1667 4096 1943 4168 εὔρωστον

362 4171 527 4244 εἶχον,
551 4176 652 4229 ούκ
671 4175 736 4229 ἂν
754 4176 1162 4248 παρῃτησάμην
1186 4178 1496 4250 ἀποδημίαν
1518 4179 1790 4251 τοσαύτην
1808 4182 1962 4252 ποιή-

364 4257 558 4311 σασθαι
583 4258 723 4327 ὑπὲρ
742 4258 835 4311 τοῦ
865 4259 964 4323 τὰς
987 4259 1205 4323 ἁλύσεις
1236 4260 1396 4331 μόνον
1424 4263 1574 4324 ίδεῖν,
1603 4263 1742 4333 ὑπὲρ
1766 4262 1861 4317 τοῦ
1882 4266 1944 4318 τὸ

360 4338 734 4411 δεσμωτήριον
756 4340 885 4395 ἔνθα
907 4341 1134 4397 ἐδέδετο.
1169 4343 1363 4397 Καίτοι
1388 4344 1484 4399 καὶ
1513 4345 1621 4399 τῶν
1645 4346 1942 4415 θαυμάτων

363 4424 529 4477 αὐτοῦ
553 4423 722 4477 πολλὰ
743 4426 1021 4496 πανταχοῦ
1053 4429 1258 4498 σημεῖα
1284 4429 1568 4499 τυγχάνει,
1592 4428 1709 4483 ἀλλ’
1730 4430 1828 4499 οὐχ
1850 4428 1943 4483 οῦ-

360 4523 468 4569 τως
494 4507 611 4561 ἐστὶ
640 4507 884 4567 ποθεινὰζ
912 4511 989 4571 ὠς
1009 4510 1080 4563 τὰ
1098 4510 1206 4562 τῶν
1237 4511 1573 4582 στιγμάτων.
1608 4514 1719 4567 Καὶ
1738 4514 1798 4566 ἐν
1824 4515 1944 4576 ταῖς

361 4592 606 4661 Γραφαῖς
635 4591 692 4645 δέ
719 4592 819 4662 ούχ
848 4591 994 4646 οὕτω
1026 4610 1092 4662 με
1122 4593 1406 4663 εὐφραίνει
1435 4593 1691 4666 θαύματα
1718 4597 1945 4668 ἐργαζό-

362 4690 546 4743 μενος,
576 4672 653 4734 ὡς
684 4673 911 4742 πάσχων
938 4673 1145 4737 κακῶς,
1172 4676 1589 4744 μαστιζόμενος,
1619 4678 1939 4749 συρόμενος.

365 4757 573 4817 Ὄντως
604 4754 895 4825 θαυμαστὰ
915 4755 1010 4808 καὶ⁵
1028 4755 1097 4808 τά
1121 4755 1214 4809 τοῦ
1238 4757 1448 4827 χρωτὸς
1469 4758 1728 4830 σουδάρια
1757 4760 1944 4814 καὶτὰ

362 4835 702 4907 σημικίνθια,
749 4834 1029 4908 παράδοξα
1060 4837 1405 4910 ἐργαζόμενα
1425 4857 1437 4870 ·
1474 4840 1589 4894 ἀλλ’
1621 4842 1683 4895 ού
1720 4841 1944 4896 τοιαῦτα

361 4916 449 4974 οἷα
473 4921 679 4976 ἐκεῖνα.
716 4920 1031 4989 Δείραντες
1058 4920 1268 4985 αὑτὸν,
1313 4921 1471 4991 φησι,
1512 4921 1611 4976 καί
1638 4922 1940 4990 ἐπιθέντες

363 5006 596 5070 πολλὰς
636 5001 753 5076 [55]
794 5000 1055 5073 πληγὰς,
1093 5002 1319 5058 ἔϐαλον
1346 5006 1435 5071 εις
1479 5004 1801 5074 φυλακήνο
1850 5009 1945 5061 καὶ

362 5086 547 5150 πάλιν,
595 5085 911 5156 Δεδεμένοι
952 5084 1189 5156 ὕμνουν
1227 5085 1336 5140 τὸν
1376 5088 1562 5143 Θεόν·
1615 5088 1709 5142 καὶ
1757 5088 1942 5158 πάλιν,

363 5167 735 5233 Λιθάσαντες
761 5168 970 5233 αὑτὸν,
1005 5168 1231 5238 ἔσυρον
1262 5168 1381 5235 ἔξω
1404 5168 1514 5239 τῆς
1552 5172 1805 5240 πόλεως,
1840 5190 1944 5228 νο-

361 5251 653 5317 μίσαντες
684 5250 871 5304 αὐτὸν
899 5251 1199 5307 τεθνάναι.

437 5431 698 5485 Βούλεσθε
726 5431 920 5500 μαθεῖν
946 5435 1069 5489 ὅσον
1093 5436 1243 5490 ἐστὶν
1265 5437 1456 5501 άλυσις
1483 5436 1680 5509 σιδηρᾶ
1704 5438 1791 5492 διά
1814 5441 1946 5511 Χρι-

368 5516 491 5569 στὸν
520 5512 881 5586 περικειμένη
926 5514 1141 5585 σώματι
1170 5519 1432 5590 δουλικῴ;
1467 5520 1739 5575 ἀκούσατε
1781 5523 1946 5577 αὐτοῦ

364 5598 458 5653 τοῦ
491 5598 727 5668 Χριστοῦ
754 5598 1025 5667 λέγοντος,
1055 5600 1342 5669 Μακάριοι
1367 5604 1528 5659 ἐστε.
1564 5605 1662 5669 Τίς
1701 5606 1828 5659 ὅταν
1858 5624 1946 5660 νε-

430 5823 455 5852 ⁸
482 5818 635 5883 Unus,
666 5820 730 5877 εἰς
751 5821 905 5885 τρίτον
928 5823 1214 5886 παράδεισον
1238 5823 1316 5870 τὸν
1341 5823 1549 5886 οὐρανόν.

2041 427 2202 494 κροὺς
2220 427 2560 500 άναστήσητε
2581 447 2594 493 ;
2616 428 2751 500 Οὐχί
2767 444 2781 461 ’
2798 427 2934 481 ἀλλά
2950 426 3003 479 τί
3022 441 3038 489 ;
3056 425 3186 480 ὅταν
3204 426 3437 495 τυφλοὺς
3459 430 3620 501 θεραο

2040 508 2313 579 πεύσητε;
2353 511 2655 582 Οὐδαμῶς·
2700 511 2838 566 ἀλλὰ
2874 510 2963 575 τί;
3009 510 3197 563 Ὅταν
3232 510 3620 569 ὀνειδίσωσιν

2037 590 2211 658 ὑμᾶς,
2234 594 2331 646 καὶ
2359 592 2634 662 διώξωσι,
2656 597 2752 648 καὶ
2780 594 2996 648 εἴπωσι
3017 590 3140 647 πᾶν
3155 593 3620 664 πονηρὸνρῆμα,

2036 674 2398 743 ψευδόμενοι
2421 678 2551 731 καθ’
2568 676 2739 746 ὑμῶν
2765 676 2976 730 ἕνεκεν
2990 675 3157 743 ἐμοῦ.
3183 675 3245 727 El
3270 675 3326 728 δὲ
3346 676 3409 729 τὸ
3434 677 3622 742 κακῶς

2037 754 2269 811 ἀκοῦσαι
2301 756 2445 812 οὓτω
2471 762 2617 812 ποιεῖ
2645 758 2969 829 μακαρίους,
3021 756 3083 809 τὸ
3113 757 3301 821 κακῶς
3325 757 3542 825 παθεῖν,
3567 760 3623 813 τί

2037 838 2137 892 οὐκ
2149 838 2214 894 ἂν
2224 842 2524 912 εἰργάσατο
2541 843 2570 884 δ
2590 859 2605 908 ;
2625 844 2826 897 Ἀκουε
2841 840 3006 896 αὐτοῦ
3019 838 3115 894 τοῦ
3142 842 3419 913 μακαρίου
3429 842 3624 897 τούτου

2038 920 2285 989 λέγοντος
2314 923 2545 995 ἀλλαχοῦ
2572 940 2587 956 ο
2616 926 2844 981 Λοιπὸν
2875 923 3186 980 ἀπόκειταί
3203 942 3305 992 μοι
3335 928 3369 979 ὁ
3400 923 3511 994 τῆς
3532 924 3624 980 δι-

2038 1007 2371 1075 καιοσύνης
2402 1007 2727 1078 στέφανος.
2780 1009 2943 1063 Ἀλλὰ
2978 1007 3075 1061 τοῦ
3118 1010 3386 1077 στεφάνου
3425 1009 3624 1063 τούτου

2038 1086 2416 1161 λαμπρότερος
2435 1094 2463 1146 ό
2482 1091 2701 1163 δεσμός.
2732 1091 2935 1145 Τούτου
2982 1107 3050 1161 με
3080 1090 3432 1157 καταξιώσει,
3461 1093 3622 1163 φησι,

2038 1170 2133 1223 καὶ
2168 1172 2319 1225 οὐδὲν
2347 1173 2489 1244 ὑπὲρ
2516 1174 2743 1230 ἐκείνων
2779 1172 3265 1243 ἀκριϐολογοῦμαι.
3308 1173 3498 1244 ’Δρκεῖ
3530 1191 3623 1238 μοι

2037 1252 2175 1322 πρὸς
2198 1257 2378 1309 πᾶσαν
2402 1258 2672 1313 ἀντίδοσιν
2697 1258 2757 1311 τὸ
2778 1258 2972 1312 παθεῖν
2991 1256 3180 1321 κακῶς
3208 1255 3299 1311 διὰ
3323 1257 3416 1311 τὸν
3444 1259 3623 1328 Χρισο

2035 1334 2148 1391 τόν.
2180 1336 2326 1391 Δότω
2345 1356 2435 1409 μοι
2453 1339 2789 1410 φθέγξασθαι
2825 1341 3023 1405 ἐκεῖνο,
3052 1339 3630 1408 δτιἋνταναπληρῶ

2036 1418 2110 1472 τὰ
2134 1420 2519 1491 ὑστερήματα
2557 1424 2678 1477 τῶν
2703 1424 2973 1491 θλίψεων
3007 1422 3117 1477 τοῦ
3148 1422 3414 1491 Χριστοῦ
3443 1424 3517 1478 ἐν
3546 1422 3629 1492 τῇ

2035 1502 2220 1569 σαρκί
2237 1520 2378 1572 μου,
2403 1506 2500 1559 καὶ
2530 1506 2748 1570 οὐδενὸς
2776 1506 2989 1579 δέομαι.
3030 1505 3361 1578 Κατηξιώθη
3387 1506 3484 1560 καὶ
3514 1507 3625 1561 Πέο

2036 1600 2164 1653 τρος
2180 1585 2385 1657 ταύτης
2407 1588 2504 1658 τῆς
2533 1589 2777 1653 ἁλύσεως
2795 1604 2811 1619 ·
2839 1584 2948 1642 Ἦν
2972 1589 3102 1660 γὰρ,
3122 1589 3277 1659 φησὶ,
3314 1589 3620 1660 δεδεμένος,

2038 1668 2133 1720 καὶ
2166 1669 2601 1741 παραδεδομένος
2638 1671 3021 1743 στρατιώταις,
3044 1674 3141 1727 καὶ
3174 1672 3487 1727 ἐκάθευδεν.
3513 1671 3624 1725 οῦ-

2037 1766 2146 1814 τως
2192 1751 2402 1822 ἔχαιρε,
2444 1755 2538 1808 καὶ
2568 1756 2669 1810 οὐκ
2705 1757 2883 1827 ήλγει,
2910 1756 2986 1820 ὡς
3015 1757 3110 1810 καὶ
3147 1756 3432 1811 καθεύδειν
3461 1772 3478 1788 ·
3522 1757 3624 1811 οὐκ

2037 1846 2104 1901 ἄν
2136 1848 2191 1901 δέ
2219 1849 2381 1903 αὑτὸν
2415 1850 2581 1919 βαθὺς
2620 1851 2787 1916 ὕπνος
2812 1850 2978 1923 εἶχεν,
3010 1853 3064 1906 εῖ
3094 1868 3160 1920 γε
3190 1852 3249 1904 ἐν
3284 1849 3526 1921 φροντίδι
3555 1843 3628 1920 ἦν

2040 1930 2227 2003 πολλῇ.
2273 1933 2561 1988 Ἐκάθευδε
2601 1936 2803 2006 μεταξὺ
2844 1936 3191 2004 στρατιωτῶν
3217 1933 3292 1988 ῶν
3317 1951 3331 1965 ⁸
3373 1936 3470 1989 καὶ
3519 1935 3621 2002 ἆγ-

2037 2014 2195 2083 γελος
2242 2012 2375 2086 ἦλθε
2422 2018 2557 2090 πρὸς
2611 2020 2795 2086 αὐτὸν,
2850 2021 2946 2074 καὶ
2991 2020 3239 2084 πατάξας
3297 2017 3465 2074 αὐτοῦ
3524 2017 3625 2087 τὴν

2039 2098 2303 2170 πλευράν,
2348 2101 2590 2172 ἦγειρεν.
2632 2101 2702 2156 Εἴ
2724 2119 2809 2166 τις
2842 2103 3022 2156 τοίνυν
3053 2099 3178 2156 εἶπέ
3216 2120 3326 2172 μοι,
3368 2101 3433 2155 Τί
3464 2099 3622 2153 ἐϐού-

2038 2179 2159 2246 λου;
2189 2181 2422 2251 ἄγγελος
2446 2180 2586 2239 εἶναι
2614 2187 2642 2239 ό
2673 2184 2879 2253 Πέτρον
2919 2185 3107 2252 νύξας,
3137 2185 3171 2256 ἢ
3207 2187 3412 2256 Πέτρος
3445 2185 3474 2237 ό
3503 2182 3621 2236 δια-

2042 2263 2264 2331 σωθείςς
2307 2266 2513 2338 Πέτρος
2559 2267 2626 2322 ἂν
2671 2267 2896 2339 εἱλόμην
2930 2268 3205 2337 γενέσθαι,
3261 2268 3328 2321 δι’
3368 2266 3428 2321 δν
3461 2267 3560 2320 καὶ
3595 2264 3626 2316 ό

2038 2345 2272 2414 ἄγγελος
2303 2346 2489 2420 ἦλθεν.
2538 2350 2682 2420 Ἐγὼ
2711 2351 2820 2405 τῶν
2849 2351 3069 2422 δεσμῶν
3101 2352 3335 2422 ὀναίμην
3376 2351 3622 2404 ἐκείνων.

2039 2430 2151 2482 Καὶ
2172 2429 2311 2491 πῶς,
2338 2434 2526 2502 φησὶν.
2553 2433 2630 2497 ὡς
2659 2433 2912 2504 μεγάλων
2944 2434 3135 2489 κακῶν
3165 2433 3501 2501 ἀπαλλαγεὶς
3532 2431 3623 2485 εῦ-

2040 2529 2225 2582 χεται;
2254 2514 2346 2584 Μὴ
2372 2515 2658 2587 θαυμάσῃς
2676 2533 2690 2549 ·
2715 2515 2937 2587 εὔχεται
2958 2516 3089 2590 γάρ,
3120 2515 3373 2579 δεδοικὼς
3397 2515 3473 2587 μὴ
3495 2516 3627 2568 ἀπο-

2041 2595 2197 2667 θάνῃ.
2238 2596 2312 2648 Τὸ
2339 2597 2397 2650 δὲ
2434 2597 2730 2654 ἀποθανεῖν
2767 2600 3027 2655 ἐδεδοίκει
3067 2599 3157 2653 διὰ
3214 2599 3274 2652 τὸ
3325 2598 3405 2652 ἔτι
3439 2597 3627 2668 βούλε-

2042 2679 2167 2733 σθαι
2199 2680 2363 2735 αὐτὸν
2403 2682 2499 2753 τὴν
2528 2682 2673 2754 ζωὴν
2722 2679 2864 2738 εἶναι
2906 2683 3164 2738 ὑπόθεσιν
3197 2682 3305 2736 τῶν
3357 2680 3547 2737 παθῶν
3570 2691 3622 2731 ο.

2044 2761 2312 2816 ⁸Ἄκουσον
2368 2764 2498 2831 γοῦν
2550 2767 2643 2819 καὶ
2691 2766 2855 2829 αὐτὸς
2900 2766 2933 2819 ὁ
2983 2766 3255 2836 μακάριος
3299 2763 3515 2827 Παῦλος
3569 2762 3623 2816 τί

2042 2860 2206 2914 φησι;
2244 2845 2314 2900 Τὸ
2340 2847 2647 2903 ἀναλῦσαι
2670 2849 2769 2903 καὶ
2803 2849 2928 2903 σὺν
2948 2847 3179 2918 Χριστῷ
3212 2845 3386 2912 εἶναι,
3413 2845 3628 2910 πολλῷ

2034 2925 2278 2994 μᾶλλον
2294 2928 2605 2997 κρεῖσσον,
2623 2931 2690 2984 τὸ
2703 2931 2769 2985 δὲ
2779 2932 3147 3001 παραμένειν
3162 2929 3235 2999 τῇ
3252 2929 3429 2999 σαρκὶ
3446 2930 3626 2999 ἀναγ-

2041 3009 2355 3078 καιότερον
2366 3010 2441 3065 δι’
2454 3010 2805 3081 ὺμᾶς.Τοῦτο
2817 3016 2908 3067 καὶ
2927 3013 3086 3084 χάριν
3117 3012 3342 3066 ἐκάλεσε
3360 3011 3591 3082 γράφων
3610 3026 3622 3038 ’

2056 3091 2380 3162 Ἐ’χαρίσθη
2412 3094 2520 3165 γὰρ
2543 3096 2703 3164 ὑμῖν,
2732 3097 2917 3166 φησὶν,
2947 3096 3063 3150 ἀπὸ
3103 3094 3211 3149 τοῦ
3241 3093 3520 3163 Χριστοῦ,
3552 3094 3629 3146 οὐ

2036 3175 2229 3243 μόνον
2254 3177 2322 3229 τὸ
2350 3180 2437 3243 είς
2466 3179 2656 3232 αὑτὸν
2683 3181 3012 3243 πιστεύειν,
3046 3178 3214 3243 ἀλλὰ⁴
3233 3179 3332 3232 καί
3370 3177 3436 3231 τὸ
3467 3176 3627 3243 ὑπὲρ

2040 3258 2228 3312 αὐτοῦ
2266 3258 2548 3328 πάσχειν.
2581 3262 2745 3316 Ὥστε
2776 3262 2937 3316 τοῦτο
2971 3261 3181 3315 ἐκείνου
3218 3261 3405 3335 μεῖζόν
3437 3261 3625 3313 ἐστιν*

2042 3340 2335 3411 ἐχαρίσατο
2366 3342 2497 3414 γάρ.
2533 3345 2739 3408 Ὄντως
2766 3345 2883 3397 ἐστί
2914 3344 3073 3415 χάρις
3108 3343 3360 3415 μεγίστη,
3389 3340 3485 3395 καὶ
3516 3357 3624 3394 πα-

2045 3422 2153 3475 σῶν
2190 3422 2397 3477 τούτων
2446 3424 2672 3494 μείζων,
2705 3426 2800 3479 τοῦ
2834 3426 2925 3480 τὸν
2956 3428 3110 3498 ἥλιον
3149 3427 3348 3496 στῆσαι
3392 3425 3488 3479 καὶ
3524 3423 3628 3495 τὴν

2046 3504 2298 3577 σελήνην,
2345 3507 2438 3561 τοῦ
2465 3507 2555 3561 τὸν
2585 3509 2792 3579 κόσμον
2818 3510 3039 3581 κινῆσαι
3062 3525 3078 3543 ο
3113 3508 3271 3562 τοῦτο
3312 3508 3499 3579 μεῖξον
3533 3505 3629 3559 τοῦ

2041 3589 2312 3660 δαιμόνων
2338 3591 2633 3661 κρατῆσαι,
2657 3592 2690 3664 ἢ
2711 3593 2985 3647 ἀπελάσαι
3015 3593 3293 3664 δαίμονας.
3318 3591 3432 3661 Ούχ
3454 3589 3629 3653 οὕτως

2042 3670 2301 3740 ἀλγοῦσιν
2333 3674 2531 3727 ἐκεῖνοι
2563 3676 2744 3729 πίστει
2773 3678 2838 3747 τῇ
2886 3677 3014 3747 παρ’
3049 3676 3208 3747 ήμῶν
3254 3673 3627 3744 ἐλαυνόμενοι,

2041 3754 2118 3818 ὡς
2161 3756 2291 3810 ὅταν
2339 3758 2487 3827 ἡμᾶς
2537 3758 2687 3811 ῐδωσι
2736 3758 2907 3812 κακόν
2939 3776 2994 3812 τι
3038 3760 3352 3829 πάσχοντας
3400 3756 3489 3810 διὰ
3533 3758 3627 3810 τὸν

2044 3836 2300 3908 Χριστὸν,
2326 3837 2422 3891 καὶ
2447 3838 2848 3910 δεσμουμένους
2875 3857 2889 3871 ’
2922 3841 3144 3911 μείζονα
3167 3841 3277 3911 γάρ
3300 3838 3460 3893 τοῦτο
3483 3840 3630 3893 ποιεῖ

2042 3919 2140 3991 τὴν
2170 3920 2505 3992 παρρησίαν.
2553 3924 2627 3976 Οὐ
2654 3923 2742 3978 διὰ
2770 3923 2929 3978 τοῦτο
2967 3924 3131 3979 καλὸν
3158 3924 3219 3977 τὸ
3259 3921 3506 3977 δεδέσθαι
3539 3922 3627 3975 διὰ

2041 4003 2135 4056 τὸν
2190 4001 2448 4071 Χριστὸν,
2501 4004 2586 4058 δτι
2638 4005 2918 4075 βασιλείαν
2965 4006 3219 4079 προξενεῖ
3255 4007 3316 4059 τὸ
3366 4007 3623 4079 πρᾶγμα.

2044 4084 2160 4137 ἀλλ’
2184 4084 2265 4137 δτι
2291 4084 2379 4137 διὰ
2407 4086 2498 4139 τὸν
2528 4088 2764 4157 Χριστὸν
2792 4090 3000 4157 γίνεται
3021 4106 3035 4121 ⁸
3068 4092 3130 4143 οὐ
3160 4089 3249 4144 διὰ
3266 4088 3427 4143 τοῦτο
3447 4106 3627 4159 μακαο

2047 4166 2182 4238 ρίζω
2221 4169 2348 4231 τοὺς
2387 4168 2642 4238 δεσμοὺς,
2680 4172 2762 4225 ὅτι
2805 4173 2886 4236 εἰς
2926 4172 3020 4227 τὸν
3052 4174 3283 4245 οὐρανὸν
3326 4174 3625 4243 παραπέμ-

2043 4266 2259 4316 πουσιν,
2297 4250 2413 4305 ἀλλ’
2454 4253 2537 4306 ὄτι
2568 4252 2655 4306 διά
2688 4254 2779 4308 τδν
2822 4256 3103 4327 Δεσπότην
3130 4254 3227 4309 τοῦ
3259 4252 3499 4326 ούρανοῦ
3539 4252 3625 4322 γε·

2042 4351 2242 4389 νονται.

2118 4500 2234 4573 [56]
2254 4502 2422 4554 Πόσον
2437 4501 2613 4573 καύχη
2624 4522 2699 4574 μα
2716 4504 2935 4571 εἰδέναι,
2952 4505 3137 4559 ὅτιδιά
3154 4507 3245 4559 τὸν
3258 4505 3495 4577 Χριστὸν
3515 4503 3630 4558 ἐδέ-

2044 4583 2141 4652 θης
2171 4585 2309 4654 πόση
2332 4585 2514 4656 ἡδονὴ,
2538 4587 2678 4658 πόση
2710 4588 2867 4658 τιμὴ,
2889 4589 3030 4658 πόση
3051 4590 3409 4661 λαμπρότης;
3444 4589 3628 4643 Ἐϐου-

2044 4664 2214 4736 λόμην
2242 4665 2534 4732 διαπαντὸς
2562 4669 2735 4723 ταῦτα
2768 4670 3100 4739 φθέγγεσθαι
3126 4689 3142 4704 ο
3177 4672 3479 4743 ἐϐουλόμην
3506 4672 3627 4743 ἐχε·

2046 4749 2168 4802 σθαι
2200 4752 2297 4819 τῆς
2324 4750 2600 4815 ἀλύσεως·
2637 4753 2960 4824 ἐϐουλόμην,
3002 4757 3049 4807 εί
3082 4757 3177 4809 καὶ
3222 4754 3301 4826 τῷ
3340 4755 3628 4826 πράγματι

2043 4831 2446 4904 ἀπεστέρημαι,
2495 4834 2631 4888 ἀλλά
2668 4835 2747 4905 τῷ
2793 4836 2938 4907 λόγῳ
2976 4838 3284 4909 περιθεῖναι
3306 4839 3407 4909 τὴν
3436 4838 3627 4892 άλυσιν

2041 4916 2109 4985 τῇ
2139 4913 2284 4985 ψυχῇ
2313 4915 2401 4970 διὰ
2421 4916 2519 4987 τῆς
2543 4917 2856 4983 διαθέσεως.
2898 4920 3205 4990 Ἐσείσθη,
3238 4922 3396 4994 φησι,
3441 4923 3507 4976 τὸ
3530 4921 3629 4976 δε-

2044 4998 2383 5067 σμωτήριον
2430 4999 2753 5070 δεδεμένου
2808 5004 3054 5059 Παύλου
3073 5045 3089 5070 ,
3139 5004 3240 5059 καὶ
3277 5004 3524 5059 πάντων
3556 5006 3630 5061 τὰ

2043 5082 2235 5152 δεσμὰ
2269 5083 2496 5153 ἀνείθη.
2531 5080 2684 5149 Εἶδες
2730 5085 2946 5157 δεσμῶν
2996 5087 3160 5158 φύσιν
3188 5088 3258 5144 τά
3294 5088 3474 5159 δεσμά
3508 5090 3633 5144 ἀνα-

2044 5165 2277 5220 λύουσαν
2298 5166 2537 5240 ;”Ωσπερ
2554 5167 2663 5241 γὰρ
2676 5171 2704 5223 ό
2722 5169 2818 5223 τοῦ
2836 5170 3041 5239 Κυρίου
3054 5171 3285 5235 θάνατος
3295 5172 3386 5225 τὸν
3400 5172 3630 5227 θάνατον

2045 5249 2411 5314 ἐθανάτωσεν,
2436 5249 2577 5303 οὕτω
2609 5252 2704 5305 καὶ
2725 5252 2794 5307 τά
2820 5252 3035 5307 Παύλου
3060 5253 3238 5325 δεσμά
3263 5255 3392 5320 τοὺς
3419 5255 3628 5325 δεσμώ-

2044 5350 2145 5396 τας
2185 5333 2365 5398 ἒλυσε,
2396 5333 2458 5385 τὸ
2492 5332 2865 5405 δεσμωτήριον
2905 5334 3105 5400 ἔσεισε,
3153 5335 3252 5400 τάς
3307 5336 3482 5409 θύρας
3531 5339 3627 5392 ἀν-

2048 5416 2182 5486 έῳξε
2203 5432 2217 5448 ο
2252 5415 2431 5469 καίτοι
2479 5416 2577 5487 οὐχ
2611 5414 2752 5486 αὕτη
2796 5417 2907 5471 τῶν
2942 5418 3158 5489 δεσμῶν
3187 5421 3220 5490 ἠ
3255 5419 3418 5488 φύσις
3459 5422 3629 5484 ἐστὶν,

2046 5497 2161 5552 ἀλλ’
2192 5500 2226 5567 ἡ
2253 5497 2490 5564 ἐναντία,
2525 5498 2775 5569 κατέχειν
2807 5501 2866 5555 ἐν
2900 5502 3169 5573 ἀσφαλείᾳ
3208 5501 3301 5556 τὸν
3324 5502 3631 5574 δεδεμένον,

2119 5704 2149 5781 ξ
2176 5704 2291 5781 ρετ).
2318 5702 2537 5781 q‘t‘nidggn,
2560 5706 2831 5781 ἐργάσαιτο,
2859 5710 3123 5781 non‘mplg.

2122 5768 2144 5795 ε
2167 5765 2321 5839 Μαῖα.
2340 5765 2524 5829 ΒεινίΙ.,
2550 5765 2644 5817 τῶν
2687 5770 2903 5833 ἀγώνων,
2930 5778 2982 5820 ει
3020 5772 3143 5821 infra
3171 5771 3404 5834 ἐπιμεῖναι
3426 5783 3518 5834 ιιτο
3535 5787 3629 5824 u-

2059 5843 2285 5890 ραμενειν.
