3932 6220
50 5640 174 5677 ’γυνθ

93 5678 151 5732 re
168 5681 279 5732 xu.

344 336 416 392 59

346 452 523 506 Terre:
557 455 693 500 motu
723 456 996 498 concussae
1022 449 1094 494 est
1132 453 1303 492 carcer
1326 435 1490 488 vincto
1524 431 1709 494 Paulo.
1744 440 1789 485 et
1817 438 1930 483 sunt

350 539 521 607 omnia
549 537 778 590 relaxata
802 532 1002 587 vincula
1027 529 1162 600 (Act.
1197 528 1280 582 16.
1309 526 1424 594 26).
1456 522 1646 577 Vidisti
1678 520 1915 575 vinculo-
1994 527 2001 535 '

352 644 471 683 rum
499 626 741 681 naturam
768 621 1130 677 resolventem
1157 615 1412 670 vincula?
1444 613 1593 667 Sicut
1614 612 1757 666 enim
1788 624 1933 664 mors

356 720 571 777 Domini
598 727 771 773 morte
801 722 1026 770 mortem
1055 710 1253 776 affecit,
1283 711 1354 764 ita
1375 710 1535 763 etiam
1558 706 1707 762 Pauli
1726 703 1933 758 vincula

356 812 564 866 vinctos
614 808 908 871 solverunt,
961 814 1233 859 carcerem
1288 807 1706 862 concusserunt,
1755 803 1935 865 portas

351 910 691 973 aperuerunt.
741 899 901 969 Atqui
949 911 1056 951 non
1093 904 1179 950 est
1205 893 1319 948 haec
1340 891 1675 946 vinculorum
1710 896 1923 951 natura,

355 992 451 1048 sed
481 990 771 1057 contraria,
820 1002 1018 1056 nempe
1061 985 1297 1039 vinctum
1326 992 1438 1036 tuto
1466 990 1648 1036 tenere
1673 980 1728 1063 in
1753 985 1932 1032 custo-

353 1082 460 1145 dia,
494 1094 599 1136 non
628 1082 674 1136 ei
704 1078 915 1150 aperire
938 1077 1189 1146 parietes.
1220 1073 1326 1128 Sed
1358 1071 1690 1125 vinculorum
1719 1066 1931 1137 quidem

355 1187 459 1226 non
503 1179 587 1225 est
632 1170 880 1224 absolute
933 1168 1047 1220 haec
1075 1172 1285 1227 natura,
1327 1162 1434 1217 sed
1452 1160 1788 1215 vinculorum
1816 1171 1935 1227 quae

354 1275 481 1320 sunt
523 1270 742 1333 propter
784 1259 1077 1315 Christum.
1125 1257 1313 1311 Custos
1353 1253 1585 1309 carceris
1612 1250 1838 1321 procidit
1869 1247 1936 1302 ad

354 1354 522 1424 pedes
557 1351 705 1407 Pauli
744 1360 796 1406 et
823 1351 969 1406 Silzn.
1002 1348 1107 1403 Sed
1140 1360 1313 1416 neque
1338 1346 1442 1399 hoc
1467 1342 1715 1398 absolute
1738 1338 1938 1394 faciunt

308 1494 313 1499 ,
356 1444 593 1517 vincula,
624 1451 681 1497 nt
709 1457 804 1497 eos
828 1440 919 1511 qui
951 1436 1440 1493 vinxeruntducant
1465 1435 1528 1488 ad
1552 1434 1710 1504 pedes
1732 1433 1938 1485 vincto-

360 1552 499 1599 rum,
553 1535 646 1591 sed
690 1545 877 1589 contra
925 1532 1024 1587 hos
1058 1531 1166 1585 illis
1204 1529 1429 1584 reddant
1469 1526 1760 1597 subjectos.
1788 1522 1938 1577 Nunc

359 1638 538 1682 autem
570 1627 636 1690 is,
664 1625 756 1697 qui
787 1634 902 1680 erat
927 1624 1156 1686 solutus,
1188 1621 1542 1692 procubuerat
1565 1619 1629 1672 ad
1656 1618 1816 1673 vincti
1842 1632 1938 1685 pe-

365 1718 501 1773 des:
549 1718 638 1786 qui
684 1718 948 1779 vinxerat,
997 1714 1216 1783 rogabat
1267 1713 1496 1766 vinctum
1542 1717 1598 1764 ut
1641 1708 1941 1763 solveretur

364 1821 530 1862 metu.
561 1807 677 1861 Non
706 1814 759 1861 tu
788 1820 909 1859 eum
943 1804 1184 1869 vinxisti,
1212 1802 1296 1857 dic
1324 1800 1491 1855 mihi?
1518 1814 1622 1854 non
1654 1808 1706 1853 tu
1734 1814 1854 1852 eum
1887 1798 1937 1850 iu

366 1899 676 1953 interiorem
705 1895 984 1966 conjecisti
1015 1893 1312 1948 custodiam
1336 1892 1360 1945 ἳ
1390 1907 1493 1946 non
1523 1900 1575 1944 tu
1594 1889 1941 1959 compedibus

365 1990 417 2043 in
449 2001 560 2043 tuto
590 1988 862 2043 collocasti
890 1987 1051 2057 pedes
1072 1986 1096 2038 ?
1121 1986 1246 2055 quid
1268 1984 1674 2040 contremiscis‘l
1701 1981 1836 2049 Quid
1868 1990 1941 2035 tu-

368 2081 642 2134 mulmaris
666 2080 690 2133 ?
722 2080 847 2150 quid
878 2077 1234 2149 lacrymaris?
1261 2076 1387 2146 quid
1413 2075 1671 2129 strinxisti
1715 2073 1941 2128 ensem?

363 2172 503 2228 Nihil
532 2172 659 2236 tale,
685 2172 876 2241 inquit,
911 2171 1052 2224 vinxi
1083 2186 1095 2221 :
1125 2169 1428 2223 nesciebam
1462 2176 1660 2220 tantam
1690 2180 1813 2219 esse
1834 2166 1944 2218 vir-

365 2275 530 2318 intem
565 2265 863 2317 vinctorum
885 2261 1105 2315 Christi.
1138 2259 1275 2327 Quid
1297 2258 1431 2313 dicis
1450 2258 1474 2311 ?
1495 2265 1815 2326 acceperunt
1843 2269 1940 2325 po-

366 2367 611 2410 tcstatem
658 2355 820 2408 caelos
874 2353 1172 2420 aperiendi,
1227 2360 1281 2404 et
1321 2365 1590 2405 carcerem
1645 2364 1753 2403 non
1790 2357 1945 2403 erant

365 2442 625 2514 aperturi?
650 2442 928 2497 solvebant
946 2455 1039 2494 eos
1060 2439 1149 2508 qui
1178 2438 1335 2491 vincti
1366 2451 1562 2492 eranta
1590 2437 1941 2499 dzrnwnibus,

367 2547 420 2591 et
479 2535 678 2590 ferrum
723 2548 817 2589 eos
852 2540 968 2587 erat
995 2530 1407 2599 superaturum?
1440 2528 1556 2582 Non
1597 2529 1731 2582 nosti
1778 2528 1941 2589 viros,

369 2637 423 2682 et
454 2625 574 2680 itit-0
605 2624 812 2679 veniam
845 2640 901 2675 es
927 2627 1308 2689 consequutus.
1344 2619 1536 2672 Paulus
1568 2627 1651 2672 est
1695 2617 1783 2671 ille
1826 2617 1944 2669 vin-

370 2727 511 2783 ctus,
540 2729 698 2785 quem
729 2712 906 2783 angeli
934 2724 1122 2764 omnes
1168 2718 1290 2763 sunt
1329 2707 1540 2762 reveriti
1571 2725 1583 2761 :
1618 2707 1811 2761 Paulus
1839 2714 1943 2769 est,

370 2806 527 2875 cujus
555 2804 772 2859 sudaria
796 2812 849 2857 et
871 2800 1201 2857 semicinctio
1229 2801 1496 2852 dat-moues
1518 2798 1855 2867 expellebant
1893 2806 1948 2850 et

376 2897 594 2952 morbos
635 2893 906 2963 fugabant.
958 2890 1115 2958 Atqui
1149 2889 1292 2941 ferro
1320 2896 1402 2941 est
1432 2887 1600 2941 multo
1627 2886 1794 2956 magis
1822 2884 1948 2939 ada-

373 2988 689 3052 mantiuum,
719 2993 774 3040 et
794 2985 934 3054 quod
959 2982 1129 3050 frangi
1154 2996 1257 3034 non
1285 2986 1479 3048 potest,
1498 2977 1755 3032 dthOltiS
1775 2976 1960 3030 vincu-

371 3084 480 3135 lum
509 3097 525 3135 :
566 3094 687 3133 nam
716 3078 817 3131 hoc
842 3076 1055 3146 quidem
1084 3075 1332 3136 animam,
1367 3070 1494 3125 illud
1522 3085 1650 3124 vero
1680 3069 1801 3139 ligat
1830 3083 1950 3122 cor-

370 3189 493 3244 pus.
522 3167 623 3238 Qui
650 3170 855 3225 vinctas
880 3182 1007 3238 ergo
1022 3168 1180 3221 solvit
1207 3166 1429 3227 animas,
1454 3177 1648 3232 corpus
1667 3177 1818 3216 suum
1842 3176 1947 3215 non

373 3263 541 3333 potuit
567 3260 801 3317 solvere?
820 3259 910 3330 qui
940 3259 1240 3313 daemonum
1264 3253 1543 3324 perfringit
1562 3252 1791 3317 vincula,
1822 3251 1949 3305 ferri

373 3372 478 3411 non
541 3354 761 3410 solverit
800 3350 1069 3422 ligamen?
1128 3349 1217 3418 qui
1275 3358 1370 3416 per
1422 3360 1547 3400 suas
1598 3355 1773 3398 vestes
1833 3343 1951 3396 illos

334 3445 610 3503 tsolvebat
634 3446 841 3499 vinctos
894 3451 949 3497 et
990 3439 1247 3496 liberabat
1287 3452 1315 3491 a
1340 3436 1691 3501 dmmonibus,
1720 3436 1831 3504 ipse
1858 3448 1952 3502 per

374 3552 433 3591 se
460 3536 693 3603 seipsum
722 3547 828 3587 non
855 3531 1113 3586 solverit?
1135 3530 1426 3597 Propterea
1453 3527 1566 3595 ipse
1595 3527 1822 3596 primum
1855 3525 1952 3579 fuit

375 3631 605 3687 vinctus,
632 3637 684 3680 et
705 3636 830 3679 tunc
858 3623 1017 3677 solvit
1043 3623 1275 3683 vinctos,
1302 3629 1359 3673 ut
1384 3620 1558 3674 discas
1583 3617 1723 3688 quod
1753 3617 1947 3673 Christi

374 3719 517 3775 servi
543 3720 703 3772 vincti
738 3718 891 3785 longe
913 3715 1167 3783 majorem
1192 3712 1295 3764 vim
1325 3711 1542 3776 habent,
1565 3725 1721 3779 quam
1749 3710 1835 3778 qui
1864 3726 1941 3763 so-

338 3811 469 3880 .luti
514 3816 656 3864 sum.
702 3805 758 3862 Si
806 3805 1017 3860 solutus
1066 3802 1168 3855 hoc
1201 3800 1435 3863 fecisset,
1481 3815 1584 3853 non
1629 3809 1733 3852 tam
1768 3799 1950 3853 fuisset

375 3900 587 3952 mirum.
616 3897 731 3951 Non
761 3903 877 3950 erat
912 3894 1103 3985 itaque
1127 3891 1392 3945 vinculum
1426 3889 1822 3953 imbecillitatis,
1853 3890 1946 3943 sed

354 3988 594 4055 ’tnajoris
640 3980 935 4056 potentire.‘
963 3982 1050 4039 Sic
1074 3984 1216 4037 enim
1246 3982 1414 4035 sancti
1452 3981 1757 4049 pra-clarior
1783 3980 1949 4035 virtus

350 4080 693 4145 i'ostenditur,
719 4079 935 4149 quando
959 4078 1118 4131 etiam
1147 4074 1358 4129 vinctus
1380 4073 1712 4127 dominatum
1744 4073 1949 4127 obtinet

358 4175 427 4228 -'in
455 4173 680 4237 vinctos,
708 4186 827 4225 cum
859 4172 1020 4224 etiam
1061 4166 1275 4220 vinctus
1316 4180 1422 4218 non
1469 4164 1643 4217 solum
1690 4163 1943 4232 seipsum,

351 4242 468 4318 .‘sed
495 4264 655 4319 etiam
685 4263 893 4317 vinctos
922 4259 1101 4314 solvit.
1145 4258 1280 4326 Quid
1306 4257 1489 4326 juvant
1521 4255 1791 4327 parietes?
1820 4254 1944 4326 quid

338 4357 594 4437 Jprodes‘t
617 4370 736 4408 eum
764 4353 813 4407 in
842 4352 1146 4407 interiorem
1179 4349 1447 4418 conjicere
1477 4347 1791 4411 custodiam,
1823 4360 1943 4400 cum

316 4508 319 4511 Α
356 4442 1222 4515 'ethitj'éppcrneritexteriorem?
1262 4440 1368 4494 Cur
1400 4439 1447 4492 id
1479 4449 1654 4493 autem
1687 4446 1868 4502 noctu,
1892 4445 1948 4492 et

355 4513 611 4603 conubii
637 4546 793 4592 terra:
813 4514 969 4590 5motu
997 4534 1190 4589 facmm
1222 4531 1346 4586 est?
1372 4531 1563 4585 Parnm
1591 4529 1720 4584 mihi
1749 4543 1939 4584 conce-

371 4599 888 4696 δῖῖάδῧτιιρνιηὶιίῖιο,
921 4633 977 4677 ut
1000 4624 1127 4677 dum
1167 4638 1193 4675 a
1226 4622 1407 4675 verbis
1431 4619 1782 4675 abscesserim
1814 4633 1943 4686 apo-

372 4721 593 4785 stolicis,
617 4731 669 4773 et
686 4703 916 4775 intactis
931 4716 1239 4786 apostolicis
1267 4730 1351 4767 me
1378 4714 1698 4781 expleverim
1717 4711 1942 4775 deliciis,

371 4815 423 4867 in
470 4811 615 4865 Pauli
656 4794 842 4875 dtena
888 4805 1163 4862 convivari
1197 4824 1209 4856 :
1240 4805 1362 4857 date
1402 4803 1527 4854 mihi
1578 4805 1628 4854 in
1678 4817 1739 4856 ea
1787 4800 1945 4869 paulo

369 4900 840 4971 atnpliusv'ersari.
875 4897 1215 4970 Apprehendi
1248 4895 1536 4958 vinculum,
1562 4908 1716 4949 nemo
1734 4909 1820 4947 me
1848 4893 1945 4946 ab-

370 4995 549 5049 ducet.
584 4989 777 5057 ,ﬂ‘utius
798 5005 898 5061 ego
926 5003 1068 5044 nunc
1094 5003 1210 5041 sum
1237 4987 1448 5041 vinctus
1468 4984 1755 5049 desiderio,
1784 4998 1943 5053 quam

371 5088 456 5140 illc
498 5084 621 5144 tudo
649 5086 813 5156 ligno.
857 5083 969 5138 Hoc
998 5093 1155 5135 nemo
1180 5078 1337 5133 solvit
1364 5077 1666 5140 vinculum;
1697 5083 1779 5129 est
1802 5074 1943 5128 enim

366 5191 395 5229 a
423 5172 621 5229 Christi
644 5173 911 5229 desiderio
951 5191 964 5225 :
997 5173 1099 5226 hoc
1116 5185 1289 5241 neque
1308 5167 1504 5237 angeli,
1528 5180 1701 5237 neque
1722 5180 1942 5234 regnum

311 5299 322 5309 -
369 5266 622 5319 czelorum
639 5274 806 5332 potest
824 5266 1050 5319 solvere.
1070 5261 1414 5318 Licetaudire
1430 5259 1600 5328 ipsum
1630 5257 1848 5312 Paulum
1866 5255 1945 5310 di-

243 5326 248 5333 .
274 5352 277 5355 ’
356 5366 610 5411 'cenlcm:
637 5326 813 5423 Neque
829 5354 1015 5425 angeli,
1031 5370 1185 5422 neque
1201 5326 1531 5421 principatus,
1548 5365 1705 5417 neque
1728 5356 1939 5418 potesta-

364 5460 453 5509 tes,
472 5461 628 5517 neque
641 5443 1058 5512 instantiameth
1066 5448 1253 5513 futura,
1270 5440 1652 5513 nequealtiludo
1671 5454 1943 5507 nequepro-

364 5544 452 5606 [tm
467 5539 576 5591 ium
594 5546 751 5605 potest
764 5551 853 5588 nos
863 5550 1096 5602 separare
1112 5551 1141 5585 α
1152 5536 1358 5587 caritate
1376 5533 1559 5586 Christi
1587 5529 1802 5599 (Rom.8
1829 5528 1940 5597 59).

435 5626 512 5679 De
535 5625 744 5679 custode
780 5623 1019 5687 carceris,
1064 5624 1116 5675 in
1144 5638 1242 5691 quo
1274 5623 1470 5677 Paulus
1498 5632 1604 5675 erat
1631 5622 1847 5674 cinctus.
1866 5648 1937 5656 —

1084 324 1141 382 S.
1181 315 1455 381 JUANNIS
1488 310 1960 378 CllRYStiS'i‘OMi
2000 314 2309 372 ARCHIEP.
2339 312 2870 377 CONSTANTINOP.
3550 330 3623 394 ω

2034 443 2200 498 quare
2225 429 2387 484 etiam
2417 445 2538 485 cum
2569 440 2728 486 terrae
2770 441 2915 488 motu
2934 434 2957 474 ν
2984 434 3179 491 Audite
3207 437 3300 492 Dei
3327 439 3616 512 dispensat-

2037 520 2255 585 tionem,
2286 530 2341 576 et
2369 522 2725 578 admiramiui.
2754 523 3002 580 Omnium
3026 537 3150 582 sunt
3173 529 3347 584 soluta
3377 535 3616 603 vincula,

2034 620 2088 667 et
2120 624 2283 682 portze
2310 624 2433 668 sunt
2460 624 2678 685 apertae.
2707 616 2811 670 Sed
2845 618 2946 672 hoc
2969 619 3141 673 solum
3169 620 3362 677 factum
3390 633 3471 680 est
3501 641 3620 693 pro-

2037 710 2154 771 pter
2193 703 2466 757 custodem
2507 706 2772 768 carceris;
2809 722 2912 760 non
2944 709 3008 762 ad
3047 713 3482 781 ostentationem,
3512 718 3611 772 sed

2035 792 2100 847 ad
2132 793 2375 848 salutem.
2405 795 2537 850 Nam
2559 796 2700 866 quod
2733 798 2892 853 vincti
2933 803 3202 857 nescirent
3229 819 3289 859 se
3313 820 3433 861 esse
3460 808 3607 863 solu-

2037 890 2136 948 tos,
2168 893 2252 937 est
2287 886 2619 954 perspicuum
2650 903 2714 940 ex
2742 903 2870 942 voce
2899 890 3068 943 Pauli.
3099 893 3237 958 Quid
3268 897 3409 949 enim
3439 897 3570 954 dicit
3590 901 3618 956 τ

2036 970 2292 1027 Clamavit
2330 989 2460 1030 voce
2486 992 2673 1046 magna
2713 977 2898 1034 dicens
2928 999 2941 1034 :
2968 980 3119 1036 Nihit
3146 985 3236 1037 tibi
3262 988 3385 1040 mali
3413 990 3578 1059 facias
3601 1032 3618 1056 ,

2036 1076 2206 1119 omnes
2232 1067 2364 1119 enim
2390 1067 2471 1120 hic
2497 1084 2670 1123 smnus
2700 1070 2834 1140 (Act.
2870 1072 2956 1126 16.
2984 1072 3098 1144 28).
3134 1075 3245 1130 Non
3269 1076 3498 1134 fuissent
3523 1097 3623 1135 au-

2040 1166 2142 1211 tem
2188 1172 2377 1214 onmes
2418 1160 2582 1228 intus,
2614 1162 2657 1216 si
2708 1164 2993 1219 scivissent
3020 1176 3202 1236 portas
3231 1184 3353 1227 esse
3382 1182 3617 1242 apertas,

2037 1258 2091 1305 et
2119 1266 2178 1305 se
2224 1253 2447 1308 solutos.
2483 1255 2614 1309 Nam
2656 1257 2747 1325 qui
2780 1273 2961 1313 muros
2987 1261 3338 1333 perfringunt,
3374 1275 3623 1338 tectaque

2037 1348 2091 1394 et
2113 1342 2437 1411 suggrundia
2483 1346 2805 1412 transiliunt,
2853 1357 2908 1403 et
2938 1350 3068 1405 nihil
3099 1368 3202 1406 non
3232 1356 3431 1411 audent
3459 1359 3623 1414 etiam

2037 1447 2157 1486 cum
2176 1435 2419 1499 vinculis,
2441 1452 2545 1491 non
2566 1438 2889 1495 tolerassent
2905 1452 2958 1496 et
2977 1443 3202 1500 vinculis
3218 1448 3407 1504 solutis
3427 1458 3479 1504 et
3496 1468 3623 1519 por-

2041 1523 2107 1575 tis
2127 1527 2327 1592 apertis
2353 1527 2495 1581 intus
2534 1543 2772 1594 manere,
2802 1531 3099 1587 dormiente
3124 1537 3239 1604 ipso
3261 1541 3484 1593 custode
3505 1557 3622 1596 car.

2039 1616 2195 1669 ceris.
2217 1615 2320 1670 Sed
2336 1633 2430 1684 pro
2449 1617 2634 1675 ferreis
2655 1621 2882 1677 vinculis
2899 1627 3103 1681 erateis
3124 1631 3298 1683 somni
3325 1633 3616 1688 vinculum.

2039 1702 2155 1771 Quo
2188 1704 2382 1760 factum
2414 1717 2496 1762 est
2528 1721 2583 1762 ιιι
2613 1718 2666 1764 et
2698 1711 2749 1765 id
2778 1712 2951 1779 fieret,
2990 1731 3087 1771 nec
3133 1733 3196 1772 ex
3226 1720 3487 1776 miraculo
3514 1725 3621 1778 ulla

2043 1810 2178 1848 noxa
2227 1796 2426 1852 rediret
2480 1800 2546 1853 ad
2574 1801 2850 1856 custodem
2882 1808 3135 1872 carceris,
3177 1811 3266 1879 qui
3299 1822 3415 1866 erat
3443 1814 3624 1871 salvus

2043 1885 2267 1940 futurus.
2312 1889 2381 1943 Et
2404 1892 2598 1961 alioqui
2631 1894 2791 1947 etiam
2826 1897 3058 1953 maxime
3085 1910 3244 1955 noctu
3279 1903 3510 1972 ligantur
3532 1909 3621 1975 qui

2045 1987 2166 2031 sunt
2190 1980 2372 2041 vincti,
2391 1996 2494 2035 non
2526 1983 2774 2038 interdiu.
2803 1985 3018 2042 Licchat
3042 2005 3169 2060 ergo
3192 2000 3316 2047 tunc
3337 1994 3625 2065 diligenter

2041 2069 2224 2125 videre
2262 2087 2446 2128 rursus
2484 2073 2688 2130 vinctos
2727 2085 2781 2132 et
2821 2078 3172 2137 dormientes.
3206 2083 3263 2138 Si
3306 2086 3420 2141 lucc
3445 2101 3622 2143 autem

2042 2159 2270 2217 interdiu
2315 2165 2448 2218 facta
2492 2176 2693 2231 essent,
2739 2186 2961 2241 magnus
2990 2184 3139 2229 ortus
3173 2188 3311 2233 esset
3345 2183 3620 2237 tumultus.

2043 2252 2151 2305 Cur
2176 2267 2304 2323 ergo
2335 2263 2493 2310 terra;
2523 2267 2671 2312 motu
2700 2274 2993 2316 concussus
3024 2263 3121 2318 fuit
3147 2270 3375 2323 carcer?
3401 2268 3468 2326 Ut
3500 2287 3623 2326 sur-

2043 2353 2193 2409 geret
2221 2355 2400 2400 custos
2425 2349 2660 2404 carceris
2686 2349 2752 2405 ad
2775 2353 2850 2406 rei
2882 2357 3278 2423 spectaculum:
3312 2361 3357 2415 is
3378 2363 3520 2417 enim
3537 2379 3625 2419 su-

2046 2432 2126 2485 lus
2154 2433 2342 2500 dignus
2371 2445 2488 2491 erat
2515 2438 2708 2495 salute.

2117 2524 2168 2576 4.
2199 2523 2277 2578 Tu
2305 2533 2481 2581 autem
2532 2529 2662 2583 mihi
2703 2531 2826 2587 vide
2854 2532 3053 2589 Christi
3081 2550 3343 2593 summam
3373 2543 3621 2611 gratiam.

2047 2610 2175 2688 Nam
2207 2613 2346 2669 inter
2375 2615 2526 2670 Pauli
2572 2620 2803 2688 vincula,
2836 2622 3033 2679 Christi
3062 2641 3276 2697 quoque
3302 2610 3487 2698 gratim
3512 2648 3627 2687 me-

2048 2705 2266 2759 minisse
2292 2707 2574 2776 pulchrum
2605 2717 2661 2765 et
2684 2711 2965 2769 honestum
2994 2732 3007 2769 :
3038 2717 3145 2772 imo
3171 2733 3300 2774 vero
3321 2735 3384 2775 ea
3414 2736 3626 2792 quoque

2047 2803 2200 2848 erant
2248 2795 2338 2850 Dei
2364 2798 2567 2865 gratiae.
2612 2798 2747 2856 Sunt
2777 2804 2916 2857 enim
2946 2806 3034 2874 qui
3063 2810 3459 2877 reprehendtmt
3485 2814 3626 2881 quod

2048 2887 2225 2941 salvus
2255 2886 2414 2942 fuerit
2439 2898 2621 2946 custos
2669 2896 2922 2962 carceris,
2960 2904 3015 2953 et
3043 2913 3140 2967 pro
3159 2901 3349 2970 quibus
3375 2904 3624 2959 admirari

2047 2978 2327 3046 oportebat
2371 2979 2463 3034 Dei
2503 2981 2864 3049 clementiam,
2912 3001 2976 3041 ex
3021 2988 3088 3043 iis
3117 2990 3244 3059 ipsis
3272 2993 3622 3061 vituperant:

2050 3081 2149 3121 nec
2184 3070 2399 3123 mirum.
2433 3069 2686 3127 lmbecilli
2729 3075 2871 3130 enim
2899 3084 2954 3131 et
2982 3082 3165 3147 :rgroti
3193 3091 3320 3136 sunt
3348 3082 3625 3152 lmjusmo-

2048 3157 2124 3225 di,
2150 3160 2239 3228 qui
2267 3161 2423 3214 etiam
2464 3163 2772 3218 alimentum
2820 3166 3141 3235 vituperant,
3167 3171 3312 3240 quod
3347 3184 3626 3242 oporteret

2050 3248 2321 3315 admirari,
2369 3258 2425 3306 et
2462 3253 2564 3306 mel
2593 3252 2776 3308 dicunt
2804 3270 2925 3311 esse
2952 3271 3212 3314 amarum.
3243 3260 3310 3315 Et
3337 3262 3425 3330 qui
3455 3280 3628 3318 cmen-

2046 3339 2207 3404 tiunt,
2257 3356 2321 3394 ex
2365 3356 2432 3395 eo
2459 3342 2878 3400 obtenebrantur
2903 3362 2967 3401 ex
3005 3364 3112 3418 quo
3138 3349 3402 3407 deberent
3433 3354 3628 3410 illumi-

2051 3431 2187 3496 nari,
2221 3446 2339 3485 cum
2367 3433 2481 3487 hare
2508 3433 2752 3489 accidant
2771 3451 2878 3490 non
2907 3452 2971 3493 ex
2998 3455 3174 3495 rerum
3205 3453 3414 3507 natura,
3439 3446 3534 3500 sed
3561 3461 3626 3503 ex

2052 3521 2414 3578 imbecillitate
2443 3540 2627 3580 eorum
2659 3527 2747 3596 qui
2776 3528 2856 3583 eis
2883 3531 2956 3584 uti
2987 3546 3092 3586 non
3117 3544 3360 3603 possunt.
3392 3546 3450 3590 ut
3469 3553 3629 3608 oporo

2053 3621 2146 3665 tet.
2169 3612 2308 3679 Quid
2324 3629 2452 3684 ergo
2465 3615 2879 3673 dicebant?Cum
2907 3632 3180 3688 oporteret
3205 3623 3457 3680 admirari
3486 3628 3625 3695 quod

2048 3718 2170 3756 eum
2199 3705 2430 3773 cepisset
2451 3707 2538 3774 qui
2565 3707 2630 3761 ad
2658 3716 2954 3765 extremum
2985 3714 3264 3785 prolapsus
3281 3727 3394 3771 erat
3417 3717 3623 3784 vitium,

2049 3804 2102 3845 et
2128 3793 2340 3851 fecisset
2370 3797 2667 3862 meliorem,
2700 3798 2921 3855 dicunt:
2950 3803 3231 3870 Quomodo
3259 3822 3364 3861 non
3396 3809 3625 3864 arbitra-

2048 3891 2133 3936 tus
2156 3894 2237 3937 est
2258 3899 2374 3938 eam
2394 3900 2504 3941 rem
2529 3900 2647 3944 esSe
2665 3893 3054 3961 prmstigiarum
3071 3902 3127 3949 et
3147 3896 3547 3961 incantationis.
3573 3910 3627 3956 et

2050 3988 2154 4029 non
2185 3990 2279 4029 eos
2318 3979 2486 4047 magis
2525 3981 2744 4035 retinuit
2797 3991 2850 4037 et
2896 3978 3182 4040 clamavit?
3210 3988 3288 4042 Ad
3320 3989 3422 4045 hoc
3449 3992 3627 4047 multis

2048 4080 2175 4118 usus
2203 4075 2283 4119 est
2326 4068 2649 4135 conjecturis
2675 4088 2687 4122 :
2719 4072 2946 4140 primum
2976 4076 3215 4144 quidem,
3255 4080 3397 4147 quod
3427 4082 3627 4135 audivit

2049 4170 2143 4209 eos
2173 4155 2335 4210 Deum
2376 4158 2653 4212 laudantes
2681 4170 2731 4215 ct
2757 4158 2982 4233 hymnos
3009 4174 3287 4222 cantantes
3317 4186 3333 4222 :
3363 4168 3626 4238 ejusmodi

2048 4257 2224 4302 autem
2250 4249 2475 4320 hymnos
2502 4266 2605 4305 non
2638 4251 2979 4322 cecinissent,
3008 4258 3052 4311 si
3085 4257 3305 4314 fuissem
3334 4262 3627 4332 praestigia-

2049 4348 2225 4393 tores:
2255 4341 2645 4408 Audivitenim,
2671 4344 2859 4414 inquit,
2881 4360 2974 4400 eos
2997 4345 3167 4402 Deum
3192 4349 3470 4405 laudantes
3492 4353 3624 4420 (Aet.

2050 4430 2136 4485 i6.
2165 4428 2279 4502 25).
2328 4431 2575 4486 Secundo
2602 4444 2801 4501 autem,
2846 4436 2987 4506 quod
3020 4438 3118 4507 ipsi
3151 4456 3254 4495 non
3287 4440 3625 4511 aufugerunt,

2048 4522 2141 4576 scd
2167 4523 2324 4576 etiam
2378 4523 2764 4591 prohibuerunt
2802 4543 2868 4581 ne
2895 4541 2956 4582 se
2984 4530 3303 4585 interﬁceret
3331 4549 3343 4583 :
3373 4533 3418 4585 si
3447 4544 3625 4587 autem

2048 4622 2265 4682 propter
2300 4628 2360 4667 se
2403 4613 2503 4668 hoc
2541 4613 2810 4680 fecissent,
2846 4633 2952 4671 non
2983 4617 3123 4673 intus
3152 4621 3496 4688 mansissent,
3531 4621 3624 4678 sed

2045 4717 2105 4756 so
2134 4704 2280 4772 prius
2327 4705 2671 4759 exemissent.
2698 4705 2883 4776 Magna
2923 4719 3099 4762 autem
3132 4719 3214 4763 est
3237 4711 3397 4764 etiam
3441 4727 3628 4766 eorum

2050 4793 2352 4847 immanitas
2378 4812 2391 4847 :
2422 4794 2807 4862 prohibuerunt
2829 4813 2895 4850 ne
2915 4813 2975 4852 se
3005 4798 3351 4865 interficeret,
3372 4801 3461 4869 qui
3485 4802 3629 4869 ipsos

2050 4884 2222 4938 valide
2243 4899 2305 4938 ac
2333 4885 2579 4940 similiter
2600 4886 2879 4957 ligaverat.
2911 4890 2988 4942 Ac
3010 4889 3056 4943 si
3082 4889 3344 4944 dixissent
3364 4892 3440 4945 illi
3465 4908 3480 4946 :
3514 4892 3629 4946 Fir-

2048 4977 2206 5029 miter
2224 4984 2276 5029 et
2301 4975 2496 5030 acriter
2522 4993 2619 5031 nos
2648 4978 2883 5044 vinxisti,
2917 4989 2975 5033 ut
3005 4981 3119 5049 ipse
3149 4996 3301 5036 esses
3329 4982 3536 5036 solutus
3559 4983 3628 5036 ab

2046 5064 2409 5119 acerbissimis
2432 5068 2682 5123 vinculis.
2712 5068 2929 5123 Catenis
2959 5071 3103 5124 enim
3128 5084 3349 5125 suorum
3379 5082 3628 5140 peccato-

2048 5173 2164 5213 rum
2185 5158 2547 5227 unusquisque
2570 5160 2973 5228 constringitur.
2995 5160 3126 5214 Nam
3150 5162 3240 5214 illa
3267 5160 3484 5230 quidem
3501 5173 3628 5218 sunt

2047 5248 2372 5305 exsecranda
2388 5250 2749 5305 vineulaJlazc
2761 5260 2939 5305 autem
2956 5253 3107 5307 beata
3126 5264 3178 5306 et
3197 5252 3354 5307 valde
3371 5255 3599 5322 optanda
3612 5295 3624 5307 .

2045 5341 2177 5395 Nam
2207 5341 2345 5412 quod
2390 5340 2504 5394 lucc
2526 5341 2615 5394 illa
2641 5342 2920 5409 solverint,
2944 5342 3183 5399 OStendit
3222 5359 3285 5395 ex
3315 5346 3622 5400 sensilibus.

2049 5433 2235 5487 Vidisti
2260 5447 2354 5487 eos
2391 5433 2597 5487 solutos
2623 5433 2713 5502 qui
2743 5435 2884 5488 ferro
2926 5434 3135 5489 fuerant
3163 5433 3375 5488 vincti?
3408 5434 3624 5490 Videbis

2048 5538 2100 5579 te
2124 5542 2335 5596 quoque
2358 5528 2529 5595 ipsum
2547 5526 2841 5580 relaxatum
2863 5543 2927 5583 ex
2956 5529 3072 5583 aliis
3099 5529 3349 5597 gravibus
3378 5527 3623 5582 vinculis.

2047 5617 2172 5672 llurc
2201 5618 2428 5677 vincula,
2456 5619 2774 5683 vinctorum,
2797 5619 3030 5686 inquam,
3056 5620 3284 5683 vincula,
3313 5635 3420 5673 non
3455 5617 3622 5680 Pauli.

47 5716 79 5779 ,ζ
93 5708 603 5799 ἠξιξτρξξ’.τ;;ξει;ιιριιιη
626 5731 754 5784 ergo
777 5715 845 5769 de
885 5730 1043 5769 causa
1085 5714 1276 5769 factum
1304 5726 1383 5768 est
1412 5716 1510 5769 hue
1539 5715 1711 5769 media
1745 5713 1942 5767 nocte?

2050 5709 2248 5765 faciunt
2296 5708 2383 5765 illa
2429 5710 2635 5765 vincula
2687 5711 3236 5780 peccatornm.Erant
3280 5710 3390 5765 duo
3425 5720 3621 5782 genera

177 5784 189 5789 π
334 5784 374 5799 νσ
392 5784 441 5806 va,
473 5784 512 5799 .-.

47 5796 171 5865 7...)"-
569 5848 578 5855 -
624 5866 625 5869 η

92 5891 131 5910 ο,
290 5880 347 5905 τῇ
385 5880 481 5913 ..γε⁷
540 5886 579 5906 ι’
641 5896 654 5913 ι

52 5905 63 5915 '
118 5905 130 5910 “
429 5905 435 5907 ’
542 5905 555 5906 7
643 5905 654 5913 '
718 5913 745 5929 ν

92 5953 124 5975 φ
193 5960 210 5980 .
244 5939 320 5967 ςόθ
347 5915 391 5965 ἑ.
422 5910 469 5989 ’r
536 5944 555 5963 r
614 5931 645 5971 ,ῃ
722 5966 731 5975 δ

80 5988 125 6005 ,b
208 5985 251 6005 ’Δ
324 5976 369 6005 ’ἦ
449 5974 466 5989 ¹
740 5981 755 5995 ⁸
785 5982 794 5993 ‘

99 5988 125 6011 ν
162 5988 416 6033 *ξρμὝηςῗ

47 6004 153 6095 ἃ
176 6042 268 6096 ξιτ.
290 6028 345 6096 .’:
370 6020 423 6096 ξε
