3932 6220
103 33 2183 116 -έῌᾉ-Ἆρρ

323 400 396 457 59
1169 401 1232 456 IN
1272 400 1491 458 EPIST.
1536 403 1627 457 ΑΙ)
1666 401 1907 459 EPIIES.
1947 403 2102 459 CAP.
2145 403 2231 458 IV.
2271 401 2504 460 HOIIL.
2534 400 2670 456 Vill.
3481 404 3564 462 θ’

322 510 445 582 οὐχὶ
475 510 595 577 τοὺς
622 510 831 580 τοίχους
869 510 1102 579 ἀνοίγειν
1144 515 1311 584 αύτῷ.
1357 515 1514 572 Ἀλλά
1542 515 1650 568 τῶν
1677 517 1775 589 μὶν
1799 517 1887 569 δε-

326 599 481 668 σμῶν
508 600 691 662 ἀπλῶς
717 599 875 668 φύσις
903 600 1003 654 οὐκ
1050 601 1195 654 ἐστιν
1236 602 1399 672 αῦτη,
1438 603 1652 671 δεσμῶν
1689 604 1745 657 δέ
1784 604 1891 657 τῶν

325 686 415 740 διὰ
440 687 668 757 Χριστὸν
693 686 852 757 αὕτη.
879 686 1220 758 Προσέπεσεν
1245 690 1274 742 ὁ
1294 689 1634 759 δεσμοφύλαξ
1651 689 1729 760 τῷ
1751 690 1896 743 Παύ-

327 772 404 844 λῳ
430 775 522 826 καὶ
551 772 626 843 τῷ
651 773 798 844 Σίλα.
835 774 975 827 Ἀλλ’
996 774 1115 827 οὑδέ
1142 773 1298 828 τοῦτο
1325 777 1469 828 ποιεῖ
1493 774 1667 844 δεσμά
1685 774 1893 839 ἁπλῶς,

329 860 454 922 τοὺς
466 860 731 929 δήσαντας
747 862 828 923 είς
843 861 968 923 τοὺς
982 860 1149 923 πόδας
1166 861 1319 929 ἄγειν
1340 861 1446 913 τῶν
1465 860 1780 931 δεδεμένων,
1806 861 1898 914 ἀλ-

327 944 396 1000 λὰ
438 947 741 1000 τούναντίον
789 948 1127 1016 ὑποχειρίους
1167 947 1386 1011 τούτους
1422 947 1653 1011 ἐκείνοις
1700 950 1894 1001 ποιεῖν.

329 1028 441 1084 Νῦν
460 1031 514 1085 δὲ
528 1031 557 1084 ό
578 1031 865 1101 λελυμένος
885 1033 990 1086 ὑπὸ
1007 1034 1131 1094 τοὺς
1155 1027 1398 1102 πόδαςῆν
1415 1031 1508 1086 τοῦ
1520 1031 1802 1102 δεδεμένου
1825 1048 1839 1063 ⁸
1867 1033 1897 1083 ὁ

326 1118 492 1187 δήσας
517 1117 669 1187 ἠξίου
698 1119 790 1173 τὸν
815 1118 1036 1171 δεθέντα
1066 1118 1291 1188 λυθῆναι
1322 1118 1416 1172 τοῦ
1448 1119 1634 1188 φόδου.
1665 1118 1802 1188 Οὐχὶ
1830 1118 1895 1169 σὺ

330 1204 543 1275 ἐδησας,
563 1205 686 1259 εἰπέ
714 1223 800 1276 μοι
820 1222 837 1270 ;
870 1206 988 1275 οὑχ).
1010 1207 1088 1269 είς
1108 1205 1204 1276 τὴν
1228 1207 1499 1273 ἐσωτέραν
1524 1205 1711 1268 ἐδαλες
1734 1203 1897 1272 φυλα-

331 1294 433 1363 κήν
457 1309 472 1357 ;
503 1294 624 1364 οὐχὶ
642 1295 721 1357 είς
743 1293 804 1346 τὸ
833 1293 987 1357 ξύλον
1016 1293 1301 1362 ἠσφαλίσω
1318 1295 1444 1356 τοὺς
1469 1293 1669 1359 πόδαςς
1699 1292 1753 1344 τί
1772 1293 1896 1361 τρέ-

334 1396 491 1448 μεις;
536 1380 590 1432 τί
630 1380 861 1450 θορυ6ῇ;
889 1381 939 1432 τί
970 1380 1255 1448 δακρύειςς
1289 1378 1342 1432 τί
1369 1379 1432 1432 τὸ
1459 1378 1610 1447 ξίφος
1640 1378 1895 1441 Emam;

330 1466 498 1519 Οὑδέν
525 1465 759 1520 τοιοῦτον
782 1467 965 1535 ἔδησα,
994 1466 1157 1535 φησίν
1181 1484 1194 1497 ·
1224 1466 1325 1519 οὑκ
1353 1466 1522 1536 ᾔδειν,
1552 1467 1636 1518 ὄτι
1665 1462 1897 1532 τοσαύτη

331 1552 444 1605 τῶν
464 1554 556 1607 τοῦ
574 1554 805 1624 Χριστοῦ
824 1553 1057 1623 δεσμίων
1077 1554 1111 1621 ἡ
1130 1552 1377 1623 δύναμις.
1410 1553 1475 1604 Τί
1497 1551 1675 1618 λέγεις
1696 1567 1711 1615 ;
1737 1551 1900 1620 ούρα-

334 1641 456 1702 νοὺς
487 1639 675 1693 ἔλαϐον
703 1639 946 1705 ἐξουσίαν
975 1638 1231 1707 ἀνοίγειν,
1272 1640 1365 1693 καὶ
1406 1638 1774 1708 δεσμωτήριον
1800 1635 1900 1688 οὑκ

334 1725 557 1794 ἔμελ).ον
574 1726 838 1793 ἀνοίγειν;
872 1726 997 1788 τοὺς
1018 1724 1122 1777 ὑπὸ
1143 1725 1411 1796 δαιμόνων
1439 1724 1751 1793 δεδεμένους
1775 1721 1899 1773 ἐλυ-

332 1830 412 1875 ον,
446 1815 537 1866 καὶ
571 1811 1052 1882 σιδήριον-ἔμελλεν
1080 1812 1257 1867 αὐτῶν
1288 1811 1670 1880 περιέσεσθαι;
1704 1810 1805 1862 οὑκ
1832 1804 1903 1862 οἳ·

330 1900 430 1963 δας
453 1902 578 1961 τοὺς
612 1899 808 1969 ἀνδρας
831 1916 845 1929 ·
878 1898 968 1951 διὰ
994 1896 1151 1951 τοῦτο
1193 1899 1288 1951 καὶ
1324 1896 1652 1966 συγγνώμης
1690 1895 1898 1964 ἔτυχες.

334 1985 543 2048 Παῦλος
570 1986 600 2037 ὁ
627 1984 906 2053 δεδεμίνος
927 1985 1094 2048 ἐστὶν,
1123 1983 1184 2037 δν
1205 1984 1426 2055 ἄγγελοι
1452 1982 1648 2045 πάντες
1673 1980 1903 2052 ᾐδέσθη-

336 2082 436 2126 σαν
456 2090 469 2103 ⁸
503 2071 711 2134 Παῦλός
742 2073 911 2137 ἐστιν,
940 2066 1000 2125 οῦ
1039 2073 1131 2124 καὶ
1157 2072 1225 2124 τὰ
1255 2070 1507 2142 σουδάρια
1536 2071 1630 2122 καὶ
1656 2070 1724 2124 τά
1744 2085 1906 2138 σημι-

332 2161 515 2215 κίνθια
542 2162 801 2231 δαίμονας
827 2161 1046 2230 ἠλαυνε,
1085 2161 1179 2213 καὶ
1202 2161 1389 2224 νόσους
1430 2161 1748 2229 ἐφυγάδευε,
1782 2158 1904 2211 καί-

334 2265 420 2300 τοι
448 2246 629 2316 πολλῷ
661 2247 878 2316 σιδήρου
910 2245 1288 2316 ἀδαμάντινος,
1325 2246 1420 2300 καὶ
1452 2244 1849 2316 ἀῤῥαγέστερος
1877 2243 1906 2295 ὁ

338 2334 496 2404 παρὰ
538 2332 632 2386 τοῦ
678 2332 930 2402 δαίμονος
964 2332 1189 2401 δεσμός·
1221 2325 1375 2395 οὗτος
1424 2331 1522 2401 μέν
1565 2330 1673 2401 γὰρ
1711 2329 1905 2400 ψυχὴν,

337 2424 548 2485 ἐκεῖνος
582 2421 640 2475 δὲ
678 2420 838 2490 σῶμα
881 2419 1088 2489 δεσμεῖ.
1132 2419 1190 2471 '0
1211 2418 1383 2489 ψυχὰς
1409 2419 1586 2472 τοίνυν
1626 2417 1906 2486 δεδεμένας

337 2509 503 2570 λύων,
531 2508 590 2560 τὸ
605 2507 765 2577 σῶμα
790 2507 849 2559 τὸ
865 2505 1027 2559 αὑτοῦ
1050 2507 1148 2559 οὑκ
1169 2507 1232 2558 ἂν
1259 2505 1439 2574 ἴσχυσε
1458 2503 1613 2559 λῦσαι
1634 2520 1648 2568 ;
1672 2505 1701 2557 ὁ
1720 2504 1905 2574 δαιμό⁴

339 2612 449 2649 νων
476 2594 649 2658 δεσμά
677 2593 1029 2664 διαρρηγνὺς,
1063 2592 1282 2661 σιδήρου
1314 2591 1457 2645 δέσιν
1476 2590 1575 2644 ούκ
1597 2590 1661 2643 ἂν
1684 2590 1906 2652 ἔλυσεν;

339 2686 370 2738 δ
396 2683 482 2737 διὰ
505 2681 612 2735 τῶν
638 2682 869 2752 ἱματίων
902 2679 1067 2737 αὑτοῦ
1096 2681 1220 2742 τοὺς
1245 2680 1524 2750 δεσμώτας
1553 2678 1792 2741 ἐκείνους
1819 2677 1911 2730 λύ-

341 2787 437 2832 ων,
472 2769 563 2822 καὶ
583 2767 701 2833 ,τῶν
722 2765 990 2837 δαιμόνων
1018 2764 1392 2826 ἀπαλλάττων,
1426 2762 1587 2829 αὐτὸς
1617 2762 1683 2814 δι’
1714 2760 1908 2815 ἐαυτοῦ

343 2851 536 2911 ἑαυτὸν
558 2855 658 2910 οὑκ
678 2854 744 2909 ἂν
763 2853 918 2908 ἔλυσε
938 2869 954 2916 ;
981 2853 1078 2906 Διά
1100 2851 1258 2905 τοῦτο
1277 2852 1487 2919 πρῶτον
1512 2850 1688 2921 ἐδέθη,
1713 2851 1806 2902 καὶ
1825 2849 1912 2902 τό-

342 2959 403 2996 τε
434 2942 555 3003 τοὺς
571 2940 885 3010 δεδεμένους
913 2938 1121 3003 ἔλυσεν,
1141 2938 1228 2991 ἴνα
1257 2936 1452 3008 μάθῃς,
1470 2938 1552 2989 ὅτι
1581 2938 1628 2988 οἱ
1652 2935 1745 2989 τοῦ
1774 2936 1911 3003 Χρι-

345 3028 474 3083 στοῦ
499 3027 672 3081 δοῦλοι
699 3025 987 3095 δεδεμένοι,
1028 3023 1207 3093 πολλῷ
1238 3024 1345 3077 τῶν
1380 3022 1686 3092 λελυμένων
1729 3021 1912 3090 μείζο-

347 3133 415 3169 να
443 3116 623 3185 ἔχουσι
651 3116 750 3182 τὴν
782 3111 951 3181 ίσχὺν.
999 3112 1063 3163 El
1087 3110 1377 3180 λελυμένος
1409 3109 1567 3163 τοῦτο
1598 3109 1912 3177 εἰργάσατο,

346 3206 449 3258 οὐκ
466 3199 535 3271 ἦν
557 3201 701 3256 οὑτω
721 3198 1029 3268 θαυμαστόν
1052 3216 1066 3229 ο
1093 3197 1232 3252 ὥστε
1252 3197 1352 3250 οὑκ
1368 3195 1651 3257 ἀσθενείας
1673 3196 1701 3247 ό
1718 3193 1915 3262 δεσμὸς

318 3282 438 3355 ἣν,
468 3288 607 3344 ἀλλά
643 3288 885 3359 μείζονος
912 3285 1213 3355 δυνάμεως.
1243 3282 1399 3336 Οὕτω
1431 3282 1539 3351 γάρ
1566 3278 1917 3350 λαμπροτέρα

348 3375 382 3440 ἡ
414 3378 567 3446 ἰσχὺς
592 3374 686 3427 τοῦ
716 3373 872 3441 ἁγίου
896 3371 1188 3435 δείκνυται,
1220 3370 1347 3423 ὅταν
1378 3371 1474 3422 καὶ
1500 3366 1777 3436 δεδεμένος
1810 3363 1916 3416 τῶν

351 3463 663 3532 λελυμένων
685 3462 884 3532 κρατῇ,
912 3460 1038 3511 ὅταν
1060 3460 1089 3511 δ
1115 3456 1393 3527 δεδεμένος
1419 3454 1494 3525 μὴ
1522 3454 1681 3524 μόνον
1705 3451 1916 3514 ἐαυτὸν,

349 3552 486 3605 ἀλλά
507 3553 600 3603 καὶ
629 3552 751 3613 τοὺς
774 3547 1085 3618 δεδεμένους
1112 3546 1230 3615 λύῃ.
1272 3546 1337 3597 Τί
1367 3544 1475 3597 τῶν
1503 3543 1696 3612 τοίχων
1715 3542 1773 3593 τὺ
1795 3540 1919 3608 ὄφε-

347 3641 472 3703 λοςς
499 3641 552 3692 τί
585 3639 645 3692 τὸ
676 3638 835 3689 πλέον
859 3635 964 3690 ἀπὸ
992 3635 1082 3688 τοῦ
1115 3637 1192 3695 εἰς
1230 3635 1325 3701 τὴν
1373 3632 1647 3701 ἐσωτέραν
1677 3627 1921 3696 φυλακὴν

356 3727 540 3796 βαλεῖν
568 3724 750 3786 αὑτὸν,
772 3723 905 3776 δπου
925 3738 989 3789 γε
1015 3721 1106 3775 καὶ
1134 3719 1231 3789 τὴν
1254 3719 1522 3788 ἐξωτέραν
1554 3716 1755 3786 ἀνέῳξε
1774 3713 1920 3784 ςιὸη

358 3813 459 3865 Διά
471 3813 524 3865 τί
544 3812 599 3864 δὲ
628 3813 681 3862 ἐν
706 3806 879 3872 νυκτὶ,
906 3808 998 3860 καὶ
1020 3807 1154 3877 μετά
1181 3803 1403 3873 σεισμοῦ
1425 3803 1676 3871 γέγονεν;
1710 3801 1924 3853 Ἐνδοτέ

362 3917 457 3969 μοι
481 3896 675 3966 μικρὸν
706 3895 800 3948 καὶ
812 3892 1264 3963 παραχωρήσατε,
1278 3890 1386 3943 τῶν
1406 3886 1771 3942 ἀποστολικῶν
1787 3889 1923 3940 ἀπο-

360 3983 615 4056 σχομένῳ
638 3981 916 4051 ῥημάτων,
950 3979 1045 4032 καὶ
1072 3978 1468 4048 ἐντρυφήσαντι
1498 3977 1609 4037 τοῖς
1643 3973 1924 4027 ἀποστολι-

361 4078 475 4136 xor;
503 4071 844 4141 πράγμασιν,
866 4064 1180 4137 ἐστιαθῆναι
1201 4066 1259 4117 ἐν
1280 4067 1345 4135 τῇ
1364 4063 1551 4117 ἀλύσει
1573 4060 1783 4114 Παύλου
1805 4078 1818 4091 ·
1843 4060 1926 4112 δό-

358 4177 418 4213 τε
445 4178 536 4231 μοι
555 4156 811 4211 ἐπιπλέην
829 4152 1181 4223 ἐνδιατρῖψαι.
1202 4149 1573 4219 Ἐπελαὸόμην
1594 4149 1686 4201 τοῦ
1706 4146 1923 4218 δεσμοῦ,

360 4246 534 4306 οὑδείς
568 4261 636 4314 με
663 4242 972 4313 ἀφίστησιν.
1018 4236 1439 4307 Ἀσφαλὲστερον
1467 4235 1575 4303 ἐγὼ
1594 4234 1812 4304 δέδεμαι
1832 4232 1927 4287 νῦν

360 4334 438 4404 τῷ
458 4330 631 4401 πόθῳ,
665 4329 700 4401 ἦ
730 4329 934 4389 ἐκεῖνος
954 4326 1072 4378 τότε
1100 4323 1177 4394 τῷ
1200 4323 1361 4392 ξύλῳ.
1402 4320 1599 4375 Τοῦτον
1618 4320 1791 4383 οὐδεὶς
1811 4319 1927 4372 λύει

361 4419 453 4473 τὸν
475 4415 693 4487 δεσμόν·
717 4414 824 4469 ἀπὸ
845 4412 952 4482 γάρ
973 4410 1065 4464 τοῦ
1088 4410 1253 4463 πόθου
1277 4409 1393 4461 ἐστὶ
1413 4406 1501 4460 τοῦ
1523 4406 1775 4478 Χριστοῦ’
1803 4405 1929 4459 τοῦ-

363 4524 453 4560 τον
479 4505 601 4560 οὑδέ
622 4504 673 4558 οἱ
696 4501 938 4569 ἄγγελοι,
965 4498 1082 4552 οὑδέ
1107 4497 1349 4568 βασιλεία
1367 4494 1605 4566 οὐρανῶν
1637 4492 1807 4565 ἰσχύει
1831 4493 1931 4547 λῦ-

367 4608 492 4649 oar
533 4589 701 4645 αὑτοῦ
747 4586 957 4641 Παύλου
998 4586 1145 4639 ἐστὶν
1175 4581 1403 4635 ἀκοῦσαι
1446 4581 1727 4647 λέγοντος,
1785 4579 1933 4633 οὔτε

367 4684 627 4750 ἄγγελοι,
643 4678 783 4732 οὔτε
798 4672 993 4745 ἀρχαὶ,
1011 4672 1147 4726 οὔτε
1166 4670 1469 4738 δυνάμεις,
1481 4667 1618 4721 οὔτε
1636 4665 1937 4721 ἐνεστῶτα

366 4769 506 4822 οὔτε
520 4766 847 4837 μέλλοντα,
869 4761 1006 4815 οὔτε
1024 4758 1239 4826 ὕψωμα
1256 4755 1393 4809 οὔτε
1402 4753 1595 4819 βάθος
1610 4752 1936 4818 δυνήσεται

369 4836 531 4921 ὴμᾶςί
552 4851 803 4919 χωρίσαι
829 4847 945 4900 ἀπὸ
980 4843 1090 4913 τῆς
1117 4842 1352 4911 ἀγάπης
1384 4839 1489 4893 τοῦ
1516 4836 1794 4907 Χριστοῦ.

440 5012 596 5073 Τίνος
616 5003 710 5063 οῦν
737 5009 897 5061 ἓνεκα
925 5005 1090 5075 μέσον
1120 5003 1330 5056 νυκτῶν
1354 5003 1414 5055 τὸ
1452 5003 1683 5073 πρᾶγμα
1713 4999 1937 5067 γέγονε;

372 5103 514 5162 τίνος
538 5097 727 5149 ἕνεκεν
751 5094 845 5147 καλ⁸
872 5091 1008 5162 μετά
1031 5087 1254 5160 σεισμοῦ
1277 5105 1291 5153 ;
1326 5089 1616 5141 Ἀκούσατε
1640 5086 1773 5139 Θεοῦ
1795 5086 1941 5138 οίκο-

372 5185 585 5255 νομίαν,
622 5180 719 5234 καὶ
743 5176 1080 5247 θαυμάσατε.
1113 5174 1334 5227 Πάντων
1354 5172 1422 5225 τά
1442 5171 1612 5241 δεσμὰ
1636 5171 1816 5240 ἐλύθη.
1850 5171 1943 5223 καὶ

375 5276 430 5338 αἱ
455 5272 620 5341 θύραι
647 5264 990 5336 ἀνεῴγησαν.
1030 5260 1191 5314 Ἀλλά
1223 5258 1383 5313 τοῦτο
1417 5258 1572 5327 μόνον
1604 5256 1692 5309 διὰ
1712 5258 1800 5311 τὸν
1820 5258 1944 5310 δεσ-

380 5359 671 5430 μοφύλακα
716 5350 975 5421 γέγονεν,
1024 5348 1086 5401 οὑ
1128 5345 1266 5415 πρὸς
1315 5342 1592 5430 ἐπίδειξιν,
1630 5344 1763 5396 ἀλλά
1811 5343 1944 5414 πρὸς

378 5429 673 5514 σωτηρίαν.
723 5440 848 5492 Ὀτι
906 5436 1015 5505 γὰρ
1069 5433 1168 5486 οὑκ
1209 5432 1404 5503 ᾔδεσαν
1442 5431 1492 5483 οί
1540 5429 1812 5497 δεσμῶται
1863 5432 1944 5482 ὅτι

376 5532 661 5598 λελυμένοι
702 5525 862 5590 εἰσὶν,
894 5522 1052 5591 δῆλον
1085 5519 1191 5572 ἀπὸ
1225 5519 1328 5588 τῆς
1365 5517 1546 5585 φωνῆς
1596 5515 1830 5567 Παύλου.
1881 5515 1945 5567 Τί

379 5620 490 5687 γάρ
514 5630 713 5685 φησιν;
751 5609 1029 5680 Ἐφώνησε
1045 5607 1102 5659 δέ
1124 5608 1271 5677 φωνῇ
1299 5605 1504 5674 μεγάλῃ
1521 5601 1693 5670 λέγων
1713 5619 1725 5632 -
1748 5600 1948 5687 Μηδὲν

382 5686 617 5771 πράξῃς
637 5696 872 5760 σεαυτῷ
896 5695 1103 5755 κακὸν,
1141 5691 1355 5756 πάντες
1380 5688 1486 5759 γάρ
1509 5689 1693 5756 ἐσμεν
1717 5686 1943 5741 ἐνθάδε.

382 5792 497 5843 Οὑκ
543 5788 612 5840 ἂν
642 5785 699 5836 δὲ
735 5785 933 5842 πάντες
974 5776 1111 5848 ἦσαν
1143 5777 1308 5839 ἔνδον,
1374 5779 1421 5827 εί
1468 5771 1607 5827 εἶδον
1650 5774 1746 5834 τὰς
1782 5773 1948 5841 θύρας

384 5871 771 5944 ἀνεῳγμένας,
793 5868 888 5921 καὶ
910 5867 1130 5926 ἑαυτοὺς
1152 5862 1489 5932 λελυμένους.
1523 5863 1583 5913 Οἱ
1614 5860 1719 5929 γὰρ
1743 5860 1946 5926 τοίχους

1998 518 2145 573 διατέ
2153 536 2395 589 μνοντες,
2419 520 2514 572 καὶ
2528 517 2749 588 ὀρόφους
2766 516 2860 567 καὶ
2879 513 3100 585 θριγκία
3120 515 3559 584 ὑπερϐαίνοντες,

1998 607 2089 658 καὶ
2126 606 2305 659 πάντα
2344 604 2646 674 τολμῶντες
2694 601 2834 671 μετά
2868 599 3103 670 δεσμῶν,
3149 600 3248 652 οὑκ
3284 598 3350 652 ἀν
3394 600 3561 670 tuap—

1994 693 2255 762 τέρησαν,
2278 691 2372 745 καὶ
2402 690 2509 742 τῶν
2529 688 2740 758 δεσμῶν
2759 687 3063 756 λελυμένων
3106 685 3201 739 καὶ⁵
3227 685 3335 737 τῶν
3382 685 3562 755 θυρῶν

1993 778 2385 849 ἀνεῳγμένων,
2430 776 2577 830 ἔνδον
2613 777 2827 845 μένειν,
2873 774 2967 828 καὶ
3004 773 3099 826 τοῦ
3157 772 3561 842 δεσμοφύλακος

1996 867 2347 929 καθεύδοντος
2391 865 2579 921 αὑτοῦ.
2650 865 2799 918 Ἀλλ’
2825 863 2946 917 ἀντὶ
2991 861 3203 929 δεσμῶν
3237 859 3469 931 σιδηρῶν
3491 855 3560 929 ἧν

1994 954 2176 1014 αὐτοῖς
2191 955 2219 1006 ὁ
2238 951 2531 1022 δεσμδςτοῦ
2545 949 2732 1003 ὕπνου.
2758 949 2857 1004 Διά
2866 949 3023 1003 τοῦτο
3032 950 3202 1012 οὑτως
3211 945 3557 1019 ᾠκονομήθη,

1994 1040 2136 1094 ὥστε
2173 1040 2267 1093 καὶ
2283 1040 2346 1091 τὸ
2371 1039 2602 1109 πρᾶγμα
2623 1036 2898 1104 γενέσθαι,
2925 1038 3019 1089 καὶ
3047 1034 3315 1106 μηδεμίαν
3334 1032 3442 1088 ἀπὺ
3464 1029 3559 1084 τοῦ

1997 1126 2274 1195 θαύματος
2311 1124 2512 1193 ζημίαν
2556 1122 2829 1192 συμῦῆναι
2870 1121 2950 1191 τῷ
3000 1122 3248 1191 μέλλοντι
3294 1118 3561 1183 σώζεσθαι

1994 1211 2381 1281 δεσμοφύλακι.
2415 1209 2525 1262 Καὶ
2554 1210 2749 1279 ἑτέρως
2772 1208 2829 1261 δέ
2858 1207 3094 1279 μάλιστα
3129 1208 3182 1258 σί
3205 1205 3477 1263 δεδεμένοι
3503 1206 3562 1256 ἐν

1997 1299 2149 1352 νυκτὶ⁵
2158 1299 2212 1349 δε
2221 1296 2603 1367 σμοῦνται,οὑκ
2621 1294 2892 1364 ὲνὴμέρα.
2908 1293 3061 1347 Μετά
3074 1291 3272 1361 πολλῆς
3285 1287 3378 1345 οὖν
3395 1307 3560 1343 σπου·-

1996 1384 2091 1453 δῆς
2106 1380 2174 1454 ἦν
2188 1382 2314 1435 ἰδεῖν
2326 1380 2638 1451 δεδεμένους
2652 1380 2834 1444 πάλιν,
2855 1380 2947 1431 καὶ
2962 1377 3338 1439 καθεύδοντας,
3359 1377 3421 1428 Et
3436 1376 3493 1428 δέ
3509 1378 3566 1427 ἐν

1999 1471 2180 1541 ἡμέρᾳ
2201 1469 2415 1537 ἐγένετο
2434 1467 2628 1531 ταῦτα,
2652 1466 2816 1529 πολὺς
2843 1464 2909 1518 ἂν
2929 1466 3142 1533 ἐγένετο
3156 1461 3566 1532 θόρυδοςπίνος

1998 1553 2090 1610 οὖν
2112 1556 2294 1609 ἕνεκεν
2320 1555 2413 1608 καὶ
2440 1554 2659 1622 ἐσείσθη
2689 1552 2969 1622 τδοίκημα
2992 1570 3006 1617 ;
3036 1551 3195 1602 ’Ὥστε
3221 1549 3566 1616 διαναστῆναι

1999 1644 2089 1696 τὸν
2116 1643 2498 1713 δεσμοφύλακα
2526 1643 2617 1694 ἐπὶ
2648 1641 2745 1712 τὴν
2769 1641 2864 1693 τοῦ
2886 1640 3206 1713 πράγματος
3226 1636 3352 1689 θέαν
3376 1652 3390 1666 ⁸
3415 1630 3566 1696 οὗτος

2000 1729 2110 1801 γάρ
2129 1725 2197 1801 ἦν
2219 1730 2363 1795 άξιος
2390 1730 2485 1801 τῆς
2518 1728 2788 1798 σωτηρίας
2818 1726 2996 1796 μόνος.

2073 1922 2145 1974 Σὺ
2166 1921 2223 1975 δέ
2253 1938 2342 1990 μοι
2370 1920 2468 1974 θέα
2497 1920 2593 1990 τῆς
2619 1920 2716 1973 τοῦ
2750 1917 2988 1990 Χριστοῦ
3024 1918 3245 1987 χάριτος
3282 1913 3379 1984 τὴν
3404 1914 3571 1982 61:59-

2003 2007 2186 2077 δολήν.
2224 2007 2442 2072 Μεταξὺ
2469 2007 2577 2076 γὰρ
2604 2006 2711 2059 τῶν
2742 2005 2953 2061 Παύλου
2978 2004 3188 2072 δεσμῶν
3217 2004 3311 2055 καὶ
3345 2001 3442 2067 τῆς
3473 1997 3570 2051 τοῦ

2003 2094 2239 2165 Χριστοῦ
2264 2095 2484 2163 χάριτος
2506 2092 2813 2163 μεμνῆσθαι
2834 2092 3015 2156 καλὸν,
3043 2091 3240 2159 μᾶλλον
3260 2088 3317 2140 δέ
3332 2088 3426 2141 καὶ
3448 2084 3573 2138 ταῦ-

2003 2199 2071 2234 τα
2102 2183 2198 2250 τῆς
2218 2182 2312 2234 τοῦ
2338 2180 2474 2233 Θεοῦ
2508 2181 2725 2251 χάριτός
2753 2182 2921 2232 ἐστιν.
2954 2179 3071 2231 Εἰσί
3103 2192 3247 2238 τινες
3283 2170 3576 2241 ἐγκαλοῦν-

2004 2286 2094 2332 τες
2117 2271 2198 2321 δτι
2224 2268 2454 2336 διεσώθη
2472 2271 2502 2321 ὁ
2529 2267 2889 2337 δεσμοφύλαξ.
2914 2268 3005 2319 καὶ
3025 2266 3162 2334 ὑπὲρ
3181 2257 3256 2316 ὧν
3278 2260 3575 2331 θαυμάζειν

2004 2354 2099 2410 τοῦ
2129 2353 2264 2408 Θεοῦ
2288 2355 2386 2422 τὴν
2416 2353 2820 2425 φιλανθρωπίαν
2862 2352 3052 2421 ἐχρῆν,
3097 2350 3205 2404 ἀπὸ
3233 2346 3438 2400 τούτων
3474 2345 3574 2415 ψέ-

2005 2458 2194 2511 γοντες
2209 2456 2220 2468 ·
2249 2443 2341 2494 καὶ
2362 2442 2511 2494 οὐδὲν
2527 2440 2857 2509 θαυμαστόν.
2882 2440 2943 2491 Οί
2964 2439 3072 2505 γὰρ
3088 2436 3328 2496 ἀσθενεῖς
3346 2432 3574 2486 τοιοῦτοί

2008 2533 2164 2591 εἰσιν.
2221 2529 2269 2582 0!
2300 2530 2394 2582 καὶ
2425 2524 2523 2598 τῆν
2555 2528 2859 2597 τρέφουσαν
2890 2527 3096 2595 τροφὴν
3131 2523 3473 2586 κακίζουσιν,
3508 2521 3575 2587 ἢν

2007 2616 2305 2686 θαυμάζειν
2330 2616 2515 2684 ἐχρῆν,
2542 2615 2640 2667 καὶ
2667 2613 2728 2665 τὺ
2752 2613 2872 2682 μέλι
2894 2613 3089 2681 πικρὸν
3116 2606 3253 2662 εἷναί
3278 2624 3429 2675 φασι.
3468 2607 3577 2658 Καὶ

2008 2704 2057 2754 οί
2103 2702 2537 2771 τυφλώττοντες,
2570 2700 2662 2767 ἀφ’
2690 2692 2752 2750 οῦ
2794 2698 3020 2766 ὤφειλον
3056 2694 3419 2764 φωτίζεσθαι,
3470 2692 3579 2746 ἀπὸ

2010 2788 2197 2841 τούτου
2244 2786 2597 2850 σκοτίζονται.
2659 2787 2717 2838 ού
2746 2788 2897 2854 παρὰ
2944 2786 3042 2854 τὴν
3086 2785 3193 2835 τῶν
3239 2778 3579 2850 πραγμάτων

2014 2877 2173 2945 φύσιν
2201 2874 2405 2927 τούτων
2453 2872 2876 2941 συμϐαινόντων,
2925 2870 3057 2924 ἀλλὰ
3100 2868 3249 2940 παρὰ
3291 2869 3388 2935 τὴν
3416 2864 3579 2917 ἀσθέ-

2013 2980 2158 3018 νειαν
2187 2961 2292 3013 τῶν
2324 2961 2400 3023 είς
2430 2960 2545 3013 δέον
2569 2960 2749 3021 αὐτοῖς
2792 2958 3088 3028 κεχρῆσθαι
3140 2956 3214 3024 μὴ
3248 2953 3577 3020 δυναμένων.

2156 3050 2220 3101 Τί
2235 3045 2325 3102 οῦν
2341 3048 2523 3115 ἔλεγον
2540 3063 2555 3113 ;
2574 3046 2700 3099 Δέον
2722 3046 3013 3115 θαυμάσαι.
3039 3046 3118 3095 ὅτι
3136 3045 3213 3105 είς
3240 3042 3473 3110 ἐσχάτην
3489 3056 3581 3091 κα-

2014 3138 2137 3190 κίαν
2166 3135 2491 3205 ἐμπεσόντα,
2524 3132 2709 3187 τοῦτον
2742 3126 2874 3195 εἷλε,
2924 3131 3018 3183 καὶ
3053 3129 3243 3199 βελτίω
3268 3127 3579 3197 εἰργάσατο,

2014 3225 2230 3291 λέγουσι
2255 3239 2268 3252 °
2309 3220 2430 3282 Πῶς
2457 3220 2565 3291 γὰρ
2596 3220 2693 3272 οὑκ
2725 3220 2941 3288 ἐνόμισε
2970 3218 3032 3270 τὸ
3067 3217 3296 3285 πρᾶγμα
3328 3212 3582 3282 γοητείας

2015 3306 2155 3363 εἶναι
2196 3310 2289 3361 καὶ
2327 3307 2682 3376 μαγγανείας,
2724 3307 2817 3358 καὶ
2851 3301 3287 3375 μᾶλλονεαύτοὺς
3326 3299 3581 3364 κατέσχε.

2019 3398 2111 3450 καὶ
2130 3395 2459 3457 ἀνωλόλυξε;
2490 3393 2665 3446 Πολλά
2691 3392 2826 3461 πρὸς
2846 3391 3003 3442 τοῦτο
3024 3386 3374 3441 συνεϐάλλετο
3397 3400 3410 3413 ·
3436 3382 3585 3452 πρῶ-

2018 3498 2107 3533 τον
2141 3481 2259 3549 μὲν,
2286 3480 2367 3531 ὅτι
2392 3480 2622 3547 ηκουσεν
2663 3475 2972 3542 ὑκνούντων
2998 3475 3089 3525 τὸν
3113 3471 3244 3523 Θεόν
3266 3486 3279 3497 ο
3308 3471 3408 3521 οὑκ
3435 3467 3497 3519 ἀν
3528 3466 3585 3519 δέ

2021 3568 2213 3635 γόητες
2228 3564 2497 3625 τοιούτους
2509 3556 2839 3633 ὑμνουςῇδον
2859 3577 2872 3589 ·
2898 3559 3132 3611 Ἤκουσε
3148 3556 3255 3625 γὰρ
3269 3554 3465 3614 αὑτῶν,
3487 3570 3586 3621 φη-

2026 3655 2128 3713 σὶν,
2158 3651 2465 3721 ὑμνούντων
2478 3648 2565 3701 τὸν
2586 3647 2738 3701 Θεόν.
2761 3646 3041 3716 Δεύτερον,
3065 3644 3146 3696 δτι
3169 3641 3324 3695 αὐτοὶ
3339 3641 3435 3693 οὑκ
3455 3637 3586 3692 ἀπέ-

2024 3756 2212 3807 φυγον,
2248 3736 2385 3791 ἀλλά
2405 3737 2496 3788 καὶ
2518 3736 2677 3788 αὑτὸν
2704 3733 2980 3787 ἐκώλυσαν
3012 3730 3212 3799 σφάξαι
3250 3728 3438 3782 ἑαυτόν
3455 3742 3468 3754 ·
3489 3725 3587 3778 οὑκ

2024 3825 2089 3879 ἂν
2112 3826 2191 3888 δὲ,
2226 3826 2273 3877 εἰ
2307 3823 2511 3877 ἐαυτῶν
2544 3823 2727 3875 ἕνεκεν
2755 3819 2990 3881 ἐποίουν,
3041 3818 3186 3873 ἔνδον
3217 3816 3427 3885 ἔμενον,
3452 3812 3588 3864 ἀλλά

2027 3914 2322 3983 προτέρους
2346 3912 2412 3966 ἂν
2442 3912 2666 3972 ἑαυτοὺς
2693 3909 2911 3973 ἐξεῖλον.
2946 3906 3119 3974 Πολλὴ
3150 3904 3206 3957 δέ
3233 3902 3412 3957 αὑτῶν
3432 3902 3524 3953 καὶ
3554 3901 3588 3968 ἡ

2026 3999 2432 4070 φιλανθρωπίαο
2477 3997 2754 4050 ἐκώλυσαν
2787 3996 2948 4049 αὑτὸν
3001 3992 3197 4061 σφάξαι
3253 3989 3463 4046 ἑαυτὸν.
3499 3987 3591 4038 τὸν

2026 4086 2259 4157 δήσαντα
2277 4085 2493 4147 αὐτοὺς,
2522 4081 2801 4151 μονονουχὶ
2831 4082 2965 4148 πρδς
2987 4079 3148 4130 αὑτὸν
3171 4077 3419 4141 λέγοντες
3440 4091 3454 4104 ο
3478 4073 3590 4126 Ms-

2027 4174 2095 4229 τὰ
2126 4173 2323 4241 πολλῆς
2357 4172 2453 4238 τῆς
2479 4168 2773 4236 ἀσφαλείας
2791 4165 3075 4233 ὴσφαλίσω
3102 4166 3179 4220 είς
3198 4163 3293 4229 τὴν
3322 4160 3591 4228 ἐσωτέραν

2034 4259 2208 4328 βαλὼν
2236 4257 2501 4326 φυλακὴν,
2527 4255 2619 4307 καὶ
2648 4250 2859 4322 πικρῶς
2891 4250 3036 4319 ἡμᾶς
3059 4247 3275 4317 ἐδησας,
3310 4245 3398 4297 ἵνα
3429 4245 3593 4314 λυθῇς

2029 4346 2189 4407 αὑτὸς
2215 4344 2324 4396 τῶν
2348 4340 2687 4410 πικροτάτων
2712 4335 2947 4406 δεσμῶν.
2976 4335 3189 4403 Σειραῖς
3207 4333 3315 4401 γάρ
3335 4330 3445 4384 τῶν
3472 4331 3595 4382 ἐαυ-

2032 4429 2125 4482 τοῦ
2160 4426 2439 4498 άμαρτιῶν
2480 4420 2707 4485 ἕκαστος
2756 4420 3059 4489 σφίγγεται.
3108 4420 3322 4472 Ἐκεῖνα
3354 4418 3450 4486 μὲν
3488 4417 3597 4485 γάρ

2032 4514 2283 4585 ἐπάρατα
2324 4512 2391 4564 τὰ
2427 4509 2624 4578 δεσμὰ,
2658 4506 2831 4559 ταῦτα
2863 4506 2917 4559 δὲ
2963 4505 3226 4575 μακάρια,
3261 4505 3355 4557 καὶ
3400 4503 3595 4569 πολλῆς

2034 4601 2201 4670 εὐχῆς
2224 4598 2364 4661 ἄξια.
2403 4597 2528 4649 Ὂτι
2576 4595 2684 4665 γάρ
2715 4592 2830 4646 λύει
2869 4593 2939 4645 τά
2969 4592 3143 4659 δεσμά
3174 4592 3353 4642 ἐκεῖνα
3402 4588 3594 4651 ταῦτα,

2037 4685 2233 4751 ἔδειξεν
2254 4684 2359 4738 ἀπὸ
2391 4684 2498 4737 τῶν
2523 4680 2813 4751 αἰσθητῶν.
2847 4675 2997 4741 Εἶδες
3035 4678 3159 4739 τοὺς
3179 4676 3257 4745 τῷ
3283 4676 3484 4743 σιδήρῳ
3514 4676 3597 4726 δε-

2037 4773 2290 4843 δεμένους
2329 4771 2617 4837 λυθέντας;
2656 4768 2815 4839 Ὄψει
2844 4768 2935 4821 καὶ
2971 4765 3167 4820 σαυτὸν
3204 4764 3261 4830 ἐξ
3290 4762 3489 4833 ἐτέρων
3517 4762 3599 4811 δε-

2041 4859 2192 4928 σμῶν
2218 4857 2474 4910 ἀνεθέντα
2502 4856 2773 4926 χαλεπῶν.
2810 4853 2993 4907 Ταῦτα
3042 4851 3109 4903 τὰ
3153 4849 3349 4919 δεσμὰ,
3396 4848 3463 4899 τά
3494 4846 3602 4898 τῶν

2039 4946 2328 5018 δεσμωτῶν
2371 4946 2534 5013 λέγω,
2590 4945 2652 4996 οὑ
2709 4943 2773 4996 τὰ
2808 4941 3043 5001 Παύλου,
3092 4940 3276 4989 ἐκεῖνα
3330 4934 3397 4987 τά
3429 4934 3602 5000 δεσμά

2041 5043 2183 5093 ποιεῖ
2207 5039 2273 5093 τὰ
2298 5038 2402 5090 τῶν
2428 5036 2729 5106 ἁμαρτιῶν.
2768 5033 2939 5101 Διπλῇ
2968 5028 3105 5101 ἦσαν
3130 5028 3403 5095 δεσμῶται
3432 5024 3481 5074 οἱ
3519 5023 3601 5073 ἒν-

2041 5133 2148 5196 δον,
2172 5128 2268 5184 καῖ¹
2298 5129 2460 5191 αὑτὸς
2498 5125 2780 5196 δεσμώτης
2802 5119 2871 5192 ἦν
2903 5123 2931 5173 ό
2969 5115 3333 5187 δεσμοφύλαξ.
3380 5113 3603 5165 Ἐκεῖνοι

2046 5221 2145 5291 μὲν
2194 5222 2302 5288 γάρ
2349 5218 2553 5287 σιδήρῳ
2581 5216 2839 5275 ἐδέδεντο,
2893 5210 2986 5263 καὶ
3016 5207 3332 5276 ἁμαρτίαις,
3373 5198 3605 5267 οῦτοςδέ

2043 5309 2336 5379 ἁμαρτίαις
2357 5308 2565 5376 μόναις.
2591 5304 2819 5356 Ἔλυσεν
2842 5299 3082 5358 ἐκείνους
3104 5298 3130 5348 ό
3147 5295 3357 5357 Παῦλος
3381 5295 3461 5358 εἰς
3478 5294 3603 5360 πλη-

2048 5399 2305 5470 ροφορίαν
2333 5397 2523 5450 τούτου
2544 5413 2557 5426 ο
2591 5395 2684 5448 καὶ
2710 5394 2818 5461 γάρ
2843 5386 2909 5458 ἦν
2949 5389 3119 5459 ὁρατά
3142 5388 3210 5441 τά
3236 5386 3431 5457 δεσμά.
3452 5384 3607 5439 Οὕτω

2047 5489 2185 5542 καὶὸ
2216 5485 2445 5555 Χριστὸς
2470 5483 2714 5551 ἐποίησε,
2739 5479 2936 5549 μᾶλλον
2962 5477 3018 5530 δέ
3038 5475 3426 5546 ἀντιστρόφως.
3462 5474 3609 5524 Ἐκεῖ

2047 5578 2206 5646 διπλῆ
2251 5575 2553 5645 παράλυσις
2576 5568 2664 5642 ἦν.
2703 5568 2832 5622 Ποία
2866 5568 2923 5620 δέ
2956 5567 3126 5637 αῦτη;
3178 5567 3245 5618 Ἦ
3282 5564 3389 5613 τῶν
3429 5563 3606 5628 ἀμαρ-

2047 5668 2195 5731 τιῶν,
2224 5662 2475 5732 καὶήτοῦ
2507 5661 2773 5730 σώματος.
2797 5655 3160 5718 Τίοὺνποιεῖ;
3190 5652 3424 5717 Θάρσει,
3453 5650 3606 5717 φησὶ.

2051 5760 2283 5819 τέκνον,
2317 5754 2609 5822 ἀφέωνταί
2639 5770 2755 5807 σου
2784 5755 2843 5806 αὶ
2877 5750 3174 5820 ἁμαρτίαι.
3207 5741 3485 5809 Προτέραν
3512 5739 3609 5808 τὴν

2057 5851 2220 5910 ὅντως
2260 5844 2559 5916 παράλυσιν
2598 5843 2802 5909 ἔλυσεν,
2837 5840 2953 5896 εἶτα
3002 5841 3094 5893 ἐπὶ
3136 5833 3343 5897 ταύτην
3370 5828 3610 5897 ἔρχεται-
