3932 6220
103 95 864 114 -ᾼ--ῌυ--ῌ

259 439 318 494 6|
1075 424 1136 483 IN
1179 421 1388 482 I-ZPIST.
1437 425 1524 477 AD
1567 419 1803 477 EI’III'IS.
1847 417 1994 474 CAP.
2041 417 2123 473 IV.
2169 421 2392 476 I-IOIIIL.
2442 420 2571 477 VIII.
3460 412 3528 472 63

261 566 446 608 corum
463 548 551 620 qui
570 554 719 602 erant
738 545 880 599 intus
899 531 1079 595 vincti:
1100 539 1213 606 ipse
1231 553 1442 607 quoque
1463 545 1644 590 custos
1664 546 1838 587 carce-

263 643 340 694 ris
358 649 476 696 erat
493 640 718 692 vinctus.
731 634 862 689 Nam
884 632 959 686 illi
981 630 1195 700 quidem
1215 629 1358 682 ferro
1376 627 1538 680 vineti
1567 625 1776 678 fuerant
1792 633 1844 677 et

267 749 350 801 νυ(
369 732 524 792 catis,
559 729 642 783 hic
668 736 846 780 autem
868 721 1001 777 solis
1024 720 1277 790 peccatis.
1310 717 1430 772 Illos
1453 716 1610 770 solvit
1629 714 1842 777 Paulus,

265 828 326 872 ut
355 818 424 873 de
449 817 549 870 hoc
580 813 830 868 redderet
852 810 1114 864 certiores
1140 824 1154 870 ;
1188 816 1340 859 erant
1369 805 1514 859 enim
1545 801 1845 871 aspectabi-

266 913 336 966 lia
368 909 598 964 vincula.
629 906 702 960 lta
730 905 891 959 etiam
917 902 1042 958 fecit
1066 899 1329 962 Christus,
1351 897 1456 949 imo
1484 909 1612 949 vero
1637 902 1844 946 contra.

267 1007 375 1060 Illic
405 1003 592 1072 duplex
623 997 1033 1068 eratparalysis.
1055 995 1308 1061 Quaenam
1329 999 1502 1042 autem
1522 987 1619 1040 ea?
1654 985 1850 1040 Pecca-

265 1107 438 1152 torum
464 1103 518 1149 et
546 1091 811 1160 corporis.
844 1089 981 1156 Quid
1010 1102 1138 1156 ergo
1181 1084 1349 1139 facil?
1391 1082 1622 1150 Con/ide,
1658 1078 1847 1146 inquit,

264 1190 362 1254 ﬁli,
380 1187 703 1241 remittuntur
727 1182 816 1234 tibi
843 1188 1047 1249 peccata
1076 1175 1292 1247 (Matth.
1323 1173 1377 1229 9.
1402 1173 1484 1243 2).
1515 1173 1665 1226 Prius
1693 1169 1853 1224 solvit

265 1295 382 1335 eam
412 1292 533 1348 quae
558 1289 683 1330 vere
705 1282 821 1328 erat
847 1271 1124 1342 paralysis,
1149 1266 1344 1321 deinde
1365 1265 1428 1318 ad
1462 1265 1598 1317 hanc
1623 1259 1848 1316 accedit.

263 1357 492 1439 Quando
511 1369 654 1424 enim
687 1365 905 1432 Quidam
934 1375 995 1415 ea:
1019 1360 1196 1414 seritis
1227 1358 1462 1410 dicebant
1483 1354 1620 1422 apud
1645 1370 1717 1414 se,
1749 1349 1852 1404 Iste

265 1462 608 1529 blasphemat,
655 1457 814 1510 sciens
866 1452 1018 1507 Jesus
1064 1465 1234 1504 eorum
1287 1445 1634 1516 cogitationes,
1682 1443 1852 1496 dixit:

269 1553 410 1618 Quid
441 1550 669 1620 cogitatis
694 1544 830 1599 mala
873 1546 926 1598 in
959 1543 1192 1597 cordibus
1220 1541 1437 1593 vestris?
1460 1537 1597 1602 Quid
1618 1547 1688 1589 est
1720 1535 1849 1606 faci-

267 1643 369 1694 lius
408 1641 594 1703 dicere,
637 1636 978 1690 Remittuntur
1001 1643 1088 1685 tua
1116 1640 1338 1699 peccata,
1365 1646 1430 1681 an
1471 1628 1658 1691 dicere,
1688 1625 1855 1692 Surge

269 1743 316 1784 et
345 1729 592 1782 antbula?
622 1726 688 1781 Ut
713 1735 880 1777 autem
907 1723 1080 1776 sciatis
1104 1720 1240 1790 quod
1271 1726 1563 1788 potestatem
1582 1714 1728 1767 habet
1756 1711 1852 1764 Fi-

270 1823 369 1875 lius
388 1819 604 1872 hominis
623 1813 908 1870 remittendi
926 1821 1133 1882 peccata
1156 1812 1206 1863 in
1232 1819 1382 1872 terra,
1409 1806 1529 1858 dicit
1545 1803 1852 1874 paralytico,

272 1913 458 1980 Surge,
503 1919 548 1963 et
583 1909 703 1961 tolle
739 1909 922 1960 lectum
953 1915 1114 1968 tuum,
1159 1911 1204 1955 et
1234 1900 1361 1953 vade
1394 1900 1445 1951 in
1473 1897 1678 1950 domum
1714 1903 1855 1946 tuam

272 2002 396 2073 (Id.
420 2018 467 2055 υ.
494 2001 594 2054 ’5-6
622 1999 662 2069 ).
693 1998 768 2052 Ex
800 1997 901 2050 hoc
927 1993 1069 2064 quod
1099 2002 1181 2047 est
1208 1991 1423 2051 sensile,
1451 1984 1783 2042 confirmavit
1804 1982 1855 2037 id

269 2094 413 2164 quod
461 2092 603 2147 cadit
641 2091 744 2144 sub
783 2087 1210 2156 intelligentiam,
1255 2091 1310 2137 ut
1352 2081 1442 2151 qui
1485 2094 1548 2133 ex
1591 2075 1854 2146 corporali

272 2182 467 2240 fecerit
507 2182 560 2236 id
589 2180 727 2250 quod
776 2188 860 2232 est
908 2177 1182 2230 inanima.
1226 2175 1331 2228 Cur
1359 2181 1534 2226 autem
1565 2170 1667 2222 hoc
1694 2168 1859 2222 fecit?

273 2274 343 2330 Ut
374 2272 692 2341 impleretur
713 2268 854 2338 quod
877 2267 1078 2320 dictum
1107 2273 1215 2329 est,
1247 2263 1400 2316 Serve
1428 2277 1657 2328 nequam,
1686 2274 1747 2311 ex
1776 2273 1862 2310 ore

273 2378 365 2420 tuo
391 2376 439 2419 te
460 2363 645 2434 judico
675 2360 826 2429 (Luc.
860 2359 947 2413 I9.
977 2357 1092 2423 22).
1117 2354 1250 2420 Quid
1281 2353 1353 2406 illi
1387 2353 1630 2406 dixerunt
1653 2350 1676 2402 ?
1699 2349 1862 2402 Nemo

275 2463 458 2525 potest
502 2453 782 2506 remittere
825 2456 1040 2517 peccata
1073 2445 1170 2499 uisi
1201 2443 1350 2498 solus
1378 2443 1534 2504 Deus,
1567 2453 1736 2509 neque
1761 2453 1860 2490 an-

277 2547 450 2613 gelus,
481 2555 658 2611 neque
679 2538 1053 2606 archangelns,
1086 2549 1259 2603 neque
1283 2533 1384 2586 alia
1410 2539 1641 2601 potestas
1661 2537 1857 2584 creata.

279 2637 388 2688 Vos
430 2635 531 2687 hoc
559 2628 792 2686 confessi
837 2629 995 2682 estis.
1023 2624 1160 2692 Quid
1191 2637 1319 2693 ergo
1344 2628 1612 2690 oporteret
1637 2617 1860 2672 dicere?

276 2725 331 2778 Si
355 2732 628 2778 ostensum
658 2719 818 2773 fuerit
844 2717 987 2788 quod
1013 2715 1164 2770 solvo
1193 2722 1430 2783 peccata,
1460 2712 1632 2780 palam
1665 2718 1748 2763 est
1775 2723 1863 2762 me

277 2833 401 2871 e-se
444 2816 632 2870 Deum.
677 2812 746 2866 At
785 2826 894 2865 non
941 2809 1020 2863 sic
1059 2807 1214 2870 dixit,
1257 2805 1350 2859 sed
1397 2803 1560 2872 quid?
1593 2801 1659 2856 Ut
1691 2802 1864 2854 sciatis

278 2906 416 2975 quod
441 2904 610 2958 Filius
637 2901 855 2956 hominis
883 2899 1030 2953 habet
1059 2907 1350 2967 potestatem
1392 2911 1540 2963 super
1569 2903 1753 2946 terram
1778 2907 1863 2944 re-

278 2996 513 3050 mitteudi
556 3001 780 3064 peccata,
833 3000 951 3044 tunc
980 2989 1099 3041 dicit
1129 2986 1430 3056 paralytico,
1463 2985 1646 3052 Surge,
1673 2993 1719 3036 et
1745 2983 1861 3035 tolle

282 3093 465 3144 lectum
515 3097 675 3150 tuutn,
718 3093 762 3137 et
792 3083 916 3136 vade
951 3082 1003 3134 in
1035 3081 1238 3132 domum
1275 3087 1434 3129 tuam.
1463 3075 1686 3142 Quando
1714 3089 1860 3143 ergo,

283 3179 478 3248 inquit.
502 3175 644 3246 quod
663 3171 1024 3228 estdifticilius
1042 3171 1236 3231 l'cccro,
1264 3167 1435 3236 palam
1453 3175 1533 3219 est
1555 3165 1620 3218 de
1645 3179 1710 3217 eo
1727 3164 1865 3231 quod

285 3279 371 3324 est
390 3268 547 3322 facile
570 3265 770 3319 nullam
797 3261 1024 3329 relinqui
1054 3257 1552 3313 contradictionem.
1578 3257 1865 3322 Propterea

289 3365 380 3418 ille
412 3362 560 3432 prius
588 3359 714 3414 fecit
740 3357 790 3411 id
815 3356 953 3426 quod
983 3354 1124 3409 cadit
1153 3355 1252 3408 sub
1280 3353 1702 3422 intelligentiam,
1731 3365 1866 3419 quo-

289 3457 432 3508 niam
464 3452 614 3506 multi
643 3459 798 3505 erant
833 3448 920 3518 qui
950 3445 1426 3501 contradicehant:
1469 3444 1555 3496 hic
1589 3452 1767 3494 autem
1800 3439 1869 3492 ab

289 3562 358 3599 eo
404 3543 546 3613 quod
587 3542 730 3596 cadit
774 3539 874 3594 sub
915 3535 1342 3606 intelligentiam,
1373 3532 1572 3600 redegit
1603 3532 1774 3601 ipsqu
1802 3529 1866 3583 ad

290 3637 512 3694 sensile.
542 3633 800 3689 Levitatis
830 3644 958 3699 ergo
1007 3644 1112 3682 non
1142 3636 1255 3681 erat
1281 3626 1434 3679 fides.
1464 3623 1607 3677 Vidit
1641 3622 1866 3686 vinctos,

289 3739 347 3782 et
391 3726 520 3780 nihil
567 3724 690 3777 mali
733 3722 868 3776 vidit
909 3735 1007 3773 nec
1048 3717 1218 3772 audiit
1263 3733 1276 3766 :
1328 3715 1460 3769 vidit
1491 3715 1543 3768 id
1576 3730 1678 3767 non
1708 3712 1873 3766 fuisse

293 3819 496 3874 factum
539 3814 820 3886 praestigiis
858 3821 914 3866 et
960 3809 1362 3872 ineantatione;
1397 3807 1560 3860 Deum
1589 3807 1730 3859 enim
1761 3804 1873 3857 lau-

290 3909 497 3963 dabant
528 3923 542 3958 :
587 3904 714 3957 vidit
737 3903 910 3956 omnia
955 3901 1089 3955 facta
1108 3914 1225 3954 esse
1247 3915 1310 3954 ex
1335 3897 1498 3952 multa
1524 3895 1882 3961 humanitate;

291 4014 403 4052 non
426 3996 570 4051 enim
601 3994 694 4047 ulti
721 4001 864 4055 sunt,
898 3993 997 4046 etsi
1023 3998 1286 4060 poterant.
1312 3987 1567 4041 Poterant
1591 3986 1732 4040 enim
1766 3989 1878 4039 vin-

292 4091 400 4146 ctis
425 4087 616 4144 solutis
642 4086 788 4140 abire
812 4101 826 4149 ;
856 4084 899 4138 si
929 4099 1031 4136 uou
1065 4083 1277 4145 vinctis,
1303 4080 1494 4133 saltem
1522 4079 1751 4148 seipsis;
1783 4079 1875 4133 sed

296 4197 405 4235 non
439 4178 698 4234 fecerunt.
727 4172 1088 4241 Quamobrem
1117 4186 1236 4226 eum
1265 4180 1387 4223 sunt
1409 4169 1644 4233 reveriti,
1665 4183 1770 4222 non
1793 4183 1880 4222 so-

300 4273 408 4324 lum
431 4268 502 4321 oh
526 4265 860 4327 miraculum,
876 4263 968 4317 sed
992 4262 1152 4315 etiam
1173 4261 1242 4314 ob
1263 4276 1459 4314 mores.
1481 4259 1759 4326 Quomodo
1783 4275 1877 4314 es-

296 4357 581 4416 clamavit?
610 4356 753 4410 Voce
780 4368 969 4422 magna
997 4352 1203 4417 dicens,
1233 4349 1383 4404 Nihil
1412 4351 1499 4403 tibi
1529 4351 1652 4403 ntali
1680 4351 1877 4420 feceris;

298 4467 470 4506 omnes
498 4450 632 4502 enim
660 4447 741 4499 hic
768 4461 961 4499 sumus.
1000 4443 1160 4497 Vides
1191 4443 1329 4495 inani
1355 4443 1520 4511 gloria
1549 4453 1603 4496 et
1625 4441 1759 4497 fasm
1791 4459 1879 4496 va-

301 4558 479 4604 cuum,
507 4554 692 4594 amore
713 4536 1030 4590 ferventem.
1064 4533 1178 4586 Non
1206 4532 1357 4596 dixit,
1393 4533 1616 4600 Propter
1642 4548 1740 4587 nos
1770 4533 1883 4588 lucc

303 4636 433 4690 facta
457 4643 600 4693 sunt,
627 4629 722 4686 sed
756 4638 1001 4696 tauquam
1031 4639 1168 4679 unus
1195 4641 1264 4679 ex
1293 4625 1481 4678 vinctis
1501 4625 1631 4678 dicit
1654 4643 1665 4676 :
1700 4626 1883 4679 Omnes

303 4727 433 4781 enim
479 4725 561 4776 hic
587 4737 781 4776 sumus.
825 4719 984 4786 Atqui
1019 4717 1226 4772 etiamsi
1257 4732 1360 4770 non
1389 4718 1556 4786 prius,
1587 4733 1760 4786 neque
1791 4732 1883 4785 per

302 4816 620 4873 miraculum
667 4827 727 4867 se
768 4811 1069 4872 solvissent,
1111 4819 1165 4863 at
1203 4809 1281 4862 eis
1326 4808 1562 4862 licuisset
1604 4809 1798 4873 facere,
1831 4818 1886 4862 et

304 4923 492 4963 omnes
537 4906 698 4960 etiam
741 4903 946 4956 vinctos
977 4900 1205 4953 solvere.
1244 4899 1296 4953 Si
1327 4899 1467 4953 enim
1500 4900 1797 4963 siluisseut,
1830 4910 1884 4954 ct

306 5018 406 5055 non
451 5017 552 5070 per
595 5015 843 5070 magnam
895 5014 1082 5052 vocem
1121 4999 1238 5064 ejus
1284 5013 1468 5050 manus
1495 4997 1881 5062 cohibuissem,

305 5109 395 5160 per
417 5101 604 5162 guttur
621 5106 805 5144 ensem
831 5089 1262 5158 transadegissel.
1291 5087 1574 5154 Propterea
1598 5088 1756 5142 etiam
1781 5089 1887 5141 cla-

304 5184 483 5249 mavit,
518 5182 772 5251 quoniam
801 5180 854 5232 in
898 5179 1204 5233 interiorem
1257 5191 1526 5229 carcerem
1557 5185 1672 5229 erat
1700 5176 1883 5242 eouje-

302 5281 416 5325 ctus
440 5289 452 5322 :
476 5271 681 5324 Contra
711 5279 786 5332 te,
815 5268 1004 5336 inquit,
1029 5268 1130 5320 hoc
1162 5265 1360 5327 fecisti,
1391 5263 1611 5317 interius
1633 5264 1887 5332 conjectis

304 5363 364 5414 iis
402 5360 492 5426 qui
541 5371 593 5413 te
623 5365 779 5412 erant
825 5357 1095 5410 liheraturi
1137 5373 1165 5410 a
1199 5355 1457 5424 perieulo.
1492 5354 1595 5406 Sed
1628 5369 1732 5406 non
1764 5365 1887 5407 sunt

304 5453 490 5505 imitati
521 5467 646 5520 quae
675 5450 744 5504 ab
783 5449 874 5503 illo
905 5449 1040 5503 facta
1071 5447 1302 5502 fuerant.
1340 5447 1434 5500 Illo
1463 5456 1640 5498 autem
1678 5458 1884 5499 mortuo

302 5559 489 5597 ontucs
520 5542 862 5610 effugissent.

368 5635 420 5687 5.
455 5632 654 5686 Vidisti
673 5630 816 5698 quod
847 5629 1132 5683 maluerint
1161 5644 1280 5682 esse.
1309 5629 1506 5692 vincti,
1554 5643 1709 5696 qttam
1741 5628 1884 5683 il!um

304 5737 621 5792 pereuntem
651 5723 951 5791 despicere.
995 5723 1143 5791 Apud
1169 5739 1228 5777 se
1260 5724 1378 5777 ideo
1404 5722 1648 5792 cogitavit
1677 5747 1689 5774 ;
1719 5725 1770 5776 Si
1803 5741 1883 5776 es-

301 5828 415 5871 sent
460 5814 890 5888 praestigiatorcs
913 5853 927 5881 ,
952 5823 1094 5869 certe
1128 5825 1179 5869 ct
1209 5815 1327 5869 illos
1372 5816 1676 5880 SOIVIsztl,
1709 5826 1760 5870 et
1793 5832 1879 5870 se—

1952 532 2096 599 ipsos
2121 531 2437 588 liberassent
2463 550 2491 588 a
2514 535 2763 600 vinculis;
2805 547 2885 592 cst
2906 542 3047 596 enim
3082 547 3368 608 verisimile
3395 557 3532 610 mul-

1954 634 2033 676 los
2062 640 2274 694 quoque
2297 626 2430 680 tales
2453 626 2615 682 fuisse
2635 629 2876 697 injectus.
2905 635 3148 704 Alioquin
3181 652 3356 695 autem
3379 688 3390 708 ,
3411 661 3532 702 cmn

1952 728 2095 782 Sarpe
2125 717 2416 784 accepisset
2453 720 2900 789 prmstigiatores,
2950 736 3001 778 et
3034 727 3160 782 nihil
3203 732 3308 786 tale
3337 734 3535 792 factum

1952 820 2072 858 esse
2101 805 2342 869 videret,
2375 809 2594 861 miratus
2626 820 2726 864 cst.
2765 813 3122 887 Prmstigiator
3164 837 3268 876 non
3308 840 3536 882 concus-

1954 897 2114 950 sissct
2144 897 2486 952 fundamenta
2526 904 2794 968 carceris,
2836 917 2892 958 ut
2927 908 3043 976 ejus
3073 914 3347 968 custodem
3391 921 3534 972 exci-

1956 997 2112 1052 taret,
2153 999 2206 1044 et
2236 991 2472 1046 efficeret
2516 1003 2571 1046 ut
2618 995 2720 1048 sibi
2767 996 2884 1067 fuga
2930 1011 3073 1054 esset
3113 1004 3400 1064 difficilior.
3433 1012 3538 1064 Sed

1951 1079 2059 1148 jam
2092 1081 2362 1134 videamus
2390 1082 2547 1136 fidem
2575 1085 2815 1139 custodis
2845 1091 3101 1144 carceris.
3137 1094 3323 1160 Petito,
3351 1099 3538 1167 inquit.

1955 1170 2146 1224 lumine
2174 1173 2507 1241 inti-egressus
2538 1185 2610 1229 est
2635 1218 2648 1240 ,
2679 1187 2724 1228 et
2751 1184 3072 1249 tremefactus
3113 1188 3327 1251 procidit
3376 1189 3544 1245 Paulo

1956 1273 2000 1316 et
2034 1263 2162 1317 Sila:
2181 1265 2249 1316 ad
2270 1266 2449 1333 pedes;
2477 1275 2522 1318 et
2553 1269 2832 1333 producens
2860 1286 2943 1327 eos
2972 1272 3109 1340 foras
3135 1276 3282 1341 dixit,
3319 1280 3542 1344 Domini,

1956 1353 2078 1422 quid
2095 1369 2172 1406 me
2199 1365 2392 1424 oportet
2415 1360 2600 1425 facere,
2629 1368 2680 1410 ut
2708 1360 2876 1412 salvus
2893 1362 3167 1431 [iam(Act.
3196 1369 3278 1420 lli.
3304 1369 3390 1423 9.9.
3423 1374 3543 1428 30‘t?

1960 1444 2135 1512 Ignem
2172 1447 2386 1499 tenebat
2415 1457 2466 1499 et
2495 1448 2728 1516 gladium
2750 1489 2763 1511 ,
2796 1460 2850 1502 et
2879 1452 3023 1517 dicit,
3060 1453 3281 1516 Domini,
3315 1461 3437 1525 quid
3467 1433 3544 1515 me

1959 1545 2151 1602 Oportet
2181 1539 2346 1606 [m‘ere
2365 1577 2380 1599 ,
2421 1547 2470 1587 ἰι
2497 1538 2665 1591 salvas
2695 1541 2814 1605 ﬁant
2835 1542 2860 1593 1’
2889 1543 2952 1593 At
2974 1543 3050 1595 illi
3075 1545 3307 1600 dixerunt
3341 1564 3359 1602 .'
3384 1549 3543 1606 Crede

1959 1626 2010 1677 in
2062 1623 2332 1678 Dominum
2361 1626 2534 1678 Jesum
2561 1668 2576 1690 ,
2617 1640 2662 1681 et
2706 1631 2881 1684 salvus
2926 1634 3023 1687 eris
3054 1645 3126 1699 tu,
3160 1647 3206 1690 et
3233 1638 3412 1694 domas
3456 1653 3543 1695 tua

1962 1714 2067 1787 (Ib.
2104 1733 2149 1768 υ.
2181 1717 2292 1786 51).
2331 1717 2437 1769 lloc
2469 1733 2572 1771 non
2600 1730 2701 1784 est,
2735 1721 2922 1790 inquit,
2952 1726 3416 1796 praestigiatorum,
3439 1734 3543 1788 tale

1962 1807 2233 1860 decretum
2271 1810 2478 1864 tradere
2510 1829 2522 1862 :
2570 1827 2827 1880 nusquam
2859 1813 2946 1869 hic
2976 1819 3230 1872 memoria
3260 1821 3538 1876 tIfDIIIOIlIS.

1964 1898 2120 1952 Vides
2153 1915 2310 1969 quam
2353 1902 2421 1954 sit
2448 1902 2536 1955 ille
2563 1902 2754 1973 dignus
2781 1905 2871 1974 qui
2901 1906 2990 1960 fiat
3019 1909 3234 1964 salvus?
3263 1911 3394 1966 Nam
3420 1929 3542 1968 cum

1962 1990 2180 2046 vidisset
2207 1993 2547 2059 miraculum,
2577 2004 2630 2049 et
2661 2007 2803 2050 metu
2833 2010 2975 2053 esset
3007 2000 3260 2056 liberatus
3281 2045 3296 2069 ,
3329 2021 3433 2060 non
3464 2015 3548 2060 est

1963 2081 2159 2134 oblitus
2186 2098 2374 2137 eorum
2409 2101 2528 2154 qua:
2559 2096 2714 2140 erant
2752 2089 3126 2156 conducibilia,
3155 2093 3249 2147 sed
3288 2094 3337 2147 iu
3365 2111 3432 2149 eo
3455 2113 3546 2164 pe-

1965 2172 2132 2226 riculo
2176 2189 2360 2226 curam
2406 2177 2664 2244 gerebant
2700 2180 2886 2233 salutis
2924 2182 3136 2248 animas,
3162 2195 3215 2239 et
3237 2189 3462 2242 accessit
3480 2189 3546 2242 ad

1965 2262 2213 2317 doctores
2243 2265 2308 2316 ita
2335 2275 2391 2318 ut
2417 2269 2659 2334 oportuit
2682 2270 2976 2335 accedere;
3014 2282 3068 2327 ct
3097 2277 3325 2342 provhlit
3356 2279 3419 2330 ad
3449 2295 3544 2331 eo-

1967 2368 2080 2405 rum
2112 2355 2293 2420 pedes.
2331 2355 2395 2407 Et
2424 2357 2616 2426 loqnnti
2639 2370 2775 2425 sunt,
2802 2361 2994 2430 inquit,
3018 2365 3063 2416 ei
3092 2367 3290 2418 verbum
3321 2367 3540 2432 Domini,

1965 2454 2010 2496 et
2037 2445 2267 2498 onmibus
2293 2445 2381 2516 qui
2399 2457 2546 2500 erant
2569 2449 2621 2500 in
2650 2450 2799 2502 domo
2827 2452 2960 2520 ejus.
2993 2452 3056 2506 Et
3077 2455 3254 2508 tollens
3274 2474 3355 2510 eos
3376 2459 3426 2510 in
3457 2461 3548 2513 illa

1967 2545 2129 2596 nocte,
2159 2537 2278 2589 lavit
2305 2537 2483 2608 plagas
2509 2556 2701 2605 eorum,
2732 2552 2776 2594 et
2802 2543 3088 2611 baptizatus
3102 2558 3170 2601 est
3189 2549 3295 2614 ipse
3319 2561 3364 2603 et
3385 2555 3547 2605 omnis

1969 2630 2077 2695 ejus
2105 2627 2283 2682 domus
2313 2633 2548 2684 continuo
2577 2633 2734 2702 (Ibid.
2786 2651 2832 2687 v.
2861 2637 2948 2690 59..
2980 2637 3088 2708 55).
3129 2639 3285 2694 Vides
3313 2643 3406 2696 viri
3441 2645 3548 2697 fer-

1969 2721 2190 2774 vorem?
2217 2721 2328 2774 Non
2357 2723 2581 2787 distulit,
2618 2742 2720 2778 nou
2751 2728 2905 2794 dixit,
2935 2729 3050 2783 Fiat
3078 2733 3216 2798 dies,
3251 2733 3546 2799 videamus,

1969 2811 2402 2877 consideremus;
2436 2815 2531 2869 sed
2580 2832 2772 2886 magno
2822 2820 3029 2875 fervore
3078 2833 3131 2876 ct
3180 2824 3292 2892 ipse
3341 2835 3394 2879 et
3443 2837 3550 2882 tota

1973 2901 2084 2969 ejus
2113 2902 2304 2958 domus
2343 2902 2441 2958 fuit
2477 2906 2738 2974 baptizata
2771 2926 2783 2960 :
2816 2925 2918 2962 non
2966 2921 3143 2965 autem
3179 2923 3235 2966 ut
3263 2931 3402 2969 nunc
3434 2917 3552 2983 plu-

1973 2992 2090 3044 rimi
2120 2992 2420 3062 despiciunt
2440 3005 2490 3048 et
2517 3011 2702 3050 servos
2728 3011 2776 3051 et
2805 3015 2998 3053 uxores
3026 3017 3088 3055 ac
3122 3003 3316 3057 liberos
3355 3017 3552 3075 myste-

1971 3083 2062 3135 riis
2098 3099 2203 3135 uon
2253 3084 2507 3139 initiatos.
2544 3085 2670 3140 Sitis
2695 3128 2708 3148 ,
2741 3103 2872 3157 rogo
2897 3130 2910 3153 ,
2959 3101 3018 3143 ut
3045 3103 3225 3145 custos
3267 3100 3546 3151 carceris:

1973 3188 2076 3226 non
2099 3176 2414 3229 auctoritate
2437 3177 2578 3242 dico,
2599 3178 2694 3232 sed
2715 3179 2976 3235 instituto.
3005 3182 3139 3249 Quid
3168 3185 3307 3238 enim
3337 3189 3555 3254 prodest

1971 3267 2282 3329 aut-toritas,
2315 3268 2356 3319 si
2388 3269 2632 3322 voluntas
2675 3281 2729 3323 et
2760 3271 3054 3326 institutum
3090 3276 3158 3327 sit
3191 3277 3555 3332 imlncillum?

1973 3355 2160 3425 Papaal
2214 3358 2302 3426 qui
2333 3368 2450 3411 erat
2487 3360 2720 3412 crudelis
2747 3402 2762 3424 ,
2790 3363 2878 3429 qui
2925 3362 3142 3415 immitis
3164 3406 3178 3429 ,
3209 3368 3296 3433 qui
3344 3368 3556 3423 vivebat

1972 3462 2091 3502 Cum
2119 3448 2272 3500 malis
2297 3448 2603 3500 hominibus
2633 3451 3131 3515 innuuierahilibus,
3157 3455 3245 3522 qui
3279 3457 3380 3510 hoc
3410 3473 3554 3512 sem-

1976 3553 2070 3606 per
2100 3537 2478 3601 meditabatur,
2512 3539 2646 3591 adeo
2690 3540 2973 3606 humanus,
3015 3543 3149 3597 adeo
3181 3547 3436 3600 sollicitus
3467 3565 3554 3604 rc-

1979 3639 2138 3694 pente
2164 3629 2362 3681 evasit!
2398 3628 2564 3692 Lavit,
2599 3629 2797 3698 inquit,
2839 3632 3014 3702 plagas
3043 3651 3234 3688 eorum.
3265 3637 3556 3694 Considera

1979 3736 2161 3774 rursus
2189 3721 2348 3776 etiam
2385 3722 2527 3774 Paidi
2572 3724 2832 3776 fervorem
2867 3741 2878 3774 :
2908 3726 3134 3786 vinctus.
3165 3728 3458 3798 Il:igel.'atus
3485 3734 3556 3787 ita

1977 3814 2389 3882 evangelizabat.
2439 3813 2484 3868 Ο
2532 3815 2738 3868 beatam
2783 3818 3060 3870 catenam!
3105 3820 3276 3886 qualis
3327 3821 3424 3874 fuit
3471 3823 3558 3878 illa

1982 3913 2137 3957 nocte
2167 3903 2282 3972 ejus
2324 3906 2638 3973 parturitio?
2683 3906 2868 3972 quales
2910 3908 3114 3975 peperit
3165 3909 3336 3962 tilias?
3377 3913 3449 3966 De
3496 3915 3559 3969 iis

1981 3995 2081 4050 dici
2116 4005 2290 4065 potest
2321 4015 2334 4051 :
2363 3999 2506 4063 Quos
2534 3999 2688 4067 genui
2723 3999 2772 4052 in
2805 4000 2938 4052 meis
2964 4001 3204 4053 vinculis.
3239 4002 3398 4057 Vides
3424 4021 3555 4074 quo—

1984 4089 2140 4140 modo
2167 4091 2416 4153 exsultet,
2447 4099 2497 4141 et
2530 4089 2641 4140 vult
2686 4088 2822 4142 filios
2848 4129 2862 4153 ,
2893 4089 2980 4156 qui
3011 4090 3119 4140 nati
3161 4100 3286 4142 sunt
3323 4109 3386 4145 ex
3436 4095 3556 4158 hoc,

1981 4194 2100 4235 esse
2125 4178 2554 4248 splendidiores?
2588 4177 2734 4230 vides
2763 4178 3091 4230 vinculorqu
3118 4188 3312 4246 quanta
3353 4181 3420 4233 sit
3465 4198 3562 4250 po-

1986 4272 2169 4334 tentia,
2192 4286 2313 4323 rum
2344 4283 2447 4320 nou
2481 4267 2654 4321 solum
2683 4282 2803 4348 eum
2827 4267 2912 4334 qui
2940 4275 3022 4320 est
3048 4267 3151 4320 illis
3182 4268 3559 4336 circumdatus,

1986 4362 2079 4415 sed
2102 4362 2260 4414 etiam
2288 4375 2382 4413 eos
2426 4374 2560 4427 quos
2603 4358 2693 4412 ille
2734 4373 2798 4411 eo
2827 4366 3064 4425 tempore
3106 4359 3345 4428 peperit,
3380 4361 3566 4416 reddat

1989 4448 2414 4517 splendidiores?
2441 4446 2647 4500 llabcut
2676 4446 2875 4514 aliquid
2904 4447 3128 4514 amplius
3152 4488 3164 4509 ,
3193 4450 3280 4516 qui
3312 4451 3417 4502 nati
3440 4462 3567 4506 sunt

1989 4540 2040 4593 in
2065 4538 2288 4592 vinculis
2307 4537 2453 4590 Pauli
2489 4552 2504 4590 :
2534 4551 2636 4587 non
2660 4535 2780 4589 dico
2806 4535 2856 4588 in
2878 4538 3040 4604 gratia
3062 4551 3079 4601 ;
3105 4547 3186 4588 est
3212 4539 3354 4590 enim
3378 4541 3566 4595 eadem

1989 4630 2184 4699 gratia;
2218 4642 2316 4682 nec
2343 4627 2394 4680 in
2429 4623 2775 4689 remissione;
2819 4634 2900 4679 cst
2930 4625 3070 4678 enim
3099 4625 3285 4680 eadem
3327 4630 3564 4684 omnium

1991 4719 2233 4772 remissio
2263 4735 2277 4769 :
2305 4711 2402 4772 sed
2421 4715 2606 4785 quoda
2628 4716 2901 4786 prooemiis
2924 4715 3184 4769 docentur
3210 4716 3276 4770 de
3303 4717 3566 4787 ejusmodi

1993 4809 2152 4862 rebus
2180 4807 2347 4861 Imtari
2378 4818 2432 4861 ct
2458 4806 2746 4861 exsultare.
2782 4804 2849 4858 Et
2895 4805 3107 4872 tollens,
3153 4808 3318 4872 inquit
3347 4850 3362 4873 ,
3394 4825 3477 4862 eos
3517 4812 3569 4863 in

1992 4903 2080 4954 illa
2109 4902 2232 4952 hora
2255 4901 2413 4953 noctis
2437 4939 2452 4964 ,
2503 4898 2619 4950 lavit
2651 4898 2827 4968 plagas
2856 4915 3050 4963 eorum,
3083 4908 3127 4951 et
3159 4901 3443 4969 baptizatus
3475 4912 3566 4955 est.

1996 4996 2068 5048 Ile
2095 5005 2289 5048 cancro
2319 5002 2495 5046 autem
2542 4991 2662 5045 vide
2705 4991 2933 5044 fructum
2969 5011 2982 5044 :
3015 5007 3109 5059 pro
3141 4992 3206 5044 iis
3235 4994 3414 5045 statim
3445 4993 3568 5045 red-

1992 5086 2125 5139 didit
2153 5085 2404 5139 carnalia.
2431 5085 2652 5154 Cumqne
2679 5083 2992 5151 perduxisset
3018 5122 3031 5146 ,
3067 5084 3258 5150 inquit,
3288 5099 3371 5136 eos
3397 5085 3448 5134 in
3479 5085 3569 5136 do-

1993 5192 2130 5228 mum
2158 5192 2322 5236 suam,
2353 5175 2525 5226 statim
2541 5174 2778 5242 apposuit
2809 5176 2878 5226 eis
2907 5188 3128 5224 mensam
3154 5213 3168 5233 ,
3200 5182 3245 5224 et
3274 5174 3472 5228 lwtatus
3499 5188 3570 5230 est

1992 5284 2106 5320 cum
2141 5275 2244 5318 tota
2285 5265 2431 5318 domo
2461 5265 2595 5334 quod
2624 5264 2914 5315 credidisset
2951 5262 3072 5313 Deo.
3113 5261 3246 5326 Quid
3276 5262 3418 5318 enim
3465 5282 3572 5320 non

1992 5365 2104 5411 crat
2135 5358 2402 5417 facturus,
2431 5355 2562 5407 cado
2605 5356 2650 5406 ei
2685 5361 2870 5418 aperto
2900 5367 2994 5418 per
3024 5351 3353 5417 apertiouem
3378 5355 3574 5421 janua-

1995 5464 2110 5500 rum
2142 5445 2412 5498 carceris?
2444 5444 2594 5496 Lavit
2621 5443 2918 5502 doctorem,
2949 5457 3186 5495 mensam
3217 5447 3484 5512 apposuit,
3516 5457 3571 5500 et

1995 5539 2295 5593 exsultavit.
2331 5537 2569 5604 lugreSsa
2599 5543 2680 5586 est
2709 5534 2758 5584 iu
2785 5549 3053 5586 career-eui
3084 5545 3271 5587 eatena
3305 5536 3449 5586 Pauli
3477 5576 3489 5596 ,
3520 5547 3572 5590 ct

1995 5646 2341 5699 tptuzeumque
2370 5627 2477 5678 illic
2499 5634 2646 5677 erant
2672 5624 2793 5675 fecit
2821 5627 3120 5689 ecclesiam,
3153 5636 3206 5676 et
3233 5624 3428 5675 Christi
3452 5641 3572 5677 etr-

1998 5739 2091 5790 pus
2121 5738 2306 5773 omnes
2339 5718 2481 5778 I'ecit,
2511 5726 2562 5767 et
2592 5732 2827 5767 mensam
2855 5717 3098 5785 apposuit
3128 5714 3457 5781 spiritualcut
3478 5755 3490 5777 ,
3523 5728 3572 5767 et

2000 5832 2091 5868 eos
2120 5816 2270 5866 huius
2300 5821 2378 5863 est
2408 5809 2589 5863 enimn
2619 5811 2807 5878 quibus
2839 5812 3064 5878 gaudent
3096 5809 3290 5878 angeli.
3332 5805 3465 5857 Nunt
3495 5815 3570 5858 ιον
