3932 6220
397 283 474 342 63
1147 280 1207 333 S.
1238 279 1354 332 1οᾹ
1364 274 1515 331 NNlS
1551 266 1982 327 ιιιιιιιδυδιυι

2088 264 2363 337 neuter.
2405 266 2936 328 cousmumor.
3620 287 3684 343 re

406 412 558 450 mere
598 395 842 450 dicebam
881 408 1148 448 carcerem
1191 405 1309 446 esse
1349 388 1481 443 cmlo
1527 381 1984 456 splendidiorem?

407 486 540 554 Ejus
585 487 725 538 enim
767 501 885 553 qua:
930 483 1038 537 illic
1082 491 1166 537 est
1206 481 1401 535 Ιωιιιιιιε
1452 479 1538 532 hic
1578 476 1678 530 fuit
1723 490 1901 529 causa.
1930 474 1985 527 Si

405 577 548 630 enim
584 586 798 642 propter
835 591 993 628 unum
1046 584 1378 642 peccatorem
1421 569 1784 637 ptBnitcnIiam
1822 581 1986 634 agen-

405 677 510 720 tem
556 666 803 735 gaudium
837 674 917 718 est
959 665 1006 715 in
1041 649 1186 716 cadis
1220 661 1372 731 (Luc.
1405 660 1489 713 l5.
1523 660 1577 728 7)
1611 678 1622 711 :
1652 659 1696 711 si
1744 657 1832 710 ubi
1879 655 1987 709 duo

404 765 526 808 sunt
554 758 854 825 congregati
888 755 936 807 in
970 754 1185 807 nomine
1214 753 1361 820 ejus,
1395 751 1500 822 illic
1537 761 1615 802 est
1645 749 1889 802 Christus
1933 747 1983 799 in

405 847 581 900 medio
609 863 791 901 eorum
821 846 1032 915 (Jluttit.
1060 845 1147 897 18.
1178 843 1271 914 ‘20)
1304 858 1317 894 :
1346 841 1432 894 ubi
1457 848 1539 894 est
1559 840 1696 893 Silus
1717 847 1770 892 et
1791 837 1986 891 Paulus

402 948 453 991 et
482 950 661 990 custos
688 937 920 990 carceris
945 948 998 990 et
1027 942 1137 988 tota
1165 934 1281 1003 ejus
1310 933 1500 986 domus
1543 941 1596 982 et
1639 939 1782 983 tanta
1832 929 1983 992 tides,

401 1029 566 1080 multo
598 1028 785 1097 magis.
821 1026 951 1081 V‘ide
981 1025 1370 1080 vehementiam
1391 1023 1536 1076 tidei.
1564 1021 1668 1077 Sed
1695 1023 1777 1075 hic
1803 1036 1986 1076 carcer

405 1122 524 1174 ιιιὶιιὶ
560 1121 830 1174 revocavit
862 1119 914 1174 in
943 1121 1253 1174 inemoriam
1285 1118 1446 1170 alium
1469 1131 1760 1170 carcerem.
1788 1115 1985 1184 Quem-

408 1227 518 1263 sam
551 1212 767 1263 autem?
799 1209 897 1266 Ubi
931 1218 1048 1264 erat
1073 1209 1282 1264 Petrus.
1319 1210 1386 1284 At
1415 1208 1520 1262 illic
1549 1202 1676 1260 ttihil
1710 1207 1807 1260 fuit
1836 1208 1980 1276 ejus-

412 1299 543 1353 nodi
569 1317 582 1366 ;
613 1299 707 1354 sed
737 1299 960 1354 traditus
991 1298 1164 1353 fuerat
1192 1297 1575 1353 custodiendus
1596 1307 1823 1367 quatuor
1851 1313 1982 1366 qua-

403 1391 731 1445 .‘cruionibus
786 1391 1015 1443 militum
1061 1391 1194 1460 (Act.
1229 1391 1312 1444 12.
1366 1391 1457 1458 4);
1499 1398 1553 1442 et
1601 1391 1830 1459 hymnos
1875 1404 1981 1442 non

397 1483 642 1547 «seuiebat,
667 1499 764 1538 nec
795 1482 1063 1554 vigilabat.
1093 1483 1185 1537 sed
1209 1481 1538 1545 dormiebat;
1586 1491 1639 1534 ct
1666 1497 1836 1550 tteque
1861 1479 1978 1535 fne‘

399 1583 480 1628 rat
510 1575 686 1646 ﬂagris
714 1589 907 1640 cursus,
930 1573 1026 1629 sed
1054 1572 1227 1641 majus
1257 1581 1372 1627 erat
1403 1572 1716 1642 perieulmn.
1739 1572 1869 1625 Nam
1895 1571 1982 1625 hic

397 1669 612 1736 quidem
641 1680 803 1721 Ictum
831 1667 942 1740 jam
971 1678 1086 1722 erat
1116 1668 1448 1731 confectum,
1489 1675 1544 1720 et
1591 1680 1776 1734 pinnas
1818 1663 1981 1719 dede-

400 1771 521 1818 rant
552 1779 564 1815 :
596 1762 702 1817 illic
725 1772 904 1816 autem
937 1760 1194 1814 nondum.
1229 1758 1405 1826 Quare
1435 1758 1533 1812 etsi
1564 1757 1796 1812 nondum
1827 1767 1981 1811 erant

399 1854 567 1922 plaga:
599 1853 830 1916 inﬂictzc,
857 1861 911 1904 at
943 1851 1102 1904 futuri
1132 1850 1460 1918 exspectatio
1489 1863 1584 1903 eos
1604 1847 1978 1902 contnrhabat.

401 1945 529 1997 Vide
551 1945 708 1998 etiam
748 1945 852 1998 illic
884 1942 1220 1996 miraculum.
1254 1940 1385 1995 Ecce
1409 1941 1618 2011 angelus
1650 1939 1854 1993 Domini
1881 1940 1980 1992 ad-

393 2036 538 2098 stitit,
575 2045 620 2088 et
658 2035 826 2089 lumen
857 2034 1058 2104 refulsit
1087 2036 1139 2085 in
1166 2032 1451 2085 habitacula
1483 2047 1500 2084 :
1537 2047 1868 2101 percussaque
1897 2030 1978 2083 la-

395 2135 497 2180 tere
530 2124 670 2180 Petri
692 2168 707 2191 ,
749 2127 983 2180 excitavit
1021 2141 1136 2180 eum
1163 2125 1333 2179 dicens
1366 2140 1382 2176 :
1411 2125 1578 2194 Surge
1622 2124 1874 2177 velociter.
1913 2123 1979 2175 Et

393 2217 561 2270 statim
589 2217 872 2271 ceciderunt
915 2227 1108 2271 catena:
1131 2219 1195 2270 de
1239 2217 1470 2270 manibus
1509 2217 1620 2286 ejus
1663 2215 1771 2284 (Ib.
1807 2231 1853 2267 υ.
1897 2216 1976 2284 7).

403 2307 480 2362 Ne
501 2308 832 2362 existimaret
860 2324 971 2362 rem
1004 2324 1126 2364 esse
1154 2309 1327 2363 solum
1362 2308 1517 2374 lucis,
1542 2318 1594 2361 et
1625 2307 1842 2362 Petrum
1878 2323 1977 2376 pu-

397 2398 560 2469 pugit.
591 2397 757 2451 Nemo
787 2407 964 2452 autem
1003 2398 1216 2451 videbat
1244 2397 1415 2452 lucem
1448 2399 1546 2451 nisi
1579 2399 1690 2466 ipse
1717 2400 1864 2455 solus
1884 2441 1896 2460 .
1926 2409 1978 2454 et

396 2487 734 2541 existimabat
761 2503 881 2542 esse
910 2489 1078 2540 visum
1113 2509 1125 2542 :
1155 2489 1232 2541 sic
1271 2493 1360 2558 qui
1398 2489 1672 2542 dormiunt
1715 2503 1818 2542 non
1859 2505 1976 2544 sen-

399 2579 536 2632 tiunt
565 2578 654 2632 Dei
700 2578 978 2632 benelicia.
1009 2577 1154 2631 Dixit
1175 2588 1343 2632 autem
1364 2619 1378 2645 ,
1413 2579 1616 2648 inquit,
1654 2580 1700 2633 ei
1733 2583 1980 2650 anJetns:

397 2668 720 2740 I’raecingere
738 2710 754 2736 ,
785 2679 831 2724 et
857 2671 1024 2724 calcca
1065 2679 1109 2724 te
1135 2669 1371 2725 sandalia
1399 2681 1508 2724 tua.
1551 2671 1615 2724 Et
1652 2672 1770 2742 fecit
1796 2673 1886 2725 sic.
1915 2672 1980 2728 Et

395 2763 518 2815 dicit
559 2764 647 2816 ei:
682 2761 953 2816 Circinnda
993 2763 1079 2816 tibi
1125 2763 1470 2819 restimenttnn
1515 2773 1679 2828 tuum,
1707 2775 1755 2818 et
1778 2783 1983 2832 sequere

398 2869 498 2907 me.
531 2851 596 2906 Et
645 2869 875 2924 egressus
901 2864 1139 2922 sequutus
1172 2864 1244 2906 est
1274 2870 1386 2907 eum
1414 2869 1433 2907 .‘
1470 2863 1516 2908 et
1557 2855 1801 2908 nesciebat
1846 2855 1982 2924 quod

394 2959 568 2998 verum
593 2955 718 3008 esset
746 2945 880 3014 quod
903 2945 1053 3013 ﬁebat
1097 2962 1186 3014 per
1232 2947 1467 3014 angelum
1496 2963 1514 3000 :
1544 2948 1859 3002 existimabat
1889 2966 1982 3002 au-

401 3047 500 3091 tem
526 3053 578 3091 se
608 3039 768 3090 visum
795 3038 982 3091 videre.
1017 3037 1355 3091 Transeuntes
1381 3049 1543 3092 autem
1568 3056 1657 3110 per
1688 3041 1905 3108 primam
1935 3051 1982 3094 et

397 3128 672 3181 secundam
697 3128 1001 3194 custodiam,
1033 3138 1271 3182 venerunt
1297 3130 1366 3180 ad
1391 3139 1587 3198 portant
1610 3135 1846 3200 ferream,
1871 3147 1984 3200 qua:

390 3221 534 3274 ducit
556 3221 623 3273 ad
649 3221 918 3282 civitatem,
950 3237 1061 3289 qua
1086 3222 1219 3274 ultro
1243 3233 1418 3288 aperta
1444 3230 1518 3274 est
1543 3221 1631 3274 eis.
1661 3220 1729 3276 Et
1750 3234 1984 3278 exeuntes

397 3320 743 3379 processerunt
766 3311 928 3364 vicum
951 3327 1112 3363 unum.
1135 3325 1155 3362 .'
1182 3320 1227 3364 et
1248 3311 1486 3364 continuo
1507 3310 1734 3364 discessit
1773 3313 1984 3383 angelus

395 3402 460 3456 ab
489 3420 545 3456 eo
572 3402 676 3471 (Ib.
703 3419 750 3457 v.
782 3402 968 3472 8—10).

470 3493 524 3547 6.
553 3493 655 3546 Cur
681 3492 814 3546 Deus
842 3494 1118 3562 permiserit
1143 3503 1198 3545 ut
1223 3534 1238 3557 ,
1265 3495 1349 3559 qui
1400 3492 1605 3547 Petrum
1636 3495 1984 3549 custodiebant

394 3583 452 3635 in
475 3597 694 3645 carcere,
721 3582 870 3633 occisi
893 3582 1098 3649 fuerint.
1125 3612 1195 3620 --
1224 3583 1331 3635 Cur
1358 3582 1442 3636 hic
1471 3600 1574 3636 non
1608 3583 1801 3638 factum
1825 3595 1908 3658 est
1933 3585 1984 3638 id

398 3671 540 3740 quod
569 3672 620 3724 in
654 3671 816 3724 Paulo
862 3680 915 3724 et
955 3671 1101 3724 Sila?
1131 3671 1282 3735 Quod
1313 3673 1419 3724 illic
1445 3673 1658 3742 quidem
1697 3689 1792 3729 eos
1831 3659 1985 3736 erant

393 3761 728 3826 'absnlutm-i;
760 3770 1041 3832 propterea
1083 3761 1255 3815 noluit
1291 3777 1386 3816 eos
1415 3763 1494 3816 sic
1535 3764 1669 3817 solvi
1701 3781 1714 3816 :
1750 3766 1800 3822 in
1829 3765 1986 3821 beato

394 3863 576 3906 autem
609 3853 785 3915 Petro,
817 3852 882 3906 ad
922 3861 1149 3906 mortem
1195 3867 1317 3906 eum
1357 3863 1512 3907 erant
1556 3855 1819 3910 educturi.
1849 3858 1983 3925 Quid

396 3960 530 4000 vero
555 3987 569 4010 ,
607 3945 797 4015 inquit,
826 3961 1002 4000 annon
1029 3945 1216 4001 fuisset
1257 3946 1572 4010 mirabilius,
1605 3949 1650 4002 si
1679 3948 1902 4004 eductus
1932 3959 1986 4002 et

395 4041 627 4094 traditus
655 4041 706 4093 in
746 4055 933 4094 manus
963 4040 1104 4110 regis
1125 4080 1140 4102 ,
1173 4051 1300 4094 tunc
1328 4051 1546 4110 ereptus
1591 4051 1735 4096 esset
1763 4059 1824 4096 ex
1856 4042 1986 4112 ipsis

394 4131 590 4185 mediis
621 4130 870 4198 periculis
894 4171 910 4196 ,
935 4140 992 4184 et
1023 4130 1154 4184 nihil
1175 4140 1319 4184 esset
1349 4132 1674 4200 perpessus?
1721 4133 1799 4187 sic
1840 4133 1983 4186 enim

393 4239 573 4292 neque
621 4223 905 4290 periissent
940 4223 1156 4278 milites.
1199 4221 1384 4292 Magna
1416 4223 1500 4277 hic
1531 4232 1672 4278 mota
1725 4231 1809 4278 est
1843 4238 1982 4292 quaa-

394 4315 525 4366 stio.
560 4313 697 4367 Deus
723 4327 876 4370 suum
898 4353 912 4375 ,
945 4313 1152 4382 inquit,
1181 4327 1394 4370 servum
1433 4314 1667 4368 servavit
1695 4328 1817 4368 cum
1846 4314 1985 4368 alio-

394 4420 517 4458 rum
546 4403 784 4458 cruciatu
809 4444 824 4470 ,
845 4419 972 4460 cum
999 4404 1223 4459 aliorum
1250 4405 1484 4464 interitu.
1516 4404 1653 4472 Quid
1681 4419 1809 4473 ergo
1831 4405 1986 4462 dice-

402 4494 554 4549 mus?
585 4494 764 4549 Primo
803 4494 1015 4564 quidem
1059 4511 1168 4549 non
1199 4510 1321 4550 eum
1349 4495 1582 4550 servavit
1607 4512 1728 4552 cum
1757 4495 1984 4549 aliorum

403 4589 648 4652 interitu;
685 4587 940 4650 secundo,
969 4604 1072 4640 non
1103 4587 1201 4644 fuit
1227 4589 1329 4644 hoc
1364 4604 1427 4644 ex
1461 4590 1536 4644 rei
1562 4591 1982 4658 dispensatione,

401 4680 492 4731 sed
520 4696 583 4732 ex
618 4679 947 4732 immanitate
967 4679 1183 4747 judicis.
1226 4679 1550 4746 Quomodo?
1580 4682 1717 4736 Dens
1742 4684 1886 4738 enim
1910 4684 1986 4738 sic

405 4785 514 4822 rem
539 4767 933 4822 administravit
971 4783 1036 4822 ac
1062 4768 1426 4837 dispensavit,
1460 4778 1518 4824 ut
1560 4788 1666 4825 non
1709 4772 1881 4827 solum
1929 4773 1984 4828 lii

393 4877 506 4913 non
538 4860 792 4930 perirent,
825 4858 919 4913 5rd
953 4860 1038 4913 ille
1065 4858 1224 4914 etiam
1253 4862 1430 4914 salvus
1457 4871 1638 4927 esset;
1667 4864 1803 4918 sicut
1823 4866 1985 4921 etiam

402 4953 487 5008 hic
515 4969 727 5026 quoque
757 4954 808 5008 in
840 4954 1063 5010 custode
1091 4956 1363 5020 carceris;
1400 4955 1489 5010 ille
1532 4967 1710 5011 autem
1755 4973 1860 5013 non
1903 4970 1987 5015 est

393 5061 528 5100 usus
548 5046 690 5101 dono
720 5057 778 5102 ut
805 5046 1058 5116 oportuit.
1107 5045 1274 5100 Facta
1299 5056 1466 5100 autem
1500 5047 1584 5102 die
1606 5090 1620 5112 ,
1658 5049 1848 5119 inquit,
1876 5061 1986 5106 erat

395 5153 502 5190 non
525 5154 680 5203 parva
705 5140 921 5192 turbatio
945 5139 1073 5193 inter
1095 5139 1278 5193 milites
1297 5139 1543 5209 quidnam
1563 5143 1754 5210 factum
1771 5154 1895 5196 esset
1923 5143 1987 5197 de

405 5227 562 5282 Petro
588 5227 694 5297 (Ib.
718 5246 766 5283 υ.
811 5233 920 5300 18).
967 5231 1111 5299 Quid
1155 5231 1381 5300 postea?
1413 5231 1651 5287 Herodes
1700 5249 1811 5288 rem
1861 5234 1986 5288 facit

397 5320 719 5384 examinari,
751 5331 806 5375 et
833 5323 899 5377 de
926 5324 992 5377 iis
1019 5323 1152 5379 facta
1181 5324 1552 5393 inquisitione,
1577 5324 1738 5393 jussit
1766 5325 1979 5380 abduci.

399 5409 534 5467 Nam
556 5412 600 5467 si
630 5426 736 5465 non
760 5411 1086 5482 inquisisset.
1117 5417 1292 5484 aliqua
1322 5423 1466 5470 esset
1493 5417 1765 5469 excusatio
1797 5433 1809 5468 :
1841 5432 1983 5471 nunc

400 5515 578 5560 autem
607 5503 855 5573 produxit
880 5545 893 5565 ,
922 5507 1264 5569 examinavit,
1292 5505 1482 5561 didicit
1505 5522 1625 5560 eum
1656 5507 1820 5561 fuisse
1865 5509 1981 5561 vin-

399 5606 567 5662 ctum,
589 5612 859 5651 carcerem
889 5611 1010 5649 esse
1037 5596 1274 5650 clausum
1293 5609 1347 5651 et
1372 5608 1564 5663 tutum,
1582 5598 1830 5652 custodes
1856 5609 1980 5654 ante

399 5699 580 5754 partas
610 5688 792 5753 [υιδ;ρ,
826 5702 925 5743 nec
971 5686 1133 5741 fuisse
1161 5687 1384 5742 ciliis-sos
1408 5690 1668 5758 parietes,
1703 5705 1798 5746 nec
1831 5692 1970 5746 l'eics

2094 393 2304 450 apertas
2328 426 2344 450 ,
2391 401 2487 440 nec
2521 388 2686 443 ullum
2715 390 2855 445 aliud
2898 407 3018 448 esse
3061 394 3271 466 signum
3303 401 3549 460 sceleris.
3600 405 3675 462 Ex

2097 471 2195 528 hoc
2224 484 2403 530 autent
2429 480 2711 546 oportebat
2736 481 2826 536 Dei
2857 485 3109 541 admirari
3137 499 3451 560 potentiam,
3475 513 3678 564 quasi-1

2095 564 2284 618 mediis
2313 566 2484 634 ipsum
2507 570 2774 639 eripuerat
2804 575 3072 642 periculis,
3103 587 3157 632 et
3183 580 3409 638 adorare
3437 601 3559 639 enm
3592 606 3680 656 qm

2095 653 2210 710 lucc
2240 660 2468 726 poluerit
2501 678 2514 714 :
2545 661 2633 716 ille
2665 679 2798 720 vero
2830 666 2992 734 jussit
3032 685 3127 724 eos
3163 672 3376 730 abduci.
3421 653 3680 743 Quasnam

2091 756 2174 802 est
2203 763 2329 816 ergo
2355 751 2508 819 culpa
2543 754 2626 806 hic
2655 754 2764 809 Deo
2794 757 3142 824 imputanda?
3168 763 3298 818 Nam
3339 768 3382 820 si
3411 767 3680 826 effecisset

2095 849 2149 889 ut
2173 853 2354 892 murus
2383 841 2821 912 perfringeretur,
2853 858 2905 901 et
2928 849 3003 902 sic
3024 851 3294 920 ejeciSset,
3325 856 3460 912 forte
3487 861 3671 914 existi-

2094 938 2292 982 massct
2323 930 2371 983 id
2401 946 2520 984 esse
2549 933 2959 991 adscribendum
3003 957 3185 996 eorum
3215 947 3549 1016 negligentia:
3587 970 3599 1005 :
3635 955 3677 1006 si

2091 1027 2268 1078 autem
2297 1036 2408 1074 rem
2439 1023 2515 1076 sie
2543 1025 2935 1082 administravit
2956 1041 3009 1084 et
3038 1032 3387 1105 dispensavit,
3413 1050 3470 1093 ut
3495 1053 3680 1097 Osten-

2093 1109 2312 1166 deretur
2340 1129 2456 1168 eam
2491 1132 2594 1170 non
2632 1133 2750 1172 esse
2788 1119 3002 1175 humani
3046 1127 3264 1182 sceleris
3297 1146 3359 1185 ac
3403 1134 3676 1197 maleficii,

2090 1200 2182 1254 sed
2213 1201 2372 1256 divini
2406 1204 2671 1272 miraculi,
2695 1223 2790 1262 cur
2821 1209 2920 1264 hoc
2952 1213 3112 1268 fecit?
3143 1215 3196 1270 Si
3228 1222 3370 1273 enim
3399 1237 3513 1276 erat
3543 1225 3681 1294 fugi.

2090 1298 2259 1357 turns,
2292 1293 2361 1346 ita
2387 1293 2606 1364 fugisset
2629 1308 2682 1351 ut
2711 1298 2894 1354 habuit
2915 1313 3132 1359 catenas
3164 1324 3178 1360 :
3206 1309 3248 1361 si
3272 1323 3387 1365 erat
3414 1293 3678 1384 fugiturus

2088 1384 2468 1448 conturbatus,
2501 1403 2606 1440 non
2642 1397 2802 1443 tanta:
2845 1397 2893 1446 ei
2926 1394 3112 1449 {uisset
3139 1413 3282 1454 cura:
3309 1412 3368 1455 ut
3406 1407 3677 1475 acciperet

2088 1475 2324 1528 sandalio
2352 1517 2366 1541 ,
2411 1477 2503 1530 sed
2537 1495 2598 1532 ea
2630 1481 2940 1538 dimisisset.
2985 1484 3136 1542 Nunc
3179 1501 3354 1544 autem
3391 1508 3674 1565 propterea

2087 1565 2216 1619 dicit
2241 1569 2288 1619 ei
2317 1569 2559 1638 angelus,
2589 1569 2816 1626 Induere
2841 1575 3076 1630 sandalio
3102 1619 3114 1642 ,
3151 1591 3204 1632 ιιι
3232 1583 3504 1641 discerent
3531 1593 3674 1658 quod

2086 1671 2204 1710 eam
2249 1673 2358 1712 rem
2391 1676 2496 1713 noti
2529 1660 2745 1716 fecisset
2775 1665 3016 1736 fugiens;
3050 1671 3144 1724 sed
3179 1673 3228 1724 in
3261 1691 3455 1745 magno
3484 1682 3595 1733 otio
3621 1696 3676 1736 ct

2085 1747 2282 1815 quiete.
2309 1748 2438 1802 Nam
2461 1766 2582 1804 cum
2613 1763 2755 1808 esset
2787 1757 3016 1824 vinctus,
3051 1770 3104 1813 et
3127 1762 3266 1816 inter
3287 1766 3422 1820 duos
3453 1771 3670 1838 milites,

2086 1853 2191 1889 non
2215 1846 2418 1892 tantum
2445 1842 2494 1894 ei
2525 1840 2714 1898 fuisset
2741 1846 2832 1899 otii
2860 1888 2874 1912 ,
2902 1858 2960 1901 ιιι
2983 1852 3215 1906 solveret
3249 1868 3484 1920 catenas,
3512 1862 3673 1931 idque

2085 1942 2206 1982 cum
2231 1943 2372 1984 esset
2400 1932 2450 1986 in
2475 1932 2712 1989 interiori
2738 1938 2998 1992 custodia.
3023 1941 3224 1997 Judicis
3244 1962 3370 2016 ergo
3398 1949 3674 2016 injustitizn

2087 2029 2172 2074 est
2213 2021 2626 2079 adscribendum
2676 2033 2960 2084 custodum
3007 2036 3346 2103 supplicium.
3394 2040 3525 2095 Nam
3573 2059 3674 2099 cer

2041 2148 2063 2161 ρ
2085 2108 2188 2164 huc
2219 2127 2323 2165 non
2353 2113 2595 2170 fecerunt
2634 2117 2847 2173 Judaei?
2892 2122 3103 2177 Memini
3134 2128 3276 2180 enim
3304 2130 3525 2186 alterius
3553 2150 3674 2189 car-

2085 2205 2244 2268 ceris,
2277 2205 2418 2260 illius
2448 2208 2662 2276 quidem
2695 2211 2886 2279 prioris
2914 2215 3002 2282 qui
3049 2214 3255 2282 Romae,
3305 2221 3461 2288 lmjus
3509 2227 3670 2280 etimit

2082 2294 2174 2362 qui
2201 2293 2480 2363 Caesarem,
2517 2315 2658 2354 nunc
2697 2311 2874 2358 autem
2901 2305 3020 2374 ejus
3048 2310 3137 2376 qui
3169 2309 3267 2364 fuit
3295 2311 3670 2386 Jerosolymis.

2083 2384 2216 2440 Nam
2260 2403 2380 2442 cum
2415 2391 2692 2459 pcntiﬁces
2731 2404 2785 2450 et
2833 2395 3085 2452 Pharisaei
3125 2402 3452 2460 audivissent
3495 2384 3565 2463 ab
3609 2412 3674 2465 iis

2083 2493 2218 2546 quos
2247 2481 2344 2550 ipsi
2371 2482 2627 2538 tniserant
2651 2485 2718 2540 ad
2747 2485 3080 2544 educendum
3112 2493 3348 2560 Petrum,
3378 2513 3437 2551 se
3466 2503 3670 2558 milium

2086 2568 2229 2623 intus
2274 2572 2544 2628 invenisse
2569 2616 2584 2638 ,
2614 2576 2710 2630 sed
2741 2578 2902 2632 etiam
2953 2591 3133 2648 portas
3167 2585 3377 2641 clausas
3406 2605 3530 2643 esse
3555 2634 3568 2652 ,
3615 2605 3674 2648 et

2085 2664 2334 2715 custodes
2363 2673 2566 2718 stantes
2606 2682 2703 2734 pro
2730 2667 2967 2735 foribus;
2996 2687 3092 2725 cur
3115 2677 3367 2732 custodes
3399 2695 3502 2734 μου
3535 2681 3672 2735 iniu.

2089 2764 2397 2816 renti-ruat,
2447 2755 2542 2809 sed
2593 2757 2908 2813 dubitabant
2964 2762 3216 2831 quidnam
3269 2769 3335 2821 de
3407 2770 3470 2821 iis
3519 2774 3673 2826 tieret

2088 2843 2224 2909 (Act.
2249 2845 2346 2915 5)?
2377 2845 2432 2900 Si
2463 2857 2640 2901 autem
2687 2849 2946 2906 adversus
2974 2869 3067 2909 eos
3110 2855 3237 2912 licet
3269 2861 3470 2918 caedem
3519 2865 3672 2919 ι’ςιῖιιιε

2086 2937 2352 3002 spirantes
2375 2979 2388 2999 ,
2424 2938 2549 2993 nihil
2583 2940 2687 2996 tale
2714 2944 3056 3012 cogitarunt,
3091 2949 3256 3002 multo
3287 2953 3455 3020 magis
3485 2964 3538 3008 tu
3579 2959 3669 3023 qni

2085 3030 2263 3082 omnia
2289 3030 2416 3083 facis
2439 3031 2503 3085 ad
2534 3033 2744 3088 illorutn
2768 3036 3013 3105 gratiam.
3035 3039 3320 3108 Propterea
3343 3059 3465 3099 eum
3490 3049 3669 3102 statim

2089 3117 2368 3187 inseqmtta
2416 3132 2498 3175 est
2550 3139 2726 3190 paena.
2773 3126 2827 3179 Si
2871 3137 3050 3182 autem
3099 3131 3216 3199 ejus
3247 3134 3323 3188 rei
3355 3136 3567 3204 culpam
3618 3142 3670 3194 in

2094 3207 2256 3261 Deum
2285 3211 2497 3265 confers
2522 3253 2535 3276 ,
2569 3215 2756 3268 confer
2795 3218 2956 3270 etiam
2989 3218 3040 3272 in
3090 3236 3212 3275 eum
3259 3224 3470 3291 culpam
3511 3228 3581 3282 de
3610 3231 3673 3284 iis

2087 3301 2174 3368 qui
2222 3300 2273 3353 in
2305 3303 2402 3355 viis
2442 3306 2794 3374 jngnlantur,
2820 3318 2875 3364 et
2917 3310 2985 3365 de
3032 3311 3507 3372 innumerabililms
3549 3323 3673 3376 aliis

2087 3391 2177 3458 qui
2210 3391 2402 3460 injuste
2431 3396 2765 3463 pcrinnuuur
2790 3439 2805 3461 ,
2847 3409 2900 3454 et
2927 3400 2995 3456 de
3032 3405 3210 3470 pueris
3238 3407 3398 3462 etiam
3427 3411 3516 3476 qni
3545 3428 3670 3477 pro-

2089 3493 2208 3552 pter
2234 3483 2508 3542 Christum
2536 3499 2660 3541 sunt
2688 3493 2944 3561 perempti
2971 3509 2983 3543 :
3014 3509 3134 3547 nam
3169 3505 3225 3549 ut
3245 3496 3322 3550 illi
3351 3514 3583 3568 quoque.
3618 3513 3676 3556 ut

2089 3583 2145 3628 tu
2187 3574 2322 3630 dicis
2347 3617 2362 3640 ,
2395 3577 2786 3644 perimerentur
2811 3622 2824 3645 ,
2851 3581 3098 3638 Christus
3129 3586 3179 3638 in
3204 3603 3364 3640 causa
3394 3589 3509 3642 iuit.
3563 3591 3673 3646 |mo

2091 3679 2217 3717 vero
2242 3683 2346 3719 nun
2380 3668 2624 3722 Christus
2650 3710 2664 3732 ,
2710 3671 2802 3724 sed
2850 3671 2997 3728 furor
3021 3683 3070 3728 cl
3101 3679 3340 3745 tyrannis
3371 3681 3538 3746 patris
3572 3683 3674 3736 lle.

2071 3757 2255 3810 .redis.
2287 3758 2344 3812 Si
2367 3769 2544 3812 autem
2573 3759 2706 3816 dicis
2731 3779 2742 3813 :
2768 3759 2876 3816 Cur
2896 3779 3015 3817 emn
3040 3781 3146 3818 non
3172 3767 3342 3834 rapuit
3372 3785 3402 3823 c
3429 3772 3673 3824 manibus

2077 3845 2316 3913 Herodis
2338 3849 2361 3902 ?
2387 3847 2490 3903 hoc
2517 3866 2730 3918 quoque
2759 3862 2967 3921 poterat
2994 3854 3192 3917 facere,
3225 3859 3316 3912 sed
3349 3875 3412 3913 ex
3443 3877 3510 3914 eo
3541 3863 3670 3915 nihil

2081 3948 2235 3992 .esset
2263 3939 2519 3994 lucratus.
2547 3942 2678 3995 Nam
2705 3946 2917 4012 quoties
2944 3949 3113 4001 evasit
3139 3947 3385 4005 Christus
3408 3967 3472 4006 ex
3502 3955 3670 4005 mani-

2093 4030 2192 4085 lms
2220 4046 2407 4098 eorum
2432 4031 2455 4084 i
2481 4033 2609 4101 quid
2637 4036 2735 4089 hoc
2761 4052 2890 4105 ergo
2935 4038 3133 4106 profuit
3177 4041 3436 4109 ingratis?
3476 4047 3546 4098 At
3589 4046 3674 4099 hic

2092 4139 2153 4178 ex
2185 4125 2247 4178 iis
2269 4140 2388 4194 qua:
2417 4126 2549 4179 laeta
2580 4135 2742 4191 sunt,
2762 4127 2829 4184 ad
2849 4129 3031 4184 lideles
3063 4132 3225 4186 multa
3259 4135 3396 4188 redit
3426 4137 3628 4190 utilitas
3656 4155 3668 4190 :

2093 4232 2213 4270 nam
2241 4216 2366 4272 dum
2399 4218 2591 4273 tierent
2631 4221 2956 4274 monimenta
2982 4262 2996 4285 ,
3030 4232 3085 4278 et
3113 4225 3208 4294 ipsi
3240 4226 3436 4281 inimici
3468 4230 3533 4284 iis
3557 4247 3675 4298 qua:

2091 4309 2414 4377 gerebantur
2459 4310 2661 4365 ferrent
2689 4311 3052 4366 testimonium
3077 4354 3094 4377 ,
3124 4315 3343 4371 minime
3369 4331 3676 4387 suspectum

2091 4412 2206 4454 erat
2237 4403 2618 4456 testimoaium.
2651 4403 2799 4458 Sicut
2823 4419 2953 4474 ergo
2986 4407 3095 4461 illic
3124 4424 3338 4478 quoque
3370 4427 3474 4464 non
3504 4413 3678 4466 alinu-

2090 4493 2158 4548 de
2199 4495 2279 4548 eis
2304 4495 2398 4548 fuit
2437 4511 2496 4548 os
2519 4495 2846 4550 obstructum
2875 4538 2891 4561 ,
2935 4515 3092 4567 quam
3120 4517 3184 4555 ex
3212 4518 3276 4556 eo
3299 4505 3439 4572 quod
3469 4507 3559 4574 qui
3592 4524 3678 4560 vc-

2093 4594 2281 4638 nerant
2309 4585 2693 4640 conﬁterentur
2719 4603 2780 4641 ea
2809 4605 2927 4656 qua:
2956 4589 3092 4644 facta
3127 4593 3338 4648 fuerant
3369 4612 3380 4645 :
3414 4597 3481 4649 ita
3512 4599 3673 4650 etiam

2093 4675 2196 4728 hic.
2225 4674 2332 4730 Cur
2358 4677 2499 4730 enim
2531 4677 2659 4732 nihil
2703 4678 2965 4748 ejusmodi
3012 4681 3136 4736 fecit
3177 4698 3360 4739 custos
3398 4691 3676 4742 carceris?

2092 4769 2248 4835 Atqui
2272 4783 2391 4836 qua:
2419 4781 2778 4824 usnvencrant
2801 4772 3019 4838 Herodi,
3054 4790 3159 4828 non
3190 4787 3346 4831 erant
3373 4780 3580 4832 minora
3615 4781 3676 4834 iis

2091 4875 2209 4926 qua:
2238 4859 2362 4914 huic
2393 4871 2777 4916 usuvenerunt.
2807 4861 2938 4917 Nam
2968 4866 3249 4920 rescivisse
3291 4869 3432 4934 quod
3479 4870 3675 4923 clausis

2086 4950 2266 5020 januis
2292 4952 2499 5006 vinctus
2526 4953 2742 5008 exiisset
2770 4953 2836 5007 ad
2867 4965 3142 5024 stuporem
3172 4959 3534 5014 incutiendum
3569 4978 3671 5012 non

2092 5045 2268 5098 minus
2311 5056 2449 5111 erat,
2499 5062 2658 5116 quam
2696 5047 2896 5103 vidisse
2918 5061 3132 5118 apertas
3151 5052 3341 5119 januas
3370 5072 3383 5106 :
3413 5054 3520 5106 imo
3547 5055 3672 5108 illud

2091 5135 2250 5189 etiam
2285 5136 2415 5190 visio
2435 5153 2558 5192 esse
2588 5137 2757 5192 videri
2790 5150 3036 5206 poterat;
3105 5141 3203 5195 hoe
3229 5152 3406 5196 autem
3433 5160 3539 5196 non
3582 5147 3671 5207 ita,

2090 5226 2219 5281 dum
2267 5240 2516 5283 accurate
2575 5239 2630 5283 ct
2675 5240 2862 5285 exacte
2916 5233 3268 5286 renuntiatur.
3312 5234 3673 5300 Quamobrem

2093 5319 2179 5374 hic
2207 5337 2419 5390 quoque
2449 5322 2492 5375 si
2523 5321 2714 5376 fuisset
2757 5323 2930 5377 malus
2955 5365 2971 5388 ,
3004 5325 3362 5378 interfecisset
3413 5325 3632 5378 Pantmn
3658 5367 3673 5388 ,

2091 5416 2229 5468 sicut
2257 5416 2342 5468 ille
2374 5415 2570 5470 milites
2602 5433 2616 5469 :
2643 5416 2736 5469 sed
2769 5431 2873 5470 non
2901 5426 3035 5470 erat.
3099 5417 3152 5470 Si
3192 5426 3370 5471 autem
3397 5418 3677 5470 confutare

2090 5509 2348 5561 vellemus
2375 5524 2469 5561 eos
2495 5508 2583 5576 qui
2607 5507 2792 5562 dicunt
2817 5549 2832 5574 ,
2862 5523 2960 5562 cur
2989 5509 3126 5561 Deus
3155 5511 3457 5575 permiserit
3484 5523 3674 5575 pueros

2093 5598 2317 5652 intcrlici
2347 5641 2360 5658 ,
2389 5599 2596 5668 longior
2628 5599 2760 5654 foret
2789 5603 2962 5654 oratio
2989 5641 3000 5660 ,
3034 5615 3192 5668 quam
3239 5600 3391 5654 initio
3433 5601 3674 5654 institue-

2094 5706 2290 5744 ramus.
