3932 6220
324 376 397 440 αδ
1214 371 1277 429 IN
1319 362 1541 428 EPIST.
1573 366 1664 422 AD
1703 363 1946 423 EPHES.
1978 364 2131 424 CAP.
2173 364 2264 427 IV.
2299 369 2536 428 ηοιιιι..
2575 371 2709 429 VIII.
3506 372 3577 431 64

326 498 518 555 τούτου
532 494 551 564 “;
587 493 755 550 Ἔνθα
786 490 991 560 Πέτρος
1020 483 1106 562 ἦν.
1149 487 1309 542 Ἀλλὰ
1332 486 1570 540 τοιοῦτον
1590 484 1743 540 οὐδὲν
1775 482 1901 549 ἐγέ-

327 604 451 643 νετο
472 586 607 639 ἐκεῖι
631 582 744 636 ἀλλ’
759 576 828 651 ἦν
845 575 1275 651 παραδεδομένος
1296 573 1410 647 [61]
1431 574 1692 644 τέσσαρσι
1708 586 1901 641 τετρα-

326 674 465 737 δίοις
513 667 856 740 στρατιωτῶν
902 664 1201 735 φυλάσσειν
1233 663 1418 725 αὑτὸν,
1464 662 1558 713 καὶ
1594 661 1694 728 οὐχ
1738 657 1898 727 ὕμνει

328 760 453 813 οὐδὲ
482 758 773 829 ἡγρύπνει,
797 753 911 807 ἀλλ’
942 750 1199 805 ἐκάθευδε
1230 767 1245 781 ο
1272 750 1365 802 καὶ
1396 748 1516 800 οὐδὲ
1550 761 1900 816 μεμαστιγω-

335 848 495 919 μένος
516 841 603 915 ἦν,
627 843 763 896 ἀλλά
788 840 991 911 μείζων
1013 840 1041 892 6
1072 837 1334 899 κίνδυνος.
1352 902 1355 905 _
1375 834 1639 919 ΖΕνταῦθα
1666 832 1763 902 μὲν
1790 832 1899 902 γὰρ

330 917 429 1004 ἥδη
461 933 523 984 τὸ
557 931 666 983 πᾶν
716 929 996 997 εἴργαστο,
1036 925 1131 978 καὶ
1172 923 1326 993 δίκην
1370 917 1511 991 ἦσαν
1558 917 1851 979 δεδωκότες
1881 932 1896 947 ο

330 1025 447 1076 ἐκεῖ
483 1021 540 1073 δέ
569 1019 804 1073 οὐδέπω.
844 1017 1008 1069 Ὥστε
1040 1016 1089 1066 εί
1115 1012 1189 1082 μὴ
1216 1011 1421 1083 πληγαὶ
1450 1008 1688 1069 ὠδύνων,
1718 1006 1834 1060 ἀλλ’
1860 1006 1895 1075 ἠ

330 1111 625 1183 προσδοκία
654 1107 750 1162 τοῦ
785 1106 1068 1176 μέλλοντος
1098 1101 1366 1174 ἐθορύϐει.
1404 1101 1545 1170 Ὅρα
1576 1098 1669 1151 καὶ
1694 1098 1811 1150 ἐκεῖ
1836 1095 1900 1148 τὸ

329 1182 532 1268 θαῦμα.
573 1196 729 1251 Ἰδοὺ
758 1196 1012 1263 ἄγγελος
1042 1191 1282 1257 Κυρίου,
1308 1188 1494 1257 φησὶν,
1524 1184 1771 1251 ἐπέστη.
1801 1182 1900 1237 καί

326 1287 453 1358 φῶς
483 1287 757 1354 ἔλαμψεν
799 1284 868 1336 ἐν
903 1280 981 1345 τῷ
1020 1278 1293 1346 οίκήματι
1313 1294 1328 1309 ·
1377 1275 1648 1341 πατάξας
1682 1273 1750 1327 δὲ
1784 1270 1901 1339 τὴν

327 1375 602 1441 πλευρὰν
658 1368 764 1424 τοῦ
825 1368 1069 1437 Πέτρου,
1134 1363 1372 1435 ἤγειρεν
1429 1364 1618 1417 αὑτὸν
1667 1360 1895 1430 λέγων·

341 1459 606 1516 Ἀνάστα
628 1458 697 1511 ἐν
715 1456 897 1525 τάχει.
925 1455 1030 1509 Καί
1065 1452 1283 1518 εὐθέως
1308 1450 1607 1515 ἐξέπεσον
1629 1447 1816 1501 αὐτοῦ
1842 1450 1900 1500 αὶ

326 1553 585 1615 ἁλύσεις
628 1550 696 1603 ἐκ
747 1548 865 1601 τῶν
915 1545 1151 1614 χειρῶν.
1216 1543 1376 1594 Ὥστε
1434 1541 1510 1612 μὴ
1562 1538 1780 1609 νομίσαι
1841 1536 1902 1588 τὸ

331 1641 566 1709 πρᾶγμα
594 1637 689 1690 τοῦ
717 1636 889 1705 φωτὸς
924 1634 1084 1703 μόνον
1111 1628 1273 1695 εἶναι,
1299 1630 1393 1682 καὶ
1425 1627 1517 1681 τὸν
1548 1627 1757 1695 Πέτρον
1783 1623 1903 1677 ἐνυ-

329 1729 442 1792 ξεν.
476 1725 663 1787 Οὐδεὶς
695 1724 750 1777 δὲ
780 1722 843 1775 τὸ
873 1721 990 1790 φῶς
1022 1720 1187 1792 ἐώρα,
1223 1718 1361 1772 ἀλλά
1398 1716 1555 1786 μόνος
1589 1712 1772 1776 αὐτὸς,
1808 1712 1903 1766 καὶ

329 1815 506 1868 ἐδόκει
535 1814 618 1867 ὅτι
641 1811 827 1883 ὃραμά
850 1811 1001 1864 ἐστιν
1023 1825 1039 1841 ⁸
1078 1807 1249 1870 οὕτως
1278 1806 1377 1858 οὐκ
1402 1803 1820 1857 ἐπαισθάνονται
1852 1802 1901 1853 οἱ

332 1901 681 1962 καθεύδοντες
710 1897 820 1952 τῶν
849 1897 946 1950 τοῦ
973 1895 1109 1949 Θεοῦ
1134 1893 1484 1963 εὐεργεσιῶν.
1513 1886 1657 1944 Eius
1687 1889 1775 1949 δὲ.
1808 1904 1903 1957 φη-

332 1988 437 2045 σὶν.
465 1991 498 2041 ό
522 1985 777 2056 ἄγγελος
794 1984 946 2051 πρὸς
967 1981 1156 2036 αὐτόν
1181 1997 1194 2010 ·
1223 1978 1541 2048 Περιζωσαι
1567 1978 1664 2030 καὶ
1681 1975 1905 2044 ὑπόδης

330 2090 434 2129 σαι
463 2075 539 2128 τὰ
585 2070 890 2127 σανδάλιά
920 2086 1059 2123 σου.
1105 2068 1214 2121 Καί
1252 2068 1545 2134 ἐποίησεν
1582 2064 1752 2118 οὕτω.
1796 2062 1904 2118 Καί

329 2160 495 2230 λέγει
519 2157 701 2223 αὐτῷ,
728 2154 1058 2225 Περιϐαλοῦ
1097 2155 1162 2208 τὸ
1192 2152 1426 2222 ἱμάτιόν
1454 2167 1590 2213 σου,
1632 2149 1731 2203 καὶ
1765 2149 1905 2204 ἁκο-

328 2248 543 2301 λούθει
568 2261 690 2313 μοι.
724 2244 829 2296 Καὶ
848 2240 1114 2313 ἐξεᾴθῲν
1146 2238 1569 2313 ἠκολούθησεν
1593 2233 1772 2313 αὐτῷ,
1805 2234 1907 2313 καί

329 2319 449 2371 οὐκ
498 2304 629 2384 ﬁge:
667 2313 755 2365 ὅτι
790 2304 1015 2378 ἀληθές
1041 2304 1183 2362 ἐστι’
1213 2311 1279 2362 τό
1322 2310 1637 2377 γινόμενον
1675 2305 1773 2359 διὰ
1801 2304 1907 2358 τοῦ

330 2403 599 2473 ἀγγέλου
621 2418 635 2430 ·
679 2401 873 2453 ἐδόκει
912 2398 980 2451 δὲ
1008 2397 1200 2465 ὅραμα
1237 2394 1517 2460 βλέπειν.
1567 2392 1908 2458 Διελθόντες

331 2489 401 2543 δὲ
426 2488 671 2556 πρώτην
688 2484 980 2555 φυλακὴν
1001 2483 1100 2537 καί
1122 2482 1434 2549 δευτέραν,
1461 2477 1651 2550 ἦλθον
1675 2479 1772 2533 ἐπί
1796 2479 1908 2546 τὴν

331 2577 538 2643 πύλην
578 2573 694 2640 τὴν
734 2570 994 2639 σιδηρᾶν
1023 2569 1138 2636 τὴν
1180 2568 1492 2638 φέρουσαν
1532 2569 1619 2632 είς
1653 2567 1768 2634 τὴν
1798 2566 1907 2619 πό-

336 2658 458 2726 λιν,
523 2662 653 2728 ἣτις
712 2657 1018 2728 αὐτομάτη
1055 2657 1307 2725 ἠνοίχθη
1339 2655 1559 2719 αὐτοῖς,
1595 2655 1750 2709 Kal!
1781 2655 1906 2708 εισ-

331 2751 636 2812 ιλθόντες,
666 2745 976 2815 προῆλθον
1000 2746 1202 2812 ῥύμην
1216 2743 1386 2812 μίαν,
1403 2741 1501 2797 καί
1516 2740 1734 2807 εὐθέως
1748 2743 1781 2796 ό
1798 2738 1905 2808 ἆγ-

333 2840 513 2908 γαῖος
540 2837 641 2891 ἀπ’
664 2833 852 2888 αὑτοῦ
878 2832 1138 2898 ἀπέστη.

405 3049 505 3103 Διά
541 3046 594 3101 τί
629 3048 702 3119 μὴ
735 3045 893 3099 τοῦτο
942 3043 1161 3114 γέγονεν
1189 3040 1443 3105 ἐνταῦθα,
1490 3041 1627 3112 ὅπερ
1674 3040 1768 3093 ἐπὶ
1810 3040 1905 3092 τοῦ

335 3138 550 3193 Παύλου
597 3136 693 3189 καὶ
727 3135 886 3196 Σίλα;
924 3133 1045 3185 Ὅτι
1088 3133 1204 3184 ἐκεῖ
1246 3130 1344 3201 μὲν
1375 3128 1599 3198 ἔμελλον
1649 3126 1906 3181 ἀπολύειν

335 3227 535 3287 αὐτούς
563 3240 576 3254 '
612 3223 703 3276 διὰ
742 3222 900 3275 τοῦτο
926 3221 1026 3273 οὐκ
1059 3219 1320 3289 ἠθέλησεν
1358 3216 1531 3279 οὕτως
1566 3214 1905 3284 ἀπολυθῆναι

334 3311 534 3373 αὐτούς
560 3327 575 3343 ο
612 3308 708 3383 ἐπὶ
732 3309 789 3361 δὲ
818 3306 913 3360 τοῦ
947 3305 1218 3377 μακαρίου
1254 3305 1482 3376 Πέτρου,
1516 3305 1590 3365 είς
1627 3303 1785 3371 φόνον
1810 3303 1906 3355 αύ-

336 3398 428 3452 τὸν
451 3397 679 3468 ἔμελλον
711 3395 945 3463 ἐξάγειν.
981 3394 1046 3446 Τί
1069 3388 1197 3454 οῦν;
1229 3394 1290 3445 οὐ
1328 3391 1505 3462 πολλῷ
1534 3390 1908 3461 θαυμασιώτε-

340 3500 433 3557 ρον
452 3480 542 3556 ἦν,
584 3485 770 3555 φησὶν,
817 3480 1111 3551 ἐξαχθέντα
1139 3480 1232 3532 καὶ
1269 3478 1637 3547 παραδοθέντα
1666 3478 1785 3539 ταῖς
1811 3475 1905 3528 τοῦ

340 3570 606 3642 βασιλέως
633 3569 811 3639 χερσὶ,
839 3567 959 3619 τότε
993 3567 1059 3618 ἐκ
1090 3566 1267 3634 μέσων
1294 3565 1473 3619 αὐτῶν
1500 3563 1905 3634 ἐξαρπασθῆναι

336 3656 449 3711 τῶν
488 3655 770 3718 κινδύνων,
799 3654 895 3707 καὶ
922 3653 1086 3723 μηδὲν
1117 3652 1310 3705 παθεῖν
1334 3670 1348 3717 ;
1377 3650 1519 3704 οὕτω
1557 3651 1666 3720 γάρ
1695 3648 1760 3700 ἂν
1786 3648 1908 3701 οὺδέ

337 3746 391 3800 οῖ
428 3744 761 3813 στρατιῶται
797 3740 1094 3795 ἀπώλοντο.
1137 3739 1297 3806 Μέγα
1348 3737 1580 3791 ἐνταῦθα
1629 3736 1905 3804 κεκίνηται

337 3829 588 3902 ζήτημα.
630 3829 690 3880 '0
724 3827 853 3891 Θεὸς
888 3827 977 3880 τὸν
1010 3823 1175 3880 αὑτοῦ
1203 3823 1410 3884 δοῦλον,
1452 3824 1606 3891 φησὶ,
1644 3822 1781 3891 μετά
1808 3820 1908 3889 τῆς

337 3920 549 3991 ἐτέρων
568 3916 741 3970 ἔσωσε
765 3916 1052 3986 τιμωρίας,
1086 3914 1225 3984 μετά
1244 3913 1342 3983 τῆς
1369 3911 1570 3981 ἐτέρων
1599 3909 1906 3976 ἀπωλείαςῑ

338 4007 409 4061 Τί
433 4004 527 4061 οὖν
566 4008 836 4078 ἐροῦμεν;
880 4005 1102 4075 Πρῶτον
1135 4003 1233 4074 μὲν
1274 3998 1388 4063 οὖν,
1427 4002 1509 4053 ὃτι
1547 4000 1609 4052 ού
1642 3997 1780 4069 μετά
1808 3998 1909 4067 τῆς

341 4095 548 4166 ἑτέρων
573 4093 854 4155 ἀπωλείας
878 4108 893 4123 ·
917 4090 1189 4161 δεύτερον,
1220 4090 1302 4142 ὃτι
1318 4090 1377 4142 ού
1406 4089 1504 4157 τῆς
1528 4086 1622 4138 τοῦ
1649 4087 1909 4154 πράγμα-

339 4200 431 4246 τος
457 4181 772 4251 οἰκονομίας
795 4180 953 4233 τοῦτο
976 4179 1218 4247 γέγονεν,
1247 4176 1385 4230 ἀλλά
1407 4177 1503 4246 τῆς
1530 4175 1622 4228 τοῦ
1655 4172 1909 4226 δικαστοῦ

341 4270 587 4341 πικρίας.
623 4269 782 4332 Πῶς;
825 4268 884 4319 '0
933 4267 1029 4332 μέν
1060 4266 1193 4328 Θεὸς
1225 4263 1398 4327 οὕτως
1427 4263 1798 4333 ᾡκονόμησεν,
1834 4261 1909 4323 ὡς

346 4358 420 4429 μὴ
451 4357 611 4428 μόνον
658 4354 886 4417 τούτους
932 4353 1008 4423 μὴ
1045 4351 1361 4412 ἀπολέσθαι,
1409 4350 1543 4403 ἀλλά
1579 4351 1671 4403 καὶ
1705 4350 1910 4402 ἐκεῖνον

342 4444 602 4514 σωθῆναι,
637 4442 891 4511 καθάπερ
914 4441 979 4512 δὴ
1003 4441 1099 4493 καὶ
1130 4438 1366 4491 ἐνταῦθα
1397 4437 1488 4489 ἐπὶ
1515 4435 1608 4489 τοῦ
1640 4437 1911 4505 δεσμοφύ-

340 4530 504 4594 λακος
531 4548 546 4563 ·
580 4532 789 4592 ἐκεῖνος
826 4528 883 4581 δέ
912 4529 1011 4581 ούκ
1039 4528 1314 4597 ἐχρήσατο
1345 4526 1409 4594 τῇ
1443 4522 1619 4594 δωρεᾷ
1647 4526 1726 4586 είς
1771 4524 1908 4574 δέον.

337 4618 685 4689 Γενομένης
703 4617 771 4670 δὲ
788 4615 1034 4685 ἡμέρας,
1061 4615 1244 4685 φησὶν,
1265 4609 1345 4682 ἦν
1366 4612 1623 4680 τάραχος
1641 4613 1758 4665 οὐκ
1789 4610 1914 4663 ὀλι-

340 4724 446 4777 γος
470 4706 677 4770 ἐντοῖς
699 4707 1106 4772 στρατιώταις,
1132 4703 1189 4756 τί
1214 4703 1327 4770 ἄρα
1351 4703 1383 4755 ό
1410 4700 1629 4767 Πέτρος
1653 4700 1910 4768 ἐγένετο.

338 4790 473 4848 Εἶτα
494 4795 548 4848 τί
573 4811 588 4859 ;
632 4794 910 4859 Ἐξέτασιν
941 4791 1035 4844 τοῦ
1068 4791 1393 4861 πράγματος
1418 4792 1653 4843 ποιεῖται
1681 4791 1709 4841 6
1740 4786 1913 4857 Ἠρώ-

334 4883 456 4954 δης,
486 4883 584 4936 καὶ
613 4882 912 4952 ἀνακρίνας
935 4881 1152 4943 αὐτοὺς,
1182 4878 1466 4932 ἐκέλευσεν
1491 4877 1819 4948 ἀπαχθῆναι.
1853 4875 1916 4927 El

339 4971 443 5041 μὲν
465 4970 578 5040 γὰρ
597 4970 674 5040 μὴ
701 4970 1002 5040 ἀνέκρινεν,
1023 4965 1090 5038 ἦν
1109 4969 1173 5022 ἄν
1199 4984 1280 5029 τις
1298 4967 1562 5036 ἀπολογία
1580 4983 1592 4996 ·
1618 4967 1714 5019 νῦν
1734 4967 1791 5018 δὲ
1812 4981 1917 5018 πα-

340 5060 631 5130 ρέστησεν,
647 5057 950 5128 ἀνέκρινεν,
974 5055 1175 5126 ἔμαθεν
1189 5057 1272 5108 ὅτι
1290 5056 1517 5119 ἐδέδετο,
1532 5056 1613 5109 ὅτι
1633 5054 1693 5107 τὸ
1706 5054 1917 5123 δεσμω-

334 5146 529 5217 τήριον
543 5145 868 5216 ὴσφάλιστο,
885 5145 1029 5196 ὅτιοὶ
1048 5141 1290 5212 φύλακες
1305 5138 1445 5212 ἦσαν
1460 5142 1564 5211 πρὸ
1578 5142 1683 5193 τῶν
1705 5140 1883 5211 θυρῶν
1900 5156 1914 5171 ·

338 5235 406 5288 οὑ
433 5237 614 5304 τοῖχος
645 5231 1019 5303 διωρώρυκτο,
1046 5231 1109 5283 οὐ
1134 5229 1276 5299 θύρα
1304 5229 1569 5298 ἀνέῳκτο,
1600 5229 1752 5280 οὐδὲν
1788 5228 1918 5281 ἀλλο

337 5322 684 5394 κακουργίας
698 5321 1017 5391 τεκμήριον,
1049 5318 1249 5390 Ἐχρῆν
1264 5317 1426 5371 αὐτὸν
1445 5317 1553 5369 ἀπὸ
1570 5315 1773 5369 τούτων
1798 5315 1921 5368 θαυ-

337 5411 514 5481 μάσαι
546 5409 642 5463 τοῦ
672 5408 808 5463 Θεοῦ
833 5409 934 5478 τὴν
966 5406 1215 5475 δύναμιν,
1247 5404 1370 5475 ἥτις
1401 5404 1496 5458 καὶ
1527 5407 1591 5457 ἐκ
1619 5402 1800 5471 μέσων
1824 5403 1920 5454 αύ-

331 5500 432 5551 τὸν
465 5498 755 5567 ἀνήρπασε
803 5494 916 5547 τῶν
955 5493 1214 5547 κινδύνων
1234 5509 1247 5523 ·
1274 5493 1369 5546 καὶ
1421 5493 1801 5562 προσκυνῆσαι
1829 5490 1922 5542 τὸν

331 5584 578 5639 τοσαῦτα
605 5582 907 5653 δυνηθέντα
928 5597 942 5612 ·
971 5584 999 5633 6
1021 5581 1077 5633 δὲ
1110 5581 1350 5645 ἐκείνους
1375 5582 1655 5649 ἀπήγαγε.
1685 5577 1811 5640 Πῶς
1828 5572 1922 5631 οῦν

334 5674 579 5727 ἐνταῦθα
599 5673 629 5724 6
663 5671 798 5732 Θεὸς
828 5668 1031 5733 αἴτιος
1067 5670 1126 5721 Εἰ
1151 5669 1247 5739 μὲν
1274 5669 1382 5740 γὰρ
1408 5671 1586 5737 τοῖχον
1616 5665 1918 5737 διαρραγῆ-

400 5934 430 5964 ι
451 5922 603 5984 Mary.
645 5917 783 5971 εδῇι
811 5917 1078 5977 ἐξελθόντες,
1103 5922 1153 5967 et
1176 5920 1239 5967 ita
1267 5916 1396 5969 Bibl.

2009 498 2097 536 ναι
2129 483 2244 556 [σε]
2268 487 2491 558 ἐποίησε
2515 527 2531 551 ,
2561 486 2656 539 καὶ
2687 482 2861 547 οὕτως
2907 482 3180 549 ἐξέϐαλεν,
3210 484 3340 546 ἴσως
3368 481 3434 536 ἀν
3463 484 3576 539 δνο-

2012 571 2178 645 μίσθη
2221 576 2320 644 τῆς
2368 576 2591 629 ἐκείνων
2627 572 2899 645 ῥᾳθυμίας
2925 572 2988 626 τὸ
3014 574 3247 643 πρᾶγμα
3273 589 3288 605 ο
3311 572 3360 625 εί
3391 572 3447 625 δέ
3482 570 3574 625 οὗ·
3623 586 3637 600 ⁸

2004 676 2112 722 τως
2141 661 2519 732 ᾠκονόμησεν,
2542 661 2684 713 ὥστε
2698 658 2979 729 δειχθῆναι
3005 660 3088 713 ὃτι
3115 658 3215 711 οὐκ
3230 657 3576 729 ἀνθρωπίνης

2001 748 2370 818 κακουργίας,
2403 747 2541 800 ἀλλά
2583 746 2732 809 θείας
2769 747 3214 817 θαυματουργίας
3239 745 3300 799 τὸ
3340 746 3576 816 πρᾶγμα

1997 829 2087 905 ἦν,
2110 836 2163 887 τί
2192 836 2257 907 δὴ
2290 834 2451 891 τοῦτο
2493 835 2793 905 εποίησενς
2826 836 2889 889 Et
2926 836 3036 906 γὰρ
3084 834 3278 905 qum
3321 832 3572 902 φεύγειν,

1998 921 2170 985 οὕτως
2222 924 2298 986 ὡς
2338 918 2451 994 εἷχε
2502 923 2601 986 τὰς
2655 922 2876 985 ἁλύσεις
2920 924 3120 992 ἔφυγεν
3167 922 3269 975 ἀν⁸
3297 924 3344 976 εί
3383 921 3574 991 ἔμελλε

2002 1009 2230 1079 φεύγειν
2252 1010 2709 1081 τεθορυδημὲνος,
2745 1010 2846 1062 οὐκ
2878 1010 2945 1063 ἂν
2971 1011 3244 1081 τοσαύτην
3278 1012 3576 1081 ἐποιήσατο

1999 1096 2279 1169 πρόνοιαν,
2313 1097 2454 1151 ὥστε
2502 1099 2600 1152 καὶ
2635 1097 2701 1150 τά
2726 1096 2983 1151 σανδάλια
3013 1097 3196 1149 λαϐεῖν
3214 1137 3229 1161 ,
3259 1097 3374 1151 ἀλλ’
3396 1098 3576 1152 εἴασεν

2000 1183 2087 1238 ἀν.
2109 1181 2224 1236 Νῦν
2264 1184 2321 1238 δέ
2350 1185 2439 1239 διὰ
2473 1183 2633 1239 τοῦτό
2681 1201 2847 1254 φησιν
2870 1185 2899 1237 6
2929 1182 3158 1251 ἄγγελος
3195 1183 3334 1252 πρὸς
3390 1175 3572 1247 αὐτὸν,

2012 1271 2346 1339 ’Υπόδησαι
2375 1270 2445 1325 τὰ
2472 1270 2780 1325 σανδάλιά
2817 1284 2935 1324 σου
2953 1285 2969 1299 ·
3005 1268 3094 1323 ἵνα
3133 1268 3379 1340 μάθωσιν
3401 1269 3483 1322 δτι
3509 1268 3574 1320 οὐ

2003 1358 2245 1428 φεύγων,
2268 1358 2405 1415 ἀλλά
2440 1358 2579 1429 μετά
2611 1357 2811 1427 πολλῆς
2843 1356 3078 1419 ἀνέσεως
3099 1356 3161 1409 τὸ
3192 1356 3427 1425 πρᾶγμα
3463 1355 3575 1425 είρι

2001 1447 2226 1513 γάσατο.
2282 1445 2574 1516 Δεδεμένος
2607 1443 2737 1514 γὰρ,
2775 1448 2868 1497 καὶ
2906 1442 3108 1514 μεταξὺ
3145 1441 3254 1495 τῶν
3284 1441 3378 1494 δύο
3398 1441 3574 1511 μένων

2004 1532 2353 1604 στρατιωτῶν
2407 1533 2509 1586 οὐκ
2567 1530 2633 1585 ἂν
2660 1528 2931 1601 τοσαύτην
2984 1530 3281 1598 ἐποιήσατο
3329 1527 3524 1599 σχολὴν
3556 1565 3571 1591 ,

2002 1619 2140 1672 ὥστε
2179 1621 2271 1672 καὶ
2301 1620 2397 1683 τὰς
2425 1619 2642 1682 ἁλύσεις
2672 1617 2856 1684 λῦσαι,
2888 1616 2982 1670 καὶ¹
3012 1616 3185 1670 ταῦτα
3214 1616 3293 1678 είς
3325 1614 3422 1684 τὴν
3442 1617 3575 1669 ἐσω-

2002 1708 2165 1778 τέραν
2187 1705 2262 1758 ὢν
2282 1706 2376 1759 καὶ
2403 1706 2565 1769 αὐτὸς
2598 1705 2870 1775 φυλακήν.
2901 1704 3064 1756 Ὥστε
3113 1702 3213 1771 τῆς
3243 1701 3456 1763 ἀδικίας
3478 1699 3573 1753 τοῦ

2002 1792 2257 1846 δικαστοῦ
2281 1792 2501 1860 γέγονεν
2521 1794 2554 1862 ἡ
2585 1792 2806 1854 κόλασις
2832 1790 2938 1844 τῶν
2967 1790 3243 1860 φυλάκων.
3276 1789 3374 1843 Διά
3392 1786 3446 1841 τί
3467 1788 3575 1859 γάρ

2018 1880 2257 1935 Ἰουδαῖοι
2298 1880 2373 1951 μὴ
2418 1878 2579 1934 τοῦτο
2616 1879 2883 1950 ἐποίησαν
2915 1895 2930 1946 ;
2971 1879 3081 1931 Καὶ
3121 1877 3229 1946 γάρ
3262 1876 3449 1945 ἐτέρου
3490 1874 3576 1928 δε-

2007 1969 2318 2040 σμωτηρίου
2356 1968 2664 2038 μέμνημαι,
2698 1965 2909 2020 ἐκείνου
2939 1965 3035 2037 μὲν
3067 1963 3160 2018 τοῦ
3189 1962 3460 2036 προτέρου
3478 1959 3575 2014 τοῦ

2004 2058 2062 2109 ἐν
2099 2056 2287 2125 Ῥώμῃ
2318 2095 2335 2120 ,
2383 2053 2576 2108 τούτου
2629 2053 2688 2107 δέ
2728 2050 2826 2105 τοῦ
2895 2054 2953 2105 ἐν
3000 2049 3332 2120 Καισαρείᾳ,
3386 2048 3484 2102 νῦν
3517 2048 3578 2102 δέ

2005 2142 2100 2196 τοῦ
2139 2144 2197 2195 ἐν
2240 2141 2661 2213 Ἰεροσολύμοις.
2703 2138 3062 2202 Ἀκούσαντες
3091 2136 3199 2208 γάρ
3225 2137 3277 2190 οῖ
3298 2137 3578 2207 ἀρχιερεῖς

2008 2233 2100 2284 καί
2128 2231 2177 2283 οί
2208 2231 2495 2300 Φαρισαῖοι
2548 2226 2702 2300 παρά
2727 2225 2837 2279 τῶν
2860 2224 3274 2278 ἀποσταλέντων
3307 2223 3438 2293 παρ’
3476 2224 3578 2276 αύ-

2006 2319 2113 2372 τῶν
2138 2319 2217 2379 εἰς
2244 2317 2716 2387 τὸδεσμωτήριον,
2743 2314 2887 2367 ὥστε
2909 2311 3202 2382 ἐξαγαγεῖν
3228 2312 3320 2365 τὸν
3347 2310 3576 2382 Πέτρον,

2005 2407 2087 2460 ὅτι
2120 2403 2270 2458 Ἔσω
2286 2403 2478 2458 οὐδένα
2494 2401 2751 2473 εὕρομεν,
2771 2399 2907 2455 ἀλλά
2942 2399 3038 2453 καὶ
3059 2398 3450 2468 κεκλεισμένας
3477 2396 3578 2460 τάς

2006 2492 2198 2563 θύρας,
2255 2490 2352 2544 καὶ⁵
2398 2491 2525 2553 τοὺς
2562 2488 2810 2557 φύλακας
2834 2486 3076 2550 ἑστῶτας
3100 2486 3207 2556 πρὸ
3234 2485 3341 2538 τῶν
3372 2483 3574 2554 θυρῶν*

2005 2580 2094 2635 διά
2140 2579 2194 2632 τί
2242 2578 2317 2649 μὴ
2358 2577 2487 2642 τοὺς
2524 2575 2773 2645 φύλακας
2805 2574 3053 2638 ἀνεῖλον,
3091 2572 3227 2627 ἀλλά
3279 2572 3578 2643 διηπόρουν

2007 2667 2137 2737 περὶ
2168 2664 2350 2720 αὐτῶν
2402 2664 2678 2732 λέγοντες,
2715 2661 2783 2716 Τί
2821 2661 2887 2715 ἂν
2919 2660 3132 2728 γένοιτο
3180 2658 3377 2725 τοῦτο;
3424 2660 3486 2711 Εἰ
3519 2657 3578 2710 δὲ

2008 2755 2214 2825 σφόδρα
2248 2753 2369 2807 κατ’
2392 2752 2575 2807 αὐτῶν
2604 2749 2875 2819 φονῶντες
2902 2747 3051 2802 οὐδὲν
3088 2746 3330 2800 τοιοῦτον
3359 2745 3581 2814 ἐνενόη-

2008 2858 2130 2907 σαν,
2157 2838 2339 2910 πολλῷ
2392 2839 2592 2909 μᾶλλον
2635 2838 2700 2890 σὺ
2733 2839 2762 2890 6
2795 2836 2932 2906 πρὸς
2962 2833 3186 2887 ἐκείνων
3210 2834 3370 2903 χάριν
3398 2832 3579 2885 πάντα

2008 2929 2198 2982 ποιῶν.
2226 2929 2324 2981 Διά
2348 2925 2510 2979 τοῦτο
2535 2922 2799 2994 μετῆλθεν
2837 2921 3002 2975 αὐτὸν
3024 2923 3058 2991 ή
3100 2920 3222 2991 δίκη
3252 2920 3479 2989 ταχέως.
3514 2917 3579 2969 El

2006 3015 2064 3069 δὲ
2111 3014 2273 3069 τοῦτο
2329 3012 2603 3081 ἐγκαλεῖς,
2652 3010 2879 3079 ἐγκάλει
2926 3009 3023 3062 καὶ
3080 3006 3337 3077 περὶτῶν
3365 3007 3425 3057 ἐν
3456 3007 3580 3065 ταῖς

2007 3103 2147 3165 ὁδοῖς
2197 3099 2608 3170 σφαττομένων,
2643 3099 2740 3151 καὶ
2798 3097 2928 3166 περὶ
2960 3095 3070 3148 τῶν
3103 3093 3300 3155 ἀδίκως
3335 3094 3582 3161 ἀναιρου-

2010 3188 2187 3258 μένων
2220 3187 2430 3257 μυρίων
2460 3185 2683 3256 ἐτέρων,
2715 3185 2806 3237 καὶ
2842 3183 2921 3235 ἐτι
2946 3182 3077 3252 περὶ
3103 3180 3215 3234 τῶν
3245 3180 3452 3234 παίδων
3471 3177 3587 3230 τῶν

2006 3275 2099 3328 ἐπὶ
2129 3274 2226 3329 τοῦ
2256 3272 2495 3344 Χριστοῦ
2539 3271 2935 3341 ἀναιρεθέντων
2967 3286 2981 3300 ⁸
3015 3270 3111 3322 καὶ
3156 3268 3268 3336 γάρ
3308 3266 3400 3318 καὶ
3445 3266 3584 3317 ἐκεί·

2006 3381 2135 3427 νοις,
2167 3365 2243 3426 ὼς
2292 3364 2355 3416 σὺ
2375 3362 2576 3429 λέγεις,
2604 3362 2633 3413 6
2678 3358 2912 3429 Χριστὸς
2956 3357 3169 3424 ἐγένετο
3197 3355 3369 3416 αἴτιος
3394 3369 3408 3384 ·
3446 3353 3584 3422 μᾶλ-

2006 3450 2097 3502 λον
2155 3450 2254 3517 οὐχ
2273 3448 2301 3500 6
2326 3446 2561 3517 Χριστὸς
2586 3485 2600 3507 ,
2636 3445 2750 3497 ἀλλ’
2779 3446 2811 3512 ἡ
2842 3444 3007 3513 μανία
3036 3442 3133 3494 καὶ
3153 3442 3186 3510 ἡ
3212 3440 3463 3510 τυραννὶς
3487 3440 3581 3492 τοῦ

2010 3536 2217 3607 πατρὸς
2278 3533 2373 3586 τοῦ
2427 3531 2672 3603 Ἡρώδου
2699 3530 2750 3585 δ.
2780 3531 2843 3585 Et
2885 3530 2941 3583 δέ
2965 3529 3166 3599 λέγεις,
3192 3526 3293 3581 Διά
3327 3528 3384 3580 τί
3410 3528 3486 3597 μὴ
3517 3527 3583 3580 ἐκ

2008 3624 2119 3678 τῶν
2156 3622 2358 3694 χειρῶν
2397 3619 2562 3675 αὐτὸν
2592 3620 2811 3690 ἥρπασε
2855 3616 2950 3671 τοῦ
2995 3617 3241 3690 Ἡρώδου
3264 3635 3277 3683 ;
3302 3617 3396 3669 καὶ
3422 3614 3584 3669 τοῦτο

2011 3709 2238 3779 ἡδύνατο
2266 3707 2511 3777 ποιῆσαι,
2532 3705 2648 3759 ἀλλ’
2664 3705 2816 3760 οὐδὲν
2835 3706 3120 3776 ἐκέρδανεν
3145 3704 3212 3759 ἂν
3237 3704 3345 3757 ἀπὸ
3369 3703 3580 3760 τούτου.

2010 3796 2248 3859 Ποσάκις
2273 3794 2405 3863 γοῦν
2440 3794 2467 3847 6
2505 3794 2745 3865 Χριστὸς
2762 3796 2826 3847 ὲκ
2854 3796 3021 3864 μέσου
3053 3791 3231 3847 αὐτῶν
3259 3790 3449 3860 ἐξῆλθε
3468 3790 3581 3842 τῶν

2009 3884 2246 3956 χειρῶν;
2283 3883 2337 3936 τί
2383 3876 2479 3936 οῦν
2532 3882 2692 3935 τοῦτο
2744 3882 2999 3951 ὠφέλησε
3043 3882 3168 3942 τοὺς
3214 3877 3579 3949 ἀγνώμονας;

2023 3971 2285 4024 Ἐνταῦθα
2317 3970 2502 4039 μέντοι
2534 3984 2599 4037 γε
2626 3969 2719 4021 καὶ
2751 3968 2919 4039 πολλὴ
2953 3970 3063 4029 τοῖς
3091 3968 3301 4028 πιστοῖς
3344 3964 3583 4033 ὠφέλεια

2010 4058 2217 4127 γίνεται
2256 4057 2363 4109 άπὸ
2415 4055 2524 4107 τῶν
2560 4054 2977 4123 γεγενημένων·
3013 4052 3429 4121 ὑπομνημάτων
3474 4050 3585 4119 γάρ

2011 4143 2339 4215 γενομένων,
2390 4144 2485 4195 καὶ
2527 4140 2638 4192 τῶν
2678 4139 2888 4209 ἐχθρῶν
2932 4137 3111 4191 αὐτῶν
3158 4136 3584 4206 μαρτυρούντων

2011 4234 2122 4293 τοῖς
2176 4227 2602 4301 πραττομένοις,
2640 4225 2951 4286 ἀνύποπτος
2976 4219 3091 4294 ἧνὴ
3129 4221 3584 4293 μαρτυρία.”Ωσ-

2012 4335 2119 4388 περ
2150 4314 2243 4371 οῦν
2282 4317 2444 4368 κάκεῖ
2490 4311 2788 4383 οὐδαμόθεν
2824 4309 3046 4362 ἄλλοθεν
3082 4307 3585 4379 ἐπεστομίσθησαν,

2015 4404 2131 4458 ἀλλ’
2160 4405 2192 4470 ἢ
2230 4405 2292 4455 ἐκ
2345 4403 2439 4455 τοῦ
2475 4403 2599 4462 τοὺς
2643 4400 2901 4460 ἐλθόντας
2944 4398 3228 4468 όμολογεῖν
3260 4398 3329 4451 τά
3359 4413 3584 4468 γεγενηο

2021 4492 2178 4562 μένα,
2211 4490 2353 4543 οὓτω
2398 4489 2462 4559 δὴ
2506 4488 2602 4541 καὶ
2645 4484 2899 4540 ἐνταῦθα.
2929 4484 3029 4537 Διά
3071 4485 3124 4538 τί
3172 4484 3283 4553 γάρ
3316 4487 3344 4537 6
3389 4485 3585 4554 δεσμο-

2017 4575 2193 4644 φύλαξ
2219 4575 2369 4627 οὒδὲν
2397 4571 2638 4626 τοιοῦτον
2661 4570 2880 4641 ἐποίησε
2901 4586 2916 4636 ;
2952 4572 3131 4623 καίτοι
3155 4585 3219 4636 γε
3245 4569 3399 4621 οὐδὲν
3431 4570 3585 4621 ἐλάτο

2016 4679 2146 4716 τονα
2198 4661 2304 4714 τῶν
2356 4659 2546 4713 τούτου
2613 4658 2682 4711 τά
2746 4657 2987 4729 Ἡρώδου
3035 4652 3124 4728 ἦν.
3165 4654 3270 4708 Τοῦ
3323 4654 3434 4725 γάρ
3460 4654 3588 4707 ίδεῖν

2018 4746 2370 4817 ἀνεῳγμένας
2421 4746 2520 4808 τὰς
2570 4745 2759 4815 θύρας,
2793 4745 2916 4798 ὅσον
2941 4747 3020 4808 είς
3063 4742 3379 4813 ἐκπλήξεως
3407 4741 3585 4809 λόγον,

2015 4835 2168 4890 οὐδὲν
2217 4834 2433 4887 ἔλαττον
2481 4833 2541 4886 τὸ
2596 4832 2791 4902 μαθεῖν
2832 4832 2914 4884 ὅτι
2958 4830 3361 4901 κεκλεισμένων
3405 4828 3588 4882 αὐτῶν

2018 4921 2240 4994 ἐξῆλθεν
2269 4924 2297 4975 6
2341 4920 2658 4991 δεδεμένος’
2691 4920 2869 4972 καίτοι
2920 4918 3092 4970 ταῦτα
3152 4919 3247 4970 καὶ
3311 4915 3586 4985 φαντασία

2017 5010 2194 5075 ἔδοξεν
2213 5009 2275 5063 ἂν
2305 5003 2443 5061 εἶναι
2478 5007 2696 5076 μᾶλλον,
2727 5007 2903 5058 ἐκεῖνο
2936 5005 2991 5058 δέ
3018 5004 3226 5065 οὐκέτι,
3269 5001 3406 5070 μετὰ
3427 5003 3586 5069 ἀκρι-

2019 5098 2170 5161 ϐείας
2199 5094 2696 5164 ἀπαγγελλόμενον.
2766 5092 2930 5143 Ὥστε
2953 5092 3002 5142 εί
3033 5090 3126 5141 καὶ
3152 5083 3306 5145 οὗτος
3337 5079 3589 5155 οὖτωςῆν

2019 5184 2274 5254 πονηρὸς,
2330 5179 2561 5249 ἔσφαξεν
2626 5179 2692 5232 ἂν
2748 5177 2836 5228 τὸν
2884 5174 3119 5235 Παῦλον,
3163 5170 3277 5243 [65]
3335 5171 3588 5240 καθάπερ

2020 5276 2223 5333 ἐκεῖνος
2277 5271 2402 5332 τοὺς
2463 5266 2801 5339 στρατιώτας
2831 5281 2844 5296 ·
2875 5262 2990 5315 ἀλλ’
3018 5261 3117 5313 οὐκ
3134 5256 3223 5330 ἦν.
3270 5260 3329 5312 Et
3355 5259 3412 5311 δὲ
3454 5258 3589 5329 πρὸς

2018 5363 2143 5423 τοὺς
2190 5359 2471 5425 λέγοντας,
2509 5356 2596 5407 διὰ
2625 5354 2678 5406 τί
2705 5353 2800 5404 καὶ
2835 5352 2901 5402 τὰ
2944 5348 3132 5400 παιδία
3161 5347 3538 5417 συνεχώρησεν
3560 5346 3590 5395 ὁ

2020 5448 2149 5510 Θεὸς
2174 5443 2546 5514 ἀναιρεθῆναι,
2575 5438 2923 5509 βουληθῶμεν
2952 5435 3420 5504 ἀπολογήσασθαι,
3444 5433 3587 5499 τάχα

2022 5538 2098 5597 εἰς
2155 5532 2490 5602 μακρότερον
2548 5524 2939 5592 ἐμπεσούμεθα
2995 5522 3173 5591 λόγον,
3234 5521 3291 5572 δν
3340 5521 3396 5570 ὲν
3457 5533 3590 5585 προ-

2021 5621 2220 5692 οιμίοις
2245 5620 2354 5672 ἔδει
2380 5613 2635 5682 λέγεσθαι
2668 5613 2800 5682 πρὸς
2817 5611 2983 5679 ὑμᾶς.

2088 5790 2112 5828 ι·
2137 5786 2254 5844 Alii,
2279 5784 2361 5831 τοῦ
2397 5783 2589 5844 πάππου
2618 5781 2702 5828 τοῦ
2735 5780 2968 5844 Ἡρώδου.
3004 5778 3175 5844 Ριιιιιοι
3191 5769 3594 5844 ροξι-ιρῆριιᾱιηιι

2025 5848 2221 5897 mnuinn
2245 5833 2441 5892 ’xidolur
2470 5843 2637 5894 αὐτοὺς
2666 5833 2849 5898 ἥρπασε
2881 5841 2992 5895 τοῦ,
3022 5841 3096 5884 νυί
3120 5833 3230 5889 τῶν,
3261 5833 3498 5891 Ἡρώδου,
3541 5833 3598 5878 ιιι

2031 5908 2243 5960 Suxilius
2274 5903 2547 5965 suspicatus
2573 5911 2678 5962 est;
2705 5916 2796 5951 non
2819 5909 3005 5958 autem,
3044 5900 3182 5945 αὐτον
3207 5900 3415 5957 ῆρτιασει
