3932 6220
412 298 488 359 05
1100 295 1159 352 S.
1194 291 1483 351 JOANNIS
1514 289 2000 349 CHRYSOSTOMI

2106 291 2371 350 RCIIIEP.
2413 291 2969 352 CONSTANTIL‘OP.
3615 299 3691 356 66

487 414 637 479 Τέως
675 413 733 468 δὲ
775 413 945 468 πολλά
974 414 1039 483 τῇ
1080 409 1293 466 Παύλου
1345 410 1844 481 εὐχαριστήσαντες
1866 409 1996 464 ἀλύ-

418 515 524 562 σει,
574 498 1018 567 καταπαύσωμεν
1066 496 1157 548 τον
1201 494 1381 563 λόγον,
1418 494 1502 547 ὅτι
1554 493 1829 547 τοσούτων
1858 495 1991 565 ἡμῖν

415 581 639 650 ἀγαθῶν
670 581 821 634 αἰτία
853 581 1066 649 γέγονε,
1104 577 1593 650 παρακαλέσαντες
1619 578 1765 647 ὑμᾶς
1788 577 1863 649 μὴ
1891 576 1982 646 μό-

416 683 510 720 νον
538 666 614 737 μὴ
633 665 1028 737 δυσχεραίνειν,
1068 664 1122 718 εί
1133 682 1185 717 τι
1205 664 1296 718 διά
1328 662 1563 735 Χριστὸν
1585 663 1835 725 πάθοιτε,
1860 662 1997 716 ἀλλά

419 750 515 804 καὶ
547 749 761 820 χαίρειν
785 748 862 812 ὡς
884 750 935 801 οί
955 747 1269 810 ἀπόστολοι,
1295 747 1391 801 καὶ
1413 745 1722 816 καυχᾶσθαι
1746 746 1823 808 ὼς
1845 745 1997 799 Παῦ-

417 833 508 897 λος
535 832 723 900 ἔλεγεν
759 847 773 861 ·
820 830 1071 885 Ἥδιστα
1121 830 1510 898 καυχήσομαι
1550 829 1622 882 ἐν
1667 828 1796 895 ταῖς
1825 829 2001 884 ἀσθε-

414 916 606 981 νείαις
628 932 773 984 μου.
809 913 910 967 Διά
938 914 1049 986 7&9
1074 912 1234 966 τοῦτο
1268 913 1364 966 καί⁵
1386 914 1641 982 ήκουσεν,
1681 912 1878 980 Ἀρκεῖ
1898 929 2000 967 σοι

415 1000 456 1067 ἡ
486 997 657 1068 χάρις
679 1015 824 1068 μου.
865 995 1079 1060 Παῦλος
1100 996 1195 1048 ἐπὶ
1232 995 1452 1066 δεσμοῖς
1478 997 1775 1066 καυχᾶται,
1810 996 1905 1049 καλ⁵
1932 997 1997 1050 σὺ

416 1083 511 1138 ἐπὶ
537 1081 756 1153 πλούτῳ
785 1081 931 1151 μέγα
960 1082 1211 1152 φρονεῖς;
1245 1081 1294 1134 οἱ
1322 1080 1614 1133 ἀπόστολοι
1634 1078 1855 1150 ἔχαιρον
1876 1118 1891 1142 ,
1915 1080 1999 1134 ὅτι

309 1220 314 1224 .
416 1162 842 1237 κατηξιώθησαν
898 1162 1334 1234 μαστιγωθῆναι,
1370 1162 1561 1217 καὶσὺ
1613 1163 1797 1217 ἄνεσιν
1817 1161 2001 1233 ζητεῖς

416 1252 512 1304 καὶ
538 1248 753 1319 τρυφήν
781 1263 797 1312 ;
828 1245 955 1310 Πῶς
980 1241 1074 1299 οὖν
1096 1246 1270 1310 θέλεις
1295 1246 1402 1299 τῶν
1433 1243 1614 1299 αὐτῶν
1635 1244 1867 1310 ἐκείνοις
1904 1262 2002 1298 τυ-

416 1334 554 1405 χεῖν,
586 1329 920 1392 ἀπεναντίας
965 1330 1148 1392 αὐτοῖς
1177 1328 1380 1383 ὁδεύων
1403 1327 1639 1384 ἐνταῦθα
1667 1346 1683 1395 ;
1716 1328 1827 1383 Καὶ
1858 1329 1999 1395 νῦν,

418 1412 592 1485 φησὶ,
618 1413 941 1481 πορεύομαι
966 1415 1050 1480 είς
1095 1413 1489 1481 Ἱεροσόλυμα
1542 1411 1864 1480 δεδεμένος
1920 1410 2001 1477 τῷ

417 1497 730 1565 πνεύματι,
766 1494 836 1548 τὰ
876 1494 946 1548 ὲν
994 1494 1199 1562 αὐτοῖς
1248 1492 1720 1561 συναντήσοντά
1759 1511 1862 1563 μοι
1909 1492 2001 1562 μὴ

415 1576 611 1646 εἰδὼς,
656 1578 827 1646 πλὴν
872 1577 963 1632 ὅτι
990 1580 1054 1632 τὸ
1082 1577 1328 1647 Πνεῦμά
1347 1596 1450 1648 μοι
1488 1577 1640 1632 κατὰ
1656 1578 1841 1631 πόλιν
1872 1577 1999 1631 δια-

410 1662 769 1733 μαρτύρεται
797 1662 1001 1731 λέγον,
1055 1663 1147 1716 ὅτι
1193 1661 1389 1731 δεσμά
1407 1678 1486 1731 με
1516 1662 1611 1715 καί
1635 1662 1874 1729 θλίψεις
1899 1659 2001 1729 μέν

417 1760 618 1799 γουσι.
656 1745 726 1797 Τί
749 1739 843 1798 οῦν
874 1744 1113 1815 ἀπέρχῃ,
1146 1745 1195 1798 εί
1220 1744 1395 1814 δεσμά
1440 1761 1499 1797 σε
1532 1745 1627 1798 καὶ
1656 1743 1865 1812 θλίψεις
1898 1743 2000 1814 μέ-

417 1827 734 1893 νουσι;Διά
782 1825 941 1880 τοῦτο
1004 1826 1159 1893 αὐτὸ,
1216 1827 1404 1897 φησὶν,
1447 1826 1534 1881 ἵνα
1581 1826 1867 1897 δεσμευθῶ
1911 1826 2000 1880 διά

419 1911 675 1982 Χριστὸν,
714 1910 803 1964 ἵνα
841 1910 1100 1964 ἀποθάνω
1136 1910 1205 1965 δι’
1226 1910 1411 1964 αὐτόν.
1463 1910 1538 1963 Οὐ
1569 1910 1678 1981 γάρ
1718 1912 1882 1981 μόνον
1910 1911 2000 1965 δε-

421 1994 607 2063 θῆναι,
652 1992 792 2048 ἀλλά
859 1994 954 2047 καὶ
1008 1992 1303 2046 ἀποθανεῖν
1332 1992 1568 2063 ἐτοίμως
1596 1992 1707 2063 ἔχω
1735 1993 1877 2064 ὑπὲρ
1904 1993 1999 2048 τοῦ

416 2077 685 2147 ὀνόματος
708 2075 804 2131 τοῦ
828 2075 1035 2149 Κυρίου
1066 2077 1099 2146 ἡ
1109 2074 1227 2147 μῶν
1255 2073 1432 2147 Ἰησοῦ
1467 2075 1734 2147 Χριστοῦ.

492 2262 657 2315 υύδέν
686 2261 785 2331 τῆς
815 2259 995 2331 ψυχῆς
1036 2258 1257 2328 ἐκείνης
1294 2256 1731 2329 μακαριώτερον.
1775 2258 1866 2311 Ἐν
1890 2258 2001 2311 τίσι

420 2345 692 2414 καυχάται
711 2360 727 2410 ;
745 2343 833 2394 Ἐν
852 2342 1093 2412 δεσμοῖς,
1112 2343 1171 2395 ἐν
1192 2340 1529 2409 θλίψεσιν,ἐν
1548 2340 1755 2406 ἁλύσει,
1773 2342 1831 2393 ἐν
1848 2341 2001 2408 στίγ-

428 2443 614 2498 μασιν.
679 2422 829 2494 Ἐγὼ
887 2423 962 2476 τὰ
1018 2423 1317 2491 στίγματα
1362 2422 1472 2476 τοῦ
1510 2422 1732 2489 Κυρίου
1806 2423 2002 2491 Ἰησοῦ

422 2507 703 2578 Χριστοῦ,
716 2506 901 2577 φησὶν,
922 2506 993 2560 ἐν
1015 2504 1094 2572 τῷ
1112 2504 1342 2574 σώματι
1364 2522 1486 2575 μου
1505 2503 1805 2571 βαστάζω,
1832 2505 1997 2560 καθά-

423 2610 528 2664 περ
542 2590 797 2664 τρόπαιόν
813 2607 865 2643 τι
884 2589 1044 2659 μέγα’
1058 2588 1153 2641 καὶ
1168 2587 1609 2654 πάλιν,“Ενεκεν
1619 2587 1726 2643 τοῦ
1742 2589 1999 2658 Ἰσραὴλ,

425 2676 580 2747 φησὶ,
620 2674 735 2741 τὴν
755 2671 983 2727 ἅλυσιν
1004 2671 1237 2739 ταύτην
1268 2671 1605 2740 περίκειμαι
1638 2689 1654 2703 ο
1682 2671 1777 2725 καί⁵
1816 2671 1999 2737 πάλιν,

437 2761 541 2811 Ἐν
569 2751 610 2829 ᾖ
663 2754 975 2824 πρεσϐεύω
1036 2754 1106 2807 ἐν
1154 2753 1392 2808 ἁλύσει.
1436 2753 1501 2806 Τί
1526 2753 1644 2807 ἐστι
1670 2754 1828 2808 τοῦτο
1860 2757 2003 2818 ςοὺκ

422 2839 692 2912 αισχύνῃς
722 2837 784 2892 οὐ
812 2837 1060 2900 δέδοικας
1104 2841 1206 2907 τὴν
1250 2837 1579 2908 οἰκουμένην
1594 2837 1882 2909 δεσμώτης
1903 2856 2004 2893 πε·-

425 2924 584 2996 ριιὼν
612 2939 629 2991 ;
658 2923 719 2976 οὐ
751 2921 891 2992 φοϐῇ
923 2922 997 2992 μή
1052 2937 1137 2984 τις
1170 2920 1461 2975 ἀσθένειαν
1489 2920 1584 2975 τοῦ
1611 2921 1747 2976 Θεοῦ
1786 2941 1879 2976 σου
1905 2941 2004 2977 κα-

423 3005 641 3078 ταγνῷ;
667 3006 741 3077 μή
762 3021 845 3068 τις
871 3004 962 3058 διά
982 3002 1141 3058 τοῦτο
1164 3004 1226 3056 οὐ
1255 3004 1332 3075 μή
1367 3003 1648 3075 προσέλοῃ
1677 3022 1691 3072 ;
1727 3006 1800 3057 Ού
1818 3006 2003 3059 τοιαῦ-

422 3091 493 3145 τά
524 3107 646 3161 μου,
676 3088 916 3159 φησὶ,τά
943 3087 1122 3157 δεσμά
1148 3102 1163 3117 °
1197 3082 1304 3140 οἶδε
1339 3087 1434 3142 καὶ
1460 3089 1518 3140 ἐν
1541 3087 1833 3158 βασιλείοις
1864 3088 1998 3160 λάμ-

425 3192 568 3227 πειν.
591 3172 775 3226 Ὥστε
831 3170 975 3237 τοὺς
1026 3169 1291 3237 δεσμούς
1324 3187 1467 3239 μου,
1514 3172 1671 3239 φησὶ,
1705 3172 2004 3240 φανεροὺς

422 3254 704 3326 γενέσθαι
738 3254 809 3307 ἐν
853 3253 974 3321 ὅλῳ
1012 3250 1091 3318 τῷ
1113 3252 1469 3321 πραιτωρίῳ,
1505 3252 1605 3306 καὶ
1620 3253 1764 3319 τοὺς
1793 3255 2001 3308 πλείο-

422 3356 535 3404 νιις
554 3338 672 3391 τῶν
701 3335 986 3406 ἀδελφῶν
1028 3336 1100 3389 ἐν
1141 3336 1337 3405 Κιφίφ
1377 3338 1741 3402 πεποιθότας
1767 3339 1890 3402 τοῖς
1916 3336 2006 3391 δε-

421 3420 600 3491 σμοῖς
622 3438 741 3490 μου
778 3416 1226 3488 περισσοτέρως
1270 3417 1502 3489 τολμᾷν
1526 3420 1765 3488 ἀφόϐως
1787 3421 2005 3475 λαλεῖν

423 3504 531 3557 τὸν
580 3503 770 3571 λόγον
823 3501 992 3571 Ὁρᾷς
1036 3501 1253 3570 δεσμῶν
1286 3500 1438 3571 ίσχὺν
1469 3501 1755 3573 μᾶλλον,ἢ
1792 3502 2003 3573 νεκρῶν

424 3585 811 3649 ἀναστάσεωςς
844 3582 1141 3653 Δεδεμένον
1174 3600 1243 3653 με
1278 3579 1419 3637 εἶδον
1443 3624 1459 3645 ,
1491 3585 1587 3638 καὶ
1631 3586 1831 3655 μᾶλλον
1872 3586 2004 3658 θαῤ-

425 3665 634 3737 ροῦσιν.
670 3667 845 3720 Ὅπου
883 3665 993 3734 γὰρ
1031 3665 1244 3735 δεσμὰ,
1276 3665 1490 3738 ἀνάγκη
1522 3667 1618 3720 καὶ
1649 3668 1793 3738 μέγα
1824 3685 1876 3722 τι
1907 3685 2002 3738 γε·

423 3748 611 3802 νέσθσι
635 3749 753 3801 ἐκεῖ
783 3763 798 3778 ’
829 3746 963 3799 ὅπου
995 3745 1195 3815 θλίψις,
1231 3747 1450 3809 πάντως
1469 3749 1590 3801 ἐκεῖ
1612 3750 1703 3803 καὶ
1734 3750 2000 3820 σωτηρία,

425 3833 646 3894 πάντως
675 3831 793 3883 ἐκεῖ
820 3828 1005 3891 ἄνεσις
1025 3868 1041 3892 ,
1073 3830 1294 3892 πάντως
1323 3832 1441 3882 ἐκεῖ
1476 3831 1688 3898 μεγάλα
1720 3833 2002 3903 κατορθώ-

428 3930 598 3986 ματα.
637 3913 696 3966 'U
724 3911 834 3982 7&9
865 3911 1110 3974 διάϐολος
1169 3911 1298 3965 ὅταν
1329 3911 1577 3983 λακτίσῃ,
1614 3913 1736 3966 τότε
1767 3914 2002 3987 πλήττε-

423 4014 515 4051 ται
539 4012 552 4025 ’
577 3997 707 4051 ὅταν
724 3994 862 4067 δήσῃ
893 3994 1021 4058 τοὺς
1046 3992 1141 4047 τοῦ
1172 3992 1309 4046 Θεοῦ
1341 3994 1580 4060 δούλους,
1611 3996 1733 4050 τότε
1766 3998 2005 4067 μάλιστα

422 4082 451 4133 ό
488 4079 645 4149 λόγος
696 4077 996 4131 ἐπιδίδωσι.
1035 4077 1146 4129 Καὶ
1181 4077 1279 4130 θέα
1323 4077 1601 4147 πανταχοῦ
1662 4078 1823 4132 τοῦτο
1857 4080 2004 4149 γινό-

426 4179 610 4232 μενον.
651 4158 1009 4232 Ἐδεσμεύθη,
1042 4160 1133 4213 κιὶ
1182 4160 1241 4211 ἐν
1286 4159 1365 4230 τῷ
1415 4159 1778 4233 δεσμωτηρίῳ
1827 4162 2003 4217 ταῦτα

424 4245 738 4313 εἰργάσατο.
771 4243 877 4297 Ἐν
893 4243 1075 4306 αὐτοῖς
1104 4242 1235 4315 7&9,
1258 4244 1413 4314 φησὶ,
1443 4244 1568 4311 τοῖς
1588 4244 1841 4315 δεσμοῖς
1857 4264 2000 4315 μου.

437 4326 769 4399 Ἰεὶδεσμεύθη
801 4328 860 4380 έν
901 4325 1112 4399 Ῥώμῃ,
1146 4328 1239 4381 καὶ
1284 4327 1533 4393 πλείονας
1556 4330 1868 4400 ἐπηγάγετο
1892 4346 1906 4358 ⁸
1936 4333 2000 4385 οὐ

424 4411 532 4482 γὰρ
550 4410 716 4473 αὐτὸς
741 4410 901 4480 μόνος
916 4410 1160 4482 ἐθάρρει,
1179 4408 1315 4464 ἀλλά
1338 4412 1431 4465 καὶ
1452 4412 1600 4466 ἄλλοι
1620 4413 1803 4466 πολλοὶ
1818 4412 1889 4466 δι’
1906 4414 2003 4465 αύ-

422 4494 540 4550 τού.
572 4492 901 4564 Ἐδεσμεύθη
931 4495 991 4546 ἐν
1025 4493 1454 4564 Ἰεροσολύμοις,
1487 4495 1579 4548 καὶ
1605 4496 1889 4566 δεδεμένος
1908 4497 2004 4566 δη-

427 4578 685 4648 μηγορῶν
733 4576 827 4629 τὸν
881 4575 1106 4645 βασιλέα
1144 4576 1475 4647 κατέπληξε,
1508 4578 1601 4632 καὶ
1640 4579 1730 4633 τὸν
1763 4580 2003 4651 ἄρχοντα

425 4661 542 4732 [tu]
574 4660 655 4722 είς
708 4657 884 4726 φόϐον·
933 4657 1142 4724 ῆγαγεν
1176 4673 1190 4687 ·
1222 4658 1465 4727 ἔμφοϐος
1518 4662 1625 4731 γάρ
1669 4663 1997 4732 γενόμενος,

422 4745 620 4812 φησὶν,
656 4740 928 4795 ἀπέλυσεν
978 4740 1163 4804 αὐτὸν,
1195 4741 1290 4794 καὶ
1312 4742 1413 4794 οὐκ
1442 4743 1706 4811 ᾐσχύνετο
1730 4744 1883 4815 παρά
1904 4744 2000 4797 τοῦ

420 4822 708 4895 δεδεμένου
749 4819 1037 4892 μανθάνων
1090 4823 1217 4891 περὶ
1259 4822 1368 4874 τῶν
1418 4823 1719 4891 μελλόντων
1755 4826 1785 4877 ό
1828 4827 2000 4895 δήσας

421 4909 604 4963 αὐτόν.
646 4904 942 4977 Δεδεμένος
958 4903 1135 4969 ἔπλει,
1171 4906 1265 4958 καὶ
1289 4906 1544 4972 ναυάγιον
1571 4906 1752 4968 ἔλυσε,
1784 4909 1879 4961 καὶ
1905 4908 1998 4962 τὸν

423 4990 669 5064 χειμῶνα
722 4988 1008 5059 ἐπέδησεν.
1047 4988 1137 5042 Ἐν
1184 4989 1403 5058 δεσμοῖς
1432 4988 1584 5052 ὄντος
1614 4990 1780 5043 αὑτοῦ
1810 4988 1872 5044 το
1902 4990 1999 5062 οη-

425 5077 541 5147 ρίον
563 5076 738 5128 ἐκεῖνο
764 5072 1071 5143 καθήψατο,
1100 5072 1194 5126 καὶ
1218 5072 1385 5144 μηδὲν
1411 5073 1793 5144 λυμηνάμενον
1814 5075 1999 5141 ἐξέπε-

423 5176 515 5213 σεν
547 5170 596 5210 ι.
644 5156 833 5227 Ἐδέθη
870 5157 929 5209 ἐν
964 5155 1177 5227 Ῥώμῃ,
1208 5158 1301 5210 καί
1340 5155 1621 5228 δεδεμένος
1665 5157 1998 5230 δημηγορῶν

423 5241 653 5311 μυρίους
696 5239 1065 5302 ἐπεσπάσατο,
1094 5240 1216 5294 ἀντὶ
1271 5239 1491 5294 πάντων
1516 5239 1675 5295 τοῦτο
1704 5240 1836 5294 αὐτὸ
1866 5258 1998 5312 προ-

423 5324 774 5392 ϐαλλόμενος,
798 5323 898 5391 τὴν
933 5323 1122 5377 ἀλυσιν
1153 5323 1314 5392 λέγω.

505 5519 648 5574 ’Λλλ⁹
684 5519 785 5573 οὐκ
814 5517 962 5570 ἔστιν
1016 5519 1201 5573 ἁλύσει
1240 5521 1458 5591 δεθῆναι
1508 5521 1621 5576 νῦν.
1658 5522 1797 5575 Ἀλλ’
1850 5523 1996 5576 ἔστιν

425 5606 588 5675 ἑτέρα
624 5603 834 5667 άλυσις,
873 5602 936 5656 ἂν
981 5601 1272 5672 ἐθέλωμεν.
1322 5608 1453 5660 Ποῖα
1484 5608 1545 5676 δὴ
1583 5606 1761 5675 αὖτη;
1796 5608 1867 5659 Τδ
1899 5608 1995 5674 τῆς

484 5841 514 5874 ⁸⁸
535 5840 613 5893 Διὶ
636 5840 977 5901 λυμαινομένου
1000 5834 1244 5894 ἑξέπεοενῗ

2104 412 2286 484 χειρὸς
2311 415 2553 484 κρατεῖν,
2581 413 2641 466 τὸ
2666 412 2740 483 μὴ
2765 413 2901 483 πρὸς
2928 412 3243 480 πλεονεξίαν
3267 412 3486 483 ἕτοιμον
3522 409 3685 468 εἶναι.

2101 497 2288 569 Ταύτῃ
2334 500 2400 568 τῇ
2451 495 2641 549 ἁλύσει
2691 497 2943 566 δήσωμεν
2969 495 3236 559 ἑαυτούς’
3283 498 3406 552 ἀντὶ
3439 497 3687 565 σιδηρίου

2108 579 2349 649 γενέσθω
2371 582 2504 650 ἡμῖν
2535 582 2564 635 ό
2588 579 2685 633 τοῦ
2714 578 2849 633 Θεοῦ
2876 579 3062 648 φόϐος.
3094 581 3363 651 Λύσωμεν
3389 584 3516 644 τοὺς
3543 581 3688 633 δεδε-

2103 664 2301 733 μένους
2347 664 2452 717 ὑπδ
2499 666 2712 728 πενίας,
2750 664 2855 717 ὑπὸ
2911 663 3165 734 θλίψεως.
3220 666 3338 718 Οὐκ
3392 665 3540 717 ἐστιν
3572 666 3688 717 ίσον

2099 746 2478 818 δεσμωτηρίου
2518 746 2688 819 θύρας
2724 746 2957 809 ἀνοῖξαι,
3018 747 3113 800 καὶ
3140 746 3319 816 ψυχὴν
3361 746 3687 814 συγκεκλει-

2103 831 2312 902 σμένην
2334 832 2554 899 ἀφεῖναι
2576 847 2592 863 ο
2620 831 2720 884 οὐκ
2744 830 2892 883 ἐστιν
2928 830 3043 883 ἴσον
3074 829 3238 883 λῦσαι
3267 829 3442 898 δεσμά
3465 829 3683 898 δεσμω-

2061 930 2065 934 ’
2099 913 2212 969 τῶν
2235 914 2556 985 δεδεμένων,
2585 915 2682 968 καὶ
2709 914 3150 985 τεθραυσμένους
3167 912 3436 967 ἀπολῦσαι
3462 915 3521 966 ἐν
3550 914 3686 981 ἀφέ-

2104 1013 2206 1053 σει.
2237 997 2407 1052 Τοῦτο
2428 998 2638 1051 ἐκείνου
2662 997 2847 1068 μεῖζόν
2869 999 3018 1050 ἐστιν
3043 1013 3056 1024 ·
3089 996 3299 1049 ἐκείνου
3331 996 3429 1066 μὲν
3460 994 3569 1067 γὰρ
3597 996 3690 1049 ού-

2102 1082 2212 1144 δεὶς
2246 1085 2423 1136 κεῖται
2459 1082 2672 1153 μισθὸς,
2702 1080 2893 1135 τούτου
2930 1081 2988 1135 δὲ
3039 1079 3243 1151 μυρίοι.
3290 1078 3497 1150 Μακρά
3529 1081 3563 1150 ή
3590 1079 3688 1133 τοῦ

2104 1164 2320 1218 Παύλου
2341 1165 2566 1234 γέγονεν
2594 1164 2805 1229 ἅλυσις,
2827 1165 2921 1218 καὶ
2940 1163 3037 1217 ἐπὶ
3054 1162 3189 1217 πολὺ
3216 1154 3495 1232 κατέσχεν
3513 1163 3686 1233 ημᾶς·

2103 1249 2200 1303 καὶ
2230 1248 2338 1319 γάρ
2364 1250 2513 1302 ἐστιν
2541 1248 2712 1313 ὅντως
2744 1248 2950 1319 μακρὰ,
2986 1248 3079 1301 καὶ
3110 1248 3295 1317 πάσης
3322 1248 3513 1317 σειρᾶς
3550 1264 3687 1317 χρυ-

2106 1333 2205 1403 σῆς
2235 1333 2605 1404 κοσμιωτέρα.
2635 1330 2786 1403 Αὕτη
2815 1334 2941 1396 τοὺς
2962 1332 3282 1402 δεδεμένους
3314 1331 3569 1402 καθάπερ
3599 1333 3688 1387 διά

2103 1433 2247 1481 τινος
2283 1416 2535 1487 μηχανῆς
2561 1416 2710 1470 ἕλκει
2765 1415 2903 1486 πρὸς
2947 1415 3039 1469 τὸν
3074 1415 3325 1486 οὐρανὸν,
3369 1416 3464 1469 καλ⁵
3494 1414 3685 1486 ῶσπερ

2105 1498 2282 1570 χρυσῆ
2334 1499 2491 1570 σειρά
2535 1498 2919 1571 ἐξαρτηθείσα,
2977 1498 3194 1551 ἀνέλκει
3228 1497 3366 1567 πρὸς
3396 1497 3560 1552 αὑτὸν
3594 1498 3686 1571 τὸν

2103 1581 2351 1652 οὐρανόν·
2385 1583 2477 1635 καὶ
2508 1580 2569 1634 τὸ
2596 1570 2661 1652 δή
2709 1580 3045 1652 θαυμαστὸν,
3080 1581 3231 1634 κάτω
3270 1578 3509 1645 δεθεῖσα,
3555 1570 3686 1643 τοὺς

2103 1664 2420 1736 δεδεμένους
2450 1666 2564 1720 ἀνω
2595 1665 2764 1719 ἐλκει.
2808 1665 3002 1719 Καίτοι
3033 1665 3131 1735 οὐχ
3161 1664 3302 1735 αὓτη
3354 1664 3465 1717 τῶν
3493 1682 3683 1734 πραγ-

2107 1751 2293 1821 μάτων
2322 1751 2354 1821 ή
2392 1749 2553 1820 φύσις
2573 1766 2587 1781 ο
2619 1748 2735 1804 ἀλλ’
2798 1749 2925 1803 ὅταν
2952 1748 3086 1811 Θεὸς
3116 1750 3395 1818 οἰκονομῇ,
3424 1748 3499 1818 μὴ
3532 1750 3686 1818 ζήτει

2106 1832 2449 1903 πραγμάτων
2479 1833 2642 1902 φύσιν
2692 1833 2828 1903 μηδέ
2885 1831 3229 1893 ἀκολουθίαν,
3263 1832 3399 1885 ἀλλά
3437 1832 3508 1884 τά
3543 1831 3686 1901 ὑπὲρ

2106 1916 2268 1985 φύσιν
2296 1916 2390 1970 καὶ
2418 1915 2763 1970 ἀκολουθίαν.
2816 1914 3097 1985 Μάθωμεν
3131 1914 3267 1984 μηδὲ
3323 1915 3382 1967 ἐν
3418 1919 3542 1978 ταῖς
3571 1914 3687 1968 θλί-

2103 1998 2229 2068 ψεσι
2256 2000 2642 2061 καταπίπτειν,
2679 1998 2817 2070 μηδέ
2844 1997 3243 2068 δυσχεραίνειν.
3277 1998 3420 2068 Ὅρα
3455 1997 3565 2067 γάρ
3590 1996 3686 2049 τὸν

2108 2083 2379 2154 μακάριον
2425 2083 2616 2136 τοῦτον
2638 2099 2652 2113 ο
2707 2079 3118 2152 μεμαστίγωτο,
3167 2082 3262 2134 καὶ
3293 2081 3687 2151 μεμαστίγωτο

2109 2166 2344 2237 ἰσχυρῶς
2367 2181 2383 2197 ο
2437 2166 2682 2231 Πολλὰς
2732 2166 2841 2235 γάρ
2887 2165 3116 2232 αὐτοῖς,
3151 2165 3341 2236 φησὶν,
3376 2163 3687 2231 ἐπιθέντες

2105 2250 2343 2321 πληγάς
2363 2265 2377 2280 ’
2414 2250 2512 2304 καὶ
2535 2249 2764 2314 ἐδέδετο,
2793 2248 3068 2303 καὶτοῦτο
3098 2249 3262 2303 πάλιν
3292 2245 3532 2318 ἰσχυρῶς
3552 2264 3567 2279 ο
3605 2250 3686 2312 είς

2105 2334 2215 2405 7&9
2233 2335 2333 2406 τὴν
2362 2334 2639 2406 ἐσωτέραν
2667 2332 2918 2404 φυλακὴν
2942 2330 3198 2387 ἐνέϐαλεν
3220 2332 3403 2394 αὑτὸν,
3427 2330 3523 2384 καὶ
3550 2331 3687 2401 μετά

2108 2418 2353 2481 πλείονος
2406 2416 2730 2486 ἀσφαλείας.
2783 2415 2893 2468 Καὶ
2927 2415 2985 2468 ἐν
3021 2412 3301 2476 τοσούτοις
3329 2412 3406 2466 ὢν
3454 2413 3598 2466 κατὰ
3626 2413 3688 2465 τὸ

2109 2499 2481 2571 μεσονύκτιον,
2512 2499 2601 2553 ὅτε
2636 2499 2729 2552 καὶ
2754 2498 2806 2550 οί
2839 2497 3046 2568 σφόδρα
3091 2496 3456 2568 ἐγηγερμένοι
3482 2496 3687 2549 καθεύ-

2105 2584 2308 2647 δουσιν,
2362 2582 2555 2655 ἐτέρου
2614 2580 2817 2652 δεσμοῦ
2893 2581 3300 2651 χαλεπωτέρου,
3356 2580 3451 2634 τοῦ
3515 2579 3687 2632 ὖπνου

2106 2667 2478 2738 ἐπικειμένου,
2504 2664 2630 2740 ᾖδον
2652 2666 2746 2719 καὶ
2776 2665 2981 2737 ὕμνουν
3007 2666 3099 2719 τὸν
3127 2665 3354 2736 Κύριον.
3386 2664 3453 2717 Τί
3479 2663 3686 2716 τούτων

2106 2752 2305 2822 γένοιτ’
2340 2752 2408 2807 ἀν
2453 2752 2561 2806 τῶν
2594 2750 2787 2822 ψυχῶν
2818 2748 3363 2820 ἀδαμαντινώτερον;
3408 2749 3687 2802 Ἐνενόουν

2106 2837 2189 2889 ὅτι
2218 2835 2315 2889 καὶ
2341 2836 2391 2889 oi
2422 2834 2613 2898 παῖδες
2638 2836 2698 2889 ἐν
2731 2834 2868 2905 πυρὶ
2892 2829 3018 2908 ᾖδον
3052 2833 3146 2886 καὶ
3173 2835 3231 2885 ἐν
3253 2831 3471 2901 καμίνῳ
3490 2846 3505 2859 '
3556 2831 3685 2891 ἴσως

2105 2918 2430 2988 ἐλογίζοντο,
2463 2918 2547 2972 δτι
2566 2918 2760 2989 Ἡμεῖς
2788 2917 2943 2971 οὐδὲν
2971 2914 3213 2970 τοιοῦτον
3244 2913 3458 2967 οὐδέπω
3484 2913 3687 2965 πεπόν-

2106 3001 2302 3072 θαμεν.
2360 3000 2523 3054 Ἀλλά
2575 3000 2759 3064 καλῶς
2813 2998 2984 3054 ποιῶν
3028 3000 3058 3051 ὁ
3114 2997 3273 3065 λόγος
3328 2995 3409 3060 είς
3465 2996 3684 3063 ἐτέρους

2106 3087 2254 3157 ἡμᾶς
2306 3085 2471 3139 πάλιν
2530 3084 2791 3156 ἐξήνεγκε
2855 3082 3088 3154 δεσμοὺς
3158 3081 3254 3135 καὶ
3308 3079 3686 3152 δεσμωτήριον

2105 3170 2191 3223 ἐτε
2199 3186 2310 3243 ρον.

2177 3335 2243 3389 Τί
2278 3333 2469 3399 πάθω;
2532 3332 2793 3405 βούλομαι
2854 3331 3105 3403 σιγῆσαι,
3155 3331 3272 3385 ἀλλ’
3315 3329 3378 3382 οὐ
3423 3328 3684 3401 δύναμαι.

2108 3421 2339 3490 Ἕτερον
2390 3418 2768 3489 δεσμωτήριον
2801 3411 2959 3489 εὗρον
2992 3416 3201 3471 ἐκείνου
3254 3413 3435 3485 πολλῷ
3467 3414 3685 3486 θαυμα-

2108 3502 2369 3575 σιώτερον
2416 3502 2511 3556 καὶ
2558 3501 3093 3573 ἐκπληκτικῴτερον.
3131 3499 3294 3557 Ἀλλά
3362 3517 3452 3569 μοι
3502 3500 3689 3553 διανά-

2109 3604 2294 3658 στητε,
2322 3588 2397 3650 ὡς
2426 3585 2521 3638 νῦν
2571 3584 2878 3657 ἀρχομένου
2915 3585 3011 3638 τοῦ
3060 3584 3242 3652 λόγου,
3283 3582 3378 3635 καὶ
3405 3582 3687 3652 ἀκμαζού-
3708 3596 3719 3601 ‘

2109 3686 2228 3732 σαις
2267 3668 2597 3739 προσέλθετε
2642 3671 2760 3731 ταῖς
2804 3667 3093 3730 διανοίαις.
3124 3665 3397 3735 Βούλομαι
3426 3664 3684 3735 διακόψαι

2105 3754 2197 3807 τὸν
2220 3753 2398 3822 λόγον,
2427 3753 2524 3806 καὶ
2539 3753 2640 3805 οὐκ
2666 3752 2940 3822 ἀνέχεται,
2962 3750 3233 3824 Καθάπερ
3249 3754 3358 3823 γάρ
3372 3771 3457 3817 τις
3480 3752 3684 3825 μεταξὺ

2108 3840 2279 3894 πίνων
2312 3840 2412 3891 οὐκ
2464 3836 2531 3891 ἂν
2587 3837 2877 3907 ἀνάσχοιτο
2931 3837 3208 3907 διακόψαι,
3264 3838 3366 3892 κᾶν
3395 3837 3577 3893 ὁτιοῦν
3603 3854 3686 3900 τις

2107 3922 2511 3992 ἐπαγγέλληται
2533 3935 2548 3949 ⁸
2584 3920 2727 3973 οὕτω
2744 3920 2901 3990 κάγὼ
2914 3921 3019 3991 τῆς
3044 3920 3265 3984 κύλικος
3289 3919 3684 3989 ἐπιλαϐόμενος

2106 4004 2206 4074 τῆς
2245 4003 2566 4075 θαυμαστῆς
2595 4001 2690 4056 τοῦ
2728 4003 3107 4075 δεσμωτηρίου
3134 4003 3244 4057 τῶν
3274 4003 3363 4057 δ;ἀ
3394 4002 3511 4077 [65]
3546 4004 3682 4073 Χρι-

2110 4088 2232 4143 στὸν
2267 4086 2590 4156 δεδεμένων,
2623 4087 2685 4139 ού
2731 4084 2965 4155 δύναμαι
2997 4085 3329 4151 παύσασθαι,
3357 4089 3419 4140 οὐ
3447 4087 3684 4155 δύναμαι

2109 4172 2349 4242 σιγῆσαι.
2398 4172 2459 4223 Εἰ
2486 4170 2596 4241 7&9
2630 4169 2792 4233 αὐτὸς
2820 4172 2879 4223 ἐν
2902 4168 3261 4241 δεσμωτηρίῳ
3303 4170 3398 4223 καὶ
3444 4171 3505 4223 ἐν
3532 4167 3686 4222 νυκτὶ

2105 4256 2205 4308 οὐκ
2239 4253 2513 4322 ἐσίγησεν,
2543 4252 2665 4306 ούδέ
2693 4254 2751 4305 ἐν
2778 4252 3051 4322 μάστιξιν,
3084 4252 3195 4321 ἐγὼ
3226 4255 3524 4325 σιγήσομαι
3551 4256 3687 4309 καθ-

2106 4339 2307 4409 ήμενος
2347 4336 2561 4406 ἡμέρας
2607 4334 2797 4404 οὔσης,
2849 4336 2989 4403 μετά
3036 4335 3239 4406 πολλῆς
3294 4339 3393 4407 τῆς
3447 4338 3687 4398 ἀνέσεως

2106 4420 2496 4490 φθεγγόμενος,
2524 4418 2629 4469 τῶν
2659 4417 2982 4488 δεδεμένων,
3011 4418 3122 4471 τῶν
3150 4421 3684 4491 μεμαστιγωμένων,

2104 4503 2213 4557 τῶν
2246 4506 2305 4556 ἐν
2335 4502 2475 4573 μέσῃ
2509 4501 2665 4554 νυκτὶ
2692 4500 2851 4554 τοῦτο
2885 4501 2961 4572 μὴ
2988 4500 3301 4569 παθόντωνς

2174 4666 2239 4720 Ol
2272 4665 2461 4728 παῖδες
2486 4664 2588 4717 οὐκ
2621 4662 2821 4731 ἐσίγων
2854 4665 2913 4717 ἐν
2933 4666 3150 4737 καμίνῳ
3170 4667 3264 4721 καὶ
3297 4667 3357 4723 ἐν
3384 4668 3551 4738 πυρίο
3592 4671 3687 4723 καὶ

2104 4750 2264 4819 ἡμεῖς
2298 4750 2399 4802 οὐκ
2425 4747 2795 4822 αἰσχυνόμεθα
2825 4750 3126 4814 σιγῶντεςς
3169 4750 3400 4821 Ἴδωμεν
3448 4747 3546 4804 οῦν
3594 4755 3687 4805 καὶ

2102 4833 2261 4888 τοῦτο
2285 4832 2348 4885 τδ
2387 4832 2783 4905 δεσμωτήριον.
2813 4831 3106 4902 Ἑδέθησαν
3139 4836 3237 4887 καὶ
3279 4834 3540 4897 ἐνταῦθα,
3570 4836 3683 4888 ἀλλ’

2104 4915 2305 4977 εὐθέως
2334 4915 2428 4967 καὶ
2466 4916 2529 4968 ἐκ
2560 4916 2866 4985 προοιμίων
2892 4915 3188 4981 ἐδείκνυτο,
3222 4917 3304 4969 ὅτι
3328 4917 3430 4969 ούκ
3460 4918 3685 4987 ἔμελλον

2105 5000 2377 5061 καίεσθαι,
2417 4998 2530 5050 ἀλλ’
2562 4999 2637 5063 ὡς
2673 5001 2753 5062 εἰς
2785 4999 3158 5069 δεσμωτήριον
3192 5000 3441 5054 εἰσιέναι.
3479 5002 3546 5053 Τί
3580 5003 3686 5073 7&9

2102 5081 2321 5150 δεσμεῖς
2368 5081 2494 5144 τοὺς
2553 5081 2854 5151 μέλλοντας
2911 5081 3298 5150 φλογίζεσθαις
3365 5083 3682 5153 Ἐδέθησαν,

2104 5163 2287 5227 καθὼς
2339 5164 2574 5229 Παῦλος,
2630 5164 2726 5218 καὶ
2784 5164 2952 5228 πόδας
2999 5166 3095 5218 καὶ
3141 5167 3330 5236 χεῖρας
3357 5182 3370 5195 ·
3419 5166 3687 5236 ἐδέθησαν

2106 5248 2244 5318 μετά
2272 5248 2527 5301 τοσούτου
2563 5246 2760 5317 θυμοῦ.
2789 5249 2901 5302 Καί
2925 5248 3036 5318 7&9
3068 5249 3278 5311 ἐκεῖνος
3312 5251 3392 5311 εἰς
3424 5251 3527 5319 τὴν
3552 5251 3686 5302 ἐσω-

2102 5332 2265 5404 τέραν
2300 5331 2478 5392 ,ἔϐαλε
2536 5329 2808 5401 φυλακὴν,
2859 5331 2953 5385 καὶ
3006 5323 3163 5394 οὗτος
3196 5330 3291 5383 ἐπὶ
3321 5331 3455 5384 πολὺ
3486 5333 3686 5401 καῆναι

2101 5416 2200 5482 τὴν
2235 5417 2466 5485 κάμινον
2488 5413 2793 5467 ἐκέλευσεν.
2828 5412 2970 5466 Ἀλλ’
3002 5412 3201 5482 ἴδωμεν
3216 5414 3285 5467 τὰ
3311 5414 3451 5484 μετά
3480 5415 3676 5468 ταῦτα.

2115 5496 2457 5562 ’Υμνούντων
2515 5496 2740 5549 ἐκείνων
2789 5496 2998 5548 ἐσείετο
3049 5495 3113 5548 τὸ
3158 5494 3558 5565 δεσμωτήριον,
3591 5498 3685 5548 καὶ

2103 5578 2453 5647 ἀνεῴχθησαν
2481 5578 2540 5631 αἱ
2574 5577 2735 5648 θύραι
2757 5594 2773 5610 ο
2809 5578 2904 5631 καὶ
2930 5577 3137 5631 τούτων
3173 5578 3487 5648 ὑμνούντων
3512 5579 3681 5648 ἐλύθη

2106 5664 2171 5715 τά
2205 5661 2381 5729 δεσμά
2411 5661 2633 5715 καὶτῶν
2671 5662 2848 5715 ποδῶν
2888 5662 2982 5715 καὶ
3008 5661 3117 5713 τῶν
3145 5660 3347 5731 χειρῶν
3378 5675 3389 5686 ·
3428 5661 3681 5731 ἀνεῴχθη

2102 5746 2163 5799 τὸ
2195 5746 2592 5816 δεσμωτήριον,
2640 5746 2733 5799 καὶ
2768 5744 3123 5815 ἀνεῴχθησαν
3151 5744 3206 5796 αἱ
3242 5743 3404 5814 θύραι
3441 5745 3544 5813 τῆς
3582 5764 3682 5797 ια-

2104 5829 2261 5899 μίνου
2283 5844 2295 5858 ·
2338 5828 2528 5898 δρόσος
2555 5829 2661 5899 γάρ
2689 5827 2995 5898 πνεύματος
3019 5825 3341 5896 διεσύριζεν,
3365 5827 3503 5881 Ἀλλ’
3532 5830 3682 5897 δμως
