3932 6220
274 461 340 517 ὖδ
1158 445 1221 500 ΙΝ
1263 442 1478 499 EPIST.
1521 440 1614 495 Al)
1655 434 1874 491 El‘llliS

1985 433 2084 486 Μ’.
2124 431 2207 484 ιν.
2255 428 2476 484 ll().\l|l..
2526 429 2654 483 Vill.
3481 429 3547 484 (μδ

347 576 404 628 7.
431 573 584 628 Nune
610 577 785 621 autem
815 564 960 619 Pauli
991 573 1194 616 eatena:
1239 559 1417 614 multis
1459 555 1592 608 actis
1636 550 1850 622 gratiis,

277 668 437 721 linem
469 664 799 730 imponamus
822 655 1070 718 orationi,
1089 651 1227 721 quod
1248 659 1352 704 tam
1384 647 1674 703 multorum
1703 641 1857 696 nobis

278 758 538 808 bonorum
568 751 722 804 fuerit
747 763 906 800 causa
931 786 947 810 ,
977 760 1098 798 cum
1131 757 1226 795 vos
1253 737 1619 809 rogaverimus
1659 741 1715 787 ut
1751 747 1858 785 non

277 849 448 900 solum
477 860 583 899 non
615 857 755 910 azgre
782 839 987 903 feratis,
1019 838 1064 889 si
1095 833 1220 903 quid
1250 831 1390 900 passi
1414 827 1622 883 fueritis
1643 833 1860 894 propter

275 938 584 999 Christum,
621 931 717 986 sed
766 930 930 984 etiam
982 923 1259 995 gaudeatis
1306 921 1443 974 sicut
1494 915 1758 986 apostoli,
1807 922 1862 965 et

277 1025 573 1098 gloriamini
601 1065 616 1088 ,
649 1033 704 1075 ut
731 1020 946 1074 dicebat
969 1015 1194 1079 Paulus,
1222 1010 1585 1065 Lubentissime
1608 1003 1863 1077 gloriabor

280 1096 329 1172 in
366 1115 744 1185 inﬁrmitatibus
779 1112 923 1166 meis.
956 1109 1242 1176 Propterea
1268 1102 1504 1169 audivit,
1536 1098 1734 1167 Sufﬁcit
1775 1096 1862 1148 tibi

277 1210 441 1280 gratia
478 1223 588 1260 mea
620 1204 711 1276 (9..
741 1203 866 1258 Cor.
898 1199 985 1254 η.
1021 1198 1108 1267 9).
1140 1195 1334 1251 Paulus
1363 1192 1621 1263 gloriatur
1646 1197 1864 1259 preptcr

278 1279 483 1352 vincula
513 1339 528 1363 ,
574 1306 627 1351 et
652 1307 705 1348 tu
732 1303 956 1364 propter
995 1289 1210 1345 divitias
1233 1286 1399 1339 altum
1432 1281 1610 1352 Sapis?
1637 1279 1863 1348 apostoli

275 1389 582 1460 gaudebant
610 1385 750 1454 quod
780 1383 924 1454 digni
953 1388 1134 1436 essent
1162 1377 1326 1432 habiti
1367 1374 1456 1444 qui
1485 1371 1664 1440 ﬂagris
1686 1368 1864 1423 caade-

278 1494 501 1546 rentur,
549 1489 605 1535 et
644 1490 698 1534 tu
746 1479 910 1533 otium
957 1474 1154 1546 quieris
1191 1480 1246 1526 et
1291 1466 1548 1525 delicias?
1586 1461 1865 1534 Quomodo

278 1590 412 1644 ergo
435 1576 514 1628 vis
540 1572 724 1627 eadem
755 1586 870 1640 qua:
899 1569 974 1623 illi
1004 1563 1298 1634 consequi,
1343 1576 1463 1618 cum
1495 1559 1582 1614 hic
1605 1555 1866 1628 gradiar-is

280 1668 362 1720 via
392 1668 478 1720 eis
510 1660 809 1717 contraria?
839 1659 906 1712 Et
951 1673 1115 1721 nunc,
1155 1653 1361 1724 inquit,
1408 1650 1536 1705 vado
1573 1650 1626 1702 in
1653 1645 1867 1701 Jerusa—

280 1759 380 1810 lem
405 1755 643 1822 alligatus
692 1751 904 1819 spiritu,
963 1763 1075 1818 qua:
1125 1746 1179 1799 in
1228 1761 1287 1797 ea
1329 1752 1539 1796 uentura
1578 1738 1703 1792 mihi
1751 1744 1866 1790 sunt

279 1850 520 1918 ignorans
545 1862 562 1898 :
585 1843 681 1896 nisi
705 1841 842 1912 quod
874 1839 1103 1910 Spiritus
1131 1844 1334 1889 sanctus
1359 1848 1445 1904 per
1467 1846 1662 1885 onmem
1686 1828 1863 1880 civita-

285 1915 380 1988 tem
403 1935 525 1987 mihi
551 1939 856 2001 protestetur
892 1928 1064 1980 dicens
1085 1965 1099 1989 ,
1128 1923 1264 1993 quod
1291 1921 1491 1976 vincula
1515 1929 1561 1972 et
1585 1915 1866 1970 tribulatio-

282 2043 373 2081 nes
415 2042 492 2076 nte
543 2030 745 2076 manent
800 2016 1064 2090 (Act.20.
1089 2014 1180 2068 ἓξ.
1228 2011 1352 2083 25).
1392 2011 1502 2066 Cur
1527 2022 1654 2078 ergo
1684 2005 1862 2068 vadis,

283 2122 328 2171 si
377 2117 582 2170 vincula
639 2124 694 2167 et
734 2110 1052 2164 afﬂictiones
1101 2117 1152 2161 te
1206 2103 1457 2158 manent?
1499 2101 1722 2169 Propter
1766 2098 1867 2150 hoc

285 2208 458 2276 ipsum
526 2213 585 2258 ut
646 2202 849 2256 vineiar
911 2205 1128 2268 propter
1178 2195 1484 2256 Christum,
1555 2199 1609 2244 ut
1676 2188 1870 2242 moriar

283 2308 511 2369 propter
541 2295 738 2363 ipsum.
767 2291 881 2346 Non
931 2290 1104 2344 solum
1147 2286 1288 2342 enim
1340 2292 1552 2353 paratus
1593 2296 1709 2334 sum
1753 2279 1862 2331 vir.-

283 2367 384 2444 ciri
412 2429 428 2453 ,
461 2385 557 2440 sed
591 2384 752 2438 etiam
784 2381 917 2436 mori
944 2393 1042 2450 pro
1073 2376 1288 2431 nomine
1317 2371 1524 2427 Domini
1552 2369 1719 2424 nostri
1747 2367 1870 2423 Jesu

281 2477 509 2533 Christi.

359 2565 556 2618 Paulus
581 2565 634 2616 in
658 2561 874 2616 vinculis
903 2569 950 2613 et
987 2556 1135 2610 malis
1170 2553 1502 2626 gloriabatur.
1529 2579 1601 2590 —
1623 2548 1762 2604 Nihil
1790 2558 1872 2602 est

285 2659 374 2711 illa
398 2658 567 2709 anima
599 2653 832 2708 beatius.
863 2652 920 2705 lu
945 2647 1262 2719 quibusnam
1286 2639 1578 2714 gloriatur?
1599 2639 1654 2693 In
1687 2639 1872 2693 vitien-

285 2751 352 2804 lis
371 2791 386 2815 ,
414 2750 466 2803 in
511 2743 892 2801 afllictionibus
915 2783 930 2807 ,
963 2743 1015 2795 in
1046 2749 1232 2794 catena
1254 2779 1269 2803 ,
1298 2738 1350 2790 in
1373 2721 1728 2805 stigmatibus.
1762 2731 1871 2801 Ego

283 2841 525 2911 stigmata
577 2835 782 2890 Domini
822 2833 949 2886 Jesu
993 2830 1182 2886 Christi
1221 2829 1273 2881 in
1313 2840 1524 2895 corpore
1564 2839 1674 2876 meo
1728 2830 1872 2890 porto

289 2929 450 3000 (Col.
480 2929 532 2982 6.
567 2927 699 2997 l7),
733 2935 1002 2993 tamquam
1045 2934 1293 2990 magnum
1335 2914 1548 2986 aliquod
1580 2923 1870 2984 tropaaum;

284 3036 341 3076 et
368 3033 575 3083 rursus,
608 3017 825 3087 PrOpter
849 3011 1041 3076 Israel,
1069 3011 1256 3081 inquit,
1281 3018 1459 3062 catena
1474 3009 1568 3060 hac
1583 3004 1868 3058 circumda-

286 3123 368 3166 tus
409 3127 524 3164 sum
572 3109 592 3178 (
617 3109 726 3161 Act.
767 3105 860 3160 28.
887 3103 958 3157 20
979 3104 996 3172 )
1019 3119 1033 3169 ;
1060 3111 1115 3157 et
1144 3115 1331 3156 rursus
1361 3117 1375 3153 :
1408 3097 1472 3152 In
1502 3115 1600 3167 quo
1630 3096 1875 3167 legatione

286 3207 477 3276 {ungor
500 3203 554 3254 in
604 3210 781 3252 eatena
827 3196 996 3268 (Eph.
1045 3194 1100 3250 6.
1151 3191 1280 3262 20).
1313 3189 1449 3258 Quid
1473 3189 1574 3244 hoc
1599 3203 1729 3259 ergo
1753 3189 1874 3243 est?

287 3312 395 3348 non
428 3305 478 3348 te
517 3291 712 3363 pudet?
742 3305 847 3343 non
887 3285 1228 3351 extimescis,
1275 3291 1440 3337 totum
1486 3281 1670 3336 orbem
1719 3291 1876 3336 terra:

290 3387 507 3440 vinctus
550 3379 906 3437 circumiens?
934 3393 1038 3432 non
1069 3376 1260 3431 metuis
1288 3389 1355 3429 ne
1378 3373 1498 3443 quis
1531 3373 1696 3426 Deum
1729 3383 1872 3426 tuum

288 3472 929 3534 accusetimbeeillitatis?
955 3487 1021 3524 ne
1043 3470 1160 3539 quis
1183 3476 1463 3537 pr0plerea
1488 3480 1591 3518 non
1619 3464 1876 3519 accedat?

290 3571 410 3626 Non
437 3579 597 3633 sunt,
652 3564 855 3635 inquit,
904 3561 1024 3616 talia
1053 3574 1172 3613 mea
1207 3557 1416 3612 vincula
1452 3574 1464 3609 :
1496 3556 1670 3610 sciunt
1715 3555 1876 3609 etiam

291 3661 576 3730 Splendere
603 3661 654 3712 in
676 3656 810 3711 aulis
837 3669 1043 3724 regum.
1069 3650 1153 3704 Ita
1183 3660 1236 3703 ut
1263 3649 1463 3704 vincula
1491 3664 1603 3701 mea
1627 3689 1641 3712 ,
1671 3647 1874 3716 inquit,

293 3753 565 3819 manifesta
593 3750 766 3816 ﬁerent
794 3748 846 3799 in
871 3745 1008 3798 omni
1036 3742 1294 3813 prwtorio,
1317 3751 1364 3792 et
1395 3740 1562 3808 plures
1589 3754 1616 3791 e
1641 3737 1880 3807 fratribus

291 3847 344 3899 in
381 3843 606 3897 Domino
649 3839 952 3907 conﬁdentes
995 3837 1048 3888 in
1099 3832 1314 3888 vinculis
1357 3833 1501 3895 meis,
1544 3830 1881 3883 abundantius

295 3939 544 3992 auderent
585 3934 692 3985 sine
722 3933 894 3984 timore
920 3928 1117 3982 verbum
1164 3923 1261 3979 Dei
1314 3923 1451 3992 loqui
1503 3919 1774 3993 (Philipp.
1828 3922 1878 3974 l.

297 4032 387 4086 l5.
421 4029 544 4096 is).
579 4023 760 4078 Viden’
780 4021 1110 4075 vinculorum
1149 4017 1256 4070 vim
1288 4016 1486 4084 magis,
1526 4029 1684 4083 quam
1716 4015 1767 4067 in
1800 4028 1883 4066 re-

297 4119 634 4176 surrectione
664 4111 1038 4171 Innrlunrum?
1066 4112 1308 4164 Vinctum
1337 4107 1602 4169 viderunt,
1637 4114 1691 4160 et
1715 4105 1882 4175 magis

297 4213 596 4266 eontidunt.
633 4208 729 4263 Ubi
776 4208 919 4260 enim
958 4211 1082 4257 sunt
1127 4199 1370 4262 vincula,
1420 4197 1525 4251 illic
1570 4211 1782 4266 quoque
1829 4205 1884 4249 ut

299 4303 476 4372 magni
505 4298 704 4369 aliquid
732 4298 928 4350 factum
969 4293 1038 4348 sit
1081 4305 1300 4346 necesse
1339 4299 1421 4342 est
1450 4306 1464 4341 :
1499 4288 1585 4340 ubi
1629 4287 1880 4351 afﬂictio,

303 4397 407 4448 illic
436 4405 650 4462 quoque
675 4388 896 4443 omnino
926 4393 1007 4442 est
1045 4383 1190 4437 salus
1211 4423 1225 4446 ,
1283 4380 1500 4434 omnino
1537 4380 1643 4434 illic
1691 4387 1771 4432 est
1801 4395 1885 4432 re-

303 4487 534 4547 laxatio,
591 4482 703 4535 illic
747 4479 968 4534 omnino
1019 4485 1144 4531 sunt
1195 4473 1447 4544 praeclara
1487 4482 1539 4526 et
1581 4487 1647 4525 ex
1691 4472 1886 4524 virtute

301 4586 450 4643 gesta
483 4573 743 4626 facinora.
768 4567 900 4622 Nam
944 4565 1189 4620 diabolus
1240 4562 1452 4631 quando
1499 4560 1883 4625 calcitraverit,

305 4677 429 4718 tunc
485 4661 678 4717 feritur
725 4678 739 4714 :
791 4656 1005 4728 quando
1053 4653 1284 4708 vinxerit
1341 4651 1430 4704 Dei
1495 4663 1708 4713 servos,
1764 4658 1889 4702 tunc

301 4755 536 4808 maxime
565 4752 758 4805 crescit
779 4747 1022 4802 verbum.
1058 4744 1186 4798 Vide
1206 4752 1384 4796 autem
1409 4744 1510 4794 hoc
1537 4738 1729 4806 ubique
1751 4737 1884 4791 fieri.

303 4845 527 4897 Vinctus
556 4841 685 4902 fuit,
715 4847 766 4892 et
797 4837 910 4891 lucc
933 4836 1059 4890 fecit
1094 4834 1145 4887 in
1186 4847 1402 4888 carcere
1427 4847 1439 4882 :
1465 4829 1531 4882 In
1559 4831 1686 4898 ipsis
1706 4829 1846 4883 enim
1872 4870 1887 4895 ,

303 4944 496 5003 lnqutt,
520 4930 736 4984 vinculis
757 4929 912 4996 meis(
933 4925 1070 4980 Ibid.
1100 4925 1151 4977 l.
1181 4924 1210 4976 ’1
1233 4923 1271 4992 ).
1309 4921 1525 4975 Vinctus
1552 4917 1648 4972 fuit
1678 4918 1888 4982 Romw,

305 5034 364 5079 et
384 5025 566 5094 plures
597 5021 804 5074 induxit
833 5035 848 5072 :
877 5033 983 5071 non
1015 5015 1157 5070 enim
1204 5015 1319 5082 ipse
1360 5011 1504 5065 solus
1553 5008 1852 5063 confidebat
1876 5049 1890 5072 ,

306 5116 402 5168 sed
427 5116 590 5170 etiam
614 5111 704 5164 alii
733 5108 884 5164 multi
915 5122 1010 5176 per
1049 5107 1241 5174 ipsum.
1297 5101 1519 5156 Vinctus
1545 5101 1640 5154 fuit
1680 5099 1895 5154 Jeroso—

308 5207 488 5275 lymis,
522 5214 576 5257 et
599 5202 812 5254 vinetus
837 5199 1162 5254 coneionans
1211 5209 1388 5263 regem
1432 5190 1814 5260 obstupefecit,
1843 5200 1896 5245 et

307 5300 503 5352 timore
547 5293 728 5347 aﬂ‘ecit
780 5290 1088 5361 prinfectum
1121 5305 1134 5340 :
1165 5303 1288 5340 nam
1344 5285 1535 5337 timore
1588 5283 1891 5350 perculsus,

305 5404 432 5444 eum
461 5384 732 5446 absolvit;
767 5396 865 5436 nec
887 5395 1009 5434 eum
1035 5377 1124 5447 qui
1159 5380 1400 5430 vinxerat
1432 5374 1619 5442 puduit
1662 5386 1691 5424 a
1721 5372 1898 5425 vincto

305 5481 519 5534 discere
541 5477 612 5530 de
636 5472 848 5526 futuris.
887 5468 1106 5523 Vinetus
1150 5465 1463 5535 navigabat,
1499 5472 1553 5514 et
1581 5460 1741 5515 solvit
1766 5475 1898 5513 nau-

305 5568 535 5638 fragium
555 5607 573 5632 ,
605 5573 663 5618 et
682 5563 852 5615 vinxit
878 5566 1267 5629 tempestatem.
1292 5557 1426 5610 Cum
1467 5563 1610 5607 esset
1642 5554 1694 5606 in
1720 5553 1902 5606 vincu-

306 5659 375 5712 lis
403 5699 416 5720 ,
444 5658 604 5711 illum
635 5651 811 5720 tetigit
839 5649 1005 5703 bestia
1033 5688 1048 5713 ,
1078 5656 1129 5701 et
1155 5662 1220 5700 eo
1263 5647 1481 5700 minime
1527 5645 1651 5697 laeso
1687 5643 1897 5697 cecidit.

309 5751 533 5806 Vinetus
588 5752 678 5799 est
726 5741 910 5795 Rom-.2
937 5778 954 5804 ,
979 5749 1031 5792 et
1061 5738 1262 5793 vinctus
1301 5736 1649 5791 concinnatus
1688 5735 1902 5788 attraxit

1971 547 2385 600 imiumerahiies
2405 587 2418 608 ,
2450 561 2557 615 pra!
2583 546 2830 600 omnibus
2857 546 2957 600 hoc
3001 547 3174 616 ipsum
3205 562 3542 618 proponens,

1964 653 2157 706 nempe
2185 647 2449 692 catenam.

2032 728 2222 784 Contra
2243 746 2421 783 avaros
2450 740 2496 781 et
2518 731 2668 799 plura
2705 729 2922 783 habendi
2949 731 3180 798 cupidos.
3204 760 3274 771 —
3301 727 3406 786 Sed
3439 748 3542 785 non

1964 821 2086 874 licet
2113 835 2276 884 nunc,
2310 820 2500 890 inquit,
2534 821 2721 874 vinciri
2747 822 2971 875 catenis.
2994 820 3097 876 Sed
3123 822 3228 876 alia
3251 834 3331 878 est
3357 835 3545 878 eatena

1963 911 2009 965 si
2059 911 2301 965 velimus.
2330 911 2584 977 Quaenam
2629 919 2807 965 autem
2861 913 2974 968 lure
2999 914 3125 968 est?
3166 913 3350 968 Manus
3377 916 3547 966 eonti-
3607 891 3610 896 ’

1965 1017 2094 1057 nere
2113 1042 2129 1068 ,
2159 1003 2223 1057 ad
2255 1003 2529 1057 avaritiam
2552 1014 2606 1058 et
2632 1004 2781 1072 plura
2806 1004 3036 1059 habendi
3072 1007 3419 1076 cupiditatem
3441 1023 3546 1061 non

1965 1108 2086 1148 esse
2116 1103 2350 1161 paratos.
2392 1093 2516 1148 llaec
2545 1104 2734 1148 catena
2766 1110 2865 1148 nos
2911 1096 3055 1165 ipsos
3083 1097 3378 1152 vineiamus
3410 1115 3424 1151 :
3453 1112 3550 1168 pro

1966 1185 2110 1238 ferro
2139 1184 2210 1237 sit
2256 1184 2411 1237 nobis
2442 1185 2600 1238 timor
2630 1184 2744 1239 Dei.
2776 1185 3058 1240 Solvamus
3086 1202 3184 1241 eos
3203 1229 3218 1252 ,
3249 1189 3340 1257 qui
3390 1190 3548 1242 vincti

1966 1284 2124 1342 sunt,
2155 1291 2185 1330 a
2231 1285 2544 1346 paupertate
2570 1317 2584 1341 ,
2625 1278 2693 1330 ab
2733 1276 3043 1333 afﬂictione.
3089 1278 3203 1332 Non
3253 1291 3378 1335 sunt
3404 1283 3551 1350 paria

1967 1371 2177 1439 aperire
2201 1379 2378 1438 portas
2397 1369 2650 1436 carceris,
2673 1379 2729 1424 et
2745 1369 3001 1424 inclusam
3018 1371 3260 1427 relaxare
3279 1373 3510 1426 animam
3533 1392 3548 1428 :

1968 1478 2072 1516 non
2107 1471 2235 1516 sunt
2259 1461 2427 1531 paria,
2460 1462 2759 1516 vinctorum
2795 1461 3008 1517 solvere
3038 1463 3248 1517 vincula
3271 1504 3287 1529 ,
3315 1472 3370 1517 et
3415 1478 3547 1517 eon-

1969 1555 2122 1606 tritos
2150 1553 2430 1608 absolvere
2455 1552 2508 1606 in
2535 1553 2874 1609 remissione.
2921 1553 3035 1610 Hoc
3064 1555 3155 1610 illo
3201 1565 3284 1611 est
3331 1556 3546 1626 majus:

1968 1659 2090 1697 nam
2123 1643 2264 1698 illius
2289 1642 2504 1712 quidem
2531 1643 2676 1697 nulla
2705 1654 2789 1698 est
2813 1660 3022 1700 merces
3049 1648 3319 1714 proposita
3340 1689 3355 1714 ,
3389 1649 3550 1717 hujus

1967 1746 2146 1790 autem
2175 1737 2612 1792 innumerabiles.
2634 1737 2814 1806 Longa
2845 1737 2945 1793 fuit
2966 1739 3112 1793 Pauli
3133 1750 3320 1795 catena
3342 1783 3357 1804 ,
3385 1752 3440 1797 et
3459 1743 3549 1798 diu

1970 1827 2300 1898 multumque
2343 1844 2441 1882 nos
2472 1831 2638 1884 tenuit
2673 1851 2686 1885 :
2731 1841 2814 1885 est
2859 1832 3002 1886 enim
3044 1847 3227 1888 revera
3275 1834 3464 1906 longa.
3497 1849 3553 1893 et

1967 1920 2156 1988 quavis
2183 1929 2370 1974 catena
2403 1935 2561 1974 aurea
2610 1920 2906 1976 honestior.
2960 1923 3078 1992 Ipsa
3125 1925 3333 1981 vinctos
3385 1929 3550 1984 veluti

1967 2007 2194 2078 quadam
2218 2009 2462 2064 machina
2490 2009 2647 2063 trahit
2670 2010 2736 2064 ad
2765 2013 2977 2077 ett-lum,
3003 2023 3058 2069 et
3077 2023 3343 2086 tamquam
3364 2029 3550 2075 eatena

1969 2114 2130 2154 aurea
2162 2114 2414 2169 suspensa
2442 2100 2507 2154 ad
2535 2101 2721 2155 caelum
2747 2117 2958 2158 sursum
2989 2104 3151 2178 trahit
3175 2125 3189 2161 :
3219 2117 3273 2162 et
3301 2110 3444 2178 quod
3469 2122 3552 2166 est

1971 2191 2272 2245 mirandum
2294 2233 2307 2256 ,
2342 2191 2550 2247 inferne
2578 2193 2752 2248 vincta
2781 2194 2990 2250 vinctos
3011 2176 3224 2253 sursum
3254 2176 3434 2255 trahit.
3460 2205 3554 2257 At-

1971 2282 2060 2352 qui
2109 2297 2213 2336 non
2243 2292 2326 2336 est
2352 2281 2466 2337 haec
2514 2298 2690 2337 rerum
2733 2293 2959 2353 natura;
3008 2288 3102 2343 sed
3149 2291 3364 2360 quando
3414 2293 3554 2349 Deus

1971 2371 2306 2426 administrat
2333 2388 2395 2426 ae
2423 2373 2712 2442 dispensat,
2746 2391 2811 2428 ne
2844 2392 3053 2445 quagras
3079 2394 3258 2435 rerum
3285 2391 3550 2451 naturam,

1975 2478 2145 2532 neque
2172 2465 2607 2533 consequentiam
2629 2505 2643 2529 ,
2676 2464 2771 2520 sed
2803 2482 2924 2535 qua:
2953 2477 3080 2522 sunt
3103 2484 3265 2540 supra
3307 2482 3551 2529 naturam

1973 2557 2502 2624 etconsequentiam.
2527 2556 2802 2610 Discamus
2829 2558 2881 2612 in
2902 2557 3280 2618 afﬂictionibus
3306 2579 3410 2619 non
3456 2567 3550 2621 de-

1969 2642 2060 2714 jiei
2079 2685 2094 2708 ,
2125 2661 2221 2698 nec
2249 2662 2388 2715 a-gre
2416 2647 2572 2700 ferre.
2609 2647 2736 2702 Vide
2757 2650 2900 2703 enim
2942 2649 3082 2706 hunc
3101 2651 3350 2710 beatum:
3379 2656 3554 2728 ﬂagris

1974 2750 2144 2789 cmsus
2167 2736 2338 2790 fuerat
2364 2747 2415 2789 et
2461 2737 2617 2791 valde
2643 2753 2850 2802 casus;
2884 2738 3079 2796 Multas
3125 2744 3268 2798 enim
3293 2785 3308 2811 ,
3356 2746 3550 2817 inquit,

1977 2826 2154 2895 plagas
2181 2827 2226 2878 ei
2251 2829 2563 2896 impatientes
2586 2827 2736 2898 (Act.
2763 2829 2850 2882 16.
2877 2829 2980 2900 25)
3002 2847 3016 2884 :
3045 2841 3100 2888 et
3123 2834 3332 2890 vinetus
3359 2836 3552 2905 fuerat,

1977 2919 2135 2988 idque
2176 2935 2362 2974 rursus
2388 2920 2570 2986 valde;
2626 2923 2676 2974 in
2734 2923 3041 2980 interiorem
3081 2928 3224 2982 enim
3258 2931 3554 2986 custodiam

1975 3023 2097 3063 eum
2126 3009 2338 3079 injecit,
2361 3010 2522 3080 idque
2549 3013 2770 3066 iirmitcr
2795 3022 2849 3067 et
2871 3025 3086 3071 utesset
3107 3017 3159 3072 in
3185 3028 3316 3075 tuto.
3343 3021 3554 3077 Etcum

1977 3103 2028 3156 in
2077 3113 2182 3157 tam
2239 3104 2420 3157 multis
2469 3115 2615 3158 esset
2669 3104 3103 3175 difﬁcultatibus,
3157 3111 3332 3167 media
3363 3125 3554 3181 nocte,

1975 3192 2188 3263 quando
2214 3194 2374 3247 etiam
2403 3193 2679 3249 dormiunt
2721 3197 2811 3266 qni
2858 3199 3012 3253 valde
3055 3209 3182 3254 sunt
3227 3209 3554 3272 experrecti,

1977 3285 2228 3352 imposito
2257 3286 2415 3339 etiam
2439 3286 2629 3354 majori
2659 3288 2871 3341 vinculo
2890 3330 2904 3354 ,
2936 3305 3130 3360 nempe
3154 3309 3378 3360 somno,
3401 3311 3558 3351 cane—

1979 3375 2109 3429 bant
2136 3384 2191 3429 et
2219 3375 2506 3430 laudabant
2541 3376 2842 3430 Dominum.
2885 3378 3024 3444 Quid
3071 3380 3153 3433 his
3181 3383 3372 3435 animis
3400 3382 3562 3439 fuerit

1981 3466 2148 3534 magis
2177 3465 2619 3519 adamantinum?
2664 3465 2980 3536 Cogitabam
3000 3471 3140 3538 quod
3173 3473 3324 3540 pueri
3352 3490 3562 3546 quoque

1979 3555 2244 3610 canebant
2267 3556 2321 3610 in
2349 3556 2467 3626 igne
2506 3567 2558 3610 et
2590 3557 2641 3610 in
2671 3559 2885 3613 fornace
2925 3577 2938 3612 :
2968 3559 3194 3618 fortasse
3246 3568 3564 3636 reputabant

1981 3647 2242 3712 dicentes,
2269 3647 2380 3703 Nos
2409 3648 2538 3702 nihil
2560 3649 2733 3705 adhuc
2764 3651 2866 3707 tale
2889 3653 3029 3722 passi
3056 3667 3261 3712 sumus.
3285 3657 3388 3714 Sed
3417 3671 3564 3717 recte

1982 3750 2041 3792 se
2061 3751 2254 3809 gerens
2276 3740 2465 3803 oratio,
2520 3735 2618 3796 nos
2647 3741 2712 3795 ad
2741 3742 2843 3796 alia
2875 3759 3060 3800 rursus
3093 3746 3313 3805 abduxit
3352 3751 3562 3808 vincula

1984 3837 2039 3882 et
2066 3829 2230 3883 alium
2251 3845 2546 3887 carcerem.

2055 3923 2107 3977 8.
2136 3921 2270 3990 Quid
2297 3929 2488 3994 agam?
2513 3925 2633 3981 volo
2657 3937 2850 3994 tacere,
2875 3929 2969 3985 sed
2991 3946 3094 3986 non
3131 3947 3366 4001 possum.
3388 3936 3563 3992 Alium

1986 4016 2162 4070 inveni
2192 4031 2458 4072 carcerem
2491 4017 2580 4070 illo
2601 4019 3072 4088 admirabiliorem,
3106 4033 3160 4076 et
3189 4027 3277 4093 qui
3308 4028 3569 4095 majorem

1987 4104 2138 4159 affert
2160 4115 2450 4176 stuporem.
2496 4106 2599 4160 Sed
2635 4123 2776 4161 nunc
2806 4109 2936 4162 mihi
2963 4113 3266 4180 exsurgite,
3300 4124 3567 4185 tamquam

1988 4212 2127 4251 nunc
2170 4197 2382 4267 incipiat
2412 4198 2606 4258 oratio.
2657 4199 2968 4267 vegetisque
2995 4215 3137 4254 nunc
3180 4203 3420 4259 accedite
3450 4211 3565 4260 ani-

1989 4290 2109 4343 mis.
2147 4289 2279 4342 Volo
2308 4299 2536 4358 emptam
2566 4289 2957 4357 interrumpere
2980 4291 3304 4360 orationem;
3337 4309 3398 4350 ea
3442 4312 3570 4351 vero

1990 4395 2094 4433 non
2127 4380 2272 4433 sinit.
2306 4379 2437 4432 Nam
2462 4389 2518 4432 nt
2546 4381 2695 4448 quis,
2721 4380 2845 4433 dum
2875 4380 3028 4449 bibit,
3061 4398 3164 4438 non
3195 4400 3381 4455 passus
3409 4387 3572 4445 fuerit

1993 4470 2308 4536 interrumpi
2331 4509 2344 4533 ,
2369 4469 2623 4537 quidquid
2653 4470 2700 4523 ei
2731 4470 3101 4527 renuntietur:
3134 4473 3204 4527 ita
3235 4490 3336 4546 ego
3360 4493 3572 4550 quoque

1993 4559 2328 4630 apprehenso
2380 4559 2674 4612 admirabili
2729 4561 2962 4614 carceris
3009 4562 3201 4629 poculo
3249 4580 3435 4620 eorum
3481 4573 3571 4638 qui

1993 4651 2156 4706 vincti
2184 4661 2307 4705 sunt
2337 4661 2552 4720 propter
2598 4651 2904 4718 Christum,
2938 4668 3041 4708 non
3079 4669 3295 4724 possunt
3325 4673 3572 4729 cessare,

1995 4759 2101 4797 non
2127 4756 2342 4812 possum
2373 4741 2551 4796 silere.
2597 4741 2728 4796 Nam
2755 4744 2799 4797 si
2849 4743 2963 4813 ipse
2991 4745 3041 4798 in
3094 4761 3311 4804 carcere
3340 4760 3393 4804 et
3421 4762 3575 4807 nocte

1997 4849 2102 4888 non
2126 4833 2290 4900 siluit,
2315 4847 2413 4886 nec
2441 4832 2492 4886 in
2524 4833 2747 4902 ﬂagellis
2783 4849 2918 4904 :ego
2943 4835 3111 4891 silebo
3137 4837 3332 4893 sedens
3359 4857 3479 4896 cum
3508 4843 3578 4897 sit

1997 4925 2112 4978 dies
2132 4964 2146 4989 ,
2175 4932 2228 4977 et
2256 4923 2308 4976 in
2340 4923 2505 4976 multo
2527 4924 2639 4977 Otio
2667 4924 2885 4992 loquens
2905 4933 2957 4978 et
2977 4927 3174 4994 quiete,
3203 4942 3322 4982 cum
3351 4929 3449 4983 hoc
3471 4948 3578 4984 non

1999 5017 2302 5071 usuveuerit
2327 5016 2391 5069 iis
2419 5016 2509 5087 qui
2536 5017 2694 5071 vineti
2715 5057 2731 5083 ,
2763 5017 2852 5087 qui
2883 5017 3060 5086 ﬂagris
3099 5020 3222 5072 cassi
3250 5020 3493 5086 fuerant,
3523 5032 3579 5077 et

2002 5107 2173 5162 media
2200 5105 2390 5161 nocte?

2075 5199 2151 5252 De
2175 5199 2330 5251 tribus
2355 5199 2541 5264 pueris.
2565 5227 2635 5238 —
2655 5198 2808 5252 Pueri
2838 5213 2944 5252 non
2973 5198 3199 5251 silebant
3222 5198 3273 5252 in
3298 5198 3510 5257 fornace
3529 5214 3582 5258 et

2003 5293 2124 5359 igne
2150 5289 2323 5360 (Dan.
2355 5290 2460 5355 ὅ),
2491 5298 2544 5342 et
2571 5303 2667 5342 nos
2693 5305 2795 5341 non
2828 5287 3046 5356 pudebit
3074 5289 3268 5344 silere?
3295 5291 3582 5348 Videamus

2005 5395 2132 5451 ergo
2155 5380 2294 5434 hune
2313 5395 2602 5433 carcerem.
2630 5380 2726 5432 ilie
2750 5391 2962 5446 quoque
2991 5379 3150 5432 vineti
3173 5392 3328 5447 sunt;
3361 5386 3456 5439 sed
3477 5398 3582 5440 sta-

2007 5472 2100 5526 tim
2124 5473 2190 5526 ab
2219 5471 2438 5525 exordio
2467 5469 2852 5522 ostendebatur
2880 5468 3018 5536 quod
3042 5485 3146 5523 non
3171 5483 3351 5526 essent
3372 5476 3582 5540 urendi,

2009 5563 2102 5618 sed
2125 5562 2275 5632 quasi
2303 5560 2546 5615 intraturi
2576 5558 2626 5610 in
2650 5573 2940 5612 carcerem.
2975 5560 3080 5614 Cur
3104 5572 3280 5614 autem
3313 5577 3406 5614 eos
3435 5564 3584 5631 ligas,

2010 5657 2096 5725 qui
2129 5663 2252 5708 sunt
2292 5649 2681 5706 eomburendi?
2741 5650 2907 5705 Vineti
2953 5663 3139 5716 erant,
3186 5653 3322 5704 sicut
3355 5652 3586 5718 Paulus,

2013 5745 2233 5813 pedibus
2262 5753 2315 5796 et
2340 5741 2581 5794 manibus
2616 5758 2627 5792 :
2661 5741 2823 5796 vincti
2851 5754 3002 5797 erant
3048 5758 3153 5795 non
3195 5743 3386 5794 minori
3433 5743 3508 5794 ira
3541 5758 3593 5797 et

2018 5838 2214 5890 furere.
2244 5834 2376 5889 Nam
2401 5841 2456 5887 et
2486 5833 2573 5886 ille
2601 5833 2780 5903 injecit
2819 5835 2869 5887 in
2914 5834 3221 5888 interiorem
3263 5833 3598 5891 custodiam.
