3932 6220
440 322 511 378 67
1141 321 1198 375 S.
1237 320 1513 376 JOANNIS
1550 323 2021 379 CIIIH'SOSTOMI
2060 327 2368 384 AllClllEP.
2411 333 2940 393 (.UNSTANTINOP.
3639 341 3705 392 68

440 448 496 492 et
520 437 645 491 hinc
671 436 830 506 jussit
861 435 1010 489 valde
1036 435 1249 488 accendi
1274 435 1564 489 fornacem.
1599 436 1702 490 Sed
1745 437 2015 491 videatnus

440 545 559 599 qua:
577 539 700 582 sunt
719 537 1064 595 consequula.
1086 525 1192 579 Illis
1211 525 1435 594 hymnos
1460 528 1774 581 canentibus
1793 542 2009 582 concus-

439 635 530 675 sus
556 628 639 673 est
664 633 870 682 carcer,
899 625 953 670 et
979 625 1175 684 apertae
1196 626 1321 670 sunt
1354 628 1519 686 porta:
1547 635 1560 670 :
1592 628 1648 671 et
1678 618 1759 672 his
1789 617 2014 688 hymnos

438 709 751 765 canentibus
800 708 974 762 soluta
1014 716 1138 761 sunt
1182 707 1392 762 vincula
1425 707 1616 776 pedum
1643 717 1696 762 et
1734 724 2010 776 manuum,

437 810 652 867 apertus
679 807 762 854 est
790 813 994 865 carcer,
1034 808 1089 863 et
1115 809 1314 867 aperta:
1341 808 1465 854 sunt
1512 810 1678 867 porta:
1733 802 1964 856 fornacis
1997 819 2010 853 :

433 882 682 945 sibilabat
709 889 857 944 enim
898 903 987 943 ros
1017 888 1269 957 Spiritus.
1317 887 1690 944 Verumtamen
1722 906 1805 944 me
1844 891 2012 945 multa

433 980 811 1035 circumfluunt
839 995 853 1033 :
884 979 1068 1034 nescio
1098 977 1349 1047 quidnam
1380 979 1606 1046 primutn
1636 980 1832 1046 dicam,
1861 980 2014 1049 quid-

432 1088 556 1128 nam
592 1072 886 1128 secundum
913 1088 928 1124 :
960 1070 1081 1126 ideo
1108 1085 1237 1139 rogo
1255 1085 1322 1124 ne
1351 1070 1471 1140 quis
1495 1087 1524 1124 a
1553 1087 1639 1126 me
1665 1072 1841 1141 exigat
1865 1072 2011 1126 ordi-

432 1180 588 1228 nem;
617 1171 701 1218 est
728 1163 870 1217 enim
898 1176 1078 1217 rerum
1106 1161 1270 1216 multa
1301 1162 1564 1232 cognatio.
1589 1161 1757 1217 Soluti
1775 1172 1898 1217 sunt
1922 1163 2010 1231 qui

429 1272 552 1310 ctnn
570 1256 650 1311 eis
670 1255 830 1310 vincti
852 1253 1081 1318 fuerant,
1103 1253 1198 1308 sed
1223 1262 1397 1308 tamen
1418 1252 1756 1308 dormiebant
1779 1269 1791 1307 :
1817 1253 1901 1307 hic
1917 1268 2014 1307 au-

433 1356 539 1402 tem
559 1361 653 1416 pro
681 1347 744 1401 iis
764 1345 960 1414 aliquid
982 1345 1124 1400 aliud
1146 1345 1342 1400 factum
1361 1354 1442 1399 est
1459 1361 1471 1398 :
1492 1345 1756 1400 combusti
1774 1355 1896 1400 sunt
1919 1346 2009 1414 qui

430 1455 525 1494 eos
556 1437 881 1507 injiciebant.
907 1437 1011 1492 Sed
1041 1437 1182 1506 quod
1211 1437 1452 1493 volebam
1482 1436 1685 1503 dicere,
1707 1436 1839 1492 vidit
1859 1438 2008 1492 solu-

431 1544 514 1586 tos
546 1546 659 1594 rex,
690 1541 744 1584 et
772 1539 896 1584 ante
925 1544 1018 1584 eos
1043 1527 1306 1598 procidit:
1329 1528 1462 1583 vidit
1488 1529 1712 1598 hymnos
1732 1537 2004 1594 canentes,

429 1631 484 1676 et
529 1631 755 1691 quatuor
799 1619 930 1674 vidit
959 1619 1292 1674 ambulantes
1316 1659 1330 1686 ,
1364 1629 1417 1673 et
1459 1619 1670 1674 vocavit
1705 1633 1820 1674 eos.
1860 1618 2009 1673 Sicut

427 1727 557 1782 ergo
586 1711 782 1766 Paulus
805 1726 910 1765 non
938 1711 1228 1776 exivisset,
1263 1711 1360 1765 etsi
1393 1720 1606 1779 posset,
1631 1711 1846 1785 nisiqui
1874 1711 2006 1778 inje-

428 1810 576 1856 eerat
603 1817 724 1855 eum
772 1809 1048 1865 vocasset,
1079 1811 1136 1856 et
1164 1801 1437 1856 eduxisset
1466 1819 1476 1854 :
1508 1803 1579 1856 ita
1626 1817 1725 1858 nec
1769 1802 1847 1856 illi
1898 1811 2005 1856 tres

425 1891 576 1960 pueri
606 1891 883 1957 exierunt,
915 1891 1088 1945 donec
1118 1891 1163 1943 is
1184 1892 1273 1961 qui
1301 1891 1480 1960 injecit
1495 1890 1652 1961 jussit
1679 1891 1843 1946 exire.
1867 1891 2002 1958 Quid

421 1999 487 2037 ex
517 1981 619 2038 hoc
643 1981 1083 2037 discimus'lNon
1136 1983 1387 2040 festinare
1435 1981 1503 2038 ad
1551 1997 1849 2048 aerumnas,
1905 1995 2004 2036 nec

423 2088 711 2144 properare
739 2073 806 2128 ad
836 2072 1189 2139 afflictiones;
1219 2088 1319 2129 nec
1348 2087 1534 2128 rursus
1560 2074 1612 2126 in
1635 2074 1714 2127 eis
1743 2088 1959 2127 manere
1981 2113 1995 2136 ,

421 2169 467 2223 si
489 2169 594 2224 sint
614 2169 703 2238 qui
726 2169 956 2223 solvant.
986 2167 1090 2222 Sed
1119 2167 1208 2222 ille
1233 2167 1448 2236 quidem
1473 2167 1696 2236 procidit
1715 2167 1782 2221 ad
1805 2166 1995 2235 pedes;

420 2270 631 2328 poterat
655 2261 798 2316 enim
825 2259 1032 2329 ingredi
1054 2259 1140 2314 ubi
1162 2269 1315 2314 erant
1334 2259 1503 2314 sancti
1533 2276 1546 2312 :
1572 2259 1658 2312 hic
1679 2269 1854 2314 autem
1877 2273 1997 2312 eum

425 2351 661 2406 venisset
682 2349 749 2406 ad
777 2351 1010 2415 ostium,
1040 2350 1186 2404 stetit
1221 2367 1234 2402 :
1263 2364 1370 2404 nou
1401 2349 1632 2403 audebat
1670 2350 1812 2403 enim
1842 2363 1999 2403 acce-

418 2441 548 2497 dere
575 2441 642 2495 ad
666 2455 788 2496 eum
816 2440 906 2509 qui
928 2441 1068 2494 intus
1085 2448 1200 2493 erat
1220 2454 1513 2504 carcerem,
1535 2454 1693 2508 quem
1721 2439 1849 2506 ipsis
1871 2452 1999 2492 con-

419 2539 693 2587 struxerat
722 2544 817 2599 per
843 2530 1040 2598 ignem.
1069 2527 1446 2598 Contemplare
1476 2538 1650 2583 autem
1678 2528 1859 2582 verba.
1903 2529 1996 2581 Ille

417 2625 546 2680 dicit
574 2642 586 2678 :
625 2623 855 2688 Domini,
888 2621 1010 2692 quid
1036 2637 1116 2674 me
1139 2629 1331 2690 Oportet
1359 2624 1524 2691 facere
1543 2660 1556 2684 ,
1584 2630 1638 2673 ut
1666 2621 1760 2673 sim
1785 2618 1996 2673 salvus?

417 2717 513 2772 llic
537 2717 624 2771 ille
645 2731 749 2770 nou
774 2729 895 2770 cum
935 2723 1077 2769 tanta
1103 2713 1314 2782 quidem
1342 2712 1638 2768 humilitate
1655 2755 1672 2780 ,
1693 2727 1878 2766 vocem
1899 2728 1990 2765 au-

416 2817 520 2860 tem
554 2807 730 2860 emisit
758 2820 862 2860 non
895 2805 1070 2859 minus
1091 2804 1384 2872 jucundam
1416 2820 1429 2856 :
1464 2804 1648 2858 Sidrac
1668 2843 1682 2867 ,
1728 2803 1919 2869 Μίδας,
1947 2812 1993 2855 et

415 2898 723 2967 Abdenago,
768 2897 897 2950 servi
954 2894 1049 2949 Dei
1111 2893 1326 2956 excelsi,
1388 2894 1702 2964 egredimini,
1746 2905 1792 2948 et
1838 2897 1994 2950 venite

413 2992 430 3057 (
455 2989 653 3042 Daniel.
682 2989 736 3043 5.
767 3003 816 3041 v.
839 2986 910 3042 93
924 2991 964 3056 ).
989 2986 1207 3056 Magnus
1236 2987 1407 3042 honor
1432 3004 1444 3040 :
1474 2986 1622 3041 Servi
1650 2986 1746 3041 Dei
1768 2988 1949 3042 excelsi
1972 3029 1988 3055 ,

411 3078 729 3149 egredimini,
747 3088 791 3131 et
807 3078 982 3132 venite.
1002 3077 1280 3143 Quomodo
1311 3075 1670 3146 egredientur,
1695 3092 1728 3131 ο
1741 3078 1862 3132 rex?
1880 3078 1991 3132 vin-

409 3179 526 3224 ctos
549 3169 772 3238 injeeisti
799 3169 850 3222 in
875 3170 1047 3238 ignem
1085 3187 1098 3222 :
1125 3175 1230 3221 tam
1255 3169 1414 3237 longo
1442 3177 1681 3238 tempore
1706 3167 1918 3222 fuerunt
1939 3170 1989 3224 in

409 3264 569 3333 igne?
598 3260 728 3316 Nam
755 3261 800 3316 si
832 3260 1053 3318 fuissent
1087 3259 1432 3325 adamantini,
1460 3259 1505 3313 si
1536 3260 1773 3315 materiae
1800 3260 1989 3314 metalo

409 3355 524 3408 lica:
548 3394 564 3419 ,
595 3353 682 3422 qui
717 3362 884 3407 totum
912 3351 1059 3406 illum
1088 3351 1352 3404 canebant
1375 3349 1630 3421 hymnum
1652 3391 1666 3416 ,
1695 3365 1872 3405 annon
1899 3367 1990 3420 pe-

407 3445 658 3501 riissem?
688 3445 909 3515 Propter
932 3442 1035 3498 hoc
1063 3443 1233 3512 ipsum
1263 3443 1394 3497 salvi
1440 3442 1688 3509 fuerunt,
1719 3443 1858 3513 quod
1889 3444 1988 3514 hy-

408 3549 565 3588 mnos
590 3544 864 3588 canerent.
903 3532 1078 3586 Animi
1128 3546 1314 3586 eorum
1357 3532 1681 3588 alacritatem
1729 3535 1988 3588 reveritus

410 3632 492 3678 est
517 3623 651 3693 ignis
684 3641 696 3675 :
724 3621 982 3674 reveritus
1011 3628 1094 3674 est
1117 3621 1276 3674 etiam
1303 3622 1566 3675 canticum
1598 3622 1725 3676 illud
1755 3623 1984 3677 admira-

412 3715 516 3768 hile
545 3723 598 3766 et
629 3713 874 3782 hymnos.
916 3711 1196 3775 Quomodo
1225 3725 1317 3764 eos
1347 3713 1546 3766 vocas?
1576 3714 1806 3767 Primum
1829 3715 1936 3767 dixi
1969 3731 1982 3766 :

412 3801 556 3856 Servi
584 3799 678 3852 Dei
694 3799 873 3853 excelsi
897 3814 914 3854 :
939 3799 1116 3852 (nimia
1147 3799 1286 3852 enim
1317 3809 1536 3866 possunt
1559 3800 1650 3854 Dei
1673 3804 1829 3856 servi.
1854 3802 1984 3856 Nam

409 3894 454 3947 si
483 3901 606 3946 sunt
632 3891 794 3960 ahqui
821 3892 956 3944 servi
982 3889 1276 3956 hominum,
1300 3900 1353 3943 et
1384 3890 1435 3942 iu
1465 3890 1622 3944 rebus
1650 3891 1855 3946 illorum
1880 3909 1984 3946 non

411 3985 668 4037 minorem
697 3982 892 4035 habent
918 3989 1256 4050 potestatem,
1277 3980 1556 4049 tmperittm
1576 3990 1630 4035 et
1645 3981 1983 4037 administro-

409 4076 643 4138 tionem,
670 4075 834 4128 multo
857 4074 1024 4144 magis
1049 4074 1188 4128 servi
1211 4074 1322 4129 Dei.
1361 4073 1552 4127 Vocem
1587 4076 1763 4130 emisit
1788 4075 1982 4144 jucun-

407 4168 681 4222 dissimam
717 4183 728 4219 :
753 4165 956 4220 sciebat
981 4181 1040 4220 se
1060 4182 1121 4219 ea
1141 4167 1369 4221 maxime
1397 4167 1524 4235 ipsis
1549 4169 1827 4222 assentari.
1851 4169 1982 4224 Nam

407 4261 492 4326 si,
526 4270 582 4312 ut
609 4259 749 4312 servi
801 4259 896 4313 Dei
928 4267 1241 4322 manerent,
1276 4259 1328 4314 in
1375 4261 1546 4328 ignem
1576 4269 1699 4315 sunt
1727 4261 1978 4330 ingressi,

409 4370 514 4408 non
542 4361 656 4408 erat
683 4352 787 4406 alia
809 4368 909 4405 vox
941 4351 1039 4406 hac
1059 4351 1344 4420 jucundior
1375 4370 1388 4406 :
1419 4368 1521 4407 non
1546 4354 1589 4406 si
1627 4369 1719 4408 eos
1744 4363 1985 4409 vocasset

407 4459 558 4515 reges
577 4485 592 4510 ,
627 4460 728 4498 non
753 4443 796 4497 si
825 4442 1068 4497 dominos
1097 4443 1242 4497 orbis
1269 4451 1422 4498 terra:
1442 4485 1455 4507 ,
1489 4452 1629 4498 tanta
1661 4459 1755 4498 cos
1779 4445 1985 4499 affecis-

405 4549 486 4593 set
509 4537 774 4607 voluptate
793 4577 808 4602 ,
839 4544 1036 4606 quanta
1059 4551 1177 4591 cum
1201 4537 1278 4590 eis
1298 4536 1463 4601 dixit,
1493 4537 1636 4591 Servi
1663 4537 1758 4592 Dei
1778 4539 1979 4593 excelsi.

407 4631 475 4687 Et
505 4631 628 4700 quid
668 4628 917 4683 miraris?
945 4628 1025 4681 Ad
1054 4643 1296 4696 magnam
1327 4629 1469 4682 enim
1494 4629 1711 4691 urbem,
1742 4646 1860 4698 qua:
1889 4646 1981 4684 or-

405 4723 486 4780 bis
534 4732 689 4776 terrte
737 4718 1014 4773 obtinebat
1056 4717 1420 4782 dominatum,
1476 4727 1530 4772 et
1570 4719 1657 4772 cui
1697 4720 1983 4773 auctoritas

403 4825 626 4882 magnos
669 4810 896 4865 faciebat
937 4809 1190 4876 spiritus,
1237 4809 1432 4862 Paulus
1475 4810 1715 4863 scribens
1761 4809 1862 4863 hoc
1888 4825 1982 4878 po-

399 4908 538 4969 suit,
586 4903 809 4974 utquod
860 4901 1100 4971 dignitati
1137 4915 1201 4954 ex
1252 4900 1548 4969 mquilihrio
1594 4901 1980 4968 reaponderet,

403 5000 510 5052 imo
536 5012 662 5051 vero
693 5007 740 5049 et
770 4993 1048 5049 ecusulatu
1069 5001 1122 5044 et
1149 5007 1311 5061 regno
1340 5002 1393 5045 et
1413 4992 1554 5045 orbis
1579 5001 1736 5046 terra:
1761 4993 1981 5063 imperio

402 5091 556 5157 longe.
579 5088 748 5154 majus
765 5098 923 5156 atque
945 5083 1082 5139 adeo
1104 5083 1588 5151 incomparabiliter
1605 5086 1776 5154 majus
1801 5099 1939 5141 esset
1963 5105 1977 5152 ;

403 5180 601 5233 Paulus
649 5196 818 5232 servus
869 5176 997 5232 Jestt
1033 5175 1220 5230 Christi
1273 5174 1458 5248 (Rom.
1486 5179 1536 5230 1.
1565 5178 1652 5246 1).
1712 5178 1856 5231 Servi
1884 5177 1981 5232 Dei

400 5269 601 5324 excelsi.
631 5267 684 5321 Si
713 5269 878 5330 enim,
927 5267 1133 5336 inquit,
1167 5274 1369 5321 tantum
1413 5277 1615 5336 ponunt
1643 5269 1875 5323 studium
1924 5277 1980 5323 ut

398 5361 510 5415 sint
537 5359 712 5422 servi,
737 5358 954 5411 Omnino
973 5358 1051 5412 eis
1081 5357 1182 5412 hoc
1210 5357 1663 5427 persuadebimus.
1696 5359 1827 5415 Vide
1851 5375 1978 5430 ergo

397 5451 558 5504 etiam
585 5461 867 5518 puerorum
895 5446 1140 5514 pietatem
1177 5465 1189 5500 :
1229 5463 1331 5501 non
1358 5460 1778 5502 suceensuernnt
1805 5465 1976 5519 neque

397 5540 518 5595 irati
546 5548 672 5594 sunt
716 5551 886 5605 neque
925 5537 1388 5602 contradixerunt,
1436 5538 1529 5593 sed
1578 5539 1792 5608 egressi
1828 5549 1970 5595 sunt.

396 5630 526 5686 Nam
557 5630 601 5683 si
628 5628 942 5700 supplicium
973 5627 1361 5683 existimassem
1383 5671 1398 5694 ,
1420 5629 1558 5699 quod
1583 5630 1760 5699 injecti
1789 5641 1969 5686 essent

399 5725 451 5780 in
481 5723 784 5780 fornacem.
832 5722 1263 5781 succensuissent
1292 5723 1339 5777 ei
1382 5724 1468 5791 qui
1511 5723 1761 5793 injccct'at
1792 5739 1968 5779 :nunc

2121 449 2297 494 autem
2325 442 2451 496 nihil
2485 446 2706 512 horum;
2757 451 2848 503 sed
2896 452 2964 505 ita
3010 453 3254 508 exierunt
3309 465 3575 526 tamquam
3617 463 3703 529 qui

2124 530 2392 596 prodirent
2435 551 2464 586 e
2493 536 2624 588 CilBIO
2653 555 2665 590 :
2697 549 2748 591 et
2790 541 2926 604 quod
2957 541 3024 595 de
3070 544 3182 597 sole
3229 545 3357 599 dicit
3409 549 3592 617 proph.
3618 561 3700 616 ta,

2125 617 2399 687 Tamquam
2425 638 2642 689 sponsus
2669 629 2940 694 procedens
2963 646 2989 680 e
3015 631 3237 684 thalamo
3280 651 3371 687 suo
3398 636 3414 706 (
3441 637 3582 690 Paul.
3615 641 3699 694 18.

2122 708 2221 776 6),
2258 708 2357 763 hoc
2382 711 2540 765 etiam
2569 715 2657 782 qui
2676 715 2742 769 de
2763 717 2842 770 eis
2862 718 3089 786 dixerit,
3120 736 3224 776 non
3249 725 3531 780 aberrarit.
3559 728 3678 795 Quo

2121 801 2316 855 modo?
2373 804 2465 858 Illo
2512 806 2588 857 sic
2618 809 2942 876 procedente
2995 812 3094 882 ipsi
3147 822 3272 868 tunc
3326 832 3702 884 processerunt

2117 890 2465 960 splendidius.
2516 894 2647 949 Nam
2702 897 2816 964 ipse
2862 899 3077 968 quidem
3108 904 3466 972 procedebat,
3511 908 3698 964 orbem

2121 988 2278 1037 terrae
2308 983 2579 1038 illustrans
2604 989 2784 1042 sensili
2819 990 3047 1055 lumine,
3082 993 3155 1047 illi
3188 1010 3312 1049 vero
3332 995 3488 1051 aliter
3511 1001 3698 1054 orbem

2120 1079 2274 1124 terra:
2333 1072 2727 1138 illuminantes,
2785 1093 2976 1148 nempe
3025 1083 3284 1149 spirituali
3334 1086 3512 1142 modo.
3563 1089 3695 1144 Nam

2118 1171 2336 1229 pr0pter
2363 1163 2505 1232 ipsos
2535 1180 2627 1220 rex
2659 1168 2837 1236 statim
2868 1171 3010 1224 misit
3055 1173 3366 1242 decretum,
3412 1179 3553 1246 quod
3583 1180 3699 1237 11330

2119 1251 2281 1305 verba
2308 1254 2611 1309 continebat
2635 1275 2646 1309 :
2668 1258 2984 1314 Placuerunt
3006 1278 3186 1319 coram
3217 1282 3300 1321 me
3326 1269 3474 1338 signa
3498 1280 3553 1325 et
3570 1287 3693 1340 pro-

2116 1340 2276 1410 digia,
2308 1358 2426 1411 qum
2457 1343 2579 1398 fecit
2609 1347 2746 1401 Deus
2776 1351 2930 1403 nobis
2957 1354 3162 1406 ostendi
3191 1365 3457 1425 tamquam
3503 1376 3692 1430 magna

2114 1439 2168 1482 et
2194 1430 2347 1484 fortia
2371 1431 2540 1502 (Dan.
2578 1435 2630 1488 5.
2659 1436 2746 1491 99.
2776 1439 2931 1508 100).
2965 1441 3220 1497 Exierunt
3247 1445 3424 1514 itaque
3459 1450 3692 1518 splendi-

2112 1522 2239 1576 dum
2265 1525 2569 1581 emittentes
2597 1529 2835 1595 radium,
2860 1533 2946 1600 qui
2977 1534 3125 1587 lartus
3153 1536 3367 1604 quidem
3387 1549 3504 1594 erat
3531 1545 3687 1596 etiam

2114 1611 2164 1665 in
2195 1613 2322 1681 ipsis
2347 1615 2694 1685 regionibus:
2733 1622 2964 1675 maxime
3012 1632 3187 1677 autem
3233 1636 3440 1694 poterat
3497 1631 3691 1702 ubique

2112 1703 2332 1757 extendi
2373 1720 2468 1774 per
2520 1706 2703 1763 literas
2740 1711 2943 1778 regias,
2971 1723 3024 1766 et
3063 1715 3271 1769 solvere
3300 1719 3546 1775 tenebras
3571 1739 3688 1791 qua:

2111 1804 2264 1848 erant
2299 1795 2492 1864 ubique
2539 1809 2796 1854 extensa).
2850 1800 3202 1870 Egredtmini,
3251 1816 3298 1859 et
3345 1811 3523 1864 venite.
3572 1811 3686 1868 Non

2105 1885 2264 1954 jussit
2315 1887 2586 1942 fornacem
2647 1890 3019 1960 exstinguere,
3073 1895 3166 1948 sed
3219 1895 3320 1952 hoc
3386 1899 3547 1953 etiam
3591 1917 3684 1958 eos

2108 1977 2337 2032 maxime
2369 1978 2682 2047 honoravit,
2728 1982 2867 2050 quod
2904 1983 3189 2038 crediderit
3221 2001 3314 2041 eos
3353 2003 3458 2041 non
3507 1991 3682 2045 solum

2107 2081 2264 2136 posse
2293 2068 2435 2121 intus
2458 2069 2760 2136 ambulare,
2790 2071 2884 2125 sed
2915 2071 3073 2126 etiam
3117 2089 3182 2128 eo
3221 2076 3442 2133 ardente
3481 2082 3681 2150 egredi.

2175 2158 2226 2213 9.
2263 2158 2547 2213 Videamus
2568 2171 2746 2214 autem
2776 2201 2792 2228 ,
2823 2163 2865 2214 si
2898 2162 3072 2230 placet
3103 2205 3119 2229 ,
3151 2167 3310 2220 verba
3338 2183 3553 2238 quoque
3579 2185 3675 2226 cu-

2103 2251 2270 2305 stodis
2311 2252 2545 2306 carceris
2578 2267 2591 2303 :
2625 2251 2833 2305 Domini
2866 2294 2879 2317 ,
2911 2255 3047 2322 quid.
3071 2272 3148 2309 me
3176 2268 3372 2325 oportet
3415 2264 3585 2328 facere
3626 2275 3678 2317 ut

2101 2342 2271 2393 salvus
2299 2341 2416 2408 ﬁam
2448 2339 2581 2412 (Act.
2616 2341 2700 2396 16.
2731 2342 2858 2412 50)?
2914 2344 3046 2410 Quid
3073 2347 3170 2399 hac
3201 2361 3327 2401 voce
3351 2349 3678 2417 jucundius!

2102 2431 2251 2486 Facit
2280 2433 2422 2501 ipsos
2448 2433 2666 2502 angelos
2693 2436 2908 2489 exsilire
2937 2456 2952 2490 :
2982 2447 3038 2489 ut
3067 2438 3202 2492 hanc
3227 2439 3438 2494 audiret
3469 2457 3676 2510 vocem,

2099 2538 2286 2578 servus
2311 2539 2523 2593 queque
2550 2525 2722 2580 factus
2749 2536 2832 2582 est
2857 2528 2948 2580 Dei
2976 2529 3290 2598 Unigcnitus
3311 2549 3324 2585 :
3347 2534 3485 2586 hanc
3517 2534 3676 2588 Petro

2098 2617 2348 2671 dicebant
2373 2633 2558 2672 vocem
2585 2620 2674 2688 qui
2703 2607 3049 2675 crediderunt
3078 2621 3146 2676 ab
3173 2622 3328 2676 initio
3361 2641 3373 2677 :
3422 2624 3561 2692 Quid
3589 2631 3672 2697 [a-

2096 2710 2282 2762 ciemns
2311 2720 2366 2762 ut
2398 2709 2527 2763 salvi
2560 2710 2758 2765 simus?
2789 2711 2856 2765 Et
2881 2711 3004 2780 quid
3033 2712 3202 2768 dicit?
3231 2713 3464 2782 Credite,
3499 2726 3555 2770 et
3581 2717 3675 2771 ba-

2098 2801 2368 2869 ptizemini
2414 2801 2432 2870 (
2459 2799 2597 2855 Ibid.
2628 2800 2682 2857 2.
2710 2802 2799 2856 57.
2833 2802 2903 2858 38
2932 2802 2972 2872 ).
3015 2803 3283 2858 Lubenter
3312 2805 3474 2860 etiam
3507 2807 3558 2859 in
3584 2823 3676 2877 ge~

2100 2890 2328 2945 bennam
2357 2893 2641 2948 cecidiSset
2669 2893 2867 2948 Paulus
2890 2935 2905 2961 ,
2937 2903 2994 2948 ut
3021 2895 3160 2950 hanc
3190 2911 3374 2950 Vocem
3408 2899 3618 2952 audiret
3641 2914 3673 2954 a

2095 2982 2312 3047 Judaeis,
2339 2992 2558 3052 propter
2582 2984 2905 3040 desiderium
2928 3000 3112 3039 eorum
3131 2986 3316 3040 salutis
3337 2995 3392 3040 et
3416 2988 3671 3043 obedien-

2099 3072 2204 3126 titu.
2238 3071 2372 3128 Vide
2400 3080 2579 3127 autem
2604 3114 2619 3140 ,
2649 3073 2728 3128 eis
2757 3074 3018 3143 permittit
3052 3082 3219 3128 totum
3251 3114 3266 3142 ,
3298 3075 3430 3129 nihil
3461 3077 3672 3132 curiose

2098 3165 2336 3234 inquirit.
2371 3163 2660 3219 Videamus
2701 3173 2878 3218 autem
2909 3180 3028 3233 qua:
3067 3174 3386 3234 sequuntur.
3425 3165 3522 3220 llic
3566 3183 3672 3224 non

2095 3255 2222 3309 dicit
2257 3274 2270 3309 :
2316 3254 2386 3311 Ut
2429 3257 2607 3310 salvus
2642 3256 2762 3310 liam
2787 3297 2802 3321 ,
2848 3256 2942 3311 sed
2984 3257 3172 3325 quavis
3215 3271 3347 3313 voce
3380 3258 3578 3313 clarior
3618 3270 3675 3315 et

2095 3348 2392 3402 evidentior
2419 3349 2625 3402 exstitit
2651 3348 2916 3414 doctrina,
2950 3359 3006 3404 et
3035 3351 3212 3404 statim
3243 3350 3301 3404 fit
3330 3352 3670 3421 przedieator.

2092 3437 2208 3492 Non
2235 3452 2370 3506 opus
2400 3437 2558 3492 habet
2583 3448 2642 3492 ut
2666 3439 2931 3504 catechesi
2964 3440 3268 3495 instituatur
3287 3481 3302 3506 ,
3331 3442 3467 3496 sicut
3488 3454 3673 3500 custos

2092 3529 2321 3583 carceris
2347 3545 2361 3594 ;
2392 3528 2485 3584 sed
2510 3529 2637 3598 quid
2662 3530 2684 3583 ?
2717 3530 2882 3584 Deum
2918 3532 3187 3600 praadicat,
3219 3543 3273 3586 et
3300 3531 3495 3588 fatetur
3518 3546 3670 3603 pote-

2092 3631 2287 3673 statem
2319 3635 2333 3673 :
2368 3619 2424 3672 In
2455 3619 2683 3674 veritate
2717 3621 2838 3674 novi
2865 3661 2879 3684 ,
2910 3622 3048 3688 quod
3083 3623 3221 3676 Deus
3247 3633 3425 3677 vester
3452 3625 3566 3692 ipse
3589 3635 3673 3680 est

2093 3712 2233 3766 Deus
2257 3712 2502 3778 deorum,
2523 3723 2578 3766 et
2608 3712 2859 3765 Dominus
2881 3714 3239 3781 dominorum,
3257 3717 3505 3782 quoniam
3527 3717 3669 3772 ηιίπὶι

2091 3804 2336 3872 angelum
2357 3819 2533 3868 suum,
2555 3814 2608 3858 et
2631 3804 2876 3858 liberavit
2893 3821 2987 3858 vos
3004 3821 3032 3857 a
3054 3807 3265 3859 fornace
3284 3805 3444 3878 (Dan.
3473 3809 3527 3863 3.
3552 3809 3663 3878 95).

2092 3893 2159 3948 Et
2188 3893 2315 3962 quid
2345 3894 2566 3962 postea?
2587 3894 2702 3949 Non
2731 3909 2866 3948 unus
2892 3906 3071 3948 custos
3092 3898 3323 3950 careeris
3342 3938 3359 3963 ,
3387 3900 3484 3952 sed
3515 3900 3666 3953 multi

2089 3985 2358 4039 catechesi
2379 3985 2731 4040 instituuntur
2753 4002 2847 4056 per
2869 3987 3049 4040 literas
3067 3988 3259 4057 regias,
3279 4003 3372 4057 per
3388 4001 3664 4058 aspectum

2090 4091 2291 4132 rerum.
2324 4076 2456 4131 Nam
2485 4079 2624 4147 quod
2658 4093 2747 4132 rex
2777 4094 2881 4131 non
2912 4089 3054 4132 esset
3094 4080 3348 4134 tnentitus
3372 4121 3385 4143 ,
3419 4084 3670 4137 onmibus

2091 4167 2429 4236 perspicuum
2475 4177 2592 4222 erat
2621 4187 2634 4222 :
2665 4185 2767 4221 non
2809 4169 2950 4222 enim
3001 4169 3258 4224 voluisset
3290 4171 3514 4239 captivis
3558 4173 3673 4228 hmo

2091 4259 2230 4314 ferre
2258 4261 2562 4315 testimonia
2587 4303 2600 4325 ,
2635 4276 2808 4329 neque
2847 4275 2938 4314 sua
2971 4259 3204 4329 dejicere
3233 4276 3296 4315 ac
3321 4261 3628 4330 deprimere
3653 4283 3665 4320 :

2090 4355 2350 4409 noluisset
2371 4363 2530 4407 tanta:
2558 4353 2805 4406 amentia:
2836 4352 3076 4421 praebere
3105 4354 3436 4421 opinionem.
3467 4354 3668 4420 Quam-

2088 4444 2277 4499 obrem
2297 4485 2310 4508 ,
2340 4444 2438 4496 nisi
2470 4443 2708 4498 veritatis
2739 4444 2900 4496 multa
2942 4443 3129 4496 fuisset
3155 4444 3530 4512 perSpicuitas,
3562 4463 3666 4502 non

2090 4535 2205 4589 hate
2233 4535 2554 4603 scripsisset,
2579 4534 2736 4602 idque
2753 4550 2872 4587 cum
2901 4543 3006 4586 tam
3038 4533 3188 4585 multi
3214 4533 3486 4588 adessent.
3513 4535 3671 4590 Vide~

2091 4628 2157 4680 tis
2185 4636 2382 4695 quanta
2411 4625 2479 4682 sit
2522 4627 2596 4678 vis
2627 4626 2985 4689 vinculorum,
3020 4634 3217 4692 quanta
3248 4625 3415 4678 virtus
3444 4625 3668 4696 hymno.

2089 4733 2204 4770 rum
2235 4718 2327 4785 qui
2373 4725 2656 4770 cantantur
2687 4717 2738 4769 in
2774 4715 3112 4768 afﬂictione?
3149 4714 3404 4768 Animum
3440 4731 3544 4767 non
3577 4718 3667 4773 de-

2087 4811 2420 4879 Sponderunt
2473 4826 2645 4880 neque
2702 4811 2895 4878 dejeCIi
2955 4820 3124 4872 sunt,
3185 4810 3276 4863 sed
3335 4820 3462 4864 tunc
3517 4823 3668 4866 erant

2087 4902 2533 4968 vehementiores,
2559 4913 2683 4956 tunc
2704 4917 2888 4956 eorum
2913 4901 3008 4954 fuit
3032 4901 3201 4969 major
3217 4902 3377 4954 animi
3397 4902 3666 4958 alat-ritas.

2086 4995 2276 5050 Merito
2317 4997 2428 5051 lure
2469 4999 2790 5066 cogitarunt.
2825 4995 3010 5049 Restat
3051 4994 3224 5049 adlmc
3251 5010 3436 5048 unum.
3478 4994 3586 5048 Cur
3615 4997 3666 5048 in

2086 5101 2301 5140 caret-re
2343 5087 2376 5139 ii
2416 5088 2503 5155 qui
2544 5087 2706 5139 vincti
2738 5095 2894 5139 erant
2924 5126 2939 5151 ,
2970 5094 3094 5139 sunt
3120 5085 3276 5139 soluti
3307 5102 3320 5148 ;
3355 5084 3407 5138 in
3454 5084 3668 5139 fornace

2085 5186 2262 5230 autem
2293 5177 2466 5230 exusti
2510 5185 2636 5230 sunt
2663 5176 2751 5243 qui
2785 5174 3138 5244 injiciehant?
3181 5173 3340 5243 Atqui
3387 5175 3668 5241 oportebat

2087 5270 2188 5326 hoc
2211 5272 2315 5340 pati
2347 5286 2525 5341 regem
2558 5289 2570 5323 :
2599 5286 2774 5341 neque
2813 5271 2954 5326 enim
2989 5280 3194 5325 tantum
3227 5281 3537 5340 peccarunt,
3570 5285 3667 5323 nec

2083 5364 2171 5432 qui
2201 5362 2504 5417 vinciebant
2530 5377 2704 5430 neque
2730 5367 2818 5431 qui
2848 5363 3179 5431 injiciebant,
3213 5369 3475 5431 quantum
3509 5361 3553 5413 is
3575 5361 3664 5428 qui

2077 5454 2240 5522 jussit
2280 5454 2381 5507 hoc
2423 5454 2559 5507 fieri.
2607 5452 2716 5507 Cur
2761 5469 2889 5522 ergo
2935 5453 3008 5507 illi
3053 5451 3370 5522 perierunt?
3411 5451 3507 5504 llic
3560 5467 3666 5504 non

2084 5545 2237 5599 valde
2279 5558 2413 5613 opus
2455 5554 2537 5598 est
2587 5553 2643 5598 ut
2684 5561 2771 5599 res
2810 5554 3060 5599 accurate
3102 5543 3450 5612 disceptetur.
3497 5543 3670 5599 Erant

2081 5635 2222 5688 enim
2252 5635 2400 5702 impii
2437 5651 2450 5688 :
2481 5644 2765 5706 propterea
2797 5635 2897 5688 hoe
2934 5633 3159 5688 consilio
3191 5633 3240 5685 id
3272 5633 3529 5701 agebatur
3558 5674 3576 5697 ,
3613 5643 3670 5684 ut

2086 5725 2458 5781 ostenderetur
2479 5743 2557 5780 vts
2580 5727 2740 5792 ignis,
2771 5737 2823 5780 et
2855 5725 3024 5796 majus
3059 5725 3208 5779 fieret
3239 5722 3583 5777 miraculum.
3612 5723 3666 5776 Si
