3932 6220
286 428 355 480 67
1118 420 1184 475 IN
1222 415 1440 475 EPIST.
1524 415 1615 472 Μ)
1650 414 1893 475 EPHES.
1928 416 2082 474 CAP.
2145 420 2234 476 IV.
2279 418 2517 477 IIOMIL.
2564 416 2697 472 Vl".
3487 417 3559 473 68

288 537 463 592 πολλά
511 552 577 605 με
628 533 909 605 περιρρεῖ·
971 530 1071 583 οῦκ
1112 524 1231 583 οἴδα
1270 531 1420 582 ποῖον
1455 527 1595 581 εἴπω
1627 528 1865 599 πρῶτον,
1906 560 1915 565 -

290 631 442 683 ποῖον
470 626 526 679 δὲ
550 624 820 695 δεύτερον.
869 621 961 674 Διὸ
1013 619 1339 689 παρακαλῶ,
1378 620 1453 690 μή
1498 635 1563 689 με
1594 616 1748 681 τάξιν
1778 631 1865 680 τις

287 710 593 769 ἀπαιτείτω
614 724 628 738 ο
661 706 832 777 πολλὴ
857 707 967 775 7&9
990 707 1023 776 ἡ
1053 703 1345 772 συγγένεια
1373 702 1482 754 τῶν
1501 707 1874 773 πραγμάτων.

300 793 604 862 Ἐλύθησαν
656 793 705 843 οἰ
750 788 1128 858 συνδεδεμένοι
1180 787 1383 849 αὐτοῖς,
1416 786 1510 839 καὶ
1554 785 1702 855 ὅμως
1752 783 1877 838 ἐκά-

290 877 477 929 θευδον
502 891 517 906 ·
552 872 796 925 ἐνταῦθα
822 871 880 924 δέ
923 872 1044 924 ἀντὶ
1086 868 1279 922 τούτου
1307 869 1534 937 γέγονεν
1563 867 1754 938 ἐτερόν
1782 883 1835 919 τι
1856 880 1872 898 ο

291 958 640 1024 κατεκάησαν
668 957 719 1009 οἰ
746 954 1081 1027 ἐμϐαλόντες
1106 952 1325 1016 αύτούς.
1361 951 1521 1016 Ἀλλ’,
1547 951 1686 1021 ὅπερ
1726 950 1877 1003 ἐϐουο

291 1043 464 1113 λόμην
488 1043 684 1103 εἰπεῖν,
733 1035 842 1092 εἶδε
871 1036 1224 1107 λελυμένους,
1276 1035 1373 1087 καὶ
1407 1034 1749 1105 προσέπεσεν
1773 1032 1875 1085 αύ-

288 1131 400 1189 τοῖς
422 1126 452 1178 6
484 1122 736 1195 βασιλεύς
759 1135 808 1164 ι·
827 1123 1068 1194 ἡκουσεν
1110 1119 1451 1189 ὑμνούντων,
1487 1119 1581 1172 καί
1602 1120 1875 1186 τέσσαρας

289 1208 397 1265 εἶδε
425 1207 892 1279 περιπατοῦντας,
929 1206 1025 1259 καὶ
1068 1203 1331 1258 ἐκάλεσεν
1360 1203 1577 1267 αὐτούς.
1604 1200 1876 1270 Καθάπερ

288 1290 383 1347 οὖν
415 1294 445 1344 6
484 1291 697 1353 Παῦλος
742 1291 843 1342 ούκ
880 1287 1094 1357 ἐξῆλθε,
1128 1287 1306 1341 καίτοι
1348 1287 1667 1357 δυνάμενος,
1709 1285 1816 1347 ἕως
1847 1283 1876 1336 ό

289 1375 548 1445 ἐμϐαλὼν
591 1374 849 1429 ἐκάλεσεν
877 1373 1042 1426 αὐτὸν
1093 1372 1186 1426 καὶ
1228 1370 1519 1441 ἐξήγαγεν,
1549 1368 1725 1431 οὕτως
1751 1367 1875 1421 ούδέ

287 1462 339 1513 οἱ
371 1462 523 1530 τρεῖς
558 1458 748 1520 παῖδες
776 1454 1021 1526 ἐξῆλθον,
1053 1454 1159 1519 ἐως
1193 1447 1256 1508 οῦ
1281 1457 1310 1508 6
1354 1451 1610 1525 ἐμϐαλὼν
1639 1450 1876 1517 ἐξελθεῖν

289 1541 571 1595 ἐκέλευσε.
600 1539 665 1591 Τί
700 1539 806 1593 ἀπὸ
835 1538 1023 1593 τούτου
1055 1537 1462 1608 παιδευόμεθα;
1497 1536 1592 1603 Μὴ
1625 1534 1876 1589 σπεύδειν

290 1626 353 1678 ἐν
380 1624 503 1684 ταῖς
527 1622 862 1689 ἐπαγωγαῖς,
893 1620 1028 1691 μηδὲ
1058 1619 1373 1687 ἐπείγεσθαι
1402 1622 1461 1672 ἐν
1487 1620 1607 1680 ταῖς
1637 1616 1872 1685 θλίψεσι,

295 1707 439 1776 μήτε
467 1704 628 1757 πάλιν
649 1702 882 1756 λυόντων
907 1703 1190 1773 ἐμμένειν.
1224 1701 1363 1754 Ἀλλ’
1396 1696 1551 1763 οὗτος
1584 1699 1684 1769 μέν
1713 1714 1878 1770 προσ-

294 1790 496 1841 έπεσε·
533 1787 630 1841 καὶ
687 1786 797 1858 7&9
834 1785 1101 1840 εἰσελθεῖν
1147 1784 1400 1855 ἠδύνατο,
1444 1783 1575 1837 ἔνθα
1625 1777 1767 1854 ἦσαν
1826 1783 1875 1835 οἰ

294 1871 471 1938 ἆγιοι·
510 1872 717 1931 ἐκεῖνος
766 1868 825 1922 δέ
870 1868 1008 1938 πρὸς
1036 1866 1132 1938 τὴν
1162 1866 1333 1938 θύραν
1374 1865 1566 1929 ἐλθὼν,
1601 1865 1732 1935 ἐστη
1755 1880 1770 1895 ο
1813 1864 1875 1916 ού

292 1955 402 2023 γάρ
428 1953 631 2023 ἐτόλμα
662 1950 986 2022 προσελθεῖν
1017 1952 1099 2014 εἰς
1130 1951 1191 2004 τὸ
1215 1950 1590 2020 δεσμωτήριον
1618 1947 1681 2000 τὸ
1704 1946 1875 2009 ἔνδον,

292 2036 432 2106 ὅπερ
477 2037 660 2096 αὐτοῖς
707 2034 796 2087 διὰ
844 2034 941 2086 τοῦ
977 2033 1149 2104 πυρὸς
1198 2033 1595 2086 κατεσκεύασε.
1631 2031 1742 2085 Καὶ
1775 2029 1876 2083 θέα

296 2136 389 2188 μοι
406 2118 477 2173 τὰ
497 2120 743 2189 ῥήματα.
770 2111 940 2179 Οὗτός
969 2134 1123 2187 φησι,
1149 2115 1374 2182 Κύριοι,
1390 2116 1449 2169 τί
1473 2132 1547 2184 με
1574 2114 1668 2168 δεῖ
1685 2113 1879 2168 ποιεῖν

292 2202 397 2262 Ira
428 2200 648 2264 σωθῶ;
683 2201 892 2261 ἐκεῖνος
939 2199 1000 2250 ού
1034 2197 1171 2261 μετά
1191 2196 1463 2268 τοσαύτης
1505 2198 1602 2267 μὲν
1627 2214 1878 2250 ταπεινο-

291 2279 598 2351 φροσύνης,
650 2277 752 2329 οῦκ
793 2275 1017 2329 ἔλαττον
1048 2275 1108 2329 δὲ
1159 2275 1345 2344 φωνὴν
1369 2274 1503 2346 ἡδίω
1549 2275 1750 2345 ἀφῆκε,
1778 2278 1880 2329 Σε-

290 2363 473 2432 δρὰχ,
502 2359 726 2425 Μισὰκ,
767 2359 1116 2430 Ἀϐδεναγὼ,
1146 2362 1200 2413 οΙ
1222 2359 1431 2413 δοῦλοι
1461 2359 1567 2414 τοῦ
1593 2359 1743 2414 Θεοῦ
1780 2359 1879 2414 τοῦ

291 2448 590 2514 ὑψίστου,
630 2442 933 2509 ἐξέλθετε,
976 2444 1075 2497 καί
1104 2443 1299 2499 δεῦτε.
1344 2443 1572 2514 Μεγάλη
1605 2442 1775 2514 τιμήσ
1815 2444 1879 2496 Οί

291 2528 506 2582 δοῦλοι
556 2525 668 2580 τοῦ
715 2526 867 2580 Θεοῦ
919 2524 1028 2579 τοῦ
1084 2526 1372 2594 ὑψίστου,
1424 2524 1721 2591 ἐξέλθετε,
1777 2526 1875 2579 καί

291 2609 485 2664 δεῦτε.
534 2609 657 2673 Πῶς
696 2607 1009 2672 ἐξέλθωσιν,
1037 2601 1083 2660 ὦ
1120 2607 1382 2677 βασιλεῦ;
1441 2601 1756 2680 δεδεμένους
1788 2609 1878 2662 ἐν·-

292 2692 490 2755 έϐαλες
512 2691 591 2762 τῷ
622 2692 777 2763 πυρὶ,
808 2689 1066 2745 τοσοῦτον
1088 2690 1439 2760 ἐνεχρόνισαν
1479 2689 1558 2760 τῷ
1585 2691 1721 2762 πυρί⁸
1751 2691 1878 2761 χρόο

291 2793 426 2841 νον;
458 2775 521 2828 Εἰ
550 2774 660 2844 7&9
687 2772 1043 2842 ἀδαμάντινοι
1095 2768 1258 2843 ἦσαν,
1286 2773 1337 2825 εἰ
1369 2772 1479 2843 7&9
1518 2772 1643 2826 ῦλαι
1675 2773 1876 2843 μεταλ-

292 2859 466 2921 λικαὶ,
503 2858 601 2910 καὶ
657 2855 826 2926 ῦμνον
862 2855 1114 2923 λέγοντες
1145 2857 1354 2909 ἐκεῖνον
1389 2854 1628 2918 ᾶπαντα,
1675 2856 1775 2909 οὐκ
1812 2856 1879 2909 ἂν

290 2940 577 2996 ἀπώλοντο
603 2957 616 3006 ;
650 2938 751 2993 Διὰ
776 2938 934 2992 τοῦτο
964 2939 1065 3009 μὲν
1086 2933 1182 2991 οὖν
1208 2937 1514 3006 ἐσώθησαν,
1542 2937 1625 2991 ὃτι
1651 2937 1873 3007 ὕμνουν.

307 3023 540 3097 ᾞδέσθη
591 3023 693 3094 τὴν
732 3022 1043 3095 προθυμίαν
1069 3020 1253 3074 αὐτῶν
1279 3018 1343 3072 τό
1374 3020 1508 3092 πῦρ,
1550 3020 1751 3093 ᾐδέσθη
1784 3021 1878 3074 καὶ

288 3109 394 3177 τὴν
423 3107 569 3178 ᾠδὴν
600 3106 701 3177 τὴν
752 3104 1075 3175 θαυμαστὴν
1104 3102 1323 3172 ἐκείνην
1350 3104 1445 3155 καὶ
1474 3105 1603 3166 τοὺς
1646 3100 1871 3174 ὕμνους.

291 3191 422 3252 Πῶς
442 3189 640 3252 αὐτοὺς
668 3188 883 3254 καλείς;
917 3185 1212 3258 Προλαϐὼν
1235 3179 1410 3250 εἷπον,
1438 3189 1502 3240 Ol
1533 3185 1745 3241 δοῦλοι
1769 3186 1880 3242 τοῦ

291 3272 448 3329 Θεοῦ
485 3271 595 3327 τοῦ
644 3273 949 3340 ὑψίστουο
1008 3272 1121 3334 τοῖς
1172 3270 1283 3341 7&9
1332 3267 1428 3322 τοῦ
1488 3268 1626 3323 Θεοῦ
1670 3269 1880 3334 δούλοις

292 3359 479 3413 ⁴πάντα
506 3355 731 3411 δυνατά.
759 3355 823 3408 Εἰ
846 3355 957 3427 γὰρ
986 3352 1291 3425 ἀνθρώπων
1314 3353 1421 3405 εἰσὶ
1457 3351 1571 3425 [66]
1601 3353 1776 3407 δοῦλοί
1797 3371 1879 3407 τι-

291 3459 406 3506 νες,
441 3440 540 3495 καὶ
587 3442 647 3495 ἐν
695 3441 808 3502 τοῖς
856 3439 1085 3493 ἐκείνων
1132 3438 1232 3508 οὐχ
1266 3430 1430 3508 ἦττον
1482 3436 1729 3508 ἰσχύουσι
1785 3437 1879 3492 καὶ

294 3525 564 3596 κρατοῦσι
602 3523 698 3579 καὶ
741 3521 1138 3583 διατάττονται,
1183 3518 1361 3590 πολλῷ
1417 3519 1619 3589 μᾶλλον
1666 3520 1721 3573 οί
1783 3518 1878 3575 τοῦ

293 3605 436 3661 Θεοῦ
461 3604 661 3659 δοῦλοι.
687 3603 801 3674 τὴν
827 3603 1053 3675 ἡδίστην
1080 3605 1263 3673 φωνὴν
1287 3602 1545 3657 ἐκάλεσεν
1561 3615 1577 3634 ο
1611 3601 1726 3674 ⁴ιὶδει
1750 3599 1878 3655 τοῦ·

291 3706 376 3758 τῳ
408 3688 650 3758 μάλιστα
698 3684 1014 3739 κολακεύων
1065 3684 1283 3748 αὐτούς.
1339 3685 1403 3737 Et
1435 3683 1546 3750 7&9
1576 3684 1666 3737 ἵνα
1702 3683 1879 3737 δοῦλοι

291 3771 392 3824 τοῦ
429 3768 568 3823 Θεοῦ
604 3768 857 3838 μένωσιν,
893 3771 972 3831 εἰς
1013 3767 1124 3838 πῦρ
1153 3767 1443 3840 ἐνέϐησαν,
1473 3768 1574 3821 οὐκ
1604 3763 1673 3837 ἦν
1698 3767 1881 3829 αὐτοῖς

292 3855 465 3926 ἑτέρα
498 3852 653 3923 φωνὴ
679 3851 879 3922 ταύτης
910 3851 1110 3922 ἡδίων·
1174 3851 1276 3904 οὐκ
1306 3852 1391 3912 ἂν,
1438 3853 1486 3903 εἰ
1515 3849 1752 3920 βασιλεῖς
1784 3851 1882 3905 αύ-

294 3937 430 3998 τοῦς
459 3933 745 3999 ἐκάλεσεν,
779 3935 876 3987 οὐκ
908 3934 995 3999 ἂν,
1022 3934 1070 3986 εἰ
1098 3932 1200 4002 τῆς
1234 3933 1563 4004 οἰκουμένης
1593 3932 1877 3999 δεσπότας,

292 4018 475 4081 οὕτως
501 4017 569 4070 ἂν
603 4015 796 4080 αὐτοὺς
819 4015 1116 4087 ηῦφρανεν,
1146 4015 1222 4078 ὡς
1248 4016 1338 4068 ὅτε
1372 4011 1548 4080 εἶπεν,
1586 4017 1651 4069 Ol
1672 4014 1881 4069 δοῦλοι

294 4099 454 4156 Θεοῦ
508 4098 617 4153 τοῦ
653 4098 946 4167 ὑψίστου.
1008 4098 1118 4152 Καὶ
1169 4098 1221 4150 τί
1269 4096 1605 4167 θαυμάζεις;
1657 4098 1737 4168 Τῇ
1772 4098 1881 4169 γὰρ

296 4183 517 4254 μεγάλῃ
574 4182 749 4248 πόλει,
800 4184 867 4253 τῇ
925 4181 1209 4254 κρατούσῃ
1242 4180 1341 4250 τῆς
1387 4180 1736 4251 οἰκουμένης,
1785 4181 1882 4233 καὶ

298 4269 445 4339 μέγα
477 4266 753 4341 φρονούσῃ
792 4267 880 4320 ἐπ’
919 4264 1251 4335 ἀξιώμασιν,
1281 4264 1357 4327 ὼς
1391 4264 1716 4335 ἀντίρροπον
1743 4263 1882 4334 πρὸς

291 4350 477 4417 ἀξίαν,
519 4350 723 4419 μᾶλλον
749 4349 805 4403 δέ
831 4348 1020 4417 πολλῷ
1046 4347 1236 4418 μεῖζον
1261 4347 1355 4400 καὶ
1380 4347 1728 4418 άσυγκρίτως
1760 4349 1880 4417 μετ-

291 4433 389 4500 ζον
418 4434 515 4487 καὶ
562 4433 830 4496 ὑπατείας
869 4431 966 4487 καὶ
994 4429 1274 4510 βασιλείας
1314 4431 1410 4483 καὶ
1436 4429 1537 4500 τῆς
1568 4431 1744 4500 ἀρχῆς
1779 4429 1881 4499 τῆς

290 4518 647 4589 οἰκουμένης,
681 4519 710 4571 6
739 4516 955 4578 Παῦλος
997 4514 1159 4568 τοῦτο
1181 4513 1395 4567 τέθεικε
1424 4513 1683 4582 γράφων·
1718 4512 1882 4567 Ila-13-

288 4606 406 4667 10c
443 4600 670 4667 δοῦλος
705 4599 913 4668 Ἰησοῦ
951 4597 1233 4669 Χριστοῦ.
1266 4599 1331 4649 Ol
1356 4596 1567 4651 δοῦλοι
1595 4594 1704 4650 τοῦ
1731 4595 1881 4650 Θεοῦ

288 4686 404 4739 τοῦ
446 4685 743 4752 ὑψίστου.
800 4683 863 4736 Εἰ
913 4680 1023 4752 γὰρ
1073 4679 1363 4751 τοσαύτην,
1399 4679 1556 4749 φησὶ,
1602 4678 1883 4732 ποιοῦνται

289 4767 562 4838 στωυδὴν,
595 4766 738 4819 ὥστε
771 4764 950 4818 δοῦλοι
977 4760 1137 4824 εἶναι,
1170 4764 1390 4825 πάντως
1410 4760 1586 4831 τούτῳ
1619 4760 1883 4831 πείσομεν

290 4850 521 4914 αὐτούς.
553 4849 703 4919 ’Ὀρα
727 4848 909 4902 τοίνυν
933 4847 1030 4901 καὶ
1061 4846 1164 4916 τὴν
1203 4844 1489 4899 εὐλάϐειαν
1511 4843 1621 4898 τῶν
1652 4843 1882 4898 παίδων.

292 4934 416 4986 Οὐκ
442 4933 866 5004 ἠγανάκτησαν,
892 4929 1016 4984 ούδέ
1049 4928 1421 5000 ὠργίσθησαν,
1454 4927 1575 4980 οῦδὲ
1608 4928 1883 4990 ἀντεῖπον,

290 5017 416 5070 ἀλλ’
452 5016 700 5084 ἐξῆλθον.
738 5015 800 5067 Εἰ
820 5016 931 5086 7&9
958 5013 1233 5084 τιμωρίαν
1262 5012 1323 5064 τὸ
1350 5012 1581 5082 πρᾶγμα
1611 5009 1883 5079 ἐνόμιζον,

290 5101 358 5155 τὸ
386 5101 652 5169 ἐμπεσεῖν
681 5100 759 5161 εἰς
782 5099 882 5167 τὴν
906 5097 1158 5167 κάμινον,
1205 5094 1309 5148 κᾶν
1341 5094 1585 5164 ἤλγησαν
1631 5093 1768 5161 πρὸς
1792 5091 1886 5144 τὸν

290 5184 318 5237 ἐ
329 5183 613 5255 μϐαλόντα
634 5199 650 5212 ο
708 5181 804 5238 νῦν
834 5181 891 5234 δὲ
920 5181 1072 5234 οὐδὲν
1117 5180 1347 5239 τούτων,
1373 5175 1488 5228 ἀλλ’
1518 5176 1594 5238 ῶς
1625 5174 1682 5243 ἐξ
1721 5174 1885 5228 αὑτοῦ

289 5267 587 5338 προϊόντες
631 5264 726 5316 τοῦ
771 5264 1030 5333 ούρανοῦ,
1061 5262 1203 5317 οῦτω
1230 5259 1530 5333 προῄεσαν.
1558 5259 1671 5312 Καὶ
1703 5258 1730 5310 ὃ
1760 5259 1888 5330 περὶ

289 5348 395 5402 τοῦ
426 5349 585 5419 ἡλίου
618 5348 786 5419 φησὶν
825 5349 854 5402 ό
885 5350 1192 5420 προφήτης,
1222 5347 1307 5399 ὃτι
1344 5345 1435 5409 ’.Ως
1481 5341 1742 5410 νυμφίος
1791 5341 1889 5397 62¢-

290 5434 713 5501 πορευόμενος
768 5431 837 5486 ἐκ
895 5430 1133 5485 παστοῦ
1172 5426 1385 5493 αὐτοῦ,
1419 5424 1580 5479 τοῦτο
1620 5426 1710 5483 καὶ
1760 5424 1891 5496 περὶ

249 5572 258 5580 _
287 5516 502 5570 τούτων
532 5513 712 5568 εἰπών
732 5530 817 5578 τις
846 5515 948 5567 ούκ
975 5513 1041 5566 ἂν
1065 5514 1319 5584 ἁμάρτοι.
1352 5510 1476 5573 Πῶς
1502 5527 1517 5577 ;
1547 5508 1670 5562 Ὅτι
1699 5505 1889 5562 τούτου

289 5597 354 5667 δὴ
385 5597 483 5650 τοῦ
516 5596 701 5660 οὕτως
736 5596 1178 5666 ἐκπορευομένου
1210 5595 1409 5649 ἐκεῖνοι
1430 5593 1551 5647 τότε
1578 5590 1892 5661 λαμπρότε-

292 5698 387 5749 ρον
410 5680 836 5752 ἐξεπορεύοντο.
869 5672 1038 5742 Οὗτος
1063 5679 1161 5749 μὲν
1187 5678 1295 5748 γὰρ
1321 5676 1679 5745 ἐξεπορεύετο
1694 5675 1790 5745 τὴν
1818 5675 1894 5726 οἰ-

289 5765 574 5835 κουμένην
610 5761 871 5833 φωτίζων
902 5760 981 5831 τῷ
1008 5760 1251 5831 αἰσθητῷ
1295 5759 1456 5828 φωτὶ,
1491 5761 1689 5812 ἐκεῖνοι
1716 5756 1892 5826 δὲτὴν

354 5916 381 5943 ³
405 5914 462 5962 In
485 5910 755 5973 Scriptum
782 5921 917 5973 sacra
937 5923 1034 5973 pnn
1057 5909 1265 5973 legitur,
1290 5906 1427 5970 quod
1441 5914 1554 5957 anlc
1580 5912 1689 5956 tres
1705 5918 1886 5967 pueros

294 5970 759 6026 Nabuchodoiwsor
783 5970 1065 6032 procidrrit.

1975 530 2303 604 οἰκουμένην
2345 531 2670 603 φωτίζοντες
2722 529 2945 600 ἑτέρως,
2981 524 3190 597 νοητῶς
3244 526 3408 595 λέγω.
3459 529 3563 582 Διὰ

1978 615 2089 687 7&9
2129 619 2327 683 αὐτοὺς
2370 617 2574 679 εὐθέως
2614 617 2893 686 διάταγμα
2932 612 3182 682 ἔπεμπεν
3219 611 3251 663 6
3296 610 3561 681 βασιλεὺς

1972 700 2145 753 ταῦτα
2177 701 2299 772 ἔχον
2324 703 2394 754 τὰ
2448 702 2695 772 ῥήματαο
2727 701 2965 769 Ἥρεσεν
3018 694 3267 749 ἐναντίον
3309 694 3445 762 ἐμοῦ
3490 697 3560 749 τὲ

1978 786 2182 855 σημεῖα
2212 785 2309 839 καὶ
2337 784 2405 838 τά
2453 784 2680 854 τέρατα,
2712 782 2748 837 ἃ.
2799 782 3057 851 ἐποίησεν
3087 780 3116 832 ό
3142 778 3275 843 Θεὸς
3318 781 3560 851 δηλωσαι

1974 868 2127 937 ἡμῖν,
2163 868 2240 931 ὡς
2293 867 2510 940 μεγάλα
2564 867 2658 919 καὶ
2715 865 2930 935 ἰσχυρά.
2954 865 3118 918 Ὥστε
3167 861 3560 934 λαμπροτέραν

1975 948 2206 1021 ἐξῄεσαν
2238 951 2497 1019 ἀφιέντες
2520 950 2740 1010 ἀκτῖνα,
2776 946 3011 1017 φαιδρὰν
3043 946 3145 1016 μὲν
3175 940 3344 998 οὖσαν
3370 944 3466 997 καὶ
3499 945 3563 997 ἐν

1973 1034 2156 1097 αὐτοῖς
2186 1038 2295 1099 τοῖς
2322 1034 2566 1106 χωρίοις,
2599 1032 2837 1103 μάλιστα
2861 1030 2920 1084 δὲ
2955 1027 3242 1100 πανταχοῦ
3261 1027 3561 1099 ἐκταθῆναι

1973 1124 2278 1196 δυναμένην
2320 1126 2406 1179 διὰ
2455 1124 2566 1177 τῶν
2590 1126 2944 1195 γραμμάτων
2969 1121 3082 1175 τῶν
3110 1120 3431 1191 βασιλικῶν,
3465 1120 3566 1174 καὶ

1973 1206 2133 1261 λῦσαι
2166 1208 2228 1261 τὸ
2277 1206 2556 1279 πανταχοῦ
2580 1207 2878 1276 τεταμένον
2913 1206 2947 1246 δ
2976 1205 3189 1267 σκότος.
3227 1203 3559 1267 Ἑξέλθδτε,

1973 1290 2071 1343 καί
2110 1289 2304 1344 δεῦτε.
2355 1292 2470 1344 Ούκ
2498 1290 2752 1343 ἐκέλευσε
2782 1289 2975 1343 σϐέσαι
3007 1288 3108 1360 τὴν
3135 1287 3391 1355 κάμινον,
3424 1286 3561 1341 ἀλλά

1973 1373 2069 1426 καὶ
2094 1372 2272 1445 τούτῳ
2323 1371 2561 1444 μάλιστα
2589 1373 2790 1436 αὐτοὺς
2822 1373 3077 1444 ἐτίμησε,
3120 1368 3201 1440 τῷ
3237 1369 3560 1432 πιστεῦσαι,

1972 1455 2057 1509 ὅτι
2093 1456 2419 1527 δυνήσονται
2452 1454 2531 1528 μὴ
2557 1456 2719 1526 μόνον
2749 1455 2899 1511 ἐνδον
2924 1455 3275 1528 περιπατεῖν,
3305 1452 3444 1507 ἀλλά
3468 1452 3563 1506 καὶ

1974 1537 2275 1609 καιομένης
2301 1536 2559 1602 ἐξελθεῖν.

2050 1702 2279 1774 Ἰδωμεν
2314 1702 2394 1765 δὲ,
2458 1705 2507 1757 εἰ
2566 1702 2736 1767 δοκεῖ,
2787 1703 2882 1756 καὶ
2919 1702 3013 1756 τοῦ
3044 1701 3453 1774 δεσμοφύλακας
3488 1699 3563 1754 τά

1977 1787 2217 1857 ῥήματα.
2252 1788 2477 1855 Κύριοι,
2508 1789 2568 1840 τί
2596 1804 2674 1856 με
2715 1786 2806 1841 δεῖ
2837 1786 3056 1853 ποιεῖν,
3106 1787 3206 1840 ἵνα
3240 1782 3412 1841 σωθῶ
3433 1801 3452 1849 ;
3492 1784 3560 1837 Τί

1974 1868 2177 1938 ταύτης
2199 1870 2297 1939 τῆς
2318 1871 2500 1940 φωνῆς
2517 1870 2701 1941 ἦδιον;
2739 1868 2888 1939 Λῦτη
2920 1869 3153 1940 σκιρτᾷν
3174 1869 3267 1921 καὶ
3287 1868 3556 1936 ἀγγέλους

1975 1955 2146 2005 ποιεῖ·
2182 1953 2269 2006 ῖνα
2294 1952 2501 2023 ταύτην
2523 1953 2733 2024 ἀκούσῃ
2758 1952 2858 2022 τὴν
2881 1953 3086 2022 φωνὴν,
3112 1952 3207 2006 καὶ
3233 1950 3417 2013 δοῦλος
3441 1949 3565 2018 ἐγές

1975 2052 2096 2090 νετο
2150 2038 2179 2088 6
2217 2035 2312 2089 τοῦ
2345 2036 2481 2090 Θεοῦ
2531 2037 2843 2105 Μονογενής
2867 2051 2881 2065 ⁸
2935 2034 3142 2104 ταύτην
3176 2033 3313 2104 πρὸς
3345 2032 3553 2105 Πέτρον

1976 2119 2160 2188 ελεγον
2183 2119 2282 2190 τὴν
2313 2119 2496 2192 φωνὴν
2518 2121 2568 2173 οἰ
2608 2118 2762 2188 παρά
2791 2117 2891 2189 τὴν
2916 2118 3093 2186 ἀρχὴν
3122 2115 3513 2178 πιστεύσαντες
3535 2133 3550 2147 ο

1958 2205 2045 2258 -Τι
2094 2203 2455 2273 ποιήσομεν,
2488 2204 2575 2257 ἴνα
2610 2202 2909 2273 σωθῶμενς
2945 2202 3054 2253 Καὶ
3092 2200 3144 2253 τί
3171 2216 3336 2270 φησιν
3362 2199 3523 2262 αὑτόῖ
3542 2216 3563 2264 ἱ

1977 2287 2337 2353 Πιστεύσατε,
2360 2287 2455 2342 καὶ
2491 2285 2848 2358 βαπτίσθητε.
2876 2285 3080 2347 Ἡδέως
3107 2285 3173 2337 ἂν
3200 2284 3293 2336 καί
3311 2284 3392 2347 εἰς
3408 2281 3561 2351 γέεν-

1975 2388 2072 2424 ναν
2105 2370 2365 2424 ὲνέπεσεν
2406 2371 2436 2424 6
2489 2368 2722 2433 Παῦλος,
2765 2368 2908 2421 ὥστε
2951 2366 3162 2437 ταύτην
3194 2365 3429 2420 ἀκοῦσαι
3460 2365 3568 2435 τὴν

1977 2452 2160 2524 φωνὴν
2207 2453 2361 2518 παρά
2390 2450 2680 2517 Ἰουδαίων,
2721 2452 2789 2505 δι’
2816 2450 3118 2521 ἐπιθυμίαν
3151 2447 3430 2519 σωτηρίας
3465 2448 3562 2503 καὶ

1978 2536 2225 2608 ὑπακοῆς
2257 2537 2458 2591 αὐτῶν.
2484 2535 2627 2607 Ὅρα
2672 2533 2729 2589 δέ
2751 2551 2767 2566 ο
2806 2535 2868 2588 τὸ
2892 2535 3001 2588 πᾶν
3031 2533 3216 2598 αὐτοῖς
3250 2532 3562 2604 ἐπιτρέπει,

1977 2620 2130 2675 οὒδέν
2182 2620 2629 2692 περιεργάζεται.
2665 2618 2811 2676 Ἀλλ’
2860 2617 3060 2688 ῖδωμεν
3093 2618 3160 2671 τὰ
3192 2617 3333 2687 μετά
3367 2615 3562 2670 ταῦτα.

1980 2701 2097 2774 [6⁷1
2120 2692 2289 2766 Οὗτος
2310 2703 2372 2755 οὐ
2388 2702 2683 2771 λέγει,”1να
2706 2700 2888 2766 σωθῶ,
2906 2699 3043 2754 άλλά
3058 2699 3363 2771 τρανοτέρα
3380 2700 3563 2770 πάσης

1979 2784 2162 2854 φωνῆς
2194 2784 2345 2854 αὑτῷ
2375 2786 2408 2855 ἡ
2437 2784 2758 2838 διδασκαλία
2799 2784 2993 2853 γέγονε
3018 2799 3033 2813 ⁸
3087 2783 3184 2835 καὶ⁵
3219 2782 3330 2853 7&9
3356 2781 3562 2845 εὐθέως

1978 2867 2190 2935 γίνεται
2245 2867 2449 2938 κήρυξ.
2497 2869 2575 2921 Οὺ
2604 2868 2777 2921 δεῖται
2811 2865 3219 2936 κατηχηθῆναι,
3256 2863 3504 2936 καθάπερ
3532 2866 3567 2918 ό

1976 2947 2343 3020 δεσμοφύλαξ,
2399 2950 2537 3003 άλλά
2588 2949 2681 3017 τίς
2736 2949 3134 3018 ’Δνακηρύττει
3160 2948 3254 3002 τὸν
3279 2947 3436 3013 Θεὸν,
3468 2948 3563 3000 καὶ

1975 3032 2230 3103 ὁμολογεῖ
2252 3033 2352 3102 τὴν
2378 3033 2611 3103 δύναμιν
2635 3049 2650 3063 ο
2688 3032 2806 3086 Ἐπ’
2830 3031 3088 3104 ἀληθείας
3115 3028 3254 3099 οῖδα,
3276 3032 3361 3086 ὅτι
3386 3031 3563 3094 όΘιὸς

1979 3116 2132 3187 ὑμῶν
2162 3118 2326 3182 αὑτός
2346 3119 2463 3171 ἐστι
2482 3114 2592 3169 τῶν
2620 3114 2759 3169 θεῶν
2778 3114 2932 3179 Θεὸς,
2968 3116 3064 3169 καὶ
3097 3114 3302 3187 Κύριος
3327 3113 3441 3168 τῶν
3465 3128 3564 3168 κυ-

1981 3199 2112 3269 ρίων
2130 3218 2144 3230 ·
2179 3201 2262 3254 ὃτι
2302 3199 2654 3264 ἐξαπέστειλε
2685 3198 2779 3252 τὸν
2797 3196 3035 3267 ἄγγελον
3057 3198 3244 3264 αὑτοῦ,
3277 3199 3372 3251 καὶ
3402 3198 3566 3269 ἐῤῥύσ

1979 3298 2111 3336 σατο
2130 3283 2275 3352 ὑμᾶς
2304 3282 2415 3337 ἀπὸ
2428 3282 2527 3352 τῆς
2551 3281 2808 3351 καμίνου.
2836 3282 2948 3335 Καὶ
2968 3279 3022 3333 τί
3059 3281 3199 3352 μετά
3230 3276 3565 3351 ταῦταςούκ

1977 3359 2057 3428 εἷς
2085 3365 2452 3435 δεσμοφύλαξ.
2503 3365 2643 3419 ἀλλά
2679 3363 2870 3417 πολλοὶ
2904 3365 3274 3433 κατηχοῦνται
3317 3364 3407 3416 διὰ
3452 3363 3565 3414 τῶν

1977 3447 2326 3516 γραμμάτων
2343 3447 2452 3500 τῶν
2474 3445 2792 3517 βασιλικῶν,
2816 3443 2906 3498 διά
2925 3445 3024 3514 τῆς
3037 3444 3166 3509 θέας
3188 3445 3296 3499 τῶν
3311 3444 3573 3515 πραγμάι

1978 3545 2104 3583 των.
2129 3529 2254 3581 Ὅτι
2288 3528 2400 3601 7&9
2442 3531 2544 3583 οὐκ
2578 3530 2646 3583 ἀν
2691 3526 2961 3597 ἐψεύσατο
2988 3530 3017 3581 ό
3072 3527 3346 3598 βασιλεὺς,
3398 3528 3571 3582 παντί

1978 3626 2083 3664 που
2111 3609 2299 3680 δῆλον⁶
2329 3612 2391 3665 οὐ
2422 3614 2533 3683 7&9
2553 3610 2618 3665 ἀν
2635 3609 2870 3681 ἠθέλησε
2896 3609 3126 3664 τοιαῦτα
3142 3610 3256 3671 τοῖς
3283 3610 3565 3680 αίχμαλω·

1977 3691 2211 3746 τισθεῖσι
2235 3696 2604 3767 μαρτυρῆσαι,
2639 3693 2763 3748 οὐδὲ
2792 3693 2862 3747 τά
2887 3693 3056 3752 αὑτοῦ
3076 3693 3436 3748 καταϐαλεῖν·
3464 3696 3565 3748 οὐκ

1981 3777 2048 3830 ἂν
2067 3774 2302 3848 ἠθέλησε
2355 3778 2626 3849 τοσαύτης
2682 3777 2869 3841 ἀνοίας
2897 3775 3060 3843 δόξαν
3089 3777 3297 3831 λαϐεῖν.
3318 3778 3482 3830 ’Ὥστε
3514 3779 3571 3833 εἰ.

1981 3860 2058 3932 μὴ
2086 3860 2253 3931 πολλὴ
2282 3860 2380 3931 τῆς
2402 3860 2656 3933 ἀληθείας
2678 3862 2711 3931 ἡ
2735 3860 3091 3932 περιφάνεια,
3118 3861 3219 3914 οὐκ
3239 3860 3309 3914 ἀν
3339 3859 3571 3913 τοιαῦτα

1980 3942 2206 4015 ἔγραψε,
2239 3944 2335 3997 καὶ
2370 3943 2641 3997 τοσούτων
2686 3943 2990 4014 παρόντων.
3041 3942 3233 4013 Ὁρᾶτε
3274 3943 3417 4013 πόση
3455 3942 3570 3996 τῶν

1979 4026 2195 4099 δεσμῶν
2222 4027 2257 4097 ἡ
2285 4026 2546 4095 δύναμις;
2581 4027 2725 4095 πόση
2758 4025 2857 4095 τῆς
2885 4026 3159 4095 ύμνῳδίας
3187 4026 3288 4094 τῆς
3309 4028 3368 4077 ἐν
3388 4025 3572 4094 θλίψει

1980 4113 2018 4182 ἡ
2051 4111 2240 4181 ἰσχύς;
2272 4110 2387 4163 Οὐκ
2415 4110 2802 4180 ἀπηγόρευσαν
2828 4108 2951 4161 ούδέ
2972 4108 3263 4169 ἀνέπεσον,
3287 4108 3422 4160 ἀλλά
3442 4109 3569 4163 τότε

1984 4194 2185 4265 μᾶλλον
2212 4188 2353 4263 ἦσαν
2386 4192 2628 4261 σφοδροὶ,
2657 4191 2778 4243 τότε
2818 4189 3023 4242 πλείων
3054 4191 3086 4259 ὴ
3130 4190 3428 4260 προθυμία.
3479 4191 3563 4241 Εἰ-

1980 4278 2153 4341 κότως
2174 4275 2349 4330 ταῦτα
2372 4274 2664 4329 ἐννοοῦσιν.
2710 4274 2834 4326 Ἔτι
2864 4272 2923 4329 ἓν
2955 4272 3329 4326 ὑπολείπεται.
3383 4272 3482 4325 Διά
3516 4273 3575 4329 τί

1982 4361 2041 4413 ἐν
2083 4359 2182 4431 μὲν
2201 4358 2280 4427 τῷ
2318 4358 2677 4427 δεσμωτηρίῳ
2709 4357 2759 4409 οί
2789 4356 3062 4425 δεδεμένοι
3100 4355 3391 4426 ἐλύθησαν,
3431 4356 3570 4412 ἐνὸὲ

1981 4445 2049 4512 τῇ
2088 4441 2305 4511 καμίνῳ
2351 4441 2400 4492 οἰ
2445 4438 2774 4508 ἐμϐαλόντες
2823 4438 3206 4507 κατεκάησαν;
3243 4439 3451 4504 ,Καίτοι
3503 4455 3573 4507 γε

1983 4523 2149 4597 ἐχρῆν
2185 4523 2277 4575 τὸν
2301 4520 2526 4590 βασιλέα
2550 4518 2711 4572 τοῦτο
2735 4519 2926 4572 παθεῖν
2952 4536 2965 4549 ν
2994 4520 3054 4571 ού
3086 4520 3196 4590 7&9
3225 4520 3277 4571 οἰ
3307 4519 3573 4590 δεσμοῦν.

1983 4624 2074 4670 τες
2115 4604 2235 4657 ούδέ
2271 4607 2319 4656 οἰ
2366 4602 2727 4673 ἐμϐάλλοντες
2763 4601 3017 4655 τοσοῦτον
3066 4602 3335 4671 ἥμαρτον,
3376 4603 3499 4654 ὅσον
3540 4606 3579 4658 ἁ

1985 4689 2225 4744 κελεύων
2273 4685 2432 4740 τοῦτο
2476 4684 2753 4754 γενέσθαι.
2816 4685 2976 4749 Τίνος
3013 4679 3106 4737 οῦν
3142 4684 3326 4737 ἕνεκεν
3370 4686 3579 4739 ἐκεῖνοι

1985 4772 2301 4838 ἁπώλοντο;
2346 4768 2609 4823 Ἐνταῦθα
2642 4769 2703 4822 οὐ
2751 4768 2921 4841 πολλή
2957 4785 3043 4829 τις
3086 4768 3243 4840 χρεία
3279 4768 3378 4839 τῆς
3412 4769 3574 4839 ἀκρι-

1987 4855 2254 4923 ϐολογίας.
2298 4852 2540 4917 Ἀσεϐεῖς
2570 4852 2679 4924 7&9
2710 4848 2886 4924 ἦσαν’
2917 4852 3007 4906 διὰ
3039 4852 3197 4905 τοῦτο
3233 4851 3576 4923 ᾠκονόμητο,

1988 4942 2074 4993 ἵνα
2104 4936 2285 5009 δειχθῇ
2316 4936 2409 4991 τοῦ
2450 4936 2682 5007 πυρὸςή
2717 4936 2889 5007 ἰσχὺς,
2932 4937 3027 4989 καὶ
3066 4936 3248 5006 μεῖζον
3286 4937 3347 4987 τὸ
3387 4935 3578 5003 θαῦμα

1988 5026 2233 5093 γένηται.
2278 5022 2341 5075 Εἰ
2362 5021 2471 5092 γὰρ
2496 5021 2621 5082 τοὺς
2656 5019 2761 5084 ἔξω
2782 5018 2925 5072 οὕτω
2954 5019 3286 5086 κατέφαγεν,
3314 5017 3406 5079 οὓς
3430 5016 3579 5069 ἔνδον

1989 5104 2123 5178 εἶχε,
2156 5106 2274 5168 πῶς
2300 5106 2534 5166 ἀπαθεῖς
2562 5103 2804 5168 ἐδείκνύ;
2842 5102 2961 5156 ’Ὶνα
2995 5102 3128 5172 δήλη
3169 5102 3396 5170 γένηται
3425 5102 3458 5169 ἡ
3481 5101 3581 5153 τοῦ

1987 5188 2123 5243 Θεοῦ
2156 5188 2405 5257 δύναμις.
2432 5186 2543 5239 Καὶ
2569 5186 2759 5255 μηδεὶς
2782 5182 3133 5254 θαυμαζέτω,
3160 5184 3206 5234 εί
3238 5181 3330 5234 τὸν
3352 5181 3578 5252 βασιλέα

1990 5277 2050 5328 ἐν
2067 5271 2219 5338 τάξει
2242 5271 2334 5323 τοῦ
2360 5269 2770 5341 δεσμοφύλακος
2794 5267 2966 5335 ἔθηκα
2991 5281 3005 5295 ⁸
3031 5266 3091 5318 τὸ
3111 5267 3219 5335 7&9
3244 5266 3374 5320 αὐτὸ
3395 5267 3580 5338 εἱργά..

1993 5371 2143 5409 σατο.
2211 5350 2380 5405 Οὐδὲν
2435 5350 2547 5420 7&9
2584 5343 2737 5410 οὗτος
2784 5347 2992 5399 ἐκείνου
3038 5345 3422 5417 λαμπρότερος
3466 5343 3576 5416 ἦν·

1993 5436 2281 5492 ἀπώναντο
2318 5433 2428 5504 7&9
2459 5433 2782 5503 ἀμφότεροι.
2829 5427 2988 5493 Ἀλλ’,
3025 5430 3161 5501 ὅπερ
3204 5430 3362 5500 ἐφην,
3397 5430 3480 5481 ὅτι
3522 5430 3581 5481 ἐν

1991 5522 2111 5583 ταῖς
2140 5518 2382 5587 θλίψεσιν
2407 5516 2560 5576 ὅντες
2593 5512 2645 5565 οἰ
2665 5511 2882 5574 δίκαιοι,
2909 5512 3031 5564 τότε
3061 5513 3297 5583 μάλιστά
3320 5513 3424 5563 εἰσι
3452 5526 3584 5575 σφο-

1993 5604 2255 5674 δρότεροι,
2284 5601 2415 5652 ὅταν
2460 5599 2518 5649 ἐν
2565 5595 2781 5664 δεσμοῖς
2811 5587 2931 5650 ὦσι.
2951 5596 3024 5648 Τὸ
3066 5596 3175 5668 7&9
3215 5594 3302 5646 διὰ
3347 5589 3586 5674 Χριστόν

1995 5672 2045 5739 τι
2079 5685 2291 5745 παθεῖν,
2326 5681 2506 5748 πάσης
2539 5678 2895 5749 παραμυθίας
2922 5677 3090 5748 ἣδιον.
3145 5672 3410 5728 Βούλεσθε
3444 5673 3581 5724 ὐπο-

2078 5904 2101 5941 h
2143 5901 2291 5961 Μαι-ε.
2330 5894 2504 5955 Sax'i|.,
2540 5896 2814 5957 κεχυμένον,
2847 5902 2900 5944 οι
2919 5908 3056 5954 mox,
3100 5892 3188 5941 οῦκ
3212 5888 3451 5949 ἐτόλμησε
3474 5882 3589 5930 σθέ-

2003 5980 2102 6013 σαι.
