3932 6220
419 291 494 349 $9
1133 282 1191 338 S.
1233 280 1522 338 JOANNIS
1559 282 2049 340 CHRYSUSTOMI
2087 284 2406 339 ARCIIIEP.
2443 284 2996 342 CONSTANTINOP.
3238 256 3241 257 ν
3600 294 3672 347 70

428 408 620 480 μνήσω
658 404 799 475 ὑμᾶς
838 403 932 457 καὶ
975 401 1164 467 ἐτέρου
1215 399 1630 471 δεσμωτηρίου;
1676 400 1997 469 Ἀναγκαῖον

422 490 532 545 ἀπὸ
563 489 664 557 τῆς
697 486 936 548 ἁλύσεως
963 501 1165 554 ταυτης
1198 484 1282 551 ἐφ’
1311 484 1495 554 ἕτερον
1525 484 1696 537 ἐλθεῖν
1721 486 1999 556 δεσμωτή-

425 590 561 642 ριον.
598 572 670 623 Τὸ
699 572 846 623 ποῖον
871 567 1154 637 βούλεσθε;
1197 566 1257 618 τὸ
1286 565 1380 618 τοῦ
1421 565 1717 637 ἰερεμίους
1744 566 1777 636 ἢ
1815 567 1875 618 τὸ
1903 566 1996 618 τοῦ

436 655 674 725 Ἰωσήφ;
714 653 747 723 ἢ
789 651 849 703 τὸ
893 650 1173 714 Ἰωάννου;
1207 648 1381 719 Χάρις
1424 651 1489 719 τῇ
1526 648 1736 701 Παύλου
1767 647 1954 702 ἁλύσει
1978 664 1993 678 ⁸

424 737 565 788 πόσα
586 734 787 802 ἀνέῳξε
810 732 889 802 τῷ
907 730 1049 802 λόγῳ
1079 731 1430 802 δεσμωτήρια
1450 748 1464 795 ;
1507 731 1580 783 Τὸ
1616 731 1859 784 Ἰωάννου
1883 730 1994 800 βού·

422 816 613 883 λεσθε;
679 815 861 885 Ἐδέθη
907 816 1003 869 καὶ
1032 809 1184 877 οῦτος
1228 814 1358 867 ποτὲ
1391 813 1479 867 διὰ
1520 814 1610 868 τὸν
1636 814 1871 884 Χριστὸν
1906 814 1999 866 καὶ

419 901 512 955 τὸν
532 900 624 952 τοῦ
648 898 784 952 Θεοῦ
809 897 991 967 νόμον.
1044 896 1109 949 Τί
1126 893 1249 961 οὗνς
1279 894 1390 967 ἆρα
1413 897 1572 966 ήργει
1593 899 1651 950 ἐν
1677 897 1756 966 τῷ
1782 895 1996 965 δεσμω-

418 981 593 1053 τηρίῳ
620 980 724 1047 (iw;
759 979 878 1049 οὐχὶ
909 978 967 1031 δὲ
999 979 1207 1032 ἐκεῖθεν
1238 977 1459 1048 πέμψας
1500 981 1565 1030 ἐκ
1598 978 1691 1031 τοῦ
1718 980 1997 1048 δεσμωτηο

421 1067 537 1137 ρίου
562 1065 714 1132 ἔλεγε
739 1065 850 1126 τοῖς
885 1060 1154 1132 μαθηταῖς
1183 1062 1371 1126 αὑτοῦ,
1417 1062 1779 1133 Πορευθέντες
1806 1062 1995 1115 εἴπατε

418 1147 499 1217 τῷ
521 1143 763 1218 Χριστῷ,
798 1143 882 1197 Σὺ
898 1140 998 1197 εἷό
1012 1143 1356 1213 ἐρχόμενος,
1378 1144 1417 1212 ἢ
1432 1144 1636 1214 ἕτερον
1655 1143 1995 1212 προσδοκῶ-

414 1244 561 1297 μεν;
586 1229 694 1282 Καὶ
725 1228 840 1280 ἐκεῖ
867 1225 943 1278 ὣν
975 1226 1081 1296 ἄρα
1115 1226 1389 1280 ἐδίδασκεν
1421 1245 1434 1257 ·
1463 1228 1523 1280 06
1551 1226 1657 1296 γάρ
1684 1227 1748 1296 δὴ
1776 1226 1990 1295 ἡμέλει.

436 1309 574 1362 Ἀλλ’
609 1308 876 1381 Ἱερεμίας
907 1309 1027 1377 οὐχὶ
1061 1310 1428 1381 προεφήτευσε
1459 1309 1587 1379 περὶ
1615 1308 1707 1362 τοῦ
1743 1308 1992 1362 Βαϐυλω-

421 1391 559 1456 νίου,
603 1391 780 1446 πάντα
822 1389 894 1443 τά
942 1388 1108 1444 αὑτοῦ
1150 1391 1244 1444 καὶ
1267 1393 1381 1444 ἐκεῖ
1408 1390 1604 1457 ποιῶν;
1640 1391 1705 1443 Τί
1731 1390 1786 1444 δὲ
1812 1392 1842 1444 ό
1879 1392 1991 1443 ἰω-

2100 401 2242 469 σήφ;
2276 402 2397 471 οὐχὶ
2436 402 2793 473 τριακαίδεκα
2826 402 2920 474 ἐτη
2957 403 3348 469 ἐδέδετο;⁹Δλλ’
3377 404 3526 474 ὅμως
3552 406 3675 459 οὐδὲ

2095 484 2213 537 ἐκεῖ
2245 485 2345 554 τῆς
2369 486 2569 555 ἀρετῆς
2611 485 2926 539 ἐπελάθετο.
2982 488 3101 540 Ἔτι
3146 486 3261 549 ἐνὸς
3304 487 3548 549 εἰπόντες
3584 487 3671 539 δε-

2096 567 2287 635 σμοὺς,
2312 568 2735 638 καταπαύσομεν
2758 570 2849 622 τὸν
2872 570 3047 638 λόγον.
3092 569 3284 639 Ἰείδέθη
3307 571 3400 622 καὶ
3421 574 3450 623 ὁ
3472 572 3675 623 Δεσπό-

2093 667 2191 719 της
2218 652 2246 703 ὁ
2274 651 2559 721 ἡμέτερος,
2597 654 2625 705 ὁ
2654 655 2754 722 τὴν
2790 654 3112 723 οἰκουμένην
3145 652 3314 716 λύσας
3348 654 3457 706 τῶν
3490 654 3674 723 0909-

2094 734 2392 802 τημάτων’
2424 734 2681 803 ἐδέθησαν
2729 739 2908 806 χεῖρες
2962 737 3022 807 αίφ
3072 737 3242 806 μυρία
3296 737 3673 807 ἐργασάμεναι

2098 814 2375 886 [68]καλά’
2398 818 2704 885 Δήσαντες
2725 817 3051 887 γὰραύτὸν,
3072 818 3256 888 φησιν,
3275 817 3505 888 ἤγαγον
3520 821 3671 886 πρὸς

2093 899 2388 966 Καϊάφαν.
2422 900 2531 954 Καὶ
2564 900 2771 953 ἐδέδετο
2804 901 2833 952 ὁ
2858 900 3097 961 τοσαῦτα
3125 901 3672 972 θαυματουργήματα

2094 981 2482 1051 ἐργασάμενος.
2525 983 2709 1035 Ταῦτα
2735 982 3061 1050 ἐννοοῦντες,
3091 983 3360 1053 μηδέποτε
3380 983 3673 1054 δυσχεραί-

2092 1080 2292 1133 νωμεν,
2316 1064 2452 1119 ἀλλὰ
2481 1065 2585 1119 κᾶν
2604 1065 2865 1137 δεθῶμεν,
2895 1066 3206 1138 χαίρωμενο
3239 1067 3341 1120 κᾶν
3373 1066 3449 1136 μὴ
3477 1068 3534 1119 ἐν
3555 1070 3672 1131 107.;

2092 1144 2309 1215 δεσμοῖς
2337 1140 2519 1215 ὦμεν,
2565 1147 2642 1211 ὡς
2677 1149 3048 1219 συνδεδεμένοι
3091 1146 3456 1218 διακεώμεθα.
3505 1149 3671 1221 Ὁρᾷς

2094 1227 2217 1280 ὅσον
2246 1228 2445 1295 ἀγαθὸν
2484 1231 2513 1282 ὁ
2537 1230 2761 1301 δεσμός;
2796 1232 2986 1286 Ταῦτα
3031 1231 3209 1286 πάντα
3251 1229 3472 1292 εἰδότες,
3507 1231 3669 1301 χάριν

2093 1310 2507 1381 ἀναπέμπωμεν
2553 1314 2694 1385 ὑπὲρ
2741 1316 2957 1370 πάντων
3000 1316 3079 1387 τῷ
3129 1313 3281 1385 Θεῷ,
3339 1314 3396 1365 ἐν
3446 1313 3669 1384 Χριστῷ

2107 1391 2280 1461 Ἰησοῦ
2311 1394 2391 1464 τῷ
2416 1395 2604 1467 Κυρίῳ
2630 1396 2804 1468 ήμῶν.
2858 1427 2860 1430 ν

436 1647 1985 1665 "mm

2087 1656 2953 1671 ..——-_———...__——-—————_—
2968 1661 3113 1673 ...ιο-οη

1865 1956 2110 2011 ΟΜῙΛΙΑ
2162 1956 2240 2012 Θ’.

418 2138 748 2210 Παρακαλῶ
789 2135 903 2195 οὖν
932 2135 1087 2208 ὑμᾶς
1121 2136 1256 2207 ἐγὼ,
1303 2140 1336 2191 ό
1363 2136 1607 2207 δέσμιος
1651 2137 1721 2191 ἐν
1752 2137 1967 2204 Κυρίῳ,

487 2224 669 2289 ἀξίως
701 2219 1101 2289 περιπατῆσαι
1131 2219 1236 2288 τῆς
1274 2219 1550 2288 κλήσεως
1572 2214 1649 2288 ἧς
1673 2217 1987 2284 ἐκλήθητε,

484 2305 633 2373 μετὰ
676 2302 880 2369 πάσης
919 2301 1479 2368 ταπεινοφροσύνης
1509 2300 1604 2353 καὶ
1633 2300 1986 2367 πραότητος,

485 2385 634 2457 μετὰ
683 2384 1125 2454 μακροθυμίας,
1187 2380 1540 2450 ἀνεχόμενοι
1590 2379 1880 2446 ἀλλήλων
1920 2379 1990 2431 ἐν

489 2469 711 2539 ἀγάπῃ,
744 2464 1182 2529 σπουδάζοντες
1221 2463 1423 2531 τηρεῖν
1450 2461 1565 2531 τὴν
1595 2462 1845 2531 ἑνότητα
1885 2460 1989 2515 τοῦ

489 2555 827 2620 πνεύματος
853 2548 923 2601 ὲν
951 2548 1031 2612 τῷ
1054 2546 1377 2616 συνδέσμῳ
1399 2544 1506 2613 τῆς
1531 2545 1794 2613 εἰρήνης.

503 2656 816 2728 Ἀπεδείχθη
840 2655 940 2727 τῆς
980 2654 1223 2719 ἁλύσεως
1250 2652 1345 2707 τοῦ
1373 2653 1588 2708 Παύλου
1616 2656 1650 2726 ὴ
1691 2656 1845 2726 ίσχὺς
1883 2654 1981 2729 καὶ

424 2741 635 2814 μεγάλη
661 2740 756 2794 καὶ
782 2738 1028 2809 σημείων
1056 2735 1430 2808 λαμπροτέρα.
1457 2736 1532 2788 O6
1564 2737 1743 2807 μάτην
1768 2733 1863 2792 οῦν
1899 2740 1984 2791 ἐν·

420 2825 614 2885 ταῦθα.
653 2822 728 2887 ῶς
790 2822 961 2885 ἔοικε,
1011 2820 1215 2891 ταύτην
1264 2819 1649 2892 προϐάλλεται,
1680 2820 1801 2875 οὐδὲ
1839 2822 1984 2893 εἰκῆ,

419 2907 534 2961 ἀλλ’
557 2907 633 2970 ὡς
664 2903 901 2975 μάλιστα
937 2903 1004 2958 δι’
1028 2902 1199 2972 αὐτῆς
1224 2902 1584 2973 δυσωπήσων.
1606 2900 1718 2955 Καὶ
1745 2903 1801 2956 τί
1824 2920 1985 2973 φησι;

422 2986 750 3057 Παρακαλῶ
794 2982 902 3041 οὖν
964 2984 1120 3055 ὑμᾶς
1168 2983 1302 3053 ἐγὼ,
1338 2987 1371 3037 ό
1399 2983 1643 3053 δέσμιος
1679 2985 1750 3037 ἐν
1771 2987 1985 3052 Κυρίῳ,

340 3078 341 3081 “
417 3073 602 3138 ἀξίως
649 3069 1050 3140 περιπατῆσαι
1099 3067 1210 3135 τῆς
1239 3064 1517 3132 κλήσεως
1546 3062 1622 3137 ἧς
1671 3067 1984 3135 ἐκλήθητε.

420 3156 580 3221 Πῶς;
612 3152 775 3208 Μετὰ
807 3150 1012 3218 πάσης
1037 3149 1615 3217 ταπεινοφροσύνης,
1644 3149 1793 3219 μετὰ
1809 3151 1989 3217 πραό-

418 3254 593 3305 τητος
626 3233 725 3289 καί
767 3231 1197 3303 μακροθυμίας,
1222 3231 1574 3300 ἀνεχόμενοι
1604 3232 1894 3300 ἀλλήλων
1919 3232 1990 3286 ἐν

415 3320 637 3390 ἀγάπη.
669 3317 782 3387 οὐχ
810 3315 997 3377 ἀπλῶς
1029 3314 1092 3367 τὸ
1123 3313 1345 3390 δέσμιον
1374 3309 1515 3366 εἶναι
1548 3313 1730 3377 καλὸν,
1762 3313 1899 3367 ἀλλά
1928 3316 1988 3367 τὸ

416 3386 507 3456 διὰ
538 3386 797 3472 Χριστόν.
848 3396 949 3450 Διά
975 3395 1134 3449 τοῦτό
1160 3386 1347 3467 φησιν,
1392 3395 1456 3449 '0
1497 3394 1743 3466 δέσμιος
1775 3397 1845 3450 ἐν
1872 3399 1988 3450 Κυ-

411 3487 544 3550 ρίῳ,
602 3482 867 3543 τουτέστι,
924 3480 1012 3533 διὰ
1068 3479 1323 3549 Χριστόν.
1380 3480 1546 3533 Οὐδὲν
1598 3480 1791 3533 τούτου
1847 3477 1982 3534 ἴσον.

432 3564 592 3619 Ἀλλά
635 3563 835 3634 μᾶλλον
883 3563 1031 3631 ἡμᾶς
1066 3561 1332 3631 ἀποσύρει
1392 3561 1502 3614 τῶν
1544 3563 1922 3631 προκειμένων
1949 3565 1982 3633 ἡ

419 3645 607 3707 ἆλυσις
661 3645 754 3697 καὶ
816 3642 1083 3712 περισπᾷ,
1125 3643 1219 3694 καὶ
1248 3644 1560 3694 ἀντιπεσεῖν
1584 3644 1681 3712 οὐχ
1723 3643 1987 3712 ὑπομένο-

422 3744 540 3798 μεν,
571 3725 685 3779 ἀλλ*
713 3722 989 3793 ἑλκόμεθα
1026 3722 1120 3776 καὶ
1152 3722 1395 3786 ἄκοντες,
1426 3723 1627 3792 μᾶλλον
1655 3724 1713 3777 δὲ
1739 3726 1833 3777 καὶ
1866 3725 1987 3795 βου.

417 3810 631 3879 λόμενοι
666 3808 762 3860 καὶ
803 3806 1107 3876 εὐχόμενοι.
1159 3804 1265 3857 Καὶ
1291 3804 1403 3856 εἴθε
1449 3804 1537 3857 ἀεὶ
1584 3806 1712 3877 περὶ
1735 3807 1830 3876 τῆς
1856 3806 1983 3860 ἀλύ-

420 3908 556 3953 σεως
582 3889 795 3944 Παύλου
829 3887 1174 3956 διαλέγεσθαι
1218 3882 1307 3958 ἦν.
1348 3886 1507 3939 Ἀλλά
1542 3887 1616 3957 μὴ
1642 3890 1981 3958 ναρκὴοητε·

417 3975 501 4028 ἔτι
523 3975 631 4043 γάρ
655 3975 831 4027 ἐκεῖνο
880 3972 1055 4024 εἰπεῖν
1102 3969 1383 4041 βούλομαι,
1410 3969 1438 4023 ὃ
1481 3970 1667 4024 πολλοὶ
1697 3970 1985 4041 ζητοῦντές

416 4074 584 4127 φασι’
625 4055 738 4110 Καὶ
774 4057 824 4108 εί
883 4053 1049 4108 καλὸν
1096 4055 1150 4106 αί
1200 4051 1428 4121 θλίψεις,
1465 4052 1582 4116 πῶς
1615 4054 1987 4116 0610;01:010-

412 4140 677 4210 γούμενος
714 4138 849 4208 πρὸς
872 4137 963 4189 τὸν
995 4136 1305 4207 Ἀγρίππαν
1338 4134 1543 4202 ἔλεγεν,
1572 4135 1883 4204 Εὐξαίμην
1909 4135 1986 4190 ἂν

414 4221 495 4288 τῷ
518 4219 659 4286 Θεῷ,
701 4219 797 4273 καί
829 4218 899 4271 ὲν
921 4218 1103 4287 ὀλίγῳ
1152 4216 1252 4270 καί
1297 4217 1368 4270 ἐν
1410 4215 1641 4283 πολλῷ,
1683 4220 1755 4271 οὺ
1793 4219 1986 4287 μόνον

411 4303 510 4371 σὲ,
538 4302 698 4358 ἀλλὰ
754 4299 849 4354 καί
901 4302 1133 4365 πάντας
1168 4298 1311 4365 τοὺς
1348 4297 1686 4366 ἀκούοντάς
1712 4318 1832 4369 μου
1870 4300 1984 4367 σή-

409 4401 597 4457 μερον
622 4384 903 4454 ⁸γενέσθαι
950 4382 1279 4448 τοιούτους,
1326 4385 1533 4446 ὁποῖος
1561 4383 1659 4436 καί
1695 4383 1809 4453 ἐγώ
1844 4386 1979 4454 εἰμι,

413 4466 705 4536 παρεκτὸς
738 4464 857 4520 τῶν
883 4463 1124 4534 δεσμῶν
1152 4465 1379 4519 τούτων
1399 4480 1414 4494 θ
1466 4466 1578 4536 Οὐχ
1607 4466 1682 4529 ὡς
1714 4467 1983 4520 ἀπευκτὸν

411 4550 474 4603 τὸ
500 4551 732 4621 πρᾶγμα
781 4546 1040 4618 νομίζων,
1085 4545 1259 4599 ταῦτα
1299 4546 1475 4615 ἔλεγε,
1518 4545 1593 4618 μὴ
1644 4548 1884 4616 γένοιτο’
1918 4548 1980 4600 06

412 4634 522 4704 γὰρ
551 4633 637 4698 ἂν,
667 4634 720 4685 εί
749 4648 812 4701 γε
858 4630 1132 4683 ἀπευκτὸν
1175 4628 1262 4699 ἦν,
1291 4631 1569 4700 ἐκαυχᾶτο
1617 4632 1711 4683 ἐπὶ
1752 4633 1866 4694 τοῖς
1896 4630 1981 4685 δε-

413 4718 595 4786 σμοῖς,
624 4716 718 4769 ἐπὶ⁵
764 4717 887 4776 ταῖς
937 4711 1228 4781 φυλακαῖς,
1257 4711 1350 4762 ἐπὶ
1376 4713 1496 4774 ταῖς
1520 4711 1704 4774 ἄλλαις
1738 4711 1977 4781 θλίψεσι·

409 4798 518 4853 οὐδ’
534 4798 601 4853 ἂν
616 4796 843 4870 γράφων
865 4793 1070 4862 ἔλεγεν,
1086 4793 1334 4846 Ἥδιστα
1358 4796 1738 4863 καυχήσομαι
1758 4794 1828 4847 ἐν
1853 4793 1982 4862 ταῖς

409 4882 749 4945 ἀσθενείαις
779 4894 928 4948 μου·
954 4874 1091 4930 ἀλλά
1115 4875 1166 4927 τί
1192 4892 1207 4939 ;
1239 4873 1409 4927 Τοῦτο
1436 4874 1568 4927 αὐτὸ
1596 4878 1895 4947 τεκμήριον
1910 4872 1979 4948 ἦν

409 4967 503 5022 τοῦ
538 4966 746 5038 μεγάλα
774 4960 1022 5035 ἡγεῖσθαι
1052 4959 1122 5013 τά
1149 4959 1345 5028 δεσμά.
1398 4959 1610 5029 ’Ὠσπερ
1640 4959 1749 5029 γὰρ
1781 4962 1979 5031 Κοριν-

410 5049 543 5112 θίοις
559 5051 781 5120 γράφων
794 5046 945 5113 ἔλεγε
959 5061 975 5075 ο
1000 5041 1171 5098 Γάλα
1187 5038 1343 5111 ὑμᾶς
1357 5042 1632 5103 ἐπότισα,
1652 5043 1723 5095 οὐ
1746 5040 1977 5110 βρῶμα,

408 5132 571 5185 οὔπω
592 5133 698 5200 γὰρ
723 5130 1022 5183 ἐδύνασθε
1040 5142 1054 5156 ’
1085 5124 1228 5179 οὕτω
1252 5124 1316 5195 δὴ
1340 5124 1434 5177 καὶ
1456 5123 1705 5187 ἐνταῦθα,
1730 5126 1829 5178 οὐκ
1852 5125 1980 5196 ἡδύ-

409 5230 569 5266 ναντο
597 5212 828 5266 ἀκοῦσαι
860 5212 922 5265 τὸ
950 5211 1169 5274 κάλλος,
1204 5207 1326 5260 οὐδὲ
1351 5206 1444 5261 τὸν
1466 5207 1693 5278 κόσμον,
1729 5208 1849 5261 οὐδὲ
1879 5208 1979 5279 τὴν

408 5295 676 5365 ὠφέλειαν
698 5295 806 5346 τῶν
839 5293 1074 5363 δεσμῶν.
1096 5291 1195 5345 Διὰ
1217 5288 1375 5344 τοῦτό
1404 5306 1589 5360 φησιν,
1625 5290 1835 5355 Ἐκτὸς
1862 5286 1981 5343 τῶν

406 5376 647 5447 δεσμῶν
656 5376 1029 5438 τούτων.ἰ“οἰς
1049 5374 1230 5443 μέντοι
1244 5371 1336 5426 Ἐὖ
1344 5373 1515 5443 ραίοις
1530 5373 1627 5441 οὐχ
1644 5370 1980 5433 οὖτως,ἀλλά

407 5460 638 5533 παρῄνει
667 5456 1009 5511 συνδεδέσθαι
1037 5458 1149 5518 τοῖς
1193 5454 1522 5526 δεδεμένοις.
1566 5453 1664 5506 Διά
1695 5453 1854 5505 τοῦτο
1885 5452 1979 5506 καὶ

406 5543 522 5616 [69]
542 5543 702 5605 αὐτὸς
724 5542 940 5611 ἔχαιρεν
954 5538 1045 5590 ἐπὶ
1062 5539 1175 5599 τοῖς
1196 5538 1435 5607 δεσμοῖς,
1453 5537 1549 5590 καὶ
1566 5536 1870 5605 ἐδεσμεῖτο,
1886 5535 1978 5587 καὶ

408 5626 547 5697 μετά
579 5626 686 5678 τῶν
714 5620 1010 5692 δεσμωτῶν
1037 5618 1281 5687 ἀπήγετο
1329 5621 1408 5681 είς
1436 5619 1702 5687 φυλακήν.
1749 5617 1973 5688 Μεγάλη

404 5709 505 5776 τῆς
532 5706 776 5769 ἁλύσεως
836 5702 1050 5757 Παύλου
1113 5701 1148 5770 ἡ
1187 5701 1357 5769 ἰσχύς·
1386 5703 1550 5770 ἀρκεῖ
1585 5702 1707 5755 ἀντὶ
1759 5700 1975 5754 πάντων

403 5790 563 5850 τοῦτο
591 5790 652 5844 τὸ
682 5789 883 5859 θέαμα,
931 5783 1213 5856 δεδεμένον
1254 5784 1382 5839 ίδεῖν
1416 5783 1627 5840 Παῦλον
1656 5785 1749 5840 καὶ
1781 5782 1974 5850 ἐξαγό-

2093 2153 2252 2221 μενον
2277 2137 2386 2221 άπὸ
2413 2140 2507 2194 τοῦ
2536 2141 2930 2216 δεσμωτηρίου.
2960 2148 3255 2221 Δεδεμένον
3282 2153 3413 2208 ἰδεῖν
3446 2157 3542 2211 καὶ
3570 2159 3661 2213 ἔν-

2089 2217 2177 2306 δον
2199 2220 2529 2306 καθήμενον,
2556 2225 2716 2290 ποίας
2745 2227 2937 2300 ἡδονῆς
2965 2217 3124 2285 τοῦτο
3149 2233 3211 2286 06
3251 2235 3435 2305 μεῖζον
3459 2256 3476 2306 ;
3511 2240 3662 2305 τίνος

2089 2300 2189 2354 οὐκ
2216 2300 2282 2356 ἂν
2308 2306 2603 2376 τιμήσαιμι
2632 2310 2694 2363 τὸ
2727 2312 2959 2382 πρᾶγμα
2984 2330 2999 2379 ;

2160 2384 2272 2454 Ούχ
2298 2387 2459 2456 ὁρᾶτε
2484 2392 2609 2453 τοὺς
2635 2390 2910 2460 βασιλέας,
2956 2395 3083 2459 τοὺς
3119 2398 3358 2463 ὑπάτους
3408 2402 3503 2455 ἐπὶ
3533 2404 3659 2468 ζεύ-

2089 2479 2218 2550 γους
2253 2469 2584 2540 φερομένους
2618 2474 2712 2526 καὶ
2741 2478 3233 2548 χρυσοφοροῦντας,
3281 2483 3377 2534 καὶ
3416 2486 3545 2550 τοῦς
3571 2487 3661 2540 50-

2093 2544 2458 2639 ρὺφοροῦντας
2487 2556 2663 2639 πάντα
2695 2544 2915 2626 ἔχοντας
2949 2544 3125 2630 χρυσᾶ
3146 2604 3160 2625 ,
3194 2566 3374 2635 χρυσᾶ
3395 2567 3463 2619 τά
3494 2544 3658 2639 δορα-

2088 2648 2176 2689 τα,
2206 2636 2411 2703 χρυσᾶς
2445 2636 2543 2700 τὰς
2574 2639 2822 2705 ἀσπίδας,
2871 2647 3048 2714 χρυσᾶ
3078 2646 3146 2698 τά
3197 2648 3410 2716 ἱμάτια,
3461 2636 3660 2715 ἵππους

2088 2717 2500 2806 χρυσοφόρους;
2544 2721 2715 2806 Πόσον
2754 2725 2854 2793 τῆς
2896 2725 3023 2791 θέας
3066 2728 3282 2800 ἐκείνης
3311 2732 3470 2785 τοῦτο
3529 2752 3657 2806 τερ-

2088 2797 2385 2868 πνότερον;
2426 2800 2615 2868 ’Ἂπαξ
2635 2802 2701 2857 ἂν
2742 2806 2995 2878 ηὐξάμην
3047 2797 3258 2865 Παῦλον
3300 2812 3425 2866 ίδεῖν
3452 2816 3519 2868 ἐκ
3564 2797 3659 2870 τοῦ

2087 2879 2461 2969 δεσμωτηρίου
2497 2886 2636 2954 μετά
2666 2887 2775 2940 τῶν
2803 2889 3094 2957 δεσμωτῶν
3123 2894 3356 2960 ἐξιόντα,
3384 2897 3417 2967 ἦ
3457 2900 3656 2969 μυριά-

2089 2985 2176 3032 κις
2195 2968 2439 3055 ἐκείνους
2444 3054 2450 3055 7
2466 2972 2606 3055 μετά
2630 2974 2730 3042 τῆς
2755 2975 3081 3049 δορυφορίας
3103 2980 3324 3051 ἐκείνης
3351 2968 3652 3055 παραπεμ-

2088 3050 2375 3132 πομένους.
2406 3052 2613 3117 Πόσους
2642 3055 2819 3109 οἴεσθε
2862 3059 3128 3127 ἀγγέλους
3159 3050 3522 3132 προηγεῖσθαι
3554 3050 3650 3119 06-

2087 3131 2202 3196 τοῦ,
2229 3132 2317 3184 ὅτε
2342 3133 2582 3214 ἐξήγετο
2637 3136 2810 3202 οῦτω;
2867 3142 2977 3195 Καὶ
3003 3142 3085 3195 ὅτι
3112 3143 3174 3195 ού
3230 3144 3521 3214 ψεύδομαι,
3549 3149 3660 3203 ἀπό

2087 3228 2229 3277 τινος
2262 3213 2495 3280 παλαιᾶς
2516 3218 2757 3291 ἱστορίας
2779 3221 2840 3274 τὸ
2859 3224 3092 3295 πρᾶγμα
3125 3225 3255 3294 ὑμῖν
3314 3213 3529 3298 ποιήσω
3559 3247 3660 3297 φα-

2087 3301 2263 3369 νερόν.
2309 3300 2606 3367 Ἐλισσαῖος
2630 3306 2658 3357 ὁ
2690 3308 2994 3379 προφήτης,
3034 3311 3176 3380 τάχα
3217 3312 3274 3366 δέ
3300 3313 3413 3368 ίστε
3447 3314 3540 3369 τὸν
3566 3318 3659 3370 ἄν·

2087 3382 2209 3469 δρα,
2246 3382 2342 3469 τοῦ
2368 3383 2641 3469 Δβασιλέως
2700 3389 2898 3460 Συρίας
2946 3393 3474 3465 ἐκπεπολεμωμένου
3519 3399 3658 3469 1:96;

2086 3465 2176 3551 τὸν
2223 3464 2317 3518 τοῦ
2366 3466 2583 3551 ξίσραὴλ
2617 3469 2876 3539 βασιλέα,
2934 3474 3243 3545 καθήμενος
3295 3464 3424 3549 παρ’
3457 3464 3656 3551 ἐαυτῷ,

2088 3546 2324 3611 ἅπαντα,
2361 3548 2505 3621 ἅπερ
2545 3554 2753 3615 ἐκεῖνος
2801 3556 2860 3605 ἐν
2916 3559 3027 3619 τοῖς
3059 3558 3305 3627 ταμείοις
3357 3546 3498 3629 μετά
3547 3546 3658 3615 τῶν

2087 3630 2485 3687 κοινωνούντων
2524 3633 2671 3704 αὐτῷ
2697 3635 2797 3705 τῆς
2837 3636 3061 3708 γνώμης
3090 3639 3426 3707 ἐϐουλεύετο,
3448 3646 3530 3707 είς
3562 3644 3657 3714 μέ-

2089 3712 2451 3794 σονέξέφερε,
2489 3717 2583 3768 καὶ
2622 3716 2858 3787 ἀκύρους
2887 3721 3058 3774 ἐποίει
3102 3721 3197 3775 τοῦ
3229 3722 3498 3792 βασιλέως
3557 3712 3657 3794 τὰς

2088 3792 2304 3876 βουλὰς,
2336 3797 2405 3850 τά
2432 3797 2718 3869 ἀπόρρητα
2752 3801 3051 3871 προλέγων,
3083 3804 3179 3857 καὶ
3210 3806 3309 3859 οὐκ
3358 3809 3543 3876 ἀφιεὶς
3576 3792 3655 3876 είς

2085 3875 2183 3938 τὰς
2209 3877 2463 3944 παγίδας,
2502 3877 2568 3942 ἃς
2612 3882 2818 3944 ἐκεῖνος
2856 3883 3042 3949 ἐτίθει,
3097 3887 3377 3955 ἐμπεσεῖν.
3414 3875 3656 3949 νἘλύπει

2084 3958 2241 4049 τοῦτο
2271 3959 2360 4049 τδν
2393 3959 2638 4049 βασιλέα,
2671 3964 2766 4016 καὶ
2812 3965 3070 4049 ἀθυμῶν,
3124 3972 3182 4022 ἐν
3220 3971 3428 4042 ἀπορίᾳ
3482 3975 3653 4049 πολλῇ

2086 4042 2456 4123 καθειστήκει,
2484 4043 2583 4096 οὐκ
2609 4045 2747 4116 έχων
2775 4047 2963 4117 μαθεῖν
2991 4049 3073 4103 τὸν
3103 4051 3407 4123 ἐκφέροντα
3436 4042 3657 4116 ἄπαντα

2086 4124 2178 4176 καὶ
2209 4122 2648 4190 ἐπιϐουλεύοντα,
2688 4128 2781 4180 καὶ
2810 4128 2908 4192 τὰς
2941 4131 3192 4202 μηχανάς
3221 4122 3535 4205 άκυροῦντα
3557 4143 3657 4205 τάς

2084 4207 2294 4295 τούτου.
2339 4208 2656 4295 ’ῥποροῦντι
2694 4211 2871 4265 τοίνυν
2900 4214 3050 4284 αὐτῷ
3082 4215 3177 4269 καὶ
3213 4217 3313 4289 τὴν
3345 4221 3530 4276 αἰτίαν
3559 4223 3655 4295 ζη-

2084 4289 2264 4346 τοῦντι
2320 4286 2443 4343 εἶπέ
2466 4308 2551 4353 τις
2595 4292 2703 4346 τῶν
2731 4295 3109 4364 ὑπασπιστῶν,
3141 4300 3224 4353 ὅτι
3253 4286 3317 4372 δὴ
3368 4286 3660 4375 προφήτης

2083 4376 2169 4445 εἴη
2190 4390 2275 4436 τις
2314 4374 2613 4437 Ἐλισσαῖος
2641 4377 2699 4427 ὲν
2736 4376 3019 4450 Σαμαρείᾳ
3068 4382 3395 4452 καθήμενος,
3424 4387 3528 4440 οὐκ
3552 4374 3657 4443 ἐῶν

2082 4456 2299 4508 ἑστάναι
2333 4456 2434 4526 τὴν
2453 4457 2546 4509 τοῦ
2578 4456 2841 4525 βασιλέως
2868 4460 3113 4532 γνώμην,
3143 4464 3279 4518 ἀλλά
3330 4468 3513 4522 πάντα
3562 4471 3657 4525 ἐκ-

2085 4537 2285 4608 φέρων.
2325 4538 2560 4604 Ἐκεῖνος
2614 4541 2862 4611 ἐνόμισεν
2911 4544 3284 4615 εὖρηκέναιτδ
3316 4552 3444 4605 πᾶν.
3487 4554 3656 4608 Οὐδὲν

2081 4618 2137 4706 δέ
2161 4620 2288 4706 ἄρα,
2313 4619 2476 4706 αὑτοῦ
2517 4620 2864 4695 ἀθλιώτερον.
2899 4625 3043 4697 Ὅρα
3078 4631 3207 4700 γάρ·
3261 4631 3379 4685 δέον
3424 4636 3655 4706 τιμῆσαι

2081 4704 2171 4790 τὸν
2204 4704 2392 4790 ἄνδρα,
2428 4703 2725 4774 θαυμάσαι,
2787 4709 3152 4781 ἐκπλαγῆναι,
3197 4715 3247 4767 εί
3283 4714 3353 4787 ἦ
3378 4703 3654 4790 τοσαύτην

2082 4787 2192 4859 ἔχει
2228 4787 2326 4873 τὴν
2365 4790 2537 4873 ἰσχύν,
2570 4790 2645 4854 ὡς
2668 4791 2787 4873 ,ἀπὸ
2809 4792 3079 4849 τοσούτων
3115 4796 3349 4851 σταδίων
3404 4787 3654 4873 καθήμε-

2080 4885 2190 4933 νον,
2218 4871 2393 4923 πάντα
2420 4871 2488 4923 τὰ
2518 4872 2577 4924 ἐν
2620 4871 2698 4942 τῷ
2726 4874 2938 4945 ταμείῳ
2968 4875 3062 4929 τοῦ
3121 4875 3408 4946 βασιλέως,
3436 4871 3654 4947 οὐδενὸς

2078 4952 2528 5036 ἀπαγγέλλοντος,
2556 4955 2773 5009 εἰδέναισ
2798 4957 2956 5010 τοῦτο
2984 4959 3081 5027 μὲν
3106 4960 3207 5013 οὐκ
3236 4960 3487 5033 ἐποίησε,
3517 4981 3655 5036 παρο

2078 5033 2318 5100 οξυνθεὶς
2341 5035 2419 5098 δὲ,
2446 5036 2541 5089 καὶ
2569 5039 2668 5107 τῆς
2690 5037 2859 5110 ὀργῆς
2897 5040 3187 5110 γενόμενος
3222 5042 3412 5112 μόνης,
3446 5033 3654 5112 ίππέας

2079 5117 2174 5170 καὶ
2192 5117 2412 5198 ὁπλίτας
2442 5118 2730 5186 συντάξας,
2759 5121 2970 5192 πέμπει
3000 5125 3367 5193 παραστήσων
3395 5126 3488 5179 τὸν
3522 5144 3653 5198 προ-

2079 5201 2277 5272 φήτην.
2295 5196 2405 5256 τΗν
2424 5202 2480 5256 δὲ
2514 5201 2592 5271 τῷ
2622 5201 2914 5275 Ἐλισσαίῳ
2941 5205 3191 5277 μαθητὴς
3215 5208 3273 5259 ἐν
3293 5196 3653 5276 προπυλαίοις

2079 5283 2160 5337 ἐτι
2208 5286 2309 5355 τῆς
2361 5284 2728 5354 προφητείας,
2785 5286 2894 5339 τῶν
2942 5288 3200 5341 τοιούτων
3249 5289 3652 5361 ἀποκαλύψεων

2080 5366 2246 5437 μήπω
2261 5366 2576 5435 κρινόμενος
2593 5363 2895 5432 ἀξιοῦσθαι.
2928 5369 3271 5438 Ἐπέστησαν
3296 5371 3347 5427 οί
3377 5376 3652 5442 στρατιῶν

2076 5463 2167 5500 ται
2195 5446 2290 5500 τοῦ
2348 5446 2641 5516 βασιλέως,
2691 5449 2768 5513 ὡς
2816 5451 3071 5522 δήσοντες
3101 5453 3194 5505 τὸν
3222 5453 3413 5522 ἄνδρα,
3448 5456 3652 5525 μᾶλλον

2075 5531 2132 5584 δὲ
2152 5530 2242 5582 τὸν
2271 5534 2574 5601 προφήτην.
2600 5532 2770 5587 Πάλιν
2791 5535 2871 5597 είς
2899 5535 3133 5605 δεσμοὺς
3155 5536 3531 5606 ἐμπίπτομεν,
3556 5549 3650 5599 καὶ

2074 5613 2127 5665 τί
2161 5611 2355 5680 πάθω;
2396 5614 2659 5687 πάντοθεν
2692 5611 2845 5680 οὗτος
2869 5616 2898 5667 ὁ
2929 5616 3083 5685 λόγος
3117 5616 3292 5681 οὕτως
3340 5618 3646 5687 ὑφαίνεται.

2076 5698 2187 5751 Καὶ
2243 5696 2364 5749 ίδὼν
2392 5699 2420 5748 ὁ
2456 5696 2702 5767 μαθητὴς
2732 5698 2839 5751 τῶν
2896 5698 3241 5768 στρατιωτῶν
3301 5699 3364 5751 τὸ
3418 5701 3647 5773 πλῆθος,

2076 5781 2289 5850 ἐξέστη,
2321 5781 2415 5836 καὶ
2441 5781 2699 5852 περιδεὴς
2733 5782 2826 5835 καὶ
2852 5781 3110 5852 ἔντρομος
3145 5781 3517 5853 προσδραμὼν
3569 5785 3649 5861 τῷ
