3932 6220
224 359 292 415 69
379 351 385 356 ’
1104 357 1168 413 iN
1199 357 1409 414 EPIST.
1455 359 1543 412 AD
1583 360 1822 420 lif’llES.
1863 363 2016 420 CAP.
2058 363 2146 420 IV.
2189 362 2422 420 HOHIL.
2468 362 2555 417 IX.
3411 378 3478 433 70

224 472 361 523 enim
390 481 482 520 eos
509 467 597 536 qui
629 465 757 522 forts
785 479 939 524 erant
968 469 1043 522 sic
1062 469 1264 533 exedit,
1286 471 1556 538 quomodo
1585 486 1679 523 eos
1703 472 1793 538 qui

225 570 370 612 erant
406 558 547 610 intus
575 559 834 613 reddebat
874 561 1072 614 ithesos
1096 570 1150 613 et
1182 560 1500 628 impatibiles
1529 562 1551 613 ?
1591 561 1655 614 Ut
1687 579 1795 615 tua-

227 651 414 704 nifesta
450 650 600 705 licrct
628 652 716 706 Dei
745 653 999 720 polentia.
1024 650 1194 706 Nemo
1215 663 1390 707 autem
1412 656 1634 708 iniretur
1654 653 1795 722 quod

226 757 403 808 regem
438 741 488 792 in
520 740 706 795 eodem
731 742 920 796 ordine
945 745 1211 810 posuerim
1242 758 1349 812 quo
1371 744 1646 797 custodem
1674 759 1794 796 tatr-

224 832 363 883 eeris
397 848 410 883 :
454 831 683 898 idipsutu
730 833 872 885 enim
905 832 1050 886 fecit.
1089 833 1186 886 llic
1222 835 1365 887 enim
1402 834 1493 887 illo
1519 834 1649 887 nihil
1677 843 1798 888 erat

226 920 566 987 pra-clarior:
599 921 863 975 ambobus
899 923 1040 975 enim
1074 924 1287 990 profuit.
1333 925 1438 978 Sed
1471 924 1606 978 sicut
1643 924 1752 978 dixi
1776 965 1792 988 ,

220 1009 341 1076 justi
371 1010 494 1063 dum
516 1011 567 1063 iu
599 1014 853 1066 tet-innuis
883 1027 1180 1080 versantur,
1215 1025 1338 1069 ttntc
1361 1028 1478 1070 sunt
1505 1017 1796 1071 Vehemen-

225 1101 383 1154 tiores
407 1143 422 1165 ,
455 1103 666 1170 quando
695 1114 822 1157 sunt
861 1105 914 1158 in
961 1107 1204 1161 vinculis.
1239 1107 1367 1161 Nam
1398 1122 1616 1178 propter
1645 1111 1796 1164 Chri-

223 1202 359 1244 stum
387 1195 583 1262 aliquid
615 1210 738 1249 esse
767 1212 981 1265 passmn
1013 1237 1028 1262 ,
1057 1210 1138 1252 est
1165 1201 1356 1268 quovis
1386 1202 1579 1257 solatio
1605 1203 1797 1270 jucun-

221 1283 356 1338 dius.
401 1283 575 1339 Vultis
605 1288 768 1340 alium
801 1302 1010 1358 quoque
1039 1306 1310 1345 carcerem
1355 1293 1505 1346 vobis
1550 1307 1794 1348 revocent

222 1371 271 1423 in
317 1375 678 1428 memoriam?
720 1376 802 1429 Ab
850 1376 948 1430 hac
992 1390 1177 1432 catena
1225 1381 1276 1434 in
1319 1382 1482 1436 alium
1523 1398 1796 1437 carcerem

220 1465 543 1520 veniendum
592 1476 693 1522 est.
745 1469 1038 1533 Quemnam
1083 1471 1290 1524 vultis?
1329 1471 1691 1540 Jercmiaeno,
1729 1491 1796 1527 an

215 1553 440 1622 Josephi
468 1597 483 1622 ,
515 1572 580 1609 an
629 1557 848 1612 Joannis
877 1561 900 1612 ?
939 1561 1085 1614 Pauli
1133 1572 1337 1617 cateiae
1384 1566 1555 1633 gratia
1587 1582 1602 1618 :
1634 1581 1796 1631 quam

220 1646 423 1700 multos
466 1650 692 1702 orationi
743 1662 940 1705 nostra:
981 1655 1191 1722 aperuit
1238 1657 1521 1709 carceres!
1559 1656 1797 1710 Voltisne

213 1736 486 1792 Joannis?
533 1739 752 1795 Vinctus
786 1743 880 1796 fuit
918 1744 1002 1796 hic
1041 1755 1254 1814 quoque
1282 1756 1497 1814 prOpter
1527 1747 1795 1800 Christum

215 1835 268 1882 ct
315 1828 486 1897 legem
525 1830 638 1883 Dei.
681 1831 818 1899 Quid
854 1849 983 1903 ergo
1007 1875 1023 1898 ,
1057 1835 1223 1890 fuitne
1267 1837 1470 1890 otiosus
1497 1846 1618 1891 cunt
1648 1849 1796 1892 esset

213 1919 267 1972 in
309 1921 573 1974 carcere?
601 1937 780 1977 annon
829 1926 954 1979 inde
992 1942 1056 1980 es
1102 1943 1321 1982 eat-cere
1365 1930 1542 1982 missis
1579 1930 1795 1983 dicebat

213 2011 488 2081 discipulis
507 2013 621 2067 suis
644 2055 659 2079 ,
696 2016 896 2070 Euntcs
920 2018 1084 2072 dicite
1110 2019 1322 2073 Christo
1343 2039 1354 2071 :
1376 2019 1454 2072 'I'tt
1480 2038 1530 2072 es
1556 2022 1641 2090 qui
1671 2035 1784 2074 ven-

1904 481 2045 525 turus
2073 489 2226 539 es,an
2245 476 2402 527 alium
2423 485 2766 544 exspectamus
2787 476 3002 548 (Matth.
3030 481 3113 534 ll.
3143 483 3202 552 5)
3225 484 3330 540 ἳῐζι
3354 503 3476 540 cum

1906 563 2011 617 illic
2039 575 2182 617 esset
2216 603 2231 627 ,
2263 565 2490 620 docebat
2523 585 2537 620 :
2570 585 2671 620 non
2713 583 2854 622 enim
2881 582 2997 625 erat
3024 574 3321 642 negligens.
3367 578 3474 630 Sed

1903 651 2160 708 Jcrentias
2188 673 2363 712 annon
2395 660 2638 727 praedixit
2664 661 2730 715 de
2755 663 3072 734 Babylonio,
3105 680 3222 734 quae
3251 669 3330 721 sui
3352 669 3480 722 ofli»

1902 749 1970 801 cii
1993 759 2146 802 erant
2162 751 2342 803 omnia
2364 753 2524 806 etiam
2559 754 2665 808 illic
2686 754 2887 810 faciens
2909 759 2931 810 ?
2957 759 3092 822 Quid
3116 775 3242 813 vero
3259 760 3483 830 Joscph?

1903 855 2079 894 annoa
2111 843 2320 896 vinctus
2349 855 2462 897 erat
2495 860 2590 912 per
2618 848 2870 900 tredecim
2904 853 3116 904 annos?
3143 855 3386 906 Attamen
3417 870 3484 906 no

1903 929 2012 984 illic
2041 933 2255 998 quidem
2305 935 2508 989 oblitus
2552 946 2635 990 est
2676 939 2908 992 virtutis.
2959 941 3092 996 Cum
3125 945 3298 997 adhuc
3325 946 3482 998 unius

1905 1022 2109 1075 vincula
2141 1023 2436 1078 dixerimus
2460 1066 2475 1091 ,
2507 1027 2665 1080 linem
2697 1029 3034 1098 imponemus
3061 1036 3312 1090 orationi.
3350 1036 3480 1090 Viu-

1903 1125 2021 1167 ctus
2060 1131 2272 1184 quoque
2301 1117 2396 1170 fuit
2431 1118 2687 1174 Dominus
2723 1133 2906 1175 nustcr
2933 1165 2946 1184 ,
2981 1125 3071 1191 qui
3104 1127 3288 1180 urbem
3328 1139 3483 1181 terra:

1902 1204 2060 1258 solvit
2089 1222 2116 1256 a
2149 1208 2380 1274 peccatis
2411 1223 2425 1260 :
2458 1214 2649 1263 vincta:
2682 1224 2800 1265 sunt
2837 1231 3058 1278 uulnus,
3092 1234 3209 1286 quae
3239 1219 3377 1274 bona
3409 1223 3485 1275 fe-

1901 1307 2087 1349 cerunt
2127 1300 2529 1354 innumerabilia
2559 1320 2571 1354 :
2615 1301 2845 1356 l'inctum
2892 1307 3034 1360 etii-tn
3064 1347 3080 1372 ,
3113 1308 3283 1376 inquit
3314 1352 3328 1375 ,
3371 1330 3485 1364 eum

1903 1385 2154 1440 duxerunt
2196 1388 2264 1440 ad
2310 1387 2556 1459 Caipham
2588 1391 2608 1464 (
2639 1390 2721 1444 ld.
2759 1394 2848 1447 9.6.
2881 1395 2948 1449 57
3057 1396 3118 1450 Et
3149 1400 3355 1452 vinctus
3386 1402 3484 1455 fuit

1903 1477 1989 1544 qui
2041 1487 2145 1529 tam
2204 1479 2368 1530 multa
2422 1481 2620 1534 fecerat
2671 1483 2949 1538 miracula.
3009 1487 3135 1541 lla-c
3183 1491 3482 1559 cogitantes

1905 1581 2189 1636 numquam
2211 1584 2351 1637 aegre
2382 1569 2634 1637 teramus,
2657 1575 2748 1626 sed
2778 1576 2984 1629 etiamsi
3011 1577 3264 1634 fuerimus
3295 1581 3480 1649 vincti,

1903 1659 2257 1726 gaudeamus:
2283 1661 2382 1714 etsi
2412 1677 2517 1715 non
2545 1677 2730 1717 sumus
2764 1666 2816 1719 in
2848 1668 3092 1732 vinculis,
3121 1673 3290 1726 simus
3337 1683 3476 1728 tant-

1904 1765 2060 1815 quam
2105 1751 2361 1820 colligati.
2391 1751 2551 1807 Vides
2581 1767 2836 1822 quantum
2869 1757 3066 1813 bonum
3097 1763 3167 1816 sit
3192 1763 3480 1818 vinculum.

1906 1837 2026 1892 ilzec
2049 1841 2227 1892 omnia
2268 1856 2388 1895 cum
2417 1843 2684 1909 sciamus,
2717 1847 2826 1901 Deo
2861 1851 3058 1917 gratias
3096 1866 3196 1920 pro
3236 1855 3483 1910 omnibus

1903 1933 2228 1998 omittamus,
2255 1933 2305 1986 in
2337 1933 2552 1989 Christo
2576 1936 2702 1991 Jesu
2739 1939 2960 1994 Ilumino
2988 1955 3196 1997 nostro.

217 2107 3480 2146 W-

1622 2159 1962 2222 HOMILIA
2010 2151 2123 2216 IX.

207 2256 344 2312 CAP.
388 2255 444 2310 4.
479 2271 532 2307 v.
570 2256 620 2310 Ι.
655 2255 872 2312 Obsecro
915 2260 1081 2328 itaque
1126 2278 1208 2314 vos
1249 2279 1336 2332 ego
1383 2264 1574 2316 vinctus
1621 2265 1670 2317 in
1702 2264 1803 2317 Do-

277 2345 452 2408 mino,
485 2353 539 2396 ut
567 2345 719 2414 digne
744 2347 1008 2401 ambulctis
1036 2353 1300 2405 vocatione
1327 2369 1426 2420 qua
1453 2355 1614 2406 vocati
1640 2355 1756 2406 estis
1786 2393 1802 2421 ,

273 2435 333 2488 2.
374 2452 488 2488 cum
510 2438 648 2488 omni
677 2437 961 2492 humilitate
981 2451 1026 2493 et
1042 2444 1440 2504 mansuetudine,
1469 2460 1580 2495 cum
1603 2446 1800 2513 patien-

277 2526 381 2586 tia,
410 2536 769 2594 supportantes
799 2528 1010 2582 invicem
1035 2532 1086 2583 in
1113 2532 1322 2585 caritate
1339 2573 1355 2597 ,
1387 2528 1438 2588 5.
1464 2533 1665 2586 solliciti
1689 2550 1799 2587 ser--

276 2626 405 2669 vare”
431 2617 677 2669 unitatem
705 2619 914 2686 spiritus
941 2622 992 2672 in
1023 2621 1226 2675 uinculo
1249 2624 1403 2691 pacis.

279 2707 336 2760 1.
381 2706 602 2760 Ostensa
633 2717 714 2762 est
740 2719 941 2764 cateiae
970 2712 1114 2766 Pauli
1147 2731 1332 2783 untgna
1353 2718 1516 2772 virtus
1535 2759 1550 2783 ,
1574 2727 1627 2773 et
1651 2734 1792 2788 pran-

211 2799 412 2852 clarior
437 2801 622 2869 signis.
642 2800 753 2854 Non
773 2810 974 2858 temere
995 2821 1122 2876 ergo
1137 2820 1236 2861 nec
1257 2807 1471 2873 frustra,
1492 2811 1790 2874 utvidetur,

207 2903 328 2943 eam
373 2890 616 2959 profert,
649 2891 743 2946 sed
774 2901 1040 2963 tamquam
1071 2912 1164 2965 per
1190 2899 1358 2965 ipsam
1384 2899 1590 2970 pudore
1622 2901 1793 2956 suffu-

208 2997 396 3037 snrns.
430 2983 497 3036 Et
524 2983 651 3053 quid
681 2984 798 3039 ait?
827 2986 1046 3040 Obsecro
1085 2990 1253 3057 itaque
1293 3007 1376 3044 vos
1401 3008 1491 3062 ego
1523 2994 1718 3046 vinctus
1739 2995 1794 3046 in

209 3072 440 3127 Domino
459 3116 475 3138 ,
506 3084 557 3128 ut
583 3075 733 3146 digne
762 3078 1024 3132 ambuletis
1046 3082 1302 3134 vocatione
1327 3099 1425 3150 qua
1454 3086 1614 3138 vocati
1652 3087 1790 3140 estis.

209 3165 501 3230 Quomodo
525 3165 547 3218 ?
578 3165 703 3218 Cum
731 3169 864 3220 omni
899 3168 1183 3223 humilitate
1211 3213 1226 3236 ,
1271 3188 1385 3224 cum
1413 3178 1796 3230 mansuetudine

206 3264 252 3306 et
287 3253 544 3324 patientia
562 3295 580 3320 ,
612 3255 740 3309 alter
767 3258 982 3310 alterum
1010 3261 1310 3315 sustinentes
1338 3263 1389 3315 in
1417 3267 1646 3320 caritate.
1677 3266 1794 3321 Non

207 3345 537 3415 simpliciter
589 3346 824 3400 vinctum
878 3364 996 3402 esse
1038 3350 1234 3406 bonum
1274 3363 1356 3407 est
1385 3395 1400 3420 ,
1435 3356 1528 3410 sed
1579 3370 1796 3427 propter

205 3434 491 3488 Chrisunn
525 3451 648 3489 esse
681 3439 942 3491 vinctum.
970 3439 1261 3508 Proiiterea
1293 3443 1423 3498 dicit
1449 3487 1464 3510 ,
1505 3445 1712 3501 Vinctus
1741 3451 1795 3502 in

209 3525 461 3588 Domino,
495 3527 545 3579 id
569 3536 672 3594 est,
698 3537 915 3595 propter
938 3529 1228 3586 Christum.
1250 3533 1389 3588 Nihil
1415 3535 1488 3589 illi
1519 3536 1595 3590 rei
1625 3548 1798 3604 potest

201 3618 558 3686 atquiparari.
610 3617 714 3671 Sed
753 3627 944 3673 catena
975 3637 1072 3676 nos
1097 3624 1266 3693 magis
1292 3625 1553 3680 abstrahit
1583 3638 1636 3682 et
1661 3630 1797 3684 avel-

204 3707 269 3760 lit
299 3724 333 3761 a
367 3709 682 3776 pr0positis,
717 3717 772 3763 et
798 3725 904 3764 non
927 3713 1252 3768 sustinenms
1274 3717 1526 3770 resistere
1547 3757 1562 3782 ,
1593 3717 1686 3771 sed
1719 3719 1799 3771 in-

201 3796 300 3850 viti
349 3798 662 3860 trahimur;
695 3800 800 3854 into
825 3800 1064 3855 volentes
1092 3807 1145 3856 et
1169 3813 1439 3873 optantes.
1487 3806 1555 3860 Et
1593 3809 1794 3863 utinam

197 3897 437 3956 semper
468 3888 596 3940 mihi
621 3889 799 3944 liceret
824 3891 963 3961 loqui
987 3892 1052 3946 de
1073 3902 1260 3948 catena
1284 3894 1456 3949 Pauli.
1480 3896 1585 3951 Sed
1615 3914 1680 3952 ne
1710 3900 1800 3953 ob-

199 3981 542 4047 torpescatis
572 3997 585 4032 :
619 3981 736 4034 volo
761 3980 930 4036 adhuc
958 3984 1308 4052 quaestionem
1339 3995 1570 4042 tractare
1591 4029 1606 4053 ,
1639 4005 1796 4059 quant

197 4070 370 4123 inulti
406 4068 674 4124 eﬂ‘crunt:
704 4071 808 4126 Sed
838 4073 881 4126 si
909 4075 1061 4128 bona:
1088 4085 1213 4129 sunt
1238 4093 1492 4132 aerumna:
1519 4121 1532 4143 ,
1566 4095 1662 4133 cur
1685 4083 1797 4150 ipse

197 4173 259 4212 se
303 4160 614 4214 defendens
651 4163 787 4230 apud
843 4166 1130 4235 Agrippam
1177 4167 1431 4235 dicebat,
1476 4171 1608 4239 Opto
1657 4175 1798 4240 apud

195 4248 381 4302 Deum
413 4261 458 4305 et
487 4253 538 4304 in
573 4255 769 4308 modico
806 4266 854 4307 et
897 4257 948 4308 in
978 4274 1160 4327 magno
1195 4300 1209 4322 ,
1239 4277 1339 4313 non
1375 4272 1571 4315 tantum
1597 4274 1644 4317 te
1663 4306 1678 4328 ,
1709 4266 1798 4318 sed

197 4340 359 4392 etiam
389 4357 586 4406 onmes,
607 4344 691 4411 qui
717 4360 795 4397 me
820 4347 1033 4398 audiunt
1059 4349 1226 4414 hodie,
1252 4350 1360 4416 ﬁeri
1383 4354 1530 4418 tales,
1561 4356 1725 4424 qualis
1750 4366 1797 4409 et

194 4446 290 4499 ego
325 4447 470 4497 sum,
487 4436 708 4501 exceptis
734 4437 948 4490 vinculis
974 4439 1052 4491 his
1083 4441 1100 4507 (
1129 4441 1240 4492 Act.
1266 4442 1352 4494 26.
1388 4443 1457 4497 29
1481 4447 1525 4515 )?
1545 4446 1658 4500 Non
1683 4447 1796 4503 hanc

195 4519 432 4575 dicebat.
459 4535 726 4593 tamquam
758 4528 1074 4582 existimans
1107 4547 1220 4583 rent
1255 4549 1374 4587 esse
1405 4535 1794 4603 deprecandam

193 4620 249 4662 et
279 4614 717 4679 exsccraudam;
751 4617 890 4671 absit
919 4633 937 4675 ;
969 4633 1070 4672 ItOtt
1095 4624 1235 4674 enim
1267 4664 1278 4684 ,
1310 4623 1352 4676 si
1385 4641 1469 4678 res
1499 4638 1642 4680 esset
1663 4630 1796 4683 abo-

196 4702 472 4755 minanda
499 4746 514 4770 ,
546 4707 868 4772 gloriaretur
893 4709 960 4763 de
988 4712 1213 4767 vinculis
1232 4754 1247 4780 ,
1277 4715 1343 4770 de
1367 4720 1670 4775 carceribus
1693 4763 1706 4786 ,
1731 4723 1796 4776 de

197 4793 331 4845 aliis
377 4793 771 4852 afflictionibus
796 4817 808 4852 :
835 4816 935 4854 nec
970 4804 1214 4860 scribens
1257 4807 1479 4863 dixisset
1506 4851 1521 4875 ,
1553 4810 1798 4868 Lubenter

193 4887 477 4951 gloriabor
503 4889 554 4940 in
584 4889 966 4956 inﬁrmitatibus
1000 4897 1120 4949 meis
1155 4896 1174 4969 (
1201 4899 1254 4950 2.
1292 4899 1410 4954 Cor.
1438 4902 1522 4956 12.
1556 4905 1670 4976 9);
1703 4909 1796 4962 scd

192 4978 326 5042 quid
347 4978 380 5030 Y
410 4978 523 5032 Hoc
549 4980 721 5050 ipsum
755 4993 872 5037 erat
897 4986 1147 5041 indicium
1177 5031 1192 5054 ,
1221 4995 1360 5060 quad
1393 4998 1565 5066 magni
1600 4997 1799 5055 faceret

193 5069 450 5122 vincula.
473 5069 622 5124 Sicut
648 5075 792 5128 enim
819 5074 1034 5133 dicebat
1064 5083 1308 5136 Scriberis
1346 5087 1412 5138 ad
1445 5079 1752 5146 Cerinthios
1779 5113 1793 5148 :

190 5154 301 5210 Lac
323 5160 477 5213 vobis
507 5171 681 5229 potum
709 5165 846 5230 dedi,
878 5184 979 5222 non
1007 5187 1174 5224 escam
1196 5187 1216 5236 ;
1243 5175 1465 5228 nondum
1493 5181 1624 5232 enim
1653 5194 1798 5252 pote-

193 5251 322 5301 ratis
357 5252 446 5320 (Ι.
471 5251 590 5306 Cor.
625 5255 677 5309 5.
709 5255 767 5326 2)
803 5273 816 5310 :
848 5258 920 5313 ita
952 5261 1038 5316 hic
1063 5279 1277 5334 quoque
1303 5283 1406 5320 non
1432 5280 1794 5337 poterantau-

192 5337 314 5394 dire
348 5341 817 5408 pulchritudinem
849 5363 946 5405 nec
971 5351 1223 5409 decorem
1255 5373 1351 5410 nec
1380 5360 1659 5416 utilitatem
1684 5367 1800 5420 vin-

193 5431 483 5485 culorum.
513 5434 802 5506 Propterc‘a
826 5440 971 5508 dicit,
1005 5436 1243 5514 Exceptis
1273 5449 1348 5502 his
1375 5451 1585 5505 vinculis
1613 5454 1797 5527 (Hebr.

199 5522 282 5576 l3.
311 5523 402 5593 ὅ).
457 5525 616 5594 Apud
648 5527 906 5586 Hebraeos
935 5537 1110 5590 autem
1143 5554 1250 5593 non
1283 5541 1352 5595 ita
1375 5583 1388 5604 ,
1419 5543 1514 5597 sed
1542 5522 1802 5602 suadebat

200 5622 254 5665 ut
280 5615 460 5669 simul
505 5617 835 5674 vincirentur
862 5639 981 5678 cum
1026 5627 1236 5683 vinetis.
1280 5630 1565 5701 Propterea
1606 5645 1657 5690 et
1687 5640 1801 5708 ipse

203 5701 498 5764 hetabatur
529 5715 754 5778 propter
781 5712 990 5769 vincula
1023 5757 1038 5779 ,
1087 5727 1142 5772 et
1180 5721 1509 5778 vinciebatnr
1535 5767 1550 5790 ,
1594 5738 1646 5782 ct
1675 5701 1796 5785 cum

203 5794 394 5856 vinctis
439 5800 816 5856 abducebatur
843 5805 894 5859 in
934 5811 1248 5870 custodiam.
1285 5815 1465 5885 Magna
1490 5830 1571 5874 est
1602 5823 1680 5878 vis
1701 5839 1792 5878 ca-

529 5917 811 5981 PATROL.
857 5895 972 5984 (in.
1022 5929 1208 5990 LXII.

1911 2287 2045 2333 lena:
2089 2278 2233 2333 Pauli
2264 2297 2278 2334 :
2309 2281 2509 2338 sufticit
2541 2300 2639 2354 pro
2665 2288 2914 2344 omnibus
2944 2290 3045 2348 hoc
3072 2299 3435 2364 spectaculum
3466 2345 3482 2369 ,

1907 2368 2128 2422 Paulum
2155 2370 2334 2425 videre
2357 2373 2612 2441 vinctum,
2642 2386 2697 2431 et
2718 2378 2964 2434 eductum
2987 2399 3268 2441 ecarccrc.
3299 2368 3486 2446 Videre

1906 2461 2134 2514 vinctum
2177 2469 2234 2516 et
2263 2462 2406 2518 intus
2435 2466 2709 2521 sedentem
2739 2510 2756 2534 ,
2785 2487 2886 2540 qua
2930 2474 3204 2544 voluptate
3247 2496 3352 2534 non
3398 2494 3482 2537 est

1905 2552 2018 2606 haec
2044 2551 2256 2620 major?
2283 2568 2388 2622 quo
2415 2558 2586 2624 pretio
2608 2573 2721 2612 rem
2747 2575 2852 2615 non
2883 2566 3255 2622 :cstimaverim
3287 2573 3309 2624 ?

1970 2641 2344 2712 lmperatorum
2378 2657 2425 2700 et
2460 2647 2735 2703 Consulum
2769 2656 2933 2708 cultus
2963 2673 3076 2710 cum
3105 2661 3321 2728 spiritali
3347 2666 3483 2718 culta

1902 2731 2063 2786 Pauli
2087 2751 2113 2787 e
2135 2751 2332 2789 carcere
2351 2741 2575 2793 exeuntis
2595 2755 2933 2811 comparatus.
2952 2776 3024 2786 —
3037 2748 3151 2803 Non
3176 2752 3363 2808 videtis
3384 2756 3484 2809 lut-

1908 2833 2182 2891 peratores
2209 2836 2264 2880 et
2286 2827 2542 2883 Consules
2568 2848 2726 2886 curru
2751 2846 3004 2906 gestatus,
3021 2849 3075 2894 ct
3094 2858 3224 2897 auro
3245 2858 3483 2914 ornatos,

1901 2925 1956 2970 et
1995 2918 2252 2973 satellites
2289 2923 2467 2975 munia
2499 2923 2755 2982 habentes
2781 2945 2942 2986 aurea
2963 2973 2977 2998 ,
3009 2950 3200 2992 aureas
3230 2939 3442 2997 lanceas
3467 2987 3482 3010 ,

1903 3022 2092 3066 aureos
2117 3011 2333 3082 clypeos
2355 3055 2369 3078 ,
2400 3031 2588 3069 aureas
2611 3029 2789 3076 vestes
2809 3063 2823 3086 ,
2853 3039 3020 3094 equos
3058 3031 3233 3087 aureis
3267 3046 3484 3092 ornatos

1902 3101 2205 3171 ephippiis?
2232 3103 2398 3172 Quam
2427 3117 2509 3162 est
2536 3109 2636 3164 hoc
2661 3117 3024 3181 spectaculum
3054 3121 3143 3176 illo
3164 3124 3485 3190 jucundius?

1903 3189 2112 3247 Mallem
2137 3196 2304 3249 semel
2328 3197 2506 3253 videre
2538 3201 2756 3258 Paulum
2778 3221 2808 3261 e
2829 3224 3043 3267 carcere
3065 3229 3343 3274 exeuntem
3361 3237 3481 3275 cum

1902 3283 2095 3338 vinctis
2119 3327 2134 3351 ,
2167 3303 2325 3356 quam
2363 3291 2554 3346 millies
2592 3295 2712 3350 illos
2737 3297 2992 3358 deductos
3017 3321 3136 3359 eum
3165 3311 3252 3363 illa
3280 3315 3480 3367 satelli-

1905 3380 2013 3426 tum
2043 3375 2353 3444 stipantium
2378 3393 2613 3438 caterva.
2639 3385 2807 3452 Quam
2837 3391 3033 3446 multos
3055 3398 3365 3454 existimatis
3386 3419 3483 3456 an-

1901 3466 2050 3534 gelos
2077 3483 2198 3522 eum
2224 3474 2583 3540 praecessisse,
2605 3480 2819 3544 quando
2844 3481 2921 3534 sic
2947 3484 3307 3543 cducebatur?
3330 3493 3482 3560 Quod

1903 3566 2078 3610 autent
2112 3574 2214 3612 non
2247 3563 2507 3628 mentiar,
2539 3580 2607 3620 ex
2635 3571 2799 3623 veteri
2829 3575 3054 3641 quadam
3089 3580 3305 3637 historia
3336 3589 3485 3642 vobis

1903 3738 2144 3807 quisnam
2193 3742 2260 3796 sit
2305 3745 2484 3813 scitis,
2526 3762 2644 3804 cum
2689 3767 2782 3807 rex
2825 3753 2994 3827 Syriae
3034 3759 3229 3817 bellum
3273 3782 3485 3836 gereret

1903 3829 2158 3886 adversus
2197 3849 2373 3904 regem
2415 3837 2576 3895 Israel
2601 3881 2617 3908 ,
2657 3843 2850 3902 sedens
2888 3852 3028 3918 apud
3069 3868 3127 3907 se
3161 3853 3215 3908 in
3247 3829 3482 3916 niediunt

1906 3920 2206 3988 proferebat
2246 3941 2594 4000 qumcumque
2639 3933 2728 3988 ille
2773 3937 2824 3990 itt
2872 3938 3073 3996 intimis
3121 3952 3483 4010 penetralibus

1902 4013 2236 4068 consultabat
2266 4032 2386 4070 cum
2427 4019 2490 4073 iis
2516 4037 2652 4090 quos
2680 4015 2964 4083 adhibebat
2993 4033 3058 4084 ad
3089 4039 3368 4093 consilium
3403 4046 3480 4110 (4.

1905 4099 2032 4170 Reg.
2058 4105 2110 4156 6.
2137 4103 2215 4173 8);
2247 4115 2300 4159 et
2329 4109 2468 4177 regis
2493 4113 2711 4165 consilia
2741 4115 2966 4172 faciebat
2995 4121 3163 4189 irrita,
3186 4099 3484 4196 pra-dicens

1903 4206 2094 4245 arcana
2120 4233 2136 4256 ,
2169 4206 2223 4248 et
2253 4213 2356 4250 non
2394 4199 2575 4253 sinens
2619 4201 2854 4258 incidere
2897 4208 2946 4260 in
2992 4211 3208 4279 laqueos
3237 4234 3371 4287 quos
3396 4223 3483 4277 ille

1905 4282 2174 4338 tendebat.
2208 4286 2319 4340 Hoc
2348 4304 2524 4357 regem
2556 4293 2692 4346 male
2721 4295 2979 4363 habebat,
3009 4313 3062 4355 et
3089 4282 3268 4363 animo
3294 4315 3483 4371 anxius

1906 4373 1955 4426 in
1985 4391 2170 4444 magna
2200 4388 2313 4430 erat
2339 4381 2687 4448 perplexitate
2717 4397 2768 4438 et
2800 4387 3152 4463 haesitatione,
3179 4411 3236 4455 ut
3259 4407 3343 4472 qui
3374 4425 3480 4463 non

1908 4472 2086 4530 posset
2110 4466 2422 4533 resciscere,
2444 4470 2686 4537 quisnam
2715 4487 2856 4529 esset
2880 4482 2967 4547 qui
2993 4491 3167 4542 omnia
3195 4466 3477 4566 proferret,

1906 4565 1957 4606 et
1987 4555 2227 4607 tenderet
2257 4555 2474 4611 insidias
2502 4560 2780 4632 irritasque
2807 4570 3052 4626 redderet
3072 4555 3481 4646 ejus—machina:

1908 4646 2096 4698 tiones.
2143 4646 2206 4698 Ei
2251 4662 2378 4717 ergo
2419 4649 2675 4707 dubitanti
2720 4666 2773 4710 et
2809 4674 3021 4716 causam
3058 4677 3311 4736 quwremi
3352 4680 3483 4738 dim

1907 4737 2119 4805 quidam
2150 4754 2212 4792 ex
2245 4742 2561 4798 satellitibus
2584 4788 2599 4812 ,
2627 4763 2748 4804 esse
2773 4757 3055 4821 quemdam
3083 4761 3334 4825 Eliszcum
3359 4789 3481 4843 pro-

1909 4832 2120 4897 phetam
2164 4833 2436 4889 sedentem
2470 4838 2521 4891 itt
2553 4840 2789 4898 Samaria
2815 4889 2829 4912 ,
2860 4851 2946 4917 qui
2980 4869 3082 4909 non
3112 4860 3312 4918 sineret
3343 4832 3483 4939 regis

1906 4923 2221 4977 sententiam
2253 4940 2372 4981 esse
2401 4928 2628 5000 firmam,
2657 4938 2746 4990 sed
2779 4944 2956 4996 otnnia
2988 4951 3264 5014 proferret.
3297 4957 3344 5011 ls
3373 4923 3483 5017 eiii:

1906 5015 2138 5069 stimavit
2161 5032 2220 5072 se
2251 5027 2415 5074 totum
2446 5024 2732 5085 invenisse.
2766 5031 2898 5100 Sed,
2932 5048 2988 5090 ut
3013 5041 3228 5110 videas,
3258 5066 3321 5101 eo
3351 5015 3481 5110 nihil

1906 5116 2018 5160 erat
2047 5109 2313 5166 miserius.
2342 5112 2474 5168 Cum
2500 5132 2769 5186 Oporteret
2797 5129 2963 5181 virum
2993 5131 3285 5205 honorare,
3314 5145 3484 5202 admi-

1909 5198 2033 5260 rari,
2079 5209 2314 5270 stupere,
2345 5205 2387 5256 si
2420 5214 2616 5262 tantam
2651 5213 2873 5270 haberet
2909 5221 3174 5288 virtutem,
3208 5198 3484 5295 ιη’δοάρηε

1909 5297 2013 5338 tam
2041 5289 2221 5343 multis
2248 5302 2485 5348 remotus
2510 5300 2717 5367 stadiis,
2742 5305 2904 5359 sciret
2927 5324 3272 5389 qumcumque
3298 5289 3483 5386 ηυτξῷ

1909 5376 1958 5427 ill
1986 5379 2125 5446 regis
2152 5383 2506 5447 penetralibus
2526 5427 2540 5450 ,
2572 5392 2715 5444 nullo
2740 5401 3110 5472 renuntiante;
3143 5376 3242 5468 hoc
3269 5376 3481 5487 q-uide";

1911 5481 2013 5518 non
2044 5467 2186 5533 fecit,
2220 5472 2310 5524 sed
2345 5474 2579 5532 irritatus
2605 5491 2656 5533 et
2689 5483 2762 5536 ira
2795 5491 3046 5560 percitus,
3076 5467 3483 5577 coactisjeqn‘i'ii:

1912 5556 2008 5611 bus
2035 5570 2088 5611 et
2115 5565 2332 5617 armatis
2360 5567 2634 5636 militibus,
2659 5589 2754 5628 eos
2782 5579 2937 5635 mittit
2965 5556 3277 5660 prophetam

1911 5663 2084 5704 suros.
2133 5651 2262 5705 Erat
2291 5666 2465 5709 autent
2499 5660 2692 5718 Eliswo
2722 5651 3011 5741 discipulus
3038 5651 3212 5738 adhuc
3242 5687 3292 5740 in
3322 5697 3480 5748 vesti.

1911 5739 2048 5794 bulis
2077 5744 2388 5812 pr0phcti.c,
2419 5752 2507 5818 qui
2535 5757 2767 5815 nondum
2797 5766 3043 5836 dignatus
3067 5787 3212 5830 esset
3237 5791 3488 5852 consequi

1909 5834 2168 5901 ejusmodi
2221 5841 2587 5903 revelationes.
2650 5855 3000 5914 Accesscrunt
3057 5869 3197 5931 regis
3251 5834 3477 5940 milites,

3061 5974 3099 6034 5
