3932 6220
398 275 471 327 ,η
661 252 670 260 ’
1102 262 1158 318 S.
1200 256 1474 316 JO.\NNIS
1511 221 1974 309 CHRYSOSTOMI
2016 245 2330 306 AltClllEP.
2363 250 2890 307 CONSTANTIN'JP.
3537 281 3540 283 -
3621 246 3690 300 72

415 399 684 456 tamqth
717 379 950 436 vinetnri
993 377 1258 430 hominem
1283 413 1300 440 ,
1340 372 1447 424 imo
1487 383 1615 422 vero
1643 363 1989 435 .prophetam.

418 455 621 534 Rursus
646 475 929 530 incidimus
950 466 1252 529 iit-vincula,
1273 472 1345 525 et,
1369 460 1493 532 quid
1517 455 1992 523 faciam?-undique

418 571 533 624 haec
561 569 637 622 sic
669 564 969 620 contexitur
993 558 1184 613 oratio.
1215 555 1349 610 Cum
1377 561 1552 606 autem
1580 547 1807 602 vidisset
1834 543 1995 598 disci-

419 662 574 730 pulus
603 658 828 713 militum
859 650 1276 714 multitudinem,
1304 643 1595 714 obstupuit,
1619 642 1915 730 timensque
1941 645 1995 730 et

422 724 653 803 lremens
678 758 961 799 accurrens
979 740 1045 794 ad
1072 739 1403 808 magistrum,
1427 729 1748 787 renuntiavit
1772 724 1990 781 calami-

420 851 578 895 tatem
602 849 654 891 ttt
680 836 912 905 putabat,
935 842 990 888 et
1013 829 1317 885 inevitabile
1338 817 1990 896 siguilicavitpericulmn.

420 931 552 984 Risit
578 927 831 997 propheta
853 923 990 993 quod
1017 919 1280 974 timuisset
1299 929 1416 984 qua:
1439 928 1543 966 non
1565 922 1712 965 erant
1739 905 1991 969 timenda,

415 1031 469 1074 et
497 1020 743 1072 hortatus
778 1024 859 1068 est
890 1025 944 1067 ut
973 1009 1285 1066 conﬁderet.
1327 1007 1421 1060 Ille
1448 1013 1625 1057 autem
1652 1011 1711 1054 ut
1741 999 1826 1067 qui
1855 1004 1996 1050 esset

417 1110 774 1181 imperfectus,
809 1121 910 1158 non
938 1101 1207 1163 credebat,
1239 1098 1330 1152 sed
1361 1111 1427 1150 ex
1453 1110 1511 1148 re
1537 1093 1648 1145 visa
1677 1090 1848 1181 adhuc
1877 1103 2000 1181 pcr-

415 1178 616 1262 trttlstts,
653 1199 931 1254 tenebatur
960 1203 1120 1247 metu.
1155 1189 1288 1256 Quid
1322 1201 1449 1240 vero
1480 1181 1772 1253 propheta?
1803 1178 1952 1247 Aperi
1979 1217 1993 1238 ,

417 1294 620 1363 inquit,
657 1289 886 1347 Domine,
913 1285 1082 1338 oculos
1111 1281 1259 1349 huius
1287 1276 1464 1346 pueri,
1497 1283 1540 1326 et
1567 1271 1728 1325 videat
1759 1270 1832 1363 (is.
1861 1267 1992 1363 Iieg.

419 1387 472 1440 6.
493 1359 587 1454 Π)
608 1397 727 1437 esse
750 1380 928 1448 plures
950 1376 1248 1434 nobiscum,
1272 1383 1427 1438 quam
1452 1380 1570 1418 cum
1595 1363 1743 1454 ipsis.
1771 1360 1832 1413 Et
1854 1359 1998 1412 videt

420 1452 639 1546 repente
656 1484 820 1527 totum
844 1479 1099 1530 montem,
1119 1479 1273 1532 quem
1295 1459 1563 1513 habitabat
1579 1452 1856 1546 propheta,
1877 1463 1997 1504 esse

423 1567 814 1641 plenumcquis
844 1562 1012 1632 igneis
1033 1567 1088 1613 et
1112 1553 1372 1627 ejusmodi
1393 1549 1636 1605 curribus
1663 1564 1674 1599 :
1699 1545 1800 1599 hoc
1819 1551 1997 1597 autem

423 1639 551 1718 nihil
579 1670 694 1715 erat
716 1657 860 1711 aliud
889 1668 1046 1722 quam
1075 1639 1272 1704 structa
1302 1645 1443 1700 acies
1471 1640 1803 1710 angelorum.

488 1754 543 1808 2.
585 1753 640 1807 Si
665 1760 840 1803 autem
873 1745 1117 1799 Elisautm
1143 1739 1210 1793 ad
1235 1736 1286 1791 id
1311 1735 1481 1790 Solum
1512 1741 1653 1785 tanta
1677 1725 1998 1795 sequebatur

419 1848 561 1899 acies
581 1883 595 1906 ,
637 1839 762 1910 quid
789 1833 1064 1891 Paulum?
1111 1830 1221 1884 lloc
1251 1827 1410 1881 etiam
1439 1822 1649 1877 dicebat
1679 1816 1840 1916 David
1875 1828 1996 1916 pro-

421 1938 622 2007 pheta:
665 1931 844 1987 Castra
887 1925 1152 1980 metabitnr
1194 1920 1403 1990 angelus
1445 1913 1653 1970 Domini
1694 1911 1746 1963 in
1790 1909 1999 1962 circuitu

420 2005 698 2085 timentium
735 2027 886 2086 eum‘;
929 2029 981 2074 et
1021 2029 1205 2071 rursus
1229 2054 1244 2080 ,
1275 2011 1340 2065 In
1365 2010 1597 2063 manibus
1625 2005 1799 2058 tollent
1826 2010 1872 2054 te
1895 2040 1910 2064 ,
1937 2013 2001 2050 ne

421 2122 622 2194 quando
664 2115 894 2184 olfendas
937 2111 1005 2164 ad
1049 2107 1269 2178 lapidem
1323 2101 1496 2172 pedem
1523 2096 1704 2194 tuum(
1742 2090 1997 2194 fsal..55.

421 2185 472 2274 ti.
503 2227 546 2270 et
570 2214 666 2271 90.
699 2212 765 2266 12
789 2212 824 2281 ).
874 2208 939 2261 Et
978 2203 1102 2274 quid
1143 2202 1263 2254 dico
1300 2192 1556 2266 angelos?
1599 2192 1711 2281 ipse
1745 2185 2000 2281 Dominus

422 2315 537 2362 erat.
578 2320 698 2359 cmn
748 2276 864 2368 ipso
903 2293 1230 2365 egrediente.
1276 2288 1391 2341 Non
1430 2283 1571 2338 enim
1601 2280 1669 2333 ab
1699 2276 2001 2331 Abrahamo

425 2400 636 2470 quidem
657 2393 962 2453 videbatur,
995 2402 1097 2440 non
1120 2391 1235 2438 erat
1255 2389 1429 2434 autem
1452 2391 1570 2430 cum
1597 2389 1662 2427 eo
1687 2373 1837 2470 :lipse
1853 2368 2000 2470 enim

427 2460 669 2562 promisit
718 2486 901 2540 dicens
929 2522 943 2545 ,
974 2478 1084 2548 Ego
1119 2474 1379 2528 vobiscum
1408 2486 1519 2523 sum
1563 2463 1792 2520 omnibus
1830 2460 2003 2513 diebus

426 2551 582 2651 itaque
604 2580 671 2632 ad
698 2573 1174 2630 consummationem
1202 2563 1373 2618 εσθαιιὶ
1399 2562 1415 2626 (
1444 2557 1627 2611 Matth.
1655 2555 1747 2651 28.
1777 2551 1846 2651 ξι)
1867 2551 1908 2621 ).
1940 2551 2004 2603 Et

431 2644 612 2731 rursus
639 2673 705 2726 ab
731 2684 796 2723 eo
824 2667 966 2719 visus
993 2661 1240 2723 dicebat,
1272 2654 1394 2711 Noli
1426 2653 1624 2713 timere,
1657 2645 1744 2700 sed
1770 2644 1968 2712 loquere
1986 2683 2000 2706 ,

428 2770 545 2840 quia
586 2781 674 2836 ego
703 2779 812 2817 sum
849 2769 1009 2812 tecum
1033 2797 1048 2821 ,
1083 2763 1127 2806 et
1157 2766 1302 2805 nemo
1329 2757 1375 2801 te
1400 2743 1622 2840 invadet.
1641 2739 2006 2840 ut‘tibi-noceat

435 2827 572 2930 lAct.
726 2852 802 2921 9).
834 2851 1000 2904 Porro
1031 2846 1082 2898 in
1109 2841 1310 2897 somnis
1339 2849 1546 2930 quoque
1577 2832 1624 2886 ei
1654 2829 1895 2930 adstitit,
1924 2827 2005 2929 di-

430 2919 590 3006 cens:
621 2919 868 3001 Constans
897 2951 1000 2994 esto
1024 2954 1042 2990 :
1063 2937 1190 2989 sicut
1217 2932 1346 2986 enim
1374 2929 1664 2995 testiﬁcatus
1693 2940 1743 2976 es
1767 2922 1828 2973 de
1852 2935 1929 2972 me
1953 2919 2008 2970 in

430 3041 738 3101 Jerusalem,
766 3035 836 3088 sic
859 3043 909 3086 te
938 3037 1132 3100 oportet
1162 3036 1206 3078 et
1238 3023 1414 3076 Romae
1442 3015 1725 3087 testiﬁcari(
1754 3012 1867 3065 Ibid
1896 3009 2003 3064 .25.

437 3143 458 3192 1
477 3139 548 3208 1).
573 3136 797 3200 Semper
819 3126 1031 3196 quidem
1056 3119 1221 3174 sancti
1248 3125 1370 3170 sunt
1391 3109 1750 3208 admirabiles,
1775 3113 1829 3208 et
1847 3103 2008 3157 multa

436 3195 578 3298 pleni
609 3195 814 3296 gratia;
840 3195 1078 3271 maxime
1104 3219 1284 3264 autem
1310 3202 1520 3275 quando
1551 3201 1601 3254 in
1632 3195 2012 3300 periculonver:

436 3286 637 3376 santurv
658 3323 874 3386 propter
900 3307 1170 3365 Christum
1197 3343 1212 3367 ,
1251 3298 1464 3371 quando
1492 3306 1615 3350 sunt
1640 3289 1823 3345 vincti.
1866 3286 2012 3386 Sicut

435 3417 575 3469 enim
625 3379 775 3464 miles
821 3403 970 3458 fortis
1009 3409 1064 3456 et
1101 3407 1347 3452 strenuus
1373 3400 1454 3446 est
1484 3379 2010 3456 semperjueundum

441 3505 780 3564 cernentibus
798 3495 1179 3569 spectaculum,
1198 3487 1615 3542 maximeautem
1635 3476 1847 3569 quando
1863 3474 2013 3544 juxta

441 3603 611 3666 ipsum
657 3567 841 3660 regem:
863 3586 1069 3640 steterit
1096 3593 1149 3635 et
1182 3582 1232 3632 in
1262 3578 1376 3630 acie
1406 3574 1563 3627 fuerit
1589 3592 1601 3622 :
1634 3571 1703 3622 ita
1735 3567 1893 3621 etiam
1921 3578 2016 3617 co-

440 3663 545 3760 gita
577 3685 825 3744 Paulum,
857 3687 1111 3748 quantum
1145 3670 1334 3724 licebat
1357 3667 1556 3726 videre,
1587 3663 1864 3714 docentem

444 3745 572 3848 ipsis
602 3772 847 3829 vinculis.
875 3745 1058 3820 Dicam
1089 3771 1143 3816 et
1169 3759 1452 3848 cogitatum
1478 3752 1618 3848 quod
1650 3750 1856 3848 interim
1888 3745 2016 3799 mihi

442 3839 584 3925 venit
610 3867 662 3920 in
688 3859 956 3918 mentem?
986 3857 1176 3911 Beatus
1199 3858 1398 3918 martyr
1420 3845 1643 3914 Babylas
1663 3839 1734 3910 (α)
1757 3842 1867 3908 ipse
1887 3853 2020 3900 quo-

445 3977 548 4034 que
581 3959 785 4014 vinctus
816 3953 914 4006 fuit
940 3951 1007 4003 ob
1038 3944 1278 4001 eamdem
1306 3952 1540 3999 causam,
1574 3934 1642 3988 ob
1672 3946 1826 4032 quam
1859 3929 2019 4034 Joan-

447 4019 575 4118 nes,
605 4059 662 4103 ut
693 4046 780 4117 qui
812 4057 990 4112 regem
1023 4038 1198 4104 inique
1225 4047 1284 4088 se
1313 4037 1585 4100 gerentem
1615 4021 1868 4091 arguerit.
1906 4019 2021 4087 Ipse

449 4143 715 4200 decedens
757 4133 1027 4191 mandavit
1066 4138 1125 4183 ut
1163 4124 1369 4179 vincula
1415 4125 1741 4190 ponerentur
1773 4127 1892 4165 cum
1924 4125 2022 4163 suo

449 4248 674 4304 corpore
698 4272 714 4298 ,
743 4239 795 4282 et
822 4237 1016 4294 corpus
1055 4218 1372 4288 sepeliretur
1399 4211 1628 4264 vinctum
1657 4215 1745 4304 :e-t
1772 4200 2021 4304 nunesiti

450 4294 571 4382 sunt
589 4319 876 4390 compedes
890 4333 1010 4371 eum
1027 4315 1228 4368 cinere.
1247 4308 1475 4363 Tantum
1497 4313 1612 4356 erat
1628 4300 1678 4355 ei
1701 4294 2021 4390 desiderium

453 4385 778 4472 vinculorum
809 4418 1024 4479 propter
1047 4403 1335 4459 Christum.
1363 4395 1578 4449 Ferrum
1607 4388 1893 4462 pertransiit
1913 4385 2026 4479 ani-

453 4529 532 4564 ma
559 4511 668 4580 eius
695 4509 711 4574 (
744 4478 884 4557 Psat.
919 4500 1041 4555 tot.
1074 4495 1140 4552 ts
1162 4492 1204 4566 ),
1235 4491 1364 4546 dicit
1389 4486 1644 4580 propheta
1674 4483 1741 4536 de
1768 4478 2024 4580 Josepho.

451 4605 566 4656 .lam
586 4572 724 4653 vero
756 4596 1005 4648 nmlieres
1032 4602 1239 4658 quoilue
1270 4589 1584 4649 acceperant
1623 4577 1810 4628 horum
1842 4572 2025 4625 vincu-

455 4698 627 4748 Iormn
650 4686 1054 4758 experientiam.
1085 4683 1152 4733 At
1181 4691 1276 4730 nos
1303 4689 1408 4728 non
1434 4673 1664 4741 ligamnr
1689 4687 1700 4721 :
1728 4681 1899 4737 neque
1929 4665 2028 4717 hoc

454 4784 652 4838 suadeo
672 4821 686 4842 ,
714 4792 833 4831 tum
877 4788 981 4825 non
1017 4771 1085 4822 sit
1115 4780 1254 4821 nunc
1282 4775 1502 4830 tempus.
1538 4759 1614 4813 Ne
1640 4758 1773 4826 liges
1800 4769 1986 4808 manus
2011 4794 2026 4818 ,

453 4875 544 4930 sed
577 4880 828 4927 mentem.
878 4865 1012 4918 Sunt
1049 4863 1208 4914 etiam
1257 4855 1356 4907 alia
1390 4852 1592 4905 vincula
1627 4848 1754 4916 :qui
1789 4847 1900 4900 haec
1930 4861 2032 4897 non

458 4969 634 5022 ferunt
659 5005 672 5028 ,
707 4960 879 5015 ferent
907 4955 1016 5010 illa.
1049 4950 1184 5004 Audi
1216 4945 1484 5000 Christum
1515 4941 1778 4994 dicentem
1814 4955 1826 4990 :
1859 4936 2033 5007 Ligntt

464 5062 576 5130 ejus
602 5023 778 5108 manus
805 5061 852 5105 et
877 5047 1027 5120 pedes
1047 5041 1256 5116 (Matth.
1279 5037 1368 5092 22.
1399 5034 1510 5130 i5).
1540 5034 1644 5130 Sed
1673 5032 1812 5130 absit
1836 5043 1893 5086 ut
1925 5031 2039 5084 illo.
2059 5023 2082 5034 ”

465 5123 584 5204 rum
613 5144 940 5200 vinculorum
966 5134 1288 5205 accipiamus
1319 5125 1701 5198 experientiam
1720 5165 1732 5185 .
1759 5123 1913 5177 detur
1941 5139 2036 5175 au-

469 5251 573 5292 tem
621 5246 676 5288 ut
714 5235 794 5287 lus
837 5230 1166 5300 impleamur.
1203 5223 1324 5277 Ideo
1347 5217 1555 5274 dicebat
1589 5235 1602 5270 :
1632 5215 1740 5284 Ego
1769 5215 1959 5267 vinctus
1989 5213 2039 5264 in

469 5328 684 5381 Domino
709 5365 723 5389 ,
750 5339 872 5392 rogo
899 5337 984 5373 vos
1007 5328 1058 5372 ut
1085 5316 1236 5384 digne
1259 5310 1522 5364 ambuletis
1548 5308 1802 5360 vocatione
1824 5321 1923 5374 qua
1949 5319 2037 5354 vo-

465 5420 562 5471 cati
592 5417 708 5469 estis
739 5412 954 5481 (Ephes.
982 5410 1037 5462 4.
1070 5408 1178 5476 15).
1208 5404 1377 5472 Caput
1397 5442 1412 5466 ,
1445 5397 1614 5468 inquit
1644 5412 1847 5461 rursus,
1879 5393 2042 5446 habe-

472 5524 590 5563 mus
610 5506 901 5561 Christum.
930 5499 1037 5553 Nos
1064 5499 1216 5550 simul
1244 5493 1518 5549 srncitavit
1538 5500 1591 5544 et
1611 5487 1900 5542 consedere
1923 5485 2042 5540 fecit

529 5689 600 5741 (tt)
630 5685 704 5734 De
724 5686 868 5733 beato
889 5678 1064 5740 Bahyla
1082 5678 1363 5737 vidi-supra,
1385 5674 1521 5722 Tom.
1535 5673 1581 5730 Ξ,
1599 5669 1691 5719 (ὌΙ.
1712 5671 1801 5721 527
1819 5679 1870 5722 cl
1892 5685 2032 5733 seqq.

2110 359 2161 414 in
2193 363 2513 428 ca‘lestibus,
2541 380 2660 419 eum
2693 381 2935 429 essemus
2965 365 3183 429 inimici,
3214 375 3265 419 et
3296 363 3433 418 mala
3469 363 3694 418 fecisse-

2100 468 2218 506 mus
2262 455 2685 511 innumerabilia.
2735 457 2922 528 Magna
2961 467 3047 513 est
3091 457 3341 525 vocatio,
3387 467 3442 511 et
3485 455 3552 509 ad
3600 471 3688 509 res

2099 559 2320 614 magnas
2346 565 2361 601 :
2387 563 2491 601 non
2519 550 2691 603 solum
2717 551 2858 611 quod
2876 551 2952 606 ab
2976 550 3104 618 illis,
3132 551 3232 606 sed
3257 549 3400 621 quod
3428 551 3589 605 etiam
3619 549 3685 602 ad

2101 636 2221 688 talia
2243 676 2258 701 ,
2284 646 2338 689 et
2363 638 2457 692 tali
2483 639 2670 694 modo.

2173 725 2338 795 Digne
2363 729 2624 784 ambulare
2655 731 2777 796 quid
2803 732 2886 784 sit.
2920 731 3300 798 —‘Quomodo
3322 742 3499 786 autem
3529 733 3688 802 digne

2102 815 2443 871 ambulatur?
2472 819 2596 872 Cum
2627 823 2764 874 omni
2789 821 3092 875 Immilitate.
3122 822 3221 890 Qui
3249 834 3331 876 est
3360 824 3502 887 talis,
3529 823 3690 891 digne

2099 907 2334 961 ambulat
2357 927 2371 961 ε
2397 909 2497 964 hoc
2525 921 2606 965 est
2629 914 3027 967 fundamentum
3057 917 3236 968 omnis
3261 917 3494 969 virtutis.
3526 916 3582 969 Si
3615 919 3690 970 sis

2102 996 2338 1065 humilis,
2368 1009 2425 1054 et
2449 1003 2651 1072 cogites
2679 1005 2920 1072 quisnam
2952 1020 3070 1058 cum
3105 1020 3275 1070 esses,
3309 1007 3488 1059 salvus
3517 1007 3690 1061 factus

2101 1095 2177 1144 es,
2208 1085 2515 1138 memoriam
2542 1087 2739 1155 accipis
2758 1088 3092 1142 occasionem
3115 1088 3180 1142 ad
3204 1090 3478 1142 virtutem.
3505 1089 3692 1158 Neque

2101 1173 2326 1228 vinculis
2350 1176 2645 1244 extolleris,
2670 1193 2843 1248 neque
2874 1179 2954 1233 his
2983 1180 3110 1249 ipsis
3138 1195 3258 1250 quae
3283 1181 3413 1244 dixi,
3441 1181 3538 1236 sed
3567 1197 3690 1235 cum

2101 1265 2239 1320 scias
2267 1275 2432 1321 totum
2459 1283 2578 1322 esse
2603 1271 2808 1340 gratiae,
2837 1271 3060 1339 teipsum
3089 1272 3362 1325 contrahis
3387 1282 3440 1326 et
3465 1273 3693 1327 submit-

2110 1357 2196 1410 tis.
2224 1356 2323 1423 Qui
2351 1369 2433 1413 est
2463 1361 2696 1423 humilis,
2715 1370 2901 1429 potest
2925 1379 3046 1418 esse
3073 1378 3259 1418 servus
3283 1373 3468 1434 gratus
3493 1374 3547 1418 et
3577 1380 3694 1419 me-

2101 1461 2220 1501 mor
2245 1448 2509 1504 beneficii.
2530 1450 2677 1517 Quid
2703 1453 2836 1504 enim
2864 1454 3045 1515 habes,
3074 1454 3243 1524 inquit
3262 1496 3277 1519 ,
3303 1455 3439 1524 quod
3468 1471 3570 1508 non
3598 1471 3690 1508 ac-

2099 1540 2273 1608 cepisti
2300 1542 2318 1607 (
2341 1540 2392 1594 l.
2431 1540 2548 1594 Cor.
2581 1547 2634 1596 4.
2679 1542 2793 1613 7)?
2820 1544 2954 1597 Audi
2989 1559 3182 1598 rursus
3213 1561 3336 1598 eum
3369 1547 3683 1600 dicentem:

2103 1629 2336 1699 Amplius
2379 1631 2482 1684 illis
2525 1631 2751 1687 omnibus
2792 1633 3053 1698 laboravi;
3082 1651 3185 1687 non
3221 1652 3313 1705 ego
3351 1648 3556 1702 autem,
3598 1636 3692 1691 {td

2103 1727 2266 1791 gratia
2295 1722 2390 1776 Dei
2417 1741 2610 1778 mecum
2631 1725 2649 1793 (
2673 1724 2808 1780 Ibid.
2837 1728 2925 1781 15.
2956 1727 3020 1782 10
3040 1728 3083 1796 ).
3115 1727 3241 1780 Cum
3267 1729 3404 1781 onmi
3432 1769 3446 1792 ,
3480 1730 3688 1798 inquit,

2102 1813 2417 1879 humilitate;
2461 1830 2566 1870 non
2606 1831 2666 1870 ea
2707 1833 2825 1887 qua:
2864 1828 2940 1872 est
2984 1819 3035 1872 in
3077 1819 3254 1872 verbis
3277 1860 3290 1884 ,
3320 1835 3418 1873 nec
3449 1820 3502 1872 in
3529 1819 3693 1873 rebus

2101 1906 2268 1971 solis,
2300 1906 2391 1960 sed
2432 1916 2487 1962 et
2524 1923 2643 1977 qua:
2679 1919 2761 1963 est
2800 1911 2851 1962 in
2896 1909 3074 1963 habitu
3119 1925 3181 1964 ae
3219 1921 3372 1980 gestu
3399 1920 3454 1964 et
3482 1927 3691 1965 sermo.

2103 2012 2172 2052 ne
2214 2016 2226 2052 :
2269 2013 2372 2052 non
2413 2000 2466 2053 in
2509 1999 2650 2054 hunc
2691 2001 2905 2071 quidem
2960 2002 3214 2068 humilis,
3263 2001 3318 2057 in
3364 2003 3509 2056 illum
3558 2019 3692 2057 vero

2101 2089 2271 2144 audax
2305 2109 2318 2145 :
2351 2092 2402 2146 in
2445 2107 2635 2147 omnes
2675 2094 2749 2149 sis
2794 2095 3008 2149 humilis
3034 2136 3050 2160 ,
3081 2095 3194 2150 sive
3230 2096 3298 2150 sit
3333 2097 3538 2150 amicus
3577 2099 3692 2152 sive

2104 2184 2370 2248 inimicus,
2395 2185 2506 2240 sive
2528 2201 2750 2256 magnus
2773 2187 2886 2242 sive
2906 2203 3100 2258 parvus
3124 2205 3138 2240 :
3164 2187 3266 2243 hoc
3285 2198 3366 2242 est
3389 2189 3685 2244 lmmilitas.

2105 2277 2276 2331 Etiam
2308 2278 2358 2331 in
2385 2287 2527 2334 recte
2561 2278 2714 2333 factis
2735 2279 2806 2332 sis
2832 2279 3066 2333 humilis.
3091 2278 3227 2333 Audi
3252 2280 3392 2333 enim
3415 2279 3688 2334 Christum

2104 2369 2370 2423 dicentem
2398 2411 2412 2433 ,
2441 2367 2586 2423 Beati
2616 2386 2862 2440 pauperes
2890 2371 3072 2440 spiritu
3097 2369 3309 2440 (Matth.
3333 2370 3384 2424 5.
3409 2370 3485 2438 5),
3511 2379 3564 2423 et
3593 2372 3691 2424 hoc

2105 2461 2332 2529 primum
2376 2463 2720 2516 Statuen'tem.
2772 2461 3056 2531 Propterea
3105 2465 3217 2531 ipse
3259 2478 3468 2531 quoque
3513 2462 3687 2516 dicit:

2105 2549 2230 2605 Cum
2257 2552 2390 2604 omni
2415 2551 2698 2605 humilitate
2721 2561 2766 2606 et
2787 2553 3168 2606 mansuetudine
3194 2565 3240 2606 et
3266 2553 3528 2621 patientia”.
3559 2553 3689 2606 Nam

2109 2642 2220 2696 fieri
2257 2653 2431 2712 potest
2461 2653 2517 2696 ut
2546 2645 2615 2696 sit
2644 2644 2834 2714 aliquis
2864 2644 3098 2708 Immitis,
3128 2644 3223 2699 sed
3249 2659 3372 2699 acer
3397 2655 3450 2699 et
3482 2646 3694 2699 iracun-

2106 2733 2241 2798 dus;
2287 2734 2379 2788 sed
2423 2735 2473 2787 id
2517 2735 2646 2788 nihil
2691 2735 2910 2804 prodest
2939 2752 2953 2788 :
2981 2751 3123 2805 sa'pe
3161 2736 3303 2790 enim
3342 2736 3470 2790 dum
3509 2736 3579 2791 ab
3617 2738 3688 2791 ira

2110 2825 2427 2894 possidetur,
2460 2826 2634 2894 perdit
2663 2829 2860 2880 omnia.
2895 2825 3230 2892 Sustinentes,
3260 2828 3451 2897 inquit,
3480 2830 3692 2882 invicem

2107 2918 2161 2970 in
2188 2919 2414 2971 caritate.
2444 2918 2722 2984 Quomodo
2755 2927 2928 2987 potest
2956 2920 3207 2972 sustineri
3238 2962 3251 2985 ,
3285 2921 3326 2972 si
3358 2931 3443 2974 est
3475 2922 3689 2974 iracun-

2108 3007 2207 3063 dus
2226 3049 2242 3073 ,
2272 3010 2316 3062 si
2343 3019 2619 3063 accusator
2643 3019 2695 3062 et
2723 3009 3049 3063 maledicus?
3079 3009 3218 3063 Dixit
3244 3011 3403 3063 etiam
3435 3011 3650 3063 modum
3678 3029 3690 3063 :

2111 3099 2177 3153 In
2212 3101 2420 3154 caritate
2442 3142 2456 3164 ,
2489 3100 2676 3170 inquit.
2708 3098 2763 3154 Si
2795 3100 3092 3169 proximum
3122 3115 3229 3153 non
3261 3101 3529 3164 sustines,
3559 3119 3692 3170 quo-

2113 3190 2272 3245 modo
2294 3200 2343 3245 te
2364 3191 2644 3246 sustinebit
2671 3191 2848 3244 Deus?
2874 3191 2916 3244 si
2949 3192 3061 3259 ipse
3087 3206 3190 3244 non
3218 3191 3325 3245 fers
3347 3207 3692 3259 conservum,

2113 3281 2378 3350 quomodo
2410 3290 2459 3334 te
2503 3280 2641 3336 feret
2687 3280 2976 3334 Dominus?
3027 3281 3126 3335 Ubi
3172 3291 3256 3334 est
3297 3283 3493 3336 earitas
3518 3325 3533 3348 ,
3569 3283 3693 3338 ferri

2115 3381 2338 3443 possunt
2377 3373 2574 3426 omnia.
2624 3373 2842 3426 Solliciti
2889 3387 3085 3426 servare
3126 3373 3369 3426 unitatem
3406 3375 3618 3444 spiritus
3645 3377 3695 3428 in

2115 3467 2312 3521 vinculo
2356 3468 2510 3535 pacis.
2551 3466 2678 3536 Liga
2710 3483 2896 3522 manus
2937 3467 3154 3522 lenitate
3183 3478 3234 3522 et
3267 3471 3695 3526 mansuetudine.

2117 3561 2320 3615 Rursus
2369 3560 2642 3629 pulchrum
2690 3559 2840 3614 adest
2887 3575 3080 3613 nomen
3108 3602 3122 3626 ,
3168 3560 3440 3614 vinculmn
3474 3579 3487 3614 :
3523 3562 3698 3630 ipsmn

2116 3653 2434 3716 dimisimus,
2450 3662 2510 3707 et
2529 3652 2702 3722 ipsum
2726 3666 2908 3706 rursus
2926 3652 2990 3704 ad
3016 3668 3112 3706 nos
3134 3653 3382 3707 accurrit.
3413 3654 3699 3707 Pulchrum

2117 3755 2197 3798 est
2224 3743 2350 3797 illud
2377 3743 2682 3806 vinculum,
2710 3741 2988 3810 pulchrum
3017 3752 3070 3797 et
3102 3743 3203 3796 hoc
3228 3759 3240 3793 :
3265 3753 3317 3795 et
3347 3743 3477 3796 illud
3506 3759 3571 3798 ex
3603 3746 3700 3797 hoc

2121 3835 2376 3889 nascitur.
2407 3834 2658 3902 Teipsum
2687 3832 2876 3902 Colliga
2903 3849 3024 3887 cum
3057 3833 3216 3886 fratre
3241 3849 3254 3886 :
3281 3834 3314 3887 ii
3337 3835 3517 3888 omnia
3546 3834 3700 3888 fat-ile

2127 3925 2318 3985 ferunt,
2338 3926 2424 3993 qui
2445 3934 2567 3977 sunt
2583 3923 2808 3992 colligati
2831 3924 2879 3975 in
2900 3925 3139 3978 caritate.
3155 3923 3404 3991 Tcipsum
3425 3926 3498 3978 illi
3520 3926 3700 3995 alliga,

2129 4030 2180 4074 et
2205 4020 2350 4072 illum
2375 4018 2466 4072 tibi
2489 4035 2500 4069 :
2520 4017 2793 4070 amborum
2815 4029 2868 4069 tu
2889 4032 2946 4070 es
2963 4016 3208 4071 dominus
3231 4034 3242 4068 :
3263 4033 3385 4070 nam
3405 4034 3563 4085 quem
3585 4019 3702 4071 volo

2139 4112 2368 4165 amicum
2393 4109 2586 4174 facere,
2603 4119 2791 4178 potero
2811 4124 2929 4162 cum
2954 4109 3222 4162 facilitate.
3249 4108 3484 4163 Sollicite
3498 4110 3707 4163 studen-

2139 4210 2229 4266 tes,
2257 4201 2440 4268 inquit.
2473 4199 2716 4253 Ostendit
2745 4215 2855 4252 rent
2883 4214 2986 4253 non
3013 4199 3164 4254 facile
3187 4201 3320 4266 lieri,
3345 4215 3445 4255 nec
3466 4216 3588 4254 esse
3611 4216 3705 4253 cu-

2126 4291 2366 4360 juslibet.
2403 4290 2673 4344 Stridentes
2700 4330 2713 4353 ,
2743 4290 2944 4357 inquit,
2976 4305 3174 4343 servare
3203 4291 3445 4344 unitatem
3477 4292 3704 4360 spiritus.

2199 4382 2250 4436 5.
2292 4380 2429 4448 Quid
2471 4389 2552 4434 est
2597 4380 2772 4434 unitas
2823 4379 3074 4449 spiritus?
3105 4380 3252 4434 Sicut
3285 4382 3336 4434 in
3362 4395 3590 4449 corpore
3631 4391 3712 4435 est

2132 4485 2268 4524 unus
2301 4469 2519 4538 spiritus
2546 4469 2634 4538 qui
2661 4470 2838 4523 omnia
2864 4471 3138 4534 continet,
3168 4471 3376 4524 etiamsi
3406 4472 3458 4525 in
3488 4473 3710 4527 diversis

2133 4561 2386 4614 membris
2412 4600 2425 4621 ,
2460 4560 2529 4612 ita
2569 4560 2653 4614 hic
2681 4575 2913 4629 quoque.
2957 4561 3240 4630 Propterea
3274 4564 3415 4615 cuitu
3447 4562 3603 4618 datus
3636 4574 3715 4616 est

2133 4655 2369 4724 spiritus,
2397 4663 2452 4706 ut.
2475 4668 2565 4707 eos
2594 4654 2737 4706 nniat
2764 4655 2849 4720 qui
2880 4662 3002 4706 sunt
3029 4654 3275 4721 disjuucti
3303 4669 3502 4723 genere
3524 4665 3579 4709 et
3601 4673 3716 4708 Illu-

2135 4747 2300 4800 ribus.
2329 4746 2459 4800 Nam
2487 4761 2646 4799 senex
2673 4755 2726 4799 et
2747 4746 2977 4815 juvenis,
3085 4761 3284 4815 pauper
3309 4757 3364 4800 et
3389 4747 3563 4812 dives,
3589 4764 3717 4815 puer

2136 4847 2190 4892 et
2219 4838 2455 4908 ephebus
2478 4880 2491 4903 ,
2524 4839 2717 4892 mulier
2746 4849 2799 4893 et
2828 4838 2906 4891 vir
2926 4881 2939 4902 ,
2973 4847 3028 4892 et
3056 4840 3229 4891 omnis
3256 4840 3433 4892 anima
3468 4839 3526 4892 ﬁt
3555 4856 3717 4894 unmu

2137 4931 2441 5000 quidpiam;
2473 4938 2528 4985 et
2556 4931 2723 5000 magis
2748 4945 2903 4999 quam
2933 4930 2974 4983 si
3005 4939 3148 4984 esset
3177 4946 3339 4983 unum
3363 4945 3580 5000 corpus.
3610 4931 3721 4985 llac

2140 5023 2280 5076 enim
2322 5022 2637 5090 cognatione
2677 5021 2761 5074 illa
2794 5033 2875 5075 est
2910 5021 3077 5075 multo
3111 5023 3281 5088 major
3303 5062 3319 5086 ,
3353 5031 3407 5074 et
3437 5033 3518 5075 est
3549 5023 3714 5091 poliat

2143 5113 2256 5167 luce
2285 5114 2498 5167 unitatis
2524 5113 2799 5182 perfectio.
2828 5114 3030 5166 Animae
3054 5115 3195 5167 enim
3215 5113 3528 5180 conjunctio
3554 5130 3620 5168 eo
3645 5123 3726 5167 est

2142 5207 2439 5260 accuratior
2477 5213 2531 5259 et
2563 5204 2797 5259 exactior
2823 5245 2837 5270 ,
2867 5219 2972 5272 quo
3008 5214 3091 5259 est
3131 5204 3426 5272 simplicior
3452 5213 3509 5259 et
3537 5205 3727 5258 fortine

2145 5300 2319 5352 unius.
2370 5297 2646 5364 Quomodo
2685 5305 2860 5350 autem
2903 5311 2964 5349 ea
3005 5296 3391 5350 conservatur?
3421 5293 3491 5349 In
3529 5295 3729 5348 vinculo

2146 5393 2303 5460 pacis.
2335 5391 2473 5445 Fieri
2507 5404 2609 5442 non
2639 5397 2814 5458 potest
2844 5398 2895 5441 ut
2924 5403 2988 5443 ea
3021 5388 3090 5441 sit
3126 5388 3178 5442 in
3210 5385 3506 5441 inimicitiis
3536 5397 3592 5442 et
3622 5387 3731 5440 dis—

2145 5483 2410 5535 sensione.
2449 5477 2546 5534 Ubi
2573 5481 2704 5532 enim
2729 5489 2872 5544 sunt,
2905 5479 3091 5547 inquit,
3119 5478 3171 5530 in
3197 5476 3334 5530 vobis
3359 5477 3474 5531 lites
3499 5487 3548 5530 et
3570 5494 3733 5530 terrin-

2148 5571 2353 5624 lationes
2373 5580 2418 5623 et
2435 5571 2782 5632 dissensiones,
2803 5586 2971 5622 annon
2992 5569 3219 5621 carnales
3234 5570 3376 5636 estis,
3393 5579 3441 5621 et
3457 5570 3735 5622 secundum

2148 5665 2394 5717 hominem
2431 5663 2695 5716 ambulatio
2729 5662 2802 5731 (Ι.
2836 5661 2953 5716 Cor.
2983 5663 3035 5716 5.
3066 5660 3161 5730 5)?
3191 5659 3336 5714 Sicut
3373 5661 3520 5715 enim
3554 5663 3693 5730 ignis
3716 5698 3732 5722 ,
