3932 6220
103 97 578 114 _______
612 57 1859 109 ,ἐγ-Η

317 406 378 463 τι
1188 396 1250 450 IN
1289 397 1504 453 hl‘IST.
1550 398 1640 452 AD
1679 397 1923 455 EPHES.
1952 395 2105 452 CAP.
2142 395 2228 449 IV.
2272 395 2502 452 HOMIL.
2539 395 2649 449 IX.‘
3482 406 3552 462 7‘2

315 519 621 587 διδασκάλῳ
640 559 653 582 ,
688 516 784 587 τὴν
812 514 1116 586 συμφορὰν,
1144 514 1218 577 ὡς
1242 513 1398 584 ᾤετο,
1428 515 1749 585 ἀπήγγειλε,
1792 513 1886 566 καὶ

314 605 411 658 τὸν
454 605 692 672 ἄφυκτον
729 600 965 669 ἐμήνυσε
987 599 1245 652 κίνδυνον.
1288 599 1667 666 Κατεγέλασεν
1698 602 1727 652 6
1757 600 1882 668 [190-

314 689 520 758 φήτης,
546 686 626 738 ὅτι
656 686 724 738 τά
750 684 850 736 οὐκ
879 681 1006 747 ἀξια
1035 681 1186 743 δέους
1217 681 1488 742 ἐδεδοίκει,
1523 683 1617 735 καὶ
1656 680 1889 751 παρῄνει
1928 710 1933 713 ~

319 772 564 841 θαρρεῖν.
607 769 841 829 Ἐκεῖνος
884 766 942 819 δέ
988 764 1183 834 ἀτελὴς
1221 765 1301 817 ἔτι
1333 762 1429 828 ὢν,
1475 765 1574 816 οὐκ
1618 763 1886 824 ἐπείθετο,

318 854 435 907 ἀλλ’
477 852 555 906 ἔτι
597 851 700 904 ὑπὸ
727 850 828 917 τῆς
860 848 1032 916 ὂψεως
1071 845 1506 915 ἐκπληττόμενος
1534 846 1774 898 ἐνέκειτο
1808 842 1889 914 τῷ

322 936 496 1006 φόϐῳ.
537 935 600 997 Τί
630 928 721 987 οὖν
748 935 780 985 6
816 930 1146 999 Ιίροφήτηςς
1172 929 1351 995 Κύριε
1372 965 1390 993 ,
1417 928 1685 992 ἄνοιξον,
1731 928 1887 997 φησὶ,

319 1021 457 1084 τοὺς
480 1015 822 1087 ὀφθαλμοὺς·
843 1014 952 1067 τοῦ
974 1012 1289 1078 παιδαρίου
1312 1012 1547 1077 τούτου,
1578 1013 1676 1066 καὶ
1699 1012 1887 1073 ίδέτω.

318 1103 434 1174 ΠΟ]
464 1104 546 1155 ὃτι
580 1100 800 1159 πλείους
824 1099 873 1151 οἱ
897 1094 1017 1167 μεθ’
1044 1094 1204 1165 ήμῶν
1230 1093 1371 1165 ὑπὲρ
1389 1096 1515 1157 τοὺς
1538 1095 1657 1162 μετ’
1686 1094 1886 1148 αὐτῶν.

321 1186 430 1238 Καὶ
456 1183 611 1251 ἄφνω
646 1183 707 1236 :6
746 1181 871 1251 690;
911 1178 1032 1232 ὃλον
1057 1177 1177 1247 ὁρᾷ.
1209 1176 1349 1245 ὅπερ
1374 1178 1402 1229 6
1438 1177 1731 1248 Προφήτης
1757 1177 1890 1247 ῷκει

317 1268 459 1330 τότε,
494 1266 677 1317 ἵππων
703 1264 972 1331 πυρίνων,
1003 1260 1097 1313 καὶ
1132 1256 1396 1328 ἁρμάτων
1426 1259 1682 1314 τοιούτων
1720 1262 1884 1328 ἐμπε-

319 1351 652 1422 πλησμένον.
686 1346 857 1400 Τοῦτο
882 1345 941 1398 δὲ
966 1343 1115 1398 οὐδὲν
1143 1344 1329 1411 ἕτερον
1353 1336 1441 1412 ἦν,
1461 1344 1510 1396 εί
1539 1344 1615 1415 μὴ
1641 1342 1891 1413 ἀγγέλων

319 1432 680 1507 παρατάξεις.

396 1579 463 1648 β’.
486 1579 545 1632 Εἰ
573 1576 629 1629 δέ
658 1576 944 1646 Ἐλισσαίῳ
961 1576 1101 1647 ὑπὲρ
1115 1576 1302 1630 τούτου
1323 1576 1485 1648 μόνου
1498 1575 1733 1645 τοσαύτη
1751 1591 1893 1642 7:09-

320 1663 511 1716 είπετο
537 1661 685 1726 τάξις
728 1660 996 1729 ἀγγέλων,
1034 1660 1086 1714 τί
1113 1661 1346 1733 Παύλῳ;
1373 1658 1543 1714 Τοῦτο
1580 1660 1675 1713 καὶ
1698 1660 1726 1711 6
1758 1675 1893 1729 7:90-

320 1748 501 1818 φήτης
537 1744 698 1798 Δαυῖδ
746 1745 929 1814 ἔλεγε·
970 1744 1345 1814 Παρεμϐαλεῖ
1374 1744 1628 1815 ἅγγελος
1671 1744 1893 1810 Κυρίου

319 1826 524 1893 κύκλῴ
556 1828 675 1883 τῶν
710 1827 1097 1898 φοϐουμένων
1122 1829 1345 1882 αὐτόν·
1400 1830 1495 1881 καὶ
1534 1827 1717 1891 πάλιν,
1768 1825 1895 1879 Ἐπί

319 1911 533 1983 χειρῶν
545 1910 763 1980 ἀροῦσί
785 1926 878 1973 σε,
902 1909 1134 1979 μήποτε
1161 1911 1528 1979 προσκόψῃς
1544 1909 1694 1979 πρὸς
1717 1909 1894 1963 λίθον

320 1999 427 2051 τὸν
456 1994 617 2051 πόδα
642 2010 781 2048 σου.
821 1993 932 2047 Καὶ
966 1992 1019 2046 τί
1050 1992 1192 2059 λέγω
1224 1993 1522 2060 ἀγγέλουςς
1562 1990 1722 2054 αὐτὸς
1748 1994 1778 2045 6
1803 1995 1895 2044 Δε-

320 2080 523 2149 σπότης
550 2078 672 2132 τότε
724 2078 839 2147 μετ’
879 2074 1045 2129 αὐτοῦ
1075 2071 1144 2146 ἦν
1169 2075 1424 2140 ἐξιόντος.
1464 2077 1540 2130 Οὐ
1576 2076 1686 2147 γὰρ
1717 2077 1893 2148 δήπου

317 2165 397 2234 τῷ
429 2163 530 2234 μὲν
575 2161 831 2232 Ἀϐραὰμ
854 2160 1156 2227 ὠπτάνετο,
1185 2160 1323 2231 μετά
1349 2161 1407 2214 δέ
1438 2160 1631 2216 τούτου
1662 2162 1763 2215 οὐκ
1791 2158 1889 2234 ἦν’

317 2232 487 2308 αύτδς
514 2244 625 2315 γὰρ
646 2242 1014 2312 ἐπηγγείλατο
1037 2242 1211 2310 λέγων
1234 2261 1248 2274 ·
1288 2242 1437 2312 Ἐγώ
1451 2246 1570 2313 ειμι
1584 2246 1713 2313 μεθ’
1729 2232 1896 2314 ὐμῶ-

315 2329 532 2393 πάσας
554 2327 656 2389 τὰς
675 2326 899 2393 ἡμέρας
914 2324 1022 2391 ἓως
1039 2326 1148 2393 τῆς
1167 2326 1524 2391 συντελείας
1540 2326 1646 2381 τοῦ
1662 2326 1892 2394 αἰῶνος.

317 2412 435 2464 Καὶ
484 2410 647 2464 πάλιν
684 2408 870 2477 ὀφθεὶς
898 2408 1065 2479 αὐτῷ,
1102 2407 1257 2477 ἔλεγε
1281 2424 1294 2437 ⁸
1340 2408 1439 2476 Μὴ
1482 2408 1694 2478 φοϐοῦ,
1735 2410 1896 2465 ἀλλὰ

316 2493 515 2557 λάλει,
559 2491 651 2545 ὅτι
677 2489 794 2560 ἐγώ
830 2493 948 2559 ειμι
973 2490 1279 2559 μετὰσοῦ,
1320 2491 1419 2544 καί
1453 2491 1652 2558 οὐδεὶς
1679 2492 1895 2558 ἐπιθή-

318 2578 494 2631 σεταί
516 2590 618 2630 σοι
654 2574 764 2628 τοῦ
787 2575 1060 2629 κακῶσαί
1080 2589 1175 2629 σε.
1201 2575 1313 2629 Καὶ
1345 2577 1466 2628 κατ’
1499 2576 1631 2647 δναρ
1663 2578 1719 2630 δὲ
1743 2576 1893 2647 αὐτῷ

318 2663 525 2730 ἐπέστη
554 2659 730 2727 λέγων
752 2674 766 2687 ⁸
835 2658 1083 2727 Θάρσει·
1118 2659 1201 2724 ὡς
1251 2659 1361 2728 γὰρ
1403 2658 1770 2730 διεμαρτύρω
1820 2662 1894 2715 τὰ

316 2743 454 2810 περὶ
495 2744 640 2812 ἐμοῦ
673 2744 761 2809 είς
797 2742 1210 2811 Ἰερουσαλὴμ,
1240 2741 1394 2795 οὕτω
1439 2760 1516 2797 σε
1542 2744 1641 2798 δεῖ
1676 2746 1778 2799 καί
1822 2747 1897 2800 ἐν

330 2823 524 2895 Ῥώμῃ
535 2822 935 2893 μαρτυρῆσαι.
974 2824 1084 2877 Ἀεὶ
1103 2824 1201 2893 μὲν
1225 2819 1319 2877 οὖν
1333 2826 1382 2878 οί
1401 2824 1547 2892 άγιοι
1569 2825 1892 2897 θαυμαστοὶ,

320 2909 416 2962 καὶ
446 2908 649 2978 πολλῆς
681 2907 912 2978 γέμουσι
955 2908 1197 2978 χάριτος,
1257 2907 1492 2978 μάλιστα
1540 2908 1598 2962 δέ
1633 2909 1763 2963 ὅταν
1806 2911 1898 2964 διὰ

318 2991 557 3062 Χριστὸν
588 2990 987 3054 κινδυνεύωσιν,
1012 2990 1138 3043 ὅταν
1165 2989 1375 3059 δέσμιοι
1424 2990 1704 3058 γίνωνται.
1741 2993 1897 3046 Καθ-

318 3075 465 3143 άπερ
498 3073 606 3145 γάρ
644 3073 982 3144 στρατιώτης
1026 3074 1273 3141 γενναῖος
1314 3074 1400 3126 ἀεὶ
1445 3075 1543 3143 μὲν
1574 3076 1672 3129 καὶ
1704 3077 1896 3141 ἁπλῶς

318 3158 419 3228 ἡδὺ
448 3157 626 3226 θέαμα
640 3158 753 3219 τοῖς
768 3156 936 3227 ὁρῶσι
959 3154 1187 3223 γίνεται,
1214 3155 1447 3225 μάλιστα
1462 3156 1517 3210 δὲ
1533 3158 1661 3211 ὅταν
1687 3160 1896 3235 ἑστήκῃ

319 3242 417 3293 καὶ
465 3237 790 3312 παρατάττῃ
842 3237 973 3309 παρ’
1019 3238 1183 3291 αὑτὸν
1213 3238 1304 3291 τὸν
1357 3237 1613 3308 βασιλέαο
1654 3241 1799 3295 οὕτω
1830 3243 1896 3315 δὴ

318 3322 415 3375 καὶ
444 3322 659 3377 Παῦλον
680 3321 955 3392 ἐννόησον,
982 3323 1105 3375 ὅσον
1132 3317 1201 3392 ἦν
1229 3322 1358 3375 ίδεῖν
1380 3323 1521 3393 μετά
1543 3325 1652 3378 τῶν
1680 3326 1896 3396 δεσμῶν

317 3407 480 3460 αὐτὸν
517 3405 858 3458 διδάσκοντα.
905 3405 1059 3460 Εἴπω
1089 3406 1148 3458 τί
1176 3405 1381 3476 μεταξὺ
1430 3407 1523 3461 νῦν
1560 3408 1791 3462 ὑπελθόν
1827 3427 1896 3479 με

312 3488 533 3557 νόημα;
597 3487 654 3539 '0
710 3489 983 3557 μακάριος
1024 3485 1237 3558 μάρτυς
1282 3488 1532 3553 Βαϐύλας
1581 3490 1759 3560 ἐδέθη,
1803 3494 1897 3545 καὶ

316 3569 481 3632 αὐτὸς
509 3568 620 3621 ἀπὸ
662 3568 762 3638 τῆς
786 3569 958 3638 αὐτῆς
987 3570 1189 3634 αἰτίας,
1237 3570 1332 3638 ἀφ’
1373 3567 1442 3644 ἦς
1474 3572 1569 3625 καὶ
1618 3574 1893 3644 Ἰωάννης.

318 3651 547 3720 βασιλέα
603 3651 1024 3721 παρανομοῦντα
1076 3651 1323 3720 ἐλέγξας.
1392 3646 1561 3717 Οὗτος
1628 3655 1896 3709 τελευτῶν

315 3733 590 3803 ἐπέτρεψε
618 3734 686 3786 τά
724 3733 900 3803 δεσμά
932 3733 1153 3803 τεθῆναι
1199 3735 1339 3807 μετὰ
1369 3736 1463 3789 τοῦ
1501 3736 1771 3807 σώματος,
1801 3741 1895 3794 καὶ

313 3816 378 3869 :6
412 3816 579 3886 σῶμα
605 3815 886 3886 δεδεμένον
924 3818 1160 3887 ταφῆναι
1187 3836 1200 3848 ·
1229 3819 1323 3871 καὶ
1356 3818 1452 3872 νῦν
1479 3821 1536 3872 αἱ
1570 3820 1729 3873 πέδαι
1760 3824 1895 3875 κεῖνα

310 3915 412 3952 ται
457 3898 600 3967 μετά
627 3898 726 3966 τῆς
763 3898 985 3969 τέφρας.
1022 3899 1289 3964 Τοσοῦτος
1320 3896 1389 3971 ἦν
1417 3901 1567 3973 αὐτῴ
1598 3902 1761 3967 πόθος
1787 3906 1893 3958 τῶν

309 3981 408 4035 διὰ
435 3979 675 4052 Χριστὸν
695 3978 927 4047 δεσμῶν.
956 3981 1212 4051 Σίδηρον
1249 3982 1500 4052 διῆλθεν
1521 3986 1560 4053 ἠ
1587 3987 1758 4055 ψυχὴ
1788 3990 1895 4042 αὐ-

309 4062 452 4126 τοῦ,
484 4063 513 4115 6
535 4061 829 4132 Προφήτης
850 4067 983 4134 φησὶ
1011 4066 1139 4135 περὶ
1163 4064 1259 4118 τοῦ
1298 4067 1517 4139 Ἰωσήφ.
1550 4069 1686 4139 Ἤδη
1713 4069 1769 4121 δὲ
1800 4072 1896 4123 καὶ

311 4148 580 4214 γυναῖκες
615 4144 819 4197 τούτων
846 4145 1038 4199 ἔλαϐον
1084 4152 1279 4217 πεῖραν
1311 4149 1420 4202 τῶν
1469 4149 1686 4221 δεσμῶν
1716 4169 1728 4181 ·
1778 4153 1893 4205 ἀλλ’

309 4232 480 4298 ἡμεῖς
497 4229 559 4281 οὐ
579 4227 778 4297 δεσμού
788 4228 945 4298 μεθα.
966 4229 1099 4281 Οὐδέ
1117 4231 1275 4282 τοῦτο
1296 4233 1568 4297 παραινῶ,
1588 4234 1783 4304 καιροῦ
1801 4236 1895 4287 νῦν

313 4316 418 4367 οὐκ
443 4315 600 4377 ὖντος
618 4331 633 4344 ’
669 4313 804 4367 άλλά
831 4314 895 4366 σὺ
926 4315 1000 4384 μὴ
1027 4314 1195 4387 δήσῃς
1224 4317 1319 4377 τὰς
1344 4320 1551 4387 χεῖρας,
1573 4318 1712 4372 άλλά
1736 4320 1895 4391 δῆσον

312 4399 414 4465 τὴν
445 4396 711 4450 διάνοιαν.
747 4396 907 4448 Ἐστι
963 4398 1058 4449 καὶ
1087 4398 1223 4451 ἄλλα
1269 4398 1476 4467 δεσμάο
1521 4402 1569 4452 οἱ
1617 4401 1787 4455 ταῦτα
1820 4403 1895 4473 μὴ

315 4483 595 4550 φέροντες,
632 4482 818 4534 ἐκεῖνα
846 4481 1106 4533 οἴσουσιν.
1147 4474 1349 4535 Ἀκουε
1393 4482 1487 4536 τοῦ
1537 4485 1771 4555 Χριστοῦ
1806 4486 1893 4538 λέ-

314 4581 506 4630 γοντος
527 4581 540 4592 ο
565 4562 801 4628 Δήσατε
823 4563 1012 4618 αὺτοῦ
1033 4563 1234 4632 χεῖρας
1261 4565 1358 4617 καί
1388 4566 1596 4632 πόδας.
1634 4566 1795 4621 Ἀλλά
1821 4569 1894 4640 μὴ

315 4647 530 4713 γένοιτο
548 4649 744 4713 πεῖραν
768 4645 995 4699 ἐκείνων
1011 4645 1213 4713 λαϐεῖν,
1235 4648 1443 4703 τούτων
1467 4650 1523 4702 δὲ
1548 4650 1656 4702 τῶν
1681 4651 1895 4720 δεσμῶν

317 4728 414 4781 καὶ
438 4726 822 4797 ἐμπλησθῆναι
848 4729 1081 4796 γένοιτο.
1116 4731 1214 4784 Διὰ
1246 4729 1417 4784 ταῦτα
1441 4731 1627 4800 ἔλεγεν
1646 4749 1660 4761 '
1699 4734 1839 4803 Ἐγὼ
1864 4737 1895 4787 ό

314 4810 565 4879 δέσμιος
581 4810 654 4863 ἐν
680 4811 874 4878 Κυρίῳ
899 4813 1227 4879 παρακαλῶ
1245 4813 1424 4881 ὑμᾶς,
1456 4816 1638 4881 ἀξίως
1653 4832 1896 4885 περιπα-

315 4893 501 4959 τῆσαι
552 4892 664 4961 τῆς
719 4893 997 4961 κλήσεως
1044 4890 1121 4965 ἧς
1169 4896 1493 4965 ἑκλήθητε³
1557 4900 1652 4951 καὶ
1709 4902 1893 4963 πάλιν,

317 4975 582 5045 Κεφαλήν
630 4976 831 5046 ἔχομεν
883 4977 976 5028 τὸν
1008 4977 1266 5047 Χριστόν.
1320 4981 1615 5051 Συνήγειρε
1662 4983 1771 5051 γὰρ
1804 4986 1897 5036 καὶ

320 5060 673 5115 συνεκάθισεν
699 5062 847 5132 ἡμᾶς
880 5063 939 5113 ἐν
965 5065 1077 5125 τοῖς
1104 5064 1446 5133 ἐπουρανίοις
1470 5057 1696 5136 ἐχθροὺς
1715 5068 1895 5132 ὄντας,

317 5145 411 5198 καὶ
434 5144 607 5215 μυρία
630 5145 1045 5215 ἐργασαμένους
1067 5147 1233 5200 κακά.
1260 5148 1538 5218 Μεγάληή
1567 5149 1777 5220 κλῆσις,
1802 5153 1897 5205 καὶ⁵

314 5228 409 5279 ἐπὶ
445 5227 729 5296 μεγάλοις,
764 5228 866 5296 οὐχ
906 5228 988 5281 ὅτι
1024 5230 1119 5283 ἀπ’
1166 5230 1394 5283 ἐκείνων
1443 5232 1625 5301 μόνον,
1660 5232 1775 5286 ἀλλ’
1814 5237 1898 5289 ὃτι

314 5311 411 5361 καὶ
439 5310 535 5361 ἐπὶ
567 5310 818 5375 τοιαῦτα,
851 5312 945 5364 καὶ
975 5312 1198 5382 τοιούτῳ
1224 5313 1431 5385 τρόπῳ.

384 5457 512 5520 Πῶς
541 5457 601 5510 δὲ
632 5458 782 5512 ἐστιν
827 5460 994 5525 ἀξίως
1044 5462 1455 5534 περιπατῆσαι;
1496 5466 1657 5519 Μετὰ
1693 5467 1899 5536 πάσης

313 5544 905 5611 ταπεινοφροσύνης.
972 5546 1032 5597 '0
1070 5546 1310 5610 τοιοῦτος
1367 5544 1533 5614 ἀξίως
1572 5556 1895 5619 περιπατεῖ·

309 5623 471 5677 τοῦτο
508 5624 720 5695 ἀρετῆς
751 5626 935 5696 πάσης
969 5627 1244 5692 ὑπόθεσις.
1277 5629 1390 5703 [71]
1413 5633 1509 5684 Ἂν
1530 5633 1781 5698 ταπεινὸς
1809 5631 1895 5707 ᾖς,

310 5707 409 5759 καὶ
448 5707 726 5778 ἐννοήσῃς
770 5709 855 5770 τίς
900 5708 978 5760 ὣν
1006 5711 1121 5773 πῶς
1170 5713 1400 5782 ἐσώθης,
1461 5716 1716 5786 ἀφορμὴν
1764 5719 1900 5789 πρὸς

308 5790 513 5861 ἀρετὴν
560 5789 870 5859 λαμϐάνεις
922 5792 1021 5862 τὴν
1062 5797 1300 5865 μνήμην,
1361 5796 1483 5849 οὗτε
1520 5803 1631 5862 τοῖς
1677 5799 1894 5870 δεσμοῖς

1990 510 2229 581 ἐπαίρῃ,
2283 510 2404 562 οὔτε
2438 511 2617 574 αὐτοῖς
2666 509 2873 574 τούτοις
2915 507 2998 574 οἷς
3041 509 3211 574 εἷπον,
3249 515 3367 567 ἀλλ’
3399 517 3554 580 εἰδὼς

1986 591 2068 643 ὅτι
2096 593 2156 644 τὸ
2185 594 2293 645 πᾶν
2328 593 2433 660 τῆς
2468 593 2686 662 χάριτός
2720 595 2855 654 ἐστι,
2896 595 3198 660 συστέλλεις
3239 597 3455 650 σαυτόν.
3498 596 3557 648 ’0

1986 675 2365 745 ταπεινόφρων
2396 677 2490 728 καὶ
2522 676 2818 746 εὐγνώμων
2854 678 3073 731 δύναται
3104 675 3243 732 εἶναι
3272 680 3365 732 καὶ
3394 680 3558 749 εὐχά-

1989 773 2170 826 ριστος
2195 759 2434 827 οἰκέτης.
2466 759 2527 813 Τί
2550 760 2661 828 γὰρ
2685 760 2866 829 ἔχεις,
2899 764 3082 831 φησὶν,
3101 763 3131 817 ὃ
3161 766 3275 818 οὐκ
3301 763 3513 828 ἔλαϐες
3535 780 3553 824 ;

1991 841 2189 893 ’Δκουε
2229 841 2287 894 δὲ
2342 841 2504 894 πάλιν
2556 841 2722 895 αὑτοῦ
2782 843 3026 912 λέγοντος
3057 861 3070 874 ⁸
3121 849 3558 914 Περισσότερον

1987 922 2186 977 αὐτῶν
2223 923 2467 978 πάντων
2505 926 2824 990 ἐκοπίασα,
2867 930 2978 981 οὐκ
3031 928 3147 999 ἐγὼ
3196 929 3285 995 δὲ,
3347 929 3483 984 ἀλλ’
3517 930 3555 996 ἡ

1987 1005 2160 1074 χάρις
2202 1008 2309 1061 τοῦ
2351 1008 2499 1062 Θεοῦ
2535 1009 2574 1075 ἡ
2609 1008 2731 1062 σὺν
2758 1010 2910 1079 ἐμοί.
2943 1014 3106 1066 Μετὰ
3143 1012 3367 1079 πάσης.
3399 1013 3555 1085 φησὶ,

1987 1093 2563 1160 ταπεινοφροσύνης,
2600 1092 2675 1162 μὴ
2703 1091 2803 1161 τῆς
2834 1095 2893 1145 ἐν
2924 1095 3157 1164 ῥήμασι,
3178 1094 3312 1165 μηδὲ
3341 1097 3398 1148 ἐν
3421 1093 3560 1161 πρά-

1987 1187 2158 1239 γμασι
2194 1174 2397 1239 μόνοις,
2421 1173 2559 1227 ἀλλὰ
2580 1174 2673 1227 καὶ
2705 1174 2763 1226 ἐν
2788 1177 3027 1245 σχήματι
3054 1176 3147 1229 καὶ
3169 1178 3227 1229 ἐν
3246 1176 3521 1245 φθέγματι
3541 1191 3552 1201 ·

1992 1254 2068 1324 μὴ
2102 1257 2240 1327 πρὸς
2269 1253 2455 1311 τοῦτον
2492 1257 2590 1328 μὲν
2618 1259 2891 1324 ταπεινὸς,
2924 1261 3058 1330 πρὸς
3097 1261 3154 1312 δὲ
3180 1262 3385 1313 ἐκεῖνον
3424 1260 3559 1334 ορα-

1991 1338 2114 1400 σύς·
2167 1342 2304 1409 πρὸς
2340 1341 2547 1404 πάντας
2598 1340 2691 1394 ἐσο
2731 1343 3006 1407 ταπεινὸς,
3049 1343 3153 1396 κᾶν
3203 1339 3417 1414 φίλοςῇ
3457 1342 3560 1395 κᾶν

1988 1421 2204 1495 ἐχθρὸς»
2238 1425 2341 1477 κᾶν
2374 1424 2547 1493 μέγας
2585 1423 2687 1478 κᾶν
2721 1428 2917 1496 μικρός
2951 1443 2966 1459 ⁸
3008 1426 3166 1480 τοῦτο
3197 1443 3558 1494 ταπεινοφροςο

1992 1504 2146 1576 σύνη.
2205 1506 2314 1560 Καὶ
2367 1509 2424 1559 ἐν
2483 1509 2598 1571 τοῖς
2651 1508 3073 1579 κατορθώμασιν
3137 1509 3227 1563 έσο
3278 1508 3553 1571 ταπεινός.

1994 1590 2192 1642 Ἄκουε
2246 1590 2353 1660 γάρ
2407 1589 2503 1643 τοῦ
2556 1591 2794 1662 Χριστοῦ
2851 1592 3134 1660 λέγοντος,
3171 1591 3459 1660 Μακάριοι
3505 1594 3557 1643 οἱ

1990 1671 2210 1740 πτωχοί
2242 1672 2322 1737 τῷ
2356 1674 2672 1742 πνεύματι,
2714 1674 2995 1728 καὶτοῦτο
3041 1676 3255 1746 πρῶτον
3294 1673 3554 1735 τιθέντος.

1989 1755 2089 1808 Διὰ
2126 1756 2286 1809 τοῦτο
2312 1758 2409 1810 καὶ
2437 1757 2601 1819 αὑτός
2646 1773 2800 1828 φησι·
2836 1758 2997 1813 Μετὰ
3043 1759 3249 1826 πάσης
3288 1774 3557 1812 ταπεινο-

1991 1838 2304 1907 φροσύνης
2330 1838 2427 1892 καί
2459 1840 2792 1906 πραότητος
2816 1840 2915 1895 καὶ
2937 1842 3366 1910 μακροθυμίας.
3402 1842 3557 1893 Ἔστι

1990 1923 2101 1991 γὰρ
2134 1921 2389 1975 ταπεινὸν
2426 1923 2523 1992 μὲν
2553 1917 2711 1982 εἶναι.
2753 1923 2880 1987 ὀξὺν
2926 1924 2983 1977 δὲ
3024 1927 3118 1979 καὶ
3159 1926 3408 1996 ὀργίλον·
3442 1925 3558 1977 ἀλλ’

1990 2006 2142 2059 οὐδὲν
2182 2005 2375 2074 ὄφελος
2397 2022 2409 2035 ο
2442 2005 2698 2069 πολλάκις
2720 2006 2830 2078 γάρ
2859 2007 2965 2060 ὑπὸ
2994 2009 3092 2078 τῆς
3118 2009 3290 2080 ὀργῆς
3333 2011 3559 2079 κατεχό-

1993 2105 2172 2158 μενος.
2199 2089 2375 2142 πάντα
2396 2088 2692 2141 ἀπώλεσεν.
2741 2090 3138 2159 Ἀνεχόμενοι,
3166 2095 3349 2161 φησὶν,
3373 2093 3563 2158 ἀλλή-

1990 2173 2117 2224 λων
2141 2171 2212 2224 ἐν
2238 2169 2461 2239 ἀγάπῃ.
2496 2170 2619 2235 Πῶς
2647 2173 2934 2243 ἀνέχεσθαι
2967 2174 3211 2237 δυνατὸν,
3252 2176 3318 2227 ἂν
3347 2175 3560 2246 ὀργίλος

1991 2249 2047 2327 ᾗ,
2080 2252 2147 2307 ἂν
2164 2255 2467 2325 κατήγορος
2490 2273 2504 2320 ;
2538 2250 2673 2308 Εἶπε
2692 2256 2895 2309 καὶτὸν
2919 2256 3146 2326 τρόπον⁸
3212 2257 3306 2308 Ἐν
3336 2256 3557 2325 ἀγάπη,

1995 2337 2179 2407 φησίν.
2208 2336 2272 2389 Et
2307 2335 2401 2390 τοῦ
2439 2339 2686 2409 πλησίον,
2717 2339 2902 2410 φησὶν,
2938 2341 3039 2393 οὐκ
3073 2339 3262 2408 ἀνέχῃ,
3312 2339 3430 2402 πῶς
3465 2339 3557 2393 σοῦ

1992 2417 2239 2482 ἀνέξεται
2269 2421 2299 2473 6
2334 2420 2500 2486 656;;
2536 2424 2585 2476 εί
2612 2423 2773 2486 αὐτὸς
2805 2423 2895 2476 τὸν
2925 2422 3211 2492 ὁμόδουλον
3251 2422 3309 2475 οὐ
3350 2422 3552 2492 φέρεις,

1992 2501 2110 2566 πῶς
2140 2504 2205 2556 σὲ
2230 2505 2366 2557 οτσει
2390 2507 2418 2557 6
2442 2506 2750 2577 Δεσπότης;
2785 2506 2953 2561 Ἔνθα
2983 2506 3049 2561 ἂν
3145 2507 3355 2576 ἀγάπη,
3381 2507 3560 2560 πάντα

1990 2588 2147 2641 οἰστά
2175 2589 2312 2640 ἐστι.
2356 2588 2817 2655 Σπουδὰζοντες,
2854 2590 3009 2660 φησὶ,
3040 2591 3238 2660 τηρεῖν
3267 2591 3380 2659 τὴν
3421 2593 3556 2647 ἐνό-

1992 2688 2139 2738 τητα
2153 2670 2258 2723 τοῦ
2286 2672 2620 2740 πνεύματος
2639 2672 2708 2725 ἐν
2726 2672 2805 2737 τῷ
2822 2674 3144 2743 συνδέσμῳ
3165 2675 3273 2741 τῆς
3290 2677 3554 2745 εἰρήνης,

1992 2753 2163 2823 Δῆσον
2196 2749 2291 2807 οὖν
2313 2754 2413 2817 τάς
2442 2758 2629 2825 χεῖρας
2661 2758 2728 2827 τῇ
2766 2757 3056 2827 ἐπιεικείᾳ.
3096 2758 3261 2811 Πάλιν
3296 2761 3357 2813 :6
3393 2763 3555 2815 καλὸν

1991 2837 2163 2904 ὄνομα
2189 2836 2447 2906 ἤνθησεν,
2467 2839 2495 2889 6
2518 2837 2739 2908 δεσμόςο
2763 2838 3056 2910 ἀφήκαμεν
3078 2841 3256 2904 αὑτὸν,
3272 2843 3365 2897 καὶ
3386 2845 3547 2908 αὐτὸς

1993 2922 2124 2991 ἡμῖν
2150 2918 2310 2972 πάλιν
2345 2921 2637 2990 ἐπέδραμε.
2668 2921 2847 2985 Καλὸς
2875 2925 3080 2987 ἐκεῖνος
3108 2926 3137 2976 6
3157 2924 3374 2993 δεσμὸς,
3392 2927 3554 2991 καλὸς

1992 3003 2087 3057 καὶ
2124 2995 2305 3066 οὗτος·
2337 3002 2430 3058 καὶ
2461 3005 2666 3067 ἐκεῖνος
2696 3004 2803 3057 ἀπὸ
2828 3004 3025 3057 τούτου
3053 3006 3315 3060 τίκτεται.
3363 3008 3559 3078 Σύνδη-

1995 3102 2086 3138 σον
2129 3086 2325 3139 σαυτὸν
2361 3085 2438 3157 τῷ
2464 3086 2678 3157 άδελφῷ
2701 3103 2714 3118 ·
2761 3090 2809 3140 οί
2838 3087 3072 3141 τοιοῦτοι
3101 3087 3316 3143 ἅπαντα
3347 3090 3562 3159 κούφως

1993 3168 2252 3238 φέρουσιν
2292 3170 2341 3221 οί
2371 3170 2743 3237 συνδεδεμένοι
2778 3174 2845 3242 τῇ
2881 3171 3091 3243 ἀγάπη.
3131 3172 3332 3225 Σαυτὸν
3367 3175 3562 3243 ἐκείνῳ

2001 3251 2318 3322 πρόσδησον,
2355 3252 2607 3305 κάκεῖνόν
2639 3267 2754 3305 σοι·
2796 3254 3124 3324 ἀμφοτέρων
3155 3256 3217 3307 σὺ
3252 3256 3440 3327 κύριος
3465 3274 3477 3285 ο
3502 3258 3563 3311 δν

1992 3336 2101 3405 γὰρ
2125 3336 2191 3389 ἂν
2230 3335 2582 3404 βουλήσωμαι
2609 3336 2832 3403 ποιῆσαι
2868 3336 3043 3403 φίλον,
3070 3338 3391 3408 δυνήσομαι.
3423 3344 3563 3394 Μετ’

1990 3418 2275 3480 εὐκολίας
2328 3415 2792 3480 σπουδάζοντες.
2866 3419 3154 3470 Δείκνυσιν
3203 3422 3301 3489 οὐχ
3354 3423 3563 3487 ἁπλῶς,

1992 3501 2111 3554 οὐδὲ
2132 3499 2225 3552 τοῦ
2263 3498 2515 3567 τυχόντος
2548 3498 2610 3550 :6
2647 3500 2878 3568 πρᾶγμα
2905 3495 3064 3554 εἶναι.
3097 3503 3561 3574 Σπουδάζοντες,

1994 3582 2148 3651 φησι,
2174 3579 2375 3648 τηρεῖν
2394 3578 2509 3647 τὴν
2538 3579 2791 3647 ἑνότητα
2814 3581 2917 3636 τοῦ
2950 3585 3310 3654 πνεύματος.

2062 3736 2131 3796 7'.
2152 3728 2220 3780 Τί
2248 3728 2394 3780 ἐστιν
2416 3727 2605 3798 ἑνότης
2629 3729 2966 3799 πνεύματοςς
2993 3732 3259 3804 Καθάπερ
3276 3737 3333 3787 ἐν
3354 3737 3561 3807 σώματι

1992 3813 2211 3882 πνεῦμά
2242 3813 2359 3863 ἐστι
2390 3811 2450 3864 τὸ
2474 3812 2650 3865 πάντα
2693 3814 2938 3885 συνέχον,
2973 3818 3066 3870 καὶ
3105 3818 3163 3870 ’ἐν
3196 3836 3247 3870 τι
3278 3821 3466 3874 ποιοῦν
3506 3827 3567 3876 :6

1991 3899 2048 3949 ἐν
2073 3896 2351 3965 διαφόροις
2389 3893 2448 3947 δν
2484 3895 2701 3964 μέλεσιν
2728 3914 2740 3926 ·
2771 3898 2916 3952 οὕτω
2950 3899 3013 3969 δή
3061 3903 3150 3953 καὶ
3180 3904 3432 3958 ἐνταῦθα.
3466 3909 3566 3959 Διά

1993 3981 2100 4050 γὰρ
2128 3978 2286 4031 τοῦτο
2310 3978 2371 4031 :6
2399 3978 2618 4047 πνεῦμα
2644 3980 2821 4050 ἐδόθη.
2858 3982 2943 4035 ἵνα
2983 3986 3108 4047 τοὺς
3142 3987 3285 4053 γένει
3314 3989 3409 4041 καὶ
3442 3991 3566 4060 τρό-

1993 4080 2114 4123 ποις
2146 4061 2422 4131 διαφόροις
2454 4062 2805 4131 διεστηκότας
2835 4064 3032 4134 ἐνὼσῃ.
3060 4067 3117 4117 Ὀ
3141 4069 3246 4137 γάρ
3269 4071 3445 4138 γέρων
3473 4074 3566 4124 καὶ

1993 4148 2019 4196 6
2042 4145 2178 4208 νέος,
2211 4147 2239 4196 6
2261 4146 2425 4212 πένης
2449 4145 2541 4195 καὶ
2567 4143 2595 4195 6
2628 4144 2900 4205 πλούσιος,
2948 4149 2975 4198 6
2998 4150 3124 4209 παῖς
3160 4149 3254 4200 καὶ
3281 4152 3309 4201 6
3339 4151 3562 4221 ἔφηϐος,

1990 4232 2022 4299 ἡ
2054 4230 2190 4297 γυνὴ
2246 4230 2339 4280 καὶ
2367 4230 2395 4279 ὁ
2430 4226 2588 4296 ἀνὴρ,
2630 4229 2722 4280 καὶ
2761 4230 2904 4280 πᾶσα
2956 4229 3100 4301 ψυχὴ
3139 4231 3197 4283 ἓν
3246 4250 3297 4284 τι
3335 4235 3561 4301 γίνεται,

1992 4314 2084 4365 καὶ
2116 4311 2314 4380 μᾶλλον
2341 4310 2373 4378 ἢ
2410 4310 2456 4361 εἰ
2480 4310 2638 4378 σῶμα
2662 4310 2719 4364 ἓν
2752 4307 2838 4382 ἦν.
2860 4311 3074 4382 Ταύτης
3108 4314 3216 4384 γὰρ
3244 4315 3342 4385 τῆς
3368 4334 3564 4386 συγγε-

1992 4397 2140 4458 νείας
2180 4393 2359 4463 πολλῷ
2392 4394 2591 4462 μείζων
2628 4396 2832 4465 εκείνη,
2889 4397 2981 4448 καὶ
3016 4397 3217 4452 πλείων
3248 4402 3280 4471 ἡ
3310 4401 3565 4473 ἀκρίϐεια

1991 4480 2092 4545 τῆς
2134 4478 2400 4537 ὲνὼσεως.
2449 4476 2509 4527 Ἥ
2549 4476 2656 4546 γὰρ
2686 4479 2782 4545 τῆς
2828 4478 3005 4549 ψυχῆς
3038 4483 3301 4551 συνάφεια
3343 4486 3564 4557 ἀκριϐε-

1996 4562 2161 4630 στέρα
2186 4560 2351 4621 ἐστὶν,
2386 4559 2494 4627 ὅσῳ
2525 4561 2617 4612 καὶ
2647 4559 2792 4626 ἁπλῆ
2819 4562 2913 4612 καὶ
2968 4564 3246 4634 μονοειδής
3275 4569 3406 4620 ἐστι.
3441 4572 3566 4634 Πῶς

1992 4643 2048 4697 δὲ
2078 4641 2218 4711 αὕτη
2253 4641 2579 4710 φυλάττεται
2606 4657 2620 4704 ;
2666 4644 2766 4695 Ἐν
2795 4640 2875 4706 τῷ
2913 4644 3236 4713 συνδέσμῳ
3272 4646 3382 4713 τῆς
3410 4652 3567 4719 simi-

1994 4744 2127 4792 νης.
2162 4725 2273 4777 Ούκ
2296 4723 2443 4775 ἐστιν
2467 4725 2522 4775 ἐν
2544 4723 2713 4794 ἔχθρᾳ
2745 4728 2839 4777 καὶ
2864 4727 3144 4782 διαστάσει
3173 4729 3375 4800 ταύτην
3402 4727 3561 4788 εἶναι.

1995 4810 2188 4861 ’Ὅπου
2221 4808 2329 4876 γὰρ
2385 4806 2574 4873 ἔριδες
2608 4806 2721 4880 [72]
2756 4810 2824 4862 ἐν
2851 4811 3012 4879 ἡμῖν,
3066 4815 3219 4881 φησὶ,
3269 4815 3366 4868 καὶ
3400 4815 3565 4886 ζῆλοι

1995 4892 2091 4944 καὶ
2131 4890 2534 4958 διχοστασίαι,
2569 4891 2705 4959 οὐχὶ
2755 4896 3032 4959 σαρκικοί
3081 4897 3242 4959 ἐστε,
3288 4898 3565 4952 καὶκατὰ

1994 4973 2308 5040 ἄνθρωπον
2360 4976 2772 5041 περιπατεῖτε;
2834 4977 3103 5047 Καθάπερ
3166 4980 3273 5049 γὰρ
3321 4980 3378 5046 :6
3433 4981 3563 5049 πῦρ,

1994 5055 2120 5108 ὅταν
2159 5055 2257 5125 μὲν
2289 5054 2430 5124 ξηρά
2462 5053 2599 5125 εὕρῃ
2628 5054 2779 5121 ξύλα,
2812 5058 2940 5126 μίαν
2970 5059 3039 5110 τὰ
3066 5058 3241 5110 πάντα
3273 5061 3563 5130 ἐργάζεται

1998 5140 2199 5211 πυρὰν,
2228 5140 2356 5192 ὅταν
2384 5139 2439 5191 δέ
2461 5140 2624 5210 ὑγρὰ,
2651 5141 2772 5193 οὐδὲ
2791 5143 3002 5210 ἐνεργεῖ
3026 5142 3145 5193 οὐδὲ
3168 5144 3527 5209 συγκολλᾶται
3548 5165 3560 5177 ο

1995 5222 2135 5276 οὕτω
2179 5222 2274 5275 καὶ
2325 5220 2598 5274 ἐνταῦθα’
2644 5222 2794 5274 οὐδὲν
2852 5224 2959 5273 τῶν
2997 5223 3221 5292 ψυχρῶν
3267 5226 3433 5296 αὐτὴν
3481 5245 3566 5280 συ-

1997 5305 2215 5373 σφίγξαι
2234 5303 2472 5366 δύναται,
2503 5303 2732 5356 ἕκαστον
2751 5305 2808 5356 δέ
2832 5304 2905 5366 ὡς
2934 5305 3026 5355 ἐπὶ
3049 5304 3107 5356 τὸ
3137 5305 3271 5359 πολὺ
3296 5307 3405 5361 τῶν
3435 5309 3560 5379 θερ-

1999 5387 2136 5458 μῶν.
2184 5387 2315 5440 Ἀπὸ
2347 5385 2537 5439 τούτου
2563 5386 2693 5454 γοῦν
2725 5386 2819 5437 καὶ⁹
2848 5388 2879 5454 ἡ
2915 5386 3187 5456 θερμότης
3214 5390 3312 5459 τῆς
3338 5392 3561 5459 ἀγάπης

1994 5470 2277 5523 τίκτεται·
2317 5469 2426 5522 ἀπὸ
2468 5468 2562 5521 τοῦ
2600 5467 2899 5535 συνδέσμου
2938 5469 3035 5538 τῆς
3065 5472 3286 5543 εἰρήνης
3319 5474 3564 5542 βούλεται

1997 5554 2254 5623 συνδῆσαι
2286 5552 2490 5625 πάντας
2545 5552 2713 5620 ἡμᾶς.
2744 5551 3009 5621 Καθάπερ
3054 5556 3181 5624 γὰρ,
3231 5558 3414 5623 φησὶν,
3468 5560 3564 5608 ἐάν

1997 5638 2152 5707 θέλῃς
2186 5635 2378 5689 σαυτὸν
2426 5632 2596 5702 ἑτέρῳ
2631 5634 2930 5704 προσδῆσαι
2958 5674 2973 5698 ,
3014 5636 3189 5699 ἄλλως
3231 5639 3290 5688 οὐ
3334 5638 3559 5711 δυνήσῃ,

1998 5721 2110 5773 ἀλλ’
2142 5720 2175 5787 ἢ
2223 5719 2310 5771 διά
2339 5717 2434 5769 τοῦ
2469 5718 2719 5768 κάκεῖνον
2776 5719 2955 5789 σαυτῷ
3009 5721 3333 5790 προσδήσαι,
3373 5724 3464 5772 καὶ
3519 5728 3568 5776 εί

2003 5804 2203 5862 ἐθέλοις
2226 5798 2442 5851 διπλοῦν
2468 5800 2685 5867 ποιῆσαι
2716 5800 2804 5852 τὸν
2835 5802 3051 5871 δεσμὸν,
3082 5807 3182 5873 χρὴ
3213 5802 3465 5855 κάκεῖνόν
3490 5820 3572 5856 σοι
