3932 6220
389 296 458 353 73
1062 291 1120 348 S.
1157 289 1444 348 JOANNIS
1480 288 1966 346 CHRYSOSTOMI
2016 289 2335 346 AllClllEP.
2371 288 2927 349 CONSTANTINOP.
3569 297 3639 350 τε

387 402 784 476 προσδεθῆναιο
827 400 973 456 οὑτω
1008 404 1102 456 καὶ
1143 402 1376 457 ἐνταῦθα
1424 403 1676 475 ἀλλήλοις
1728 401 1955 474 προσδε-

385 487 572 542 δέσθαι
599 486 871 558 βούλεται,
905 487 1003 557 οὑχ
1035 486 1221 550 ἁπλῶς
1250 486 1572 557 εἰρηνεύειν,
1606 486 1728 539 οὐδὲ
1769 485 1958 549 ἁπλῶς

384 571 582 642 φιλεῖν,
613 570 731 623 ἀλλ’
764 572 822 623 ἐν
849 572 1015 623 πᾶσιν
1044 565 1182 622 εἶναι
1213 570 1342 639 μίαν
1371 569 1573 641 ψυχήν.
1600 568 1778 630 Καλὸς
1805 562 1958 630 οὗτος

382 666 411 716 ὁ
436 659 662 731 δεσμός·
691 657 963 727 τούτῳπῷ
990 657 1175 728 δεσμῷ
1192 658 1289 711 καὶ
1307 657 1559 727 ἀλλήλοις
1581 657 1676 710 καὶ
1702 656 1834 728 πρὸς
1866 655 1961 708 τὸν

382 745 514 798 Θεὸν
553 742 906 814 συνδήσωμεν
937 740 1184 803 ἑαυτούς.
1218 742 1292 795 Ού
1324 741 1520 805 θλίϐει,
1549 740 1608 793 o6
1640 739 1821 802 πιέζει
1853 738 1954 802 τὰς

380 827 668 896 δεδεμένας
695 828 884 896 χεῖρας
915 819 1070 888 οὗτος
1100 826 1129 877 ό
1157 823 1375 895 δεσμὸς,
1410 824 1525 877 ἀλλ’
1556 824 1743 894 ἀνίησι
1776 821 1871 875 καὶ
1899 821 1959 875 ἐν

380 908 691 983 εὐρυχωρίᾳ
713 907 1006 978 καθίστησι
1034 907 1202 977 πολλῇ
1238 907 1334 960 καὶ
1356 906 1464 960 τῶν
1494 906 1804 977 λελυμένων
1828 902 1959 974 μάλα

380 995 470 1047 λον
526 991 882 1062 εὐθυμεῖσθαι
924 992 1090 1044 ποιεῖ.
1149 991 1208 1044 Ὀ
1256 990 1476 1062 ἰσχυρὸς
1528 990 1625 1043 καὶ
1676 986 1959 1057 δεδεμένος

382 1077 519 1147 μετά
544 1074 639 1130 τοῦ
677 1074 940 1138 ἀσθενοῦς
972 1073 1326 1138 διαϐαστάζει
1365 1090 1426 1127 τε
1452 1076 1678 1136 ἐκεῖνον,
1720 1072 1815 1124 καὶ
1855 1070 1956 1123 οὐκ

378 1162 601 1232 ἀφίησιν
633 1158 967 1213 ἀπολέσθαιο
1019 1159 1121 1211 κᾶν
1170 1157 1310 1228 μετά
1342 1156 1436 1210 τοῦ
1491 1155 1738 1228 ῥᾳθύμου
1784 1170 1957 1225 προσ-

378 1244 529 1315 δεθῇ,
563 1243 823 1313 διεγείρει
876 1242 1077 1312 μᾶλλον
1110 1242 1295 1297 αὑτόν.
1361 1239 1643 1310 Ἁδελφός
1687 1239 1797 1308 γὰρ
1833 1238 1954 1293 ὑπὸ

377 1327 647 1396 ἀδελφοῦ
695 1326 1130 1393 βοηθούμενος,
1173 1324 1360 1393 φησὶν,
1408 1324 1489 1390 ὡς
1533 1324 1712 1387 πόλις
1738 1318 1950 1391 ὀχυρά.

377 1409 596 1482 Ταύτην
625 1407 723 1479 τὴν
762 1406 954 1461 ἆλυσιν
987 1409 1086 1478 οὑχ
1114 1408 1249 1460 όδῶν
1278 1407 1555 1477 διάστημα
1589 1405 1833 1459 κωλῦσαι
1858 1401 1952 1455 δύο

377 1511 559 1557 ναται,
603 1494 705 1545 οὑκ
750 1490 999 1563 οὐρανὸς,
1027 1491 1089 1543 οὑ
1129 1491 1225 1561 γῆ,
1259 1489 1320 1542 o6
1373 1489 1637 1552 θάνατος,
1669 1488 1769 1541 οὑκ
1823 1484 1953 1539 ἄλλο

375 1577 530 1630 οὐδὲν
550 1615 565 1639 ,
602 1573 740 1628 ἀλλά
763 1574 979 1627 πάντων
1017 1574 1134 1625 ἐστὶ
1166 1571 1437 1643 κρείττων
1461 1572 1556 1625 καὶ⁵
1592 1569 1949 1640 ἰσχυροτέραο

376 1659 517 1731 αῦτη
562 1660 657 1712 καὶ
683 1655 791 1710 ἀπὸ
823 1657 953 1727 μιᾶς
999 1655 1255 1726 τεχθεῖσα
1289 1655 1487 1725 ψυχῆς,
1536 1653 1760 1706 δύναται
1814 1650 1949 1722 όμοῦ

377 1741 605 1804 πολλοὺς
651 1738 987 1809 περιλαϐεῖν.
1024 1738 1222 1790 ’Ἄκουε
1263 1735 1373 1809 7&9
1409 1735 1622 1790 Παύλου
1664 1735 1946 1803 λέγοντος·

368 1827 451 1878 Οὐ
474 1821 945 1893 στενοχωρεῖσθε
981 1821 1051 1874 δὲ
1078 1819 1150 1874 ἐν
1181 1818 1306 1886 τοῖς
1337 1817 1721 1888 σπλάγχνοις
1757 1816 1947 1886 ὑμῶν.

372 1903 720 1975 Πλατύνθητε
752 1902 846 1957 καὶ
883 1905 1062 1972 ὑμεῖς.
1096 1900 1162 1955 Τί
1190 1901 1254 1973 δὴ
1282 1897 1375 1955 οὖν
1406 1899 1597 1954 τοῦτον
1625 1899 1948 1970 λυμαίνεται

369 1988 461 2042 τὸν
489 1987 722 2058 δεσμόν;
758 1986 1075 2057 Χρημάτων
1113 1983 1274 2054 ἔρως,
1304 1982 1617 2054 φιλαρχίας,
1661 1981 1821 2052 δόξης
1855 1981 1955 2034 καὶ.

369 2072 478 2125 τῶν
517 2071 693 2124 ἀλλων
737 2068 1029 2123 τοιούτων·
1082 2067 1312 2139 χαύνους
1368 2067 1571 2129 αὑτοὺς
1600 2077 1629 2106 α
1671 2067 1817 2118 ποιεῖ
1854 2064 1948 2118 καὶ

368 2155 669 2209 διακόπτει.
697 2153 820 2217 Πῶς
850 2148 963 2217 οὖν,
992 2151 1079 2204 ἵνα
1112 2151 1186 2221 μή
1213 2149 1584 2214 διακοπῶσιν;
1629 2148 1756 2202 Ἐὰν
1771 2148 1955 2202 ταῦτα.

371 2236 612 2291 ἐκποδὼν
640 2235 888 2305 γένηται,
913 2235 1009 2287 καὶ
1042 2233 1207 2304 μηδὲν
1238 2230 1544 2304 παρενοχλῇ
1577 2230 1691 2284 τῶν
1711 2230 1947 2300 διαφθει-

375 2322 573 2393 ρόντων
590 2321 690 2389 τὴν
718 2317 963 2387 ἀγάπην.
995 2317 1195 2368 Ἀκουε
1229 2315 1340 2383 γὰρ
1370 2314 1465 2365 τοῦ
1498 2313 1736 2386 Χριστοῦ
1764 2313 1952 2382 λέγονα

370 2417 492 2465 τος·
547 2401 734 2454 Ὅταν
773 2396 1093 2465 πληθυνθῇ
1144 2397 1180 2463 ἡ
1214 2396 1466 2464 ἀνομία,
1514 2395 1860 2464 ψυγήσεται
1904 2395 1945 2465 η

368 2483 569 2555 ἀγάπη
604 2481 723 2537 τῶν
746 2479 1013 2534 πολλῶν.
1052 2478 1216 2531 Οὐδὲν
1245 2475 1420 2540 οὕτως
1456 2478 1700 2530 ἐναντίον
1730 2478 1941 2549 ἀγάπῃ,

368 2570 443 2632 ὡς
476 2565 742 2639 ἁμαρτία,
776 2565 873 2617 καὶ
909 2564 970 2616 o6
1019 2562 1164 2630 λέγω
1207 2563 1274 2632 τῇ
1310 2561 1446 2628 πρὸς
1484 2559 1576 2613 τὸν
1617 2558 1773 2625 Θεὸν,
1807 2561 1943 2613 ἀλλά

367 2654 467 2705 καὶ
493 2654 558 2723 τῇ
600 2649 736 2721 «9b.;
766 2647 857 2701 τὸν
888 2646 1135 2717 πλησίον.
1167 2645 1291 2707 Πῶς
1325 2640 1418 2696 οὖν
1445 2645 1540 2697 καὶ
1573 2644 1768 2715 λῃσταὶ
1794 2645 1944 2715 είρη-

366 2735 603 2796 νεύουσι,
631 2730 799 2803 φησί;
855 2730 1012 2794 Πότε,
1055 2727 1176 2781 είπέ
1214 2744 1337 2798 μοι;
1392 2727 1654 2790 Πάντως,
1697 2728 1827 2780 ὅταν
1878 2728 1945 2780 οὑ

364 2815 643 2891 λῃστρικῷ
681 2813 870 2885 τρόπῳ
896 2812 1229 2882 χρήσωνται.
1264 2810 1362 2862 Ἂν
1390 2809 1497 2881 7&9
1525 2811 1586 2862 ἐν
1613 2809 1818 2876 αὑτοῖς,
1858 2805 1940 2875 οἷς

366 2901 435 2954 ἂν
457 2898 843 2967 διανέμωνται,
876 2894 950 2964 μὴ
985 2892 1110 2954 τοὺς
1134 2892 1331 2961 νόμους
1361 2891 1640 2960 φυλάξωσι
1682 2893 1811 2956 τοὺς
1844 2891 1939 2945 τοῦ

364 2983 598 3047 δικαίου,
639 2980 735 3034 καὶ
771 2980 985 3048 ἐκάστῳ
1017 2977 1362 3046 ἀπονείμωσι
1403 2975 1464 3028 τὸ
1510 2974 1738 3041 δίκαιον,
1771 2976 1940 3048 εὑρή-

366 3083 481 3130 σεις
517 3067 583 3119 ἀν
626 3061 914 3123 κάκείνους
972 3062 1029 3112 ἐν
1078 3057 1337 3129 πολέμοις
1365 3059 1462 3111 καὶ
1515 3058 1738 3127 μάχαις.
1773 3059 1941 3112 Ὥστε

361 3149 484 3203 οὑδέ
510 3149 568 3202 ἐν
597 3148 710 3209 τοῖς
743 3146 935 3207 κακοῖς
964 3143 1063 3214 τήν
1103 3143 1328 3211 εἰρήνην
1361 3139 1508 3193 ἐστιν
1542 3140 1758 3210 εὑρεῑνο
1799 3157 1939 3196 παν-

360 3233 527 3303 ταχοῦ
561 3230 618 3284 δὲ
648 3231 855 3299 ταύτην
889 3225 1036 3280 ἐστιν
1062 3225 1266 3296 εὑρεῖν,
1293 3224 1427 3277 ὅπου
1458 3223 1525 3276 ἂν
1558 3225 1700 3293 μετὰ
1729 3223 1936 3278 δικαιο-

362 3315 528 3386 σύνης
559 3313 658 3367 καὶ
709 3309 913 3384 ἀρετῆς
978 3307 1185 3379 βιῶσιν.
1245 3305 1409 3360 Ἀλλά
1467 3306 1558 3373 τίς
1609 3307 1937 3377 ἀντερασταὶ

358 3395 775 3468 είρηνεύουσιν;
821 3391 1107 3462 Οὐδαμῶς.
1172 3387 1336 3444 Ἀλλά
1382 3388 1505 3441 τίνα
1541 3387 1718 3458 βούλει
1765 3389 1933 3454 almo;

359 3479 697 3548 Πλεονέκτης
755 3476 893 3547 μετά
942 3472 1266 3526 πλεονέκτου
1316 3472 1418 3524 οὑκ
1477 3471 1544 3524 ἂν
1595 3468 1935 3543 εἰρηνεύσειέ

359 3576 524 3614 ποτε·
565 3561 641 3622 ὡς
679 3559 732 3610 εί
755 3575 820 3627 γε
861 3557 936 3627 μὴ
970 3551 1110 3627 ἦσαν
1143 3554 1341 3607 δίκαιοι
1386 3552 1482 3605 καὶ
1515 3555 1800 3618 ἐπιεικεῖς,
1840 3553 1934 3605 καὶ

358 3640 708 3712 ἀδικούμενοι
760 3640 963 3710 μεταξὺ
1017 3636 1229 3701 αὑτῶν,
1281 3636 1377 3688 καὶ
1424 3635 1725 3706 διεσπάσθη
1780 3635 1847 3689 ἂν
1872 3637 1933 3689 τὸ

357 3726 533 3794 γένος.
569 3722 834 3792 Καθάπερ
863 3722 970 3791 7&9
999 3719 1094 3773 δύο
1125 3718 1330 3789 θηρίων
1362 3717 1568 3786 σφόδρα
1597 3717 1929 3785 πεινώντων,

359 3807 477 3880 [75]
495 3807 559 3861 ἂν
586 3806 660 3876 μή
691 3821 745 3857 τι
774 3802 986 3873 γένοιτο
1017 3801 1177 3872 μέσον
1203 3799 1264 3851 τὸ
1296 3799 1596 3868 δυνάμενον
1627 3800 1717 3853 ὑπ’
1748 3801 1931 3855 αὑτῶν

358 3890 723 3961 ἀναλωθῆναι,
760 3887 930 3942 ἐαυτά
958 3884 1335 3938 κατεσθίουσιν
1356 3897 1369 3911 ·
1409 3880 1553 3935 οὓτω
1577 3883 1671 3935 καὶ
1699 3883 1793 3936 ἐπὶ⁵
1823 3884 1931 3938 τῶν

357 3973 695 4030 πλεονεκτῶν
747 3972 840 4025 καὶ
872 3970 983 4024 τῶν
1010 3967 1199 4022 κακῶν
1233 3967 1453 4035 ἐγένετο
1503 3967 1588 4020 ἀν.
1628 3966 1793 4019 Ὥστε
1828 3969 1930 4020 οὑκ

355 4060 435 4113 ενι
470 4059 693 4129 εἰρήνην
730 4051 894 4119 εἶναι,
956 4052 1032 4123 μὴ
1082 4050 1349 4125 πρότερον
1381 4048 1584 4120 ἀρετῆς
1647 4048 1928 4121 κατορθω..

355 4141 563 4211 θείσης.
607 4134 1129 4205 Κατασκευάσωμεν
1176 4134 1231 4185 δὲ
1282 4132 1377 4186 καλ⁵
1412 4131 1589 4196 πόλιν,
1639 4133 1687 4185 εί
1725 4133 1925 4204 βούλει,

353 4226 571 4278 πάντων
599 4218 936 4276 πλεονεκτῶν
958 4221 1052 4270 καὶ
1070 4216 1350 4286 ἰσοτίμων,
1382 4216 1478 4268 καὶ
1495 4216 1683 4286 μηδεὶς
1717 4215 1927 4286 φερέτω

351 4309 532 4379 ψῆφον
557 4305 653 4359 τοῦ
684 4302 1009 4367 ἀδικεῖσθαι,
1041 4301 1175 4353 ἀλλά
1194 4303 1397 4364 πάντες
1422 4300 1776 4363 ἀδικείτωσαν
1802 4317 1816 4330 ·
1849 4301 1924 4370 μὴ

350 4393 575 4447 δύναται
613 4387 876 4458 συστῆναι
911 4387 945 4456 ή
982 4384 1136 4446 πόλις
1174 4383 1395 4454 ἐκείνη;
1428 4384 1711 4454 Οὐδαμῶς.
1765 4383 1926 4437 Ἀλλά

354 4474 557 4549 μοιχῶν
585 4473 732 4527 ἐστιν
763 4470 990 4542 εἰρήνης
1044 4466 1185 4521 Ἀλλ’
1233 4467 1354 4536 οὐχὶ
1392 4467 1646 4538 εὑρήσεις
1677 4464 1926 4549 οὑδέδύο

348 4548 726 4631 ὁμονοοῦντας.
768 4553 933 4607 Ὥστε
958 4550 1109 4603 οὑδέν
1140 4549 1332 4631 τούτου
1368 4551 1542 4603 αἴτιον
1580 4549 1763 4613 πάλιν,
1794 4548 1827 4618 ἦ
1863 4548 1925 4601 τὸ

348 4630 449 4714 τὴν
479 4638 702 4709 ἀγάπην
730 4634 975 4705 ψυγῆναι
995 4651 1008 4663 ·
1053 4631 1148 4687 τοῦ
1192 4632 1249 4684 δέ
1275 4630 1375 4702 τὴν
1420 4631 1649 4714 ἀγάπην
1681 4631 1923 4702 ψυγῇναι

347 4712 521 4780 αἴτιον
547 4720 609 4773 τὸ
638 4715 1011 4788 πληθυνθῆναι
1042 4714 1141 4782 τήν
1175 4714 1427 4784 ἀνομίαν.
1471 4712 1564 4776 El;
1592 4713 1701 4784 7&9
1726 4714 1921 4782 φιλαυ-

347 4808 470 4862 τίαν
489 4804 613 4872 ἀγει
640 4800 820 4862 τοῦτο,
853 4798 948 4850 καὶ
978 4796 1180 4864 διαιρεῖ
1208 4796 1302 4848 καὶ
1331 4796 1504 4866 σχίζει
1529 4795 1589 4848 τὸ
1622 4796 1801 4867 σῶμα,
1827 4799 1921 4853 καὶ

347 4891 538 4963 χαυνοῖ
580 4886 676 4941 καὶ
722 4882 947 4952 διασπᾷ.
990 4878 1160 4932 Ἔνθα
1209 4879 1267 4931 δὲ
1317 4879 1523 4950 ἀρετὴ,
1569 4879 1631 4932 τὸ
1677 4882 1919 4937 ἐναντίον

348 4962 496 5029 ποιεῖ
517 4989 531 5003 ·
570 4973 600 5026 ό
626 4969 728 5042 μὲν
761 4967 871 5037 7&9
893 4963 1147 5042 ἐνάρετος
1169 4964 1264 5015 καὶ
1299 4963 1602 5034 χρημάτων
1633 4962 1915 5034 κρείττων.

349 5058 513 5110 Ὥστε
540 5041 645 5109 κᾶν
693 5051 877 5123 μυρίοι
917 5041 1053 5101 ῶσιν
1091 5049 1149 5099 ἐν
1181 5045 1365 5115 πενίᾳ,
1397 5045 1633 5098 δύναιντ’
1675 5044 1741 5099 ἂν
1781 5042 1918 5100 εἶναι

347 5138 644 5210 είριηνικοίο
675 5121 724 5189 οί
760 5121 818 5189 δέ
844 5131 1190 5197 πλεονέκται,
1216 5129 1322 5184 κᾶν
1355 5128 1450 5182 δύο
1475 5121 1629 5196 ὦσιν,
1661 5129 1919 5184 οὐδέποτε

345 5221 601 5276 δύνανται
636 5220 693 5271 ἐν
720 5218 915 5289 εἰρήνῃ
945 5211 1107 5270 εἶναι.

416 5363 648 5421 δ’.ὀστε
664 5360 758 5414 ἐάν
777 5361 937 5430 ἡμεῖς
950 5354 1101 5429 ῶμεν
1123 5358 1387 5429 ἐνάρετοι,
1411 5357 1445 5427 ἡ
1467 5356 1653 5427 ἀγάπη
1673 5356 1772 5408 οὑκ
1787 5355 1917 5408 ἀπο-

346 5449 520 5503 λεῖται
541 5462 556 5476 ·
584 5443 694 5498 ἀπὸ
713 5443 823 5513 7&9
849 5441 1069 5510 ἀγάπης
1096 5443 1131 5509 ή
1160 5441 1356 5512 ἀρετὴ,
1387 5441 1483 5493 καὶ
1514 5440 1621 5492 ἀπὸ
1656 5439 1861 5510 ἀρετῆς
1882 5440 1916 5509 ή

346 5531 558 5601 ἀγάπη.
581 5528 690 5583 Καὶ
714 5525 852 5591 πῶς,
886 5521 998 5592 ἐγὼ
1021 5523 1182 5590 λέγω·
1231 5523 1290 5576 Ὀ
1317 5522 1573 5595 ἐνάρετος
1593 5523 1653 5575 οὑ
1678 5524 1915 5593 προτιμᾷ

409 5721 441 5753 ⁸
458 5721 604 5774 Savil.
629 5721 810 5769 mavult
834 5714 1007 5780 χαῦνον
1029 5713 1187 5762 αὐτόν.

2061 405 2319 475 χρήματα
2350 404 2553 475 φιλίας,
2588 405 2711 459 οὑδέ
2736 403 3083 477 μνησίκακός
3107 407 3277 474 ἐστιν,
3309 407 3431 462 οὐδὲ
3458 409 3642 466 ἀδικεῖ

2056 484 2148 539 τὸν
2174 486 2419 557 πλησίον·
2440 488 2540 558 οὑχ
2563 488 2795 559 ὑϐρίζει,
2828 489 2984 560 φέρει
3004 489 3180 544 πάντα
3201 492 3485 560 γενναίως.
3504 494 3639 548 Ἀπὸ

2056 567 2261 621 τούτων
2290 570 2323 639 ἡ
2345 570 2536 641 ἀγάπη
2563 572 2897 625 συνίσταται.
2924 572 3148 626 Πάλιν’ό
3171 574 3422 642 ἀγαπῶν,
3455 576 3639 631 πάντα

2057 647 2231 703 ταῦτα
2254 651 2565 718 ὑφίσταται.
2609 652 2795 717 Οὕτως
2853 654 3097 724 ἀλλήλων
3136 657 3252 709 ἐστὶ
3291 674 3636 713 κατασκευα-

2060 732 2248 785 στικά.
2295 734 2400 786 Καὶ
2445 734 2603 788 τοῦτο
2651 735 2750 806 μὲν
2800 737 3049 790 ἐντεῦθεν
3076 738 3370 806 δείκνυται,
3404 741 3488 794 ὅτι
3525 743 3639 795 ἀπὸ

2056 814 2257 886 ἀρετῆς
2282 817 2314 886 ή
2345 816 2533 887 ἀγάπη
2553 834 2566 848 ο
2588 818 2666 887 τῷ
2685 818 2793 888 7&9
2820 821 3015 885 εἰπεῖν,
3042 821 3232 875 Ὅταν
3252 823 3577 891 πληθυνθῖῖ
3598 827 3638 892 ή

2055 896 2294 966 ἀνομία,
2334 898 2678 969 ψυγήσεται
2701 902 2741 969 η
2771 900 2994 971 ἀγάπη,
3021 902 3181 956 τοῦτο
3218 904 3491 975 ἐδήλωσεν
3508 922 3525 935 ’
3553 909 3640 960 ὅτι

2055 979 2112 1032 δέ
2130 980 2237 1033 ἀπὸ
2252 981 2471 1052 ἀγάπης
2485 984 2519 1053 ή
2543 983 2737 1054 ἀρετὴ,
2761 984 2826 1037 ὐ
2839 985 3094 1055 ἀγαπῶν
3110 986 3520 1055 τὸνπλησίον,
3535 991 3642 1043 νό-

2048 1063 2521 1131 μονέπλήρωσε,
2550 1066 2736 1137 φησίν.
2767 1067 2929 1120 Ὥστε
2955 1067 3014 1122 ἐν
3034 1069 3142 1123 τῶν
3160 1070 3256 1123 δύο
3271 1067 3412 1125 εἶναι
3437 1072 3545 1144 χρὴ
3602 1074 3638 1143 ἢ

2057 1144 2261 1214 σφόδρα
2288 1146 2500 1214 φιλικὸν
2525 1149 2621 1201 καὶ
2647 1147 2943 1219 ἐρώμενον,
2967 1151 3000 1220 ἢ
3036 1152 3240 1224 σφόδρα
3260 1154 3537 1223 ἐνάρετον.
3575 1155 3637 1208 Ὀ

2053 1227 2163 1300 7&9
2191 1228 2249 1282 τὸ
2271 1227 2329 1282 ἐν
2350 1229 2510 1300 ἔχων,
2542 1230 2603 1296 ἐξ
2629 1232 2874 1302 ἀνάγκης
2904 1234 3078 1288 καὶτὸ
3107 1234 3297 1306 ἕτερον
3319 1238 3587 1308 κέκτηται
3611 1256 3626 1270 ·

2053 1310 2149 1364 καὶ
2166 1312 2494 1376 τούναντίον,
2525 1315 2552 1366 ό
2577 1314 2653 1385 μὴ
2683 1314 2838 1379 εἰδὼς
2867 1315 3062 1385 φιλεῖν,
3096 1318 3192 1371 καὶ
3217 1336 3354 1389 πονη
3365 1320 3432 1390 ρά
3461 1321 3636 1390 ἐργά-

2055 1409 2207 1447 σεται
2229 1410 2240 1423 ·
2264 1395 2293 1446 ό
2313 1394 2525 1467 πονηρά
2540 1395 2929 1467 ἐργαζόμενος,
2955 1400 3076 1453 οὑδὲ
3094 1401 3267 1468 φιλεῖν
3293 1396 3424 1455 οἶδε.
3446 1404 3635 1457 Μετα-

2050 1473 2328 1547 διώξωμεν
2343 1476 2522 1531 τοίνυν
2540 1478 2637 1550 τὴν
2654 1480 2908 1551 ἀγάπην⁹
2936 1481 3195 1553 φρούριον
3218 1484 3327 1555 γάρ
3351 1486 3469 1537 ἐστι
3492 1487 3635 1555 πρὸς

2050 1558 2110 1611 τὸ
2142 1559 2310 1629 μηδὲν
2339 1563 2692 1632 συγχωρῆσαι
2721 1560 2871 1634 ήμάς
2897 1564 3090 1619 παθεῖν
3114 1570 3286 1619 κακόν
3305 1584 3320 1597 ·
3352 1566 3634 1639 συνδήσω-

2054 1657 2152 1723 μεν
2185 1642 2433 1723 ἑαυτούς.
2461 1643 2644 1714 Μηδὲν
2673 1644 2889 1717 δολερὸν
2913 1646 3053 1700 ἔστω
3093 1650 3223 1719 παρ’
3262 1650 3416 1720 ἡμῖν,
3458 1648 3633 1723 μηδὲν

2051 1720 2283 1807 ῦπουλον
2304 1740 2318 1755 ·
2341 1720 2496 1780 οὑδέν
2512 1727 2622 1800 γάρ
2642 1727 2953 1807 εὑρίσκεται
2970 1731 3231 1797 τοιοῦτον,
3257 1731 3385 1785 ἔνθα
3407 1720 3473 1787 ἂν
3548 1752 3634 1803 φι-

2048 1804 2156 1859 λία.
2183 1803 2319 1861 Εῖπε
2340 1806 2396 1862 δέ
2414 1808 2572 1862 τοῦτο
2589 1799 2685 1863 καὶ
2705 1799 2863 1875 ἄλλος
2882 1812 3047 1881 σοφός
3060 1829 3144 1877 τις
3168 1814 3310 1885 ἀνήρ
3330 1832 3347 1845 θ
3383 1799 3529 1869 Ἐπῖ
3539 1799 3636 1886 εει-

2045 1891 2163 1942 λον
2201 1890 2311 1943 ἐὰν
2344 1888 2445 1944 καί
2486 1890 2737 1961 σπύσῃς
2751 1894 3083 1964 ῥομφαίαν,
3112 1894 3199 1966 μὴ
3237 1896 3592 1967 άπελπίσῃς
3613 1914 3629 1927 ·

2046 1972 2180 2024 ἐστι
2216 1971 2331 2041 γὰρ
2364 1972 2683 2042 ἐπάνοδος.
2714 1976 2844 2031 Ἐπί
2888 1978 3075 2047 φίλον
3115 1979 3227 2033 ἐὰν
3268 1978 3525 2051 ἀνοίξῃς
3562 1982 3633 2036 τὸ

2048 2056 2263 2125 στόμα,
2310 2055 2403 2126 μὴ
2434 2056 2749 2128 ἀπογνῷςσ
2783 2061 2917 2115 ἔστι
2964 2061 3074 2132 γὰρ
3113 2061 3440 2133 διαλλαγὴ.
3476 2064 3632 2120 ἀνευ

2047 2139 2414 2209 ὀνειδισμοῦ,
2457 2141 2558 2195 καί
2605 2144 2960 2212 μυστηρίων
3001 2144 3469 2216 ἀποκαλύψεως,
3529 2150 3632 2204 καί

2046 2221 2289 2307 πληγῆς
2314 2222 2551 2307 δολίαις.
2603 2218 2697 2280 Ἐῦ
2734 2226 2951 2292 τούτοις
2995 2229 3301 2300 ἀποφεύγει
3344 2233 3521 2303 φίλος,
3571 2236 3632 2286 ἐν

2045 2305 2406 2383 ἀποκαλύψει,
2448 2308 2604 2379 φησί,
2654 2311 2991 2383 μυστηρίων.
3047 2312 3147 2368 ’Ἂν
3196 2315 3400 2381 πάντες
3442 2317 3631 2372 τοίνυν

2044 2380 2196 2458 ὦμεν
2232 2389 2398 2459 φίλοι,
2430 2391 2549 2443 οὑδέ
2590 2380 2909 2464 μυστηρίων
2934 2393 3052 2448 δεῖ·
3085 2395 3277 2470 ὥσπερ
3317 2380 3429 2468 γάρ
3462 2400 3630 2464 αὑτός

2042 2486 2126 2533 τις
2158 2472 2296 2542 πρὸς
2337 2473 2531 2527 ἑαυτὸν
2574 2473 2728 2528 οὐδὲν
2769 2476 2884 2547 ἔχει
2921 2480 3242 2551 μυστήριον,
3289 2483 3413 2536 οὑδέ
3462 2483 3631 2548 αὐτὸς

2044 2555 2239 2608 ἑαυτὸν
2262 2554 2526 2626 κρύπτειν
2552 2557 2842 2629 δυνήσεται
2864 2575 2878 2590 ·
2910 2559 3084 2626 οὕτως
3109 2559 3230 2617 οὑδέ
3257 2563 3384 2628 τοὺς
3410 2564 3625 2635 φίλους.

2043 2641 2157 2693 Οὐκ
2179 2640 2348 2695 όντων
2376 2638 2470 2696 οὖν
2498 2644 2836 2715 μυστηρίων,
2861 2645 3122 2710 ἀδύνατος
3144 2650 3179 2720 ή
3205 2638 3271 2702 ἐκ
3294 2650 3487 2703 τούτου
3510 2651 3630 2705 δια-

2043 2722 2210 2796 κοπή.
2239 2725 2318 2777 Δι’
2352 2725 2503 2779 οὐδὲν
2550 2727 2661 2798 γάρ
2700 2726 2898 2798 ἔχομεν
2929 2732 3228 2802 μυστήρια,
3261 2731 3295 2803 ἢ
3335 2732 3427 2787 διά
3453 2734 3518 2787 τὸ
3550 2734 3628 2806 μὴ

2042 2810 2177 2862 πᾶσι
2203 2808 2427 2879 θαρρεῖν
2449 2825 2467 2840 '
2496 2806 2638 2862 ὥστε
2665 2811 2694 2863 ό
2725 2811 2944 2882 ψυγμὸς
2990 2811 3107 2886 [74]
3135 2815 3236 2885 τῆς
3266 2817 3492 2888 ἀγάπης
3527 2834 3629 2871 πε-

2042 2889 2237 2961 ποίηκε
2267 2893 2565 2962 μυστήρια.
2596 2890 2665 2944 Τί
2680 2895 2788 2963 7&9
2819 2893 2969 2964 ἔχεις
2997 2898 3337 2969 μυστήριον;
3367 2898 3626 2970 ἀδικῆσαι

2040 2973 2131 3026 τὸν
2171 2973 2399 3044 πλησίον
2434 2974 2648 3045 βούλει;
2693 2976 2726 3047 ἢ
2773 2977 3006 3042 κωλύεις
3051 2980 3259 3048 ἀγαθοῦ
3303 2999 3451 3046 τινος
3494 3001 3622 3054 μετ-

2040 3055 2208 3126 έχειν,
2239 3056 2336 3111 καὶ
2357 3055 2446 3111 διά
2482 3056 2642 3123 τοῦτο
2670 3058 2971 3130 κρύπτεις;
3016 3062 3157 3116 Ἀλλ’
3181 3065 3338 3119 οὐδὲν
3369 3066 3582 3121 τούτων
3604 3083 3619 3097 ’

2038 3138 2155 3192 ἀλλ’
2187 3134 2455 3223 αίσχύνῃ;
2485 3138 2695 3223 Ούκοῦν
2723 3140 2785 3194 τὸ
2815 3142 2891 3214 μὴ
2922 3144 3149 3217 θαρρεῖν
3181 3148 3375 3202 τούτου
3407 3153 3623 3223 τεκμή-

2039 3238 2174 3293 ριον.
2204 3222 2315 3305 ,Ἂν
2357 3225 2456 3294 μὲν
2494 3219 2588 3277 οὖν
2630 3225 2821 3297 ἀγάπη
2872 3223 2927 3298 ᾗ,
2962 3229 3063 3281 οὑκ
3107 3229 3261 3285 ἔσται
3301 3219 3623 3305 μυστηρίων

2037 3304 2400 3376 ἀποκάλυψις,
2431 3305 2547 3359 ἀλλ’
2578 3306 2699 3360 ούδέ
2732 3308 3058 3380 όνειδισμός.
3091 3312 3188 3375 Τίς
3217 3314 3329 3386 7&9
3367 3304 3622 3381 av,ﬂsi«é

2040 3403 2151 3458 μοι,
2173 3388 2270 3440 καὶ
2296 3389 2426 3440 πότε
2458 3390 2524 3459 τῇ
2555 3388 2751 3441 ἐαυτοῦ
2780 3389 2927 3463 ψυχῇ
2959 3394 3309 3463 ὀνειδίσειενς
3345 3398 3410 3450 Εί
3435 3399 3495 3451 δέ
3526 3401 3621 3453 καὶ

2035 3470 2265 3553 γένοιτο,
2304 3470 2406 3553 ἐπὶ
2438 3469 2638 3553 κέρδει.
2691 3473 2844 3535 Ἐπεὶ
2893 3478 2987 3530 καὶ
3021 3478 3213 3531 παισὶν
3257 3480 3620 3553 ὀνειδίζομεν,

2033 3552 2221 3636 δακεῖν
2252 3552 2451 3617 αὐτοὺς
2486 3552 2833 3625 βουλόμενοι’
2863 3560 3004 3613 καὶὸ
3030 3560 3268 3631 Χριστὸς
3289 3562 3346 3615 δέ
3373 3552 3620 3636 τότεῆρ-

2037 3634 2164 3700 ξατο
2179 3636 2459 3700 ὀνειδίζειν
2475 3638 2573 3700 τὰς
2597 3639 2803 3705 πόλεις,
2826 3641 3021 3710 λέγων,
3043 3645 3194 3698 Οὐαί
3209 3661 3309 3700 σοι
3326 3634 3613 3717 Χωραζίν,

2033 3718 2171 3771 οὐαί
2185 3733 2285 3801 σοι
2307 3718 2635 3786 Βηθσαϊδὰ,
2664 3722 2751 3775 ῖνα
2764 3723 3086 3796 ὀνειδισμῶν
3108 3728 3418 3801 ἀπαλλάξῃ.
3447 3731 3617 3785 Οὐδὲν

2032 3801 2141 3869 7&9
2173 3800 2317 3855 οὕτω
2355 3801 2576 3856 δύναται
2619 3805 2968 3876 καθάψασθαι
3012 3808 3271 3877 διανοίας,
3305 3800 3398 3865 καὶ
3430 3814 3608 3867 διαναο

2034 3886 2229 3956 στῆσαι
2253 3885 2453 3956 μᾶλλον
2477 3888 2668 3958 αὐτὴν,
2693 3892 2786 3943 καί
2802 3893 3141 3964 παρειμένην
3159 3894 3493 3965 ἀνορθῶσαι.
3520 3898 3613 3967 Μὴ

2029 3969 2094 4041 δὴ
2114 3968 2463 4039 ὀνειδίζωμεν
2486 3966 2673 4034 ἁπλῶς
2693 3971 2977 4043 ἀλλήλους.
3008 3974 3076 4028 Τί
3097 3977 3238 4046 γάρ;
3269 3979 3365 4030 ἐπὶ
3388 3966 3610 4051 χρήμαέ

2032 4070 2115 4107 σιν
2144 4052 2305 4106 αὑτὸν
2336 4052 2644 4119 ὀνειδίσεις;
2684 4055 2986 4127 Μηδαμῶς,
3028 4058 3082 4112 εί
3107 4076 3173 4128 γε
3200 4062 3358 4114 κοινά
3379 4063 3450 4115 τὰ
3482 4063 3611 4116 ὄντα

2030 4137 2315 4208 κέκτησαι.
2361 4135 2500 4189 Ἀλλ’
2529 4138 2623 4190 ἐπὶ
2649 4139 3078 4211 ἀμαρτήμασινς
3114 4142 3256 4196 Ἀλλ’
3275 4145 3399 4198 οὑδέ
3427 4144 3608 4209 τοῦτο,

2028 4218 2164 4274 ἀλλὰ
2186 4219 2386 4289 μᾶλλον
2408 4217 2741 4290 διορθώσεις.
2764 4222 2876 4275 Καὶ
2905 4222 3170 4292 πληγῆς,
3191 4226 3349 4296 φησὶ,
3375 4226 3605 4292 δολίας.

2028 4302 2092 4354 Τί
2118 4319 2282 4369 ποτε;
2317 4302 2511 4355 ἐαυτὸν
2539 4303 2860 4374 ἀναιρήσεη
2887 4305 2973 4367 τίς
2999 4306 3057 4359 δέ
3084 4308 3313 4378 πλήξεις
3341 4310 3481 4363 Οὑδέ
3504 4304 3605 4373 είς.

2026 4383 2323 4455 Διώκωμεν
2338 4385 2516 4438 τοίνυν
2534 4384 2632 4457 τήν
2655 4385 2898 4457 ἀγάπην.
2913 4389 3027 4442 Οὐκ
3047 4382 3202 4445 εἶπεν
3223 4391 3435 4456 ἁπλῶς,
3451 4394 3610 4461 ’Δγα-

2025 4467 2237 4537 πῶμεν,
2267 4466 2423 4533 ἀλλὰ,
2470 4467 2791 4540 Διώκωμεν.
2826 4471 3035 4543 Πολλῆς
3073 4472 3157 4525 δεῖ
3190 4475 3295 4544 τῆς
3324 4477 3565 4548 σπουδῆς
3587 4493 3601 4507 '

2023 4552 2232 4620 ταχέως
2274 4549 2621 4619 ἀφανίζεται,
2669 4551 2819 4619 ὀξεῖα
2864 4554 3002 4625 πρὸς
3042 4554 3397 4629 ἀναχώρησιν
3445 4560 3601 4613 ἐστι·

2022 4635 2261 4689 τοσαῦτα
2293 4636 2352 4686 ἐν
2383 4633 2461 4704 τῷ
2490 4631 2590 4705 βίῳ
2618 4634 2698 4705 τῷ
2732 4637 3017 4707 πράγματι
3047 4639 3227 4712 τούτῳ
3256 4640 3603 4711 λυμαίνεται.

2025 4720 2121 4771 Ἂν
2157 4716 2442 4789 διώκωμεν
2471 4718 2663 4787 αὑτὴν,
2689 4719 2752 4771 ού
2787 4719 2983 4787 φθάσει
3018 4722 3295 4791 ἀπελθεῖν,
3332 4725 3470 4780 ἀλλά
3504 4744 3603 4781 τα-

2023 4801 2162 4871 χέως
2186 4799 2355 4869 αὑτὴν
2381 4799 2743 4871 ἐξελκύσομεν
2770 4817 2785 4833 ο
2823 4803 2856 4872 ὴ
2878 4802 3070 4874 ἀγάπη
3099 4806 3196 4859 τοῦ
3227 4807 3367 4863 Θεοῦ
3404 4808 3485 4880 τῷ
3508 4811 3600 4864 οὺ..

2025 4884 2172 4955 ρανῷ
2195 4881 2398 4951 συνῆψε
2422 4882 2522 4952 τήν
2549 4884 2655 4954 γῆν
2678 4898 2691 4913 ο
2716 4886 2749 4953 ἡ
2775 4885 2967 4959 ἀγάπη
2986 4886 3083 4941 τοῦ
3115 4888 3253 4943 Θεοῦ
3275 4892 3369 4946 τὸν
3386 4892 3603 4965 ἀνθρω-

2022 4985 2122 5020 πον
2147 4966 2238 5018 ἐπὶ
2266 4966 2356 5018 τὸν
2379 4965 2567 5035 θρόνον
2597 4968 2690 5020 τὸν
2709 4968 2990 5037 βασιλικὸν
3016 4971 3276 5027 ἐκάθισεν
3295 4990 3309 5003 ο
3344 4976 3379 5048 ἠ
3407 4977 3601 5047 ἀγάπη

2020 5050 2114 5103 τοῦ
2154 5047 2290 5100 Θεοῦ
2328 5049 2420 5101 τὸν
2468 5049 2600 5102 Θεὸν
2634 5049 2836 5116 ἔδειξεν
2875 5054 2970 5106 ἐπὶ
3004 5055 3103 5125 τῆς
3128 5055 3275 5127 γῆς’
3326 5047 3374 5128 ἢ
3407 5059 3600 5129 ἀγάπη

2018 5134 2113 5187 τοῦ
2147 5130 2281 5186 Θεοῦ
2322 5133 2412 5185 τὸν
2450 5133 2727 5202 Δεσπότην
2776 5135 2961 5190 δοῦλον
3002 5138 3261 5210 ἐποίησεν
3283 5156 3298 5172 ο
3335 5143 3370 5211 ἡ
3405 5141 3598 5213 ἀγάπη

2018 5217 2111 5271 τοῦ
2144 5215 2279 5270 Θεού
2304 5215 2444 5285 ὑπὲρ
2474 5212 2585 5267 τῶν
2605 5216 2815 5287 ἐχθρῶν
2839 5219 2929 5272 τὸν
2959 5220 3290 5293 Ἀγαπητὸν,
3319 5223 3463 5294 ὑπὲρ
3491 5212 3601 5277 τῶν

2023 5299 2323 5370 μισούντων
2354 5296 2444 5351 τὸν
2468 5297 2615 5365 Υἱὸν,
2642 5300 2784 5371 ὑπὲρ
2805 5300 2914 5354 τῶν
2940 5303 3144 5358 δούλων
3171 5306 3264 5359 τὸν
3292 5307 3595 5377 Δεσπότην,

2020 5384 2161 5454 ὑπὲρ
2206 5383 2316 5435 τῶν
2363 5381 2664 5450 ἀνθρώπων
2714 5385 2807 5436 τὸν
2857 5386 3011 5450 Θεὸν,
3060 5388 3204 5460 ὑπὲρ
3241 5390 3475 5445 οἰκετῶν
3506 5393 3598 5445 τὸν

2019 5465 2301 5535 ἐλεύθερον
2345 5464 2628 5533 ἐκδοθῆναι
2664 5465 2909 5535 ἐποίησε.
2962 5470 3072 5527 Καὶ
3105 5472 3229 5524 οὑδὲ
3261 5472 3428 5544 μέχρι
3469 5472 3597 5527 τού-

2015 5564 2109 5601 του
2141 5548 2292 5617 ἔστη,
2323 5545 2458 5599 ἀλλὰ
2506 5546 2601 5598 καὶ
2629 5548 2721 5601 ἐπὶ
2761 5550 2985 5620 μείζονα
3021 5555 3170 5623 ἡμᾶς
3197 5555 3485 5613 ἐκάλεσεν.
3521 5556 3597 5610 06

2017 5630 2127 5701 7&9
2167 5629 2327 5699 μόνον
2367 5628 2675 5700 ἀπήλλαξεν
2704 5634 2736 5702 ή
2748 5635 2854 5703 μᾶς
2884 5635 2993 5687 τῶν
3043 5637 3329 5709 προτέρων
3383 5638 3596 5704 κακῶν,

2019 5715 2154 5768 ἀλλὰ
2196 5716 2288 5766 καὶ
2317 5712 2494 5784 πολλῴ
2531 5717 2753 5785 μείζονα
2781 5719 2971 5771 δώσειν
3000 5721 3162 5787 ἕτερα
3201 5725 3591 5791 ἐπηγγείλατο.
3661 5789 3667 5795 _
