3932 6220
335 377 406 436 73
1223 370 1287 425 IN
1328 370 1540 425 EPIST.
1585 371 1676 425 AD
1716 365 1960 424 EPllES.
2004 365 2161 420 CAP.
2204 363 2289 417 IV.
2333 363 2560 418 llOMlL.
2607 363 2691 419 IX.
3542 374 3606 429 τι

334 496 550 567 quando
600 493 737 561 ligna
776 489 988 560 quidem
1035 488 1296 541 invenerit
1335 487 1472 540 sicca
1502 527 1514 546 ,
1546 485 1722 537 omnia
1753 496 1910 534 unam

335 585 503 644 efficit
540 599 756 654 pyram;
789 580 1000 651 quando
1025 587 1202 633 autem
1244 576 1458 630 luunida
1483 616 1497 637 .
1533 589 1633 630 nec
1660 580 1914 644 operatur

335 693 438 731 nec
462 673 785 744 conglutinat
817 690 831 726 :
860 674 931 726 ita
961 671 1047 724 hic
1073 671 1232 724 etiam
1261 686 1276 721 :
1307 668 1436 723 nihil
1464 683 1528 722 ex
1559 665 1764 736 frigidis
1789 678 1910 719 eum

336 777 513 836 potest
532 766 918 833 constringere.
943 762 1036 816 sed
1062 778 1129 816 ex
1150 760 1335 814 calidis
1363 757 1774 828 unumquodque
1799 769 1913 809 ma-

334 860 474 912 xima
517 873 579 912 ex
629 865 797 925 parte.
846 855 921 908 Ex
969 853 1070 906 hoc
1113 867 1243 921 ergo
1282 853 1438 908 etiam
1489 849 1723 904 nascitur
1763 847 1912 902 calor

332 950 567 1002 caritatis
595 966 607 1000 :
637 964 664 998 a
705 947 917 1000 vinculo
958 945 1104 1015 pacis
1138 943 1246 1000 vult
1283 957 1382 998 nos
1421 954 1607 995 omnes
1633 939 1905 1008 colligare.

331 1039 784 1106 Quemadmodum
813 1037 956 1091 enim
983 1077 999 1100 ,
1029 1035 1235 1104 inquit,
1263 1033 1306 1088 si
1337 1033 1468 1093 velis
1500 1033 1724 1100 teipsum
1756 1027 1907 1082 alteri

329 1135 567 1202 alligare,
591 1148 697 1186 non
723 1131 881 1185 aliter
904 1129 1126 1200 poteris,
1153 1127 1252 1182 nisi
1280 1126 1430 1186 illum
1453 1139 1662 1195 quoque
1689 1123 1779 1177 tibi
1807 1121 1907 1190 ipsi

330 1227 548 1296 alliges;
578 1225 719 1296 quod
747 1225 792 1278 si
821 1225 952 1278 velis
977 1221 1172 1289 duplex
1212 1220 1388 1274 facere
1415 1218 1684 1272 vinculum
1708 1258 1723 1279 .
1756 1216 1907 1270 illum

327 1334 542 1388 quoque
563 1325 770 1387 oportet
791 1317 882 1370 tibi
905 1331 1024 1370 esse
1045 1315 1311 1384 alligatum
1334 1331 1345 1364 :
1369 1312 1439 1365 ita
1463 1311 1548 1364 hic
1566 1325 1779 1379 quoque
1800 1307 1911 1362 vult

327 1428 426 1465 eos
451 1415 592 1467 inter
615 1428 674 1466 se
695 1426 814 1465 esse
839 1410 1098 1480 alligatos,
1125 1424 1228 1466 non
1254 1407 1426 1461 selum
1456 1407 1506 1462 in
1535 1421 1663 1475 pace
1689 1403 1905 1472 degere,

331 1519 433 1558 uec
467 1503 638 1576 solum
668 1503 884 1571 diligere
905 1543 918 1568 ,
947 1502 1043 1557 sed
1074 1515 1262 1556 omnes
1300 1513 1422 1554 esse
1463 1513 1622 1553 uuam
1652 1497 1904 1550 animam.

333 1594 621 1648 Pulchrum
648 1605 728 1648 est
755 1593 856 1648 hoc
877 1595 1142 1647 vinculum
1170 1611 1183 1645 :
1209 1591 1309 1646 hoc
1329 1590 1540 1646 vinculo
1565 1598 1616 1644 et
1645 1603 1742 1642 nos
1769 1588 1910 1644 inter

329 1700 452 1750 nos,
476 1695 527 1738 et
555 1701 652 1738 nos
678 1685 822 1754 ipsos
844 1701 963 1738 cum
990 1685 1097 1739 Deo
1117 1684 1444 1754 colligemus.
1471 1681 1584 1736 Non
1606 1680 1793 1749 afﬂigit
1811 1692 1910 1733 nec

325 1777 630 1846 comprimit
649 1777 924 1846 colligatos
946 1792 1134 1830 manus
1159 1779 1259 1829 hoc
1277 1774 1564 1837 vinculum,
1586 1771 1682 1826 sed
1705 1769 1910 1824 relaxat

325 1876 384 1920 et
421 1868 470 1920 iu
498 1868 678 1935 amplo
704 1883 768 1922 ac
792 1867 900 1922 lato
930 1868 1056 1922 sinit
1079 1881 1201 1924 esse
1227 1867 1434 1934 spatio;
1459 1873 1513 1918 et
1540 1863 1704 1917 el'licit
1732 1870 1789 1916 ut
1817 1861 1907 1930 qtti

325 1967 449 2009 sunt
487 1957 686 2021 vincti,
719 1957 826 2012 siut
867 1957 1102 2016 lattiores
1144 1957 1208 2010 iis
1236 1956 1326 2025 qui
1373 1953 1534 2008 soluti
1563 1961 1707 2007 sunt.
1733 1951 1910 2006 Fortis

324 2047 484 2100 etiam
515 2063 635 2101 cum
663 2048 823 2102 debili
855 2047 1050 2116 ligatus
1069 2088 1082 2112 ,
1113 2057 1166 2100 et
1192 2047 1340 2100 illum
1369 2054 1542 2114 portat
1570 2055 1624 2099 et
1649 2059 1753 2099 non
1783 2042 1907 2097 sinit

325 2139 504 2205 perire
528 2178 544 2200 ,
571 2139 780 2192 etiamsi
808 2153 931 2191 cunt
957 2139 1102 2206 segni
1132 2148 1185 2192 et
1219 2139 1410 2206 ignavo
1440 2136 1596 2190 fuerit
1625 2135 1907 2204 alligatus,

323 2232 502 2297 ipsum
535 2233 703 2298 magis
728 2231 951 2284 excitat.
979 2229 1162 2282 Frater
1185 2230 1335 2293 enim,
1364 2229 1552 2297 inqttit,
1580 2244 1613 2280 a
1637 2231 1795 2297 fratre
1820 2225 1911 2277 ad-

319 2323 490 2387 iutus,
520 2331 592 2379 est
617 2328 874 2388 tamquam
900 2321 1018 2374 urbs
1045 2322 1236 2374 munita
1260 2321 1282 2391 (
1306 2319 1454 2374 Prov.
1489 2320 1574 2374 18.
1606 2318 1672 2373 l9
1689 2320 1732 2388 ).
1767 2318 1911 2371 llauc

319 2423 570 2466 catenam
601 2428 707 2467 non
750 2421 925 2480 potest
965 2412 1246 2482 prohibere
1275 2413 1474 2465 viarum
1505 2411 1732 2480 spatium
1756 2449 1772 2474 ,
1805 2424 1908 2462 non

321 2504 536 2566 ca-lum,
564 2518 670 2556 non
701 2513 868 2570 terra,
898 2519 1004 2558 non
1030 2519 1198 2569 mors,
1231 2519 1404 2572 neque
1429 2501 1572 2555 aliud
1601 2502 1906 2572 quidquam,

323 2593 421 2647 sed
465 2602 548 2647 est
590 2593 836 2646 omnibus
883 2594 1154 2661 potentior
1198 2602 1252 2647 et
1297 2592 1557 2646 validior:
1591 2591 1704 2646 haec
1743 2591 1907 2646 etiam

325 2693 449 2736 nata
480 2698 545 2737 ex
570 2698 672 2737 una
699 2684 907 2746 anima,
937 2691 1114 2752 pote.~t
1143 2683 1340 2737 multos
1367 2681 1521 2736 simul
1550 2679 1906 2750 comprehen-

323 2777 472 2830 dere.
505 2772 640 2828 Audi
663 2775 802 2829 enim
829 2773 1048 2828 Paulum
1073 2774 1336 2828 dicentem
1363 2791 1377 2827 :
1405 2771 1523 2826 Non
1545 2771 1910 2842 angustiamiui

324 2867 377 2918 in
423 2864 566 2919 nobis
589 2906 605 2928 ,
643 2864 1003 2933 attgustiamini
1041 2873 1206 2916 autem
1245 2864 1298 2916 in
1326 2861 1596 2917 visceribus
1622 2862 1797 2916 vestris
1825 2861 1906 2932 (‘2.

323 2958 444 3012 Cor.
472 2956 526 3010 6.
557 2956 623 3010 l2
647 2957 683 3024 ).
721 2954 1020 3009 Dilatemini
1053 2963 1107 3007 et
1132 2968 1246 3007 vos.
1279 2953 1416 3021 Quid
1443 2969 1572 3022 ergo
1600 2953 1700 3008 hoc
1725 2954 1910 3008 vincu-

326 3050 436 3102 lum
465 3047 788 3103 labefactat?
819 3051 987 3100 Amor
1013 3047 1250 3115 pecunia:
1276 3087 1290 3109 ,
1325 3046 1532 3114 imperii
1559 3057 1612 3101 et
1642 3047 1905 3101 honorum

325 3139 617 3209 gloriaeque
641 3137 901 3204 cupiditas
930 3149 984 3191 et
1013 3137 1240 3192 aliorum
1273 3137 1571 3204 hujusmodi
1599 3155 1612 3190 :
1639 3153 1732 3191 eos
1759 3139 1908 3192 laxos

326 3232 502 3288 reddit
531 3242 584 3286 et
614 3232 801 3286 molles
824 3271 839 3295 ,
875 3231 1124 3300 ipsosque
1149 3230 1422 3284 discindit.
1471 3230 1752 3296 Quomodo
1779 3245 1908 3300 ergo

327 3326 448 3384 fiat,
482 3333 539 3376 ttt
569 3339 670 3376 non
701 3322 1108 3377 discindantur?
1145 3320 1200 3376 Si
1233 3321 1345 3375 haec
1373 3321 1546 3374 ablata
1579 3321 1775 3376 fuerint
1805 3321 1907 3374 im-

328 3415 648 3482 pedimettta,
674 3423 729 3469 et
757 3412 888 3468 nihil
915 3412 1211 3471 molestiam
1235 3412 1422 3466 afferat
1443 3427 1510 3466 ex
1537 3413 1601 3466 iis
1627 3428 1746 3482 qua:
1771 3413 1907 3466 cari-

326 3515 485 3560 tatem
527 3515 890 3573 corrumpunt.
933 3504 1070 3560 Audi
1108 3504 1249 3558 enim
1284 3503 1553 3559 Christum
1592 3503 1904 3559 dicentem:

325 3595 550 3660 Quaado
578 3595 903 3649 abundaverit
948 3595 1186 3665 iniquitas
1205 3636 1222 3659 ,
1252 3595 1536 3665 refrigescet
1564 3596 1748 3648 caritas
1776 3593 1908 3648 utul-

321 3700 492 3743 tarum
523 3690 540 3758 (
573 3689 756 3742 Matth.
784 3690 874 3743 2L
907 3690 975 3744 12
1004 3690 1043 3748 ).
1074 3688 1290 3743 Caritati
1322 3687 1451 3742 nihil
1482 3695 1565 3742 est
1608 3703 1756 3756 teque
1781 3703 1909 3741 con-

325 3783 556 3834 trarium
601 3788 758 3848 atque
800 3791 1068 3849 peccatum
1098 3796 1112 3833 :
1143 3795 1241 3835 nec
1271 3780 1390 3834 dico
1416 3779 1589 3834 solum
1618 3778 1822 3833 caritati
1853 3779 1905 3832 itt

323 3873 524 3934 Deum,
546 3869 638 3924 sed
659 3871 816 3924 etiam
838 3871 1041 3925 caritati
1065 3872 1117 3925 in
1140 3871 1462 3940 proximum.
1485 3869 1761 3938 Quomodo
1781 3883 1908 3939 ergo

318 3965 568 4018 ltttrOues
588 4002 601 4025 ,
629 3963 794 4029 inquit
817 4005 831 4026 ,
862 3963 1056 4032 degunt
1082 3964 1134 4017 in
1161 3963 1330 4033 pace?
1355 3961 1598 4030 Quando,
1628 3961 1712 4014 dic
1737 3960 1862 4014 mihi
1889 4001 1904 4024 ,

319 4056 524 4121 degunt
543 4054 568 4106 ἲ
591 4053 722 4106 Cum
748 4054 1011 4107 latronum
1038 4054 1276 4108 moribus
1298 4070 1400 4107 non
1425 4062 1661 4106 utuntttr.
1686 4052 1740 4107 Si
1762 4052 1904 4106 enim

319 4147 378 4199 in
410 4145 476 4198 iis
503 4144 630 4213 ipsis
651 4144 842 4213 quibus
867 4144 1192 4207 dividuntur,
1216 4161 1321 4198 non
1346 4153 1560 4198 servent
1587 4145 1730 4213 leges
1749 4143 1904 4213 justi-

322 4237 411 4288 tite
432 4275 448 4300 ,
477 4247 537 4291 ut
563 4235 844 4303 unicuique
869 4235 1011 4304 quod
1036 4235 1236 4304 justum
1263 4246 1345 4288 cst
1373 4236 1638 4299 tribuant,
1668 4235 1906 4290 invenies

321 4327 443 4380 illos
468 4341 680 4395 quoque
703 4342 820 4380 esse
847 4327 899 4380 in
930 4326 1085 4380 bellis
1108 4337 1162 4380 et
1189 4327 1395 4395 pugnis.
1423 4325 1780 4393 Quamobrem
1807 4341 1906 4380 nec

323 4418 376 4471 in
399 4418 551 4472 ntalis
574 4417 696 4470 licet
719 4433 902 4486 pacem
927 4417 1168 4471 invenire
1191 4435 1202 4472 :
1224 4418 1416 4484 ubique
1438 4426 1615 4470 autem
1637 4431 1754 4470 eam
1781 4415 1906 4470 licet

322 4510 584 4572 invenire,
609 4508 696 4563 ubi
717 4524 840 4563 cum
863 4509 1068 4576 justitia
1091 4517 1145 4562 et
1167 4509 1363 4562 virtute
1383 4509 1596 4561 vivitur.
1619 4507 1723 4561 Sed
1745 4507 1906 4577 quid?

320 4605 588 4658 rivalesne
604 4611 659 4658 ct
678 4602 856 4658 aemuli
882 4603 935 4656 in
960 4616 1089 4670 pace
1110 4601 1325 4655 vivunt?
1347 4601 1581 4655 Minime.
1603 4600 1707 4656 Sed
1729 4615 1906 4669 quem-

322 4711 448 4747 nam
487 4695 566 4748 vis
605 4693 819 4748 dicam?
854 4694 1062 4746 Avarus
1089 4708 1376 4760 numquam
1405 4691 1509 4746 erit
1544 4692 1596 4746 in
1628 4707 1758 4760 pace
1782 4707 1903 4746 cum

321 4799 487 4839 avaro
517 4803 531 4839 :
559 4801 682 4840 nam
713 4785 757 4838 si
800 4799 906 4838 non
935 4794 1116 4839 essent
1153 4784 1292 4837 inter
1323 4798 1382 4837 se
1415 4783 1541 4852 justi
1571 4791 1624 4838 et
1650 4785 1784 4852 atqui
1807 4824 1823 4848 ,
1853 4792 1907 4837 et

321 4879 412 4932 alii
454 4877 593 4931 alios
633 4875 910 4931 afﬁcerent
951 4876 1163 4943 injuria,
1195 4874 1508 4944 dissipatum
1543 4883 1686 4928 esset
1718 4889 1903 4929 eorunt

321 4983 513 5036 genus.
556 4966 710 5022 Sicut
743 4967 886 5020 enim
928 4963 1055 5018 fera:
1092 4965 1212 5018 dua:
1252 4964 1406 5018 valde
1441 4965 1773 5028 esurientes,
1804 4963 1905 5017 nisi

321 5059 518 5132 aliquid
549 5059 844 5114 intercedat
881 5059 1113 5114 mediuin
1140 5059 1280 5129 quod
1311 5059 1479 5129 possit
1507 5060 1574 5114 ab
1601 5059 1680 5114 eis
1706 5074 1904 5113 consu-
1926 5093 1968 5146 μ

322 5156 393 5209 mi
415 5195 430 5216 ,
460 5153 566 5207 illae
596 5167 658 5206 se
685 5151 920 5206 exedunt
945 5169 958 5203 :
987 5151 1057 5205 ita
1084 5153 1243 5206 etiam
1273 5152 1411 5204 inter
1439 5166 1628 5204 avaros
1655 5162 1709 5205 et
1738 5153 1907 5205 malos
1951 5149 1958 5154 ’

321 5247 585 5300 eveniret.
615 5244 972 5311 Quamobrem
1000 5244 1112 5297 fieri
1139 5260 1245 5297 non
1276 5252 1452 5312 potest
1479 5254 1534 5296 ut
1559 5244 1627 5297 sit
1655 5259 1774 5311 pax,
1807 5243 1904 5296 uisi

324 5339 492 5391 virtus
518 5345 852 5390 exerceatur.
880 5335 1297 5401 Construamus,
1330 5335 1373 5388 si
1405 5335 1608 5402 placet,
1639 5335 1905 5389 civitatem

319 5445 610 5484 avarorum
643 5437 698 5482 et
723 5429 809 5497 qui
844 5444 997 5495 pares
1026 5429 1131 5481 sint
1161 5428 1212 5481 in
1241 5429 1444 5481 honore
1464 5469 1477 5491 ,
1511 5436 1565 5481 et
1593 5443 1749 5480 nemo
1775 5442 1902 5480 con-

322 5523 543 5576 demnet
588 5518 868 5582 injuriam,
901 5518 995 5572 sed
1035 5533 1221 5571 omnes
1259 5518 1504 5585 injuriam
1546 5516 1806 5579 inferant;
1837 5532 1902 5569 an

324 5619 498 5678 potest
537 5608 845 5674 hujusmodi
875 5609 1062 5662 civitas
1084 5608 1417 5662 consistere?
1449 5608 1681 5661 Minime.
1710 5609 1778 5660 At
1807 5622 1905 5676 pax

320 5712 400 5758 est
424 5700 844 5754 adulterorum?
870 5699 975 5754 Sed
1004 5715 1071 5754 ne
1103 5699 1237 5754 duos
1265 5701 1477 5770 quidem
1513 5701 1750 5755 invenies
1774 5716 1906 5754 con-

319 5796 530 5850 cordes.
562 5792 928 5858 Quamobrem
961 5808 1064 5846 non
1093 5807 1167 5848 ρει
1200 5808 1384 5849 rursus
1413 5794 1510 5847 alia
1541 5794 1697 5864 hujus
1723 5809 1903 5860 causa,

2023 494 2180 546 quam
2227 478 2366 548 quod
2406 479 2667 532 refrixerit
2697 479 2892 533 caritas
2919 496 2931 532 :
2962 480 3101 549 quod
3131 492 3308 538 autem
3338 486 3606 544 refrixerit

2019 569 2240 637 caritas,
2265 585 2424 624 causa
2447 583 2549 636 ρει,
2572 571 2712 641 quod
2735 572 3012 628 abundarit
3035 574 3302 644 iniquitas.
3329 579 3438 633 lloc
3460 582 3601 637 cuitu

2020 661 2166 715 ducit
2211 663 2276 716 ad
2329 664 2600 730 proprium
2651 680 2930 731 amorem,
2979 678 3034 722 et
3076 669 3263 724 dividit
3307 683 3360 727 et
3404 690 3600 745 corpus

2024 753 2254 820 scindit,
2285 756 2592 825 emollitque
2619 766 2672 810 et
2700 757 2921 812 divellit.
2954 759 3048 815 Ubi
3079 773 3254 818 autem
3285 776 3368 821 est
3397 769 3560 823 virtus
3588 815 3603 834 ,

2020 845 2143 899 facit
2167 847 2491 900 contrarimu
2523 866 2535 901 :
2571 863 2692 902 nam
2723 849 2916 906 virtute
2947 855 3216 921 praeditus,
3250 867 3334 912 est
3362 863 3603 929 pecuniis

2017 938 2282 1006 superior.
2315 939 2497 1009 Itaque
2519 941 2724 995 etiamsi
2751 943 3162 1002 innumerabiles
3182 950 3375 1021 degant
3396 956 3446 1008 in
3471 974 3599 1024 pati-

2017 1038 2242 1096 pertatc,
2275 1033 2546 1098 pomerint
2570 1047 2688 1087 esse
2719 1036 2920 1103 pacifici
2947 1054 2960 1089 :
2985 1042 3129 1094 avari
3161 1053 3358 1112 autem,
3389 1049 3598 1104 etiamsi

2014 1119 2122 1209 sint
2169 1120 2274 1173 duo
2325 1130 2562 1188 tantum,
2606 1139 2893 1194 numquam
2933 1141 3156 1197 possunt
3201 1149 3319 1190 esse
3363 1137 3415 1192 in
3447 1155 3598 1209 pace.

2084 1208 2138 1263 ι.
2181 1209 2260 1263 De
2282 1212 2509 1265 caritate.
2541 1213 2689 1268 Unde
2721 1227 2832 1271 orta
2871 1219 2970 1272 sint
2997 1237 3189 1277 arcana
3226 1236 3273 1280 et
3301 1208 3513 1287 secreta.
3533 1263 3601 1272 --

2014 1298 2394 1368 Quamobrem,
2443 1303 2488 1358 si
2535 1304 2728 1360 virtute
2770 1309 2938 1364 simus
2980 1314 3212 1381 pra-diti,
3257 1333 3362 1372 non
3404 1325 3598 1388 peribit

2013 1393 2208 1446 caritas
2241 1409 2254 1445 :
2287 1393 2454 1448 virtus
2483 1395 2624 1450 enim
2655 1407 2735 1451 est
2761 1414 2823 1453 ex
2849 1401 3090 1469 caritate,
3115 1413 3170 1459 et
3191 1409 3384 1463 caritas
3403 1426 3467 1465 ex
3491 1415 3597 1467 vir-

2017 1488 2149 1537 tute.
2181 1482 2460 1550 Quomodo
2489 1495 2687 1552 autem,
2718 1504 2818 1558 ego
2853 1491 3048 1546 dicam.
3091 1495 3191 1561 Qui
3229 1507 3313 1554 est
3343 1503 3596 1570 prteditus

2013 1575 2232 1642 virtute,
2265 1593 2368 1630 non
2402 1579 2616 1646 praifcrt
2638 1583 2916 1648 pecuniam
2947 1587 3215 1655 amicitite,
3245 1608 3348 1646 non
3380 1605 3461 1648 est
3486 1613 3596 1649 me-

2016 1681 2135 1720 mor
2171 1667 2379 1735 injurite
2421 1683 2675 1739 acceptze,
2709 1675 3008 1742 proximum
3055 1695 3154 1734 nec
3193 1681 3384 1752 injuria
3430 1687 3596 1742 afficit

2015 1772 2115 1810 nec
2139 1762 2484 1820 contumelia.
2517 1766 2692 1818 omnia
2736 1765 2838 1822 fert
2867 1769 2985 1825 forti
3013 1782 3064 1826 et
3092 1789 3355 1843 generoso
3393 1780 3591 1836 animo.

2016 1849 2090 1904 Ex
2119 1850 2202 1904 his
2231 1864 2440 1908 constat
2463 1858 2678 1912 caritas.
2708 1859 2910 1916 Rursus
2937 1866 3024 1934 qui
3053 1867 3244 1938 diligit,
3276 1870 3388 1926 haec
3415 1877 3592 1930 omnia

2014 1947 2256 2014 suscipit.
2286 1947 2375 2002 Sic
2404 1965 2464 2004 ea
2507 1961 2633 2006 sunt
2662 1953 2990 2024 hujusmodi,
3033 1971 3090 2015 ut
3115 1965 3338 2020 alterum
3371 1969 3593 2025 alterum

2012 2040 2324 2094 constituat.
2359 2043 2423 2097 Et
2453 2060 2518 2099 ex
2555 2045 2657 2100 hoc
2682 2051 3002 2118 ostenditur,
3045 2057 3183 2124 quod
3212 2060 3408 2117 caritas
3438 2064 3502 2114 sit
3531 2080 3595 2118 ex

2015 2130 2211 2186 virtute
2242 2149 2256 2186 :
2288 2132 2520 2188 dicendo
2540 2137 2705 2204 cuitu,
2737 2139 2956 2204 Quando
2982 2143 3310 2200 (εὐμάρι-θοὰ
3337 2150 3596 2220 iniquitas,

2013 2223 2300 2293 refrigescet
2327 2226 2534 2288 caritas,
2583 2227 2685 2282 hoc
2724 2230 3041 2298 significasit
3073 2255 3086 2291 :
3116 2239 3256 2306 quod
3283 2251 3461 2296 autem
3495 2251 3600 2298 vir-

2016 2324 2099 2367 tus
2127 2331 2190 2367 ex
2221 2316 2445 2372 caritate
2478 2334 2491 2370 :
2527 2317 2628 2382 Qui
2655 2319 2844 2391 diligit,
2879 2321 3068 2392 inquit,
3102 2331 3410 2396 proximum,
3440 2334 3598 2404 legem

2012 2405 2234 2475 implevit
2267 2407 2442 2476 (Rom.
2470 2413 2555 2466 l5.
2585 2412 2666 2482 8).
2699 2414 3059 2482 Quamobrem
3090 2436 3156 2474 ex
3198 2423 3405 2479 duobus
3432 2443 3596 2482 unum

2013 2513 2132 2554 esse
2161 2511 2391 2568 oportet,
2431 2514 2518 2558 aut
2564 2507 2717 2563 valde
2746 2509 3053 2580 diligentem
3096 2523 3151 2568 et
3191 2515 3465 2588 dilectum,
3506 2535 3600 2578 aut

1999 2589 2171 2652 [valde
2201 2591 2396 2648 virtute
2441 2595 2744 2663 praditum.
2771 2599 2872 2666 Qui
2902 2603 3044 2657 enim
3077 2605 3238 2662 habet
3273 2626 3453 2674 unum.
3498 2630 3595 2668 ne-

2013 2681 2510 2774 cessariomqttoque
2555 2689 2791 2756 possidet
2833 2692 3063 2748 alterum
3107 2713 3120 2748 :
3163 2707 3219 2752 et
3267 2711 3452 2756 contra
3505 2709 3596 2774 qui

2016 2771 2184 2861 nescit
2207 2771 2452 2842 diligere,
2495 2777 2657 2831 multa
2684 2794 2899 2849 quoque
2940 2783 3078 2838 mala
3109 2785 3305 2852 faciet;
3337 2792 3428 2861 qui
3461 2771 3596 2850 mala

2014 2857 2160 2926 facit,
2193 2864 2362 2918 nescit
2406 2866 2647 2935 diligere.
2690 2869 3081 2941 Persequamm-
3105 2891 3234 2946 ergo
3267 2857 3544 2938 caritatem
3581 2903 3594 2940 :

2013 2960 2094 3005 est
2125 2954 2268 3008 enim
2301 2956 2604 3022 prmsidium
2625 2960 2691 3013 ad
2721 2960 2836 3036 ltoc‘
2855 2972 2914 3016 ut
2940 2980 3045 3019 non
3074 2971 3412 3034 permittatur
3444 2977 3597 3031 nobis

2012 3042 2214 3112 aliquid
2247 3046 2370 3098 mali
2402 3049 2508 3116 pati
2542 3067 2555 3104 :
2582 3051 2896 3120 colligemus
2917 3071 3032 3110 nos.
3064 3057 3203 3116 Nihil
3236 3063 3306 3115 sit
3332 3066 3470 3133 apud
3499 3083 3598 3121 nos

2013 3133 2282 3202 dolosum,
2339 3138 2470 3191 nihil
2529 3139 2917 3198 frattdulettttun
2975 3158 3028 3200 ct
3073 3149 3385 3208 insidiosum
3422 3177 3435 3211 :
3466 3158 3596 3214 nihil

2013 3227 2155 3280 cnim
2184 3230 2457 3283 invenitur
2482 3231 2783 3299 hujusmodi
2810 3236 2896 3291 ubi
2923 3237 3078 3292 fuerit
3107 3244 3360 3299 amicitia.
3391 3247 3503 3301 lloc
3524 3251 3598 3302 di-

2013 3317 2088 3370 xit
2110 3317 2190 3371 vir
2208 3335 2419 3390 quoque
2446 3323 2584 3376 alius
2603 3325 2819 3393 sapiens
2847 3345 2860 3381 :
2891 3327 2957 3380 In
2979 3331 3194 3385 amicum
3222 3337 3418 3389 etiamsi
3445 3341 3598 3392 strin-

2012 3410 2147 3462 xeris
2175 3427 2361 3477 ensem,
2389 3429 2451 3466 ne
2485 3413 2756 3483 desperes;
2783 3428 2854 3470 est
2879 3421 3010 3471 enim
3040 3439 3294 3490 regressus
3325 3442 3345 3478 :
3369 3430 3437 3480 ad
3464 3433 3596 3482 ami-

2014 3518 2147 3562 cum,
2195 3505 2238 3554 si
2290 3521 2345 3557 os
2393 3509 2687 3574 aperueris,
2735 3526 2798 3562 ne
2847 3511 3160 3580 despondeas
3210 3518 3474 3585 animum;
3525 3536 3596 3578 est

2013 3591 2354 3645 reconciliatio
2389 3605 2570 3660 prater
2601 3597 3428 3666 exprobrationem,etarcanorum
3457 3628 3595 3665 reue-

2013 3681 2270 3747 lationem,
2301 3693 2346 3736 et
2373 3685 2578 3754 plagam
2625 3687 2853 3742 dolosam
2895 3688 3081 3759 (Eccli.
3121 3693 3212 3748 29..
3252 3696 3342 3752 26.
3385 3699 3498 3771 27).
3538 3703 3595 3756 In

2015 3773 2098 3827 his
2129 3773 2333 3844 aufugit
2359 3777 2584 3843 amicus,
2616 3779 2667 3834 itt
2708 3796 3024 3838 arcanorum
3057 3791 3407 3847 revelatione.
3437 3795 3491 3849 Si
3522 3799 3593 3851 si-

2013 3879 2132 3956 mus
2163 3865 2341 3934 itaque
2370 3884 2557 3922 omnes
2577 3871 2756 3936 amici,
2781 3889 2848 3927 ne
2868 3877 3080 3930 arcanis
3100 3880 3312 3948 quidem
3339 3895 3420 3939 est
3437 3901 3590 3956 opus.

2017 3955 2082 4010 Ut
2111 3958 2252 4011 enim
2289 3976 2392 4012 non
2436 3963 2596 4016 habet
2631 3965 2912 4034 quisquam
2951 3970 3090 4036 apud
3127 3987 3187 4026 se
3235 3975 3399 4030 ullum
3442 3955 3595 4032 arca-

2015 4066 2160 4114 num,
2193 4068 2364 4114 neque
2394 4055 2505 4123 ipse
2536 4058 2770 4123 scipsum
2803 4071 2977 4127 potest
3002 4061 3195 4126 celare,
3229 4066 3300 4119 ita
3328 4084 3425 4122 nec
3452 4074 3590 4125 auti-

2013 4155 2105 4194 cos
2157 4142 2288 4196 Cum
2325 4145 2483 4212 igitur
2510 4161 2614 4198 non
2655 4146 2760 4200 sittt
2785 4163 2998 4212 arcana,
3047 4152 3159 4206 fieri
3197 4171 3303 4209 non
3336 4169 3506 4226 potest
3537 4174 3595 4217 ttt

2011 4247 2075 4286 ex
2117 4247 2180 4286 ea
2228 4249 2286 4286 re
2332 4236 2403 4287 sit
2443 4237 2720 4290 absci~sio.
2751 4239 2960 4293 Arcana
2999 4243 3140 4297 enim
3184 4261 3289 4301 non
3335 4249 3592 4307 habemus

2013 4334 2232 4392 propter
2253 4325 2420 4390 aliud,
2446 4343 2604 4395 quam
2631 4328 2770 4396 quod
2798 4347 2900 4383 non
2922 4332 3171 4390 omnibus
3199 4337 3426 4394 fidamus
3460 4360 3473 4394 :
3503 4359 3592 4397 ca-

2013 4414 2185 4466 ritatis
2213 4415 2390 4482 itaque
2416 4416 2751 4484 refrigeratio
2782 4419 2904 4473 fecit
2931 4437 3144 4477 arcam.
3178 4427 3309 4481 Nam
3337 4433 3461 4499 qttid
3494 4433 3590 4488 ha-

2013 4506 2107 4559 bes
2158 4507 2455 4560 arcanum?
2510 4509 2592 4561 vis
2641 4508 2889 4577 injuriam
2937 4512 3113 4569 facere
3162 4521 3448 4584 proximo?
3495 4536 3589 4580 aut

2014 4596 2266 4666 prohibes
2293 4613 2361 4650 ne
2388 4599 2459 4652 sit
2485 4599 2709 4668 alicujus
2737 4603 2858 4655 boni
2892 4605 3178 4675 particeps,
3220 4620 3273 4662 et
3304 4622 3585 4681 propterea

2012 4704 2134 4744 eum
2163 4688 2348 4742 celas?
2371 4691 2440 4743 At
2477 4689 2605 4743 nihil
2638 4701 2720 4746 est
2756 4692 2943 4747 horum
2968 4712 2982 4760 ;
3012 4696 3106 4750 sed
3136 4700 3448 4756 erubescis?
3478 4705 3590 4760 lloe

2013 4789 2250 4849 estergo
2279 4781 2486 4850 signum
2513 4782 2656 4852 quod
2689 4799 2792 4837 non
2838 4786 2975 4840 fidis.
3017 4789 3070 4842 Si
3113 4791 3180 4844 sit
3217 4808 3345 4863 ergo
3369 4797 3591 4864 caritas,

2015 4890 2120 4928 non
2150 4876 2253 4927 erit
2290 4874 2523 4930 detectio
2571 4892 2911 4941 arcanorum,
2952 4880 3046 4934 sed
3079 4899 3176 4938 nec
3219 4889 3583 4954 exprobratio.

2013 4969 2142 5036 Quis
2164 4967 2326 5031 enim,
2341 4967 2450 5030 dic,
2467 4983 2668 5034 quasso,
2694 4969 2885 5023 auium
2905 4987 3017 5024 sute
3049 4988 3295 5042 umquam
3310 4977 3603 5044 exprobra-

2017 5062 2144 5114 \‘8I'll
2171 5061 2192 5111 ?
2223 5059 2371 5127 Quod
2410 5061 2454 5112 si
2495 5062 2654 5114 etiam
2695 5061 2804 5126 fiat,
2838 5064 2894 5116 lit
2937 5074 3153 5130 promer
3193 5067 3419 5120 lucrum.
3455 5068 3583 5121 Nam

2014 5152 2172 5206 etiam
2219 5152 2398 5219 pueris
2445 5153 2830 5218 exprobramus
2873 5153 3112 5206 volentes
3158 5169 3252 5207 eos
3291 5157 3586 5213 mordere:

2015 5246 2256 5301 Christus
2291 5257 2503 5310 quoque
2545 5245 2851 5297 civitatibus
2897 5255 3021 5295 tunc
3061 5245 3586 5316 cmpitexprobrare,

2023 5336 2113 5390 Vat
2139 5336 2224 5388 tibi
2253 5334 2521 5397 Corozttin,
2554 5349 2627 5386 va:
2657 5335 2743 5384 tibi
2773 5333 3044 5385 Bethsaida
3075 5333 3224 5403 (Luc.
3269 5339 3350 5390 10.
3391 5341 3494 5404 l5),
3530 5351 3587 5394 ιιι

2015 5445 2105 5483 eas
2137 5428 2389 5481 liberaret
2413 5444 2438 5476 a
2470 5427 2697 5494 probris.
2726 5424 2867 5477 Nihil
2897 5426 3037 5478 enim
3060 5428 3295 5483 animum
3322 5431 3389 5482 ita
3416 5443 3589 5497 potest

2016 5529 2252 5588 tangere,
2287 5527 2340 5569 et
2368 5534 2489 5570 eum
2519 5517 2685 5583 magis
2713 5521 2964 5578 excitare,
2997 5527 3047 5570 et
3079 5517 3344 5587 dt‘jCClUtll
3381 5537 3444 5572 ac
3477 5521 3589 5573 dis-

2015 5611 2244 5676 solutum
2294 5608 2519 5674 erigere.
2569 5605 2752 5673 Neque
2801 5622 2897 5660 nos
2942 5617 3143 5663 tenuere
3181 5611 3316 5661 alter
3362 5611 3585 5663 alterum

2020 5699 2228 5768 probris
2265 5703 2596 5764 appetatnus.
2634 5697 2768 5761 Quid
2797 5700 2981 5753 enim?
3010 5709 3226 5767 propter
3269 5700 3592 5765 pecuniasno

2022 5793 2212 5861 probra
2255 5791 2502 5858 iugeres?
2550 5789 2910 5859 Nequaquam,
2947 5791 3205 5861 siquidem
3238 5806 3356 5859 qua:
3397 5790 3589 5852 habes,
