3932 6220
383 321 454 374 75
1088 308 1143 365 5.
1189 307 1461 364 JOANNIS
1500 303 1973 367 CIIRYSOSTUMI
2014 303 2324 356 ARCIIIEP.
2368 299 2902 356 CONSTANTINOP.
3598 309 3665 360 7‘.

391 436 631 505 possides
659 431 976 486 communia.
1009 430 1072 482 At
1100 439 1314 496 promer
1339 436 1552 496 peccata
1575 425 1597 477 ?
1625 423 1698 477 Ne
1720 424 1819 475 hoc
1847 422 1964 489 qui-

389 531 532 587 dem,
563 524 653 577 sed
688 524 859 590 potius
881 521 1140 588 corriges.
1170 517 1238 570 Et
1261 519 1484 588 plagam,
1517 515 1707 582 inquit,
1739 514 1965 566 dolosam

391 620 470 684 tl.
501 619 616 669 (ἔον.
656 616 736 668 is.
780 615 855 682 l).
889 613 1024 671 Ouid
1055 609 1225 664 vero?
1255 612 1488 678 seipsuni
1537 607 1804 675 perimet?
1847 607 1967 672 quis

391 708 561 778 ipsum
607 705 906 773 percutiet?
948 703 1134 756 Nemo.
1178 701 1570 770 Persequaniur
1610 713 1738 766 ergo
1778 696 1968 750 carita-

391 814 516 850 tem.
550 796 663 850 Non
707 796 839 848 dixit
877 795 1206 862 simpliciter,
1253 791 1563 859 Diligamus,
1614 789 1730 852 sed,
1783 786 1964 840 Perse-

387 903 631 958 qviamur.
666 887 827 940 Multo
858 884 1036 939 studio
1072 899 1208 953 opus
1243 893 1294 936 et
1334 881 1602 950 diligentia
1647 899 1658 933 :
1703 879 1808 932 cito
1839 893 1966 930 eva-

389 983 575 1042 tia-scit,
607 981 757 1034 velox
785 989 861 1033 est
896 978 960 1032 ad
1003 976 1360 1032 recedendum
1397 993 1406 1026 :
1443 984 1548 1028 tam
1592 974 1754 1026 multa
1785 972 1835 1024 in
1863 971 1964 1023 vita

387 1073 510 1124 huic
541 1072 615 1125 rei
642 1071 860 1124 exilium
904 1069 1149 1122 aderunt.
1180 1067 1232 1122 Si
1271 1082 1387 1119 eam
1421 1079 1824 1134 persequamur,
1860 1077 1964 1114 non

388 1165 531 1227 prius
572 1163 875 1225 recesserit,
922 1177 1077 1229 quam
1121 1176 1238 1214 eam
1268 1161 1376 1212 cito
1423 1157 1820 1211 attraxerimus.
1871 1153 1964 1206 Dei

385 1256 577 1305 caritas
605 1253 736 1305 ca-lo
766 1262 958 1306 terram
991 1252 1298 1320 conjunxit;
1347 1248 1436 1304 Dei
1475 1249 1670 1303 caritas
1699 1247 1964 1300 hominem

388 1346 574 1398 sedere
599 1344 719 1398 fecit
739 1360 898 1412 super
921 1344 1165 1396 thronum
1197 1343 1434 1412 regium;
1467 1341 1556 1395 Dei
1583 1339 1774 1393 caritas
1800 1339 1964 1391 Deum

387 1434 619 1487 ostendit
661 1448 822 1502 super
869 1445 1108 1498 terram;
1157 1433 1246 1486 Dei
1289 1432 1485 1486 caritas
1523 1430 1797 1483 dominum
1845 1428 1968 1480 fecit

835 1567 1152 1575 ___—__—-__

398 1570 834 1586 ___________._.__...

2075 435 2324 483 servum;
2375 419 2464 472 Dei
2495 419 2689 473 caritas
2723 417 2845 471 fecit
2887 428 2938 471 ut
2971 419 3269 473 traderetur
3307 419 3530 475 dilectus
3567 437 3665 489 pro

2077 512 2320 574 inimicis,
2360 511 2500 563 Illius
2535 525 2632 578 pro
2660 511 2723 562 iis
2751 510 2840 579 qui
2888 511 3131 572 oderant,
3164 511 3394 566 dominis
3420 527 3516 581 pro
3541 529 3664 568 ser-

2077 604 2176 668 vis,
2219 603 2356 656 Deus
2384 618 2480 670 pro
2509 601 2833 663 hominibus,
2882 601 3017 656 liber
3058 618 3155 669 pro
3186 601 3419 658 famulis.
3459 605 3568 658 Nec
3596 621 3662 660 eo

2078 711 2243 763 usque
2265 694 2523 756 constitit,
2544 693 2638 746 sed
2662 708 2759 746 nos
2780 694 2985 746 vocavit
3009 694 3072 746 ad
3101 694 3321 763 majora.
3355 695 3466 748 Non
3490 697 3662 752 solunt

2075 787 2215 839 enim
2248 800 2344 838 nos
2373 785 2614 838 liberavit
2638 799 2666 836 a
2701 784 2966 853 prioribus
2995 785 3165 844 malis,
3189 786 3281 838 sed
3311 787 3470 839 ctiam
3497 789 3664 842 multo

2076 880 2273 946 majora
2303 893 2360 932 se
2393 877 2638 932 daturutn
2673 886 2756 932 est
2796 877 3080 946 pollicitus.
3122 878 3223 930 Pro
3256 878 3360 943 his,
3393 881 3525 933 actis
3556 881 3664 933 Deo

2072 971 2275 1038 gratiis,
2305 985 2516 1024 omnem
2549 984 2936 1040 persequamur
2959 974 3230 1035 virtutem,
3269 980 3322 1024 et
3351 986 3462 1040 pra:
3483 975 3661 1026 omni-

2077 1063 2174 1115 hus
2219 1063 2492 1115 caritatem
2538 1077 2906 1125 exerceamus,
2945 1070 3000 1114 ιιι
3041 1061 3184 1131 digni
3233 1062 3526 1117 habeamur
3570 1068 3662 1134 qui

2074 1166 2464 1220 eousequamur
2496 1151 2633 1205 boaa
2665 1151 2946 1219 promissa,
2983 1167 3076 1219 per
3099 1153 3319 1221 gratiam
3347 1163 3399 1206 et
3430 1155 3666 1223 benigni-

2077 1253 2234 1296 tatem
2271 1243 2473 1296 Domini
2507 1243 2677 1296 nestri
2707 1241 2832 1296 Jesu
2868 1241 3087 1306 Christi,
3135 1245 3218 1297 cui
3259 1259 3381 1299 cum
3414 1245 3574 1300 Patre
3610 1257 3664 1301 ct

2073 1336 2273 1402 Spiritu
2301 1347 2484 1388 sancto
2508 1335 2698 1402 gloria,
2729 1334 3030 1403 imperium,
3057 1335 3246 1402 honor,
3270 1351 3411 1392 nunc
3440 1346 3493 1390 et
3521 1353 3663 1392 seni-

2077 1442 2189 1496 per,
2219 1436 2270 1480 et
2298 1427 2348 1478 in
2378 1426 2572 1479 sarcula
2601 1426 2939 1480 sa’culorum.
2973 1426 3166 1480 Amen.

3591 1559 3655 1570 .-

1792 1613 2131 1693 HOMILIA
2180 1631 2263 1690 χ.

385 1789 512 1842 Car.
554 1791 605 1843 4.
643 1806 691 1840 v.
726 1791 778 1842 lt.
824 1788 991 1842 Unum
1027 1803 1207 1854 corpus
1246 1797 1289 1839 et
1321 1802 1447 1837 unus
1488 1783 1716 1848 spiritus,
1750 1782 1876 1834 sicut
1917 1789 1961 1831 et

455 1882 614 1933 vocati
637 1891 754 1933 estis
776 1880 829 1932 in
857 1895 960 1931 una
987 1894 1075 1948 spe
1097 1877 1368 1930 vocationis
1397 1885 1592 1930 vestrm.

455 1979 507 2024 1.
547 1971 769 2037 Quando
789 1969 853 2022 ad
882 1984 1126 2038 magnum
1153 1967 1348 2035 aliquid
1379 1981 1475 2018 nos
1496 1965 1806 2019 exhortatur
1829 1963 1962 2014 Pati-

385 2066 486 2125 lus,
519 2072 574 2117 ut
599 2065 686 2133 qui
717 2064 787 2117 sit
821 2061 974 2116 valde
1004 2061 1218 2131 sapiens
1247 2069 1302 2114 et
1331 2058 1643 2126 spiritualis.
1682 2057 1827 2110 ducit
1864 2070 1959 2109 es-

385 2157 735 2209 hortationem
784 2155 851 2207 ah
894 2154 958 2207 iis
1006 2169 1124 2221 qua:
1155 2161 1281 2205 sunt
1325 2151 1376 2202 in
1422 2149 1587 2210 cadis,
1633 2157 1689 2200 ut
1725 2148 1813 2215 qtti
1859 2146 1961 2199 hoc

384 2252 555 2316 ipsum
599 2263 629 2300 a
676 2247 898 2301 Domino
938 2245 1224 2299 didicerit:
1258 2244 1396 2296 sicut
1435 2244 1591 2295 etiam
1637 2241 1767 2293 dicit
1805 2239 1956 2300 alihi,

384 2338 649 2390 Ambulate
674 2339 726 2390 in
749 2337 1031 2398 dilectione,
1063 2337 1191 2387 sicut
1220 2343 1266 2386 ct
1290 2334 1518 2385 Christus
1556 2333 1730 2383 dilexit
1772 2347 1883 2392 nos,
1916 2338 1961 2381 et

385 2431 592 2483 tradidit
607 2430 932 2505 sentgtipsum
952 2445 1041 2496 pro
1069 2426 1208 2479 nobis
1229 2425 1443 2492 (Ep/tes.
1473 2425 1523 2477 5.
1551 2423 1644 2492 ‘2);
1676 2432 1728 2474 et
1757 2437 1958 2484 rursus,

392 2521 502 2574 lloc
523 2522 769 2573 sentiatur
796 2523 848 2572 in
876 2518 1011 2571 vobis
1033 2516 1170 2584 quod
1189 2525 1235 2569 et
1257 2517 1308 2568 in
1333 2513 1531 2568 Christo
1559 2514 1588 2565 J
1598 2529 1702 2576 esu,
1740 2513 1822 2580 qui
1849 2528 1961 2563 cum

384 2612 622 2679 informa
663 2610 750 2662 Dei
781 2620 927 2668 esset.
971 2626 1071 2661 non
1113 2608 1346 2676 rapinam
1381 2605 1653 2658 arbitratus
1680 2614 1749 2658 est
1778 2621 1883 2656 esse
1910 2618 1962 2655 se

385 2704 627 2772 a'qualein
665 2701 766 2754 Deo
790 2701 1048 2769 (Philipp.
1072 2697 1128 2750 2.
1149 2699 1214 2753 5.
1244 2697 1323 2763 6).
1361 2699 1468 2748 Iloc
1497 2696 1657 2748 etiam
1691 2695 1776 2748 hic
1816 2693 1958 2746 facit.

385 2793 605 2860 Quando
657 2792 798 2845 enim
847 2790 1088 2857 exetupla
1144 2788 1411 2858 proposita
1459 2796 1582 2840 sunt
1626 2801 1834 2855 magna,
1881 2793 1963 2837 est

386 2885 654 2938 :emulatio
696 2883 986 2937 vehemens
1024 2891 1077 2934 et
1118 2880 1459 2934 desiderium.
1506 2877 1642 2943 Quid
1683 2892 1810 2945 ergo
1839 2876 1963 2930 dicit

387 2993 484 3031 nos
513 2977 803 3029 adhortans
847 2973 913 3027 ad
963 2972 1264 3027 unitatem?
1314 2969 1483 3024 Unum
1527 2985 1709 3038 corpus
1749 2977 1792 3021 et
1833 2983 1963 3019 unus

386 3069 612 3137 spiritus,
651 3070 776 3120 sicut
825 3076 872 3119 et
919 3065 1082 3117 vocati
1122 3065 1239 3117 estis
1290 3063 1344 3115 in
1393 3079 1495 3115 una
1546 3077 1638 3129 spe
1684 3059 1963 3114 vocationis

387 3172 561 3213 vestrae
585 3175 604 3212 :
629 3159 682 3214 5.
717 3175 846 3211 unus
877 3157 1143 3219 Dominus,
1176 3171 1278 3208 una
1303 3154 1452 3220 fides,
1513 3167 1669 3204 unum
1689 3150 1958 3218 baptisma.

386 3253 520 3318 Quid
549 3261 629 3306 est
657 3261 833 3304 autetn
870 3265 1029 3302 unum
1062 3245 1298 3314 corpus?
1327 3245 1426 3309 Qui
1457 3252 1580 3296 sunt
1621 3243 1816 3310 ubique
1857 3251 1964 3294 ter-

386 3359 564 3397 rarum
603 3342 787 3396 lideles
818 3351 871 3394 et
902 3339 1112 3393 fuerunt
1133 3348 1182 3391 et
1215 3336 1374 3389 futuri
1403 3344 1544 3389 sunt.
1573 3334 1774 3386 Rursus
1799 3340 1850 3384 et
1875 3330 1961 3398 qtti

384 3446 508 3488 ante
535 3433 732 3488 Christi
755 3432 1036 3486 adventum
1071 3431 1400 3498 placuerunt,
1425 3435 1724 3479 suntuuum
1747 3437 1959 3490 corpus.

386 3524 705 3591 Quomodo?
743 3524 1003 3588 Quoniam
1050 3522 1123 3573 illi
1175 3533 1383 3588 quoque
1432 3517 1699 3570 Christum
1745 3522 1959 3568 norunt.

391 3616 666 3669 Undenani
695 3613 795 3665 hoc
819 3611 1066 3665 Ctttlslttl?
1094 3609 1346 3662 Abraham
1391 3616 1533 3675 pater
1563 3616 1739 3667 vester,
1768 3604 1959 3672 inquit,

389 3707 650 3759 exsultavit
689 3715 742 3756 ut
788 3702 972 3755 videret
1003 3702 1134 3752 diem
1169 3713 1374 3761 meum;
1413 3708 1456 3750 et
1493 3697 1638 3759 vidit,
1675 3705 1721 3748 et
1763 3695 1962 3764 gavisus

390 3808 459 3850 est
484 3796 662 3863 (Joau.
695 3795 747 3847 8.
777 3793 903 3860 56);
931 3801 985 3844 et
1015 3805 1218 3847 rursus.
1249 3789 1308 3842 Si
1335 3788 1600 3840 crederetis
1633 3786 1820 3854 Moysi,
1857 3801 1964 3837 rre-

389 3888 571 3941 tleretis
602 3886 768 3952 utique
793 3894 837 3936 et
867 3882 989 3934 mihi
1021 3897 1037 3934 :
1065 3881 1127 3934 de
1157 3897 1233 3932 nte
1273 3880 1402 3931 enim
1431 3878 1518 3930 ille
1559 3877 1758 3945 scripsit
1794 3874 1958 3944 (Ibid.

390 3981 442 4032 5.
475 3979 589 4046 46).
625 3987 676 4030 et
708 3975 997 4044 prophette.
1037 3972 1150 4024 Non
1191 3970 1531 4037 scripsissent
1573 3977 1772 4032 autem,
1811 3966 1857 4020 si
1895 3966 1962 4021 de

389 4087 452 4125 eo
507 4071 838 4139 ignut'as'Scnt
886 4081 1002 4133 qua:
1046 4062 1293 4116 dicebant
1341 4079 1353 4112 :
1392 4075 1512 4113 cum
1563 4059 1732 4126 ipsum
1784 4069 1961 4112 autem

390 4171 626 4225 nossent,
667 4160 825 4213 etiam
865 4157 1177 4210 adorahant.
1227 4153 1585 4220 Quamobrem
1637 4150 1708 4203 illi
1752 4164 1963 4219 quoque

388 4264 509 4306 sunt
542 4269 703 4305 unum
725 4265 938 4318 corpus.
973 4248 1086 4300 Non
1118 4255 1199 4301 est
1225 4246 1543 4312 disjunctuui
1572 4258 1766 4311 corpus
1792 4257 1821 4296 a
1849 4243 1963 4310 spi-

389 4349 490 4400 ritu
519 4363 530 4398 :
564 4343 758 4411 aliozpii
793 4357 895 4395 non
929 4340 1083 4393 fuerit
1107 4352 1318 4408 corpus.
1345 4335 1454 4391 Nos
1480 4336 1621 4390 enim
1648 4335 1882 4389 solemus
1910 4335 1960 4387 in

388 4439 566 4498 unitis,
591 4450 642 4489 et
666 4450 783 4504 qua:
806 4433 1023 4486 multaut
1052 4431 1247 4486 habent
1271 4428 1730 4497 consequentiam,
1759 4427 1958 4494 dicere,

389 4535 478 4585 list
507 4547 666 4583 unum
697 4543 911 4596 corpus.
945 4526 1016 4579 Ita
1047 4526 1205 4578 etiam
1234 4537 1330 4576 nos
1357 4524 1406 4576 in
1437 4523 1631 4576 unione
1667 4521 1961 4588 accipimus

387 4638 546 4676 untttn
579 4635 775 4688 corpus
803 4633 909 4669 uno
931 4616 1122 4683 capite.
1147 4615 1203 4668 Si
1231 4623 1310 4668 est
1335 4623 1509 4668 autem
1542 4627 1700 4666 unum
1723 4621 1880 4680 caput
1906 4620 1960 4664 et

387 4729 546 4767 unum
576 4723 791 4777 corpus,
820 4716 1031 4760 constat
1056 4720 1249 4773 corpus
1270 4720 1334 4758 ex
1363 4703 1614 4758 membris
1640 4702 1878 4755 honestis
1909 4709 1963 4754 et

385 4824 490 4859 non
522 4803 779 4856 honestis.
807 4799 1070 4852 thtertuu
1113 4811 1284 4864 neque
1315 4797 1368 4847 in
1399 4794 1710 4846 vilissimum
1739 4791 1962 4859 insurgit

386 4901 434 4949 id
465 4896 604 4966 quod
631 4904 714 4948 est
741 4892 934 4961 majus,
983 4903 1154 4957 neque
1193 4886 1318 4939 illtid
1365 4885 1489 4939 huic
1531 4882 1750 4936 invidet.
1799 4883 1958 4952 Atqui

387 5009 488 5042 non
520 4989 765 5043 eumdem
805 4998 958 5037 usum
1003 4995 1099 5034 nec
1138 4978 1380 5033 eamdem
1424 4975 1750 5028 iunctionem
1783 4975 1959 5026 omnia

382 5085 629 5143 atleruut,
681 5080 773 5133 sed
822 5076 1202 5132 convenienter
1241 5069 1428 5122 rationi
1481 5068 1812 5121 necessitatis
1853 5085 1864 5120 :
1907 5078 1961 5122 et

383 5177 505 5245 quia
538 5175 666 5226 laeta
697 5181 816 5226 sunt
846 5170 1020 5224 omnia
1047 5163 1352 5220 necessario
1378 5170 1430 5214 et
1455 5161 1518 5214 ad
1541 5161 1784 5214 diversos
1811 5174 1956 5222 usus,

383 5266 562 5317 omnia
609 5274 732 5316 sunt
777 5263 976 5314 honore
1007 5259 1172 5327 paria.
1217 5256 1353 5309 Sunt
1389 5263 1564 5306 autem
1607 5253 1708 5306 alia
1745 5252 1956 5320 quidem

384 5353 840 5425 pi-msttttitissima,
871 5361 923 5403 et
947 5365 1063 5418 qttzc
1092 5348 1320 5401 maxime
1340 5345 1669 5398 dominatum
1692 5343 1955 5403 obtinent,

381 5450 482 5501 alia
514 5460 642 5500 vero
674 5443 847 5495 minus
882 5458 894 5492 :
932 5453 981 5491 ut
1028 5450 1184 5506 caput
1227 5446 1310 5490 est
1355 5437 1515 5488 totius
1547 5431 1789 5501 corporis
1823 5444 1954 5498 prae-

381 5537 767 5592 stantissitutnn
801 5548 848 5588 et
881 5532 1048 5600 magis
1075 5531 1402 5582 dominatunt
1435 5527 1702 5590 obtinens,
1729 5531 1785 5576 ut
1818 5522 1957 5591 quod

384 5635 437 5684 in
473 5647 532 5684 se
572 5630 762 5682 haheat
797 5641 988 5680 omnes
1015 5637 1206 5677 sensus
1243 5630 1298 5674 et
1327 5621 1518 5674 animte
1561 5616 1910 5685 principatum
1942 5633 1956 5668 :

383 5738 552 5791 neque
581 5722 777 5788 absque
803 5718 974 5786 capite
1002 5715 1102 5770 vivi
1141 5723 1344 5782 potest;
1379 5709 1598 5779 pedibus
1625 5717 1798 5760 autem
1833 5724 1946 5758 ani-

2075 1766 2270 1843 putatis
2302 1776 2451 1830 multi
2481 1776 2722 1830 vixerunt
2760 1777 2918 1848 longo
2961 1787 3218 1849 tempore.
3251 1780 3348 1834 Est
3384 1782 3564 1852 itaque
3606 1785 3656 1838 id

2073 1867 2174 1920 illis
2202 1884 2304 1920 non
2333 1867 2501 1920 solum
2529 1869 2632 1922 situ
2657 1874 3016 1938 praestantius,
3040 1872 3135 1927 sed
3157 1873 3315 1927 etiam
3346 1877 3659 1943 operatione

2070 1970 2124 2013 et
2153 1961 2360 2014 ordine.
2391 1960 2567 2027 Quare
2605 1961 2704 2015 hoc
2745 1961 2868 2019 dico
2898 1982 2910 2018 :
2941 1963 3078 2019 Sunt
3122 1966 3174 2019 in
3207 1968 3442 2021 Ecclesia
3481 1971 3656 2036 multi,

2068 2050 2157 2118 qui
2185 2063 2304 2103 sunt
2347 2050 2398 2104 in
2430 2052 2591 2104 altum
2637 2054 2823 2120 erecti,
2859 2063 2916 2108 ut
2951 2066 3130 2125 caput,
3162 2058 3566 2114 considerantes
3602 2070 3657 2116 et

2069 2143 2406 2210 speculantes
2433 2144 2686 2208 caelestia,
2731 2147 2869 2200 sicut
2911 2147 3050 2201 oculi
3097 2150 3146 2202 in
3192 2150 3387 2219 capite,
3429 2153 3654 2207 multum

2069 2233 2324 2289 distantes
2350 2251 2376 2286 a
2409 2245 2568 2299 terra,
2605 2246 2660 2290 et
2698 2239 2786 2305 qui
2817 2253 2938 2292 cum
2983 2254 3046 2293 ea
3087 2239 3217 2293 nihil
3263 2241 3459 2296 habent
3505 2258 3656 2297 com-

2072 2343 2229 2381 muue
2281 2345 2296 2380 :
2354 2328 2440 2380 alii
2491 2337 2668 2382 autem
2719 2338 2901 2384 tenent
2952 2331 3125 2385 locum
3174 2333 3400 2400 pedum,
3455 2344 3654 2388 terram

2069 2420 2358 2485 calcantes,
2398 2421 2492 2475 sed
2532 2421 2723 2489 pedum
2767 2438 3037 2477 sanorum.
3079 2424 3192 2478 Non
3241 2427 3384 2480 enim
3431 2428 3656 2494 peditus

2070 2510 2224 2563 datur
2249 2512 2377 2564 vitio
2402 2511 2542 2580 quod
2574 2523 2767 2566 terram
2800 2515 3031 2580 calcent,
3075 2516 3166 2569 sed
3195 2517 3334 2586 quod
3361 2518 3424 2571 ad
3455 2520 3654 2571 malum

2068 2611 2286 2655 currant
2316 2621 2326 2655 :
2353 2618 2472 2655 nam
2503 2602 2685 2668 Pedes,
2719 2605 2905 2674 inquit,
2929 2623 3101 2659 eorum
3126 2619 3336 2662 currant
3365 2611 3434 2662 ad
3458 2613 3654 2666 nmium

2071 2690 2222 2762 (lsai.
2254 2693 2343 2747 59.
2369 2694 2445 2763 7).
2475 2694 2654 2764 Neque
2685 2711 2834 2765 ergo,
2870 2699 3059 2767 inquit,
3087 2701 3226 2753 oculi
3249 2703 3576 2758 extollantur
3602 2716 3657 2760 et

2069 2783 2296 2850 superbe
2319 2799 2377 2837 se
2405 2795 2592 2852 gerant
2619 2785 2874 2840 adversus
2909 2789 3069 2856 pedes
3092 2807 3106 2852 ;
3141 2806 3312 2860 neque
3334 2794 3494 2857 pedes
3523 2811 3623 2849 ocu
3643 2827 3656 2836 -

2069 2874 2134 2926 lis
2163 2873 2453 2938 invideant,
2488 2875 2721 2944 alioquin
2753 2879 3035 2946 unicuique
3075 2896 3170 2934 sua
3213 2884 3423 2950 proliria
3454 2886 3656 2939 tollitur

2071 2965 2426 3033 pulchritudo,
2461 2978 2516 3021 et
2545 2983 2671 3022 suus
2703 2969 2967 3037 perfectus
3002 2973 3290 3042 impeditur
3317 2992 3444 3030 usus
3474 2986 3530 3032 et
3558 2993 3652 3032 sua

2073 3059 2301 3112 iunctio:
2329 3069 2378 3113 et
2396 3061 2514 3127 jure
2532 3061 2580 3114 id
2603 3061 2795 3115 dicitur
2816 3083 2828 3116 :
2851 3079 2970 3116 nam
2989 3065 3076 3133 qui
3096 3066 3371 3121 insidiatur
3388 3071 3649 3137 proximo,

2070 3153 2168 3204 sibi
2203 3153 2428 3219 primum
2459 3162 2608 3221 parat
2638 3155 2874 3207 insidias.
2904 3155 2958 3210 Si
2984 3172 3108 3226 ergo
3131 3159 3290 3227 pedes
3320 3161 3491 3215 nolint
3519 3177 3645 3234 por-

2073 3251 2183 3295 tare
2211 3253 2363 3310 caput
2416 3259 2535 3296 cum
2563 3244 2744 3313 egredi
2775 3247 3134 3301 necessarium
3163 3258 3277 3312 est,
3308 3250 3409 3304 sibi
3439 3269 3652 3321 quoque

2073 3333 2340 3385 interitum
2363 3333 2592 3386 afferunt
2609 3345 2824 3403 propter
2842 3337 3263 3392 immobilitatem
3286 3349 3340 3394 et
3361 3341 3646 3411 pigritiam:

2071 3429 2124 3474 et
2153 3423 2195 3475 si
2232 3434 2389 3490 caput
2430 3423 2628 3476 nullam
2662 3424 2789 3478 velit
2817 3426 3006 3494 pedum
3036 3443 3216 3482 curam
3237 3446 3448 3499 gerere,
3479 3434 3649 3501 ipsmn

2071 3514 2296 3580 primum
2331 3513 2558 3566 laeditur.
2599 3515 2668 3567 At
2696 3515 2782 3568 illa
2810 3517 3022 3584 quidem
3067 3518 3294 3574 alterum
3331 3521 3384 3574 in
3421 3523 3646 3577 alterum

2071 3619 2173 3656 non
2203 3604 2474 3674 insurgere
2491 3615 2572 3660 est
2591 3618 3006 3662 consentaneum
3033 3627 3045 3662 :
3068 3611 3145 3665 sic
3169 3613 3310 3666 enim
3337 3618 3650 3670 naturaliter

2069 3696 2366 3748 ordinatmn
2394 3706 2477 3749 est
2509 3714 2522 3749 :
2556 3697 2647 3751 sed
2677 3699 2945 3766 quomodo
2977 3700 3090 3753 ﬁeri
3123 3711 3294 3769 potest
3326 3713 3382 3757 ut
3411 3704 3574 3760 homo
3596 3707 3644 3760 in

2071 3787 2339 3841 hominem
2369 3804 2471 3842 non
2503 3790 2781 3859 insurgat?
2808 3791 2989 3858 Neque
3022 3794 3163 3846 enim
3191 3797 3500 3864 angelorum
3531 3801 3646 3868 quis

2072 3879 2325 3946 insurgit,
2376 3880 2623 3947 quoniam
2668 3896 2765 3933 uec
2823 3881 2898 3933 illi
2950 3882 3207 3938 adversus
3257 3886 3643 3959 archangelos;

2070 3984 2242 4036 neque
2275 3985 2456 4023 rursus
2483 3971 2636 4024 bruta
2671 3973 2788 4039 plus
2817 3989 2973 4040 quam
3001 3989 3100 4043 ego
3130 3975 3307 4030 ell'erri
3337 3987 3393 4033 et
3417 3981 3647 4047 majores

2069 4060 2286 4127 Spiritus
2313 4070 2535 4130 possunt
2559 4061 2838 4130 concipere
2864 4082 2877 4117 :
2907 4064 2991 4116 tibi
3015 4074 3192 4118 autem
3222 4083 3316 4134 par
3337 4079 3419 4121 est
3441 4069 3646 4126 honore

2069 4159 2278 4216 natura,
2312 4160 2366 4205 et
2396 4167 2558 4204 umtm
2584 4151 2799 4215 donum,
2831 4162 2885 4207 et
2911 4155 3007 4208 iste
3039 4155 3155 4222 plus
3193 4173 3349 4225 quam
3392 4159 3482 4214 ille
3514 4161 3647 4215 nihil

2069 4243 2229 4297 habet
2255 4259 2353 4298 nec
2374 4252 2677 4313 superatur,
2701 4246 2968 4314 quomodo
2996 4262 3100 4300 non
3125 4249 3478 4305 insurrexerit
3494 4253 3520 4305 τ
3538 4253 3651 4307 lino

2069 4351 2196 4388 vero
2226 4345 2444 4404 propter
2474 4335 2586 4388 lucc
2613 4351 2716 4389 non
2743 4335 2906 4390 debes
2935 4337 3210 4408 insurgere
3240 4340 3292 4392 in
3320 4341 3650 4409 proximum.

2069 4427 2196 4480 Nam
2226 4428 2269 4480 si
2305 4427 2482 4479 omnia
2522 4436 2646 4480 sunt
2686 4429 3010 4494 communia,
3059 4438 3114 4483 et
3156 4431 3292 4484 alter
3325 4433 3444 4500 plus
3489 4450 3649 4504 quant

2068 4520 2203 4572 alter
2225 4536 2327 4572 non
2348 4519 2526 4583 habet,
2553 4517 2816 4572 undcuam
2834 4522 3170 4589 arrogantia?
3187 4522 3440 4591 Ejusdem
3463 4541 3650 4580 sumus

2072 4621 2272 4663 natura:
2297 4611 2601 4679 participes,
2634 4611 2826 4662 animae
2853 4620 2906 4664 et
2933 4613 3174 4679 corporis
3196 4614 3466 4680 similiter,
3493 4633 3647 4670 cum-

2068 4700 2188 4753 dem
2219 4700 2486 4768 Spiratnus
2521 4700 2719 4761 acrem,
2755 4699 2942 4753 iisdem
2987 4702 3184 4754 utimur
3211 4703 3521 4771 alimentis;
3557 4721 3650 4758 un-

2067 4792 2256 4846 denam
2287 4792 2649 4844 insurrectio?
2679 4792 2747 4844 At
2769 4806 2926 4859 posse
2953 4801 3167 4860 propter
3192 4793 3440 4848 virtutem
3469 4799 3645 4849 incor-

2071 4896 2256 4949 poreas
2297 4895 2552 4949 siiperare
2593 4889 2901 4949 potestates,
2945 4880 3140 4934 suflicit
3177 4881 3243 4935 ad
3292 4883 3645 4938 inducendam

2066 4969 2424 5040 arrogantiam
2457 4986 2470 5022 :
2502 4971 2607 5022 imo
2649 4985 2779 5023 vero
2820 4985 2925 5023 non
2977 4969 3134 5024 fuerit
3179 4972 3280 5026 hoc
3317 4977 3646 5042 arrOgantia.

2071 5064 2179 5129 Ego
2225 5071 2402 5115 autem
2445 5063 2634 5114 merito
2671 5061 2932 5115 adversus
2972 5061 3270 5117 daemonem
3319 5067 3554 5120 extollar
3595 5079 3648 5122 et

2066 5153 2218 5205 Valde
2244 5152 2490 5205 extollor.
2533 5151 2663 5205 Vide
2692 5162 2867 5205 autem
2898 5151 3170 5220 quomodo
3205 5153 3399 5208 Paulus
3436 5172 3647 5226 quoque

2065 5245 2217 5298 valde
2247 5243 2608 5298 extollebatur
2633 5243 2887 5296 adversus
2908 5243 3228 5298 (homonem.
3255 5246 3480 5310 Quando
3505 5251 3644 5303 enim

2067 5348 2252 5405 magna
2300 5346 2353 5388 et
2394 5333 2723 5388 admirabilia
2768 5333 2835 5387 de
2872 5350 2938 5388 eo
2974 5334 3190 5389 diccbat
3232 5335 3468 5402 diemon,
3498 5342 3547 5394 ei
3588 5355 3648 5394 os

2065 5431 2346 5493 obstruxit,
2390 5443 2458 5482 ne
2501 5428 2810 5481 adulantem
2839 5427 3054 5495 quidem
3100 5427 3299 5482 ferens.
3345 5429 3478 5484 Nam
3525 5447 3644 5486 cum

2065 5521 2337 5585 ancillula,
2382 5536 2502 5590 qua:
2541 5518 2786 5588 spiritum
2837 5517 3064 5572 habebat
3105 5517 3387 5587 Pythonis,
3419 5522 3644 5586 diceret.

2070 5610 2138 5664 lii
2165 5611 2388 5662 homines
2413 5618 2527 5662 sunt
2556 5610 2680 5662 servi
2714 5607 2806 5661 Dei
2831 5607 3038 5671 excelsi,
3068 5608 3153 5677 qui
3180 5609 3317 5662 vobis
3343 5615 3645 5666 annuutiant

2065 5705 2195 5758 viam
2237 5704 2452 5756 veritatis
2481 5703 2614 5773 (Act.
2664 5702 2744 5756 16.
2793 5700 2896 5772 l'i),
2934 5700 3086 5755 valde
3129 5700 3431 5772 increpans,
3473 5707 3639 5770 impu-
