3932 6220
443 283 512 339 77
1164 280 1224 335 s.
1261 278 1552 336 JOANNIS
1588 279 2082 339 cumsos'rom
2121 284 2443 342 ARCHIEP.
2483 284 3031 348 consunmor.
3614 298 3687 353 τε

442 399 645 475 μᾶλλον
695 389 849 456 οὗτος
884 393 1108 465 μείζων,
1162 393 1196 464 ἢ
1250 394 1456 457 ἐκεῖνός
1488 397 1625 449 ἐστι.
1676 397 1743 450 Τί
1769 396 2010 467 δήποτες

442 485 564 538 Ὀτι
595 482 731 550 ὅπερ
757 476 864 531 ἀπὸ
906 477 1122 547 φύσεως
1153 477 1310 547 ἔσχεν
1337 480 1569 543 ἐκεῖνος,
1608 480 1767 534 τοῦτο
1795 479 2012 551 κατώρα

439 568 613 623 θωσεν
645 563 753 617 ἀπὸ
796 561 1173 634 προαιρέσεως
1222 561 1383 625 αὐτός
1408 577 1421 592 ο
1469 564 1565 617 καὶ
1594 564 1676 617 ὅτι
1702 562 2013 634 ἀπῴκισται

443 666 537 703 σου
564 649 592 701 0
622 644 852 714 ἄγγελος
891 644 987 697 καὶ
1026 642 1106 714 τῷ
1137 645 1287 713 τόπῳ
1322 644 1417 697 καὶ
1451 645 1544 697 τὸν
1575 645 1803 716 οὐρανὸν
1848 645 2009 699 οἰκεῖ’

437 727 592 796 οὗτος
623 730 681 791 δὲ
709 725 1112 798 ἀναστρέφεται
1145 727 1284 798 μετά
1309 725 1428 790 σοῦ,
1458 728 1554 781 καὶ
1582 727 1768 782 δίδωσί
1805 745 1888 781 σοι
1916 726 2012 781 τοῦ

437 816 601 887 ζήλου
638 815 831 885 ῥοπήν.
864 812 975 866 Καὶ
1014 811 1121 881 μὴν
1162 812 1259 864 καί
1287 804 1441 873 οὗτος
1470 811 1782 880 ἀπῴκισται
1813 810 2037 880 μᾶλλον,

434 901 469 970 ἦ
499 900 725 960 ἐκεῖνος.
778 892 979 963 Ἠμῶν
1025 893 1158 964 7&9,
1204 893 1363 963 φησί,
1397 893 1465 946 τὸ
1513 893 1630 965 [77]
1681 895 2019 962 πολίτευμα-

431 969 503 1037 ἑν
533 978 833 1050 οὐρανοῖς.
853 978 978 1030 Ὅτι
1000 976 1058 1030 δέ
1087 976 1287 1046 μᾶλλον
1315 969 1471 1039 οὗτος
1499 976 1828 1046 ἀπῴκισται,
1848 977 2012 1031 ἄκου-

434 1082 549 1131 σον,
582 1062 687 1116 ποῦ
716 1059 884 1115 αὑτοῦ
934 1059 1172 1130 κάθηται
1207 1063 1238 1128 ἡ
1278 1058 1512 1130 κεφαλή·
1549 1060 1643 1122 Et;
1670 1060 1766 1112 τὸν
1799 1059 2007 1129 θρόνον,

433 1149 590 1221 φησὶ,
613 1147 705 1201 τὸν
733 1143 1010 1216 βασιλικόν
1032 1161 1045 1174 ·
1084 1146 1193 1214 ὂσῳ
1221 1142 1279 1195 δὲ
1309 1143 1498 1214 πόρρω
1520 1142 1678 1212 ἡμῶν
1727 1144 1757 1195 ὁ
1802 1143 2008 1214 θρόνος,

430 1230 675 1299 τοσούτῳ
698 1228 790 1282 καὶ
815 1221 988 1289 οὗτος.
1021 1224 1159 1277 Ἀλλ’
1182 1225 1291 1305 ὁρῶ
1320 1227 1481 1296 τιμῆς
1513 1225 1876 1286 ἀπολαύοντα,
1904 1244 2010 1296 φη-

434 1318 511 1381 σί,
543 1315 638 1370 καὶ
669 1315 748 1376 είς
786 1307 1122 1382 ζηλοτυπίαν
1172 1308 1398 1379 ἄγομαι.
1451 1308 1621 1364 Τοῦτο
1656 1311 1765 1381 γάρ
1814 1312 1961 1363 ἐστιν
1983 1309 2012 1364 ὃ

433 1400 614 1454 πάντα
641 1399 753 1452 ἄνω
786 1394 883 1447 καί¹
913 1393 1066 1447 κάτω
1097 1392 1388 1462 πεποίηκε,
1419 1393 1515 1446 καὶ
1546 1395 1607 1447 οὐ
1632 1394 1729 1465 τὴν
1757 1394 2013 1463 οἰκουμέ-

432 1501 531 1556 νην
564 1481 745 1551 μόνον,
772 1476 909 1531 ἀλλά
932 1477 1026 1530 καὶ
1045 1475 1143 1545 τὴν
1173 1475 1498 1547 Ἐκκλησίαν
1522 1476 1727 1546 μυρίων
1744 1476 2009 1547 ἐνέπλησε

432 1564 699 1637 θορύϐων.
730 1561 841 1615 Καὶ
861 1559 1112 1629 καθάπερ
1141 1559 1220 1623 είς
1240 1558 1435 1629 λιμένα
1459 1559 1693 1631 γαληνὸν
1721 1559 2010 1631 πνεύματα

430 1650 601 1722 ἄγρια
635 1648 694 1713 ἐξ
743 1644 993 1708 ἐναντίας
1046 1643 1380 1714 ἐμπεσόντα,
1412 1645 1596 1714 πάσης
1627 1643 1885 1709 σπιλάδος
1914 1646 2011 1698 καί

432 1732 634 1794 παντὸς
671 1726 924 1799 πορθμοῦ
956 1722 1419 1796 ἐπισφαλέστερον
1462 1726 1625 1781 αὐτὸν
1654 1726 1975 1798 καθίστησιν
1994 1745 2007 1758 ·

430 1817 572 1871 οῦτω
601 1815 666 1886 δὴ
699 1813 796 1867 καὶ
844 1811 874 1863 0
910 1810 1010 1880 τῆς
1056 1809 1217 1880 δόξης
1258 1808 1400 1880 ἔρως
1434 1808 1790 1876 ἐπεισελθὼν,
1829 1809 2011 1863 πάντα

430 1898 696 1972 ἀνέτρεψε
728 1895 823 1950 καὶ
854 1893 1095 1965 συνέχεε.
1151 1893 1575 1965 Παραγεγόνατε
1621 1893 1880 1957 πολλάκις
1909 1894 2009 1963 ἐμ-

428 1981 671 2057 πρησμῷ
697 1979 886 2035 οἰκιῶν
908 1977 1162 2049 μεγάλων
1181 1993 1194 2005 ·
1233 1977 1403 2030 εῐδετε
1434 1977 1553 2041 πῶς
1579 1977 1787 2032 ἄνεισιν
1812 1978 1894 2041 είς
1917 1977 2009 2030 τὸν

426 2067 653 2140 οὐρανὸν
681 2067 712 2119 0
742 2061 972 2127 καπνὸς,
1007 2061 1101 2115 καὶ
1127 2060 1357 2131 μηδενὸς
1383 2060 1703 2135 προσιόντος
1731 2058 1923 2117 σϐέσαι
1947 2060 2010 2112 τὸ

426 2153 616 2214 κακὸν,
645 2148 782 2204 ἀλλά
825 2146 889 2201 τδ
926 2145 1049 2200 καθ’
1101 2145 1292 2199 ἑαυτὸν
1320 2144 1555 2198 ἑκάστου
1605 2143 2007 2213 σκοπουμένου,

430 2235 570 2309 μετά
589 2232 791 2302 πολλῆς
820 2231 921 2301 τῆς
945 2229 1176 2302 ἡσυχίας
1200 2230 1261 2283 τὸ
1285 2228 1397 2301 πῦρ
1421 2228 1637 2284 ἅπαντα
1661 2230 2005 2301 ἐπινέμεται·

426 2319 523 2372 καὶ
546 2315 877 2388 περιέστηκε
909 2312 1010 2382 μέν
1037 2313 1300 2375 πολλάκις
1351 2312 1539 2384 κύκλῳ
1566 2313 1719 2380 πᾷσα
1744 2314 1779 2383 ἡ
1829 2311 2005 2377 πόλις,

427 2400 823 2473 περιεστήκασι
876 2395 933 2448 δὲ
977 2394 1169 2448 θεαταὶ
1202 2393 1415 2459 κακῶν,
1461 2395 1521 2449 ού
1575 2395 1856 2473 σύμμαχοι
1886 2394 2008 2449 οὐδὲ

430 2483 653 2555 βοηθοί·
712 2481 807 2533 καὶ
841 2478 989 2532 ἐστιν
1041 2478 1169 2531 ἰδεῖν
1217 2477 1373 2535 οὐδὲν
1413 2476 1705 2541 ποιοῦντας
1756 2477 2008 2543 ἅπαντας

427 2571 554 2630 τοὺς
573 2562 970 2638 περιεστῶτας,
988 2560 1104 2614 ἀλλ’
1130 2560 1361 2619 ἕκαστον
1387 2560 1569 2614 αὐτῶν
1590 2560 1691 2632 τὴν
1722 2564 1881 2636 χεῖρα
1913 2562 2009 2614 ἐκ·-

427 2650 693 2713 τείνοντα,
730 2647 825 2701 καί
851 2645 928 2715 τῷ
964 2644 1296 2715 προσφάτως
1319 2643 1527 2699 ἐλθόντι
1554 2643 1692 2716 πρὸς
1718 2643 1810 2697 τὸν
1841 2643 2007 2697 τόπον

428 2730 827 2795 ἐπιδεικνύντα,
880 2729 915 2800 ἢ
963 2729 1050 2783 διά
1105 2727 1323 2798 θυρίδος
1355 2726 1618 2798 λαμπάδα
1642 2727 2006 2798 ἐξαλλομένην

429 2818 693 2890 συνεχῶς,
734 2815 770 2887 ἢ
803 2815 994 2876 δοκοὺς
1047 2813 1595 2887 καταρριπτομένας,
1643 2812 1677 2884 ἢ
1723 2812 2006 2882 περίϐολον

426 2905 721 2973 ὁλόκληρον
747 2899 856 2952 τῶν
890 2897 1231 2970 ἐρεισμάτων
1275 2897 1702 2951 ἀποσπασθέντα
1744 2898 1840 2951 καὶ
1870 2896 2009 2968 πρὸς

426 2989 527 3061 τὴν
564 2986 670 3057 γῆν
701 2983 1076 3054 ἐπειγόμενον.
1112 2980 1235 3034 Εἰσὶ
1271 2979 1328 3034 δέ
1375 2980 1564 3034 πολλοὶ
1586 2981 1694 3034 τῶν
1717 2981 2008 3056 τολμηρῶν

427 3073 521 3126 καὶ
549 3067 957 3142 ῥιψοκινδύνων,
994 3065 1044 3119 οἳ
1096 3064 1193 3119 καὶ
1245 3064 1477 3143 πλησίον
1528 3064 1709 3118 αὐτῶν
1749 3064 2007 3145 γενέσθαι

426 3156 535 3210 τῶν
578 3152 885 3223 καιομένων
916 3147 1369 3220 οἰκοδομημάτων
1418 3148 1856 3220 κατετόλμησαν,
1907 3149 2007 3218 ούχ

426 3239 570 3293 ὥστε
604 3240 763 3309 χεῖρα
792 3234 979 3307 ὀρέξαι
1003 3234 1186 3297 αὐτοῖς
1230 3233 1326 3286 καί
1366 3232 1557 3287 σϐέσαι
1580 3232 1641 3286 τὸ
1667 3233 1861 3300 κακὸν,
1889 3232 2007 3286 ἀλλ’

426 3324 568 3378 ὥστε
598 3320 867 3395 ήδυτέραν
906 3316 1162 3387 γενέσθαι
1196 3316 1297 3388 τὴν
1323 3316 1474 3381 θέαν,
1509 3318 1573 3369 ἐκ
1606 3316 1701 3373 τοῦ
1737 3316 2006 3385 σύνεγγυς

425 3407 605 3461 πάντα
639 3403 951 3473 δυναμένων
985 3401 1164 3456 αὐτῶν
1195 3403 1570 3472 περισκοπεῖν,
1603 3400 1639 3456 ἃ
1659 3402 1785 3463 τοὺς
1808 3401 2008 3468 ἔξωθεν

426 3491 686 3553 πολλάκις
725 3487 938 3542 ἔλαθεν.
995 3487 1059 3539 Εί
1090 3486 1148 3539 δέ
1181 3487 1276 3539 καὶ
1300 3485 1530 3558 λαμπρά
1559 3486 1652 3538 καὶ
1676 3486 1887 3556 μεγάλη
1913 3486 2006 3538 τύ-

427 3590 512 3647 χοι
543 3568 677 3625 οὖσα
702 3572 736 3640 ὴ
768 3569 936 3628 οἰκία,
974 3567 1206 3620 ἐλεεινὸν
1233 3568 1413 3637 θέαμα
1438 3568 1533 3627 καὶ
1583 3568 1791 3622 πολλῶν
1822 3571 2004 3633 αὐτοῖς

427 3654 681 3726 δακρύων
711 3652 862 3717 ἄξιον
892 3646 1036 3703 εἶναι
1068 3651 1238 3704 δοκεῖ.
1296 3651 1405 3701 Καὶ
1444 3651 1593 3703 ἐστιν
1625 3652 1843 3719 ἀληθῶς
1876 3652 2006 3706 ἰδεῖν

429 3739 606 3808 θέαμα
656 3734 912 3799 ἐλεεινὸν,
970 3732 1166 3786 κιόνων
1214 3735 1455 3802 κεφαλὰς
1489 3735 1638 3787 κόνιν
1687 3737 2002 3813 γινομένας,

428 3821 655 3882 πολλοὺς
691 3818 748 3870 δὲ
786 3818 880 3870 καὶ
927 3816 1126 3879 αύτούς
1173 3814 1693 3886 διακεκλασμένους,
1743 3820 1868 3883 τοὺς
1905 3820 2005 3890 μὲν

427 3904 520 3958 τοῦ
569 3902 738 3972 πυρὸς
785 3898 1286 3970 κατεργαζομένου,
1320 3900 1448 3962 τοὺς
1497 3899 1555 3952 δὲ
1611 3899 1871 3965 πολλάκις
1896 3903 2005 3956 τῶν

426 3984 899 4056 οἰκοδομησάντων
935 3982 1135 4049 αὐτοὺς
1184 3982 1383 4055 χειρῶν
1434 3982 1712 4045 ὡθουσῶν,
1744 3984 1885 4039 ὥστε
1925 3985 2003 4057 μὴ

427 4070 647 4125 πλείονα
680 4068 888 4138 τροφὴν
930 4060 1195 4135 γενέσθαι
1238 4064 1317 4135 τῷ
1355 4066 1512 4136 πυρί.
1553 4066 1712 4119 Ἔστι
1767 4067 1825 4121 δὲ
1873 4068 2003 4121 ἰδεῖν

424 4154 739 4224 ἀγάλματα,
782 4150 817 4205 ἅ
852 4149 990 4219 μετὰ
1022 4146 1218 4207 πολλοῦ
1243 4148 1339 4200 τοῦ
1369 4148 1599 4218 κόσμου,
1647 4150 1749 4218 τῆς
1799 4151 2004 4222 ὀροφῆς

428 4237 799 4306 επικειμένης,
840 4236 1105 4303 εἱστήκει,
1137 4232 1612 4301 ἀνακαλυφθέντα,
1656 4234 1754 4305 τῆς
1798 4236 2001 4306 στέγης

424 4319 835 4391 ἀφαιρεθείσης,
864 4317 958 4370 καὶ
987 4317 1045 4369 ἐν
1075 4315 1272 4387 αἰθρίῳ
1295 4317 1434 4391 μετά
1462 4316 1667 4388 πολλῆς
1696 4316 1797 4387 τῆς
1828 4319 2003 4390 ἀμορ-

426 4406 553 4475 φίας
587 4405 879 4473 ἑστηκότα.
909 4401 975 4454 Τί
999 4400 1052 4454 δέ
1076 4418 1090 4469 ;
1123 4401 1215 4455 τὸν
1245 4401 1478 4455 πλοῦτον
1503 4402 1594 4454 τὸν
1622 4402 1772 4457 ἔνδον
1800 4407 2000 4458 ἐναπο-

425 4489 674 4560 κείμενον
718 4486 799 4550 τίς
838 4484 1183 4555 διηγήσαιτο,
1233 4484 1303 4538 τὰ
1351 4486 1541 4555 ἱμάτια
1573 4485 1643 4539 τά
1674 4487 1869 4555 χρυσᾶ,
1908 4487 2003 4539 καὶ

421 4573 492 4627 τὰ
527 4570 698 4641 σκεύη
720 4571 787 4623 τά
817 4569 1072 4640 ἀργυρᾶ;
1110 4568 1221 4620 Καὶ
1253 4566 1363 4638 γὰρ
1392 4567 1521 4621 ἔνθα
1558 4569 1718 4639 μόνος
1741 4569 1769 4620 0
1806 4569 2001 4622 δεσπόο

420 4673 522 4725 της
554 4654 727 4724 εἰσῄει
761 4651 899 4721 μετὰ
922 4651 1020 4720 τῆς
1051 4647 1246 4702 ἐαυτοῦ
1282 4650 1537 4716 συζύγου,
1580 4650 1708 4702 ἔνθα
1740 4651 1849 4703 τῶν
1873 4652 2002 4703 πολ-

422 4740 533 4793 λῶν
566 4736 794 4808 ἱματίων
840 4734 935 4787 καὶ
968 4732 1281 4804 ἀρωμάτων
1310 4732 1372 4786 τὸ
1396 4734 1622 4801 ταμεῖον
1651 4729 1743 4803 ἦν,
1782 4734 1891 4789 τῶν
1920 4735 2001 4787 λί-

424 4824 534 4878 θων
562 4820 674 4872 τῶν
704 4815 1011 4871 πολυτελῶν
1040 4817 1107 4869 τὰ
1156 4814 1359 4885 δοχεῖα,
1399 4817 1528 4884 μιᾶς
1557 4819 1739 4886 πυρᾶς
1771 4818 2001 4888 γενομέ-

423 4927 542 4978 νης,
565 4906 659 4960 καὶ
690 4900 1020 4973 βαλανευταὶ
1048 4900 1142 4953 καὶ
1169 4897 1452 4966 κοπρῶναι
1483 4900 1577 4951 καί
1611 4899 1877 4968 δραπέται
1906 4903 2001 4955 καὶ

422 4995 625 5052 πάντες
672 4987 858 5041 λοιπὴν
904 4984 1072 5045 ἔνδον,
1107 4982 1203 5036 καὶ
1241 4982 1423 5036 πάντα
1449 4981 1516 5034 τά
1555 4982 1704 5035 ένδον
1730 4982 1875 5055 ὕδωρ
1907 4989 1998 5039 καὶ

423 5076 536 5146 πῦρ
563 5073 659 5127 καὶ
688 5071 861 5142 πηλὸς
883 5070 979 5124 καὶ
1002 5068 1171 5130 κόνις,
1205 5066 1301 5121 καὶ
1325 5065 1459 5131 ξύλα
1485 5066 1823 5136 ἡμίκαυστα.
1852 5069 1918 5121 Τί
1943 5070 1999 5122 δὲ

418 5162 521 5231 τὴν
551 5158 732 5213 εἰκόνα
767 5155 970 5225 ταύτην
1002 5152 1260 5207 ἐπιπλέον
1308 5151 1593 5215 ἐξέτειναξ
1652 5152 1764 5222 Ούχ
1811 5153 2000 5216 ἁπλῶς

421 5243 599 5303 οἰκίας
646 5239 975 5309 ἐμπρησμὸν
1008 5234 1325 5306 ὑπογράψαι
1372 5234 1734 5305 βουλόμενος⁸
1791 5235 1845 5288 τί
1889 5236 2000 5305 γάρ

425 5344 516 5397 μοι
541 5323 732 5377 τούτου
760 5322 947 5391 μέλας
981 5319 1116 5374 ἀλλά
1145 5320 1498 5389 παραστῆσαι
1533 5317 1857 5387 βουλόμενος
1886 5321 2000 5380 τοῖς

421 5409 709 5482 ὑμετέροις
736 5404 1057 5473 όφθαλμοίς,
1086 5403 1160 5466 ὡς
1187 5397 1298 5455 οἷόν
1324 5419 1405 5460 τε,
1444 5402 1513 5453 τά
1545 5402 1644 5469 τῆς
1673 5400 2001 5471 Ἐκκλησίας

422 5494 591 5551 κακά.
641 5489 911 5558 Καθάπερ
947 5486 1058 5556 7&9
1102 5485 1432 5557 ἐμπρησμὸς
1462 5485 1652 5546 ὅντως,
1687 5482 1720 5552 ἢ
1756 5484 1999 5553 σκηπτός

423 5597 506 5641 τις
554 5575 759 5632 ἄνωθεν
797 5569 916 5645 [78]
956 5570 1276 5640 φερόμενος,
1317 5566 1491 5629 οῦτως
1533 5567 1613 5630 είς
1670 5565 1834 5619 αὑτὸν
1866 5583 1999 5618 κατ-

423 5660 622 5729 ηνέχθη
653 5659 750 5726 τῆς
782 5655 1107 5725 Ἐκκλησίας
1140 5651 1229 5705 τὸν
1260 5648 1479 5720 ὄροφον,
1508 5650 1602 5702 καὶ
1630 5648 1821 5703 οὐδένα
1846 5649 1995 5703 διαν-

424 5744 668 5810 ίστησινο
697 5740 833 5796 ἀλλὰ
862 5742 958 5811 τῆς
1012 5738 1189 5799 οἰκίας
1222 5734 1322 5803 τῆς
1368 5731 1628 5803 πατρῴας
1668 5732 1987 5803 καιομένης,

2119 396 2460 468 καθεύδομεν
2485 398 2651 454 ῦπνον
2678 400 2800 455 τινὰ
2829 401 2999 472 βαθὺν
3030 405 3123 457 καὶ
3147 406 3495 477 ἀναίσθητον.
3530 409 3688 476 Τίνος

2114 479 2224 562 γάρ
2248 481 2347 550 οὐχ
2390 482 2568 552 ἥψατο
2614 482 2775 539 τοῦτο
2816 485 2877 538 τὸ
2932 486 3081 557 πῦρι
3128 489 3298 543 ποίων
3353 490 3688 562 ἀγαλμάτων

2113 561 2224 615 τῶν
2254 565 2312 617 ἐν
2340 564 2639 638 Ἐκκλησία
2684 566 2972 630 ἐστώτων;
3027 570 3323 641 Ἐκκλησία
3374 561 3689 642 γάρίοὺδέν

2112 643 2301 729 ἐτερόν
2329 647 2499 710 ἐστιν,
2544 648 2659 703 ἀλλ’
2689 649 2721 721 ἢ
2752 651 2841 709 διὰ
2880 651 2991 704 τῶν
3019 654 3304 725 ἡμετέρων
3329 654 3519 725 ψυχῶν
3543 657 3687 729 ᾠκο-

2112 727 2393 801 δομημένη
2419 731 2586 786 οἰκία.
2627 732 2691 786 Ἦ
2727 732 2781 786 δὲ
2813 745 2838 773 ι
2870 735 3014 787 οίκία
3046 736 3185 807 αῦτη
3215 738 3313 790 οὐκ
3345 738 3491 792 ἔστιν
3523 727 3689 795 ἰσότι-

2117 827 2217 881 μος
2248 812 2460 879 άπασα,
2491 813 2625 868 ἀλλὰ
2652 813 2761 868 τῶν
2784 819 2862 879 εἰς
2901 817 3070 888 αὐτὴν
3098 819 3494 873 συντελούντων
3521 822 3687 876 λίθων

2112 894 2163 946 οί
2205 895 2308 962 μέν
2344 897 2452 948 εἰσι
2484 896 2730 968 λαμπροὶ
2765 900 2860 952 καὶ
2898 900 3136 970 φαιδροὶ,
3168 902 3220 953 οί
3247 902 3304 955 δέ
3333 903 3557 956 ἐκείνων
3587 904 3689 974 μὲν

2114 974 2370 1039 ἐλάττους
2396 981 2487 1031 καὶ
2510 980 2895 1052 ἀμαυρότεροι,
2921 981 3101 1052 πολλῷ
3133 982 3189 1036 δὲ
3220 983 3395 1037 ἄλλων
3420 984 3686 1053 βελτίους.

2118 1060 2304 1113 Ἔστιν
2334 1061 2461 1114 ἰδεῖν
2491 1062 2725 1117 ἐνταῦθα
2754 1064 2984 1129 πολλοὺς
3011 1067 3105 1119 καὶ
3156 1066 3360 1137 χρυσοῦ
3393 1069 3550 1136 τάξιν
3587 1072 3693 1123 ἐπ·

2114 1144 2362 1212 έχοντας,
2387 1145 2590 1215 χρυσοῦ
2622 1146 2717 1199 τοῦ
2766 1148 3098 1218 κοσμοῦντος
3148 1152 3238 1203 τὸν
3275 1150 3500 1222 δροφον·
3540 1154 3690 1206 ἐστιν

2116 1224 2245 1279 ἰδεῖν
2271 1228 2364 1280 καὶ
2389 1227 2480 1283 τὸν
2511 1228 2619 1287 άπὸ
2649 1228 2984 1300 ἀγαλμάτων
3010 1231 3215 1301 κόσμον
3240 1232 3433 1297 ἄλλους
3459 1252 3692 1311 παρεχο-

2116 1308 2347 1376 μένους·
2402 1311 2628 1373 πολλοὺς
2673 1311 2821 1366 ἐστιν
2856 1314 2983 1369 ἰδεῖν
3018 1316 3095 1379 ὡς
3143 1316 3369 1381 στύλους
3422 1308 3687 1383 ἑστῶτας.

2112 1388 2234 1443 Οῐδε
2263 1391 2373 1462 γὰρ
2403 1393 2498 1446 καὶ
2545 1392 2863 1464 ἀνθρώπους
2894 1397 3119 1462 στύλους
3144 1399 3353 1464 καλεῖν,
3391 1402 3454 1454 οὐ
3487 1404 3556 1471 τῇ
3591 1402 3689 1454 δυ-

2111 1475 2274 1544 νάμει
2303 1476 2487 1546 μόνον,
2524 1476 2661 1530 ἀλλά
2693 1478 2789 1531 καὶ
2814 1478 2893 1549 τῷ
2922 1481 3110 1534 κάλλει
3149 1483 3318 1535 πολὺν
3345 1484 3690 1555 παρέχοντας

2111 1561 2340 1630 κόσμον,
2400 1562 2645 1631 κεφαλὰς
2722 1562 2947 1633 ἔχοντας
3026 1568 3474 1638 κεχρυσωμένας.
3530 1571 3689 1623 Ἐστι

2110 1642 2315 1713 πλῆθος
2349 1643 2496 1706 ἰδεῖν,
2524 1645 2598 1708 ὡς
2617 1645 2710 1699 ἐπὶ
2736 1646 2870 1717 πολὺ
2899 1647 2961 1700 τὸ
2986 1648 3267 1719 διάστημα
3287 1650 3382 1703 καὶ
3404 1650 3503 1722 τὴν
3530 1653 3687 1723 εύρυο

2110 1727 2319 1799 χωρίαν
2354 1727 2465 1781 τῶν
2520 1730 2825 1801 περιϐόλων
2854 1726 3028 1785 εῖναιο
3057 1733 3119 1786 τὸ
3157 1733 3265 1802 γὰρ
3314 1734 3450 1794 πολὺ
3486 1735 3691 1806 πλῆθος

2108 1810 2209 1881 τὴν
2233 1808 2387 1875 τάξιν
2414 1810 2604 1882 ἐπέχει
2636 1812 2745 1866 τῶν
2772 1812 2936 1867 λίθων
2960 1814 3069 1867 τῶν
3092 1816 3221 1879 τοὺς
3242 1816 3457 1888 τοίχους
3484 1821 3689 1874 οἰκοδο-

2113 1909 2379 1963 μουντων.

2178 2065 2248 2131 γ’.
2266 2059 2483 2113 Μᾶλλον
2496 2059 2551 2113 δὲ
2569 2060 2661 2113 ἐπὶ
2679 2060 3067 2134 λαμπροτέραν
3077 2063 3252 2119 ἐλθεῖν
3267 2065 3450 2120 εἰκόνα
3467 2066 3566 2120 δεῖ.
3581 2068 3692 2121 Δύ-

2106 2162 2176 2216 τη
2211 2146 2245 2216 ἡ
2279 2143 2578 2215 Ἐκκλησία
2601 2144 2699 2197 οὐκ
2723 2146 2831 2199 ἀπὸ
2859 2146 2968 2201 τῶν
2990 2147 3155 2202 λίθων
3179 2148 3385 2206 τούτων
3406 2151 3690 2223 ᾠκοδόμη-

2109 2245 2217 2291 ται,
2252 2226 2367 2280 ἀλλ’
2401 2227 2509 2282 ἀπὸ
2552 2227 2648 2281 τοῦ
2682 2228 2890 2300 χρυσοῦ
2919 2231 3016 2283 καὶ
3041 2231 3137 2284 τοῦ
3164 2233 3409 2306 ἀργύρου
3440 2234 3538 2287 καὶ
3577 2237 3689 2288 τῶν

2109 2310 2274 2364 λίθων
2296 2309 2406 2362 τῶν
2428 2309 2647 2381 τιμίων,
2674 2313 2769 2365 καὶ
2792 2310 2961 2374 πολὺς
2990 2314 3270 2385 πανταχοῦ
3303 2316 3631 2389 διέσπαρται
3660 2322 3688 2373 ό

2110 2394 2333 2466 χρυσός.
2371 2393 2509 2448 Ἀλλ’
2539 2392 2584 2446 ὢ
2616 2395 2723 2449 τῶν
2774 2396 2990 2467 πικρῶν
3030 2396 3315 2469 δακρύωνι
3368 2400 3550 2457 πάντα
3578 2404 3688 2475 γάρ

2109 2478 2284 2530 ταῦτα
2308 2476 2606 2545 κατέφλεξε
2637 2478 2735 2548 τῆς
2765 2478 3073 2545 κενοδοξίας
3103 2482 3137 2552 ἡ
3163 2482 3443 2553 τυραννὶς,
3472 2485 3508 2555 ἡ
3536 2503 3686 2556 παμ-

2110 2563 2285 2631 φάγος
2316 2561 2454 2633 αῦτη
2484 2562 2634 2631 φλὸξ.
2673 2564 2768 2615 καλ⁵
2794 2564 2968 2627 οὐδεὶς
3000 2566 3263 2638 ἀνωτέρω
3287 2567 3380 2621 τοῦ
3420 2571 3687 2640 πράγμα-

2110 2665 2200 2711 τος
2221 2647 2473 2716 γέγονεν·
2510 2647 2627 2701 ἀλλ’
2661 2648 2975 2718 ἑστήκαμεν
2997 2649 3098 2719 τὴν
3131 2644 3232 2717 μὲν
3257 2650 3433 2720 φλόγα
3470 2652 3687 2723 θαυμά..

2110 2731 2315 2797 ζοντες,
2342 2729 2533 2783 σϐέσαι
2578 2729 2635 2783 δέ
2687 2730 2749 2784 1:0
2794 2730 2965 2784 κακὸν
2992 2732 3179 2785 οὐκέτι
3225 2732 3537 2796 δυνάμενοι.
3567 2737 3687 2790 Κάν

2110 2813 2394 2884 σϐέσωμεν
2417 2813 2478 2866 δέ
2521 2811 2658 2883 πρὸς
2706 2813 2913 2883 βραχὺν
2949 2815 3163 2888 καιρὸν,
3194 2817 3329 2869 άλλά
3351 2819 3514 2872 πάλιν
3547 2820 3687 2890 μετὰ

2106 2897 2200 2950 δύο
2221 2897 2316 2949 καὶ
2343 2898 2491 2965 τρεῖς
2521 2897 2731 2967 ἡμέρας
2762 2897 2950 2969 ῶσπερ
2979 2899 3087 2951 ἀπό
3107 2916 3249 2961 τινος
3275 2902 3500 2967 σπώιᾶς
3531 2920 3687 2957 σπιν-

2108 2978 2213 3051 θὴρ
2249 2980 2610 3049 ἐντυφόμενος
2669 2981 2964 3052 ἀνέτρεψεν
3012 2981 3246 3041 ἅπαντα,
3292 2984 3387 3036 καὶ
3431 2986 3533 3038 ὅσα
3572 2989 3685 3049 τοῖς

2107 3064 2377 3135 πρότερον
2424 3063 2488 3115 οὐ
2534 3065 2957 3133 κατειργάσατο.
3022 3065 3180 3118 Οῦτω
3216 3066 3278 3135 δὴ
3325 3067 3420 3120 καὶ
3449 3070 3685 3124 ἐνταῦθα

2106 3148 2314 3216 γίνεται
2335 3162 2350 3176 ο
2381 3146 2476 3199 καί
2504 3145 2616 3217 γὰρ
2645 3148 2741 3199 καὶ
2781 3149 2876 3200 ἐπὶ
2914 3148 3015 3219 τῆς
3053 3152 3334 3222 πυρκαϊᾶς
3361 3151 3523 3206 τοῦτο
3550 3172 3685 3224 συμ-

2108 3231 2312 3286 ϐαίνειν
2343 3231 2463 3295 ἔθος
2491 3231 2626 3285 ἐστί.
2661 3232 2735 3284 Τδ
2777 3232 2832 3284 δὲ
2882 3231 3076 3296 αἴτιον,
3100 3235 3210 3288 τῶν
3253 3235 3464 3290 στύλων
3502 3239 3685 3291 αὐτῶν

2106 3317 2206 3387 τῆς
2238 3315 2561 3387 Ἐκκλησίας
2608 3315 2674 3369 τὰ
2708 3315 3012 3385 ἐρείσματα
3049 3316 3307 3386 διέφυγεν
3337 3321 3510 3391 ἡμᾶς,
3558 3324 3686 3385 τοὺς

2106 3401 2197 3452 τὸν
2222 3399 2419 3469 ὄροφον
2448 3398 2763 3468 ἀνέχοντας,
2791 3400 2886 3452 καὶ
2929 3399 3192 3471 πρότερον
3225 3402 3407 3455 πᾶσαν
3437 3420 3685 3473 συγκρα-

2105 3483 2332 3545 τοῦντας
2352 3482 2451 3552 τὴν
2466 3480 2781 3551 οἰκοδομίαν
2808 3481 3099 3553 περιέϐαλε
3118 3482 3198 3556 τῷ
3216 3484 3370 3555 πυρί.
3396 3485 3497 3537 Διά
3526 3486 3687 3538 τοῦτο

2108 3567 2201 3620 καὶ
2228 3568 2307 3629 είς
2333 3567 2460 3628 τοὺς
2482 3565 2703 3627 λοιποὺς
2735 3564 2950 3635 τοίχους
2972 3564 3192 3630 εὔκολος
3228 3567 3450 3637 γέγονεν
3495 3570 3529 3639 ἡ
3569 3570 3686 3624 δια-

2106 3650 2305 3720 δρομή.
2341 3649 2449 3700 Καὶ
2482 3649 2590 3718 7&9
2618 3648 2712 3701 ἐπὶ
2743 3648 2851 3702 τῶν
2894 3648 3367 3721 οἰκοδομημάτων,
3399 3653 3531 3706 ὅταν
3583 3656 3686 3724 μὲν

2109 3733 2280 3797 ξύλων
2302 3730 2650 3799 ἐπιλάϐηται.
2682 3730 2882 3800 μᾶλλον
2898 3731 3182 3795 όπλίζεται
3209 3734 3352 3787 κατά
3370 3734 3480 3788 τῶν
3495 3735 3682 3788 λίθων·

2105 3818 2233 3869 ὅταν
2255 3815 2311 3889 δέ
2338 3816 2459 3876 τοὺς
2481 3813 2707 3877 στύλους
2741 3815 3046 3885 κατενέγκῃ
3072 3817 3168 3870 καὶ
3199 3816 3332 3888 ῥίψῃ
3361 3820 3559 3889 χαμαὶ,
3589 3821 3678 3875 ούο

2103 3901 2192 3954 δὲν
2224 3886 2396 3951 δεῖται
2433 3898 2621 3951 λοιπὸν
2662 3898 2799 3970 1:90;
2833 3898 2893 3951 τὸ
2930 3904 3000 3952 τὰ
3044 3886 3209 3954 λοιπά
3242 3886 3328 3971 τῇτί
3353 3886 3515 3974 φλογὶ
3547 3923 3681 3959 κατ-

2105 4002 2127 4037 ε
2136 3980 2463 4056 ργάσασθαι.
2491 3980 2612 4033 Τῶν
2625 3981 2734 4053 γὰρ
2752 3982 3067 4051 ἐρειδόντων
3088 3983 3183 4035 καὶ
3205 3983 3683 4055 ύποστηριζόντων

2102 4070 2171 4123 τὰ
2226 4066 2338 4119 ἄνω
2388 4065 2864 4129 καταπιπτόντων,
2918 4064 3205 4134 αὐτόματα
3257 4068 3493 4123 κάκεῖνα
3542 4073 3684 4141 μετά

2105 4149 2305 4219 πολλῆς
2334 4148 2433 4218 τῆς
2461 4147 2810 4217 ἑτοιμότητος
2834 4146 3045 4210 τούτοις
3068 4148 3277 4202 ἕπεται.
3307 4150 3465 4206 Οῦτω
3497 4154 3564 4226 δὴ
3588 4158 3686 4210 καὶ

2104 4234 2198 4289 νῦν
2242 4233 2468 4302 γέγονεν
2516 4232 2609 4283 ἐπί
2648 4230 2748 4300 τῆς
2778 4232 3145 4301 Ἑκκλησίας·
3187 4234 3406 4287 πάντων
3454 4236 3517 4289 τὸ
3570 4239 3684 4310 πῦρ

2105 4317 2435 4372 ἐπελάϐετο·
2494 4313 2661 4382 τιμὰς
2701 4314 2801 4376 τὰς
2836 4315 2987 4385 παρὰ
3032 4315 3338 4385 ἀνθρώπων
3386 4317 3681 4390 ζητοῦμεν,

2104 4404 2198 4456 καὶ
2237 4401 2364 4472 περί
2407 4397 2503 4468 τὴν
2538 4398 2692 4462 δόξαν
2728 4398 3084 4467 ἐκκαιόμεθα,
3119 4400 3214 4452 καὶ
3259 4400 3359 4452 οὐκ
3406 4401 3683 4475 ἀκούομεν

2101 4485 2196 4538 τοῦ
2226 4484 2345 4538 Ἰὼϐ
2377 4484 2660 4549 λέγοντος·
2716 4484 2783 4533 Ιὶἱ
2838 4481 2933 4533 καὶ
2967 4481 3243 4550 ἁμαρτὼν
3289 4482 3597 4553 ἀκουσίως
3630 4489 3680 4553 δ’

2102 4567 2427 4635 ἱιεῑριίπην
2447 4566 2850 4634 πο.ίυοχ.ίιάν;
2876 4564 3025 4627 Εἶδες
3049 4564 3225 4635 ψυχὴν
3246 4566 3534 4636 ἐνάρετον;
3567 4572 3681 4626 Οὐκ

2105 4651 2219 4723 [79]
2249 4648 2544 4720 ᾐσχύνθην,
2588 4651 2773 4716 φησὶν,
2802 4646 3041 4699 ἐναντίον
3074 4647 3167 4701 τοῦ
3204 4647 3444 4717 πλήθους
3479 4654 3681 4715 παντὸς

2103 4738 2275 4788 εἰπεῖν
2303 4735 2370 4786 τὰ
2400 4731 2631 4785 ἀκούοντα
2662 4732 3054 4802 ἁμαρτήματα.
3102 4731 3164 4782 Εἰ
3221 4731 3279 4784 δὲ
3320 4732 3529 4797 ἐκεῖνος
3580 4736 3682 4789 οὐκ

2105 4816 2391 4889 ᾐσχύνετο.
2424 4813 2602 4883 πολλῴ
2653 4814 2852 4882 μᾶλλον
2904 4814 3051 4882 ἡμᾶς
3100 4813 3266 4882 ἐχρῆν
3295 4813 3455 4868 τοῦτο
3481 4820 3676 4874 ποιεῖν.

2103 4901 2249 4966 Λέγε
2279 4901 2386 4967 γάρ
2418 4899 2519 4957 σὺ,
2552 4898 2705 4965 φησί,
2740 4896 2844 4960 τὰς
2870 4895 3120 4963 ἀνομίας
3150 4910 3267 4947 σου
3294 4896 3548 4965 πρῶτος.
3580 4902 3681 4956 ἵνα

2100 4978 2438 5048 δικαιωθῇς.
2480 4978 2653 5047 Πολλὴ
2698 4979 2923 5044 γέγονεν
2953 4979 2986 5047 ὴ
3022 4978 3322 5048 σφοδρότης
3365 4980 3559 5035 τούτου
3584 4984 3677 5037 τοῦ

2102 5064 2295 5126 κακοῦ,
2329 5066 2504 5116 πάντα
2546 5062 2953 5127 ἀνατέτραπται
3001 5061 3096 5112 καὶ
3147 5061 3463 5130 ἠφάνισται.
3500 5066 3677 5139 Τιμῆς

2100 5148 2277 5201 δοῦλοι
2332 5149 2657 5215 γεγόναμεν,
2722 5161 2954 5211 αφεντες
2999 5143 3089 5195 τὸν
3142 5143 3311 5198 Θεόνο
3345 5148 3532 5201 οὐκέτι
3567 5154 3676 5213 τοῖς

2099 5231 2421 5302 ἀρχομένοις
2455 5225 2753 5295 ἐπιπλῆξαι
2776 5225 3073 5295 δυνάμεθα,
3106 5226 3185 5296 τῷ
3224 5228 3372 5298 αύτῷ
3402 5231 3497 5283 καί⁵
3525 5236 3677 5288 αὐτοὶ

2101 5314 2454 5384 κατεχόμενοι
2480 5309 2697 5379 πυρετῴ
2720 5327 2731 5336 ·
2759 5310 2851 5362 καὶ
2884 5311 3038 5362 αὐτοὶ
3069 5309 3123 5362 δὲ
3149 5310 3381 5381 δεόμεθα
3411 5315 3674 5387 ἰατρείας,

2099 5400 2149 5452 οἰ
2180 5396 2474 5469 ταχθέντες
2509 5396 2588 5455 εἰς
2617 5396 2678 5446 τὸ
2717 5392 3043 5462 θεραπεύειν
3080 5395 3204 5457 τοὺς
3226 5394 3422 5460 ἄλλους
3448 5399 3555 5452 ὑπὸ
3580 5401 3673 5456 τοῦ

2099 5481 2255 5537 Θεοῦ.
2292 5480 2427 5532 Ποία
2448 5477 2632 5530 λοιπὸν
2663 5478 2818 5540 ἐλπὶς
2852 5478 3125 5549 σωτηρίας
3164 5478 3540 5550 ὑπολείπεται,
3568 5485 3676 5538 τῶν

2162 5627 2185 5655 ο
2210 5582 2322 5675 Τ)ηο
2347 5625 2486 5675 ms_s..
2510 5612 2677 5675 ψυχῶν
2698 5610 3054 5675 οἰκοδομίαηἭ
3076 5610 3144 5659 δέ.

2163 5677 2190 5715 b
2214 5664 2823 5739 Mss.quidmin,'ixowimg
2844 5664 3106 5739 Ιίίῲρθιηιι.
3140 5677 3191 5720 el
3211 5667 3282 5721 sic
3306 5671 3499 5734 legerat
3519 5681 3674 5731 lutet.

2102 5751 2217 5801 pres
2237 5733 2454 5795 Lalin'us,
2480 5734 2565 5795 qui
2595 5741 2806 5784 verterat
2832 5733 3118 5785 voluntarie.
