3932 6220
103 101 908 118 ___—.—‘__——_

413 442 481 495 ’Π
1358 430 1424 486 IN
1462 429 1675 494 EPIS’L
1719 431 1808 486 AD
1844 430 1994 487 El‘lil

2123 431 2277 488 CAP.
2323 434 2407 491 IV.
2451 437 2657 492 IlU.\llL
2721 438 2786 493 Χ.
3618 446 3681 498 ’ῖῆ

412 559 629 615 dentem
653 556 770 621 ejus
792 550 1057 613 obstruxit
1085 549 1340 618 linguam.
1364 546 1432 601 Et
1450 560 1639 605 rursus
1658 544 1786 599 alibi
1809 544 1997 601 scribit

412 648 619 713 dicens,
646 643 877 701 Gentem
906 641 1045 697 Deus
1071 650 1306 695 satanaut
1330 636 1421 695 sub
1450 636 1662 705 pedibus
1697 636 1871 690 vestris
1899 635 1999 691 cito

416 738 591 807 (Rom.
627 736 713 791 16.
743 733 859 804 20),
890 732 1028 788 Num
1061 731 1186 792 fteit
1212 730 1412 801 aliquid
1443 739 1646 787 natura:
1676 724 2001 783 diversitas?

486 830 545 892 2.
574 828 737 890 Vides
755 826 896 896 quod
920 824 1052 886 nihil
1072 824 1193 883 facit
1219 823 1269 884 id
1285 822 1426 893 quod
1451 823 1674 879 interest
1690 822 1829 876 inter
1846 829 2000 878 natuv-

417 936 523 985 ras,
540 918 630 981 sed
646 918 797 975 liberi
812 916 1020 974 arbitrii
1039 916 1279 975 voluntas
1296 916 1320 967 ’ἰ
1335 912 1471 973 Sunt
1491 914 1652 984 igitur
1669 909 1995 966 liberoarbi-

416 1012 515 1067 trio
537 1010 747 1081 pejores
761 1004 1308 1069 onmibus.Adversus
1325 1004 1569 1074 angelum
1587 1013 1783 1066 autem,
1804 1000 1994 1070 inquit,

415 1118 516 1166 non
543 1102 762 1170 insurgo
790 1117 806 1151 :
836 1114 959 1161 nam
982 1098 1123 1157 inter
1140 1112 1226 1157 me
1246 1105 1301 1151 et
1322 1095 1472 1154 illum
1499 1095 1722 1155 multum
1749 1094 1993 1151 interest.

416 1192 573 1262 Atqui
600 1206 706 1253 non
736 1190 906 1253 debes
931 1188 1100 1259 magis
1125 1187 1387 1246 adversus
1414 1185 1684 1243 hominem
1718 1185 1997 1252 insurgere
2035 1261 2055 1271 β

414 1301 573 1356 quam
601 1283 861 1343 adversus
903 1280 1174 1351 angelum.
1210 1277 1344 1334 Nam
1376 1278 1594 1349 angelus
1620 1276 1836 1346 quidem
1874 1290 1905 1329 ιι
1944 1285 1996 1330 te

414 1376 578 1433 distat
619 1385 829 1436 natura,
863 1371 1004 1441 quod
1049 1371 1264 1441 quidem
1296 1384 1469 1439 neque
1506 1368 1624 1428 laus
1652 1367 1794 1429 illius
1837 1365 1998 1420 fuerit

418 1484 516 1525 nec
542 1468 726 1526 vitium
761 1482 775 1518 :
804 1464 964 1524 homo
988 1472 1165 1521 autem
1194 1462 1358 1519 distat
1388 1461 1458 1517 ab
1492 1459 1731 1522 homine,
1765 1472 1870 1513 non
1892 1457 1996 1511 uti-

418 1574 524 1629 que
554 1571 758 1619 natura,
788 1556 881 1615 sed
905 1555 1074 1611 libero
1101 1554 1323 1610 arbitrio
1346 1563 1400 1610 et
1433 1553 1595 1612 animi
1624 1553 1867 1609 instituto
1898 1568 1912 1605 :
1940 1559 1996 1605 et

418 1659 503 1702 est
530 1649 687 1711 etiam
728 1647 779 1709 in
821 1646 1124 1702 hominibus
1152 1645 1399 1716 angelus.
1443 1646 1619 1713 Quare
1658 1644 1702 1699 si
1736 1643 1995 1700 adversus

417 1739 638 1810 angelos
658 1754 761 1800 non
785 1736 1034 1806 insurgis,
1063 1737 1227 1791 multo
1248 1738 1424 1795 minus
1447 1736 1705 1795 adversus
1725 1734 1991 1800 homines,

416 1833 507 1900 qui
538 1831 590 1885 in
634 1830 732 1891 hac
761 1839 950 1891 natura
990 1829 1112 1885 facti
1149 1839 1273 1889 sunt
1317 1829 1513 1899 angeli.
1552 1827 1686 1887 Nam
1722 1828 1787 1892 si,
1820 1827 1911 1896 qui
1941 1826 1994 1881 in

417 1923 720 1985 hominibus
757 1933 841 1984 eat
864 1921 1064 1983 virtute
1092 1920 1366 1990 praulitns.
1400 1919 1560 1979 fuerit
1589 1929 1648 1975 ut
1674 1918 1916 1986 angelus,
1949 1916 1997 1971 is

414 2025 496 2070 est
527 2023 579 2070 te
606 2014 772 2069 multo
798 2013 968 2081 major
990 2027 1148 2085 quam
1175 2010 1284 2071 ille.
1312 2007 1706 2078 Quamobrem?
1731 2006 1993 2076 Quoniam

414 2106 555 2174 quod
596 2105 685 2159 ille
726 2103 911 2163 habuit
945 2118 975 2163 a
1018 2088 1232 2165 natura,
1265 2100 1368 2156 hoc
1403 2101 1518 2170 ipse
1555 2108 1700 2157 recte
1734 2098 1899 2169 gessit
1926 2112 1992 2152 ex

416 2199 588 2253 libero
631 2196 853 2257 arbitrio
897 2205 952 2255 et
988 2194 1151 2253 animi
1190 2193 1472 2251 instituto:
1505 2202 1577 2247 et‘
1597 2192 1738 2262 quod
1777 2192 1997 2261 angelus

416 2290 539 2343 loco
565 2288 779 2356 quidem
800 2287 919 2347 sita
943 2297 995 2343 te
1018 2287 1332 2357 disjnnctus.
1356 2295 1411 2342 et
1432 2285 1622 2345 cadum
1649 2285 1880 2344 habitet;
1910 2282 1997 2338 hic

414 2391 597 2441 autem
628 2390 802 2439 tecum
830 2387 1086 2442 versatur.
1115 2389 1168 2435 et
1193 2377 1285 2432 dat
1324 2376 1419 2431 tibi
1462 2377 1796 2433 mensionem
1829 2389 1992 2431 remu-

414 2471 652 2527 lationis.
686 2470 844 2538 Atqui
886 2469 973 2527 hic
1015 2470 1174 2527 etiam
1205 2477 1288 2525 est
1316 2467 1485 2539 magis
1511 2467 1806 2536 disjunctus
1834 2480 1992 2536 quam

413 2563 526 2617 ille.
558 2561 752 2617 Nostra
777 2561 942 2622 enim,
976 2561 1164 2630 inquit,
1193 2560 1500 2616 conversatio
1520 2569 1592 2616 est
1609 2559 1666 2613 in
1687 2557 1822 2615 ccli:
1846 2556 1997 2624 (Plii-

414 2657 540 2724 ΙὶρΡτ
591 2654 646 2708 5.
690 2651 806 2723 20).
845 2651 997 2720 Quod
1034 2660 1208 2709 autem
1243 2652 1327 2705 hic
1354 2651 1423 2710 sit
1464 2649 1632 2720 magis
1673 2649 1992 2718 disjnnetus,

412 2745 536 2808 andi
565 2743 776 2806 ubinam
813 2744 997 2803 sedeat
1025 2742 1143 2812 ejus
1166 2752 1345 2809 caput,
1379 2757 1570 2810 nempe
1596 2740 1651 2797 in
1682 2742 1876 2798 throno
1901 2756 1992 2795 re-

411 2836 520 2906 gali
552 2856 564 2889 :
596 2852 703 2904 quo
733 2844 815 2889 est
844 2843 1019 2893 autem
1050 2849 1080 2892 a
1111 2832 1264 2891 nobis
1291 2832 1514 2892 thronus
1545 2830 1821 2895 remotior,
1846 2840 1996 2891 tanto

361 2981 375 2994 ,
411 2936 496 2989 est
528 2926 613 2987 hic
632 2940 861 2996 quoque.
892 2924 997 2980 Sed
1024 2923 1201 2983 video,
1226 2921 1417 2993 inquit,
1440 2938 1566 2980 emn
1593 2921 1796 2977 honore
1822 2921 1995 2977 frueno

413 3026 547 3081 tem,
586 3027 640 3075 et
680 3030 900 3075 moveor
951 3013 1308 3071 annulatioue.
1352 3013 1464 3070 Hoc
1508 3021 1593 3067 est
1634 3012 1775 3081 quod
1813 3011 1992 3069 omnia

415 3122 625 3161 rursum
650 3114 703 3162 et
722 3105 970 3167 deorsum
995 3104 1179 3176 agitat,
1198 3113 1256 3160 et
1279 3119 1383 3161 non
1410 3104 1579 3161 solum
1607 3104 1790 3163 orbem
1814 3112 1992 3170 terrm,

411 3198 508 3254 sed
537 3200 699 3259 etiam
730 3196 1025 3256 Ecclesium
1057 3194 1532 3255 innumerabilibus
1569 3195 1756 3264 implet
1793 3194 1994 3251 tumul-

414 3293 557 3348 tibus
590 3309 604 3345 :
637 3300 693 3347 et
726 3291 869 3347 sicut
910 3289 1001 3360 qui
1050 3289 1103 3347 in
1151 3288 1495 3358 tranquillum
1528 3296 1738 3357 portum
1777 3287 1904 3342 saevi
1941 3298 1997 3347 et

412 3384 761 3439 vehementes
790 3382 935 3438 venti
965 3395 1031 3436 ex
1061 3379 1288 3440 adverso
1318 3379 1590 3451 irruerint,
1617 3393 1739 3439 eum
1767 3379 1996 3435 reddunt

414 3475 852 3544 periculosiorem
895 3487 1054 3542 quam
1098 3472 1299 3542 qumvis
1344 3486 1503 3541 rupes
1541 3478 1596 3526 et
1629 3471 1854 3541 quodvis
1889 3473 1995 3527 fre-

414 3574 527 3618 tum
555 3580 569 3617 :
603 3566 670 3616 ita
704 3562 750 3616 si
797 3562 1052 3617 invaserit
1085 3576 1237 3616 amor
1273 3560 1475 3631 glorim,
1508 3561 1684 3616 omnia
1722 3564 1915 3616 evertit
1943 3571 1998 3617 et

412 3654 709 3710 confundit.
772 3654 1092 3709 loterfuistis
1142 3667 1286 3722 saepe
1344 3668 1659 3722 magnorum
1712 3652 1993 3709 domorqu

412 3745 855 3815 conflagrationi;
896 3744 1103 3799 vidistis
1133 3743 1401 3814 quomodo
1440 3744 1492 3798 in
1527 3743 1717 3798 emlum
1744 3745 1997 3798 ascendat

412 3841 618 3904 fumus,
664 3847 722 3892 et
762 3838 972 3893 nemine
1006 3838 1296 3893 accedente
1324 3837 1390 3892 ad
1420 3837 1620 3901 malum
1658 3839 1998 3908 exstinguen-

414 3931 569 3990 dum.
598 3928 694 3984 sed
725 3942 1038 3999 unoquoque
1062 3929 1203 3999 quod
1227 3943 1382 3983 suum
1412 3938 1495 3983 est
1523 3937 1819 3998 spectante,
1862 3928 1997 3999 ignis

413 4024 602 4093 quiete
626 4023 807 4076 omnia
834 4022 1138 4092 depascitur
1169 4039 1183 4076 :
1212 4031 1268 4077 et
1295 4036 1438 4091 saepe
1474 4022 1686 4091 quidem
1727 4022 1779 4075 in
1813 4023 1996 4077 orbem

411 4115 763 4174 circumsistit
792 4125 900 4171 tota
940 4116 1148 4179 civitas,
1196 4116 1599 4170 circumsistunt
1642 4115 1795 4169 multi
1827 4116 1997 4171 malo-

411 4224 532 4265 rum
559 4208 910 4277 spectatores,
943 4222 1050 4261 nou
1077 4205 1143 4260 ad
1171 4220 1329 4276 opem
1357 4205 1628 4261 ferendam
1654 4206 1785 4261 socii
1818 4214 1874 4262 et
1897 4208 1995 4261 ad-

405 4301 617 4368 jutores
645 4314 661 4351 :
687 4306 744 4353 et
785 4297 910 4352 licet
955 4296 1141 4353 videre
1185 4310 1373 4352 omnes
1418 4297 1828 4352 circumstantes
1865 4298 1996 4353 nihil

412 4393 613 4458 facere,
640 4389 736 4446 sed
757 4404 1192 4459 unumquemque
1215 4404 1402 4445 eorum
1434 4405 1647 4444 nianum
1682 4390 1993 4455 extendere,

409 4492 465 4538 ct
490 4482 543 4538 ei
581 4481 674 4552 qui
709 4495 903 4536 recens
928 4480 998 4535 ad
1027 4479 1205 4535 locum
1233 4481 1442 4535 venerit
1476 4480 1762 4537 ostendere
1789 4491 1876 4536 aut
1899 4496 1997 4551 per

412 4572 701 4628 fenestram
729 4570 945 4626 assidue
973 4569 1306 4625 exsilientem
1335 4568 1656 4639 lampadem,
1688 4579 1781 4625 aut
1816 4571 1996 4625 trahes

410 4680 527 4735 qua!
551 4662 896 4733 dejicluntur,
928 4670 1021 4717 aut
1049 4660 1315 4729 integrum
1350 4676 1536 4716 eorum
1568 4676 1687 4732 quae
1715 4661 1858 4717 aedes
1886 4662 1993 4716 ful-

409 4761 557 4814 ciunt
584 4766 642 4813 et
682 4764 988 4813 sustentant
1026 4756 1288 4811 ambitum
1330 4754 1597 4821 avulsum,
1629 4756 1764 4810 etin
1798 4765 1992 4811 terram

409 4859 673 4907 ruentem.
725 4848 866 4906 Sunt
910 4855 1089 4903 autem
1138 4846 1301 4902 etiam
1355 4846 1507 4901 multi
1558 4844 1788 4902 audaces
1829 4856 1881 4901 et
1926 4847 1992 4901 ad

407 4944 652 5000 adeunda
682 4941 915 5013 pericula
943 4939 1267 5010 praecipites,
1289 4938 1377 5009 qui
1399 4937 1597 4993 audent
1613 4953 1780 5009 prope
1803 4938 1996 4994 arden-

410 5039 476 5093 tia
501 5036 727 5092 aediliela
758 5033 1037 5100 accedere,
1068 5047 1175 5088 non
1202 5040 1263 5086 ut
1288 5031 1369 5086 eis
1397 5045 1613 5086 manum
1643 5032 1915 5102 porrigant
1938 5040 1996 5088 et

407 5132 605 5187 malum
646 5129 1009 5200 exstinguant,
1051 5125 1146 5181 sed
1188 5133 1245 5180 ut
1283 5124 1356 5179 sit
1392 5124 1681 5194 jucundius
1709 5134 1991 5194 spectacu-

406 5225 535 5289 lum,
564 5238 632 5278 ex
662 5237 727 5277 eo
752 5219 891 5291 quod
920 5219 1019 5288 ipsi
1039 5217 1248 5289 possint
1277 5216 1453 5271 omnia
1478 5231 1642 5287 prope
1667 5217 1988 5285 conspicari,

405 5333 518 5385 quae
544 5329 692 5385 saepe
735 5315 905 5369 latent
941 5327 1035 5367 eos
1076 5313 1167 5382 qui
1208 5317 1335 5366 sunt
1373 5309 1524 5364 foris.
1554 5309 1707 5376 Quod
1743 5310 1787 5365 si
1827 5310 1988 5364 etiam
2020 5298 2045 5311 ”

401 5408 561 5464 fuerit
587 5404 867 5477 splendida
895 5413 950 5459 et
978 5419 1166 5474 magna
1205 5403 1416 5467 dooms,
1448 5398 1807 5454 miserandum
1838 5400 1988 5454 vide-

398 5509 483 5552 tur
506 5513 630 5555 esse
653 5495 1022 5566 spectaculum
1051 5503 1105 5549 et
1132 5494 1346 5563 dignmn
1385 5492 1567 5546 multis
1605 5491 1877 5561 laerymis.
1923 5493 1990 5548 Et

396 5608 457 5645 rc
477 5605 605 5645 vera
635 5591 762 5644 licet
784 5587 969 5640 videre
990 5585 1349 5655 spectaculum
1373 5583 1760 5648 miserandum,
1786 5583 1988 5638 colum-

392 5696 585 5736 narum
612 5678 792 5748 capita
821 5677 876 5730 in
903 5676 1175 5745 pulverem
1198 5675 1434 5740 redacta,
1466 5674 1664 5728 multas
1684 5689 1896 5745 quoque
1921 5692 1984 5730 ex

392 5773 476 5825 eis
502 5770 824 5839 perfractas,
855 5766 988 5820 alias
1013 5765 1244 5835 quidem,
1287 5766 1407 5835 igne
1445 5765 1496 5819 id
1538 5765 1821 5829 efficiente,
1853 5766 1987 5820 alias

392 5880 522 5919 vero
550 5879 693 5935 sarpe
720 5857 1060 5916 tradentibus
1088 5859 1327 5913 manibus
1357 5873 1541 5914 eorum
1571 5859 1660 5929 qui
1689 5859 1829 5929 ipsas
1857 5860 1983 5915 tedi-

2107 546 2356 615 flearuut,
2398 566 2467 605 ne
2505 552 2609 621 igni
2640 552 2939 621 pra-herent
2970 552 3090 621 plus
3116 553 3376 608 alimenti.
3416 553 3558 611 Licet
3584 572 3681 612 au-

2107 646 2213 694 tem
2240 640 2399 699 etiam
2427 642 2610 698 videro
2634 642 2889 713 imagines
2915 659 3033 714 qua:
3060 652 3316 699 steterant
3344 661 3464 700 cum
3487 663 3681 719 magno

2102 742 2421 789 ornamento
2464 734 2589 788 tecti
2638 733 2891 803 impositi,
2929 734 3168 790 detectas
3212 745 3351 791 tecto
3386 737 3581 803 ablato,
3626 749 3682 795 et

2102 827 2309 879 stantes
2336 822 2438 877 sub
2466 822 2556 877 dio
2583 839 2703 880 cum
2734 841 2921 896 magna
2949 827 3302 882 deformitate.
3336 828 3467 897 Quis
3493 844 3680 885 recen-

2099 911 2268 971 sucrit
2292 911 2505 975 divitias
2533 930 2651 984 quae
2686 926 2842 971 erant
2870 917 3012 971 intus
3050 920 3297 988 reposita:
3331 936 3347 976 ;
3383 931 3556 975 vestes
3580 936 3681 974 att-

2100 1017 2251 1069 rcas,
2309 1019 2432 1064 vasa
2480 1008 2773 1077 argentea?
2822 1010 2888 1063 Et
2933 1025 3042 1080 quo
3090 1026 3226 1065 unus
3282 1013 3680 1083 ingrediehatttr

2098 1093 2348 1157 dominus
2385 1111 2507 1155 cum
2542 1112 2636 1153 sua
2679 1098 2925 1169 conjuge,
2957 1100 3047 1155 ubi
3097 1102 3381 1156 multarum
3430 1104 3677 1169 vestiunt,

2099 1196 2396 1245 aromatum
2436 1196 2492 1246 at
2530 1189 2882 1258 pretiosarum
2907 1205 3239 1261 gemmarum
3273 1208 3527 1249 arcanum
3565 1206 3681 1249 erat

2100 1277 2477 1347 repositorium
2509 1297 2523 1333 :
2554 1280 2735 1339 omnia
2765 1297 2872 1337 uno
2909 1296 3039 1351 rogo
3076 1297 3305 1338 accenso
3345 1285 3592 1340 viderunt
3629 1294 3682 1341 ιι

2098 1366 2438 1427 balneatores
2468 1382 2520 1425 et
2549 1372 2853 1429 stercorarii
2884 1382 2935 1429 et
2967 1372 3188 1443 fugitivi,
3234 1382 3290 1428 et
3329 1390 3517 1431 attines
3557 1377 3680 1431 reli-

2100 1457 2191 1526 qui
2211 1473 2227 1525 ;
2251 1469 2306 1517 et
2324 1474 2443 1529 qua:
2469 1470 2623 1518 erant
2647 1462 2810 1526 intus,
2839 1474 2989 1519 erant
3017 1464 3196 1521 omnia
3221 1480 3356 1535 aqua
3382 1476 3438 1521 et
3465 1466 3603 1537 ignis
3628 1478 3683 1522 et

2103 1551 2272 1613 lutum
2315 1564 2371 1610 et
2416 1554 2593 1622 pulvis
2639 1565 2694 1615 et
2741 1556 2881 1623 ligna
2922 1556 3308 1612 scmiustulata.
3353 1556 3461 1612 Cur
3501 1568 3679 1611 autem

2102 1643 2243 1702 hanc
2286 1646 2570 1717 imaginem
2610 1646 2826 1707 extendi
2870 1647 3081 1707 fusius?
3125 1646 3242 1704 Non
3281 1649 3468 1705 volens
3507 1649 3680 1705 solum

2102 1735 2294 1797 domus
2314 1736 2619 1793 describere
2644 1738 2946 1800 incendium
2970 1756 2986 1804 ;
3009 1739 3134 1809 Quid
3156 1740 3301 1795 enim
3325 1749 3407 1794 est
3428 1739 3529 1795 hoc
3550 1740 3679 1793 mihi

2092 1827 2291 1899 curae?
2318 1827 2410 1885 sed
2437 1828 2623 1885 volens
2647 1829 2818 1887 oculis
2839 1831 3029 1885 vestris
3056 1830 3341 1901 subjicere,
3362 1831 3536 1901 quoad
3563 1832 3682 1900 ejus

2103 1918 2220 1977 fieri
2251 1928 2444 1989 potest,
2488 1920 2624 1975 mala
2663 1919 2936 1979 Ecclesiae.
2967 1920 3048 1975 lle
3076 1936 3200 1977 vera
3230 1920 3373 1977 enim
3409 1930 3679 1990 tamquam

2103 2007 2409 2071 incendium
2437 2020 2527 2065 aut
2563 2010 2762 2069 fulmen
2791 2011 3003 2081 aliquod
3043 2011 3112 2067 ab
3137 2013 3245 2067 alto
3276 2013 3496 2078 cadens,
3528 2014 3681 2069 irruit

2102 2102 2154 2161 in
2187 2102 2361 2172 ipsum
2390 2110 2586 2159 tectum
2632 2102 2899 2165 Ecclesiae,
2933 2113 2987 2161 ct
3015 2104 3280 2158 neminem
3319 2104 3547 2169 excitat;
3585 2105 3697 2158 sed

2100 2192 2261 2249 domo
2286 2203 2511 2267 paterna
2531 2193 2775 2255 ardente.
2798 2193 3114 2262 profundum
3134 2194 3413 2263 quemdam
3435 2210 3678 2249 somnum

2100 2292 2155 2343 et
2182 2283 2313 2343 nihil
2343 2285 2662 2341 sentientem
2688 2283 3006 2339 dormimus.
3034 2284 3202 2351 Quem
3232 2284 3374 2338 enim
3416 2301 3519 2341 non
3554 2286 3675 2339 teti-

2099 2376 2175 2447 git
2204 2376 2289 2431 hic
2317 2376 2488 2447 ignis?
2516 2392 2646 2447 quas
2677 2392 2782 2431 non
2815 2375 3074 2446 imagines
3102 2393 3221 2446 qua!
3248 2386 3389 2431 stant
3419 2378 3471 2431 in
3505 2378 3689 2433 Eccle-

2098 2470 2176 2527 sia
2198 2468 2222 2521 ?
2249 2468 2487 2525 Ecclesia
2513 2470 2653 2523 enim
2684 2469 2814 2529 nihil
2841 2480 2924 2524 est
2949 2470 3092 2524 aliud
3113 2483 3272 2540 quam
3299 2471 3489 2527 domus
3515 2472 3678 2525 a-dili-

2098 2571 2215 2617 cata
2259 2577 2354 2631 per
2384 2573 2591 2621 nostras
2621 2563 2846 2621 animas.
2878 2562 2999 2617 llaec
3029 2573 3204 2616 autem
3237 2563 3426 2617 domus
3462 2580 3566 2618 non
3597 2574 3677 2618 est

2100 2662 2208 2709 tota
2237 2667 2332 2722 par
2361 2651 2584 2717 honore,
2608 2652 2703 2709 sed
2728 2669 2793 2711 ex
2820 2652 3081 2721 lapidibus
3104 2654 3336 2723 quidem,
3364 2655 3451 2724 qui
3474 2654 3538 2710 ad
3564 2656 3678 2725 ejus

2097 2744 2514 2798 exstructionem
2541 2746 2839 2808 conferunt,
2870 2743 2957 2799 alii
2988 2754 3111 2799 sunt
3139 2745 3399 2813 splendidi
3425 2756 3479 2800 et
3500 2746 3677 2806 nitidi,

2098 2836 2187 2891 alii
2210 2851 2338 2890 vero
2364 2837 2467 2889 illis
2495 2837 2771 2891 inferiores
2793 2847 2847 2891 et
2867 2837 3227 2903 obscuriores,
3251 2838 3344 2891 sed
3375 2839 3542 2892 mttlto
3568 2854 3681 2891 inr-

2098 2924 2263 2985 liores
2291 2927 2430 2983 aliis.
2464 2925 2558 2981 Est
2587 2936 2762 2985 autem
2795 2943 2859 2985 ex
2896 2926 2998 2981 illis
3027 2926 3210 2981 videre
3250 2927 3334 2982 hic
3365 2929 3559 2983 multos
3586 2928 3679 2997 qui

2097 3018 2212 3074 auri
2242 3018 2413 3075 locum
2440 3028 2638 3083 tenent,
2661 3020 2797 3081 auri,
2822 3020 3058 3089 inquam,
3086 3020 3227 3089 quod
3258 3035 3412 3074 ornat
3440 3030 3635 3075 tectum
3661 3038 3675 3073 :

2099 3119 2184 3167 est
2228 3110 2388 3164 etiam
2434 3111 2616 3164 videre
2664 3111 2821 3174 alios,
2869 3111 2960 3180 qui
3003 3121 3375 3167 ornamentum
3425 3113 3680 3167 exhibent

2097 3202 2239 3280 quod
2266 3203 2475 3258 exsistit
2504 3217 2569 3256 ex
2602 3202 2918 3271 imaginibus
2950 3219 2963 3254 :
2998 3202 3196 3256 niultos
3222 3204 3346 3257 licet
3374 3204 3557 3257 videre
3585 3203 3678 3271 qui

2098 3303 2240 3351 stant
2272 3305 2537 3363 tamquam
2561 3295 2840 3347 columnae.
2876 3294 3063 3347 Solent
3085 3295 3228 3349 enim
3249 3295 3409 3348 etiam
3436 3296 3681 3349 homines

2098 3387 2357 3457 appellari
2381 3388 2666 3451 colmnuze,
2697 3402 2815 3455 qum
2838 3403 2941 3439 non
2967 3389 3139 3440 solum
3166 3388 3380 3447 virtute,
3404 3392 3495 3439 sed
3518 3389 3678 3440 etiam

2102 3479 2496 3549 pulchritudine
2542 3479 2766 3531 multum
2815 3477 3055 3545 praebent
3096 3477 3416 3537 ornamenti,
3467 3486 3521 3529 et
3563 3491 3679 3544 qua:

2100 3580 2282 3625 aurata
2317 3568 2512 3623 habent
2546 3567 2739 3636 capita.
2778 3567 2970 3621 Videre
3012 3567 3135 3620 lict-t
3181 3568 3339 3621 etiam
3380 3566 3679 3621 multitudi-

2103 3679 2246 3727 nem,
2282 3673 2549 3731 tamquern
2599 3661 2702 3714 late
2743 3669 2929 3729 patens
2964 3660 3192 3729 spatium
3240 3668 3294 3714 et
3343 3660 3676 3714 latitudinem

2100 3753 2392 3809 ambitunm
2422 3758 2769 3818 occupantem
2802 3766 2815 3803 :
2844 3748 3125 3805 multitudo
3151 3750 3293 3804 enim
3325 3758 3469 3805 tenet
3502 3752 3676 3806 Ioemn

2103 3842 2333 3914 lapidum
2356 3841 2443 3910 qui
2466 3840 2733 3895 aedificarat
2756 3840 3008 3909 parietes.

2172 3936 2224 3990 3.
2277 3932 2458 3987 Inanis
2509 3932 2670 4002 gloria
2716 3940 2979 4001 tyrannus.
3016 3960 3087 3970 —
3132 3931 3210 3984 Ad
3258 3930 3675 4002 splendidiorem

2101 4026 2382 4097 imaginem
2408 4024 2517 4092 jam
2548 4022 2867 4075 veniendum
2897 4030 2998 4076 est.
3029 4021 3153 4089 llmc
3181 4021 3419 4077 Ecclesia
3449 4034 3526 4078 est
3550 4024 3680 4076 tedi-

2104 4118 2253 4172 ficata
2284 4131 2388 4169 non
2415 4130 2481 4168 ex
2510 4113 2592 4167 his
2619 4113 2902 4179 lapidibus,
2932 4111 3025 4164 sed
3052 4127 3115 4165 ex
3142 4127 3273 4164 auro
3300 4123 3354 4165 et
3382 4123 3600 4181 argento
3624 4123 3675 4168 et

2101 4207 2364 4277 lapidibus
2409 4203 2679 4273 pretiosis,
2719 4211 2773 4255 et
2802 4201 3023 4254 multmn
3074 4200 3190 4253 auri
3234 4212 3313 4254 est
3356 4202 3550 4271 ubique
3598 4204 3681 4255 tli-

2100 4312 2363 4369 spcrsum.
2397 4293 2503 4349 Sed
2550 4292 2681 4363 proh
2713 4292 2904 4346 dolor!
2938 4291 3050 4343 huic
3079 4290 3220 4345 enim
3264 4292 3439 4343 omnia
3471 4294 3680 4346 exussit

2104 4389 2342 4461 tyrannis
2368 4386 2540 4440 inanis
2569 4385 2775 4455 gloriw,
2802 4383 2979 4436 omnia
3011 4382 3246 4436 exedens
3284 4384 3396 4438 haec
3428 4383 3635 4438 flamma
3660 4427 3676 4449 ,

2102 4491 2157 4535 et
2205 4493 2364 4533 nemo
2406 4492 2523 4530 eam
2570 4490 2684 4529 rem
2724 4474 3027 4542 superavit;
3071 4472 3164 4527 sed
3214 4483 3414 4527 stamus
3458 4477 3674 4545 quidem

2102 4572 2370 4623 ﬂammam
2401 4564 2755 4628 admirantes,
2795 4562 2991 4615 malum
3018 4572 3193 4616 autem
3224 4564 3457 4618 nondum
3498 4568 3676 4621 valen-

2104 4671 2183 4716 tes
2213 4659 2572 4726 exstinguere.
2614 4652 2766 4721 Quod
2802 4652 2847 4710 si
2874 4652 3033 4707 etiam
3064 4653 3131 4706 ab
3156 4652 3317 4708 breve
3344 4664 3550 4723 tempus
3577 4674 3673 4711 ex-

2101 4752 2446 4808 stinxerimus
2465 4790 2480 4815 ,
2530 4757 2648 4818 post
2677 4747 2810 4802 duos
2838 4756 2931 4802 aut
2958 4757 3065 4803 tres
3092 4747 3207 4802 dies
3231 4788 3247 4814 ,
3292 4757 3563 4818 tamquam
3610 4768 3674 4806 ex

2101 4846 2329 4918 quodam
2351 4843 2534 4898 cinere
2552 4839 2860 4895 accenditur
2878 4839 3102 4893 scintilla
3122 4855 3240 4909 qua:
3262 4841 3457 4895 evertit
3477 4843 3676 4904 omnia,

2100 4950 2155 4995 et
2180 4954 2240 4994 ea
2270 4935 2396 4991 facit
2421 4950 2541 5005 qua:
2577 4947 2681 4987 non
2710 4933 2875 5002 prius.
2918 4931 3007 4987 Sic
3036 4932 3194 4987 etiam
3226 4931 3310 4985 hic
3338 4931 3395 4985 fit
3426 4950 3439 4985 :
3468 4949 3589 4986 nam
3624 4935 3674 4987 in

2100 5030 2344 5088 incendio
2364 5042 2575 5100 quoque
2599 5027 2734 5080 solet
2758 5024 2858 5078 hoc
2883 5024 3143 5079 accidere.
3171 5023 3341 5077 Causa
3369 5032 3546 5077 autem
3572 5034 3675 5090 est,

2098 5126 2219 5196 quia
2247 5125 2482 5192 ipsarum
2517 5108 2768 5173 Ecclesia?
2792 5117 3158 5171 columnarum
3188 5113 3545 5167 sustentacula
3576 5131 3675 5170 nos

2098 5217 2415 5286 effugerunt,
2451 5225 2568 5281 quae
2614 5217 2808 5264 tectum
2846 5205 3196 5266 sustinebant,
3234 5213 3287 5257 et
3319 5205 3461 5271 prius
3503 5208 3675 5259 contio

2098 5314 2297 5369 nebant
2339 5318 2509 5362 totum
2565 5302 2881 5365 aedificium,
2913 5309 2967 5353 et
3013 5298 3135 5366 igne
3177 5298 3665 5354 circnnnledorunt.

2097 5406 2382 5471 Propterea
2411 5397 2474 5450 ad
2507 5404 2733 5449 Caeteros
2756 5404 2966 5459 quoque
2997 5388 3223 5456 parietes
3253 5388 3421 5443 facilis
3453 5389 3547 5443 fuit
3576 5406 3668 5457 ex-

2097 5493 2293 5551 cursio.
2325 5489 2456 5544 Nam
2484 5487 2535 5540 in
2567 5482 2807 5538 aedificiis
2834 5478 3046 5548 quando
3071 5479 3207 5548 ligna
3239 5480 3452 5549 quidem
3482 5497 3674 5549 appre,

2099 5581 2362 5640 henderit.
2402 5577 2568 5645 magis
2605 5579 2843 5626 armatur
2880 5570 3138 5624 adversus
3178 5571 3382 5639 lapides
3416 5587 3427 5620 :
3456 5572 3675 5638 quando

2094 5685 2274 5729 autem
2313 5669 2586 5724 columnas
2639 5661 3060 5732 pessmndederit
3104 5669 3158 5714 et
3204 5659 3349 5713 humi
3396 5657 3671 5727 dejecerit,

2097 5783 2200 5821 non
2230 5761 2457 5830 amplius
2485 5772 2619 5825 epus
2660 5756 2818 5809 habet
2846 5755 3056 5808 flamma
3099 5763 3154 5805 ut
3183 5762 3378 5807 cmtcra
3404 5752 3669 5805 conficiat.

2097 5858 2225 5912 Nam
2271 5869 2388 5904 cum
2421 5867 2479 5904 cu
2520 5847 2763 5900 decidunt
2798 5862 2913 5914 qua:
2958 5844 3231 5914 superiora
3278 5849 3578 5894 sustentant
3625 5852 3673 5900 el
