3932 6220
307 339 374 391 79
1054 326 1107 381 S.
1153 320 1427 379 JOANNIS
1461 315 1933 375 CHRYSOSTOMI
1968 316 2280 372 ARCHIEP.
2323 317 2855 375 CONSTANTINOP.
3506 319 3576 377 80

307 454 554 517 fulciunt,
586 450 673 504 illa
703 460 915 518 quoque
941 460 1003 499 ea
1033 451 1330 512 sequuntur
1353 453 1472 493 cum
1505 449 1695 505 magna
1722 432 1890 488 facili—

311 556 440 600 tate.
482 543 559 597 lta
584 541 744 595 etiam
776 552 916 592 nunc
945 533 1189 590 usuvenit
1214 549 1264 586 In
1289 530 1530 587 Ecclesia
1561 547 1576 583 :
1604 528 1741 599 ignis
1769 540 1887 580 om-

310 637 398 690 nia
428 630 810 703 apprehendit;
856 629 1087 683 honores
1125 626 1414 696 quaerimus
1443 624 1511 679 ab
1546 621 1887 688 hominibus,

308 736 365 780 et
400 739 585 780 amore
630 723 811 792 glorias
849 717 1193 774 accendimur
1226 734 1239 769 :
1283 731 1381 771 nec
1409 715 1657 770 audimus
1693 713 1885 768 Jobum

310 814 577 874 dicentem
610 834 623 868 :
656 815 717 870 Si
746 830 859 866 cum
890 813 1196 882 peccaverint
1226 809 1596 875 inuoluatarie,
1631 817 1890 862 auersatus

311 929 425 965 sum
467 908 838 962 multitudinem
880 904 1001 975 (Job
1039 903 1130 957 51.
1304 900 1491 956 Vidisti
1519 900 1749 954 animam
1778 899 1893 953 vir-

320 1010 432 1055 tute
454 997 770 1068 praeditam?
811 995 924 1051 Non
969 1009 1056 1048 me
1098 992 1303 1060 puduit,
1343 992 1534 1061 inquit,
1566 989 1746 1047 coram
1773 993 1894 1046 uni-

315 1105 467 1145 versa
494 1087 832 1143 multitudine
857 1085 1039 1141 dicere
1057 1085 1352 1139 voluntaria
1375 1093 1609 1154 peccata.
1634 1084 1691 1140 Si
1711 1096 1892 1141 autem

311 1185 460 1239 illum
490 1199 594 1238 non
626 1181 833 1252 puduit,
859 1180 1026 1233 multo
1051 1179 1220 1247 magis
1245 1193 1343 1232 nos
1369 1186 1641 1249 oporteret
1670 1179 1773 1233 hoe
1808 1178 1890 1232 fa-

309 1290 454 1330 cere.
487 1272 608 1337 Dic,
642 1273 832 1341 inquit,
866 1271 1007 1341 prior
1031 1270 1321 1340 iniquitates
1351 1279 1494 1335 tuas,
1522 1278 1576 1322 ut
1592 1270 1893 1338 justi/iceris

313 1365 486 1437 (Isai.
516 1364 606 1419 45.
638 1362 770 1433 26).
799 1362 984 1432 Magna
1014 1362 1111 1417 fuit
1150 1360 1307 1430 hujus
1346 1360 1469 1414 mali
1512 1361 1843 1416 vehementia
1874 1378 1888 1415 :

313 1459 492 1513 omnia
520 1465 644 1511 sunt
669 1471 853 1512 eversa
896 1462 951 1510 et
977 1455 1174 1510 deleta.
1207 1454 1439 1510 Honoris
1466 1450 1606 1510 servi
1648 1454 1767 1510 facti
1798 1470 1891 1508 su-

314 1565 436 1605 mus
463 1550 572 1604 Deo
599 1548 823 1603 dimisso
855 1566 868 1601 :
903 1563 1006 1602 non
1043 1548 1272 1618 amplius
1301 1563 1590 1618 possumus
1616 1550 1894 1619 increpare

312 1662 408 1703 eos
451 1647 541 1719 qui
580 1663 611 1701 a
656 1646 809 1700 nobis
848 1653 1142 1714 reguntur,
1170 1658 1292 1697 eum
1328 1643 1427 1713 ipsi
1459 1659 1672 1714 quoque
1700 1644 1888 1701 eadem

314 1739 465 1795 febre
488 1748 800 1793 teneamur:
828 1745 881 1791 et
909 1735 1006 1804 ipsi
1037 1749 1254 1804 egemus
1283 1735 1566 1799 medicina,
1597 1751 1732 1806 quos
1755 1738 1895 1794 Deus

315 1831 493 1900 posuit
532 1840 591 1886 ut
630 1830 748 1883 aliis
777 1827 1137 1882 mederemur.
1167 1827 1424 1892 Quaenam
1452 1837 1630 1881 autem
1652 1828 1762 1898 jam
1804 1845 1893 1885 re-

312 1930 417 1976 stat
440 1936 562 1992 spes
589 1919 811 1984 salutis,
853 1933 974 1974 cum
1016 1918 1051 1971 ii
1094 1917 1194 1987 ipsi
1226 1918 1314 1987 qui
1346 1908 1629 1973 medentur
1667 1920 1893 1975 aliorum

312 2029 470 2069 manu
519 2010 795 2082 indigent?
825 2010 949 2064 Haec
984 2024 1088 2064 non
1134 2009 1229 2063 abs
1277 2024 1336 2064 re
1379 2010 1519 2075 dixi,
1563 2026 1663 2066 nec
1693 2020 1896 2068 temere

311 2118 645 2174 conqueror,
681 2102 776 2158 sed
807 2110 863 2155 ut
891 2115 1079 2155 omnes
1104 2101 1460 2156 communiter
1487 2117 1608 2156 cum
1641 2104 1897 2160 uxoribus

312 2206 366 2250 ct
392 2196 512 2250 tiliis
532 2237 547 2262 ,
581 2196 763 2249 cinere
789 2193 994 2262 aspersi
1023 2201 1077 2247 et
1101 2208 1260 2247 sacco
1290 2193 1495 2257 induti,
1523 2193 1781 2264 jejunium
1812 2198 1894 2252 in-

314 2288 614 2353 tendamus,
644 2287 809 2341 Deum
838 2300 1089 2353 rogemus
1118 2293 1175 2338 ut
1203 2300 1416 2338 manum
1446 2285 1600 2340 nobis
1626 2287 1894 2356 praebeat,

314 2389 369 2433 et
396 2378 594 2434 malum
626 2377 950 2444 exstinguat.
1000 2375 1144 2429 Illius
1185 2375 1326 2428 enim
1357 2390 1515 2429 manu
1557 2392 1616 2430 re
1644 2393 1770 2432 vera
1815 2388 1900 2434 est

315 2484 471 2540 opus,
498 2477 731 2538 quietest
762 2482 949 2537 magna
977 2477 1032 2521 et
1059 2466 1410 2521 admirabilis.
1444 2468 1638 2537 Majora
1671 2485 1701 2525 a
1744 2471 1898 2527 nobis

317 2560 432 2614 tieri
473 2567 689 2629 oportet
733 2573 890 2627 quam
935 2572 1055 2627 quae
1098 2556 1340 2611 fecerunt
1388 2558 1635 2613 Ninivitm
1669 2578 1682 2613 :
1714 2560 1897 2616 Adhuc

316 2660 435 2717 tres,
465 2649 653 2717 inquit,
681 2649 808 2711 dies,
837 2656 883 2700 et
911 2645 1100 2700 Ninivc
1129 2656 1374 2700 evertetur
1405 2646 1547 2718 (Jan.
1577 2650 1630 2704 3.
1661 2651 1740 2719 4).
1766 2651 1897 2706 Ter-

320 2743 493 2797 ribilis
536 2741 843 2812 prasdicatio
890 2749 945 2796 et
990 2741 1170 2794 multis
1208 2740 1366 2809 plena
1403 2741 1582 2799 minis.
1618 2745 1898 2810 Quomodo

311 2812 459 2888 enim
504 2848 609 2888 non
654 2832 840 2887 fuisset
874 2831 1218 2895 horrendum,
1257 2841 1376 2900 post
1411 2843 1521 2888 tres
1549 2834 1664 2889 dies
1697 2851 1896 2906 exspe-

319 2935 465 2979 ctare
513 2924 699 2978 urbem
754 2922 955 2991 sibiipsi
1002 2921 1112 2976 tore
1152 2923 1493 2991 sepulcrum,
1540 2933 1595 2978 et
1636 2927 1898 2995 perituros

319 3028 508 3068 onmes
545 3029 653 3067 uno
676 3028 874 3083 genere
903 3012 1190 3082 supplicii?
1227 3011 1281 3068 Si
1321 3014 1462 3068 enim
1486 3016 1698 3085 quando
1721 3019 1894 3072 conti-

322 3105 481 3175 gerit,
510 3121 614 3158 uno
646 3112 905 3173 tempore,
940 3105 991 3160 in
1023 3120 1121 3157 una
1154 3104 1335 3166 domo,
1363 3104 1496 3159 duos
1526 3105 1663 3162 ﬁlios
1693 3110 1893 3178 perire,

320 3203 405 3249 Cal
444 3195 640 3248 mahnn
673 3194 1103 3259 intolerandum;
1140 3205 1195 3249 et
1237 3195 1281 3249 si
1321 3195 1456 3250 Jobo
1487 3198 1656 3252 visum
1685 3208 1768 3254 est
1797 3201 1897 3257 hoc

322 3286 549 3340 maxime
572 3285 808 3339 omnium
840 3286 1193 3351 intolerabile,
1221 3287 1358 3355 quod
1387 3304 1548 3358 super
1572 3307 1759 3347 omnes
1781 3294 1896 3361 ejus

320 3376 457 3429 ﬁlios
488 3386 683 3431 tectum
712 3376 968 3432 ceciderit
990 3417 1006 3442 ,
1035 3385 1092 3431 et
1116 3377 1193 3432 sic
1221 3377 1328 3430 sint
1359 3382 1660 3450 interempti
1691 3400 1707 3437 :
1739 3385 1895 3453 quid-

1999 449 2120 488 nam
2151 434 2332 489 l‘uisset
2355 476 2371 501 ,
2403 435 2617 501 videre,
2647 452 2750 490 non
2782 451 2939 490 unam
2982 436 3203 491 domum
3231 451 3406 508 neque
3438 438 3576 493 duos

1997 525 2152 592 ﬁlios,
2184 527 2278 581 sed
2304 540 2519 596 gentem
2550 537 2764 583 centum
2794 537 2847 583 et
2878 528 3062 598 viginti
3091 528 3321 583 duorum
3349 528 3573 584 millium

1993 618 2096 672 sub
2118 619 2267 671 tectis
2304 618 2597 673 infossam?
2624 618 2783 673 Scitis
2811 627 3069 688 quantum
3096 619 3166 671 sit
3192 618 3413 672 malum.
3442 618 3577 673 Nam

1994 708 2077 762 hm
2121 722 2335 778 quoque
2375 709 2529 765 nobis
2571 725 2742 779 nuper
2781 709 3057 765 intentata:
3084 720 3209 763 sunt
3236 710 3430 776 minae,
3472 725 3581 764 non

1996 799 2249 870 propheta
2278 800 2456 870 aliquo
2481 816 2664 856 vocem
2696 801 2977 855 emittente
3001 817 3015 867 ;
3046 815 3218 870 neque
3256 800 3401 855 enim
3430 801 3575 872 digni

1994 906 2179 947 sumus
2207 894 2294 962 qui
2326 894 2483 947 talem
2509 908 2698 948 vocem
2733 893 3048 957 audiamus;
3081 892 3177 947 sed
3219 895 3407 961 quavis
3446 895 3575 949 tuba

1995 981 2376 1050 signiﬁcantius
2395 982 2553 1036 minis
2567 984 2717 1037 nobis
2731 981 3273 1038 vociferantibus.Sed
3293 985 3429 1038 sicut
3444 984 3575 1049 dixi,

2000 1071 2175 1125 Adhuc
2184 1083 2299 1126 sunt
2310 1083 2405 1126 tres
2416 1071 2782 1139 dies,etNiniue
2789 1073 3410 1129 subvertetur.'l‘erribiles
3422 1075 3580 1143 plane

1996 1161 2173 1215 minze.
2197 1162 2302 1217 Sed
2339 1177 2480 1217 nunc
2517 1163 2644 1217 nihil
2680 1172 2761 1218 est
2808 1164 2933 1218 tale.
2955 1163 3070 1218 Non
3098 1164 3240 1218 enim
3264 1164 3439 1219 adhuc
3468 1176 3579 1221 tres

1996 1251 2131 1317 dies,
2151 1268 2322 1322 neque
2343 1253 2531 1308 Ninive
2555 1255 2915 1319 subvertetur,
2931 1255 3023 1309 sed
3046 1253 3198 1308 inulti
3222 1265 3347 1310 sunt
3371 1256 3487 1311 dies
3512 1272 3575 1310 ex

1996 1358 2102 1412 quo
2117 1344 2539 1402 orbisterrarum
2556 1344 2790 1399 Ecclesia
2806 1353 2860 1399 et
2878 1353 2959 1399 est
2971 1360 3155 1400 eversa
3174 1357 3227 1400 et
3237 1346 3539 1415 jacetbumi
3558 1389 3575 1410 ,

1997 1436 2242 1492 omnibus
2258 1437 2461 1506 pariter
2471 1437 2610 1491 malo
2622 1437 2867 1495 detentis.
2886 1437 3237 1507 magisautem
3250 1436 3337 1501 iis.
3350 1452 3576 1508 quorum

1996 1536 2079 1582 est
2100 1544 2291 1582 munus
2313 1544 2497 1599 regere
2527 1550 2541 1585 :
2572 1529 2713 1584 unde
2741 1530 2900 1583 etiam
2931 1530 3102 1599 majus
3116 1538 3197 1585 est
3214 1532 3435 1594 malum,
3473 1547 3583 1601 quo

1997 1622 2172 1690 major
2190 1631 2274 1676 est
2297 1622 2414 1691 ejus
2443 1622 2757 1677 necessitas.
2786 1621 2962 1676 Nolite
2991 1637 3121 1692 ergo
3152 1622 3332 1677 mirari
3361 1624 3407 1678 si
3434 1624 3579 1678 suasi

1999 1711 2198 1781 majora
2247 1711 2425 1768 facere
2468 1728 2631 1783 quam
2670 1713 2917 1768 Ninivitai
2963 1712 3067 1768 hac
3109 1713 3177 1768 de
3220 1728 3381 1768 causa
3413 1732 3427 1766 :
3458 1715 3581 1769 imo

2000 1818 2130 1858 vero
2169 1818 2275 1858 non
2313 1818 2459 1857 nunc
2499 1803 2672 1857 solum
2716 1804 2953 1873 praedico
2991 1804 3254 1873 jejunium
3280 1845 3299 1873 ,
3344 1805 3445 1861 sed
3479 1806 3587 1862 hoc

1998 1896 2159 1950 etiam
2206 1895 2383 1949 iudico
2425 1895 2908 1962 medicamentum,
2949 1896 3093 1966 quod
3123 1896 3268 1951 illam
3286 1897 3579 1953 'cadentem

1999 1986 2171 2040 erexit
2216 1985 2506 2040 civitatem.
2553 1985 2831 2052 Quodnam
2878 1995 3059 2040 autem
3100 1996 3184 2041 est
3228 1986 3368 2042 hoc?
3409 1987 3577 2055 Vidit,

2000 2078 2201 2148 inquit,
2234 2077 2484 2131 Dominus
2502 2118 2519 2143 ,
2542 2076 2678 2146 quod
2702 2077 3046 2146 unusquisque
3073 2069 3275 2131 recessit
3300 2095 3332 2131 a
3358 2079 3448 2133 viis
3477 2082 3582 2132 suis

2001 2169 2169 2234 malis,
2202 2179 2247 2223 et
2273 2185 2385 2223 eum
2417 2167 2644 2236 paenituit
2671 2167 2735 2221 de
2761 2167 2897 2221 malo
2922 2168 3061 2235 quod
3089 2168 3219 2223 dixit
3244 2186 3298 2224 se
3322 2171 3578 2240 [acturum

1999 2263 2088 2317 eis.
2125 2262 2234 2317 Hoc
2254 2258 2474 2331 agamus
2498 2269 2553 2313 et
2577 2274 2675 2313 nos
2700 2269 2754 2315 et
2784 2275 2881 2314 vos
2909 2276 2924 2313 :
2954 2261 3270 2316 recedamus
3295 2262 3365 2316 ab
3389 2278 3575 2320 amore

2003 2352 2262 2421 pecuniae,
2286 2351 2353 2405 ab
2372 2365 2556 2405 amore
2574 2351 2780 2420 gloriae,
2811 2361 3058 2420 rogantes
3087 2351 3250 2406 Deum
3281 2363 3339 2406 ut
3367 2369 3579 2410 manum

2003 2442 2158 2496 nobis
2189 2442 2459 2511 porrigat,
2502 2451 2558 2497 et
2595 2440 2832 2495 membra
2875 2457 2994 2510 qua:
3038 2442 3350 2498 ceciderunt
3392 2447 3579 2515 erigat.

2000 2535 2180 2605 Neque
2226 2535 2367 2590 enim
2408 2543 2533 2589 sunt
2576 2533 2761 2589 eadem
2808 2534 2963 2588 nobis
2994 2535 3251 2590 timenda.
3295 2537 3429 2591 Nam
3461 2547 3587 2593 tunc

1998 2626 2212 2696 quidem
2233 2624 2408 2680 casuri
2430 2634 2584 2679 erant
2608 2623 2810 2692 lapides
2835 2635 2889 2679 et
2918 2625 3082 2694 ligna,
3108 2636 3159 2680 et
3182 2642 3410 2696 corpora
3427 2639 3579 2683 erant

1998 2718 2351 2774 interimenda
2396 2735 2410 2771 :
2444 2732 2584 2771 nunc
2613 2726 2790 2770 autem
2821 2717 2952 2771 nihil
2996 2717 3185 2772 horum
3209 2759 3226 2784 ,
3257 2719 3357 2775 sed
3392 2721 3584 2775 anima:

1997 2819 2124 2864 sunt
2164 2807 2433 2863 tradendae
2480 2807 2586 2877 igni
2628 2808 2910 2876 gehennae.
2966 2806 3274 2877 Rogemus,
3315 2810 3583 2879 praeterita

1999 2901 2371 2963 conliteamur,
2401 2912 2498 2967 pro
2524 2896 2716 2951 futuris
2745 2897 3097 2966 postulemus,
3130 2907 3189 2952 ut
3214 2897 3361 2968 digni
3392 2900 3583 2954 hahea-

2000 3008 2153 3059 mur,
2181 2992 2269 3061 qui
2301 2989 2509 3044 abhae
2536 2989 2740 3043 crudeli
2768 2998 2823 3042 et
2865 2987 3084 3042 immani
3123 2989 3293 3044 bestia
3334 2991 3581 3056 liberati,

1999 3087 2197 3152 gratias
2240 3083 2550 3136 emittamus
2598 3080 2829 3150 benigno
2872 3080 2980 3135 Deo
3018 3091 3073 3135 et
3115 3080 3297 3144 Patri,
3327 3097 3449 3135 cum
3480 3098 3585 3152 quo

2000 3176 2138 3231 Filio
2177 3175 2336 3229 simul
2379 3189 2501 3228 eum
2532 3182 2717 3227 sancto
2759 3172 2959 3242 Spiritu
2999 3173 3206 3241 gloria,
3249 3175 3486 3242 potentia
3529 3186 3582 3228 et

2003 3268 2207 3332 honor,
2249 3282 2392 3322 nunc
2429 3276 2484 3322 et
2527 3280 2774 3336 semper,
2807 3275 2863 3321 et
2906 3265 2957 3318 in
2999 3266 3193 3320 saecula
3242 3267 3581 3321 saeculorum.

2003 3361 2195 3413 Amen.

323 3493 3024 3518 Μ

1706 3561 2053 3628 HOMILIA
2094 3563 2211 3624 XI.

322 3696 451 3749 CAP.
480 3694 531 3747 4.
560 3711 611 3747 v.
641 3696 695 3748 4.
727 3693 895 3748 Unum
935 3710 1122 3763 corpus
1165 3707 1211 3748 et
1250 3712 1379 3750 unus
1421 3698 1628 3767 spiritus
1647 3741 1663 3765 ,
1695 3701 1824 3754 sicut
1856 3713 1904 3757 et

393 3786 555 3838 uocati
591 3785 708 3838 estis
749 3785 801 3836 in
841 3801 946 3838 una
986 3801 1074 3855 spe
1114 3787 1389 3840 vocationis
1418 3798 1593 3843 vestra
1633 3806 1652 3843 :
1684 3792 1737 3845 5.
1770 3809 1904 3847 unus

395 3874 665 3939 Dominus,
697 3891 797 3928 una
821 3875 968 3942 ﬁdes,
998 3892 1156 3929 unum
1178 3877 1426 3946 baptisma
1458 3896 1476 3932 :
1507 3879 1559 3934 6.
1591 3897 1723 3935 unus
1758 3882 1899 3939 Deus

394 3978 441 4022 et
474 3967 630 4021 Pater
654 3968 877 4022 omniunt
895 4010 910 4034 ,
934 3969 1020 4036 qui
1040 3978 1110 4022 est
1129 3985 1281 4039 super
1306 3987 1497 4035 omnes,
1525 3981 1573 4025 et
1601 3990 1690 4042 per
1712 3977 1902 4041 omnia,

395 4068 445 4114 et
474 4061 525 4113 in
556 4061 806 4113 omnibus.
839 4060 893 4116 7.
928 4058 1211 4126 Unicuique
1235 4071 1402 4114 autem
1432 4072 1659 4117 nostrum
1688 4065 1809 4118 data
1831 4076 1905 4122 est

394 4154 558 4225 gratia
597 4153 871 4207 secundum
900 4169 1185 4207 mensuram
1209 4152 1496 4208 donationis
1520 4155 1726 4209 Christi.

399 4248 451 4302 i.
472 4247 760 4302 Caritatem
782 4247 973 4316 qumrit
996 4262 1026 4300 a
1045 4246 1201 4301 nobis
1223 4247 1440 4313 Paulus,
1466 4264 1570 4303 non
1589 4251 1905 4320 quamlibet,

324 4339 422 4395 sed
452 4354 570 4408 qua:
599 4352 698 4392 nos
725 4337 1070 4407 conglutinet,
1117 4349 1173 4393 et
1212 4338 1408 4395 efﬁciat
1435 4348 1493 4394 ut
1517 4341 1654 4396 alter
1678 4342 1732 4396 in
1769 4343 1906 4399 alte-

326 4446 444 4487 rum
478 4432 546 4485 ita
576 4446 672 4484 nos
705 4429 994 4486 habeamus
1018 4470 1033 4495 ,
1068 4439 1126 4485 ut
1163 4430 1341 4486 divelli
1370 4447 1478 4487 non
1519 4434 1785 4502 possimus
1806 4478 1820 4499 ,
1855 4445 1911 4491 et

325 4538 445 4594 quat
472 4532 668 4578 tantam
695 4532 749 4578 et
777 4531 882 4576 tam
915 4531 1155 4576 exactam
1186 4524 1419 4592 przeheat
1446 4527 1905 4596 conjunctionem,

324 4624 520 4685 quanta
550 4625 635 4671 est
660 4614 1022 4669 membrorum
1050 4628 1171 4668 cum
1195 4616 1471 4671 membris.
1502 4617 1628 4673 Haec
1656 4622 1796 4675 enim
1827 4631 1911 4675 est

327 4722 449 4772 qua:
494 4720 685 4775 magna
734 4712 989 4769 operatur
1034 4704 1194 4758 bona.
1236 4705 1523 4776 Pr0pterea
1561 4711 1709 4776 dicit,
1741 4709 1908 4765 Unum

325 4814 532 4869 corpus,
562 4805 615 4850 et
639 4802 861 4866 propter
888 4809 1235 4860 consensum,
1258 4805 1315 4849 et
1336 4797 1476 4866 quod
1503 4799 1726 4854 aliorum
1758 4801 1911 4854 tionis

328 4907 434 4946 non
467 4889 755 4955 inhicmus,
778 4886 995 4958 etquod
1023 4887 1177 4941 simul
1208 4890 1466 4944 laetemur.
1497 4890 1563 4944 Et
1587 4906 1707 4945 cum
1732 4895 1910 4947 omnia

326 4983 486 5037 simul
519 4997 614 5052 per
659 4981 761 5035 hoc
806 4980 1150 5041 ostendisset,
1201 4979 1422 5049 pulchre
1465 4981 1619 5046 dixit,
1670 4983 1737 5036 Et
1781 5002 1911 5039 unus

325 5074 567 5139 spiritus,
607 5073 896 5126 ostendens
935 5070 1076 5140 quod
1117 5069 1186 5124 ab
1227 5086 1333 5125 uno
1373 5086 1599 5141 corpore
1632 5074 1737 5128 erit
1776 5091 1912 5128 unus

328 5165 548 5232 spiritus
593 5181 607 5217 :
650 5173 741 5217 aut
768 5162 909 5233 quod
942 5162 1056 5217 ﬁeri
1091 5162 1260 5232 possit
1304 5173 1359 5216 ut
1388 5164 1457 5218 sit
1485 5165 1700 5234 quidem
1747 5182 1911 5220 unum

326 5268 548 5323 corpus,
574 5268 681 5307 non
705 5269 841 5308 llltltS
866 5264 1044 5309 autem
1067 5254 1289 5322 spiritus
1319 5272 1332 5307 :
1367 5264 1425 5310 ut
1452 5256 1496 5310 si
1524 5256 1644 5326 quis
1677 5258 1747 5312 sit
1778 5259 1913 5312 ami-

328 5361 424 5400 cus
458 5344 830 5400 luereticorum
863 5361 877 5397 :
909 5353 1001 5398 aut
1029 5361 1098 5400 ex
1133 5346 1226 5400 illo
1256 5345 1515 5415 pudorem
1544 5348 1731 5403 incutit
1757 5357 1814 5402 ut
1842 5347 1909 5402 ad

329 5436 672 5494 concordiam
705 5437 948 5491 veniatur
974 5477 988 5499 ,
1022 5453 1248 5506 nempe,
1291 5439 1380 5509 qui
1431 5456 1592 5493 unum
1634 5440 1916 5509 accepistis

329 5533 574 5601 spiritum
599 5570 618 5599 ,
660 5539 716 5585 et
755 5543 821 5583 ex
852 5541 959 5581 uno
998 5527 1144 5582 (tunc
1186 5532 1346 5598 potati
1376 5531 1541 5598 estis,
1572 5545 1676 5585 non
1708 5530 1915 5585 debetis

332 5621 618 5676 dissentire
647 5640 661 5676 :
689 5630 784 5673 aut
811 5617 1058 5688 spiritum
1090 5616 1178 5672 hic
1205 5618 1336 5673 dicit
1362 5620 1694 5675 alacritatem
1723 5620 1912 5673 animi.

338 5711 538 5770 [tt-inde
583 5710 939 5781 subjungens,
984 5708 1127 5765 Sicut
1166 5718 1210 5762 et
1241 5711 1402 5764 vocati
1430 5712 1565 5778 estis,
1604 5711 1808 5781 inquit,
1850 5709 1913 5765 In

2010 3721 2114 3758 una
2138 3720 2225 3772 spe
2245 3699 2518 3756 uocationis
2543 3709 2737 3754 vestrm.
2760 3699 2874 3756 Hoc
2898 3710 3003 3766 est,
3028 3699 3167 3756 Deus
3193 3713 3288 3754 vos
3311 3698 3380 3755 ad
3399 3699 3585 3755 eadem

2009 3797 2249 3860 vocavit,
2293 3793 2427 3849 nihil
2456 3792 2610 3847 alteri
2642 3793 2759 3861 plus
2792 3793 2977 3847 tribuit
3005 3809 3163 3864 quam
3192 3793 3387 3849 alteri:
3417 3791 3585 3847 omni-

2011 3886 2110 3941 bus
2136 3885 2609 3949 immortalitatem,
2640 3885 2894 3939 omnibus
2914 3885 3075 3938 vitam
3102 3894 3386 3949 aeternam,
3409 3883 3586 3937 omni-

2010 3978 2111 4033 bus
2155 3978 2376 4047 gloriam
2427 3976 2815 4042 immortalem,
2863 3978 3110 4032 otnuibus
3156 3976 3587 4043 fraternitatem,

2010 4070 2263 4125 omnibus
2289 4068 2507 4123 donavit
2537 4068 2902 4123 hereditatem.
2936 4068 3134 4123 Factus
3177 4079 3260 4124 est
3304 4083 3592 4124 commune

2011 4159 2248 4213 omnium
2277 4167 2435 4228 caput
2457 4198 2477 4223 ,
2500 4172 2689 4212 omnes
2715 4158 2872 4213 simul
2900 4159 3177 4213 suscitavit
3206 4167 3263 4214 et
3295 4160 3593 4215 consedere

2012 4251 2156 4307 fecit.
2184 4251 2288 4319 Qui
2309 4266 2440 4321 ergo
2477 4251 2528 4304 in
2557 4249 2920 4319 spiritualihus
2951 4250 3158 4305 habetis
3188 4259 3388 4305 tantam
3416 4249 3597 4304 hono-

2012 4341 2087 4395 ris
2122 4341 2498 4410 aequalitatem,
2530 4339 2795 4394 undenam
2822 4340 3146 4395 extollimini
3176 4349 3231 4395 et
3254 4341 3547 4410 superbitis
3571 4342 3593 4394 τ

2012 4433 2153 4503 quod
2182 4434 2269 4488 hic
2294 4433 2363 4487 sit
2387 4432 2556 4495 dives,
2578 4432 2719 4500 quod
2751 4433 2851 4487 iste
2881 4430 3071 4486 fortis?
3098 4440 3151 4487 et
3175 4432 3450 4501 quomodo
3479 4446 3584 4486 non

2014 4526 2118 4580 sint
2150 4525 2263 4579 lucc
2292 4522 2508 4578 ridicula
2533 4523 2555 4576 ?
2591 4522 2722 4577 Nam
2750 4523 2836 4579 dic
2865 4523 3018 4590 mihi,
3049 4524 3093 4578 si
3117 4539 3210 4578 rex
3235 4532 3329 4578 aut
3355 4524 3595 4592 impera-

2016 4625 2099 4669 tor
2123 4614 2306 4669 decem
2337 4615 2580 4668 homines
2607 4614 2875 4681 acceperit
2894 4654 2914 4678 ,
2945 4624 2998 4669 et
3024 4629 3217 4669 omnes
3243 4629 3478 4685 purpura
3511 4614 3596 4669 iu-

2015 4706 2211 4768 duerit,
2239 4715 2294 4761 et
2316 4706 2370 4759 in
2393 4705 2585 4759 throno
2613 4705 2774 4774 regali
2804 4705 2995 4760 sedere
3022 4704 3234 4771 fecerit,
3270 4715 3325 4761 et
3347 4706 3606 4761 eumdem

2016 4797 2262 4853 omnibus
2288 4796 2545 4851 honorem
2575 4796 2816 4858 dederit,
2851 4812 3086 4852 aususne
3129 4797 3290 4852 fuerit
3333 4798 3598 4867 quispiam

2016 4889 2341 4955 exprobrare
2382 4886 2559 4949 alteri,
2603 4894 2660 4939 ut
2698 4886 2788 4955 qui
2835 4886 2905 4939 sit
2950 4886 3147 4952 ditior,
3197 4899 3289 4942 aut
3328 4900 3388 4942 ut
3412 4889 3503 4956 qui
3536 4889 3605 4943 sit

2018 4976 2311 5033 illustrior?
2349 4976 2585 5031 Minime.
2635 4976 2818 5045 Neque
2860 4976 3037 5032 adhuc
3076 4986 3246 5032 totum
3290 4978 3449 5033 dixi:
3496 4994 3602 5034 non

2020 5079 2224 5123 tantum
2249 5067 2391 5122 enim
2418 5077 2501 5121 est
2524 5066 2830 5121 discrimen.
2855 5065 2990 5120 Num
3020 5084 3148 5139 ergo
3179 5068 3230 5122 in
3257 5068 3404 5123 etelis
3426 5085 3610 5139 aequa-

2021 5161 2099 5215 les
2126 5174 2310 5214 sumus
2330 5199 2346 5223 ,
2378 5168 2435 5214 et
2463 5157 2598 5212 infra
2629 5157 2962 5213 differimus?
2996 5158 3141 5214 Unus
3179 5159 3469 5225 Dominus,
3503 5177 3606 5215 una

2021 5253 2180 5324 ﬁdes,
2230 5269 2386 5307 unum
2426 5251 2695 5323 baptisma.
2743 5250 2882 5307 Ecce
2923 5266 3047 5323 spes
3089 5254 3408 5309 vocationis.
3460 5252 3608 5309 Unus

2024 5347 2159 5401 Deus
2183 5357 2230 5401 et
2256 5344 2414 5399 Pater
2438 5345 2681 5404 omnium,
2700 5346 2783 5409 qui
2803 5352 2876 5397 est
2899 5360 3051 5414 super
3077 5361 3271 5404 omnes.
3301 5355 3348 5399 et
3379 5361 3470 5412 per
3494 5361 3605 5397 ont—

2022 5438 2129 5502 uia,
2161 5447 2207 5491 et
2230 5437 2282 5489 in
2310 5435 2560 5489 omnibus.
2588 5433 2724 5487 Nom
2757 5433 2853 5488 tibi
2881 5434 3100 5505 quidem
3127 5436 3331 5504 major,
3365 5435 3443 5489 illi
3481 5449 3607 5490 vero

2022 5527 2197 5579 minor
2242 5534 2327 5580 est
2364 5522 2683 5578 invocatus?
2729 5538 2856 5577 num
2905 5532 2958 5577 tu
2999 5522 3216 5592 quidem
3258 5538 3325 5578 ex
3356 5522 3488 5588 ﬁde,
3518 5523 3608 5577 ille

2024 5631 2152 5670 vero
2178 5630 2244 5668 ex
2272 5615 2525 5683 operibus
2552 5616 2718 5668 factus
2740 5623 2825 5669 est
2848 5615 3069 5669 salvus?
3110 5630 3237 5669 num
3266 5614 3359 5668 tibi
3386 5614 3606 5684 quidem

2025 5707 2303 5764 remissum
2331 5714 2413 5762 est
2441 5718 2716 5776 peccatum
2756 5721 2850 5777 per
2874 5706 3230 5777 baptismum,
3267 5704 3346 5760 illi
3372 5719 3504 5761 vero
3532 5702 3613 5760 ni-
