3932 6220
319 418 381 477 79
546 441 569 455 θ
1202 415 1269 471 ἰΝ
1309 412 1522 468 EPIST.
1566 412 1655 466 AD
1693 410 1871 467 EPIIE

1973 409 2118 466 CAP.
2155 408 2244 464 Iv.
2290 407 2526 465 ιιοιιιι..
2564 378 2657 464 in.
3466 410 3541 465 so

317 529 661 600 ἰατρευόντων
689 528 783 580 καὶ
809 525 990 579 αὐτῶν
1019 527 1119 593 τῆς
1150 510 1348 599 mw,
1373 527 1640 596 δεομένων
1661 526 1860 597 χειράςς

316 613 491 667 Ταῦτα
517 613 614 680 οὐχ
644 610 830 673 ἁπλῶς
869 607 1042 669 εἷπον,
1076 609 1196 662 οὐδὲ
1225 613 1401 678 μάτην
1427 609 1713 681 ὀδύρομαι,
1747 610 1862 663 ἀλλ’

319 697 397 749 ἵνα
421 696 570 763 κοινῇ
599 694 797 755 πάντες
830 692 969 761 μετά
995 691 1268 760 γυναικῶν
1296 693 1390 744 καὶ
1434 692 1637 745 παίδων
1670 692 1864 745 σποδὸν

316 776 776 844 καταπασάμενοι,
801 777 896 827 καὶ
918 776 1117 827 σάκκον
1140 773 1593 844 περιζωσάμενοι,
1611 774 1865 842 νηστείαν

316 858 680 926 ἐπιτείνωμεν,
729 857 819 910 τὸν
870 858 1002 910 Θεὸν
1044 858 1516 927 παρακαλέσωμεν
1544 858 1705 910 αὑτὸν
1735 860 1865 926 ἡμῖν

315 945 461 1012 χεῖρα
490 941 695 1011 ὀρέξαι,
726 940 821 993 καὶ
856 940 1045 992 σϐέσαι
1075 941 1137 992 τὸ
1160 940 1349 993 δεινόν.
1378 941 1488 1010 Τῆς
1520 942 1629 1010 γὰρ
1655 942 1864 992 ἐκείνου

316 1023 484 1093 χειρὸς
512 1023 679 1084 ὅντως
719 1023 901 1092 χρεία,
953 1023 1053 1089 τῆς
1093 1022 1353 1093 μεγάλης,
1399 1023 1496 1091 τῆς
1525 1022 1861 1092 θαυμαστῆς.

313 1106 540 1169 Μείζονα
582 1104 692 1156 τῶν
744 1105 1044 1157 Νινευῖτῶν
1097 1105 1348 1172 γενέσθαι
1396 1104 1477 1159 δεῖ
1525 1106 1656 1174 παρ’
1684 1100 1863 1174 ἡμῶν.

317 1190 432 1241 Ἔτι
461 1187 617 1257 τρεῖς
646 1188 879 1255 ἡμέραι,
908 1189 1061 1257 φησὶ,
1092 1189 1192 1242 καί
1216 1191 1425 1243 Νινευτ
1450 1189 1866 1257 καταστραφή-

310 1285 498 1322 σεται.
526 1268 758 1338 Φοδερὺν
793 1269 855 1321 τὸ
882 1270 1161 1339 κήρυγμα,
1200 1269 1295 1321 καὶ
1328 1269 1527 1338 πολλῆς
1568 1270 1735 1339 γέμον
1767 1270 1867 1338 τῆς

311 1351 536 1419 ἀπειλῆς
556 1366 570 1379 ’
628 1350 746 1412 πῶς
781 1350 888 1421 γάρ
918 1350 978 1403 οὔ
1008 1370 1022 1413 ;
1065 1350 1204 1421 μετὰ
1233 1355 1380 1422 τρεῖς
1404 1352 1618 1423 ἡμέρας
1642 1353 1869 1423 προσδοο

313 1434 410 1502 κᾷν
438 1432 536 1501 τὴν
566 1432 718 1484 πόλιν
745 1433 935 1509 αὐτοῖς
953 1433 1171 1486 ἔσεσθαι
1208 1421 1396 1501 τάφον,
1425 1421 1529 1487 καὶὴ
1556 1437 1657 1505 μιᾷ
1699 1421 1870 1504 τιμω-

312 1516 433 1583 ρίας
465 1515 577 1585 ἰδέα
608 1515 811 1575 πάντας
867 1516 1180 1569 ἀπολέσθαι.
1242 1518 1305 1569 Εἰ
1358 1516 1468 1587 γὰρ
1513 1519 1640 1570 ὅταν
1688 1518 1867 1589 συμϐῇ

312 1597 453 1649 κατά
490 1598 580 1649 τὸν
609 1598 796 1667 καιρὸν
820 1599 877 1650 ἐν
902 1601 1047 1672 οἰκίᾳ
1080 1602 1176 1672 μιᾷ
1208 1600 1299 1653 δύο
1328 1601 1524 1665 παῖδας
1548 1601 1866 1667 ἀπολέσθαι,

311 1680 585 1751 ἀφόρητον
614 1684 823 1749 γίνεται
856 1685 915 1738 τὸ
962 1685 1154 1744 δεινὸν,
1190 1688 1284 1739 καὶ
1336 1688 1383 1738 εί
1437 1685 1515 1754 τῷ
1549 1684 1668 1738 Ἰὼϐ
1712 1684 1870 1736 τοῦτο

314 1762 545 1828 μάλιστα
601 1765 816 1819 πάντων
875 1766 1050 1830 ἔδοξεν
1095 1764 1233 1819 εἶναι
1272 1768 1563 1839 ἀφόρητον,
1594 1767 1676 1819 ὅτι
1705 1768 1870 1818 πᾶσιν

308 1844 470 1896 αὑτοῦ
499 1849 608 1910 τοῖς
634 1851 819 1901 παισὶν
854 1848 1046 1901 ἔπεσεν
1075 1861 1100 1888 ι
1132 1851 1160 1902 6
1188 1849 1398 1917 δροφος,
1437 1850 1529 1902 καὶ
1568 1849 1740 1912 οὕτως
1776 1849 1870 1900 ἀν-

306 1927 578 1997 ῃρέθησαν
599 1945 613 1958 ·
648 1932 700 1983 τί
725 1927 813 2001 ἦν,
846 1932 973 1985 ἰδεῖν
1003 1933 1064 1997 ού
1101 1932 1226 2002 μίαν
1253 1934 1449 1994 οἰκίαν,
1484 1932 1602 1985 οὐδὲ
1622 1932 1714 1985 δύο
1743 1934 1871 1985 παῖ-

304 2008 423 2073 δας,
458 2011 572 2063 ἀλλ’
618 2011 770 2076 ἔθνος
811 2013 1023 2066 δώδεκα
1071 2015 1347 2083 μυριάδων
1381 2016 1486 2068 ὑπὸ
1516 2014 1625 2067 τῶν
1656 2015 1870 2084 ὀρόφων

305 2093 828 2165 καταχωννύμενονς
869 2097 1012 2148 Ἰστε
1065 2097 1250 2165 ἡλίκον
1278 2098 1341 2149 τὸ
1387 2098 1578 2151 δεινόν.
1624 2100 1735 2151 Καὶ
1760 2097 1870 2166 γὰρ

303 2176 399 2226 καὶ
433 2177 570 2243 ἡμῖν
603 2177 794 2246 πρώην
827 2176 965 2246 αὕτη
1007 2176 1232 2244 γέγονεν
1263 2180 1297 2248 ἡ
1323 2179 1541 2249 ἀπειλὴ,
1572 2180 1634 2233 οὐ
1664 2181 1874 2248 προφὴ-

297 2271 399 2308 του
425 2257 571 2319 τινδς
622 2259 805 2329 φωνὴν
838 2258 1085 2326 ἀφιέντος
1127 2261 1206 2326 (ού
1249 2261 1358 2332 γὰρ
1391 2261 1528 2326 ἄξιοι
1567 2264 1726 2333 ἡμεῖς
1762 2280 1873 2316 τοι-

298 2336 482 2407 αύτης
508 2340 740 2393 ἀκοῦσαι
770 2342 1153 2412 φωνῆς),ἀλλά
1186 2343 1365 2414 πάσης
1393 2344 1687 2412 σάλπιγγος
1716 2346 1877 2414 εὐση-

302 2420 543 2491 μότερον
570 2424 670 2492 τῆς
720 2423 926 2478 ἀνωθεν
956 2425 1186 2494 ἀπειλῆς
1241 2427 1676 2498 ἀνακραγούσης.
1714 2427 1873 2490 ’Δλλ’,

299 2502 444 2572 ὅπερ
476 2503 636 2571 ἔφην,
665 2504 798 2559 Ἔτι
854 2508 1007 2576 τρεῖς
1049 2508 1280 2577 ἡμέραι,
1316 2510 1473 2579 φησὶ,
1525 2510 1623 2563 καί
1677 2509 1882 2564 Nirea?

301 2587 892 2656 καταστραφήσεται.
944 2590 1156 2659 Φοϐερά
1189 2591 1357 2653 ὅντως
1400 2592 1434 2662 ἡ
1475 2592 1691 2662 ἀπειλή.
1740 2591 1877 2645 Ἀλλ’

300 2667 459 2721 οὐδὲν
502 2671 745 2725 τοιοῦτόν
793 2673 908 2726 ἐστι
942 2672 1057 2727 νῦν.
1105 2674 1180 2726 Οὐ
1226 2674 1333 2743 γὰρ
1363 2673 1443 2727 ἔτι
1474 2677 1621 2745 τρεῖς
1650 2675 1877 2747 ἡμέραι,

361 2853 391 2884 ι
424 2844 632 2894 Rectius
644 2853 894 2910 sumptum
917 2849 1090 2897 fuisset
1111 2849 1355 2898 ἐπέπεσεν.

1964 526 2083 580 οὐδὲ
2122 524 2313 577 Νινευῒ
2341 524 2878 593 καταστραφήσεται,
2912 520 3052 574 άλλά
3099 522 3292 574 πολλαὶ
3328 522 3536 593 ἡμέρας

1964 606 2023 671 ἐξ
2052 600 2112 660 οὗ
2138 607 2236 676 τῆς
2265 606 2590 675 οἰκουμένης
2613 608 2646 676 ἡ
2674 603 2969 673 Ἐκκλησία
2993 603 3420 672 κατέστραπται,
3440 610 3536 659 καὶ

1965 691 2044 752 εἰς
2079 689 2275 757 ἔδαφος
2304 692 2502 750 κεῖται,
2533 689 2751 741 πάντων
2782 686 2843 751 ἐξ
2867 686 2986 756 ἴσης
3008 685 3085 755 τῷ
3118 683 3273 754 κακῷ
3307 702 3527 757 κατεχο-

1917 790 1933 803 ·
1967 772 2165 841 μένων,
2215 771 2412 841 μᾶλλον
2454 771 2511 824 δὲ
2555 770 2664 823 τῶν
2698 770 2756 820 ἐν
2779 770 2973 840 ἀρχαῖς
3010 768 3178 821 ὄντων
3205 771 3319 830 τοῖς
3350 769 3537 831 αὐτοῖς

1966 853 2300 907 ὑπευθύνων·
2361 852 2483 907 ὅθεν
2541 854 2636 905 καὶ
2692 852 2755 903 τὸ
2818 851 2986 904 κακὸν
3046 853 3248 920 χεῖρον,
3279 851 3387 920 ὅσῳ
3438 850 3533 902 καὶ

1966 936 2164 988 πλείων
2193 935 2376 997 αὐτοῖς
2410 936 2441 1003 ἡ
2488 934 2725 1003 ἀνάγκη.
2758 935 2848 1002 Μὴ
2880 933 3062 985 τοίνυν
3090 932 3407 1003 θαυμάσητε
3445 931 3536 986 διὰ

1965 1020 2018 1071 τί
2044 1018 2266 1088 μείζονα
2293 1018 2573 1088 παρῄνεσα
2608 1018 2781 1069 ποιεῖν
2807 1014 2915 1067 τῶν
2944 1015 3245 1067 Νινευῖτῶν
3264 1031 3278 1045 ·
3335 1014 3532 1084 μᾶλλον

1966 1102 2021 1154 δὲ
2050 1103 2111 1154 ού
2140 1100 2393 1171 νηστείαν
2430 1099 2686 1169 κηρύττω
2711 1098 2806 1151 νῦν
2838 1099 3017 1169 μόνον,
3050 1099 3185 1152 ἀλλά
3217 1100 3278 1151 τὸ
3314 1100 3538 1169 φάρμα-

1967 1203 2063 1239 κον
2085 1188 2270 1254 ⁴ἐκεῖνο
2303 1184 2679 1254 ύποδείκνυμι,
2709 1183 2737 1236 6
2764 1184 2858 1236 καὶ
2893 1184 2992 1253 τὴν
3018 1182 3175 1235 πόλιν
3206 1183 3422 1252 ἐκείνην
3448 1182 3538 1237 πί-

1968 1284 2206 1320 πτουσαν
2240 1268 2521 1334 ἀνέστησε.
2560 1268 2718 1319 Ποῖον
2767 1266 2831 1336 δὴ
2860 1265 3052 1324 τοῦτο;
3111 1262 3250 1317 Εἷδε
3301 1266 3535 1332 Κύριος,

1969 1353 2153 1420 φησὶν,
2192 1351 2281 1404 ὅτι
2304 1350 2536 1415 ἀπέστη
2567 1349 2824 1413 ἕκαστος
2854 1348 2972 1401 ἀπὸ
3010 1345 3128 1399 τῶν
3158 1344 3315 1399 ὁδῶν
3350 1346 3539 1402 αὐτοῦ

1968 1432 2088 1486 τῶν
2138 1433 2441 1502 πονηρῶν,
2492 1431 2590 1485 καί
2631 1432 3001 1500 μετενόησεν
3036 1429 3133 1481 ἐπὶ
3165 1427 3238 1495 τῇ
3268 1430 3465 1494 κακίᾳ,
3498 1422 3543 1499 ἦ

1967 1514 2235 1584 ἐλάλησε
2275 1515 2521 1582 ποιῆσαι
2555 1514 2780 1579 αὐτοῖς.
2842 1510 3013 1566 Τοῦτο
3060 1512 3391 1583 πράττωμεν
3443 1512 3539 1564 καὶ

1970 1602 2132 1671 ἡμεῖς
2184 1600 2279 1654 καὶ
2332 1601 2521 1669 ὑμεῖς*
2556 1597 2882 1668 ἀποστῶμεν
2926 1594 3023 1648 τοῦ
3074 1596 3185 1648 τῶν
3239 1595 3539 1665 χρημάτων

1973 1684 2192 1754 ἔρωτος,
2239 1681 2331 1736 τοῦ
2385 1682 2481 1750 τῆς
2515 1680 2692 1750 δόξης,
2746 1678 3193 1749 παρακαλοῦντες
3248 1678 3341 1730 τὸν
3405 1676 3543 1729 Θεὸν

1971 1769 2127 1837 χεῖρα
2160 1765 2364 1834 ὀρέξαι,
2401 1765 2492 1817 καὶ
2524 1764 2877 1833 διαναστῆσαι
2909 1765 2976 1817 τά
3026 1762 3349 1816 πεπτωκότα
3380 1760 3536 1831 μέλη.

1973 1848 2106 1901 Οὐδὲ
2145 1848 2253 1917 γὰρ
2298 1849 2435 1915 ὑπὲρ
2464 1846 2570 1899 τῶν
2596 1847 2777 1899 αὐτῶν
2823 1847 2851 1899 6
2883 1845 3063 1913 φόϐος.
3121 1845 3255 1898 Τότε
3304 1844 3404 1915 μὲν
3431 1842 3545 1914 γὰρ

1972 1929 2108 1982 λίθοι
2159 1930 2253 1982 καὶ
2307 1929 2439 1994 ξύλα
2476 1930 2839 1981 καταπίπτειν
2878 1928 3123 1999 ἔμελλον,
3177 1928 3271 1980 καὶ
3313 1925 3543 1994 σώματα

1974 2011 2089 2085 [80]
2122 2010 2492 2082 ἀναιρεῖσθαι*
2550 2011 2644 2065 νῦν
2671 2012 2725 2065 δὲ
2759 2011 2965 2065 τούτων
2991 2012 3166 2075 οὐδὲν,
3211 2010 3347 2063 ἀλλά
3370 2007 3542 2077 ψυχαὶ

1970 2093 2049 2163 τῷ
2085 2097 2183 2165 τῆς
2214 2094 2439 2163 γεέννης
2479 2094 2731 2163 μέλλουσι
2759 2092 3149 2165 παραδίδοσθαι
3179 2091 3330 2161 πυρί.
3361 2090 3543 2159 Παρα-

1974 2178 2314 2247 καλέσωμεν,
2367 2176 2913 2248 ἐξομολοησὼμεθα,
2948 2177 3089 2245 ὑπὲρ
3119 2174 3228 2227 τῶν
3258 2171 3542 2242 προτέρων

1974 2267 2123 2335 αὺτῷ
2172 2266 2334 2336 χάριν
2386 2265 2831 2334 ὁμολογήσωμεν,
2889 2263 3029 2333 ὑπὲρ
3081 2261 3190 2313 τῶν
3240 2258 3542 2336 μελλόντων

1974 2334 2214 2418 αἰτῶμεν
2248 2334 2335 2400 ῖνα
2388 2345 2838 2414 καταξιωθῶμεν,
2869 2344 2961 2397 τοῦ
3002 2343 3192 2413 θηρίου
3221 2339 3412 2392 τούτου
3443 2334 3543 2389 τοῦ

1973 2429 2210 2500 χαλεποῦ
2248 2431 2343 2483 καὶ
2392 2429 2695 2483 δεινοτάτου
2744 2427 3166 2495 ἀπαλλαγέντες,
3197 2424 3355 2493 χάριν
3407 2422 3542 2500 ἀνας

1972 2497 2188 2582 πέμψαι
2244 2512 2324 2582 τῷ
2368 2512 2736 2584 φιλανθρώπῳ
2768 2511 2887 2581 Θεῷ
2935 2511 3030 2566 καὶ
3063 2509 3260 2579 Πατρὶ,
3304 2504 3423 2577 μεθ’
3475 2497 3541 2557 οὗ

1973 2592 2052 2664 τῷ
2102 2593 2219 2665 Υἰῷ
2274 2596 2392 2665 ἀμα
2448 2594 2526 2665 τῷ
2575 2595 2717 2664 ἁγίῳ
2777 2593 3057 2662 Πνεύματι
3112 2591 3262 2656 δόξα,
3316 2587 3541 2658 κράτος,

1973 2675 2128 2745 τιμὴ,
2164 2675 2257 2729 νῦν
2284 2678 2378 2730 καὶ
2399 2678 2508 2742 ἀεὶ,
2541 2679 2636 2732 καὶ
2674 2680 2753 2741 εἰς
2782 2679 2908 2740 τοὺς
2950 2674 3152 2737 αἰῶνας
3175 2671 3281 2728 τῶν
3307 2671 3538 2725 αἰώνων.

1989 2758 2181 2828 Ἀμήν.

1779 3186 2017 3240 ΟΜΙΔΙΑ
2055 3186 2155 3241 IA’.

302 3356 421 3415 Ἔν
439 3361 616 3431 σῶμα
665 3363 761 3416 καὶ
795 3362 866 3417 ἐν
901 3364 1157 3432 πνεῦμα,
1196 3362 1389 3428 καθὼς
1436 3362 1534 3417 καί
1561 3362 1877 3432 -ἐκὰήθητε

371 3432 449 3485 ἐν
467 3430 577 3501 μιᾷ
599 3433 800 3487 ἐλπίδι
842 3432 953 3502 τῆς
981 3430 1257 3500 κλήσεως
1282 3432 1448 3502 ὑμῶν
1476 3453 1488 3465 ο
1522 3430 1611 3498 εἷς
1640 3436 1874 3499 Κύριος,

316 3545 320 3547 .
543 3499 768 3569 πίστις,
816 3499 1282 3571 ἐν’βάπτισιια·
1318 3499 1432 3561 ἐἷς
1484 3504 1628 3569 Θεὸς
1675 3501 1877 3571 Πατὴρ

374 3571 642 3631 πάντων,
698 3577 730 3626 ὁ
771 3574 869 3626 ἐπὶ
905 3573 1166 3636 πάντων,
1218 3574 1315 3626 καὶ
1357 3572 1452 3626 διὰ
1479 3573 1741 3632 πάντων,
1775 3573 1872 3626 καί

374 3641 450 3693 ἐν
484 3639 697 3696 πᾶσιν.
724 3643 848 3696 Ἐνί
877 3642 945 3696 δὲ
971 3641 1209 3711 ἑκάστῳ
1236 3642 1406 3711 ἡμῶν
1433 3642 1609 3708 ἐδόθη
1635 3643 1675 3711 ἠ
1707 3641 1876 3710 χάρις

375 3711 536 3763 κατὰ
564 3711 629 3763 τὸ
659 3712 879 3780 μέτρον
907 3711 1016 3781 τῆς
1037 3710 1257 3781 δωρεᾶς
1285 3711 1393 3766 τοῦ
1420 3710 1700 3780 Χριστοῦ.

364 3855 445 3902 α’.
466 3850 711 3920 ’Λγάπην
727 3850 876 3919 ζητεῖ
890 3851 1017 3921 παρ’
1039 3850 1194 3920 ἡμῶν
1217 3853 1244 3903 6
1268 3848 1475 3919 Παῦλος
1499 3848 1559 3901 οὐ
1574 3849 1673 3918 τὴν
1688 3846 1877 3916 τυχοῦ-

296 3952 435 3997 σαν,
472 3936 608 3989 άλλά
653 3936 751 4007 τὴν
790 3937 1167 4004 συγκολλῶσαν
1192 3938 1340 4007 ἡμᾶς
1376 3936 1469 3989 καὶ
1496 3935 1874 3997 ἀδιασπάστως

291 4024 461 4096 ἒχειν
500 4025 637 4095 πρὸς
663 4025 920 4095 ἀλλήλους
952 4025 1233 4087 ποιοῦσαν,
1265 4026 1359 4077 καὶ
1384 4022 1654 4092 τοσαύτην
1682 4023 1873 4074 ἕνωσιν

293 4112 399 4164 καὶ
421 4110 599 4174 οὕτως
646 4111 849 4181 ἀκριὸἧ
904 4111 1302 4183 παρεχομένην,
1336 4110 1535 4164 ὡσανεὶ
1566 4109 1703 4180 μέλη
1738 4109 1873 4179 πρὸς

297 4200 472 4270 μέλη.
496 4198 644 4270 Αὕτη
666 4200 773 4270 γάρ
790 4201 983 4269 ἐστινὴ
1011 4200 1079 4253 τὰ
1103 4198 1312 4268 μεγάλα
1341 4197 1681 4267 ἐργαζομένη
1712 4196 1870 4249 καλά.

291 4289 401 4341 Διά
430 4287 593 4340 τοῦτό
615 4304 799 4358 φησιν’
823 4289 934 4341 Ἐν
959 4286 1150 4355 σῶμα,
1182 4286 1277 4339 καὶ
1317 4288 1383 4355 τῇ
1415 4283 1748 4355 συμπαθείᾳ,
1779 4283 1874 4336 καὶ

287 4372 376 4443 τῷ
409 4374 492 4444 μὴ
524 4373 813 4445 βάλλεσθαι
838 4375 951 4437 τοῖς
972 4374 1174 4443 ἑτέρων
1196 4372 1416 4438 ἀγαθοῖς
1442 4383 1491 4434 ι,
1519 4372 1613 4424 καὶ
1644 4370 1723 4439 τῷ
1753 4386 1876 4438 συγ.

290 4463 544 4532 χαίρειν.
594 4461 704 4513 Καὶ
732 4461 910 4513 πάντα
935 4458 1072 4529 ὁμοῦ
1096 4459 1185 4512 διά
1217 4458 1404 4512 τούτου
1438 4457 1635 4522 δείξας,
1665 4459 1770 4511 Καὶ
1801 4456 1872 4510 ἐν

290 4548 564 4616 πνεῦμα,
602 4546 784 4610 καλῶς
831 4543 972 4610 εἷπε,
1000 4545 1213 4608 δεικνὺς
1247 4547 1326 4598 ὅτι
1347 4546 1454 4598 ἀπὸ
1485 4545 1577 4597 τοῦ
1610 4545 1728 4607 ἐνὸς
1763 4544 1869 4596 σώ-

295 4652 480 4704 ματος
523 4633 583 4686 ἓν
640 4632 855 4704 πνεῦμα
884 4632 1058 4697 ἔσται,
1086 4632 1119 4703 ἦ
1161 4632 1242 4684 ὅτι
1285 4632 1398 4683 ἐστι
1430 4631 1528 4700 μὲν
1553 4631 1712 4700 σῶμα
1736 4625 1873 4682 εἶναι

291 4720 380 4785 ἓν,
424 4724 530 4792 οὐχ
562 4722 620 4774 ἓν
656 4721 713 4775 δὲ
746 4720 993 4791 πνεῦμα·
1034 4719 1109 4784 ὡς
1145 4720 1209 4772 ἂν
1252 4720 1305 4771 εῖ
1337 4736 1422 4781 τις
1460 4721 1554 4772 καὶ
1580 4719 1874 4787 αἰρετικῶν

292 4809 465 4878 φίλος
494 4808 686 4880 είη’ἢ
738 4808 847 4863 ἀπὺ
894 4807 1083 4860 τούτου
1124 4807 1261 4878 πρὸς
1309 4805 1567 4875 ὁμόνοιαν
1614 4806 1871 4868 δυσωπεῖ,

301 4893 532 4948 τοιοῦτό
562 4912 615 4947 τι
667 4894 859 4963 λέγων*
888 4893 957 4948 Ol
986 4893 1044 4946 ἓν
1093 4893 1309 4963 πνεῦμα
1353 4892 1634 4954 λαϐόντες,
1682 4893 1777 4944 καὶ
1813 4893 1878 4944 ὲκ

294 4984 436 5051 μιᾶς
473 4982 819 5043 ποτισθέντες
864 4982 1070 5051 πηγῆς,
1107 4982 1206 5033 οὐκ
1243 4981 1482 5049 ὀφείλετε
1511 4980 1800 5050 διχονοεῖν·
1842 4978 1876 5049 ἢ

292 5068 527 5139 πνεῦμα
552 5069 786 5123 ἐνταῦθα
809 5069 907 5141 τὴν
935 5069 1244 5140 προθυμίαν
1272 5069 1454 5137 φησίν.
1482 5062 1615 5119 Εἶτα
1634 5067 1874 5134 ἐπάγων,

290 5157 515 5223 Καθὼς
581 5156 897 5224 ἐκλήθητε,
950 5156 1134 5227 φησὶν,
1198 5157 1295 5207 Ἐν
1344 5154 1452 5222 μιᾷ
1511 5154 1711 5208 ἐλπίδι
1769 5151 1878 5220 τῆς

289 5244 585 5311 κλήσεως
625 5242 812 5314 ὑμῶν.
862 5246 1172 5306 Τουτέστιν,
1217 5243 1274 5295 ’0
1312 5242 1443 5304 Θεὸς
1470 5243 1614 5311 ὑμᾶς
1647 5240 1739 5294 ἐπὶ
1767 5243 1877 5306 τοῖς

288 5332 495 5395 αὐτοῖς
525 5333 816 5386 ἐκάλεσενο
883 5332 1035 5384 οὐδὲν
1079 5331 1252 5401 ἐτέρῳ
1294 5330 1455 5382 πλέον
1488 5329 1747 5399 ἀπένειμε
1780 5328 1874 5381 τοῦ

289 5420 499 5488 ἐτέρου
524 5433 538 5446 ⁸
574 5419 743 5471 πᾶσιν
777 5418 1097 5482 ἀθανασίαν,
1124 5418 1261 5471 πᾶσι
1290 5415 1434 5487 ζωὴν
1472 5414 1710 5479 αἰώνιον,
1743 5417 1877 5467 πᾶσι

288 5508 467 5575 δόξαν
506 5507 796 5571 ἀθάνατον,
843 5508 1010 5560 πᾶσιν
1044 5506 1398 5578 ἀδελφότητα,
1431 5507 1562 5559 πᾶσι
1616 5505 1878 5577 κληρονο-

270 5708 279 5712 “
353 5694 385 5723 ⁸
419 5693 565 5744 Unus
594 5692 828 5753 codexrel
846 5705 999 5753 marg.
1023 5691 1191 5747 Savil.,
1216 5694 1298 5741 καὶ
1318 5693 1387 5753 τῷ
1411 5691 1683 5752 συμπαθεῖν,
1708 5692 1786 5738 καὶ
1810 5692 1879 5753 τῷ

291 5757 358 5863 1:2
361 5757 654 5865 ιΞὶιιὲινεσθαι
691 5752 790 5808 τοῖς
826 5752 994 5813 ἐτέρων
1032 5753 1234 5815 ἀγαθοῖς,
1272 5752 1384 5815 qua?
1427 5753 1574 5804 lectio
1610 5765 1706 5802 non
1740 5752 1880 5815 sper-

1984 3364 2114 3435 μίαν
2155 3362 2461 3435 ἐχαρίσατο.
2537 3365 2702 3435 Κοινὴ
2762 3365 2977 3417 πάντων
3033 3363 3250 3430 ἐγένετο
3310 3363 3543 3435 κεφαλὴ,

1978 3454 2184 3515 πάντας
2210 3454 2499 3521 συνήγειρε
2526 3453 2622 3504 καὶ
2651 3450 3024 3504 συνεκάθισεν.
3065 3451 3129 3502 OE
3148 3450 3327 3502 τοίνυν
3350 3453 3406 3503 ἐν
3428 3454 3545 3515 τοῖς

1981 3539 2369 3605 πνευματικοῖς
2426 3535 2696 3606 τοσαύτην
2752 3535 2969 3606 ἔχοντες
3027 3536 3319 3605 ἰσοτιμίαν,
3377 3537 3544 3590 πόθεν

1983 3624 2125 3694 μέγα
2182 3625 2468 3692 φρονεῖτες
2518 3624 2599 3675 ὅτι
2632 3626 2661 3676 6
2701 3622 2850 3676 δεῖνα
2882 3622 3155 3687 πλούσιος,
3202 3623 3296 3676 καὶ
3333 3625 3362 3676 6
3397 3624 3545 3676 δεῖνα

1980 3709 2193 3780 ἰσχυρός
2218 3726 2234 3774 ;
2261 3709 2355 3763 καὶ
2384 3708 2499 3772 πῶς
2520 3710 2621 3762 οὐκ
2645 3709 2710 3763 ἂν
2732 3710 2815 3779 εῐη
2842 3710 3001 3763 τοῦτο
3025 3710 3197 3778 γέλως
3222 3728 3236 3776 ;
3274 3710 3409 3763 Εἰπὲ
3433 3711 3545 3783 γάρ

1978 3813 2089 3866 μοι,
2124 3798 2172 3847 εἰ
2198 3797 2226 3849 6
2260 3795 2513 3865 βασιλεύς
2551 3813 2681 3849 ποτε
2729 3796 2909 3850 λαὸὼν
2947 3796 3186 3867 ὀνόματα
3215 3798 3371 3862 δέκα,
3402 3800 3541 3851 πάν-

1974 3900 2072 3945 τας
2097 3883 2391 3954 ἀλουργίδα
2426 3882 2664 3945 ἐνέδυσε,
2703 3884 2798 3937 καὶ
2826 3885 2919 3937 ἐπὶ
2954 3884 3047 3937 τοῦ
3079 3883 3269 3954 θρόνου
3319 3883 3541 3938 ἐκάθισε

1975 3971 2067 4024 τοῦ
2108 3971 2408 4041 βασιλικοῦ,
2465 3973 2558 4025 καὶ
2608 3974 2774 4025 πᾶσιν
2805 3973 2973 4026 ἔδωκε
3021 3974 3122 4040 τὴν
3151 3974 3320 4042 αὐτὴν
3353 3974 3538 4043 τιμὴν,

1975 4053 2082 4129 ἆρα
2130 4058 2194 4112 ἂν
2226 4059 2429 4112 τούτων
2472 4059 2737 4127 ἐτόλμησέ
2769 4076 2854 4121 τις
2898 4059 3153 4111 ὀνειδίσαι
3200 4058 3290 4110 τὸν
3329 4059 3536 4128 ἓτερον,

1974 4147 2050 4210 ὡς
2085 4148 2482 4218 πλουσιώτερος
2508 4146 2602 4209 ὣν,
2637 4148 2670 4216 ἢ
2700 4147 2774 4205 ὡς
2804 4147 3212 4215 λαμπρότερος;
3256 4146 3539 4216 Οὐδαμῶς.

1975 4234 2087 4307 [Si]
2122 4237 2228 4288 Καὶ
2249 4235 2402 4289 οὔπω
2425 4234 2486 4287 τὸ
2512 4235 2620 4286 πᾶν
2670 4234 2900 4303 εἴρηκα·
2943 4233 3003 4284 οὐ
3052 4234 3161 4303 γὰρ
3197 4232 3449 4285 τοσοῦτον
3479 4233 3541 4286 τὸ

1975 4324 2161 4394 μέσον.
2202 4324 2291 4376 Ἐν
2319 4320 2415 4377 οὖν
2443 4326 2555 4382 τοῖς
2576 4323 2825 4392 οὐρανοῖς
2860 4321 2986 4384 ίσοι,
3018 4321 3113 4372 καὶ
3152 4321 3303 4375 κάτω
3325 4321 3539 4392 διεστή-

1972 4426 2182 4477 καμεν;
2217 4405 2321 4475 Εἷς
2380 4410 2613 4475 Κύριος,
2663 4409 2771 4477 μία
2823 4409 3047 4473 πίστις,
3082 4407 3154 4461 ἐν
3194 4407 3533 4477 βάπτισμα.

1986 4496 2117 4549 ’ἰδοὺ
2156 4498 2189 4565 ἡ
2219 4497 2371 4559 ἐλπὶς
2421 4496 2518 4563 τῆς
2572 4496 2837 4565 κλὴσεως.
2874 4491 2977 4561 Εἷς
3011 4494 3155 4561 Θεὸς
3205 4498 3301 4548 καί
3333 4497 3537 4567 Πατὴρ

1974 4585 2234 4646 πάντων,
2264 4586 2297 4637 ὁ
2334 4584 2434 4636 ἐπὶ
2476 4584 2735 4645 πάντων,
2775 4584 2873 4636 καί
2898 4583 2994 4637 διὰ
3042 4583 3302 4647 πάντων,
3334 4586 3433 4637 καὶ
3469 4586 3539 4639 ἐν

1978 4670 2167 4724 πᾶσιν
2191 4672 2394 4736 αὐτός.
2435 4670 2525 4738 Μὴ
2553 4670 2662 4739 γάρ
2702 4671 2785 4723 σοὶ
2813 4672 2910 4740 μὲν
2944 4672 2973 4723 6
3014 4670 3237 4740 μείζων,
3267 4671 3460 4741 ἐκείνῳ
3482 4671 3538 4723 δὲ

1977 4760 2004 4810 ὁ
2041 4758 2275 4810 ἐλάττων
2307 4756 2580 4828 ἐπεκλήθη
2606 4775 2621 4825 ;
2655 4758 2727 4828 μὴ
2767 4757 2875 4828 γάρ
2907 4758 2970 4810 σὺ
2999 4758 3098 4828 μὲν
3127 4758 3234 4811 ἀπὸ
3267 4758 3536 4822 πίστεως,

1977 4845 2183 4907 ἐκεῖνος
2216 4843 2272 4897 δὲ
2309 4844 2416 4898 ἀπὸ
2452 4844 2628 4915 ἔργων
2654 4844 2868 4913 ἐσώθης
2909 4845 2983 4916 μὴ
3008 4846 3117 4916 γὰρ
3152 4846 3234 4899 σοὶ
3258 4846 3355 4916 μὲν
3381 4845 3538 4913 ἀφεί-

1978 4931 2044 5000 θη
2094 4930 2182 4984 διά
2233 4931 2328 4984 τοῦ
2381 4931 2755 5002 βαπτίσματος
2777 4975 2792 4997 ,
2821 4932 3013 5003 ἐκείνῳ
3046 4931 3103 4985 δὲ
3142 4931 3243 4997 of);
3280 4933 3493 4998 Ἀπαγε
3521 4947 3536 4963 ο

1978 5014 2082 5083 Εἷς
2112 5019 2254 5085 Θεὸς
2282 5020 2380 5072 καί
2430 5021 2631 5085 Πατὴρ
2663 5019 2923 5082 πάντων,
2944 5022 2976 5072 ὁ
3012 5019 3111 5071 ἐπὶ
3143 5018 3402 5079 πάντων,
3442 5017 3537 5069 καὶ

1978 5104 2074 5159 διὰ
2096 5106 2358 5169 πάντων,
2392 5107 2489 5160 καὶ
2517 5107 2587 5160 ἐν
2611 5107 2801 5161 πᾶσιν
2822 5106 3126 5175 {min—'0
3155 5104 3252 5155 ἐπὶ
3277 5102 3536 5166 πάντων,

1978 5196 2277 5259 τουτέστιν,
2300 5198 2328 5247 6
2355 5195 2537 5247 ἐπάνω
2563 5195 2777 5248 πάντων
2797 5209 2811 5222 ·
2848 5193 2955 5246 Καὶ
2985 5192 3083 5244 διὰ
3105 5190 3364 5254 πάντων,
3392 5208 3539 5243 τουτ-

1980 5281 2116 5346 έστι,
2145 5279 2405 5350 προνοῶν,
2432 5280 2648 5333 διοικῶν
2682 5296 2696 5309 '
2732 5280 2837 5331 Kal
2861 5279 2931 5331 ἐν
2967 5277 3157 5330 πᾶσιν
3181 5277 3324 5345 ὑμῖν
3345 5318 3360 5340 ,
3387 5295 3541 5332 τουτ-

1981 5368 2144 5430 έστιν,
2178 5370 2206 5420 6
2235 5369 2292 5419 ἐν
2348 5368 2512 5418 πᾶσιν
2549 5364 2735 5418 οἰκῶν.
2790 5364 2980 5415 Καίτοι
3042 5362 3135 5415 τοῦ
3197 5363 3347 5427 Υἰοΰ,
3382 5365 3541 5418 τοῦτο

1980 5454 2116 5507 εἷναί
2168 5470 2334 5522 φησιν
2364 5469 2379 5484 ·
2413 5452 2551 5505 ὥστε
2605 5453 2654 5502 εἰ
2695 5448 3040 5512 ἐλαττώσεως
3065 5445 3150 5519 ἦν,
3177 5451 3277 5503 οὐκ
3313 5451 3377 5502 ἂν
3412 5453 3541 5520 περὶ

1981 5541 2074 5594 τοῦ
2107 5539 2317 5611 [ἰατρὸς
2350 5537 2578 5608 ἐρρήθη.
2624 5534 2751 5588 Ἑνὶ
2787 5533 2855 5587 δέ
2887 5534 3118 5602 ἑκάστῳ
3153 5534 3325 5603 ἡμῶν
3360 5535 3539 5601 ἐδόθη

1983 5629 2021 5695 ἡ
2062 5627 2252 5696 χάρις.
2312 5625 2378 5676 Τί
2411 5618 2537 5686 οὖν,
2572 5623 2727 5691 φησὶ,
2781 5623 2875 5674 καὶ
2912 5622 3075 5674 πόθεν
3112 5621 3180 5672 τὰ
3225 5621 3540 5690 χαρίσματα

1981 5715 2210 5782 διάφορα
2234 5729 2248 5775 ;
2276 5709 2445 5764 Τοῦτο
2475 5707 2582 5777 γάρ
2608 5708 2696 5760 ἀεὶ
2737 5709 2828 5761 καὶ
2875 5710 3068 5771 αὐτοὺς
3104 5708 3199 5761 καὶ
3226 5706 3542 5775 Κορινθίους

1985 5802 2076 5853 καὶ
2132 5798 2360 5859 πολλοὺς
2399 5794 2639 5864 ἑτέρους,
2679 5795 2804 5859 τοὺς
2853 5795 2949 5865 μὲν
2993 5796 3073 5857 εἰς
3104 5792 3383 5857 ἀπόνοιαν,
3416 5793 3538 5854 τοὺς
