3932 6220
385 272 447 327 8|
1096 275 1154 330 S.
1195 274 1485 331 JOANNIS
1514 273 2009 367 CHRYSOSTOMI
2046 274 2365 332 ARCHIEP.
2405 277 2964 336 CONSTANTINOP.
3550 278 3620 334 8‘1

384 389 441 441 δέ
467 389 546 450 εἰς
574 387 813 456 ἀθυμίαν
857 389 949 442 καὶ
985 390 1178 458 φθόνον
1196 391 1387 459 ἀνῆγε.
1419 392 1516 443 Διά
1551 391 1708 445 τοῦτο
1743 408 1946 445 παντα-

387 473 483 544 χοῦ
530 475 594 529 τὸ
634 476 726 529 τοῦ
765 476 1014 548 σώματος
1043 480 1344 551 ὑπόδειγμα
1374 482 1792 551 παραλαμϐάνει
1820 498 1834 513 θ
1862 481 1951 535 διὰ

385 564 542 617 τοῦτο
575 567 670 621 καὶ
701 566 798 621 νῦν
832 568 988 622 τοῦτο
1029 568 1271 622 τέθεικεν
1290 611 1305 634 ,
1332 571 1519 639 ἐπειδὴ
1547 571 1738 641 ἔμελλε
1759 572 1949 641 διαφό-

389 670 499 723 ρων
542 658 896 725 χαρισμάτων
960 657 1343 725 μνημονεύειν.
1385 660 1801 731 Ἀκριϐέστερον
1851 662 1950 730 μὲν

387 735 479 793 οὖν
498 742 633 795 αὑτὸ
661 746 716 796 ἐν
744 746 809 814 τῇ
838 746 975 815 πρδς
998 747 1314 814 Κορινθίους
1344 749 1631 820 Ἐπιστολῇ
1664 751 1951 821 ἐπεξέρχε-

387 850 497 895 ται,
553 835 741 909 ἐπειδὴ
784 839 877 889 καὶ
910 840 1028 891 ἐκεῖ
1058 840 1295 909 μάλιστα
1325 841 1387 893 τὸ
1412 842 1625 912 νόσημα
1647 842 1805 896 τοῦτο
1834 846 1952 896 ἐτυ-

387 921 567 989 ράννει
598 940 612 952 ·
645 922 740 976 νῦν
784 925 840 976 δὲ
890 927 1126 981 ἐνταῦθα
1161 930 1323 998 μόνον
1356 930 1576 1001 ᾐνίξατο
1599 946 1613 960 ο
1653 930 1748 983 καὶ
1776 932 1878 1000 ὅρα
1902 933 1954 989 τί

387 1030 571 1083 φησιν.
607 1016 720 1067 Οὑκ
755 1012 875 1069 εἶπε
900 1056 914 1080 ,
951 1020 1107 1072 Κατὰ
1137 1022 1235 1090 τὴν
1266 1023 1499 1075 ἑκάστου
1528 1022 1732 1087 πίστιν,
1761 1024 1848 1076 ἵνα
1878 1024 1954 1093 μὴ

385 1107 463 1167 εἰς
497 1105 735 1177 ἀθυμίαν
766 1109 976 1181 ἐμϐάλῃ
1006 1111 1270 1176 ἐκείνους,
1301 1114 1429 1175 τοὺς
1462 1114 1715 1183 μεγάλων
1754 1115 1829 1185 μὴ
1864 1133 1954 1168 τε·

384 1195 691 1264 τυχηκότας
724 1214 736 1225 ·
771 1197 905 1249 ἀλλά
927 1198 1018 1262 τίς
1054 1201 1213 1256 Κατὰ
1240 1201 1305 1254 τὸ
1334 1200 1553 1272 μέτρον
1589 1202 1700 1270 τῆς
1732 1201 1955 1271 δωρεᾶς

388 1284 495 1338 τοῦ
530 1286 811 1353 Χριστοῦ.
853 1289 934 1343 Τά
972 1291 1187 1347 πάντων
1222 1294 1749 1365 κεφαλαιωδέστερα,
1796 1296 1951 1364 φησὶ,

390 1377 546 1435 κοινά
580 1380 795 1434 πάντων
833 1382 970 1447 ἐστὶ,
992 1383 1052 1435 τὸ
1071 1383 1370 1454 βάπτισμα,
1395 1385 1457 1437 τὸ
1476 1385 1564 1439 διὰ
1593 1387 1827 1450 πίστεως
1846 1404 1952 1441 σω-

391 1468 572 1538 θῆναι,
597 1471 656 1524 τὸ
681 1472 771 1527 τὸν
800 1471 931 1531 Θεὸν
950 1472 1094 1544 ἔχειν
1124 1476 1359 1547 Πατέρα,
1387 1477 1447 1530 τὸ
1474 1476 1569 1530 τοῦ
1592 1477 1758 1532 αὑτοῦ
1785 1478 1955 1533 Πνεύ-

394 1581 562 1632 ματος
590 1564 833 1627 ἅπαντας
862 1566 1126 1635 μετέχειν.
1166 1567 1228 1618 Εἰ
1259 1566 1316 1618 δέ
1346 1585 1398 1619 τι
1429 1567 1586 1621 πλέον
1611 1571 1639 1621 6
1671 1568 1817 1622 δεῖνα
1842 1569 1955 1638 ἔχει

394 1659 453 1708 ὲν
477 1656 556 1726 τῷ
590 1656 913 1727 χαρίσματι,
956 1659 1030 1727 μὴ
1064 1658 1241 1726 ἄλγει,
1270 1660 1394 1712 ἐπεὶ
1436 1662 1526 1713 καί⁵
1553 1663 1581 1714 6
1610 1661 1768 1727 πόνος
1805 1662 1956 1734 αὐτῷ

393 1746 595 1801 πλείων
634 1747 787 1800 ἐστί·
817 1749 912 1801 καὶ
944 1749 972 1801 6
1004 1749 1074 1803 τά
1101 1751 1263 1803 πέντε
1302 1752 1540 1807 τάλαντα
1567 1753 1765 1819 λαϐὼν,
1798 1757 1957 1809 πέντε

393 1841 653 1911 ἀπῃτεῖτο
683 1855 698 1868 ·
726 1840 755 1892 6
789 1838 844 1891 δὲ
872 1839 938 1892 τά
967 1840 1081 1902 δύο,
1128 1841 1222 1895 δύο
1273 1843 1432 1912 μόνον
1477 1847 1838 1916 προσήνεγκε,
1864 1849 1959 1903 καὶ

392 1929 543 1981 οὐδὲν
571 1929 790 1983 ἔλαττον
823 1929 980 2001 ἔσχεν
1014 1933 1224 1985 ἐκείνου
1277 1934 1374 1987 Διά
1396 1934 1554 2001 τοῦτο
1587 1938 1681 1990 καὶ
1721 1940 1959 1997 ἐνταῦθα

393 2021 501 2074 ἀπὸ
549 2022 648 2092 τῆς
695 2022 865 2092 αὑτῆς
899 2024 1081 2088 αἰτίας
1114 2027 1523 2097 παραμυθεῖται
1554 2029 1646 2082 τὸν
1670 2031 1959 2088 ἀκούοντα.

394 2113 544 2183 Πρὸς
603 2115 1007 2185 καταρτισμὸν
1052 2115 1170 2171 τῶν
1205 2118 1411 2188 ἁγίων,
1447 2121 1634 2189 φησὶν,
1667 2125 1751 2186 είς
1783 2123 1961 2194 ἔργον

394 2208 724 2275 διακονίας,
764 2210 853 2274 εὶς
890 2210 1215 2278 οἰκοδομὴν
1252 2211 1358 2264 τοῦ
1382 2211 1655 2281 σώματος
1684 2215 1792 2267 τοῦ
1830 2218 1960 2283 Χρι-

393 2299 562 2352 στοῦ.
606 2298 706 2352 Διά
737 2299 895 2352 τοῦτο
930 2301 1025 2353 καὶ
1078 2300 1240 2364 αὑτὸς
1285 2300 1492 2369 ἔλεγεν·
1528 2303 1677 2357 Οὐαί
1706 2321 1827 2372 μοι,
1854 2304 1964 2359 ἐὰν

396 2388 481 2457 μὴ
537 2389 1015 2457 εὐαγγελίζωμαι.
1057 2386 1204 2451 Οἴου,
1239 2391 1546 2461 ἀποστολῆς
1575 2392 1734 2444 ἔλαϐέ
1750 2411 1833 2457 τις
1864 2393 1964 2464 χά-

401 2496 590 2548 ρισμα.
620 2479 779 2532 Ἀλλά
800 2479 889 2534 διά
911 2479 1068 2533 τοῦτο
1101 2481 1250 2551 αὑτῷ
1279 2482 1428 2544 οὑαί,
1461 2482 1648 2553 ἐπειδὴ
1679 2482 1861 2539 ἔλαϐε·
1895 2483 1960 2539 σὺ

395 2570 451 2623 δὲ
507 2568 604 2622 τοῦ
659 2569 902 2624 κινδύνου
950 2571 1275 2642 ἀπήλλαξαι.
1312 2573 1472 2627 Κατὰ
1514 2575 1580 2626 τὸ
1625 2575 1864 2642 μέτρον.
1895 2575 1962 2627 Τί

396 2662 530 2716 ἐστι.
586 2660 747 2714 Κατὰ
782 2662 848 2713 τὸ
878 2660 1144 2731 μέτρονς
1186 2664 1499 2729 Τουτέστιν,
1548 2664 1610 2717 οὐ
1675 2664 1814 2734 πρὸς
1865 2665 1962 2736 τὴν

397 2752 672 2821 ἡμετέραν
712 2752 869 2817 ἀξίαν
896 2770 911 2785 ο
937 2755 1059 2807 ιτεπεὶ⁹
1106 2755 1216 2809 οὐδ’
1247 2756 1314 2809 ἂν
1351 2755 1543 2808 ἔλαϐεν
1577 2754 1749 2819 οὐδεὶς
1774 2755 1810 2809 ἀ
1840 2756 1964 2810 ἐλα-

398 2844 491 2896 ϐεν
525 2859 540 2874 σ
580 2844 714 2897 ἀλλά
749 2843 950 2909 πάντες
976 2846 1085 2899 ἀπὸ
1114 2847 1214 2917 τῆς
1243 2846 1454 2919 δωρεᾶς
1482 2846 1771 2917 ἐλάϐομεν.

470 2990 534 3058 β’.
555 2990 665 3043 Καὶ
686 2989 775 3043 διά
792 2990 845 3043 τί
867 2992 895 3043 6
921 2990 1019 3060 μὲν
1042 2989 1222 3053 πλέον,
1243 2992 1272 3044 6
1286 2991 1341 3044 δὲ
1366 2990 1607 3058 ἐλαττον;
1632 2992 1796 3046 Οὐδὲν
1811 2992 1967 3047 τοῦτο

399 3080 559 3140 ποιεῖ,
586 3079 773 3147 φησὶν,
801 3077 916 3131 ἀλλ’
944 3077 1240 3149 ἀδιάφορον
1282 3077 1341 3132 τὸ
1369 3080 1600 3150 πρᾶγμά
1629 3082 1808 3133 ἐστιν’
1837 3080 1968 3134 ἐκα-

401 3181 523 3228 στος
550 3163 657 3234 γάρ
687 3164 823 3235 πρὸς
847 3165 945 3235 τὴν
971 3163 1258 3234 οἰκοδομὴν
1289 3165 1550 3217 συντελεῖ.
1577 3166 1689 3218 Καὶ
1726 3165 1816 3218 διὰ
1839 3166 1968 3219 τού-

397 3268 492 3305 του
519 3251 810 3316 δείκνυσιν,
843 3253 925 3306 ὅτι
968 3251 1070 3304 οὑκ
1113 3250 1221 3303 ἀπὸ
1261 3251 1360 3320 τῆς
1389 3251 1593 3314 οἰκείας
1621 3250 1777 3318 ἀξίας
1806 3254 1836 3306 ὸ
1869 3254 1968 3323 μὲν

399 3338 583 3403 πλέον,
611 3341 639 3393 6
671 3339 742 3399 ,δὲ
794 3338 1017 3392 ἔλαττον
1077 3337 1290 3401 ἔλαϐεν,
1330 3337 1467 3391 ἀλλά
1506 3337 1574 3392 δι’
1614 3339 1864 3410 ἐτέρους,
1891 3340 1968 3405 ὡς

400 3426 513 3499 [8‘2]
548 3427 711 3489 αὑτὸς
743 3426 1047 3498 ἐμέτρησεν
1084 3441 1098 3456 ’
1132 3427 1255 3480 ἐπεὶ
1280 3427 1374 3483 καὶ
1397 3426 1633 3497 ἀλλαχοῦ
1659 3427 1808 3496 λέγει
1834 3445 1849 3459 ·
1894 3428 1969 3482 Τὰ

400 3516 468 3568 δὲ
497 3516 654 3584 μέλη
697 3514 865 3569 ἔθετο
901 3514 972 3567 ἒν
1005 3515 1269 3569 ἕκαστον
1297 3517 1518 3576 αὐτῶν,
1563 3516 1758 3580 καθὼς
1783 3517 1966 3584 αὐτὸς

401 3602 687 3669 ἠθέλησε.
728 3601 838 3667 καὶ
857 3601 916 3654 οὐ
948 3600 1096 3669 λέγει
1122 3600 1211 3653 τὸν
1237 3601 1416 3669 λόγον,
1448 3602 1536 3654 ἵνα
1579 3602 1653 3672 μὴ
1685 3604 1970 3675 καταϐάλῃ

402 3690 474 3743 τά
499 3692 821 3761 φρονήματα
854 3688 963 3742 τῶν
1011 3688 1337 3743 ἀκουόντων.
1375 3690 1469 3743 Διὸ
1495 3689 1680 3759 λέγει’
1732 3692 1973 3759 Ἀναϐὰς

405 3781 494 3846 είς
539 3779 701 3846 ὕψος
753 3777 1226 3845 ᾐχμαλώτευσεν
1255 3777 1693 3845 αἰχμαλωσίαν,
1724 3780 1973 3833 καίἕδω-

406 3883 477 3920 κε
540 3864 767 3933 δόματα
841 3862 966 3928 τοῖς
1034 3862 1384 3932 ἀνθρώποις.
1437 3864 1583 3916 Ὠσεὶ
1653 3864 1807 3933 ἐλεγε
1829 3883 1844 3899 ο
1906 3866 1973 3920 Tt

412 3954 556 4023 μέγα
597 3952 814 4022 φρονεῖς
848 3967 862 4015 ;
921 3949 1015 4004 τοῦ
1069 3949 1205 4003 Θεοῦ
1258 3950 1320 4003 τὸ
1358 3952 1463 4004 πᾶν
1496 3951 1739 4019 γέγονεν.
1775 3953 1836 4006 ’0
1875 3954 1973 4024 μὲν

411 4040 703 4112 Προφήτης
727 4039 892 4109 φησὶν
922 4039 980 4090 ἐν
1017 4036 1094 4108 τῷ
1127 4036 1349 4107 ψαλμῷ·
1387 4040 1638 4105 Ἕλαϐες
1668 4038 1976 4108 δόματαέν

409 4126 741 4196 ἀνθρώποις
778 4142 793 4156 ·
828 4126 990 4188 αὑτὸς
1042 4125 1098 4178 δέ
1156 4139 1341 4194 φησιν’
1375 4124 1601 4179 Ἔδωκε
1641 4124 1867 4194 δόματα
1905 4126 1976 4180 ἐν

410 4212 763 4281 ἀνθρώποις.
810 4211 979 4264 Τοῦτο
1029 4210 1224 4264 ταυτόν
1261 4213 1411 4264 ἐστιν
1450 4211 1665 4283 ἐκείνῳ.
1717 4212 1974 4266 Τοιοῦτόν

414 4304 529 4354 ἐστι
568 4298 684 4361 καὶ,
737 4297 807 4357 Τὸ
849 4296 917 4350 δὲ
964 4296 1146 4365 ἀνέϐη
1202 4298 1259 4350 τί
1301 4297 1494 4361 ἐστιν,
1541 4301 1595 4352 εἰ
1635 4298 1721 4368 μὴ
1752 4298 1842 4353 ὅτι
1875 4302 1974 4356 καί

414 4384 629 4452 κατέϐη
680 4384 914 4453 πρῶτον
947 4387 1037 4452 είς
1061 4385 1135 4438 τὰ
1166 4384 1464 4453 κατώτερα
1488 4385 1642 4455 μέρη
1680 4385 1790 4455 τῆς
1810 4386 1925 4456 γῆς
1959 4406 1978 4454 ;

425 4474 488 4526 '0
514 4473 793 4537 καταϐὰς,
821 4475 999 4538 αὐτός
1048 4474 1182 4527 ἐστι
1221 4473 1318 4527 καὶ
1354 4477 1387 4527 ό
1419 4474 1646 4540 ἀναϐὰς
1702 4476 1979 4542 ὑπεράνω

410 4562 656 4617 πάντων
702 4560 821 4613 τῶν
868 4560 1159 4627 οὐρανῶν,
1200 4561 1302 4613 ἵνα
1328 4559 1620 4630 πληρώσῃ
1654 4561 1724 4614 τὰ
1761 4561 1977 4616 πάντα.

412 4649 600 4703 Ταῦτα
639 4646 875 4709 ἀκούων,
912 4645 987 4715 μὴ
1018 4646 1315 4715 μετάϐασιν
1339 4647 1547 4716 νόμιζε.
1583 4649 1757 4719 Ὅπερ
1796 4649 1903 4719 γάρ
1924 4651 1982 4702 ἐν

411 4739 482 4807 τῇ
538 4734 674 4804 πρὸς
738 4730 1137 4801 Φιλιππησίους
1182 4731 1475 4803 Ἐπιστολῇ
1537 4734 1978 4801 κατασκευάζει,

416 4825 576 4878 τοῦτο
610 4822 706 4877 καλ⁵
742 4820 996 4874 ἐνταῦθα.
1025 4820 1292 4892 Καθάπερ
1318 4822 1434 4874 ἐκεῖ
1463 4822 1591 4894 περὶ⁵
1624 4840 1983 4895 ταπεινοφρο-

419 4912 585 4983 σύνης
621 4908 905 4982 παραινῶν
943 4908 1178 4978 παράγει
1210 4908 1304 4961 τὸν
1325 4908 1580 4975 Χριστὸν,
1614 4909 1756 4964 οὑτω
1788 4911 1853 4981 δή
1891 4912 1985 4966 καὶ

418 4999 674 5061 ἐνταῦθα,
730 4997 927 5065 λέγων·
987 4998 1092 5060 Εἰς
1140 4996 1213 5049 τὰ
1248 4995 1547 5064 κατώτερα
1575 4996 1727 5065 μέρη
1766 4998 1982 5067 κατέϐη

421 5087 530 5157 τῆς
560 5086 694 5157 τῆς.
724 5086 789 5139 Εἰ
811 5083 923 5155 γὰρ
962 5083 1037 5153 μὴ
1070 5080 1229 5136 τοῦτο
1264 5078 1361 5153 ἦν,
1392 5082 1644 5151 περιττὸς
1666 5078 1819 5147 οὗτος
1847 5086 1877 5138 6
1901 5087 1987 5139 λό-

420 5193 515 5244 γος
541 5176 711 5244 ὅνπερ
738 5173 905 5241 λέγει·
941 5170 1242 5239 ’Υπήκοος
1263 5169 1587 5239 γενόμενος
1596 5171 1773 5241 μέχρι
1807 5175 1985 5227 θανά-

422 5280 551 5323 του.
601 5261 733 5314 Ἀπὸ
774 5260 833 5314 δὲ
860 5260 957 5314 τοῦ
990 5257 1258 5328 ἀναϐῆναι
1295 5257 1398 5328 τὴν
1420 5257 1721 5311 κατάϐασιν
1750 5259 1985 5313 αἰνίττε-

422 5367 534 5404 ται.
556 5349 639 5402 Τά
681 5347 737 5401 δὲ
767 5348 917 5400 κάτω
952 5347 1091 5417 μέρη
1122 5347 1221 5416 τῆς
1256 5346 1384 5415 γῆς,
1426 5345 1520 5399 τὸν
1544 5345 1773 5399 θάνατόν
1800 5364 1985 5416 φησιν,

424 5438 534 5493 ἀπὺ
592 5436 695 5507 τῆς
748 5433 858 5488 τῶν
896 5434 1195 5505 ἀνθρώπων
1227 5434 1505 5497 ὑπονοίας,
1544 5433 1796 5503 καθάπερ
1836 5435 1929 5486 καί
1959 5437 1988 5488 6

438 5524 633 5579 Ἰακὼϐ
676 5524 829 5592 ἔλεγε
861 5540 876 5554 ο
908 5521 1201 5585 Κατάξετε
1230 5522 1296 5575 τὸ
1321 5520 1509 5589 γῆράς
1541 5539 1659 5589 μου
1693 5520 1820 5590 μετ’
1852 5520 1989 5575 ὀδύ-

426 5628 538 5678 νης
564 5614 651 5678 εἰς
679 5611 829 5679 ᾅδου
858 5626 874 5642 ⁸
910 5608 1003 5662 καί
1029 5607 1194 5661 πάλιν
1221 5608 1280 5659 ἐν
1312 5607 1391 5677 τῷ
1411 5607 1631 5677 ψαλμῷ,
1674 5609 1987 5677 Ὀιιοιωθή.

428 5713 610 5772 (royal
637 5699 758 5764 τοῖς
797 5695 1262 5751 καταϐαίνουσιν
1289 5695 1376 5759 εἰς
1401 5693 1635 5748 λάκκον
1662 5711 1677 5726 ·
1713 5695 1983 5763 τουτέστι,

2052 394 2163 454 τοῖς
2188 393 2540 449 ἀποθανοῦσι.
2571 393 2670 449 Διά
2694 394 2747 447 τί
2776 394 2932 447 τοῦτο
2969 394 3029 448 τὸ
3070 392 3268 463 χωρίον
3328 390 3621 464 ἐπεξεργαο

2053 477 2205 541 ζεται
2236 480 2472 534 ἐνταῦθα
2501 498 2517 547 ;
2552 481 2646 533 καὶ
2673 481 2830 534 ποίαν
2856 480 3233 550 αἰχμαλωσίαν
3269 478 3402 549 φησί
3438 496 3454 545 ;
3494 478 3619 549 Τὴν

2050 567 2144 620 τοῦ
2187 567 2434 620 διαϐόλου
2463 586 2479 601 ο
2515 569 2858 638 αἰχμάλωτον
2894 567 3005 637 γὰρ
3043 567 3135 620 τὸν
3176 567 3443 637 τύραννον
3490 565 3620 619 ἐλα-

2050 655 2133 718 ϐε,
2162 655 2254 707 τὸν
2309 655 2554 708 διάϐολον
2613 656 2778 723 λέγω,
2816 656 2911 709 καὶ
2965 655 3057 707 τὸν
3097 654 3348 714 θάνατον,
3392 653 3487 706 καὶ
3518 654 3622 720 τὴν

2050 736 2188 806 ἀρὰν
2230 738 2323 789 καὶ
2359 738 2458 806 τὴν
2507 738 2803 809 ἁμαρτίαν.
2851 738 3015 808 Ὁρᾷς
3042 736 3211 790 σκῦλα
3245 738 3338 789 καὶ
3364 735 3620 805 λάφυρας

2056 824 2126 876 Τὸ
2153 822 2221 875 δὲ
2256 824 2439 891 ἀνέϐη
2464 827 2520 876 τί
2538 825 2669 878 ἐστι
2703 864 2718 887 ,
2747 826 2800 877 εὶ
2832 823 2918 892 μὴ
2949 824 3036 877 ὅτι
3059 822 3159 877 καί
3190 824 3443 891 κατέ6η;
3479 821 3623 874 Τοῦ-

2050 927 2111 963 το
2148 911 2284 981 πρὸς
2317 912 2442 974 τοὺς
2471 911 2683 965 Παύλου
2709 911 2805 965 τοῦ
2834 910 3212 981 Σαμοσατέως.
3242 909 3306 963 Ὃ
3336 908 3620 972 καταϐὰς,

2051 1000 2234 1063 αὑτός
2270 997 2400 1051 ἐστι
2434 999 2530 1052 καί
2565 1002 2598 1052 ό
2622 999 2848 1063 ἀναϐὰς
2876 996 3154 1065 ὑπεράνω
3184 995 3304 1049 τῶν
3324 992 3618 1062 οὐρανῶν,

2053 1084 2156 1136 ἵνα
2214 1084 2507 1153 πληρώσῃ
2532 1085 2605 1139 τὰ
2634 1084 2856 1138 πάντα.
2899 1085 2993 1146 Εἰς
3013 1082 3083 1135 τά
3121 1081 3428 1152 κατώτερα,
3460 1079 3620 1152 φησι,

2056 1170 2193 1240 μέρη
2222 1171 2425 1240 κατέϐη
2454 1171 2555 1240 τῆς
2583 1172 2707 1241 γῆς,
2746 1171 2865 1242 μεθ’
2891 1171 2927 1224 ἀ
2960 1171 3062 1223 οὑκ
3092 1168 3239 1223 ἐστιν
3283 1168 3448 1238 ’έτερα
3470 1183 3485 1197 ’
3526 1169 3624 1221 καὶ

2053 1258 2220 1326 ἀνέϐη
2245 1259 2502 1329 ὑπεράνω
2533 1261 2768 1322 πάντων,
2803 1257 2920 1329 μεθ’
2948 1257 2977 1310 6
3024 1257 3124 1310 οὑκ
3153 1256 3301 1309 ἔστιν
3330 1255 3517 1326 ἐτερόν
3541 1273 3620 1310 τι.

2054 1345 2229 1397 Τοῦτό
2257 1348 2373 1397 ἐστι
2397 1345 2495 1414 τῆς
2526 1345 2809 1415 ἐνεργείας
2837 1342 3003 1398 αὑτοῦ
3026 1343 3119 1396 καὶ
3143 1342 3242 1413 τῆς
3265 1342 3585 1404 δεσποτείας
3601 1359 3617 1372 ο

2054 1433 2280 1502 καὶγὰρ
2310 1432 2403 1485 καὶ
2443 1432 2611 1485 πάλαι
2661 1431 2837 1484 πάντα
2889 1430 3235 1499 πεπλήρωτο.
3280 1427 3390 1482 Καὶ
3435 1427 3622 1493 αὐτὸς

2053 1524 2238 1577 ἔδωκε
2273 1523 2414 1588 τοὺς
2448 1525 2567 1591 μὲν
2593 1523 2991 1587 ἀποστόλους,
3015 1522 3158 1589 τοὺς
3187 1521 3255 1575 66
3284 1519 3617 1589 προφήτας,

2055 1611 2195 1675 τοὺς
2223 1609 2291 1663 δὲ
2317 1609 2769 1678 εὐαγγελιστάς,
2820 1609 2962 1674 τοὺς
2993 1609 3061 1661 δὲ
3099 1607 3388 1678 ποιμένας
3409 1605 3509 1660 καί
3530 1606 3618 1659 δι·
3654 1654 3663 1663 .

2053 1696 2423 1761 δασκὰλους,
2461 1693 2612 1763 πρὸς
2651 1694 2761 1748 τὸν
2797 1694 3205 1764 καταρτισμὸν
3259 1691 3379 1748 τῶν
3411 1692 3619 1761 ἁγίων,

2053 1786 2141 1851 εἰς
2170 1784 2348 1853 ἔργον
2372 1781 2682 1847 διακονίας
2703 1821 2718 1845 ,
2747 1784 2835 1848 εἰς
2865 1780 3189 1851 οἰκοδομὴν
3221 1780 3324 1835 τοῦ
3346 1778 3624 1850 σώματος

2056 1870 2161 1924 τοῦ
2188 1868 2464 1937 Χριστοῦ.
2500 1869 2678 1938 Ὅπερ
2701 1867 2849 1937 λέγει
2879 1866 3136 1938 ἀλλαχοῦ,
3167 1867 3266 1922 Διὸ
3294 1867 3392 1921 καί
3411 1870 3444 1920 ό
3473 1866 3621 1929 Θεὸς

2055 1957 2243 2012 αὑτὸν
2303 1956 2686 2024 ὑπερύψωσε,
2744 1955 3020 2013 τοῦτοκαὶ
3074 1953 3306 2009 ἐνταῦθα
3328 1953 3479 2022 λέγει
3505 1970 3520 1983 -
3566 1952 3622 2003 '0

2057 2043 2318 2119 καταϐᾀς
2343 2081 2358 2103 ,
2387 2044 2570 2108 αὐτός
2605 2042 2736 2095 ἐστι
2773 2041 2870 2095 καί
2899 2045 2933 2096 6
2964 2040 3211 2106 ἀναϐάς.
3254 2040 3422 2093 Οὑδέν
3454 2037 3623 2091 αὑτὸν

2057 2131 2258 2200 ἔϐλαψε
2283 2131 2345 2185 τὸ
2378 2131 2458 2193 εἰς
2478 2128 2548 2183 τά
2577 2128 2860 2198 κατώτερα
2883 2127 3024 2198 μέρη
3058 2128 3157 2197 τῆς
3184 2127 3289 2196 γῆς
3318 2125 3619 2187 κατελθεῖν,

2057 2219 2179 2272 οὑδὲ
2205 2215 2481 2269 ἐνεπόδισε
2518 2214 2654 2284 πρὸς
2680 2214 2740 2267 τὸ
2768 2214 3023 2285 ἀνωτέρω
3041 2212 3296 2281 γενέσθαι
3321 2213 3430 2266 τῶν
3453 2212 3619 2281 οὑρα-

2058 2306 2185 2360 νῶν.
2221 2304 2383 2355 Ὥστε
2431 2302 2541 2371 ὅσῳ
2575 2301 2641 2355 ἀν
2674 2318 2760 2364 τις
2805 2300 3135 2370 ταπεινωθῇ,
3164 2299 3405 2369 τοσούτῳ
3423 2298 3623 2366 μᾶλλον

2060 2390 2306 2462 ὑψοῦται.
2344 2388 2611 2460 Καθάπερ
2656 2388 2764 2458 γάρ
2811 2390 2903 2440 ἐπὶ
2951 2387 3049 2440 τοῦ
3077 2387 3270 2450 ὕδατος
3294 2387 3405 2455 ὅσῳ
3436 2385 3502 2437 ἄν
3537 2400 3623 2446 τις

2058 2478 2216 2531 τοῦτο
2258 2480 2339 2538 εἰς
2358 2477 2417 2529 τὸ
2445 2475 2595 2529 κάτω
2619 2475 2925 2545 κατενέγκῃ
2950 2514 2965 2537 ,
2994 2473 3233 2543 τοσούτῳ
3261 2472 3461 2541 μᾶλλον
3493 2470 3627 2523 αὑτὸ

2060 2566 2196 2635 πρὸς
2246 2565 2379 2634 ὑψος
2428 2564 2645 2631 ἀνάγει,
2673 2563 2768 2615 καὶ
2800 2563 2908 2632 ὅσῳ
2939 2561 3004 2616 ἀν
3040 2579 3127 2624 τις
3171 2563 3235 2614 ἐκ
3256 2560 3625 2628 διαστήματος

2061 2652 2340 2723 ἀκοντίσῃ,
2370 2649 2607 2718 τοσούτῳ
2651 2650 3004 2719 ἐπιτυγχάνει
3036 2665 3049 2678 ·
3083 2647 3227 2700 οὕτω
3269 2646 3361 2698 ἐπὶ
3388 2645 3488 2714 τῆς
3529 2660 3626 2696 τα-

2061 2738 2513 2811 πεινοφροσύνης.
2561 2737 2700 2790 Ἀλλ’
2731 2738 2859 2790 ὅταν
2901 2736 3030 2806 περὶ
3070 2732 3204 2788 Θεοῦ
3229 2732 3344 2805 [83]
3375 2732 3626 2801 λέγωμεν

2059 2829 2159 2893 τάς
2186 2827 2482 2890 ἀναϐάσεις
2501 2868 2515 2891 ,
2548 2824 2763 2896 ἀνάγκη
2788 2824 3000 2896 πρῶτον
3031 2822 3334 2876 κατάϐασιν
3369 2822 3570 2874 ἐννοεῖν
3607 2837 3622 2851 ’

2059 2917 2188 2970 ὅταν
2231 2915 2286 2969 δὲ
2325 2913 2453 2985 περὶ
2490 2912 2802 2984 ἀνθρώπου,
2828 2910 3033 2964 οὐκέτι.
3070 2906 3202 2962 Εἶτα
3230 2910 3326 2962 καί
3354 2909 3454 2977 τὴν
3490 2906 3627 2975 πρό-

2062 3021 2213 3059 νοιαν
2234 3001 2402 3056 αὑτοῦ
2432 3001 2671 3055 δείκνυσι
2702 3000 2795 3053 καὶ
2826 2997 2924 3070 τὴν
2950 2998 3160 3067 σοφίαν,
3201 2996 3295 3050 καί
3318 3012 3484 3065 φησιν
3506 3011 3520 3024 ·
3569 2993 3627 3045 ’0

2062 3089 2286 3145 τοιαῦτα
2313 3088 2710 3161 ἐργασάμενος,
2744 3087 2836 3139 καὶ
2869 3085 3103 3139 τοσαῦτα
3126 3084 3372 3153 ἰσχύσας,
3404 3082 3501 3135 καὶ
3528 3080 3629 3150 μέ-

2063 3196 2155 3249 χρι
2177 3177 2284 3230 τῶν
2309 3174 2635 3245 κατωτέρων
2671 3173 2851 3244 μερῶν
2880 3171 2955 3242 μὴ
2984 3170 3466 3241 παραιτησάμενος
3497 3183 3632 3221 κατ-

2063 3265 2239 3318 ελθεῖν
2289 3262 2355 3316 δι’
2387 3262 2556 3334 ἡμᾶς,
2587 3260 2687 3313 οὑκ
2724 3259 2788 3312 ἂν
2819 3255 3006 3321 ἀπλῶς
3052 3256 3149 3318 τὰς
3209 3253 3471 3324 διανομὰς
3521 3252 3632 3304 τῶν

2063 3351 2419 3425 χαρισμάτων
2490 3348 2765 3419 ἐποίησεν.
2804 3346 3056 3418 ’Δλλαχοῦ
3114 3345 3173 3398 δέ
3220 3343 3523 3425 φησινμὸτι
3572 3342 3636 3394 τὸ

2066 3422 2289 3509 ΪΪνεῦμα
2315 3436 2474 3495 τοῦτο
2494 3436 2811 3506 εἰργάσατο,
2842 3433 2985 3487 οὕτω
3006 3431 3181 3501 λέγων
3206 3449 3222 3464 ο
3265 3433 3318 3482 Ἐ
3324 3448 3360 3483 ν
3387 3422 3436 3496 ᾧ
3463 3429 3635 3484 ἔθετο

2064 3527 2221 3596 ὑμᾶς
2247 3524 2312 3579 τό
2345 3523 2588 3594 Πνεῦμα
2615 3522 2682 3577 τὸ
2707 3522 2880 3590 ἅγιον
2892 3519 3269 3583 ἐπισκόπους
3295 3515 3637 3584 ποιμαίνειν

2064 3616 2180 3683 τὴν
2211 3611 2580 3675 Ἐκκλησίαν
2630 3608 2738 3663 τοῦ
2788 3607 3033 3676 Κυρίου.
3090 3605 3199 3660 Καὶ
3242 3602 3474 3656 ἐνταῦθα
3537 3602 3636 3670 μέν

2067 3716 2250 3773 φησιν,
2278 3698 2361 3754 ὅτι
2385 3698 2414 3750 6
2442 3696 2595 3759 Υἰὺς,
2619 3693 2853 3765 ἀλλαχοῦ
2884 3693 2965 3755 δὲ,
2988 3693 3115 3746 ὃτιό
3143 3691 3294 3754 Θεὸς
3326 3691 3421 3743 καί
3450 3689 3633 3750 πάλιν,

2066 3786 2259 3852 Αὐτὸς
2294 3784 2482 3839 ἔδωκε
2523 3781 2598 3850 τῇ
2638 3782 2962 3848 Ἐκκλησία
3025 3779 3170 3844 τοὺς
3209 3778 3328 3846 μὲν
3375 3777 3636 3831 ἀποστόο

2066 3877 2236 3940 λους,
2280 3870 2423 3937 τοὺς
2469 3869 2536 3922 δὲ
2577 3865 3021 3937 προφήτας.Ἐν
3070 3865 3126 3918 δὲ
3172 3869 3239 3935 τῇ
3271 3863 3407 3935 πρὸς
3434 3865 3636 3931 Κοριν-

2069 3958 2216 4023 θίους
2254 3958 2418 4029 φησίν
2438 3974 2451 3987 ο
2480 3955 2621 4025 Ἐγὼ
2649 3950 3310 4024 ἐφύτευσα,Ἀπολλὼς
3328 3950 3636 4010 ἐπότισεν,

2067 4046 2205 4100 ἀλλ’
2230 4048 2263 4100 ό
2293 4046 2437 4109 Θεὸς
2488 4043 2715 4111 ηὔξανε
2748 4060 2761 4073 ·
2798 4040 2895 4095 καὶ
2948 4040 3130 4104 πάλιν,
3165 4039 3217 4091 '0
3254 4037 3536 4107 φυτεύων
3567 4033 3638 4089 66

2070 4133 2170 4188 καί
2202 4136 2234 4186 ό
2264 4130 2532 4197 ποτίζων,
2571 4130 2642 4186 ἓν
2685 4132 2878 4187 εἰσιν·
2918 4127 3178 4192 ἕκαστος
3215 4126 3284 4179 66
3338 4124 3446 4178 τόν
3485 4124 3642 4177 ἴδιον

2066 4218 2288 4288 μισθὸν
2326 4217 2588 4285 λήψεται
2629 4215 2782 4269 κατὰ
2840 4214 2948 4267 τὸν
3015 4213 3171 4267 ἴδιον
3222 4213 3436 4267 κόπον.
3485 4209 3643 4263 Οὕτω

2074 4305 2169 4361 καὶ
2191 4304 2445 4359 ἐνταῦθα.
2489 4303 2554 4358 Τί
2575 4303 2702 4374 γὰρ,
2731 4303 2781 4356 εἰ
2808 4301 3031 4355 ἔλαττον
3051 4299 3358 4370 εἰσφέρεις;
3385 4297 3643 4351 τοσοῦτον

2075 4391 2285 4456 ἔλαϐες.
2325 4388 2566 4460 Πρῶτον
2617 4389 3007 4452 ἀποστόλους
3035 4401 3050 4415 ⁸
3099 4386 3276 4442 πάντα
3328 4384 3438 4454 γάρ
3498 4383 3644 4453 εἶχον

2074 4476 2236 4534 οὗτοι.
2287 4478 2575 4545 Δεύτερον
2621 4474 2931 4545 προφήτας
2956 4491 2970 4505 ο
3025 4469 3164 4543 ἦσαν
3222 4473 3331 4542 γάρ
3379 4487 3550 4533 τινες,
3592 4469 3643 4522 οἶ

2076 4563 2364 4618 ἀπόστολοι
2394 4562 2491 4633 μὲν
2510 4561 2610 4614 οὑκ
2636 4557 2798 4631 ἦσαν,
2827 4559 3100 4633 προφῆται
3132 4558 3209 4623 δὲ,
3247 4557 3437 4626 ὥσπερ
3478 4558 3646 4624 Ἀγα-

2078 4653 2190 4713 ϐος.
2228 4649 2436 4718 Τρίτον
2468 4647 2900 4718 εὐαγγελιστάς
2930 4663 2943 4677 ·
2986 4647 3036 4699 οί
3089 4645 3164 4716 μὴ
3191 4645 3499 4715 περιιόντες
3519 4660 3648 4697 παν-

2078 4736 2267 4809 ταχοῦ,
2296 4736 2409 4790 ἀλλ’
2436 4734 2911 4804 εὐαγγελιζόμενοι
2936 4733 3118 4803 μόνον,
3142 4733 3217 4796 ὡς
3237 4731 3540 4802 Πρίσκιλλα
3557 4729 3648 4784 καὶ

2091 4825 2340 4889 Ἀκύλας.
2371 4822 2665 4893 Ποιμένας
2688 4822 2787 4876 καί
2824 4820 3259 4885 διδασκάλους,
3281 4819 3409 4883 τοὺς
3425 4818 3649 4888 ὀλόκλη-

2086 4930 2175 4982 ρον
2235 4909 2778 4980 ἐμπεπιστευμένους
2822 4898 2992 4969 ἔθνος.
3043 4907 3109 4958 Τί
3130 4901 3339 4971 οῦνςοί
3388 4906 3650 4975 ποιμένες

2082 5001 2178 5056 καὶ
2207 5000 2257 5051 οἰ
2278 4997 2588 5053 διδάσκαλοι
2614 4996 2866 5059 ἐλάττους
2892 5012 2907 5062 ;
2943 4995 3052 5048 Καὶ
3085 4994 3227 5048 πάνυ
3245 5033 3259 5059 ,
3284 4992 3394 5047 τῶν
3411 4994 3653 5063 περιιόν-

2082 5103 2191 5141 των
2219 5086 2313 5139 καὶ
2333 5083 2837 5154 εὐαγγελιζομένων
2867 5083 2916 5139 οἰ
2946 5082 3247 5153 καθήμενοι
3280 5082 3371 5135 καὶ
3405 5082 3538 5147 περὶ
3556 5082 3652 5134 ἕνα

2082 5175 2248 5229 τόπον
2271 5165 2779 5244 ὴσχολημένοι,οίον
2795 5169 3079 5239 Τιμόθεος,
3108 5167 3289 5232 Τίτος.
3325 5167 3540 5231 ’Ἄλλως
3570 5168 3649 5231 δὲ,

2083 5263 2146 5315 οὑ
2196 5261 2421 5317 δυνατὸν
2466 5258 2716 5315 ἐντεῦθεν
2752 5255 3081 5328 ποιήσασθαι
3116 5257 3215 5324 τὴν
3246 5254 3530 5325 ὑποταγὴν
3560 5258 3654 5308 καὶ

2084 5352 2182 5420 τὴν
2210 5348 2561 5419 προτίμησιν,
2597 5345 2712 5399 ἀλλ’
2734 5345 2840 5399 ἀπὸ
2877 5345 3072 5416 ἐτέρας
3107 5342 3654 5411 Ἐπιστολῆς.Αῠτὸς

2084 5437 2269 5490 ἔδωκε
2299 5475 2315 5500 ,
2367 5433 2543 5505 φησί·
2595 5433 2760 5502 μηδὲν
2810 5431 3091 5500 ἀντείπῃς.
3139 5431 3208 5482 Ἢ
3260 5428 3653 5496 εὐαγγελιστάς

2087 5539 2242 5593 φησι,
2277 5522 2403 5583 τοὺς
2427 5520 2488 5573 τὸ
2522 5518 2856 5586 Εὑαγγέλιυν
2887 5518 3212 5590 γράψαντας.
3246 5517 3405 5583 Πρὸς
3435 5531 3652 5584 καταρ-

2089 5606 2305 5677 τισμὸν
2341 5605 2458 5664 τῶν
2480 5606 2684 5676 ἀγίων,
2711 5608 2797 5673 εἰς
2821 5606 2996 5674 ἔργον
3027 5602 3358 5668 διακονίας,
3386 5603 3477 5668 εἰς
3492 5604 3653 5654 οἰκο-

2090 5694 2285 5765 δομὴν
2315 5693 2419 5747 τοὺ
2438 5694 2707 5763 σώματος
2747 5693 2850 5746 τοῦ
2881 5690 3155 5760 Χριστοῦ.
