3932 6220
338 272 407 327 83
1103 274 1163 330 S.
1203 272 1476 329 .IOANNIS
1511 265 1978 327 Clll‘sY'SOSTOMI
2016 266 2330 323 ARCIIIEP.
2370 268 2893 329 CONSTANTINOP.
3541 279 3604 330 8i

342 388 552 459 accipiet
579 389 855 441 secundum
878 402 1023 439 suum
1046 386 1265 439 laborem
1295 385 1372 456 (Ξ.
1398 382 1516 438 Cor.
1542 384 1595 438 '5.
1632 382 1710 451 6).
1745 380 1819 435 Ita
1841 379 1928 433 hic

345 493 581 548 quoque.
610 478 747 544 Quid
789 478 952 542 enim,
986 478 1032 531 si
1062 477 1220 531 aﬁ'ers
1249 475 1458 529 minus?
1487 482 1689 528 tantum
1716 471 1925 537 accepi-

345 570 435 624 sti.
465 568 698 623 Primum
724 569 1015 639 apostolos;
1042 566 1095 621 hi
1124 566 1265 622 enim
1297 565 1564 620 habebant
1591 564 1769 619 omnia
1806 578 1818 614 :
1850 577 1928 614 se-

345 660 511 714 cundo
537 661 845 731 prophetas;
869 669 1025 714 erant
1052 659 1198 715 enim
1227 658 1387 727 aliqui
1424 657 1513 727 qui
1556 655 1779 725 apostoli
1807 653 1926 723 qni-

346 750 469 805 dem
498 766 605 804 non
633 760 786 804 erant
806 791 822 814 ,
848 760 1000 805 erant
1027 759 1206 804 autem
1239 748 1513 818 propheta:
1535 789 1549 811 ,
1577 756 1633 800 ut
1668 746 1880 815 Agabus
1910 760 1924 797 :

345 843 490 895 tertio
515 842 865 913 evangelistas,
895 848 982 911 qui
1025 857 1130 895 non
1170 856 1357 895 omnes
1383 840 1604 895 obibant
1645 840 1923 908 regiones,

346 933 442 987 sed
479 932 916 1002 evangelizabant
937 972 953 997 ,
980 942 1036 985 ut
1081 932 1318 986 Priscilla
1346 944 1398 987 et
1430 932 1614 1000 Aquila
1645 948 1659 983 :
1693 929 1930 983 Pastores

344 1032 394 1076 et
419 1022 669 1085 doctores,
695 1037 923 1093 quorum
950 1022 1070 1078 ﬁdei
1101 1029 1209 1076 tota
1238 1037 1370 1092 gens
1392 1033 1510 1075 erat
1537 1020 1759 1076 credita.
1791 1019 1927 1085 Quid

346 1112 511 1183 ergo?
539 1122 694 1168 erant
723 1123 968 1182 pastores
993 1122 1048 1167 et
1072 1112 1322 1167 doctores
1352 1112 1674 1168 inferiores?
1703 1112 1930 1169 Maxime

347 1201 561 1272 quidem
586 1243 603 1269 ,
632 1203 698 1256 iis
727 1202 817 1272 qui
846 1216 1033 1257 omnes
1066 1202 1287 1257 obibant
1311 1203 1556 1272 regiones
1580 1213 1634 1256 ει
1658 1202 1930 1272 evangeli—

351 1294 615 1359 zantibus,
641 1294 676 1347 ii
704 1294 793 1362 qui
821 1292 1077 1348 sedebant
1110 1302 1166 1347 et
1206 1297 1256 1346 in
1293 1308 1400 1347 uno
1446 1292 1566 1347 loco
1591 1300 1745 1347 erant
1768 1307 1931 1346 occu-

351 1385 486 1456 pati,
514 1394 569 1437 nt
592 1384 907 1439 Timotheus
931 1394 987 1438 et
1014 1384 1185 1438 Titus.
1214 1385 1424 1453 Alioqui
1464 1393 1640 1439 autem
1683 1399 1782 1439 nec
1812 1385 1934 1437 hinc

354 1475 470 1529 ﬁeri
521 1484 693 1544 potest
719 1476 981 1543 subjectio
1002 1487 1055 1529 et
1082 1476 1302 1530 honoris
1329 1476 1587 1545 praelatio,
1613 1475 1706 1530 sed
1739 1491 1803 1529 ex
1830 1475 1932 1529 alia

354 1567 600 1633 epistola.
637 1564 756 1634 Ipse
803 1564 961 1627 dedit,
1010 1564 1214 1634 inquit;
1257 1579 1325 1620 ne
1375 1565 1784 1620 contradixeris.
1834 1567 1937 1619 Aut

357 1656 711 1725 evangelistas
753 1654 902 1717 dicit,
931 1669 1026 1708 eos
1069 1655 1160 1725 qui
1199 1655 1514 1724 scripserint
1562 1655 1930 1725 Evangelium.

356 1745 438 1799 Ad
467 1747 948 1800 consummationem
972 1755 1267 1799 sanctorum
1293 1786 1308 1813 ,
1334 1746 1387 1799 in
1414 1762 1540 1815 opus
1569 1744 1853 1810 ministerii,
1883 1736 1944 1797 in’

355 1839 743 1908 aediﬁcationem
776 1838 1001 1908 corporis
1037 1836 1245 1893 Christi.
1472 1826 1483 1837 ’

427 1933 481 1987 5.
526 1932 688 1987 Vides
753 1931 1174 1986 auctoritatem?
1232 1929 1602 1999 Unusquisque
1662 1928 1935 1993 mdiﬁcat,

357 2023 722 2092 unusquisque
754 2022 959 2090 perlicit
979 2031 1032 2076 et
1057 2031 1415 2085 consummat,
1447 2022 1812 2090 unusquisque
1834 2020 1939 2094 mi-

360 2115 568 2168 nistrat.
601 2114 688 2167 15.
716 2111 887 2166 Donec
911 2128 1273 2177 occurramus,
1306 2111 1515 2180 inquit,
1546 2128 1716 2165 omnes
1741 2112 1795 2164 in
1822 2114 1939 2163 uni-

359 2217 512 2262 tatem
533 2207 654 2275 ﬁdei
680 2218 725 2261 et
752 2209 1027 2277 agnitionis
1063 2206 1188 2260 Filii
1214 2206 1343 2271 Dei,
1369 2207 1422 2259 in
1447 2208 1610 2260 virum
1639 2208 1937 2276 perfectum,

359 2299 414 2353 in
443 2315 731 2352 mensuram
759 2301 920 2351 (etatis
949 2299 1278 2366 plenitudinis
1317 2298 1527 2353 Christi.
1579 2300 1813 2355 Etatem
1856 2300 1943 2354 hic

363 2389 493 2443 dicit
552 2390 836 2457 perfectam
889 2388 1236 2458 agnitionem.
1288 2390 1747 2455 Quemadmodum
1798 2392 1939 2444 enim

363 2483 445 2535 vir
495 2489 597 2535 stat
649 2480 834 2536 ﬁrmus
887 2496 950 2535 ac
999 2480 1221 2545 stabilis,
1266 2481 1416 2551 pueri
1453 2490 1630 2535 autem
1677 2484 1943 2539 mentibus

363 2572 854 2626 circumferuntur:
892 2572 961 2625 ita
1015 2572 1176 2625 etiam
1236 2572 1287 2624 in
1334 2570 1597 2626 fidelibus.
1653 2571 1721 2627 In
1769 2574 1938 2626 unita-

364 2671 502 2727 tem,
561 2662 751 2731 inquit,
807 2661 947 2729 ﬁdei.
994 2662 1106 2717 Hoc
1132 2661 1429 2727 est,donec
1472 2672 1743 2717 ostensum
1785 2663 1944 2718 fuerit

367 2770 467 2810 nos
493 2768 680 2807 omnes
722 2769 879 2807 uuam
913 2754 1109 2809 habere
1132 2754 1314 2809 ﬁdem.
1346 2754 1457 2809 Hoc
1483 2762 1567 2808 est
1592 2755 1735 2809 enim
1766 2756 1942 2809 unitas

369 2843 513 2909 ﬁdei,
542 2843 755 2912 quando
780 2858 966 2898 omnes
987 2860 1148 2898 unum
1179 2860 1386 2907 sumus,
1419 2846 1631 2915 quando
1652 2847 1943 2916 colligatio-

372 2949 497 3006 nem
530 2949 718 2988 omnes
743 2936 901 2989 simul
926 2935 1288 3005 agnoscimus.
1309 2935 1486 3006 Usque
1512 2937 1577 2990 ad
1610 2937 1710 2991 hoc
1737 2949 1944 3005 tempus

366 3003 585 3090 operari
623 3033 864 3093 oportet,
894 3026 937 3078 si
968 3003 1258 3095 propterea
1306 3003 1555 3095 accepisti
1596 3028 1860 3081 charisma
1890 3037 1946 3082 ut

372 3116 505 3171 alios
545 3116 798 3171 aedifices.
830 3116 959 3172 Vide
991 3132 1057 3170 ne
1084 3119 1307 3186 tcipsnm
1329 3129 1538 3173 evertas
1563 3119 1651 3172 alii
1680 3121 1942 3178 invidens.

371 3207 510 3261 Deus
533 3218 583 3261 te
610 3208 911 3269 honoravit,
931 3218 986 3263 et
1005 3210 1178 3277 posuit
1204 3219 1260 3263 ut
1276 3209 1439 3262 alium
1462 3209 1703 3279 perﬁcias
1733 3226 1794 3263 ac
1819 3225 1947 3265 con-

369 3315 628 3355 summes.
653 3299 785 3354 Nam
815 3309 869 3354 et
891 3302 1163 3370 apostolus
1183 3301 1234 3354 in
1259 3301 1357 3353 hoc
1378 3312 1511 3364 erat,
1533 3311 1586 3357 et
1611 3302 1864 3371 propheta
1895 3302 1944 3354 in

370 3390 470 3445 hoc
500 3401 634 3455 erat,
669 3392 991 3460 prapltetans
1036 3402 1090 3446 et
1129 3394 1479 3463 persuadens,
1518 3403 1572 3448 et
1620 3395 1943 3464 evangelista

370 3482 763 3548 cvangelizans,
793 3491 848 3537 ει
869 3493 1051 3552 pastor
1078 3495 1133 3538 et
1151 3484 1375 3539 doctor:
1405 3499 1592 3539 omnes
1624 3501 1782 3538 unum
1811 3500 1945 3555 opus

372 3580 737 3638 susceperant.
762 3570 839 3626 Ne
862 3572 1151 3625 mihienim
1175 3574 1375 3628 dixeris
1391 3575 1741 3628 differentiam
1767 3575 1945 3629 (‘ltat‘i-

370 3672 597 3713 smatmn
631 3677 645 3721 ;
672 3676 860 3716 omnes
891 3678 1051 3716 unum
1092 3679 1225 3732 opus
1260 3664 1544 3719 habebant.
1575 3667 1706 3721 Nam
1734 3668 1948 3736 quando

372 3764 560 3803 onmes
600 3751 847 3805 similiter
875 3752 1178 3815 credimus,
1220 3764 1345 3808 tunc
1374 3764 1458 3810 est
1496 3759 1688 3811 unitas.
1741 3761 1945 3814 Etenim

370 3840 511 3910 quod
540 3838 642 3894 hoc
662 3840 830 3895 virum
850 3840 992 3895 dicat
1022 3843 1331 3910 perlectum.
1351 3855 1433 3898 εει
1459 3849 1814 3916 perspicuum.
1849 3852 1947 3904 At-

370 3930 460 3997 qui
484 3928 611 3984 alibi
639 3945 737 3985 nos
765 3931 895 3986 dicit
922 3934 1190 4002 parvulos,
1213 3936 1371 3989 etiam
1399 3951 1520 3990 cum
1558 3953 1742 3992 Slltltus
1770 3941 1946 4008 perfe-

370 4020 461 4085 cti,
503 4020 597 4075 sed
643 4021 749 4074 alio
791 4032 1058 4091 spectans.
1090 4023 1220 4087 Nam
1272 4026 1343 4079 ibi
1389 4027 1601 4095 quidem
1653 4046 1750 4083 nos
1799 4043 1950 4087 vocat

370 4112 618 4179 parvulos
643 4113 850 4169 ratione
877 4115 1054 4169 habita
1080 4118 1268 4171 futura:
1289 4120 1607 4186 cognitionis
1632 4140 1644 4173 :
1680 4138 1798 4176 nam
1825 4140 1944 4178 cmn

371 4204 609 4269 dixisset,
645 4203 727 4257 Ea:
752 4215 895 4275 parte
920 4208 1288 4277 cognoscimus,
1317 4211 1594 4280 subjunxit
1635 4213 1817 4277 etiam,
1848 4215 1948 4270 νει·

367 4295 673 4365 aenigmata,
705 4306 760 4351 et
785 4312 903 4367 qua:
926 4308 1050 4354 sunt
1078 4299 1378 4369 hujusmodi
1407 4304 1484 4372 (1.
1504 4303 1798 4363 Cor.13.9.
1820 4308 1909 4379 12)
1933 4328 1947 4365 :

371 4387 459 4441 hic
497 4397 671 4442 autem
716 4389 851 4444 dixit
893 4392 997 4445 alio
1043 4394 1355 4463 respiciens,
1389 4412 1580 4466 nempe
1625 4399 1690 4452 ad
1737 4398 1945 4457 facilem

370 4478 762 4547 prolapsionem
789 4490 843 4535 cl
863 4483 1209 4539 mulationem
1242 4502 1254 4537 :
1284 4487 1421 4541 sicut
1449 4489 1607 4542 etiam
1634 4491 1760 4545 dicit
1779 4492 1903 4546 alibi
1931 4512 1942 4547 :

375 4567 723 4639 Pcrfectorum
750 4580 918 4624 autent
965 4583 1035 4625 est
1077 4574 1270 4639 solidus
1317 4578 1455 4631 cibus
1485 4579 1504 4647 (
1536 4578 1691 4634 Ilebr.
1722 4582 1774 4636 5.
1809 4583 1875 4636 14
1903 4585 1942 4653 ).

370 4660 529 4714 Vides
570 4662 840 4731 quomodo
888 4663 997 4717 illic
1037 4680 1249 4732 quoque
1296 4667 1425 4722 dicit
1473 4671 1778 4737 perfectos?
1810 4675 1946 4731 Vide

366 4751 634 4820 quomodo
663 4750 750 4804 hic
791 4753 999 4806 vocavit
1041 4754 1305 4822 perfectos
1349 4772 1444 4824 per
1470 4775 1531 4813 ea
1565 4776 1684 4829 qua:
1724 4764 1942 4833 subjun-

366 4852 583 4909 guntur,
614 4841 703 4895 14.
739 4839 806 4896 Ut
841 4843 956 4911 jam
981 4859 1081 4896 non
1110 4845 1269 4898 simus
1296 4848 1519 4910 parvuli.
1549 4848 1675 4904 Hmc
1722 4865 1838 4918 εει,
1870 4856 1948 4909 in-

367 4934 498 5001 quit,
530 4949 800 4999 mensura,
826 4944 880 4988 ut
909 4950 1135 5004 paucum
1162 4937 1303 5006 quod
1326 4940 1631 5008 accepimus
1658 4950 1800 4999 omni
1829 4958 1947 5002 stu-

367 5026 455 5081 dio
484 5028 814 5098 lirmiterque
857 5043 921 5083 ac
947 5027 1211 5083 stabiliter
1249 5030 1594 5089 retineamus.
1623 5034 1690 5090 Ut
1707 5038 1819 5107 jam
1846 5056 1945 5095 non

367 5119 609 5196 amplius.
642 5120 797 5184 illud,
830 5119 952 5174 Non
980 5122 1221 5191 amplius,
1246 5123 1479 5177 ostendit
1508 5139 1603 5180 eos
1627 5126 1944 5196 jampridem

369 5207 438 5260 ita
463 5207 626 5260 fuisse
651 5209 887 5272 allectos,
918 5221 972 5265 et
998 5214 1230 5283 seipsum
1254 5214 1402 5283 ponit
1433 5215 1485 5269 in
1512 5216 1630 5271 loco
1659 5224 1947 5277 correctio-

367 5299 483 5362 nis,
514 5308 564 5352 et
594 5302 832 5371 corrigit.
868 5303 1153 5372 Propterea
1181 5306 1342 5371 dicit,
1376 5306 1477 5361 Tot
1526 5307 1741 5364 fuerunt
1770 5313 1898 5367 fabri
1926 5356 1941 5379 ,

365 5404 433 5443 ne
457 5388 743 5444 aediﬁcium
785 5392 1154 5460 labefactetur,
1183 5413 1250 5451 ne
1278 5400 1703 5466 circumferatur,
1738 5413 1795 5456 ut
1839 5406 1945 5459 sint

363 5479 570 5550 lapides
596 5481 729 5536 lirmi
761 5490 816 5537 et
843 5483 1079 5538 stabiles.
1111 5486 1222 5541 Hoc
1249 5489 1393 5543 enim
1422 5499 1505 5544 est
1534 5490 1769 5558 illorum,
1800 5510 1945 5549 nem-

364 5586 430 5638 pe
476 5569 733 5628 fluctuare
757 5616 771 5637 ,
804 5574 1057 5629 vacillare
1081 5617 1095 5639 ,
1135 5577 1464 5633 circumferri
1492 5591 1546 5634 et
1576 5580 1833 5638 labefieri.
1872 5586 1940 5641 Ut

349 5658 463 5724 jam
493 5676 591 5711 non
622 5662 776 5716 simus
806 5666 1026 5733 amplius
1054 5668 1273 5735 parvuli,
1302 5670 1622 5737 ﬂuctuantes,
1656 5687 1700 5729 rt
1721 5679 1938 5733 circum-

2027 378 2251 448 feruntur
2290 384 2428 436 omni
2474 395 2619 438 vento
2647 388 2889 441 doctrinae
2916 389 2970 441 in
2997 390 3220 459 nequitia
3246 391 3523 456 hominum,
3558 398 3610 447 in

2026 472 2212 525 astutia
2239 472 2308 525 ad
2335 474 2806 531 circumventionem
2833 481 3040 533 erroris.
3072 478 3143 535 Et
3173 482 3609 554 circumferamur,

2028 561 2231 628 inquit,
2263 565 2400 616 omni
2447 577 2614 621 vento.
2660 562 3024 640 Proseqnutus
3072 581 3156 627 est
3199 575 3567 644 metaphoram
3595 617 3610 643 ,

2027 654 2318 709 ostendens
2348 655 2398 708 in
2429 672 2533 726 quo
2565 659 2801 727 periculo
2824 671 2949 715 sunt
2974 664 3166 718 animae
3197 680 3314 733 qum
3343 665 3610 720 dubitant.

2032 742 2202 808 Omni,
2236 746 2426 815 inquit,
2456 760 2622 816 vento,
2654 752 2706 804 in
2736 755 3010 822 nequitiam
3035 756 3315 821 hominum,
3346 758 3398 810 in
3425 760 3615 811 astutia

2028 836 2096 887 ad
2141 837 2610 894 circumventionent
2659 844 2862 897 erroris.
2915 851 3153 900 nussum!
3216 847 3468 902 dicuntur
3522 851 3616 919 qui

2030 934 2252 981 utuntur
2269 929 2407 983 talis.
2426 929 2584 985 Tales
2611 941 2735 987 sunt
2759 935 2848 1002 qui
2879 945 3003 989 sunt
3027 935 3160 990 vafri
3187 946 3242 992 et
3262 939 3445 1004 astuti,
3471 950 3621 1010 post-

2030 1031 2187 1085 quam
2215 1020 2455 1088 ceperint
2483 1021 2838 1090 simpliciores
2868 1041 2881 1076 :
2913 1024 2986 1078 illi
3029 1026 3173 1080 enim
3214 1029 3393 1081 omnia
3443 1038 3611 1084 trans-

2034 1119 2236 1178 ponunt
2258 1119 2313 1164 et
2343 1110 2691 1167 transferunt.
2731 1113 2828 1168 Hic
2855 1116 3014 1170 vitam
3057 1133 3271 1189 quoque
3300 1120 3493 1189 tetigit.
3523 1122 3615 1175 15.

2044 1199 2314 1254 Veritatem
2339 1212 2505 1256 autent
2533 1206 2771 1274 facientes
2797 1207 2849 1259 in
2877 1186 3113 1274 caritate:
3135 1226 3421 1265 crescamus
3447 1214 3501 1265 in
3526 1215 3620 1267 illo

2035 1309 2125 1362 per
2153 1294 2341 1355 omnia,
2370 1295 2456 1364 qui
2496 1307 2568 1349 est
2603 1306 2755 1364 caput
2793 1289 3045 1363 Christus,
3078 1300 3164 1354 l6.
3192 1316 3255 1354 ex
3292 1289 3391 1372 quo
3410 1344 3426 1368 ,
3459 1313 3621 1357 totum

2032 1401 2216 1455 corpus
2241 1396 2557 1456 compactum
2587 1400 2632 1442 et
2670 1405 2952 1444 connexum
2978 1409 3066 1460 per
3090 1409 3290 1448 onmem
3320 1396 3620 1464 juncturam

2032 1475 2526 1543 subministrationis,
2557 1481 2834 1534 secundum
2868 1485 3207 1573 operatiqnem
3237 1487 3292 1539 in
3328 1504 3619 1542 mensuram

2035 1566 2430 1641 uniuscujusque
2472 1572 2717 1637 membri,
2765 1566 3093 1642 augmentum
3128 1579 3361 1645 corporis
3407 1583 3530 1651 facit
3564 1582 3619 1634 in

2035 1658 2422 1727 azdiﬁcationem
2465 1666 2547 1717 sui
2587 1666 2640 1718 in
2677 1666 2903 1719 caritate.
2939 1666 3178 1723 Obscure
3219 1670 3508 1727 admodum
3536 1686 3623 1729 est

2038 1748 2434 1819 interpretatus,
2472 1768 2539 1808 co
2580 1755 2722 1825 quod
2753 1755 2981 1812 voluerit
3020 1760 3201 1815 omnia
3225 1762 3381 1816 simul
3415 1763 3620 1820 dicere.

2041 1840 2152 1896 lloc
2175 1849 2260 1896 est
2288 1854 2462 1898 autem
2485 1847 2624 1915 quod
2651 1847 2780 1902 dicit
2809 1866 2822 1901 ε
2850 1849 3000 1905 Sicut
3028 1851 3248 1920 spiritus
3278 1855 3367 1924 qui
3394 1854 3627 1913 descen-

2038 1934 2115 1988 dit
2140 1950 2170 1988 a
2206 1937 2447 2001 cerebro,
2481 1940 2743 1995 sentiendi
2772 1944 3098 2011 facultatem,
3126 1961 3246 2016 qua:
3274 1957 3359 2003 est
3387 1964 3482 2018 per
3506 1966 3625 2005 uer-

2039 2041 2157 2092 vos,
2184 2042 2290 2082 non
2313 2030 2557 2085 absolute
2579 2030 2671 2086 dat
2695 2033 2965 2099 omnibus,
2997 2036 3091 2090 scd
3124 2053 3222 2107 pro
3244 2040 3622 2095 convenientia

2041 2129 2096 2175 et
2139 2122 2481 2190 praportione
2532 2124 2950 2197 uniuscujusque
3003 2131 3270 2196 membri;
3312 2133 3361 2187 ei
3405 2133 3622 2203 quidem

2041 2212 2181 2280 quod
2215 2213 2330 2280 plus
2353 2222 2527 2284 potest
2552 2217 2845 2283 suscipere,
2883 2220 3132 2288 amplius,
3162 2223 3335 2276 minus
3362 2233 3540 2278 autem
3573 2226 3620 2276 ui

2041 2304 2181 2372 quod
2207 2305 2412 2370 minus;
2444 2306 2545 2362 hoc
2568 2309 2709 2362 enim
2732 2319 2815 2363 est
2841 2310 3011 2374 radix,
3044 2326 3238 2381 nempe
3259 2314 3478 2382 spiritus
3504 2332 3516 2367 :
3545 2319 3623 2368 sic

2043 2396 2202 2449 etiam
2232 2394 2474 2452 Christus
2511 2415 2524 2451 :
2557 2400 2836 2455 animabus
2881 2401 3025 2454 enim
3069 2411 3337 2471 tamquam
3368 2404 3625 2460 membris

2042 2487 2090 2542 ei
2116 2489 2386 2556 appensis,
2414 2490 2531 2554 ejus
2562 2492 2895 2560 providentia
2925 2503 2978 2547 et
3000 2492 3384 2548 charismatum
3420 2510 3622 2566 suppe-

2043 2577 2631 2654 diLatio,_congruenter
2655 2586 2984 2652 proportioni
3028 2567 3082 2640 et
3127 2588 3537 2651 convenientia‘,
3572 2591 3625 2642 in

2046 2684 2294 2724 mensura
2325 2669 2712 2728 incrementum
2756 2675 2879 2729 facit
2928 2677 3349 2747 uniuscujusque
3374 2677 3621 2733 membri.

2044 2759 2180 2827 Quid
2203 2770 2286 2815 est
2306 2771 2507 2828 autem,
2528 2763 2631 2819 Per
2646 2767 2940 2834 juncturam
2966 2769 3441 2825 subministrationis
3458 2769 3484 2823 .’
3516 2771 3625 2824 Hoc

2044 2860 2147 2917 est,
2178 2867 2273 2922 per
2292 2867 2533 2909 sensum.
2552 2856 2644 2911 lllc
2671 2859 2813 2912 enim
2836 2860 3055 2927 spiritus
3073 2861 3162 2930 qui
3188 2863 3625 2917 subministratur

2045 2951 2100 2997 et
2149 2944 2522 3014 suppeditatur
2572 2949 2826 3003 membris
2878 2966 2908 3003 a
2959 2951 3155 3019 capite,
3212 2955 3623 3023 unumquodque

2048 3037 2344 3091 membrum
2394 3049 2615 3108 tangens
2668 3042 2738 3096 ita
2789 3053 3062 3112 operatur.
3095 3044 3166 3100 Ut
3213 3047 3256 3099 si
3300 3047 3420 3116 quis
3460 3047 3620 3111 dicat,

2045 3125 2251 3197 Corpus
2272 3129 2569 3198 suscipiens
2595 3132 3141 3188 subministrationem
3167 3150 3231 3191 ac
3250 3137 3627 3207 suppeditatio.

2048 3233 2192 3282 nem,
2219 3230 2576 3287 congruenter
2606 3224 2931 3290 proportioni
2966 3225 3328 3279 membrorum
3365 3243 3485 3297 qua:
3507 3240 3626 3282 sunt

2049 3308 2099 3361 in
2143 3308 2279 3377 ipso,
2314 3309 2384 3362 ita
2414 3310 2539 3363 facit
2576 3311 2961 3367 incrementum
2996 3332 3008 3366 :
3040 3325 3130 3370 aut
3158 3315 3313 3372 aliter
3335 3355 3352 3383 ,
3390 3318 3626 3374 Membra

2047 3411 2404 3469 congruenter
2451 3405 2776 3473 proportioni
2823 3422 2934 3460 sua:
2972 3422 3239 3463 mensura:
3282 3411 3626 3480 suscipientia

2047 3494 2569 3564 suppeditationem,
2616 3498 2694 3552 sic
2744 3509 3050 3568 augentur:
3082 3512 3175 3557 aut
3221 3504 3384 3557 etiam
3431 3505 3625 3569 aliter,

2049 3584 2280 3653 Spiritus
2306 3587 2535 3655 desuper
2557 3587 2766 3641 abunde
2805 3590 3053 3656 affluens,
3087 3601 3142 3646 et
3182 3596 3360 3647 omnia
3390 3597 3624 3650 membra

2053 3685 2293 3744 tangens,
2319 3686 2374 3729 et
2392 3677 2756 3746 suppeditatus
2777 3689 2835 3733 ut
2862 3683 3228 3752 unusquisque
3256 3694 3434 3753 potest
3462 3687 3627 3740 susci-

2052 3781 2178 3834 pere
2198 3808 2212 3831 ,
2247 3767 2315 3821 ita
2345 3778 2585 3836 augetur.
2614 3769 2853 3835 Quanam
2883 3783 3059 3826 autem
3103 3774 3169 3828 de
3197 3789 3355 3829 causa
3388 3776 3589 3830 addidit
3612 3819 3626 3835 .

2051 3856 2115 3910 In
2138 3858 2347 3911 caritate
2367 3861 2392 3910 ?
2418 3858 2557 3913 Fieri
2587 3862 2728 3915 enim
2758 3878 2865 3916 non
2909 3873 3084 3931 potest
3123 3875 3180 3919 ut
3219 3866 3375 3920 aliter
3412 3868 3632 3935 Spiritus

2052 3949 2140 4003 ille
2165 3949 2473 4003 descendat.
2507 3952 2656 4007 Sicut
2683 3954 2848 4019 enim,
2873 3956 2916 4008 si
2945 3957 3230 4025 contigerit
3259 3967 3319 4011 ut
3347 3974 3539 4012 manus
3564 3962 3633 4013 sit

2049 4040 2229 4093 avulsa
2277 4054 2306 4092 a
2350 4054 2594 4108 corpore,
2627 4044 2845 4111 spiritus
2891 4045 2980 4114 qui
3036 4046 3276 4114 procedit
3323 4063 3353 4101 a
3384 4049 3629 4109 cerebro,

2051 4146 2294 4198 qumrcns
2315 4132 2786 4201 cantinuatiouem,
2813 4150 2935 4189 cum
2967 4152 3072 4189 non
3096 4138 3381 4202 invenerit,
3412 4155 3518 4192 non
3551 4155 3634 4193 cx-

2051 4220 2162 4274 silit
2183 4235 2214 4275 e
2235 4236 2482 4291 corpore,
2511 4232 2565 4277 et
2608 4238 2672 4277 eo
2702 4224 2973 4293 perforato
3015 4227 3129 4281 exit
3154 4229 3220 4282 ad
3251 4245 3509 4295 manum;
3541 4231 3633 4284 sed

2052 4311 2095 4366 si
2108 4312 2374 4381 jacentem
2404 4328 2510 4367 non
2532 4314 2811 4381 invenerit,
2834 4333 2937 4371 non
2970 4320 3168 4388 tangit:
3199 4320 3269 4374 ita
3290 4320 3377 4374 hic
3397 4338 3631 4393 quoque,

2051 4404 2095 4458 si
2126 4420 2230 4458 non
2258 4406 2424 4460 simus
2457 4406 2688 4477 colligati
2716 4410 2955 4463 caritate.

2121 4498 2177 4553 4.
2221 4497 2497 4551 Humilitas
2532 4501 2600 4552 ad
2637 4503 2876 4555 unitatent
2904 4505 3132 4573 corporis
3175 4504 3421 4560 Ecclesite
3460 4524 3635 4563 neces-

2051 4590 2205 4643 saria.
2233 4620 2306 4629 —
2329 4589 2454 4645 litae
2482 4602 2658 4647 autem
2686 4595 2861 4648 omnia
2892 4595 2960 4648 ab
2992 4611 3058 4650 eo
3101 4597 3241 4651 dicta
3287 4608 3415 4653 sunt
3440 4580 3656 4656 exhor-A

2053 4681 2216 4734 tantia
2246 4681 2312 4734 ad
2337 4681 2715 4739 humilitatem.
2746 4685 2884 4750 Quid
2911 4687 3077 4754 enim,
3115 4688 3326 4758 inquit,
3357 4692 3405 4745 si
3437 4692 3525 4747 hic
3549 4702 3639 4748 aut

2053 4772 2141 4829 ille
2169 4774 2287 4842 plus
2335 4775 2562 4846 accipit?
2612 4779 2861 4834 eumdem
2904 4785 3117 4850 accepit
3152 4783 3426 4851 Spiritum,
3458 4787 3548 4856 qui
3571 4802 3637 4841 ex

2051 4867 2241 4922 eodem
2269 4869 2444 4938 capite
2481 4870 2743 4924 emittitur
2764 4911 2781 4938 ,
2821 4873 2910 4940 qui
2942 4872 3192 4928 similiter
3219 4885 3478 4945 operatur
3501 4919 3517 4945 ,
3549 4880 3638 4948 qui

2051 4957 2298 5011 similiter
2324 4960 2525 5029 tangit,
2559 4960 2659 5026 Qui
2696 4963 3039 5032 compingitur
3068 4972 3114 5017 et
3140 4967 3506 5037 conjungitur,
3537 4969 3639 5024 hoc

2050 5059 2169 5114 est,
2232 5050 2384 5117 cujus
2446 5066 2634 5119 magna
2698 5067 2824 5105 cura
2881 5056 3107 5122 geritur.
3154 5055 3270 5110 Non
3307 5059 3455 5113 enim
3501 5077 3637 5130 quo-

2052 5142 2460 5213 modocumque,
2493 5143 2587 5198 sed
2616 5145 2904 5199 admodum
2931 5148 3221 5204 artiﬁciose
3246 5166 3447 5221 corpus
3473 5155 3634 5208 situm

2051 5236 2354 5305 sitoportet
2384 5255 2397 5290 :
2430 5253 2549 5291 nam
2582 5239 2626 5292 si
2660 5255 2691 5293 e
2722 5242 2839 5295 loco
2864 5245 3159 5299 excesserit
3182 5285 3196 5307 ,
3249 5261 3357 5301 non
3406 5250 3634 5318 amplius

2051 5325 2210 5379 situm
2262 5337 2362 5381 est.
2411 5328 2587 5395 Quare
2619 5345 2722 5383 non
2768 5342 2983 5400 oportet
3024 5334 3200 5388 solum
3235 5345 3295 5388 ut
3331 5338 3403 5392 sit
3456 5340 3636 5393 unitas

2050 5417 2261 5483 corpori
2288 5457 2302 5479 ,
2341 5416 2435 5472 sed
2481 5418 2641 5473 etiam
2687 5431 2744 5474 ut
2771 5436 2927 5478 suum
2957 5424 3132 5479 locum
3162 5436 3341 5481 teneat
3372 5444 3386 5480 :
3419 5430 3561 5498 quod
3588 5432 3633 5485 si

2049 5508 2474 5575 exsuperaveris,
2511 5524 2614 5563 non
2644 5526 2703 5565 es
2730 5513 2931 5582 unitus,
2965 5530 3140 5585 neque
3181 5517 3433 5585 spiritum
3464 5523 3634 5576 susci-

2052 5597 2150 5662 pis.
2198 5598 2388 5651 Annon
2417 5598 2563 5654 vides
2609 5601 2662 5655 in
2705 5604 2907 5658 ossium
2956 5607 3485 5675 transpositionibus,
3515 5627 3633 5676 qua:

2048 5688 2224 5756 aliquo
2252 5703 2378 5745 casu
2407 5694 2738 5764 contingunt,
2786 5696 2999 5766 quando
3043 5714 3105 5753 os
3150 5699 3267 5755 loco
3308 5714 3412 5754 suo
3461 5715 3635 5757 trans-
