3932 6220
344 268 410 328 85
1251 262 1319 318 ΙΝ
1359 263 1577 319 EPIST.
1620 260 1711 319 AD
1750 255 1992 315 EPHES.
2033 255 2186 311 CAP.
2215 257 2303 312 IV.
2346 256 2579 312 IIOMIL.
2618 254 2707 311 XI.
3508 260 3575 315 84

413 378 658 451 γ’.⁹ορᾄς
687 377 751 431 16
777 377 1023 448 άξίωμα;
1056 377 1324 441 Ἕκαστος
1351 378 1643 448 οἰκοδομεῖ,
1674 376 1907 435 ἕκαστος

351 468 662 540 καταρτίζει
685 504 702 530 ,
755 466 988 529 ἕκαστος
1022 465 1281 518 διακονεῖ.
1315 465 1542 535 Μέχρις
1578 460 1652 521 οὗ
1689 479 1910 518 καταν-

352 561 629 628 τήσομεν,
666 558 831 627 φησὶν
851 595 867 619 ,
893 559 949 611 οἱ
987 556 1211 622 πάντες
1237 559 1325 622 είς
1358 555 1472 624 τὴν
1517 555 1772 622 ἑνότητα
1801 552 1912 617 τῆς

2014 370 2153 437 ἑνὸς
2185 370 2444 425 ἑκάστου
2467 370 2709 439 μέλους,
2743 368 2858 436 τὴν
2887 369 3155 437 αὔξησιν
3170 371 3278 424 τοῦ
3297 373 3575 439 σώματος

2014 460 2265 514 ποιεῖται
2296 465 2382 527 εις
2421 459 2748 529 οἰκοδομὴν
2787 459 3332 529 ἐαυτοῦένάτάπη.
3364 461 3578 531 Σφόδρα

2015 552 2243 621 ἀσαφῶς
2265 553 2582 623 ἡρμήνευσε
2607 592 2623 617 ,
2658 552 2737 622 τῷ
2770 551 2944 606 πάντα
2969 552 3104 622 ὁμοῦ
3131 552 3353 623 θελῆσαι
3379 555 3574 606 εἰπεῖν.

353 654 622 715 πίστεως,
656 647 879 715 καὶτῆς
901 645 1279 717 ἐπιγνώσεως
1306 646 1413 701 τοῦ
1446 646 1582 701 Υίοῦ
1602 644 1709 699 τοῦ
1738 643 1911 708 Θεοῦ,
1954 630 1963 663 ¹
2019 643 2085 693 Ὃ
2133 641 2191 694 δέ
2232 659 2368 712 φησι
2391 685 2406 707 ,
2440 643 2600 696 τοῦτό
2642 646 2796 696 ἐστι·
2850 642 3115 715 Καθάπερ
3163 643 3220 696 16
3271 643 3490 714 πνεῦμα
3519 643 3581 695 16

354 743 435 806 είς
463 738 648 807 ἄνδρα
698 739 933 791 τέλειον
950 778 967 802 ,
991 739 1081 804 είς
1121 737 1344 806 μέτρον
1368 736 1608 805 ἡλικίας
1637 734 1742 789 τοῦ
1761 736 1914 798 πλη-

345 828 609 897 ρώματος
634 827 746 881 τοῦ
775 825 1058 895 Χριστοῦ.
1095 827 1343 880 Ἡλικίαν
1376 825 1613 879 ἐνταῦθά
1639 840 1773 894 φησι
1812 821 1911 892 τὴν

353 920 555 973 τελείαν
613 919 931 985 ἐπίγνωσιν.
978 918 1247 988 Καθάπερ
1288 918 1398 988 γάρ
1447 919 1477 970 6
1525 915 1665 985 ἀνὴρ
1711 914 1913 983 ἕστηκε

355 1009 599 1080 βεϐαίως,
631 1011 680 1062 οί
712 1009 768 1061 δὲ
804 1009 990 1072 παῖδες
1010 1007 1111 1069 τὰς
1134 1008 1338 1079 φρένας
1383 1008 1793 1078 περιφέρονται,
1825 1002 1913 1055 οὖ-

353 1116 427 1152 τω
470 1101 566 1153 καὶ
628 1101 723 1152 ἐπὶ
776 1099 885 1152 τῶν
926 1099 1153 1153 πιστῶν.
1184 1101 1291 1164 Εις
1319 1096 1435 1163 τὴν
1452 1097 1727 1164 ἑνότητα,
1754 1095 1911 1163 φησὶ,

351 1191 459 1261 τῆς
482 1193 760 1256 πίστεως.
790 1190 1101 1254 Τουτέστιν,
1132 1189 1239 1252 ἕως
1274 1187 1341 1243 ἂν
1373 1187 1676 1257 δειχθῶμεν
1715 1186 1915 1247 πάντες

357 1284 480 1353 μίαν
524 1281 708 1334 πίστιν
752 1280 983 1352 ἔχοντες.
1035 1279 1206 1334 Τοῦτο
1256 1279 1364 1349 γάρ
1402 1281 1550 1331 ἐστιν
1594 1277 1781 1346 ἑνότης
1832 1275 1919 1327 πί-

356 1389 548 1435 στεως.
586 1372 712 1424 ὅταν
758 1372 960 1435 πάντες
993 1370 1051 1424 ἓν
1085 1364 1256 1441 ὧμεν,
1294 1371 1423 1422 ὃταν
1455 1368 1658 1430 πάντες
1712 1366 1917 1436 ὁμοίως

356 1461 449 1514 τὸν
481 1461 777 1531 σύνδεσμον
812 1463 1282 1530 ἐπιγινιῦσκωμεν.
1317 1460 1495 1529 Μέχρι
1527 1457 1651 1510 τότε
1685 1456 1916 1525 ἐργάζε-

358 1548 483 1601 σθαι
510 1549 632 1619 χρὴ,
666 1551 713 1602 εί
751 1549 839 1604 διὰ
874 1549 1030 1602 τοῦτο
1069 1550 1318 1619 χάρισμα
1356 1548 1571 1612 ἔλαϐες,
1604 1546 1694 1599 ῐνα
1723 1545 1918 1607 ἄλλους

354 1639 662 1711 οίκοδομῇς.
704 1641 875 1694 Βλέπε
934 1642 1008 1711 μὴ
1041 1644 1234 1694 σαυτὸν
1279 1639 1665 1711 καταστρέψης
1689 1681 1707 1704 ,
1744 1637 1920 1706 ἑτέρῳ

355 1730 587 1798 φθονῶν.
638 1731 897 1803 Ἐτίμησέ
936 1749 996 1785 σε
1023 1734 1052 1785 6
1074 1731 1227 1796 Θεὸς,
1256 1731 1351 1784 καὶ
1371 1728 1583 1794 ἔταξεν,
1610 1728 1752 1781 ὥστε
1787 1745 1919 1781 κατ-

354 1821 594 1891 αρτίζειν
636 1821 844 1893 ἕτερον.
903 1823 1014 1876 Καὶ
1065 1822 1173 1891 γὰρ
1222 1823 1317 1876 καὶ
1352 1824 1381 1875 6
1426 1821 1727 1884 ἀπόστολος
1779 1820 1920 1890 πρὸς

353 1912 527 1984 τούτῳ
578 1908 667 1984 ἦν,
713 1915 807 1967 καὶ
829 1915 859 1967 6
890 1915 1172 1985 προφήτης
1215 1914 1353 1983 πρὸς
1406 1912 1585 1983 τούτῳ
1613 1908 1681 1981 ἦν
1706 1929 1922 1983 προφη-

350 2002 528 2056 τεύων
555 2002 651 2056 καὶ
694 2003 920 2067 πείθων,
948 2003 1043 2057 καὶ
1083 2005 1112 2056 6
1154 2003 1544 2073 εὐαγγελιστὴς
1570 2003 1919 2071 εὐαγγελιζό-

357 2109 546 2161 μενος,
588 2091 685 2145 καὶ
708 2094 737 2145 6
772 2092 977 2163 ποιμὴν
1013 2094 1106 2145 καὶ
1151 2095 1179 2146 6
1216 2092 1535 2156 διδάσκαλος
1568 2110 1585 2124 ο
1618 2092 1816 2156 πάντες
1865 2093 1922 2145 ἐν

352 2184 522 2253 ἔργον
547 2178 688 2253 ἦσαν
711 2183 1142 2254 ἀναδεδεγμένοι.
1170 2184 1264 2254 Μὴ
1285 2184 1395 2254 γάρ
1436 2200 1525 2255 μοι
1546 2183 1645 2253 τὴν
1664 2183 1924 2255 διαφοράν

349 2274 470 2326 τῶν
496 2274 853 2346 χαρισμάτων
884 2273 996 2347 [84]
1018 2277 1206 2349 εἷπηςο
1244 2276 1446 2340 πάντες
1472 2275 1530 2328 ἓν
1572 2275 1729 2346 ἔργον
1761 2272 1923 2347 εἶχον.

351 2365 538 2417 Ὅταν
600 2365 657 2418 δέ
711 2366 914 2429 πάντες
956 2366 1155 2436 ὁμοίως
1190 2366 1554 2437 πιστεύωμεν,
1588 2367 1708 2421 τότε
1738 2369 1926 2432 ἑνότης

351 2454 526 2508 ἐστίν.
562 2454 684 2508 Ὀτι
702 2455 812 2526 γάρ
830 2455 990 2510 τοῦτο
1014 2456 1161 2525 λέγει
1176 2457 1344 2527 ἄνδρα
1374 2457 1594 2523 τέλειον,
1620 2460 1798 2529 δῆλον.
1819 2461 1927 2513 Καὶ

355 2545 471 2615 μὴν
516 2544 752 2616 ἀλλαχοῦ
781 2548 1010 2616 νηπίους
1053 2549 1200 2619 ἡμᾶς
1233 2566 1389 2619 φησι.
1422 2549 1536 2615 καὶ,
1583 2551 1710 2604 ὅταν
1732 2552 1927 2604 τέλειοι

350 2629 532 2706 ὦμεν,
574 2637 711 2690 ἀλλὰ
749 2638 883 2709 πρὸς
924 2638 1112 2709 ἕτερον
1134 2639 1298 2711 ὁρῶν.
1348 2640 1495 2693 Ἔκεί
1525 2642 1625 2710 μὲν
1652 2642 1763 2713 γάρ
1788 2642 1926 2713 πρός

348 2726 458 2797 τὴν
488 2727 790 2797 μέλλουσαν
815 2728 1019 2797 γνῶσιν
1035 2731 1262 2799 νηπίους
1285 2732 1542 2786 ἐκάλεσεν
1564 2749 1580 2763 ·
1603 2733 1773 2787 εἰπὼν
1794 2734 1925 2806 γὰρ,

364 2818 478 2872 Ἐκ
505 2818 726 2887 μέρους
749 2820 1142 2890 γινώσκομεν,
1170 2823 1419 2894 ἐπήγαγε
1448 2824 1543 2878 καὶ
1571 2824 1652 2888 16,
1677 2828 1757 2877 Δι’
1793 2828 1931 2878 αἰνι-

349 2909 616 2976 γμάτων,
650 2911 745 2962 καὶ
777 2910 879 2963 ὅσα
929 2910 1158 2965 τοιαῦτα
1181 2928 1196 2943 ο
1228 2913 1461 2968 ἐνταῦθα
1489 2915 1544 2968 δέ
1576 2916 1712 2987 πρὸς
1744 2916 1931 2986 ἕτερον

350 2995 513 3063 εἷπε,
543 2999 681 3070 πρὸς
728 3001 788 3054 16
817 3002 1241 3071 εὐμετάπτωτον
1266 3021 1280 3035 ·
1308 3003 1499 3075 ὥσπερ
1545 3006 1639 3059 καὶ
1696 3006 1929 3075 ἀλλαχοῦ

352 3105 502 3159 φησι
527 3107 541 3119 ο
585 3087 839 3145 Τελείων
882 3090 952 3145 δὲ
979 3093 1019 3160 ἠ
1061 3095 1279 3160 στερεὰ
1319 3096 1527 3162 τροφή.
1581 3096 1744 3165 Ὁρᾷς
1775 3097 1934 3148 κάκεῖ

350 3180 607 3244 τελείους
633 3181 750 3246 πῶς
768 3199 934 3254 φησιν
958 3199 975 3249 ;
1006 3184 1152 3255 Ὅρα
1176 3186 1271 3237 καὶ
1293 3186 1410 3248 πῶς
1436 3185 1662 3240 ἐκάλεσε
1684 3188 1928 3251 τελείους

354 3268 602 3324 ἐνταῦθα
655 3268 740 3324 διὰ
775 3270 886 3324 τῶν
917 3273 1299 3343 ἐπαγομένων,
1329 3273 1530 3327 είπών·
1558 3276 1691 3329 Ἵνα
1723 3275 1933 3343 μηκέτι

353 3360 530 3429 ὦμεν
574 3361 799 3431 νήπιοι.
829 3365 973 3418 Αὐτό
1016 3383 1150 3437 φησι
1180 3367 1240 3419 16
1276 3367 1473 3439 μέτρον
1498 3369 1557 3421 16
1589 3369 1768 3435 ὀλίγον
1796 3370 1933 3439 ὅπερ

358 3452 663 3523 ἐλάϐομεν,
703 3454 790 3508 ἵνα
844 3457 1166 3527 κατέχωμεν
1218 3458 1359 3535 μετὰ
1421 3458 1601 3527 πάσης
1660 3459 1892 3527 σπουδῆς
1917 3499 1932 3522 ο

358 3544 514 3612 μετὰ
535 3547 892 3617 στερρότητος
922 3549 1017 3600 καὶ
1039 3547 1402 3617 βεϐαιώσεως.
1438 3551 1565 3603 Ἵνα
1584 3554 1817 3618 μηκέτι.
1840 3552 1932 3614 T6,

354 3634 621 3701 Μηκέτι,
649 3636 888 3690 δείκνυσι
919 3638 1087 3692 πάλαι
1113 3639 1274 3693 τοῦτο
1305 3640 1596 3704 παθόντας,
1628 3643 1725 3693 καὶ
1755 3642 1938 3713 τίθησι

354 3725 470 3778 καὶ
499 3726 689 3778 ἐαυτὸν
714 3728 771 3779 ἐν
804 3728 952 3792 τάξει
978 3729 1334 3800 διορθώσεως,
1367 3732 1463 3783 καὶ
1494 3731 1822 3802 διορθοῦται,
1841 3734 1938 3786 Διὰ

354 3816 539 3869 τοῦτό
589 3833 748 3885 φησι’
780 3817 1038 3884 Τέκτονες
1067 3821 1308 3874 τοσοῦτοι
1349 3821 1661 3891 γεγόνασιν,
1693 3823 1780 3877 ίνα
1802 3826 1835 3893 ή
1858 3825 1938 3876 οί-

354 3907 583 3979 κοδομὴ
650 3909 724 3980 μὴ
784 3911 1093 3980 σαλεύηται,
1127 3913 1213 3966 ἵνα
1265 3914 1340 3983 μὴ
1409 3915 1798 3986 περιφέρηται.
1853 3916 1941 3969 ἵνα

354 4001 690 4069 πεπηγότος
710 3994 842 4055 ὦσιν
887 4004 936 4055 οί
961 4002 1117 4058 λίθοι.
1172 4004 1424 4057 Ἐκείνων
1464 4005 1572 4076 γὰρ
1623 4005 1781 4060 τοῦτό
1816 4009 1936 4060 ἐστι

350 4089 427 4142 τὸ
464 4090 907 4157 κλυδωνίζεσθαι,
950 4095 1010 4146 τὸ
1025 4093 1424 4166 περιφέρεσθαι
1456 4097 1549 4149 καὶ
1584 4096 1933 4151 σαλεύεσθαι.

354 4181 514 4233 ’Ἵνα
543 4181 755 4250 μηκέτι
780 4179 959 4250 ὦμεν,
990 4186 1141 4256 φησὶ,
1160 4185 1387 4251 νήπιοι,
1417 4186 1934 4255 κλυδωνιζόμενοι,

352 4273 471 4327 καὶ
490 4277 935 4346 περιφερόμενοι
959 4278 1135 4331 παντί
1150 4278 1347 4346 ἀνέμῳ
1367 4277 1476 4346 τῆς
1507 4278 1904 4345 διδασκαλίας
1925 4322 1940 4346 ,

350 4366 436 4418 ἐν
476 4364 556 4434 τῇ
583 4370 787 4436 κυϐείᾳ
811 4368 930 4423 τῶν
965 4369 1309 4437 ἀνθρώπων,
1336 4371 1405 4423 ἐν
1428 4371 1760 4441 πανουργίᾳ
1794 4373 1943 4439 πρὸς

354 4456 493 4525 τὴν
513 4461 833 4526 μεθοδείαν
861 4460 974 4528 τῆς
996 4461 1440 4528 murum—Kal
1471 4464 1940 4531 περιφερόμενοι,

355 4550 534 4618 φησι,
564 4551 743 4604 παντί
778 4553 994 4622 ἀνέμῳ.
1038 4553 1332 4624 Ἐπεξῆλθε
1384 4557 1448 4623 τῇ
1506 4557 1703 4625 τροπῇ,
1728 4555 1944 4618 δεικνὺς

374 4638 497 4704 τὰς
545 4640 898 4706 δισταζούσας
923 4642 1100 4713 ψυχάς
1132 4646 1189 4696 ἐν
1212 4644 1309 4714 οἴῳ
1342 4643 1572 4713 κινδύνῳ
1604 4645 1728 4698 είσί.
1761 4645 1945 4698 Παντὶ

356 4730 598 4800 ἀνέμῳ,
635 4736 824 4803 φησὶν,
859 4734 930 4787 ἐν
958 4733 1035 4803 τῇ
1080 4736 1288 4801 κυϐείᾳ
1341 4733 1461 4787 τῶν
1489 4734 1836 4802 ἀνθρώπων,
1869 4737 1938 4789 ἐν

353 4825 715 4892 πανουργίᾳ
773 4826 922 4892 πρὸς
992 4823 1108 4892 τὴν
1144 4825 1463 4893 μεθοδειάν
1503 4824 1613 4892 τῆς
1673 4824 1936 4890 πλάνης.

358 4913 662 4967 Κυϐευταὶ
733 4913 980 4981 λέγονται
1040 4914 1090 4966 οί
1142 4916 1255 4975 τοῖς
1313 4915 1528 4975 πεττοῖς
1585 4914 1936 4983 κεχρημένοι.

358 5000 627 5056 Τοιοῦτοί
675 5005 815 5056 εἰσιν
840 5006 891 5057 οί
939 5001 1274 5074 πανοῦργοι,
1307 5003 1527 5056 ἐπειδάν
1552 5005 1949 5073 άφελεστέρους

353 5092 537 5154 τινάς
566 5092 770 5147 λάϐωσι
804 5109 818 5124 ⁸
862 5094 1082 5166 καίγὰρ
1102 5097 1298 5148 ἐκεῖνοι
1331 5096 1681 5163 μετατιθέασι
1726 5097 1819 5148 καὶ
1853 5113 1948 5166 με·

353 5182 706 5253 ταφέρουσιν
736 5182 972 5237 ἅπαντα.
1005 5185 1266 5239 Ἐνταῦθα
1294 5185 1390 5238 καὶ
1417 5185 1532 5254 βίου
1550 5184 1748 5254 ἥψατο.
1779 5185 1951 5251 Ἀλη-

353 5276 660 5342 θεύοντες
703 5276 795 5335 δὲ,
830 5277 991 5345 φησὶν
1019 5317 1033 5338 ,
1071 5276 1141 5328 ἐν
1171 5273 1371 5345 ἀγάπῃ
1392 5314 1408 5338 ,
1438 5274 1804 5343 αὐξήσωμεν
1860 5278 1950 5341 είς

350 5367 567 5422 αὐτὸν
625 5371 701 5421 τὰ
744 5364 962 5427 πάντα,
989 5364 1056 5429 ὅς
1088 5366 1256 5419 ἐστιν
1286 5367 1326 5434 ἠ
1348 5364 1579 5435 κεφαλὴ
1611 5367 1643 5418 ό
1672 5365 1947 5432 Χριστὸς,

349 5462 436 5525 ἐξ
470 5454 557 5514 οὗ
582 5457 705 5513 πᾶν
722 5458 789 5512 τὸ
819 5456 1009 5525 σῶμα,
1032 5456 1148 5511 ἀπὸ
1173 5457 1278 5511 τοῦ
1312 5456 1585 5525 Χριστοῦ,
1614 5458 1768 5526 φησὶ,
1797 5470 1945 5510 συνο

353 5552 910 5621 αρμσλογούμενον
943 5547 1560 5618 καὶσυμϐιϐαζόμενον
1597 5548 1693 5601 διὰ
1745 5547 1948 5613 πάσης

351 5641 549 5712 ἁξεῆς
580 5639 689 5709 τῆς
733 5638 1150 5709 ἐπιχορηγίας,
1175 5638 1299 5692 κατ’
1332 5639 1633 5707 ἐνέργειαν
1659 5639 1727 5691 ἐν
1752 5639 1944 5707 μέτρῳ

2012 730 2120 783 ἀπὸ
2159 729 2253 782 τοῦ
2300 732 2601 799 ἐγκεφάλου
2666 732 3020 798 καταϐαῖνον,
3076 733 3138 786 16
3183 734 3273 788 διὰ
3315 736 3422 789 τῶν
3466 738 3583 789 νεύ-

2017 839 2127 893 ρων
2156 820 2263 893 [τὸ]
2291 822 2610 892 αίσθητικὸν
2637 823 2737 894 οὐχ
2759 824 2947 886 ἁπλῶς
2973 826 3155 878 δίδωσι
3187 829 3352 880 πᾶσιν
3388 865 3404 891 ,
3446 828 3582 881 ἀλλὰ

2015 911 2158 966 κατὰ
2216 912 2505 980 ἀναλογίαν
2565 914 2795 967 ἑκάστου
2857 914 3050 985 μέλους
3076 957 3092 981 ,
3153 917 3233 987 τῷ
3280 917 3381 988 μέν
3406 918 3583 972 ,δυνα-

2019 1003 2165 1074 μένῳ
2198 1003 2360 1057 πλέον
2405 1003 2678 1068 δέξασθαι,
2708 1004 2890 1067 πλέον,
2922 1006 2999 1076 τῷ
3025 1006 3080 1060 δέ
3106 1007 3333 1073 ἐλάττω,
3365 1009 3585 1065 ἔλαττον

2018 1096 2195 1167 (τοῦτο
2254 1097 2363 1169 γάρ
2416 1100 2612 1168 ἐστινὴ
2659 1099 2804 1167 ῥίζα,
2840 1098 2902 1151 16
2944 1098 3217 1170 πνεύμαν
3251 1099 3391 1153 οὕτω
3435 1102 3587 1156 καὶὸ

2016 1186 2254 1256 Χριστός
2288 1202 2301 1215 ⁸
2334 1187 2589 1257 καθάπερ
2613 1188 2722 1256 γὰρ
2754 1187 2931 1256 μελῶν
2958 1187 3066 1240 τῶν
3090 1187 3278 1257 ψυχῶν
3314 1193 3392 1251 είς
3422 1190 3586 1243 αὑτὸν

2018 1277 2430 1348 ἁνηρτημένων,
2466 1280 2500 1349 ἡ
2528 1281 2753 1351 πρόνοια
2805 1279 2969 1332 αὐτοῦ
3012 1282 3107 1333 καὶ
3156 1282 3189 1349 ἡ
3219 1283 3451 1351 χορηγία
3476 1282 3585 1334 τῶν

2021 1372 2374 1442 χαρισμάτων
2430 1372 2573 1425 κατὰ
2615 1373 2906 1441 ἀναλογίαν
2962 1373 3020 1425 ἐν
3083 1372 3265 1442 μέτρῳ
3319 1373 3417 1441 τὴν
3468 1373 3586 1436 ἐνὸς

2020 1462 2250 1514 ἑκάστου
2276 1462 2468 1532 μέλους
2492 1462 2718 1533 αύξησιν
2738 1466 2993 1517 ποιεῖται.
3017 1463 3082 1515 Τί
3104 1464 3161 1515 δέ
3189 1464 3326 1527 ἐστι,
3342 1463 3443 1516 Διὰ
3474 1461 3586 1531 τῆς

2019 1550 2181 1621 ἀρῆς
2218 1551 2328 1618 τῆς
2354 1553 2742 1623 ἐπιχορηγίας
2773 1570 2793 1617 ;
2830 1554 3115 1617 Τουτέστι,
3143 1554 3232 1608 διὰ
3262 1554 3363 1623 τῆς
3396 1554 3588 1625 αίσθή-

2023 1658 2177 1705 σεως.
2209 1642 2282 1695 T6
2330 1644 2440 1713 γὰρ
2490 1643 2706 1713 πνεῦμα
2768 1646 2947 1697 ἐκεῖνο
2976 1645 3036 1697 16
3084 1644 3586 1714 ἐπιχορηγούμενον

2021 1734 2135 1795 τοῖς
2157 1731 2375 1803 μέλεσιν
2403 1733 2510 1786 ἀπὸ
2540 1734 2641 1805 τῆς
2685 1734 2951 1803 κεφαλῆς,
2970 1733 3088 1805 [85]
3125 1734 3356 1787 ἐκάστου
3390 1734 3587 1804 μέλους

2022 1821 2329 1891 ἀπτόμενον
2348 1820 2520 1885 οὕτως
2548 1823 2781 1892 ἐνεργεῖ.
2797 1823 2885 1885 Ὠς
2911 1822 2975 1875 άν
3011 1839 3094 1885 τις
3122 1824 3264 1875 εῐποι
3283 1838 3297 1853 ⁸
3329 1821 3403 1875 T6
3431 1824 3588 1891 σῶμα

2023 1911 2555 1983 ἀντιλαμϐανόμενον
2593 1914 2693 1982 τῆς
2731 1913 3108 1985 ἐπιχορηγίας.
3134 1912 3275 1966 κατὰ
3298 1911 3588 1980 ἀναλογίαν

2024 2002 2133 2054 τῶν
2187 2005 2245 2055 ἐν
2290 2002 2441 2073 αὐτῴ
2468 2003 2670 2072 μελῶν,
2690 2002 2837 2056 οὕτω
2857 2006 3093 2056 ποιεῖται
3120 2003 3220 2073 τὴν
3248 2001 3474 2071 αὔξησιν
3507 2019 3520 2032 ο
3555 2002 3588 2072 ἢ

2024 2093 2228 2164 ἑτέρως
2259 2108 2273 2123 ·
2311 2093 2393 2146 Τὰ
2447 2094 2582 2165 μέλη
2634 2095 2775 2147 κατὰ
2812 2094 2911 2165 τὴν
2948 2094 3239 2161 ἀναλογίαν
3263 2093 3359 2146 τοῦ
3391 2092 3589 2146 οίκείου

2033 2185 2235 2255 μέτρου
2260 2184 2523 2255 δεχόμενα
2552 2186 2649 2256 τὴν
2673 2186 3056 2256 ἐπιχορηγίαν,
3082 2185 3253 2248 οὕτως
3285 2183 3530 2249 αὗξεταν
3551 2181 3589 2255 ἢ

2027 2277 2122 2330 καὶ
2203 2276 2447 2347 ἐτέρως·
2495 2277 2569 2330 T6
2642 2278 2859 2348 πνεῦμα
2914 2278 3119 2332 ἄνωθεν
3193 2277 3587 2348 ἐπιρρεόμενον

2027 2363 2311 2434 ἀφθόνως,
2360 2368 2456 2420 καὶ
2498 2368 2717 2421 πάντων
2762 2368 3069 2437 ἁπτόμενον
3114 2367 3221 2420 τῶν
3266 2367 3464 2437 μελῶν,
3489 2367 3585 2419 καὶ

2029 2457 2452 2527 χορηγούμενον,
2482 2456 2558 2520 ὡς
2590 2458 2823 2511 ἕκαστον
2860 2457 3083 2511 δύναται
3121 2457 3393 2523 δέξασθαι,
3419 2455 3592 2521 οὕτως

2029 2550 2272 2615 αὒξεται.
2320 2553 2474 2617 Τίνος
2501 2552 2557 2605 δὲ
2590 2552 2777 2605 ’ἐνεκεν
2803 2554 3164 2623 προσέθηκεν,
3220 2553 3315 2604 Ἐν
3352 2550 3593 2620 ardua;

2029 2643 2104 2694 Ού
2136 2641 2244 2713 γὰρ
2266 2641 2436 2704 ἄλλως
2465 2642 2543 2694 ἔνι
2563 2642 2840 2695 κατελθεῖν
2862 2646 3037 2696 ἐκεῖνο
3081 2644 3142 2695 16
3187 2643 3424 2712 πνεῦμα.
3450 2641 3596 2693 me-

2031 2733 2173 2801 άπερ
2201 2734 2309 2804 γὰρ
2334 2773 2350 2798 ,
2382 2735 2431 2787 εί
2460 2733 2611 2804 τύχοι
2634 2734 2751 2805 χεὶρ
2775 2734 3186 2788 ἀποσπασθεῖσα
3204 2733 3298 2786 τοῦ
3324 2733 3594 2803 σώματος,

2030 2821 2091 2873 16
2116 2821 2326 2891 πνεῦμα
2369 2821 2429 2875 16
2475 2822 2581 2875 ἀπὸ
2606 2823 2699 2877 τοῦ
2741 2824 3045 2892 ἐγκεφάλου
3075 2825 3173 2893 τὴν
3196 2824 3478 2893 συνέχειαν
3497 2822 3596 2892 ζη-

2031 2908 2179 2967 τοῦν.
2204 2910 2296 2962 καὶ
2321 2909 2396 2982 μὴ
2430 2911 2608 2980 εὐρὺν,
2643 2913 2742 2965 οὐκ
2773 2913 3053 2980 ἐξάλλεται
3087 2913 3181 2965 τοῦ
3209 2913 3476 2983 σώματος,
3504 2915 3600 2966 καὶ

2032 2996 2326 3067 διατρῆσαν
2386 2997 2522 3067 πρὸς
2576 2998 2672 3069 τὴν
2713 3003 2869 3069 χεῖρα
2922 3000 3225 3070 ἐξέρχεται,
3274 3002 3388 3055 ἀλλ’
3421 3001 3487 3055 ἂν
3523 3003 3598 3069 μὴ

2035 3089 2171 3161 εὕρῃ
2188 3090 2434 3161 κείμενον
2448 3103 2494 3158 α,
2521 3092 2618 3162 οὐχ
2644 3090 2895 3146 ἆπτεται’
2925 3093 3068 3147 οὕτω
3097 3096 3191 3147 καὶ
3218 3094 3473 3159 ἐνταῦθα,
3504 3095 3601 3146 ἐάν

2038 3179 2112 3247 μὴ
2142 3172 2292 3247 ὦμεν
2321 3180 2387 3249 τῇ
2413 3179 2607 3251 ἀγάπῃ
2636 3179 3007 3249 συνδεδεμένοι
3042 3180 3094 3233 ι).

2105 3338 2363 3392 δ’.Ταῦτα
2382 3339 2446 3407 δὴ
2477 3340 2652 3392 πάντα
2680 3338 2814 3410 πρὸς
2841 3337 3336 3408 ταπεινοφροσύνην
3360 3335 3508 3408 αὐτῷ
3525 3339 3606 3391 ετ-

2042 3445 2221 3498 ρηται.
2246 3429 2311 3480 Τί
2349 3428 2476 3498 γάρ,
2506 3429 2689 3497 φησὶν,
2723 3430 2771 3479 εί
2805 3427 2966 3481 πλέον
2998 3427 3315 3497 λαμϐάνεοό
3338 3428 3513 3494 δεῖνα;
3543 3430 3606 3482 16

2040 3520 2170 3572 αὐτὸ
2194 3518 2410 3588 πνεῦμα
2436 3518 2780 3581 ἐλαϐενιλὰπὺ
2800 3520 2897 3589 τῆς
2925 3520 3094 3591 αὐτῆς
3124 3520 3363 3592 κεφαλῆς
3395 3524 3606 3593 ἐκπεμ-

2041 3612 2292 3681 πόμενον,
2310 3610 2506 3681 ὁμοίως
2522 3610 2794 3682 ἐνεργοῦν,
2823 3613 3022 3683 ὁμοίως
3038 3613 3362 3683 ἁπτόμενον,
3382 3616 3608 3683 Συναρ-

2035 3706 2481 3774 μολογούμενον
2489 3705 2585 3758 καὶ
2600 3703 3119 3775 συμὸιόιιζόμενον,
3131 3705 3393 3771 τουτέστι,
3410 3708 3607 3778 πολλῆς

2042 3793 2310 3847 ἀπολαῦον
2346 3794 2442 3863 τῆς
2465 3794 2798 3864 ἐπιμελείας.
2837 3797 2911 3849 Οὐ
2942 3798 3050 3866 γὰρ
3072 3797 3276 3859 ἁπλῶς,
3309 3798 3446 3850 ἀλλὰ
3477 3800 3608 3867 σφό-

2041 3887 2138 3953 δρα
2168 3884 2426 3953 τεχνικῶς
2448 3884 2525 3937 δεῖ
2546 3884 2755 3937 κεῖσθαι
2785 3888 2845 3939 τ’)
2875 3887 3051 3956 σῶμα·
3084 3887 3179 3948 ὡς,
3205 3889 3296 3940 ἐὰν
3320 3889 3411 3940 16v
3442 3888 3608 3940 τόπον

2041 3975 2196 4045 ἐκϐῇ,
2243 3975 2427 4028 οὐκέτι
2456 3978 2647 4028 κεῖται.
2684 3976 2844 4027 Ὥστε
2871 3978 2967 4045 οὐχ
3011 3977 3248 4045 ἡνῶσθαι
3276 3977 3352 4045 τῷ
3396 3976 3606 4045 σώματι

2041 4068 2120 4119 δεῖ
2160 4069 2338 4137 μόνον,
2383 4067 2515 4120 ἀλλὰ
2546 4066 2638 4119 καὶ
2687 4066 2778 4118 τὸν
2821 4067 3014 4117 οἰκεῖον
3058 4068 3220 4118 τόπον
3265 4068 3501 4137 ἐπέχειν,
3532 4068 3607 4131 ὼς

2044 4158 2135 4209 ἐὰν
2163 4159 2426 4227 ύπερϐᾖς,
2476 4157 2572 4226 οὐχ
2609 4157 2835 4226 ἤνωσαι,
2870 4156 2990 4207 οὐδὲ
3023 4156 3151 4228 δέχῃ
3183 4157 3241 4209 16
3272 4158 3508 4226 πνεῦμα.
3539 4160 3607 4211 Ἢ

2044 4252 2140 4319 οὐχ
2167 4252 2296 4321 ὁρᾷς
2331 4251 2387 4301 ἐν
2420 4252 2537 4311 ταῖς
2582 4251 2686 4300 τῶν
2725 4248 2895 4300 ὀστῶν
2946 4249 3267 4318 μεταθέσεσι
3306 4254 3424 4312 ταῖς
3469 4251 3612 4304 κατά

2045 4358 2163 4393 τινα
2193 4340 2506 4409 περίστασιν
2535 4337 2984 4407 συμϐαινούσαις,
3019 4341 3145 4392 ὅταν
3188 4341 3274 4391 16v
3303 4342 3498 4392 οἰκεῖον
3520 4342 3609 4393 τό·

2046 4445 2145 4481 πον
2176 4428 2435 4497 ὑπερϐὰν,
2471 4428 2560 4479 τὸν
2591 4428 2775 4499 ἐτέρου
2800 4428 3024 4498 κατέχῃ,
3062 4427 3176 4489 πῶς
3205 4428 3281 4497 τῷ
3311 4429 3471 4479 παντὶ
3503 4428 3609 4480 σὼ-

2052 4538 2177 4590 ματι
2216 4519 2548 4588 λυμαίνεται,
2601 4520 2694 4572 καὶ
2728 4518 2955 4571 θάνατον
3005 4518 3263 4580 πολλάκις
3295 4518 3608 4587 εἰργάσατο,

2049 4615 2159 4665 ἔστι
2186 4612 2242 4664 δέ
2272 4611 2405 4662 ὅπου
2428 4610 2521 4662 καὶ
2558 4610 2772 4675 ἀνάξιον
2800 4610 2996 4680 εὑρέθη
3037 4609 3220 4662 λοιπὸν
3258 4609 3350 4661 τοῦ
3387 4609 3612 4678 κατέχε-

2052 4706 2201 4771 σθαι;
2234 4703 2417 4756 πολλοὶ
2444 4704 2551 4772 γὰρ
2584 4703 2839 4765 πολλάκις
2868 4703 3002 4754 αὐτὸ
3047 4703 3399 4770 ἐκκόψαντες,
3434 4701 3613 4753 διάκε-

2050 4816 2137 4851 νον
2171 4797 2261 4851 τὸν
2284 4797 2447 4849 τόπον
2484 4796 2765 4866 ἐποίησαν.
2818 4793 3098 4864 Πανταχοῧ
3129 4794 3237 4864 γὰρ
3268 4795 3300 4864 η
3332 4791 3611 4858 πλεονεξία

2052 4890 2237 4944 κακόν.
2267 4889 2377 4943 Καὶ
2406 4889 2625 4941 ἐπὶτῶν
2663 4887 2937 4958 στοιχείων
2974 4888 3049 4951 δὲ,
3092 4888 3217 4939 ὅταν
3263 4887 3360 4955 τὴν
3402 4886 3613 4937 οἰκείαν

2052 4983 2252 5051 ἀφέντα
2268 4981 2601 5050 συμμετρίαν
2625 4980 2910 5049 πλεονάσῃ,
2927 4978 2987 5029 1'0
3011 4980 3114 5030 πᾶν
3134 4977 3194 5028 λυ
3204 4977 3468 5045 μαίνεται.
3484 4976 3618 5027 ’1ὀῦ-

2051 5077 2110 5129 τό
2147 5079 2262 5129 ἐστι
2289 5074 2351 5126 16
2378 5072 3042 5139 Συνιιρμολογούμενον,
3063 5066 3159 5120 καὶ
3192 5064 3583 5134 συμϐιϐαζόμε
3602 5097 3614 5105 -

2050 5186 2179 5222 νον.
2200 5169 2361 5220 Ὥστε
2383 5166 2608 5218 ἕκαστον
2629 5165 2719 5214 ἐπὶ
2739 5161 2837 5229 τῆς
2858 5160 3062 5220 οἰκείας
3091 5159 3268 5228 μένειν
3291 5157 3496 5227 χώρας,
3521 5159 3616 5209 καί

2055 5262 2130 5331 μὴ
2157 5262 2256 5329 τῆς
2284 5259 2472 5329 ἐτέρας
2505 5255 2595 5307 καὶ
2629 5254 2790 5322 μηδὲν
2821 5251 2968 5318 αὐτῷ
3003 5251 3381 5319 προσηκούσης
3402 5248 3614 5302 ἐπιϐαίη

2052 5372 2182 5419 νειν,
2216 5352 2462 5421 ἐννόησον
2486 5350 2605 5400 ὅσον
2635 5343 2768 5396 ἐστί.
2799 5343 2869 5394 Σὺ
2904 5343 2972 5394 τὰ
3005 5342 3135 5412 μέλη
3166 5343 3446 5403 συντιθείς,
3484 5340 3613 5390 ἐκεῖ‹

2118 5583 2142 5610 a
2169 5563 2432 5631 Kazué'mv?
2615 5623 2635 5631 λ
2668 5623 2687 5631 _
2764 5622 2774 5631 ,
2925 5623 2933 5631 ,
3055 5621 3074 5629 -
3214 5620 3223 5631 ,

2118 5633 2143 5672 b
2174 5622 2309 5679 Um'ls
2328 5628 2502 5680 codex,
2526 5622 2864 5682 συνδεδεμένοι,
2890 5623 2944 5669 τὸ
2967 5622 3148 5682 mai-,1:
3171 5622 3372 5665 κάτεισι.
