3932 6220
305 380 365 437 35
1199 367 1263 423 lN
1302 363 1515 422 EPIST.
1563 362 1652 418 AD
1693 358 1938 417 eruas.
1980 357 2134 415 CAP.
2177 360 2262 416 tv.
2307 362 2532 419 HOMIL.
2577 362 2667 419 x1.
3494 364 3563 420 se

304 501 458 557 misso
483 497 650 553 alium
677 502 844 560 tenet,
874 488 1144 563 quomodo
1182 498 1350 543 totum
1384 498 1579 554 corpus
1625 479 1792 546 lmdit,
1814 486 1873 533 et

304 608 436 662 stupe
466 599 690 645 mortem
717 586 892 651 affert,
917 594 973 640 et
995 598 1138 655 saepe
1166 582 1328 638 etiam
1359 580 1426 634 de
1453 587 1650 635 caetero
1678 578 1864 631 inven-

306 695 407 738 tum
434 690 514 736 est
546 680 814 748 indignum
836 675 977 746 quod
1006 672 1337 728 retineatur?
1363 669 1516 725 multi
1556 669 1699 724 enim
1726 682 1871 735 szepe

310 788 370 828 eo
405 770 605 835 exciso,
656 769 831 822 locum
888 767 1128 820 fecerunt
1177 777 1425 817 vacuum.
1468 760 1693 829 Semper
1726 758 1870 813 enim

308 864 494 917 malum
522 871 602 915 est
636 860 708 924 id,
740 859 882 930 quod
923 857 1206 913 redundat.
1238 857 1302 911 Et
1343 855 1396 909 in
1423 854 1708 909 elementis
1736 866 1871 920 quo—

306 969 400 1022 que
437 952 649 1022 quando
686 966 782 1005 sua
812 951 996 1005 relicta
1037 948 1347 1021 symmetria
1376 946 1495 1017 plus
1515 960 1672 1015 lluam
1717 943 1875 997 decet

281 1025 702 1108 abundaverit",
750 1042 1082 1096 universitati
1129 1039 1416 1109 perniciem
1467 1037 1714 1092 afferunt.
1763 1036 1877 1092 Hoc

305 1145 382 1189 cst
409 1149 527 1189 esse
554 1144 887 1203 compactum
920 1141 972 1186 et
1002 1146 1324 1186 connexum.
1346 1130 1519 1194 Quare
1542 1129 1878 1198 unumquod-

307 1242 403 1295 que
442 1227 493 1280 in
524 1241 622 1280 suo
667 1225 788 1279 loco
817 1238 1055 1284 manere,
1102 1234 1201 1276 nec
1244 1221 1297 1274 in
1343 1220 1569 1274 alterum
1614 1220 1877 1274 excedere

305 1333 403 1372 non
442 1316 871 1380 convenientem,
916 1321 1170 1384 quantum
1199 1313 1269 1367 sit
1297 1312 1493 1382 cogita.
1527 1311 1606 1367 Tu
1637 1309 1876 1366 membra

304 1409 614 1476 componis;
642 1407 732 1460 ille
770 1405 1000 1474 desuper
1029 1404 1399 1459 subministrat
1442 1418 1506 1459 ac
1550 1403 1873 1474 suppeditat.

302 1500 368 1556 Ut
396 1500 541 1554 enim
570 1501 622 1551 in
646 1511 872 1567 corpore
898 1505 1021 1550 sunt
1059 1494 1320 1564 ejusmodi
1361 1495 1715 1550 instrumenta
1755 1503 1878 1563 apta

303 1589 367 1642 ad
396 1588 790 1656 suscipiendum
813 1628 828 1652 ,
856 1586 924 1639 ita
951 1586 1111 1640 etiam
1142 1586 1193 1639 in
1221 1584 1410 1663 Spiritu
1431 1624 1446 1650 ,
1479 1600 1600 1639 cum
1629 1585 1700 1639 sit
1719 1583 1881 1638 desu-

304 1695 401 1749 per
429 1679 673 1732 universa
707 1677 855 1731 radix
888 1694 901 1730 :
936 1684 993 1728 ut
1020 1690 1114 1729 cor
1142 1685 1223 1728 est
1250 1674 1405 1728 radix
1446 1674 1687 1744 spiritus,
1727 1675 1881 1740 jecur

303 1769 595 1839 sanguinis,
629 1768 735 1822 lien
785 1767 908 1820 bilis
934 1807 949 1829 ,
989 1774 1044 1820 et
1082 1765 1185 1819 alia
1229 1765 1454 1820 alterius
1486 1780 1503 1818 :
1534 1764 1649 1819 haec
1699 1773 1880 1819 autem

303 1862 482 1914 omnia
524 1859 721 1913 habent
764 1873 981 1913 causam
1020 1873 1048 1909 a
1096 1856 1463 1912 cerebro:sic
1502 1856 1641 1910 Deus
1668 1868 1882 1926 quoque

305 1952 452 2018 fecit,
499 1952 768 2005 hominem
813 1950 967 2004 valde
1023 1949 1313 2017 honoratis,
1359 1957 1414 2004 et
1472 1950 1661 2005 nolens
1701 1949 1769 2005 ab
1814 1964 1883 2004 eo

302 2044 511 2105 abesse,
543 2051 602 2095 ut
627 2043 715 2111 qui
741 2043 856 2110 ipse
885 2040 1101 2110 quidem
1128 2056 1346 2095 causam
1382 2055 1413 2094 a
1439 2055 1499 2095 se
1526 2040 1758 2110 pendere
1783 2055 1881 2094 vo-

303 2135 496 2199 luerit,
539 2133 639 2187 sibi
687 2140 865 2186 autem
909 2132 1185 2199 adjutores
1221 2132 1595 2196 constituerit;
1643 2139 1699 2186 et
1738 2130 1883 2185 illum

298 2225 525 2294 quidem
555 2224 621 2277 ad
651 2222 774 2286 hoc,
805 2222 950 2277 hunc
974 2236 1104 2276 vero
1131 2222 1195 2276 ad
1238 2220 1368 2276 illud
1407 2221 1663 2291 posuerit.
1688 2220 1886 2276 Exem-

299 2315 373 2384 pli
406 2328 572 2368 causa
604 2312 877 2382 apostolus
905 2323 988 2367 est
1026 2326 1121 2367 vas
1148 2312 1384 2368 omnium
1431 2314 1670 2380 corporis
1697 2313 1889 2383 prteci—

300 2422 495 2475 puum,
524 2406 592 2460 ab
622 2406 741 2474 ipso
791 2406 969 2460 omnia
1010 2405 1298 2475 accipiens.
1350 2406 1704 2472 Quamobrem
1751 2416 1888 2460 tam-

301 2514 469 2567 quam
500 2512 597 2568 per
624 2511 791 2551 venas
816 2507 869 2552 et
897 2498 1141 2564 arterias,
1173 2499 1321 2554 verbi
1363 2498 1600 2568 inquam,
1649 2496 1776 2553 facit
1821 2498 1890 2554 ad

301 2604 501 2644 omnes
548 2603 768 2644 currere
811 2589 973 2642 vitam
1020 2597 1294 2642 aeternam.
1337 2589 1606 2660 Propheta
1651 2588 1892 2660 pnedicit

304 2680 515 2745 futura,
543 2688 598 2734 et
638 2680 752 2749 ipse
803 2678 990 2734 eadem
1030 2679 1280 2735 adstruit.
1310 2681 1376 2735 Et
1404 2680 1492 2736 ille
1532 2680 1746 2751 quidem
1768 2695 1890 2735 ossa

302 2773 622 2842 componit;
652 2772 765 2843 ipse
792 2773 871 2828 eis
892 2770 1052 2826 vitam
1081 2772 1407 2842 suppeditat.
1437 2773 1517 2829 Ad
1537 2775 1893 2846 perfectionem

301 2875 622 2931 sanctorum,
642 2865 710 2918 ad
734 2881 861 2936 Opus
884 2865 1172 2920 ministerii.
1200 2866 1407 2922 Caritas
1442 2867 1669 2923 :edificat
1692 2876 1747 2924 et
1777 2867 1891 2923 effi-

303 2959 380 3013 cit
407 2968 473 3012 ut
505 2958 643 3012 inter
672 2972 731 3012 se
758 2959 1215 3027 conglutinentur,
1244 2960 1655 3028 compingantur
1679 2968 1734 3013 et
1762 2975 1894 3014 con-

300 3051 622 3122 juugantur.
654 3049 713 3105 Si
735 3050 981 3106 volumus
1007 3065 1138 3121 ergo
1168 3050 1268 3105 frui
1295 3050 1486 3120 spiritu
1530 3052 1617 3120 qui
1657 3051 1899 3119 procedit

306 3158 337 3196 a
381 3142 587 3212 capite,
615 3142 750 3195 alter
793 3141 947 3195 alteri
997 3142 1389 3196 adluereamus.
1435 3140 1568 3195 Nam
1612 3141 1731 3196 dua:
1772 3149 1899 3194 sunt

232 3282 241 3287 -
306 3238 611 3292 divisiones
666 3251 696 3290 a
751 3250 977 3305 corpore
1038 3235 1437 3300 ecclesiastico;
1491 3249 1594 3289 una
1638 3233 1894 3303 quidem,

312 3327 534 3396 quando
564 3324 932 3381 refrixerimus
962 3324 1014 3378 in
1040 3325 1302 3390 caritate;
1329 3324 1560 3380 secunda
1590 3334 1766 3379 autem
1793 3339 1896 3392 qua

308 3418 433 3473 ausi
464 3416 725 3471 fuerimus
763 3430 825 3470 ea
867 3415 1075 3481 facere,
1102 3431 1222 3485 quae
1250 3425 1375 3471 sunt
1403 3415 1616 3485 indigna
1651 3424 1707 3469 ut
1730 3416 1900 3470 simus

309 3510 365 3563 in
389 3511 487 3566 illo
507 3524 735 3579 corpore
763 3526 779 3575 ;
806 3519 1034 3578 utroque
1069 3508 1209 3562 enim
1240 3507 1401 3563 modo
1444 3523 1543 3563 nos
1588 3522 1901 3578 separamus

308 3616 340 3654 a
365 3602 532 3670 pleno
559 3602 652 3656 illo
681 3611 968 3656 conventu.
998 3600 1151 3667 Quod
1182 3601 1225 3656 si
1246 3601 1493 3656 collocati
1523 3616 1587 3655 ac
1623 3603 1899 3656 constituti

310 3705 508 3747 sumus
533 3702 590 3746 ut
610 3693 743 3746 alios
773 3692 837 3746 ad
868 3693 967 3747 hoc
996 3692 1343 3759 aedificemus,
1363 3692 1450 3762 qui
1481 3692 1627 3762 prius
1653 3693 1903 3748 scindunt

307 3783 449 3850 quid
478 3797 586 3836 non
614 3781 921 3850 patientur?
946 3783 1086 3837 Nihil
1109 3783 1403 3838 Ecclesiam
1435 3800 1585 3853 :eque
1616 3792 1791 3852 potest
1823 3783 1902 3838 di-

307 3872 532 3937 videre,
566 3881 624 3925 ut
647 3872 864 3926 ambitio
891 3882 943 3927 et
983 3889 1133 3929 amor
1159 3874 1366 3942 imperii
1407 3884 1459 3929 et
1486 3874 1708 3944 gerendi
1740 3875 1903 3944 magi-

305 3971 529 4017 stratus
558 3979 573 4016 :
598 3963 731 4016 nihil
759 3964 920 4017 Deum
948 3980 1098 4035 asque
1126 3965 1299 4019 irritat
1323 3973 1483 4033 atque
1520 3965 1745 4019 divisam
1785 3980 1904 4019 esse

310 4053 643 4109 Ecclesium.
698 4054 914 4110 Etiamsi
968 4055 1103 4111 bona
1148 4055 1434 4110 fecerimus
1474 4056 1898 4120 innumerabilia,

311 4160 429 4200 non
490 4145 746 4210 minores,
794 4161 951 4216 quam
1005 4147 1096 4215 qui
1149 4146 1267 4216 ejus
1316 4161 1511 4217 corpus
1556 4148 1903 4213 discindunt,

312 4251 515 4303 pinnas
544 4237 810 4302 dabimus,
841 4238 930 4307 qui
963 4237 1177 4307 plenum
1223 4239 1640 4293 ecclesiasticum
1667 4253 1905 4293 conven-

314 4340 435 4383 tum
466 4330 886 4385 consciudimus.
917 4330 1050 4385 Nam
1083 4330 1213 4384 illttd
1243 4331 1460 4400 quidem
1494 4331 1689 4385 factum
1732 4341 1813 4386 est
1839 4331 1904 4384 ad

314 4420 536 4475 lucrum
559 4421 706 4475 orbis
732 4429 1020 4484 terrarum,
1060 4423 1160 4476 etsi
1190 4437 1294 4476 non
1323 4438 1388 4477 eo
1413 4426 1592 4476 animo
1625 4441 1637 4476 :
1666 4423 1766 4476 hoc
1814 4439 1910 4476 au-

316 4520 433 4566 tem
453 4512 652 4566 nullam
680 4528 901 4583 usquam
926 4513 1084 4568 habet
1106 4514 1409 4576 utilitatem,
1434 4514 1526 4568 sed
1553 4530 1615 4569 ex
1643 4530 1708 4570 eo
1729 4513 1909 4567 daumi

314 4612 405 4656 est
435 4603 745 4672 plurimum.
779 4604 902 4660 Hzec
931 4621 961 4658 a
989 4621 1077 4660 me
1105 4605 1245 4661 dicta
1295 4616 1419 4661 sunt
1467 4622 1570 4660 non
1619 4607 1791 4660 solum
1834 4608 1898 4660 ad

317 4709 421 4747 eos
449 4694 543 4763 qui
570 4704 759 4764 gerunt
788 4697 1150 4767 magistratus,
1198 4699 1292 4751 sed
1329 4699 1487 4750 etiam
1515 4697 1578 4751 ad
1607 4713 1702 4753 eos
1728 4699 1816 4768 qui
1847 4699 1913 4752 ab

316 4787 434 4838 illis
467 4796 749 4857 reguntur.
786 4788 927 4842 Dixit
955 4798 1134 4844 autem
1165 4790 1246 4843 vir
1272 4790 1485 4860 quidam
1515 4803 1733 4847 sanctus
1755 4791 1905 4860 quid-

317 4877 480 4940 dam,
508 4877 649 4947 quod
681 4894 921 4949 magnam
953 4896 1063 4951 pra:
1090 4896 1149 4936 se
1181 4881 1281 4936 fert
1306 4884 1603 4946 audaciam,
1623 4885 1715 4938 sed
1737 4893 1913 4937 tamen

318 4977 409 5021 est
440 4968 747 5038 cloquutus.
781 4970 917 5036 Quid
952 4970 1052 5025 hoc
1081 4981 1166 5025 est
1189 4982 1366 5027 autem
1390 4972 1413 5023 ?
1436 4974 1577 5031 Dixit
1607 4989 1674 5029 ne
1696 4974 1916 5041 sangui-

322 5073 456 5113 nem
487 5061 700 5129 quidem
743 5062 982 5134 martyrii
1032 5078 1192 5133 posse
1237 5064 1418 5119 delere
1468 5066 1569 5121 hoc
1614 5076 1912 5135 peccatum.

319 5149 463 5203 Nam
495 5150 579 5205 dic
623 5151 774 5214 mihi,
807 5169 1089 5222 quamnam
1120 5155 1190 5209 ob
1215 5169 1432 5209 causam
1460 5171 1521 5210 es
1548 5158 1784 5228 martyr?
1821 5173 1919 5212 an-

325 5255 439 5292 non
480 5254 694 5309 propter
720 5241 918 5296 Christi
946 5244 1219 5313 gloriam?
1248 5245 1348 5312 Qu:
1396 5260 1495 5314 pro
1538 5246 1754 5300 Christo
1796 5250 1918 5303 ani-

325 5350 481 5387 mam
515 5337 761 5405 posuisti,
816 5338 940 5406 quid
998 5339 1270 5408 pepularis
1317 5339 1639 5404 Ecclesiam,
1684 5356 1783 5410 pro
1813 5357 1916 5413 qua

324 5429 583 5484 Christus
611 5445 759 5484 suam
787 5430 1021 5499 profudit
1070 5432 1349 5485 animam?
1389 5433 1526 5487 Audi
1573 5432 1793 5487 Paulum
1839 5434 1920 5487 di-

325 5532 571 5584 centem,
609 5519 728 5573 Non
756 5538 865 5573 sum
894 5522 1075 5591 dignus
1115 5527 1282 5576 uocari
1309 5525 1573 5590 apostolus
1594 5567 1608 5590 ,
1637 5525 1722 5593 qui
1751 5542 1919 5593 perse-

326 5622 521 5678 quutus
539 5626 654 5663 sum
688 5609 964 5664 Ecclesium
990 5610 1087 5665 Dei
1111 5611 1186 5684 (l.
1215 5613 1335 5670 Cor.
1365 5615 1447 5669 l5.
1476 5614 1555 5683 9),
1578 5623 1632 5669 et
1657 5630 1773 5669 eam
1804 5631 1921 5669 sum

329 5700 711 5770 depopulatus.
737 5700 854 5755 Non
882 5712 963 5756 est
989 5703 1088 5757 hoc
1114 5705 1290 5760 minus
1316 5704 1572 5761 damnum
1599 5723 1756 5779 quam
1776 5709 1916 5777 quod

331 5793 560 5847 affertur
612 5793 682 5847 ab
733 5792 982 5862 inimicis,
1029 5795 1121 5849 sed
1166 5798 1335 5850 multo
1385 5799 1578 5868 majus.
1631 5800 1762 5856 Nam
1794 5801 1921 5855 illud

702 5889 966 5949 PATROL.
1006 5890 1121 5948 Gtt.
1166 5892 1355 5959 LXII.

1981 477 2196 548 quidem
2219 492 2340 535 eam
2370 480 2533 536 efficit
2556 481 2873 545 clariorem;
2900 478 3001 535 hoc
3030 489 3207 534 autem
3234 478 3397 535 etiam
3420 477 3560 547 apud

1982 572 2229 628 inimicos
2255 589 2373 628 eam
2405 574 2603 643 probro
2634 588 2697 628 ac
2719 572 2982 629 dedecore
3007 572 3171 625 afficit
3190 611 3204 633 ,
3234 568 3450 641 quando
3476 570 3558 623 sui

1977 665 2071 720 lilii
2100 681 2219 721 eam
2247 666 2389 722 bello
2418 676 2693 737 appetunt.
2728 665 2951 721 Videtur
2979 665 3122 720 enim
3163 678 3413 734 magnum
3441 675 3561 715 esse

1984 758 2184 813 fraudis
2211 758 2465 813 indicium
2488 758 2628 827 apud
2657 771 2778 824 eos,
2809 756 2949 827 quod
2976 755 3069 827 qui
3113 756 3166 808 in
3212 769 3272 808 ea
3300 762 3423 807 sunt
3449 751 3561 805 nati

1981 860 2037 906 et
2058 851 2267 905 educati
2317 859 2373 904 et
2409 850 2525 918 ejus
2569 865 2764 907 arcana
2815 861 3008 906 exacte
3060 846 3381 910 didicerunt,
3415 845 3450 900 ii
3476 860 3562 899 rc-

1982 952 2143 1013 pente
2169 943 2379 1008 mutati,
2411 953 2679 1013 tamquam
2708 943 2909 998 inimici
2938 943 2992 996 in
3016 956 3134 997 eam
3166 942 3273 996 sint
3292 938 3485 993 affecti.

2054 1035 2107 1090 ὅ.
2152 1034 2275 1088 lla-c
2295 1049 2323 1087 τι
2355 1050 2440 1089 me
2465 1035 2605 1089 dicta
2647 1036 2755 1089 sint
2794 1035 2863 1089 ad
2902 1048 3016 1099 eos,
3047 1033 3135 1102 qui
3167 1047 3227 1087 se
3252 1031 3456 1087 dedunt
3484 1028 3569 1081 in-

1983 1124 2389 1179 discriminatim
2430 1125 2517 1190 iis,
2558 1125 2651 1195 qui
2679 1125 2931 1179 scindunt
2978 1123 3300 1178 Ecclesium.
3346 1121 3478 1177 Nam
3518 1120 3563 1173 si

1985 1216 2231 1286 dogmata
2263 1216 2478 1286 quidem
2507 1216 2706 1271 habent
2757 1215 3046 1279 contraria,
3078 1213 3162 1269 vel
3196 1220 3416 1284 propter
3463 1210 3565 1265 hoc

1986 1306 2161 1376 ipsum
2182 1322 2290 1361 non
2321 1306 2676 1362 conveniebat
2701 1321 2821 1362 cum
2855 1307 2959 1361 illis
2980 1305 3194 1360 misceri
3226 1322 3239 1359 :
3270 1302 3353 1357 sin
3385 1312 3562 1356 autem

1987 1398 2173 1454 eadem
2201 1400 2459 1465 sentiunt,
2488 1399 2658 1454 multo
2705 1399 2894 1466 magis.
2934 1396 3148 1463 Quare?
3190 1393 3453 1462 Quoniam
3482 1399 3567 1446 est

1988 1493 2207 1547 morbus
2235 1492 2539 1545 ambitionis
2565 1500 2619 1545 et
2643 1491 2841 1545 amoris
2871 1488 3077 1559 imperii
3120 1497 3174 1544 et
3200 1487 3561 1557 magistratus.

1987 1584 2216 1640 Nescitis
2236 1584 2361 1655 quid
2380 1587 2517 1655 passi
2540 1595 2663 1639 sunt
2678 1585 2837 1646 Core,
2860 1583 3066 1638 Dathan
3088 1590 3142 1637 et
3164 1580 3362 1636 Abiron
3386 1578 3409 1631 ?
3441 1592 3566 1630 num

1990 1679 2087 1746 ipsi
2121 1679 2265 1733 soli?
2291 1694 2468 1733 annon
2496 1679 2654 1733 etiam
2686 1677 2722 1733 ii
2749 1678 2839 1748 qui
2879 1687 3035 1733 erant
3077 1692 3198 1732 cum
3230 1676 3401 1745 ipsis?
3430 1672 3566 1742 Quid

1990 1771 2158 1825 dicis?
2188 1771 2373 1826 eadem
2405 1781 2489 1825 est
2520 1771 2672 1835 fides,
2715 1770 2790 1826 illi
2831 1786 3043 1841 quoque
3086 1779 3210 1824 sunt
3248 1766 3568 1822 orthodoxi?

1990 1879 2087 1917 cur
2131 1878 2260 1934 ergo
2311 1878 2414 1917 non
2456 1872 2579 1917 sunt
2629 1862 2948 1917 nobiscum?
2975 1860 3120 1915 Unus
3160 1859 3439 1921 Dominus,
3466 1871 3572 1908 una

1991 1954 2140 2022 ﬁdes,
2163 1969 2317 2007 unum
2361 1953 2626 2023 baptisma.
2678 1952 2733 2008 Si
2784 1967 2869 2007 res
2911 1952 3123 2007 illorum
3157 1957 3300 2003 recte
3332 1948 3568 2011 habent,

1993 2055 2191 2101 nostrre
2221 2049 2391 2114 male;
2424 2048 2469 2104 si
2507 2065 2595 2105 res
2639 2059 2837 2104 nostrae
2862 2050 3021 2114 bene,
3054 2062 3142 2102 res
3169 2046 3379 2100 illorum
3408 2041 3568 2095 male.

1995 2137 2228 2206 Parvuli,
2249 2140 2439 2211 inquit,
2461 2143 2784 2211 ﬂuctuantes,
2807 2151 2852 2195 et
2879 2141 2965 2212 qui
2991 2139 3417 2208 circumferuntur
3436 2135 3574 2190 οηρηὶ

1995 2241 2159 2284 vento.
2187 2231 2610 2296 Existimatisne,
2636 2249 2838 2304 quaeso,
2869 2233 3115 2288 sufficere
3135 2232 3178 2286 si
3196 2232 3405 2287 dicatur
3432 2229 3574 2298 quod

1996 2322 2103 2375 sint
2131 2321 2415 2377 orthodoxi
2441 2363 2455 2387 ,
2488 2333 2671 2394 pereat
2698 2334 2876 2379 autem
2921 2333 2975 2379 et
3005 2324 3235 2378 intereat
3262 2321 3527 2377 ordinatio
3551 2319 3576 2371 τ

2000 2411 2063 2465 Et
2084 2412 2208 2481 quid
2237 2422 2464 2482 prosunt
2509 2414 2634 2477 alia,
2668 2415 2711 2469 si
2738 2430 2800 2470 ea
2844 2431 2947 2469 non
2991 2415 3061 2469 sit
3108 2422 3295 2469 exacta
3335 2423 3389 2467 et
3415 2425 3575 2465 aecu-

1998 2511 2112 2557 rata
2134 2504 2156 2557 ?
2178 2501 2331 2559 Sicut
2357 2503 2499 2559 enim
2528 2521 2623 2576 pro
2655 2505 2779 2570 fide,
2808 2507 2877 2561 ita
2906 2507 3067 2561 etiam
3097 2521 3195 2575 pro
3223 2504 3322 2559 hac
3337 2517 3577 2573 pugnan-

1997 2592 2123 2649 dum
2145 2602 2249 2650 est.
2274 2593 2407 2649 Nam
2436 2594 2481 2650 si
2510 2595 2726 2652 cuilibet
2777 2596 2901 2651 licet
2943 2611 3067 2650 suas
3101 2595 3323 2664 implere
3363 2607 3574 2651 manus.

2000 2693 2059 2739 ut
2099 2684 2348 2740 dicebant
2393 2694 2623 2753 veteres,
2681 2695 2736 2742 et
2782 2686 2898 2743 fieri
2945 2686 3273 2753 sacerdotes,
3321 2684 3578 2741 accedant

2002 2791 2229 2831 omnes:
2258 2775 2453 2832 frustra
2495 2777 2595 2832 fuit
2636 2778 2753 2832 haec
2799 2793 2892 2833 ara
2938 2777 3218 2842 aedificata,
3272 2778 3468 2832 frustra
3494 2785 3580 2832 est

2003 2867 2193 2938 plenus
2221 2868 2473 2923 Ecclesire
2502 2878 2822 2933 conventus,
2879 2869 3071 2923 frusmi
3121 2878 3204 2923 est
3241 2868 3576 2923 sacerdotum

2004 2974 2256 3015 numerus
2290 2977 2303 3013 :
2333 2975 2396 3017 ea
2424 2962 2492 3016 de
2517 2962 2693 3016 medio
2721 2962 2967 3016 tollamus
2993 2972 3045 3016 et
3073 2961 3374 3031 perdamus.
3403 2961 3575 3024 Absit,

2005 3051 2192 3120 inquit.
2230 3050 2339 3106 Vos
2363 3051 2475 3106 haec
2502 3052 2614 3122 ipsa
2653 3052 2865 3116 facitis;
2898 3061 2954 3107 et
2992 3052 3187 3115 dicitis,
3235 3051 3420 3107 Absit?
3447 3066 3583 3122 quo-

2004 3143 2165 3198 modo
2190 3142 2346 3209 dicis,
2390 3144 2565 3209 Absit,
2614 3159 2734 3198 cum
2781 3145 2892 3213 ipsa
2945 3146 3076 3199 facta
3106 3144 3256 3198 sint?
3304 3144 3420 3213 Ego
3468 3143 3581 3197 luec

2004 3234 2125 3288 dico
2153 3243 2207 3288 et
2233 3233 2509 3298 testificor,
2539 3250 2644 3289 non
2675 3245 2922 3304 spectans
2949 3235 3001 3289 id
3030 3234 3168 3303 quod
3193 3250 3307 3289 utea
3335 3235 3580 3297 interest,

2006 3324 2099 3380 sed
2126 3338 2357 3380 veSIram
2388 3327 2617 3381 salutem
2646 3344 2658 3378 :
2688 3327 2730 3380 si
2776 3326 2897 3395 quis
2935 3327 3005 3379 sit
3043 3325 3131 3393 qui
3159 3333 3301 3392 putet
3334 3324 3465 3377 nihil
3493 3339 3581 3377 re-

2007 3417 2168 3479 ferre,
2198 3418 2311 3485 ipse
2329 3418 2561 3481 viderit;
2595 3419 2637 3469 si
2665 3418 2748 3471 cui
2774 3428 2950 3471 autem
2974 3432 3036 3471 ex
3065 3416 3146 3470 his
3177 3431 3280 3469 non
3312 3423 3396 3470 est
3418 3430 3583 3480 curte,

2006 3516 2061 3560 at
2087 3507 2242 3560 nobis
2263 3516 2346 3561 est
2380 3524 2393 3559 :
2427 3506 2534 3575 Ego
2565 3506 2810 3575 plantavi,
2840 3506 3029 3575 inquit,
3065 3506 3248 3575 Apollo
3265 3507 3464 3575 rigavit,
3493 3508 3582 3560 sed

2008 3597 2149 3651 Deus
2179 3596 2317 3651 dedit
2344 3598 2705 3651 incrementum
2753 3599 2826 3671 (l.
2856 3596 2976 3653 Cor.
3001 3599 3054 3653 3.
3097 3597 3175 3670 6).
3205 3598 3483 3665 Quomodo
3512 3597 3589 3653 fc-

2011 3704 2190 3743 remus
2220 3688 2528 3744 Grazcorum
2561 3689 2723 3743 risum
2754 3700 2807 3743 et
2835 3690 3120 3746 ludibrimu
3146 3691 3169 3743 ?
3200 3692 3329 3744 Nam
3358 3692 3401 3745 si
3432 3693 3584 3745 nobis

2008 3781 2220 3836 crimini
2269 3781 2398 3835 dant
2447 3781 2702 3847 hmreses,
2749 3783 2817 3838 de
2847 3783 2930 3839 his
2975 3784 3098 3853 quid
3144 3800 3249 3837 non
3280 3783 3501 3841 dicunt?
3530 3782 3585 3837 Si

2010 3874 2196 3928 eadem
2224 3883 2348 3927 sunt
2377 3874 2647 3944 dogmata,
2673 3875 2716 3929 si
2744 3858 2931 3929 eadem
2963 3874 3238 3945 mysteria,
3269 3890 3496 3944 quanam
3523 3875 3587 3928 de

2010 3984 2168 4022 causa
2199 3967 2337 4022 alius
2365 3976 2544 4022 rector
2590 3967 2747 4021 aliam
2780 3968 2984 4022 invadit
3012 3968 3350 4022 Eeclesiam?
3378 3967 3586 4027 Videte.

2014 4060 2278 4129 inquiunt,
2310 4057 2451 4128 quod
2478 4074 2567 4113 res
2589 4072 2781 4113 omnes
2805 4058 3231 4113 Christianorum
3259 4058 3431 4126 plena:
3463 4068 3588 4111 sunt

2013 4152 2158 4207 inani
2179 4153 2391 4222 gloria?
2419 4151 2562 4220 quod
2584 4151 2806 4205 ambitio
2832 4148 2970 4219 apud
2998 4165 3111 4215 eos,
3148 4149 3288 4202 fraus
3315 4150 3539 4203 etdolus
3569 4150 3593 4198 ’ρ

2013 4243 2202 4298 Adime
2228 4245 2328 4308 eis,
2347 4243 2609 4312 inquiunt,
2630 4241 3043 4305 multitudinem,
3058 4238 3309 4294 exscinde
3324 4239 3590 4303 morbum,

2014 4345 2067 4389 et
2094 4336 2261 4390 turba:
2299 4335 2721 4403 corruptionem,
2777 4341 2831 4386 et
2868 4332 3002 4386 nihil
3032 4340 3175 4385 sunt.
3217 4330 3388 4385 Vultis
3416 4330 3589 4384 dicam

2013 4440 2133 4494 quae
2159 4423 2342 4478 dicunt
2367 4423 2434 4476 de
2460 4432 2642 4476 nostra
2673 4421 2927 4477 civitate?
2953 4420 3220 4488 quomodo
3243 4436 3340 4475 nos
3367 4433 3595 4490 arguunt

2014 4515 2083 4569 de
2115 4514 2280 4568 nimia
2301 4513 2598 4568 facilitate?
2620 4513 2783 4576 Licet,
2821 4512 3080 4581 inquiunt,
3100 4513 3267 4565 cuivis
3288 4513 3483 4565 volenti
3516 4514 3595 4565 in-

2017 4607 2201 4660 venire
2222 4605 2309 4674 qui
2340 4604 2761 4673 persuadeanlur
2786 4612 2839 4657 et
2859 4602 3116 4665 credant;
3148 4615 3245 4654 nec
3271 4602 3303 4653 ii
3337 4616 3586 4668 umquam

2019 4697 2304 4752 defuerint.
2333 4694 2378 4750 Ο
2402 4711 2512 4750 rem
2546 4695 2817 4750 ridiculam
2841 4696 2854 4749 !
2896 4695 3172 4761 Quodnam
3200 4704 3280 4748 cst
3309 4696 3408 4748 hoc
3434 4692 3595 4747 dede-

2021 4790 2156 4845 cus?
2182 4789 2285 4845 Sed
2314 4797 2395 4843 est
2425 4788 2567 4842 aliud
2618 4805 2829 4859 quoque
2870 4789 3173 4856 ridiculum,
3203 4799 3256 4842 et
3299 4787 3440 4843 aliud
3471 4803 3597 4857 pro-

2025 4882 2175 4936 brum
2228 4897 2292 4936 ac
2319 4881 2572 4936 dedecus.
2624 4881 2797 4952 Siqui
2827 4898 2892 4937 ex
2937 4883 3091 4937 nobis
3139 4882 3367 4937 convicti
3417 4896 3594 4934 rermn

2027 4973 2478 5043 turpissimarum,
2511 4974 2619 5027 sint
2642 4973 2872 5044 aliquam
2903 4988 3114 5043 pmuam
3141 4972 3338 5035 daturi,
3372 4985 3595 5038 magnus

2025 5073 2108 5119 est
2155 5074 2376 5133 tremor,
2407 5079 2627 5135 magnus
2657 5067 2893 5134 undique
2920 5079 3101 5133 pavor,
3155 5062 3231 5115 Ne
3259 5061 3481 5123 resiliat,
3515 5060 3565 5112 in
3585 5087 3597 5097 -

2025 5160 2161 5227 quit,
2209 5168 2260 5211 et
2308 5159 2590 5224 desciscat,
2625 5174 2694 5212 ne
2721 5168 2825 5212 stet
2867 5172 2988 5210 cum
3023 5156 3147 5208 illis.
3181 5153 3369 5206 Millics
3400 5152 3601 5207 resiliat

2025 5265 2089 5304 ac
2133 5250 2347 5303 deficiat
2395 5256 2445 5302 et
2499 5249 2569 5302 sit
2595 5264 2715 5303 cum
2744 5248 2868 5311 illis,
2894 5263 2997 5299 non
3026 5245 3169 5308 dico,
3201 5245 3243 5298 si
3273 5244 3390 5314 quis
3433 5245 3502 5299 sit
3532 5261 3597 5299 ex

2028 5343 2092 5396 iis
2134 5341 2225 5411 qui
2268 5351 2581 5412 peccarunt,
2626 5341 2717 5394 sed
2765 5340 2862 5393 etsi
2913 5340 3032 5406 quis
3077 5338 3145 5390 sit
3196 5338 3326 5390 nulli
3382 5350 3598 5408 peccato

2029 5436 2294 5490 obnoxius
2325 5445 2379 5489 et
2401 5435 2513 5487 vult
2545 5432 2798 5495 deficere,
2828 5431 3058 5486 deficiat.
3088 5430 3217 5483 Nam
3255 5446 3353 5499 ego
3384 5432 3595 5497 quidem

2029 5527 2184 5582 doleo
2215 5536 2269 5580 et
2298 5525 2471 5578 deﬂeo
2514 5532 2568 5576 et
2608 5523 2803 5591 plango
2828 5531 2882 5575 et
2922 5522 3217 5577 visceribus
3257 5523 3514 5585 disseeor,
3546 5530 3601 5573 ut

2029 5621 2117 5688 qui
2148 5621 2328 5688 priver
2379 5616 2593 5686 proprio
2648 5613 2920 5680 membro;
2968 5618 3059 5670 sed
3093 5631 3196 5667 nou
3247 5614 3318 5666 ita
3367 5612 3522 5666 doleo
3554 5621 3607 5662 ut

2032 5719 2250 5780 propter
2295 5719 2492 5764 metum
2546 5722 2708 5777 cogar
2752 5707 2947 5777 aliquid
2997 5708 3173 5761 facere
3218 5704 3356 5757 haud
3405 5717 3602 5756 conve-

2037 5804 2207 5857 Iiietts.

3158 5886 3199 5947 6
