3932 6220
379 277 447 332 87
1130 270 1188 324 S.
1226 267 1503 324 JOANNIS
1539 263 2347 322 (111ῐίῚέθὸΤοΜίΑΒΟΙΙΙΕΡ.
2388 268 2920 327 CONSTANTINOP.

450 389 840 462 Cbrysostomus
881 387 1122 443 doctrina:
1157 386 1292 441 verbi
1334 387 1626 456 praefectus.
1675 382 1958 438 Ecclesium

379 482 608 536 scindere
633 497 734 535 non
757 479 924 534 minus
941 489 1013 535 est
1042 479 1230 532 malum
1260 493 1410 547 quam
1440 476 1660 530 incidere
1696 477 1748 527 in
1795 476 1957 528 ἡαή-

377 573 492 627 sint.
525 601 596 613 --
623 570 740 628 Νοη
773 571 1114 625 dominamur
1143 578 1335 624 vestra:
1375 566 1520 630 ﬁdei,
1551 583 1584 622 ο
1622 566 1827 628 dilecti,
1861 579 1958 620 nec

375 662 579 716 «lumini
626 677 776 716 more
804 660 919 714 haec
948 661 1271 729 imperamus
1300 674 1314 713 :
1342 658 1601 713 doctrina:
1643 657 1789 713 verbi
1822 673 1955 726 prte-

375 755 496 811 fecti
522 769 707 810 smnus
737 771 752 808 :
784 769 890 808 non
935 762 1020 809 est
1063 762 1240 807 autem
1289 751 1446 807 nobis
1476 751 1760 805 mandatus
1787 749 1950 818 magi-

373 857 592 912 stratus,
645 860 744 901 nec
768 845 889 900 data
933 845 1262 900 auctoritas:
1297 842 1722 898 consiliariurum
1766 845 1952 894 admo-

370 938 610 993 nentium
645 939 818 992 locum
847 946 1110 992 tenemus.
1155 937 1503 991 Consiliarius
1531 935 1660 989 dicit
1697 950 1815 1004 qua:
1839 949 1869 988 a
1897 950 1956 990 se

372 1031 684 1098 procedunt,
734 1048 838 1087 non
879 1031 1250 1086 necessitatem
1301 1030 1532 1086 alferens
1561 1030 1789 1084 auditori
1817 1048 1831 1095 ;
1858 1031 1951 1083 sed

369 1124 421 1178 in
449 1125 567 1194 ejus
598 1134 862 1194 potestate
885 1125 1103 1179 dimittit
1131 1135 1185 1178 ut
1213 1123 1453 1178 facienda
1485 1123 1780 1193 cligatquae
1809 1122 1950 1178 dicta

368 1223 494 1269 sunt
521 1231 533 1267 :
562 1213 734 1283 culpa:
757 1223 869 1268 tum
891 1214 1063 1268 solum
1095 1223 1178 1268 est
1208 1213 1492 1279 obnoxius,
1537 1214 1581 1267 si
1616 1230 1720 1267 non
1753 1213 1951 1268 dixerit

367 1322 488 1376 qutu
516 1307 566 1362 ei
592 1317 715 1361 sunt
735 1307 1041 1362 commissa.
1070 1305 1194 1361 ldeu
1220 1306 1332 1361 lucc
1361 1305 1606 1366 dicimus.
1642 1306 1756 1360 haec
1782 1305 1950 1375 loqui-

369 1413 509 1463 mur,
559 1413 626 1452 ne
675 1397 764 1452 illo
809 1397 898 1452 die
949 1398 1108 1452 liceat
1154 1397 1309 1452 vobis
1351 1396 1548 1461 dicere,
1599 1396 1767 1452 Nemo
1797 1397 1948 1452 nobis

364 1491 518 1555 dixit,
545 1505 703 1545 nemo
727 1490 1003 1560 explicuit,
1036 1490 1419 1560 ignoravimus,
1440 1490 1639 1543 nullum
1670 1489 1946 1544 existima-

364 1584 539 1636 vimus
583 1596 705 1638 esse
752 1591 1053 1652 peccatum.
1081 1581 1369 1652 Propterea
1417 1580 1539 1636 dico
1568 1591 1622 1636 et
1652 1590 1941 1652 protestor,

366 1673 661 1728 Ecclesium
711 1673 960 1729 scindere
992 1688 1096 1727 non
1141 1674 1318 1728 minus
1361 1687 1482 1729 esse
1531 1674 1752 1738 malum,
1786 1690 1942 1744 quam

365 1765 601 1822 incidere
632 1765 682 1819 in
713 1765 982 1820 lueresim.
1015 1765 1106 1820 Dic
1129 1764 1332 1825 mihi,si
1361 1765 1479 1834 quis
1502 1765 1786 1835 alicuiregi
1811 1766 1942 1821 sub-

356 1857 552 1924 jectus,
597 1855 663 1911 ad
707 1857 868 1910 alimn
915 1856 1128 1924 quidem
1179 1869 1285 1909 non
1323 1854 1600 1921 defecerit,
1661 1870 1834 1925 neque
1883 1869 1942 1912 se

359 1948 516 2002 alicui
548 1947 656 2016 regi
684 1945 967 2010 dediderit,
998 1946 1091 1999 sed
1126 1945 1266 1999 illius
1291 1954 1562 2015 acceptam
1592 1953 1646 2000 et
1671 1945 1939 2001 detentam

358 2053 644 2108 purpuram
674 2052 702 2091 a
725 2036 887 2092 fibula
919 2048 1082 2092 totam
1114 2038 1413 2100 demiserit,
1445 2047 1500 2092 et
1531 2038 1583 2092 in
1631 2040 1795 2092 multa
1831 2038 1939 2092 fra-

355 2137 568 2198 gmenta
598 2126 909 2197 disruperit,
955 2142 1022 2181 an
1057 2127 1236 2182 minus
1263 2127 1514 2198 punietur
1557 2143 1715 2199 quam
1753 2130 1841 2199 qui
1872 2130 1938 2184 ad

355 2217 584 2272 alterum
631 2216 1151 2284 defccernnt?Qnid
1199 2234 1347 2284 vero,
1404 2219 1448 2272 si
1487 2219 1707 2288 insuper
1764 2221 1937 2289 ipsum

355 2321 567 2377 quoque
617 2321 797 2375 regem
844 2307 1029 2377 jugulo
1091 2310 1485 2377 apprehensum
1539 2310 1936 2376 interemisset,

356 2396 695 2450 membratim
716 2395 1026 2463 discet-petis
1056 2397 1172 2465 ejus
1198 2412 1416 2467 corpus,
1463 2414 1720 2468 quasnam
1753 2416 1937 2469 pinnas

355 2485 590 2541 dedisset
619 2499 716 2554 pro
742 2486 992 2541 meritis?
1019 2485 1074 2541 Si
1097 2497 1275 2542 autem
1301 2488 1522 2559 quiregi
1549 2505 1810 2545 conservo
1838 2507 1938 2547 suo

357 2576 459 2632 hoc
485 2576 689 2639 fecerit,
719 2576 921 2646 majora
953 2576 1080 2632 fecit
1108 2593 1266 2645 quam
1301 2587 1356 2632 ut
1380 2595 1513 2648 quas
1561 2595 1658 2649 par
1698 2592 1780 2636 est
1807 2582 1937 2638 dare

355 2670 525 2739 possit
554 2683 773 2738 poenas;
805 2670 894 2740 qui
921 2669 1194 2725 Christum
1240 2671 1451 2743 jugulat
1495 2681 1550 2729 et
1601 2676 1935 2733 membratim

353 2760 593 2822 dilaniat,
621 2775 780 2830 quam
829 2777 934 2815 non
983 2762 1276 2817 merebitnr
1319 2766 1660 2834 gehennam?
1706 2767 1933 2838 hancne,

353 2851 504 2917 cujus
557 2860 682 2906 sunt
722 2853 996 2906 intentata!
1027 2853 1224 2907 mium?
1256 2855 1366 2925 Ego
1390 2855 1602 2926 quidem
1634 2873 1738 2912 non
1787 2859 1934 2914 arbi-

355 2949 488 3003 tror,
535 2941 630 2996 sed
676 2941 836 2996 aliam
887 2943 1042 3013 longe
1095 2945 1415 3012 graviorem.
1464 2947 1632 3002 Dicite
1675 2959 1935 3020 quotquot

353 3033 550 3088 adestis
593 3035 612 3104 (
642 3049 761 3088 nam
794 3051 982 3104 magna
1009 3053 1073 3092 ex
1099 3049 1248 3107 parte
1277 3039 1377 3094 hoc
1407 3051 1486 3096 est
1519 3041 1773 3098 delictum
1818 3061 1933 3100 mu-

354 3122 621 3194 lierum),
679 3123 991 3180 absentibus
1038 3137 1252 3184 narrate
1309 3129 1411 3184 hoc
1460 3133 1787 3202 exemplum,
1840 3151 1932 3190 eas

353 3224 572 3271 terrete.
618 3215 676 3272 Si
727 3217 816 3286 qui
861 3220 1171 3274 existimant
1203 3237 1288 3276 me
1314 3221 1502 3278 dolore
1531 3224 1750 3281 afﬁcere
1778 3238 1831 3282 et
1855 3230 1932 3284 sic

352 3306 557 3374 ulcisci,
578 3308 747 3361 sciant
778 3322 835 3362 se
867 3307 979 3365 huic
1009 3310 1201 3366 frustra
1256 3313 1452 3368 facere.
1493 3314 1626 3370 Nam
1656 3319 1698 3372 si
1729 3334 1824 3373 nos
1851 3320 1928 3374 vis

349 3396 552 3461 ulcisci,
582 3412 682 3466 ego
710 3397 800 3453 tibi
828 3397 899 3453 do
946 3401 1189 3468 modum,
1237 3418 1344 3473 quo
1384 3404 1587 3475 absque
1617 3407 1812 3464 damno
1841 3421 1932 3464 tuo

351 3489 534 3545 ulcisci
563 3492 772 3558 possis;
803 3493 910 3547 imo
940 3510 1068 3548 vero
1115 3511 1220 3550 non
1264 3498 1465 3567 absque
1505 3499 1701 3554 damno
1750 3503 1931 3558 ulcisci

351 3581 470 3649 quis
502 3589 696 3648 potest,
743 3593 798 3634 at
843 3582 1034 3638 saltem
1077 3600 1198 3639 cum
1246 3587 1438 3642 minori
1475 3591 1772 3660 :colaphos
1800 3593 1928 3646 mihi

352 3672 607 3741 impinge,
635 3686 875 3742 conspue
902 3675 953 3727 in
981 3677 1194 3744 publico
1223 3693 1534 3746 occurrens,
1561 3693 1614 3736 et
1643 3684 1820 3752 plagas
1852 3685 1932 3738 in-

354 3760 496 3831 ﬁige.

421 3850 478 3909 6.
516 3849 793 3908 llorrescis
841 3852 954 3909 haec
997 3855 1266 3910 audiens?
1309 3858 1587 3914 llorrescis
1631 3862 1673 3915 si
1718 3863 1927 3924 dixero.

350 3940 619 4012 Colaphos
661 3943 790 3998 mihi
836 3945 1072 4017 impinge
1111 3965 1124 4000 :
1153 3957 1208 4003 et
1237 3948 1516 4004 Dominum
1550 3960 1695 4007 tuum
1724 3954 1928 4010 discer-

351 4032 455 4102 pis,
503 4047 603 4089 nec
643 4033 962 4091 horrescis?
1010 4037 1248 4093 membra
1291 4040 1500 4095 Domini
1548 4042 1832 4111 dilaceras,
1878 4054 1932 4101 et

352 4139 457 4179 non
483 4127 891 4184 contremiscis?
911 4129 1148 4186 Ecclesia
1172 4141 1256 4187 est
1278 4131 1469 4187 domus
1497 4142 1742 4204 paterna,
1765 4153 1930 4194 unum

351 4229 568 4286 corpus,
597 4226 652 4273 et
679 4232 816 4274 unus
840 4219 1082 4290 spiritus.
1119 4220 1225 4277 Sed
1253 4222 1334 4277 vis
1363 4238 1450 4279 me
1475 4225 1658 4279 ulcisci
1685 4227 1708 4277 ν
1739 4227 1818 4282 Ad
1847 4243 1933 4284 me

353 4322 521 4378 usque
559 4310 816 4368 consiste.
867 4309 974 4367 Cur
1009 4329 1108 4385 pro
1156 4330 1243 4371 me
1285 4313 1559 4370 Christum
1605 4317 1932 4374 ulcisceris?

353 4400 462 4455 imo
486 4416 582 4456 cur
606 4401 863 4460 adversus
889 4405 1068 4462 clavos
1095 4407 1378 4463 culcitras?
1404 4410 1579 4478 Atque
1604 4409 1789 4466 ulcisci
1817 4412 1935 4481 qui-

352 4491 475 4548 dem
512 4508 774 4566 nusquam
801 4507 883 4552 est
919 4499 1118 4553 bonum
1148 4516 1245 4556 nec
1277 4499 1563 4557 honestum
1596 4504 1808 4568 ;altero
1834 4519 1932 4558 au-

354 4591 460 4639 tem
495 4583 743 4655 injuriam
775 4587 1021 4653 faciente,
1064 4588 1292 4644 alterum
1331 4593 1651 4647 contumelia
1692 4593 1930 4660 afﬁcere,

351 4684 439 4729 est
457 4674 614 4745 longe
643 4677 876 4746 gravius.
913 4678 1107 4748 lnjnria
1138 4695 1196 4734 es
1223 4696 1250 4733 a
1284 4682 1441 4736 nobis
1463 4683 1684 4738 allectus
1710 4685 1733 4738 ‘l
1756 4701 1851 4739 cur
1878 4685 1932 4739 ei

353 4779 413 4821 es
456 4765 715 4820 molestus
764 4769 850 4835 qui
908 4768 999 4822 tibi
1051 4784 1155 4824 non
1201 4770 1326 4824 fecit
1381 4773 1664 4839 iniuriam?
1713 4774 1815 4829 hoc
1851 4786 1934 4830 est

356 4866 612 4913 extremae
643 4860 885 4914 insaniae.
929 4859 1041 4915 Non
1092 4877 1187 4932 per
1231 4863 1455 4917 ironiam
1495 4864 1617 4918 dico
1644 4865 1784 4934 quod
1814 4881 1931 4922 sum

352 4949 615 5019 dicturus,
645 4967 818 5023 neque
848 4962 1050 5010 temere
1071 4995 1085 5018 ,
1119 4954 1212 5009 sed
1242 4956 1310 5008 ita
1345 4963 1402 5010 ut
1427 4956 1602 5011 sentio
1627 4965 1681 5011 et
1705 4971 1822 5012 sum
1859 4959 1935 5012 af-

353 5037 772 5099 fectuszvellem
822 5060 1256 5114 unumquemque
1302 5059 1485 5100 eorum
1526 5047 1614 5116 qui
1661 5047 1930 5103 vobiscum

393 5156 2907 5182 _________________________________________

3585 273 3660 328 83

2068 379 2121 434 in
2159 397 2258 438 nos
2300 383 2539 439 ulcerato
2567 394 2692 440 sunt
2732 387 2948 452 animo,
2979 396 3033 442 et
3062 386 3214 443 nobis
3257 387 3400 442 male
3429 387 3650 449 volunt,

2065 482 2118 528 et
2143 485 2362 544 pmpter
2386 475 2530 532 hunc
2552 492 2706 532 suum
2734 479 3157 536 animidolorem
3190 481 3396 552 seipsos
3426 481 3646 548 laedunt,

2064 573 2119 619 et
2145 565 2252 620 alio
2279 569 2495 631 vadunt,
2524 569 2678 647 nobis
2706 571 2756 624 in
2791 572 2901 640 ipsa
2935 571 3066 627 facie
3094 574 3276 643 plagas
3302 571 3564 644 inﬂigere,
3593 587 3649 629 et

2063 658 2292 712 nudatos
2315 658 2495 729 ﬂagris
2522 660 2731 716 caedere
2751 662 2865 716 sive
2888 663 3009 732 jure
3038 663 3151 718 sive
3179 664 3370 734 injuria
3397 681 3641 730 accuser,

2061 756 2114 801 et
2144 747 2274 801 iram
2325 750 2376 804 in
2409 765 2506 804 nos
2534 751 2822 808 immittere
2863 755 3036 823 potius
3075 771 3233 824 quam
3265 771 3326 810 ea
3355 771 3475 826 qua:
3501 773 3643 812 nunc

2059 839 2258 893 audent
2297 840 2492 897 facere.
2525 843 2579 898 Si
2631 844 2731 898 hoc
2777 846 2928 900 ﬁeret
2955 887 2971 912 ,
3019 847 3145 902 nihil
3189 857 3334 904 esset
3369 849 3641 904 hominem

2060 930 2208 982 nihili
2239 941 2292 985 et
2322 933 2520 986 nullius
2549 935 2918 990 :estimationis
2961 936 3072 991 haec
3102 939 3232 1008 pati.
3268 939 3517 1010 Alioquin
3545 958 3642 995 au-

2059 1026 2163 1072 tem
2201 1035 2300 1090 ego
2356 1021 2547 1091 injuria
2587 1035 2640 1079 et
2666 1027 2988 1080 contumelia
3028 1028 3250 1083 allectus
3282 1030 3447 1085 Deum
3479 1047 3637 1100 roga.

2057 1125 2204 1178 rem,
2255 1120 2308 1166 et
2351 1124 2524 1168 vestra
2576 1126 2793 1185 peccata
2834 1119 3132 1173 remitteret
3174 1136 3188 1172 :
3232 1135 3337 1174 non
3382 1123 3635 1190 quoniam

2057 1211 2255 1257 tantam
2285 1205 2456 1261 habeo
2486 1207 2756 1272 fiduciam,
2783 1211 2876 1264 sed
2909 1212 3160 1276 quoniam
3191 1213 3277 1281 qui
3304 1223 3387 1268 est
3414 1215 3634 1270 affectus

2055 1293 2266 1362 injuria,
2290 1297 2500 1365 quando
2535 1310 2686 1367 rogat
2719 1315 2814 1370 pro
2840 1316 2906 1355 eo
2931 1303 3018 1370 qui
3051 1301 3179 1357 fecit
3209 1303 3476 1373 injuriam,
3512 1322 3632 1360 ma-

2051 1401 2206 1454 gnam
2239 1386 2398 1442 habet
2442 1388 2711 1445 ﬁduciam.
2744 1391 2806 1445 Si
2843 1392 2894 1444 in
2925 1393 3198 1453 hominem,
3234 1395 3423 1464 inquit,
3453 1414 3634 1465 peccav

2050 1478 2173 1530 verit
2197 1480 2466 1549 quispiam,
2515 1481 2726 1535 orabunt
2770 1500 2861 1550 pro
2903 1484 3014 1553 ipso
3055 1486 3070 1552 (
3095 1487 3145 1539 l.
3181 1487 3304 1557 Reg.
3330 1490 3384 1542 2.
3408 1490 3479 1544 25
3505 1491 3544 1560 ).
3573 1491 3629 1546 Si

2049 1577 2228 1623 autem
2259 1586 2363 1625 non
2405 1586 2618 1641 possem
2644 1588 2762 1641 ego,
2799 1574 2933 1629 alios
2960 1585 3176 1631 sanctos
3206 1594 3505 1648 quaererem
3526 1623 3541 1644 ,
3573 1591 3628 1636 et

2048 1675 2315 1730 rogarem,
2349 1671 2402 1716 et
2430 1661 2532 1717 hoc
2559 1662 2854 1720 efﬁcerent.
2885 1664 3036 1720 Nunc
3065 1676 3242 1721 autem
3279 1684 3436 1738 quem
3468 1686 3625 1742 roga-

2047 1752 2224 1808 bimus
2247 1794 2262 1819 ,
2298 1754 2406 1808 Deo
2430 1770 2458 1808 a
2501 1755 2655 1810 nobis
2685 1757 2878 1811 all'ecto
2918 1759 3240 1814 contumelia
3271 1761 3294 1814 ?
3333 1762 3463 1817 Vide
3493 1766 3625 1818 ἰητρ-

2045 1846 2378 1916 qualitatem.
2400 1848 2475 1902 Ex
2495 1849 2559 1903 iis
2575 1849 2739 1915 enim,
2763 1851 2851 1920 qui
2875 1850 2990 1906 hazc
3007 1852 3204 1908 faciunt
3231 1854 3282 1910 in
3310 1855 3624 1922 Ecclesiam.

2046 1937 2136 1992 alii
2176 1939 2389 2007 quidem
2438 1948 2532 1994 aut
2571 1955 2858 2010 numquam
2903 1942 3182 2010 accedunt,
3225 1954 3318 1999 aut
3358 1949 3526 2002 semel
3572 1949 3627 2004 in

2041 2044 2204 2093 anno,
2236 2038 2290 2085 et
2311 2041 2434 2086 tunc
2457 2041 2659 2087 temere
2680 2042 2734 2086 et
2760 2033 3259 2106 quomodocumque
3287 2055 3300 2091 :
3329 2038 3417 2092 alii
3445 2049 3624 2094 autem

2043 2120 2374 2192 frequentius
2403 2122 2643 2192 quidem,
2673 2125 2766 2178 sed
2799 2125 2898 2193 ipsi
2940 2141 3153 2196 quoque
3184 2136 3385 2183 temere
3405 2139 3462 2184 et
3490 2130 3623 2186 levi-

2045 2223 2124 2268 ter
2150 2213 2478 2269 disserentes
2501 2255 2516 2280 ,
2563 2223 2618 2268 et
2660 2214 2728 2270 de
2757 2215 2925 2268 nihilo
2963 2227 3226 2285 nugantes
3269 2235 3283 2271 :
3325 2218 3411 2272 alii
3441 2229 3624 2276 autem

2041 2305 2130 2374 qui
2179 2305 2427 2359 videntur
2453 2305 2596 2360 serio
2634 2321 2795 2375 agere
2817 2347 2832 2371 ,
2870 2306 2920 2360 hi
2949 2315 3075 2361 sunt
3102 2308 3190 2377 qui
3219 2318 3344 2363 sunt
3373 2320 3622 2367 auctores

2042 2394 2196 2464 hujus
2220 2396 2556 2450 calamitatis.
2577 2395 2629 2450 Si
2656 2412 2782 2464 ergo
2809 2411 2902 2452 vos
2922 2413 3133 2467 quoque
3157 2408 3373 2468 propter
3392 2416 3452 2455 ea
3481 2403 3623 2457 seriu

2039 2486 2196 2555 agitis
2236 2495 2292 2540 et
2322 2485 2552 2540 studium
2585 2496 2820 2540 vestrum
2868 2487 3086 2556 ponitis,
3133 2489 3298 2543 satius
3338 2502 3484 2546 esset
3527 2508 3626 2546 vos

2039 2577 2325 2632 collocatos
2367 2593 2486 2633 esse
2515 2593 2634 2633 cum
2674 2579 3108 2650 negligentibus:
3141 2581 3250 2635 imo
3289 2598 3415 2638 vero
3454 2585 3622 2640 satius

2039 2676 2215 2730 esset,
2237 2682 2409 2738 neque
2439 2669 2556 2724 illos
2590 2684 2710 2724 esse
2742 2671 3093 2741 negligentes,
3124 2688 3298 2743 neque
3327 2690 3423 2727 vos
3447 2675 3618 2741 tales;

2040 2774 2147 2813 nun
2193 2777 2290 2816 vos
2323 2759 2445 2815 dico
2471 2762 2558 2830 qui
2604 2761 2803 2816 adestis
2827 2803 2842 2828 ,
2873 2763 2966 2817 sed
3005 2763 3126 2819 illos
3166 2766 3256 2834 qui
3286 2767 3533 2821 resiliunt
3557 2783 3622 2822 ac

2036 2851 2360 2907 desciscunt.
2393 2852 2468 2906 Ea
2508 2868 2598 2908 res
2645 2862 2728 2908 est
2755 2854 3098 2909 adulterium.
3148 2855 3204 2910 Si
3244 2871 3374 2926 ergo
3410 2857 3525 2913 haec
3553 2859 3622 2914 de

2039 2944 2142 2997 illis
2170 2943 2272 2998 dici
2305 2958 2409 2998 non
2450 2943 2687 2998 admittis
2708 2984 2722 3010 ,
2747 2960 2875 3014 ergo
2916 2959 3014 2999 nec
3055 2944 3123 3001 de
3162 2947 3317 3001 nobis
3348 2965 3362 2999 :
3393 2963 3513 3002 nam
3553 2965 3620 3005 ex

2035 3033 2244 3088 duobus
2269 3034 2496 3088 alterum
2530 3034 2726 3088 factum
2755 3049 2876 3089 esse
2901 3044 3113 3104 oportet
3140 3047 3338 3105 prteter
3361 3037 3527 3108 leges.
3559 3039 3617 3094 Si

2037 3125 2150 3179 hace
2178 3138 2306 3195 ergo
2331 3124 2398 3179 de
2427 3124 2582 3179 nobis
2607 3140 2702 3180 vos
2724 3126 3085 3194 suspicamini,
3118 3128 3290 3196 parati
3322 3144 3507 3184 sumus
3531 3146 3622 3186 ce-

2036 3215 2163 3270 dere
2192 3215 2407 3285 regendi
2431 3231 2625 3270 munus
2652 3216 2736 3271 cui
2764 3217 2956 3272 voletis
2980 3234 2995 3281 ;
3025 3217 3186 3273 modo
3212 3235 3315 3273 una
3342 3222 3409 3274 sit
3438 3221 3623 3277 Eccle-

2037 3308 2113 3361 sia
2149 3325 2162 3362 :
2188 3306 2230 3360 si
2265 3322 2361 3362 nos
2388 3317 2565 3362 autem
2595 3307 2829 3377 legitime
2855 3308 3018 3363 creati
3046 3323 3233 3363 sumus
3254 3351 3268 3374 ,
3301 3311 3624 3380 persuadete

2038 3406 2096 3451 ut
2137 3396 2470 3465 deponantur
2509 3397 2598 3466 qui
2642 3397 2798 3450 sedes
2828 3407 3022 3466 praeter
3064 3397 3206 3465 leges
3241 3400 3618 3456 ascenderunt.

2038 3487 2161 3542 llaec
2183 3487 2314 3550 dixi.
2344 3501 2448 3540 non
2476 3495 2741 3552 tamquam
2773 3486 3060 3555 imperans,
3081 3488 3173 3542 sed
3199 3501 3292 3542 vos
3323 3497 3466 3544 tutos
3494 3491 3619 3546 red-

2038 3578 2169 3633 dens
2197 3589 2250 3632 et
2273 3579 2432 3632 certis
2458 3577 2700 3632 muniens
2727 3578 3011 3647 praesidiis.
3041 3579 3302 3647 Quoniam
3328 3585 3619 3653 unusquis-

2036 3685 2139 3740 que
2162 3669 2322 3724 habet
2349 3678 2579 3735 aetatem,
2609 3677 2663 3723 et
2694 3669 2761 3723 de
2788 3669 2854 3723 iis
2874 3684 2994 3739 quae
3021 3671 3185 3739 gessit
3207 3681 3290 3725 est
3315 3671 3624 3728 redditurus

2041 3763 2301 3817 rationem
2327 3803 2343 3827 ,
2375 3777 2506 3832 rogo
2536 3777 2605 3817 ne
2635 3761 2887 3817 universo
2914 3763 2964 3816 in
2993 3777 3092 3817 nos
3122 3764 3369 3834 conjecto
3391 3807 3406 3832 ,
3429 3766 3619 3821 existi-

2039 3855 2194 3910 metis
2215 3868 2309 3909 vos
2335 3855 2479 3924 ipsos
2507 3868 2609 3907 non
2639 3868 2760 3908 esse
2795 3853 2987 3908 rationi
3016 3854 3304 3910 reddenda:
3333 3855 3615 3921 obnoxios,

2040 3963 2106 4000 ne
2133 3960 2230 4002 vos
2253 3957 2454 4001 temere
2475 3945 2807 4015 decipientes
2838 3946 3121 4016 plangatis.
3145 3946 3454 4002 Reddemus
3476 3950 3618 4004 enim

2039 4039 2300 4093 rationem
2332 4053 2428 4106 pro
2455 4038 2648 4092 vestris
2673 4037 2975 4103 animabus,
3013 4037 3107 4092 sed
3137 4037 3351 4106 quando
3374 4038 3618 4109 delique-

2038 4131 2222 4195 rimus,
2255 4128 2468 4198 quando
2498 4142 2602 4182 non
2630 4128 2997 4197 rogaverimus
3019 4169 3034 4192 ,
3062 4126 3276 4197 quando
3301 4142 3406 4182 non
3433 4127 3619 4182 admo-

2039 4223 2330 4286 nuerimus,
2359 4219 2572 4291 quando
2599 4235 2704 4274 non
2733 4219 2993 4273 fuerimus
3023 4219 3326 4288 protestati.
3355 4218 3485 4274 Post
3505 4219 3620 4275 btee

2038 4325 2238 4379 autem,
2265 4310 2545 4367 concedite
2576 4319 2632 4364 ut
2654 4323 2753 4379 ego
2779 4323 2991 4378 quoque
3019 4307 3219 4374 dicam,
3257 4307 3485 4364 Mundus
3508 4325 3619 4364 sum

2039 4425 2070 4461 a
2099 4406 2346 4476 sanguine
2376 4403 2599 4458 omnium
2622 4401 2767 4469 (Act.
2801 4401 2893 4455 90.
2925 4399 2996 4455 26
3019 4401 3057 4468 ),
3087 4408 3163 4466 et,
3192 4399 3431 4453 Animam
3457 4417 3624 4455 meum

2037 4497 2266 4555 liberabit
2294 4495 2430 4549 Deus
2457 4494 2546 4567 (2.
2579 4491 2716 4546 Tim.
2747 4493 2802 4547 4.
2847 4491 2915 4547 18
2935 4490 2983 4562 ).
3012 4491 3178 4546 Dicite
3203 4507 3325 4560 qua:
3361 4492 3541 4557 vultis,
3569 4502 3622 4546 et

2036 4593 2232 4663 justam
2260 4603 2475 4644 causam
2504 4595 2723 4656 propter
2751 4599 2906 4654 quam
2939 4583 3190 4638 reccditis
3217 4593 3270 4638 et
3296 4584 3620 4648 desciscitis,

2040 4695 2093 4740 et
2122 4699 2221 4755 ego
2244 4679 2601 4752 respondebo.
2631 4677 2736 4734 Sed
2759 4692 2864 4732 non
2890 4676 3104 4731 dicetis.
3137 4675 3244 4731 Vos
3273 4691 3491 4746 quoque
3516 4677 3622 4746 iam

2040 4795 2170 4850 rogo
2206 4787 2264 4830 ut
2297 4785 2515 4830 strenue
2546 4771 2783 4835 instetis,
2815 4779 2872 4822 ut
2900 4768 3169 4823 reducatis
3195 4783 3288 4822 eos
3319 4769 3408 4838 qui
3443 4783 3622 4822 reces-

2040 4878 2225 4928 serunt
2251 4886 2264 4922 :
2291 4875 2348 4920 ut
2370 4863 2652 4920 unanimes
2672 4859 2960 4932 gratiarum
2989 4860 3256 4914 actionem
3288 4859 3397 4914 Deo
3422 4859 3627 4913 emitta-

2042 4976 2181 5017 mus.
2211 4955 2473 5026 Quoniam
2495 4961 2578 5009 est
2601 4952 2650 5008 ei
2676 4951 2842 5023 gloria
2861 4951 2916 5005 in
2946 4949 3164 5006 szccula.
3192 4952 3386 5006 Amen.

1740 5210 2078 5272 HOMILIA
2122 5209 2267 5271 ΧΠ.

356 5329 481 5386 Car.
513 5333 564 5387 4.
601 5348 647 5384 v.
679 5333 762 5386 l7.
799 5332 907 5386 Hoc
933 5334 1087 5403 igitur
1120 5334 1233 5386 dico
1257 5343 1304 5385 et
1341 5333 1580 5398 testificor
1611 5335 1661 5386 in
1699 5331 1929 5397 Domino,

425 5433 479 5476 ut
517 5422 632 5493 jam
671 5439 770 5475 non
799 5422 1065 5476 ambuletis
1086 5465 1100 5487 ,
1132 5425 1261 5478 sicut
1301 5433 1347 5479 et
1381 5434 1552 5494 gentes
1582 5422 1843 5476 ambulant
1880 5425 1932 5476 in

423 5516 644 5571 vanitate
689 5531 864 5570 sensus
910 5516 1027 5578 sui,
1079 5517 1289 5570 tenebris
1335 5515 1657 5570 obscuratum
1701 5514 1934 5568 habentes

424 5608 756 5662 intellectum.

424 5699 474 5751 1.
522 5701 807 5756 Doctorc'n
830 5708 1049 5770 oportet
1079 5700 1359 5757 instituere
1385 5711 1438 5757 et
1465 5701 1696 5772 dirigere
1725 5700 1935 5756 animos

2040 5332 2441 5404 discipulorum,
2475 5342 2578 5381 non
2611 5326 2782 5381 solum
2811 5322 3140 5380 consulendo
3163 5331 3214 5376 et
3241 5321 3509 5383 docendo.
3534 5322 3628 5377 sed

2039 5437 2092 5483 ct
2120 5423 2374 5482 terrendo
2398 5429 2454 5474 et
2482 5419 2594 5473 Deo
2623 5415 2900 5471 tradendo.
2931 5414 3062 5468 Nam
3103 5412 3356 5482 quoniam
3400 5428 3522 5480 qua:
3561 5412 3627 5463 ab

2043 5514 2347 5570 hominibus
2373 5510 2624 5564 dicuntur
2668 5515 2936 5575 tamquam
2982 5521 3010 5557 a
3047 5503 3343 5567 conservis,
3375 5519 3481 5556 non
3514 5502 3626 5558 suf-

2044 5605 2227 5660 ficiunt
2268 5601 2332 5656 ad
2364 5597 2682 5669 tangendam
2715 5597 2973 5658 animam,
2999 5606 3218 5647 necesse
3247 5601 3331 5646 est
3361 5593 3625 5660 reliquum

2044 5695 2271 5753 Domino
2300 5691 2532 5748 tradere.
2565 5689 2678 5745 lloc
2713 5703 2842 5758 ergo
2873 5686 3069 5741 Paulus
3090 5698 3298 5755 quoque
3321 5684 3468 5738 facit.
3499 5683 3624 5737 Nam
