3932 6220
339 286 407 341 39
836 258 841 263 ’
1005 267 1064 320 S.
1100 249 1389 320 JOANNIS
1428 256 1914 318 CIIRYSOSTOMI
1956 258 2278 315 ARCHIEP.
2321 255 2871 313 CONSTANTI’NOP.
3509 252 3583 306 90

335 382 534 449 δειγμα
565 382 760 451 ἤγαγε.
793 381 903 435 K01
947 381 1081 452 πρὸς
1107 381 1537 443 Θεσσαλονικέας
1565 380 1620 433 δέ
1651 380 1898 450 γράφων,

336 464 398 515 :6
417 463 552 515 06:6
577 463 733 516 :06:0
753 465 896 516 ποιεῖ
924 463 1094 531 λέγων
1117 479 1131 493 ⁸
1154 463 1249 530 Μὴ
1269 463 1338 516 ἐν
1365 462 1537 516 πάθει
1560 461 1900 529 ἐπιθυμίας,

339 546 536 611 καθὼς
576 546 673 599 καί
696 545 768 599 τὰ
798 547 982 601 λοιπὰ
1006 547 1173 612 ἔθνη.
1214 546 1569 614 Διεστήκατε,
1602 544 1759 612 φησὶ,
1789 545 1902 605 τοῖς

337 627 604 698 δόγμασιν
626 628 822 693 αὑτῶν,
854 628 992 683 ἀλλά
1012 629 1070 681 :6
1099 628 1219 682 ὅλον
1237 627 1427 695 γέγονε
1465 626 1558 680 τοῦ
1589 626 1727 680 Θεοῦ
1749 644 1761 657 ·
1792 625 1904 694 ἐγὼ

338 711 396 763 δέ
432 709 580 781 ζητῶ
607 711 676 764 τὰ
716 712 846 782 παρ’
879 711 1053 780 ὑμῶν,
1087 710 1180 763 τὸν
1217 710 1329 780 βίον
1358 710 1454 763 1:01
1481 709 1574 761 τὸν
1604 708 1904 778 περίπατον

227 836 247 857 ,
337 792 430 846 τὸν
460 792 600 846 κατά
633 793 724 846 τὸν
753 794 887 847 Θεόν
918 792 957 822 ⁸·
986 793 1142 846 τοῦτο
1170 792 1435 863 ὑμέτερόν
1467 793 1604 844 ἐστι.
1636 791 1905 861 Μάρτυρα

337 876 394 929 δέ
436 876 528 929 τὸν
564 876 765 947 Κύριον
796 876 946 930 καλῶ
992 875 1101 929 τῶν
1150 875 1461 945 εἰρημένων
1507 875 1649 943 ἐμοὶ,
1678 873 1760 926 ὅτι
1808 872 1906 942 οὑχ

341 958 764 1029 ὑπεστειλάμην,
808 957 924 1012 ἀλλ’
955 953 1109 1010 εἷπον
1150 956 1266 1019 πῶς
1314 955 1395 1008 δεῖ
1427 956 1766 1026 περιπατεῖν.
1803 954 1908 1007 Ἐν

333 1041 699 1109 ματαιότητι,
733 1042 887 1111 φησὶ,
938 1039 1045 1093 τοῦ
1082 1038 1225 1104 νοὸς
1266 1035 1484 1092 αὐτῶν.
1539 1037 1580 1088 Τ
1588 1037 1604 1088 ί
1660 1038 1774 1093 ἐστι
1813 1034 1905 1089 νοῦ

342 1122 681 1192 ματαιότης;
717 1122 790 1175 T6
834 1122 961 1193 περὶ
1010 1120 1079 1174 τά
1127 1119 1333 1191 μάταια
1375 1117 1735 1190 ἡσχολῆσθαι.
1771 1118 1965 1193 Τίναον

338 1205 397 1257 δέ
429 1206 544 1258 ἐστι
576 1205 800 1275 μάταια,
825 1203 940 1258 ἀλλ’
1027 1204 1095 1257 τὰ
1127 1203 1372 1274 παρόντα
1394 1203 1646 1267 ἂπαντα;
1680 1200 1807 1272 περὶ
1831 1192 1906 1253 ὧν

340 1302 505 1356 φησιν
537 1288 566 1339 6
604 1285 1050 1356 Ἐκκλησιαστής’
1106 1284 1441 1351 Ματαιότης
1467 1283 1904 1352 ματαιοτήτων,

338 1367 411 1420 τὰ
438 1367 635 1420 πάντα
660 1371 1006 1437 ματαιότης.
1042 1366 1180 1418 Ἀλλ’
1207 1367 1324 1435 ἐρεῖ
1345 1382 1430 1429 τις
1449 1381 1463 1395 ο
1489 1366 1554 1417 Εἰ
1587 1365 1793 1435 μάταια
1813 1362 1908 1416 καὶ

344 1451 662 1524 ματαιότης,
690 1450 835 1510 τίνος
866 1450 1051 1503 ἕνεκεν
1080 1448 1303 1517 γέγονεν
1328 1464 1343 1512 ς
1368 1449 1417 1500 εί
1455 1447 1550 1500 τοῦ
1584 1445 1720 1500 Θεοῦ
1746 1446 1905 1517 ἔργα,

346 1532 460 1595 πῶς
492 1533 731 1603 μάταιας
767 1533 862 1586 καὶ
888 1532 1058 1594 πολὺς
1092 1532 1220 1602 περὶ
1255 1529 1459 1585 τούτων
1481 1532 1510 1583 ὁ
1545 1530 1723 1599 λόγος.
1765 1529 1906 1582 Ἀλλ’

341 1614 528 1678 ἄκουε,
552 1615 828 1686 ἀγαπητέ’
858 1616 931 1668 Οὑ
962 1613 1032 1666 τά
1066 1613 1160 1666 τοῦ
1191 1612 1326 1666 Θεοῦ
1353 1614 1489 1684 ἔργα
1519 1608 1641 1665 εἶπε
1683 1613 1906 1683 μάταια.

344 1699 420 1768 μὴ
444 1697 681 1765 γένοιτο·
720 1698 820 1750 οὐκ
860 1697 1086 1765 οὐρανὸς
1122 1695 1375 1765 μάταιος,
1421 1695 1543 1748 οὑδὲ
1575 1694 1645 1763 γῆ
1683 1696 1907 1765 ματαία,

344 1780 421 1851 μὴ
454 1780 666 1849 γένοιτο
685 1794 699 1810 ⁸
728 1781 825 1850 οὐχ
853 1780 1024 1849 ἥλιος,
1057 1778 1178 1832 οὐδὲ
1210 1778 1407 1848 σελήνη
1439 1782 1533 1832 καὶ
1562 1778 1760 1846 ἄστρα,
1789 1778 1910 1831 οὐδὲ

340 1862 403 1914 τὸ
424 1862 583 1932 σῶμα
605 1863 667 1915 :6
697 1862 964 1933 ἡμέτερον
988 1877 1002 1891 ’
1048 1861 1224 1914 πάντα
1251 1861 1360 1931 γὰρ
1388 1860 1563 1913 ταῦτα
1590 1860 1731 1913 καλά
1760 1860 1908 1914 λίανο

341 1944 475 1998 ἀλλά
486 1943 541 1997 τί
558 1944 788 2015 μάταιον
808 1960 823 2009 ;
855 1943 1201 2014 ’Λκούσωμεν
1217 1942 1382 1997 αὑτοῦ
1401 1943 1651 2012 λέγοντος
1667 1943 1761 1996 τοῦ
1793 1944 1914 1996 Ἐκ-

342 2026 666 2097 κλησιαστοῦ
696 2045 710 2059 ·
741 2026 1074 2096 Ἐφύτευσά
1108 2045 1210 2097 μοι
1238 2025 1619 2096 ἀμπελῶνας,
1649 2026 1911 2094 ἐποίησά

336 2127 438 2181 μοι
466 2108 723 2178 ᾅδοντας
745 2110 843 2165 καὶ
877 2110 1165 2179 ᾀδούσας,
1202 2108 1465 2178 ἐποίησὰ
1480 2129 1584 2179 μοι
1611 2111 1913 2180 κολυμϐή-

342 2197 487 2262 θρας
519 2193 777 2261 ὑδάτων,
800 2194 1038 2263 ἐγένετό
1071 2211 1175 2264 μοι
1194 2194 1439 2263 ποίμνια
1464 2193 1563 2247 καί
1589 2194 1911 2259 βουκόλια,

344 2277 694 2347 συνήγαγον
721 2277 981 2346 χρυσίον
1016 2276 1115 2330 καί
1148 2277 1432 2345 ἀργύριον
1454 2292 1467 2304 ·
1508 2276 1607 2330 καί
1630 2272 1790 2331 εἶδον
1822 2278 1910 2331 ὅτι

344 2359 543 2413 πάντα
561 2360 890 2429 ματαιότης
908 2376 922 2390 ο
960 2358 1056 2412 καὶ
1099 2359 1282 2424 πάλιν,
1312 2359 1650 2426 Ματαιότης
1670 2376 1909 2429 parato-

345 2439 561 2508 τήτωιν,
603 2441 677 2495 τὰ
704 2440 901 2495 πάντα
921 2442 1268 2510 ματαιότης.
1297 2441 1496 2494 ’Ἄκουε
1529 2444 1623 2495 καὶ
1656 2441 1748 2494 τοῦ
1780 2443 1918 2514 Προ-

346 2527 516 2596 φήτου
545 2523 827 2594 λέγοντος·
864 2522 1236 2591 Θησαυρίζει,
1271 2524 1368 2577 καὶ
1396 2526 1467 2579 οὐ
1489 2524 1771 2594 γινώσκει
1800 2527 1915 2580 τίνι

347 2605 605 2671 συνάξει
629 2605 801 2661 αὑτά.
835 2605 993 2659 Κατὰ
1016 2605 1174 2659 τοῦτο
1197 2606 1496 2676 ματαιότης
1517 2609 1916 2678 ματαιοτήτων,

347 2691 404 2742 αἱ
429 2688 682 2760 λαμπραὶ
713 2688 1012 2759 οίκοδομαὶ,
1044 2689 1073 2741 6
1112 2689 1280 2752 πολὺς
1321 2689 1417 2742 καὶ
1442 2691 1749 2761 περιρρέων
1786 2708 1918 2760 χρυ-

350 2772 462 2836 06;.
496 2771 605 2826 τῶν
638 2773 987 2844 ἀνδραπόδων
1041 2775 1099 2827 αἱ
1139 2772 1330 2841 ἀγέλαι
1386 2773 1530 2826 κατὰ
1567 2773 1667 2844 τὴν
1713 2774 1921 2845 ἀγορὰν

351 2853 629 2919 σοϐοῦσαι,
657 2857 686 2909 6
725 2855 894 2924 τῦφος
942 2855 1038 2909 καὶ
1075 2857 1108 2925 ἡ
1143 2854 1441 2922 κενοδοξία,
1479 2856 1546 2910 τά
1596 2856 1921 2927 φρονήματα

348 2943 446 2997 x01
493 2946 522 2998 6
569 2945 799 3015 κόμπος.
834 2943 1020 2998 Ταῦτα
1067 2943 1174 3013 γάρ
1206 2945 1387 2997 πάντα
1432 2944 1672 3014 μάταια·
1719 2945 1780 2997 οὑ
1812 2943 1921 3015 γὰρ

351 3031 503 3097 παρά
539 3028 675 3081 Θεοῦ
712 3028 1024 3098 γεγένηται,
1060 3026 1196 3081 ἀλλὰ
1246 3028 1376 3096 παρ’
1407 3026 1560 3097 ἡμῶν
1595 3026 1921 3098 δεδημιούρ-

348 3127 537 3182 γηται.
575 3112 642 3164 Τί
675 3112 876 3184 δήποτε
902 3112 960 3166 δέ
992 3113 1234 3183 μάταια;
1276 3110 1399 3162 "0::
1429 3109 1580 3165 οὐδὲν
1619 3109 1731 3180 ἔχει
1766 3110 1921 3173 τέλος

352 3196 611 3268 χρηστόν.

420 3338 502 3393 Τὰ
531 3343 787 3412 χρήματα
807 3342 1033 3413 μάταια,
1058 3344 1186 3398 ὅταν
1206 3345 1286 3408 είς
1300 3344 1511 3415 τρυφὴν
1541 3340 1920 3412 ἀναλίσκηται·

350 3421 412 3475 οὐ
442 3425 648 3492 μάταια
669 3425 725 3479 δὲ
751 3427 982 3494 γίνεται,
1012 3427 1140 3481 ὃταν
1164 3430 1243 3491 είς
1267 3426 1507 3496 πένητας
1536 3425 1922 3497 σκορπῐζηται.

353 3504 523 3559 Ὅταν
553 3506 609 3560 δὲ
649 3510 727 3571 είς
767 3509 978 3580 τρυφὴν
1028 3509 1337 3582 ἀναλώσῃς,
1393 3509 1593 3580 ῖδωμεν
1647 3507 1828 3561 αὐτῶν
1864 3508 1926 3561 :6

352 3588 503 3652 τέλος
532 3589 585 3642 τί
613 3591 746 3643 ποτέ
766 3593 904 3645 ἐστι’
924 3592 1195 3663 λιπασμδς
1221 3594 1492 3662 σώματος,
1524 3592 1740 3662 ἐρυγαὶ,
1765 3591 1929 3644 πνεύ-

357 3686 526 3740 ματα,
554 3670 761 3741 κόπρου
793 3672 1018 3743 πλῆθος,
1051 3674 1386 3745 καρηϐαρία,
1427 3673 1666 3743 μαλακία
1703 3673 1924 3743 σαρκὸς,

354 3752 451 3805 καὶ
472 3751 743 3825 θερμότης
771 3756 864 3808 καὶ
893 3755 1137 3818 ἔκλυσις.
1179 3755 1267 3819 Ὦς
1288 3756 1396 3824 γὰρ
1426 3756 1492 3809 ἂν
1521 3757 1575 3809 ετ
1607 3773 1692 3819 τις
1724 3774 1926 3827 τετρη-

359 3835 519 3906 μένον
547 3836 703 3891 πίθον
740 3838 1020 3892 ἐπαντλῶν
1052 3838 1424 3910 ματαιοπονεῖ,
1448 3837 1590 3890 οὕτω
1622 3839 1716 3891 καὶ
1746 3841 1775 3891 6
1801 3856 1929 3909 τρυ-

357 3918 474 3988 φῶν
503 3921 579 3983 είς
627 3919 783 3975 πίθον
822 3921 1153 3993 τετρημένον
1200 3920 1398 3975 ἀντλεῖ.
1445 3920 1654 3985 Ἄλλως
1685 3921 1764 3987 δέ,
1822 3924 1929 3993 μά-

358 4018 507 4056 ταιον
551 4003 767 4072 λέγεται
812 4002 874 4058 τὸ
906 4004 1278 4076 προσδοκηθὲν
1313 4006 1414 4074 μέν
1463 4003 1606 4075 ἔχειν
1633 4006 1819 4076 τιμὴν,
1852 4007 1928 4079 μὴ

357 4086 591 4157 ἐσχηκὸς
624 4087 682 4140 δέ
702 4103 717 4118 ο
752 4085 868 4159 [91]
902 4088 1038 4158 ὅπερ
1070 4086 1165 4141 καὶ
1191 4086 1344 4140 κενὸν
1372 4087 1611 4155 λέγουσι,
1646 4088 1741 4141 καὶ
1767 4091 1930 4153 κενὰς

360 4172 602 4236 ἐλπίδας,
627 4172 802 4226 καὶτὸ
828 4172 970 4244 εἰκῆ.
1002 4173 1113 4226 K01
1150 4171 1338 4235 ἁπλῶς
1358 4171 1416 4225 δὲ
1450 4173 1680 4244 μάταιον
1709 4173 1929 4242 λέγεται

363 4255 427 4308 :6
455 4255 593 4326 1:96;
622 4255 787 4326 μηδὲν
810 4258 1104 4327 χρήσιμον.
1137 4256 1368 4326 Ἷδωμεν
1388 4251 1501 4323 οὖν,
1526 4256 1575 4309 εί
1600 4256 1674 4328 μὴ
1705 4256 1931 4312 τοιαῦτα

357 4339 428 4392 τὰ
455 4337 788 4407 ἀνθρώπινα.
828 4339 1108 4410 Φὰγωμεν
1137 4340 1236 4394 καί
1275 4341 1533 4409 πίωμενο
1576 4340 1787 4409 αὔριον
1820 4339 1932 4411 γὰρ

358 4422 842 4492 ἀποθνήσκομεν.
881 4421 947 4476 Τί
983 4418 1076 4478 06v
1105 4422 1166 4477 :6
1197 4423 1370 4489 τέλος,
1418 4423 1541 4477 εἰπέ
1576 4440 1697 4493 μοις
1727 4422 1928 4495 Φθορά.

371 4506 753 4576 Ἐνδυσὼμεθα
788 4508 884 4561 καὶ
913 4506 1363 4577 περιϐαλώμεθα,
1400 4508 1494 4560 καὶ
1539 4506 1592 4559 τί
1629 4506 1691 4559 :6
1721 4506 1928 4577 πέρας;

359 4588 548 4645 Οὐδέν.
589 4590 826 4644 Τοιαῦτά
862 4606 1007 4652 τινες
1033 4588 1143 4642 τῶν
1198 4589 1464 4660 Ἑλλήνων
1510 4588 1930 4660 ἐφιλοσόφησαν,

359 4674 499 4727 ἀλλά
540 4674 748 4745 μάτην·
808 4672 898 4726 τὸν
932 4671 1167 4742 σκληρὸν
1229 4670 1342 4741 βίον
1393 4670 1756 4737 ἐπεδείξαντο,
1818 4671 1932 4724 ἀλλ’

360 4755 570 4820 ἁπλῶς,
610 4756 670 4808 06
724 4754 862 4825 πρός
904 4770 957 4806 τι
1001 4753 1153 4816 τέλος
1185 4754 1456 4823 χρήσιμον
1506 4751 1760 4822 ὁρῶντες,
1797 4752 1933 4806 ἀλλὰ

363 4839 500 4910 πρὸς
535 4836 840 4901 κενοδοξίαν
870 4836 964 4889 καὶ
983 4835 1081 4904 τὴν
1105 4835 1256 4904 παρά
1273 4833 1380 4886 τῶν
1412 4833 1621 4886 πολλῶν
1650 4835 1837 4905 τιμήν.
1868 4833 1934 4885 Τί

362 4924 418 4976 δὲ
453 4924 487 4993 ή
517 4922 668 4992 παρά
711 4920 818 4974 τῶν
860 4919 1070 4973 πολλῶν
1104 4918 1273 4987 τιμὴς
1304 4916 1492 4971 Οὐδέν.
1530 4916 1591 4968 Et
1633 4915 1740 4986 γὰρ
1781 4915 1936 4969 06:01

363 5006 413 5059 οἱ
443 5005 544 5074 τὴν
567 5004 732 5075 τιμὴν
758 5004 1122 5075 παρεχόμενοι
1146 4999 1499 5064 ἀπόλλυνται,
1524 4997 1702 5068 πολλῷ
1731 4997 1935 5068 μᾶλλον

366 5095 401 5164 η
432 5095 589 5165 τιμή.
621 5094 682 5149 Ὀ
710 5095 878 5165 τιμὴν
923 5090 1179 5163 παρέχων
1226 5086 1418 5159 ἐτέρῳ,
1454 5083 1634 5154 έαυτῷ
1673 5083 1937 5154 πρότερον

367 5177 571 5244 ὀφείλει
592 5180 893 5247 παρασχεῖν
916 5193 931 5209 ·
963 5176 1013 5228 εί
1045 5173 1102 5227 δὲ
1129 5171 1203 5243 μὴ
1230 5170 1464 5241 παρέχοι
1495 5165 1695 5236 ἑαυτῷ,
1719 5165 1838 5230 πῶς
1870 5165 1937 5219 ἂν

370 5257 544 5328 ἑτέρῳ
577 5258 830 5327 παρέξοις
870 5258 985 5313 Νῦν
1016 5256 1073 5311 δὲ
1105 5255 1198 5310 καὶ
1242 5254 1341 5318 τὰς
1379 5250 1544 5322 τιμὰς
1580 5248 1849 5321 ζητοῦμεν
1879 5247 1939 5311 ἐξ

371 5340 604 5395 εὐτελῶν
630 5341 725 5394 καὶ
752 5341 1245 5411 εὑκαταφρονήτων
1273 5334 1502 5407 ἀνδρῶν,
1529 5332 1740 5405 ἀτίμων
1769 5332 1939 5384 ὅντων

372 5424 466 5479 καὶ
499 5423 892 5478 ἐπονειδίστων.
916 5423 1054 5476 Ποία
1081 5419 1174 5477 οὖν
1204 5419 1346 5490 αῦτη
1378 5416 1511 5488 τιμή
1536 5433 1550 5481 ;

435 5628 462 5657 ι
486 5614 645 5676 Alius,
670 5613 791 5662 κατὰ
812 5611 891 5661 τὸν
931 5612 1045 5676 βίον.
1073 5612 1133 5661 Ii:
1172 5611 1240 5661 sic
1274 5613 1467 5674 legerat
1512 5612 1766 5672 interpres
1811 5608 1941 5659 Lati-

373 5690 485 5726 nus.

2084 381 2148 450 β’.
2166 378 2331 448 Ὁρᾷς
2346 378 2428 430 ὅτι
2448 376 2739 445 ματαιότης
2767 372 3142 444 ματαιοτήτων
3162 369 3231 421 τά
3252 366 3429 450 πάντα
3447 384 3461 431 ;
3478 368 3579 419 Διά

2008 449 2167 515 τοῦτο
2182 461 2387 529 ἔλεγενο
2418 461 2520 514 Ἔν·
2536 460 2889 527 ματαιότητι
2905 456 3011 508 τοῦ
3029 454 3171 519 νοὸς
3188 449 3408 505 αὐτῶνι
3437 451 3577 503 Ἀλλ’

2012 547 2045 614 ἡ
2076 546 2339 615 θρησκεία
2378 543 2556 597 αὐτῶν
2588 544 2649 596 06
2686 540 2951 609 τοιαύτης
2977 537 3041 590 Τί
3064 536 3182 602 δαί;
3211 531 3321 606 ἆρα
3348 535 3409 586 06
3448 533 3583 597 ξύλα

2012 630 2106 682 καὶ
2144 626 2281 680 λίθοι
2328 626 2396 678 τὰ
2443 623 2929 696 προσκυνούμενα;
2970 621 3157 673 ’Ἥλιον
3195 617 3408 687 φαίνειν
3450 618 3583 686 ἡμῖν

2012 711 2267 780 ἐποίησεν
2307 707 2428 761 ἀντὶ
2476 707 2669 778 λύχνου
2694 724 2705 740 ·
2754 706 2840 768 τίς
2886 704 2977 758 τὸν
3024 703 3216 772 λύχνον
3257 702 3348 753 τὸν
3386 700 3583 753 ἑαυτοῦ

2013 790 2336 862 προσκυνεῖς
2358 786 2550 853 ’Ἥλιος
2579 788 2812 860 παρέχει
2834 784 2897 839 :6
2914 787 3028 855 φῶς
3048 802 3062 816 ’
3088 784 3202 838 ἀλλ’
3219 784 3348 837 ὅταν
3377 784 3584 845 ἐκεῖνος

2017 874 2091 945 μὴ
2119 874 2361 944 δύνηται,
2379 874 2570 943 λύχνος
2601 868 2821 925 δύναται
2841 887 2853 900 ⁸
2882 870 2935 923 τί
2964 869 3144 923 τοίνυν
3164 868 3224 920 06
3254 865 3587 936 προσκυνεῖς

2013 969 2104 1022 τὸν
2138 968 2362 1039 λύχνον;
2407 968 2538 1031 N01,
2592 966 2744 1035 φησὶ,
2777 964 3067 1036 προσκυνῶ
3106 963 3165 1015 :6
3208 960 3341 1031 1:69.
3393 961 3458 1012 Ὦ
3489 957 3585 1012 τοῦ

2014 1052 2246 1120 γέλωτος
2268 1053 2281 1104 !
2307 1049 2543 1117 τοσαύτη
2578 1051 2612 1119 ἡ
2646 1046 2839 1119 ὕϐρις,
2881 1046 2976 1099 καὶ
3011 1045 3110 1099 οὐκ
3143 1042 3407 1115 αἰσχύνῃς
3444 1043 3588 1112 Ὅρα

2013 1132 2072 1186 δὲ
2102 1134 2197 1186 καὶ
2242 1133 2436 1202 ἑτέραν
2485 1130 2647 1184 πάλιν
2673 1146 2686 1160 ·
2718 1128 2791 1181 T6
2824 1126 3299 1199 προσκυνούμενον
3346 1125 3400 1178 τί
3434 1125 3589 1178 σϐεν-

2014 1204 2189 1282 νύέιςς
2215 1214 2267 1267 τί
2297 1213 2617 1279 ἀπολλύεις;
2649 1212 2702 1266 τί
2729 1212 2976 1282 ἀναιρεῖς
2999 1226 3093 1262 σου
3123 1208 3215 1262 τὸν
3237 1207 3393 1274 θεόν;
3422 1204 3509 1259 διὰ
3536 1205 3589 1258 τί

2019 1296 2093 1367 μὴ
2115 1299 2415 1368 συγχωρεῖς
2432 1296 2531 1366 τὴν
2553 1294 2730 1348 οἰκίαν
2755 1290 3140 1363 ἐμπεπλῆσθαι
3168 1289 3332 1344 αὑτοῦ
3355 1307 3368 1354 ;
3396 1290 3459 1342 Εί
3478 1289 3591 1358 γὰρ

2017 1379 2137 1444 θεός
2167 1380 2281 1432 ἐστι
2305 1378 2366 1432 :6
2408 1377 2540 1449 1:69,
2582 1374 2924 1447 έπινεμέσθω
2958 1390 3049 1428 σου
3080 1373 3140 1427 :6
3172 1373 3350 1441 σῶμα,
3399 1371 3476 1441 μὴ
3509 1373 3590 1439 τῷ

2018 1460 2250 1531 πυθμένι
2271 1461 2369 1532 τῆς
2388 1461 2593 1531 χύτρας
2620 1457 2832 1513 καὶτοῦ
2857 1456 3083 1526 λέϐητος
3113 1456 3204 1509 τὸν
3230 1454 3352 1508 θεὸν
3380 1453 3589 1507 ὑποϐά-

2017 1542 2114 1614 λῃς
2135 1559 2147 1572 ·
2173 1543 2361 1611 εἴσαγε
2392 1544 2473 1606 είς
2492 1543 2562 1595 τὰ
2580 1543 2802 1611 ταμεῖα,
2821 1539 3009 1606 εῖσαγε
3037 1537 3117 1601 είς
3141 1537 3210 1591 τά
3236 1535 3439 1607 σηρικὰ
3464 1537 3591 1606 ἱμά-

2016 1642 2129 1678 τια.
2169 1625 2242 1679 Σὺ
2286 1624 2344 1679 δὲ
2392 1624 2453 1678 06
2492 1623 2653 1694 μόνον
2702 1623 2802 1675 οὑκ
2855 1621 3117 1689 εἰσάγεις,
3172 1618 3307 1672 ἀλλὰ
3353 1619 3457 1671 κᾶν
3502 1618 3591 1670 διὰ

2020 1706 2371 1777 περιπέτειαν
2425 1723 2570 1769 τινος
2625 1703 2938 1776 ἐπεισέλθῃ,
3000 1701 3266 1756 πάντοθεν
3326 1701 3591 1762 ἐλαύνεις.

2020 1791 2229 1854 πάντας
2261 1790 2572 1858 συγκαλεῖς,
2604 1791 2699 1842 καὶ
2733 1786 2923 1858 ὥσπερ
2951 1786 3140 1857 θηρίου
3176 1785 3323 1847 τινὸς
3347 1785 3594 1837 ἐπεισελ-

2021 1872 2222 1937 θόντος,
2252 1872 2417 1945 ὀδύρῃ
2448 1874 2542 1927 καὶ
2571 1872 2798 1935 στένεις,
2827 1870 2923 1922 καὶ
2954 1868 3241 1939 συμφορὰν
3270 1866 3333 1919 τὸ
3359 1868 3594 1938 πρᾶγμα

2021 1958 2206 2022 καλεῖς
2258 1957 2705 2030 ὑπερϐάλλουσαν
2757 1955 2820 2008 τὸ
2871 1953 2966 2006 τὸν
3015 1952 3136 2005 θεόν
3185 1967 3279 2003 σου
3315 1952 3591 2021 παρεῖναι.

2025 2040 2175 2110 Ἔχω
2196 2038 2307 2108 ἐγὼ
2333 2039 2486 2104 Θεὸν,
2517 2039 2611 2091 1:01
2631 2037 2810 2091 πάντα
2839 2030 2999 2097 ποιῶ,
3018 2034 3158 2087 ὥστε
3189 2033 3351 2086 αὐτὸν
3375 2034 3602 2099 ἐνστερ-

2023 2122 2295 2189 νίσασθαι,
2345 2123 2440 2177 καὶ
2487 2120 2863 2193 μακαριότητα
2898 2117 3136 2187 ὲμαυτοῦ
3180 2115 3446 2185 ἡγοῦμαι,
3495 2116 3597 2183 οὑχ
3677 2167 3684 2173 ,

2022 2206 2151 2258 ὅταν
2178 2204 2277 2277 τὴν
2314 2204 2490 2258 οἰκίαν
2517 2202 2914 2272 ἐπισκέπτηται
2944 2203 3052 2273 ιτὴν
3083 2199 3242 2270 ἐμὴν,
3281 2199 3395 2253 ἀλλ’
3426 2198 3492 2252 ἂν
3516 2200 3596 2259 εἰς

2023 2288 2122 2360 τὴν
2155 2289 2384 2359 καρδίαν
2417 2288 2578 2341 αὑτὸν
2610 2285 2823 2339 ἑλκύσω
2863 2285 2962 2355 τὴν
3005 2285 3168 2354 ἐμήν.
3211 2283 3477 2335 Ἔλκυσον
3502 2282 3598 2334 καὶ

2028 2374 2092 2427 σὺ
2113 2373 2173 2427 :6
2196 2370 2308 2443 1:69
2329 2373 2409 2435 εἰς
2438 2370 2534 2442 τὴν
2555 2369 2783 2441 καρδίαν
2803 2367 2901 2437 τὴν
2929 2368 3048 2437 σήν.
3072 2366 3251 2429 Γέλως
3279 2363 3474 2427 ταῦτα,
3500 2364 3600 2417 καὶ

2030 2454 2346 2527 ματαιότης.
2383 2454 2561 2508 Καλὸν
2588 2453 2649 2506 τὸ
2687 2451 2798 2523 πῦρ
2828 2453 2908 2514 εἰς
2937 2451 3156 2521 χρῆσιν,
3183 2450 3284 2502 οὐκ
3311 2449 3391 2511 είς
3425 2464 3600 2517 προσ-

2027 2538 2286 2608 κύνησιν·
2335 2538 2414 2600 εἰς
2457 2533 2754 2605 διακονίαν,
2790 2534 2870 2596 είς
2904 2530 3228 2602 ὑπηρεσίαν,
3254 2533 3334 2594 είς
3377 2531 3438 2584 :6
3475 2529 3599 2583 600-

2027 2620 2204 2675 λεύειν
2235 2618 2378 2691 ἐμοὶ,
2411 2620 2510 2672 οὑκ
2542 2619 2622 2679 είς
2651 2616 2712 2670 :6
2740 2617 2963 2688 κρατεῖν
2997 2613 3130 2684 ἐμοῦ
3157 2630 3171 2645 ·
3206 2616 3381 2667 ἐκεῖνο
3403 2611 3469 2665 δι’
3500 2612 3601 2682 ἐμὲ

2030 2704 2273 2772 γέγονεν,
2300 2702 2399 2756 οὐκ
2430 2699 2542 2768 ἐγὼ
2572 2700 2639 2754 δι’
2670 2699 2822 2752 06:6.
2850 2698 2913 2751 El
2937 2698 3260 2768 προσκυνεῖς
3289 2695 3350 2748 :6
3384 2694 3514 2769 πῦρ,
3546 2694 3603 2746 τί

2030 2787 2191 2846 06:6;
2221 2785 2318 2857 μὲν
2362 2784 2455 2837 ἐπὶ
2485 2784 2585 2852 τῆς
2626 2781 2816 2849 κλίνης
2856 2780 3203 2840 κατάκεισαι,
3247 2776 3497 2849 μαγείρῳ
3542 2777 3601 2829 δὲ

2031 2869 2270 2932 κελεύεις
2298 2867 2634 2937 παρεστάναι
2657 2882 2750 2918 σου
2775 2863 2853 2934 τῷ
2874 2863 3014 2933 θεῷς
3043 2862 3211 2924 Αὐτὸς
3227 2861 3479 2928 ἀνάδεξαι
3504 2860 3602 2930 τὴν

2034 2951 2383 3023 μαγειρικὴν,
2415 2950 2508 3002 καὶ
2531 2947 2834 3018 ἀρτοκόπος
2868 2944 3048 3014 γενοῦ,
3074 2947 3122 2996 εἰ
3149 2943 3350 3013 βούλει,
3371 2943 3603 3013 7.0110).-

2033 3033 2181 3097 κεύς.
2228 3033 2395 3086 Οὐδὲν
2450 3031 2559 3101 γὰρ
2602 3029 2808 3083 τούτων
2854 3027 2962 3081 τῶν
3005 3027 3210 3096 τεχνῶν
3256 3026 3600 3095 τιμιώτερον,

2031 3116 2219 3185 ἐπειδὴ
2246 3114 2419 3167 ταῦτα
2445 3116 2473 3166 6
2509 3113 2598 3176 σὸς
2631 3112 3017 3166 ἐπισκέπτεται
3048 3109 3188 3171 θεός.
3221 3109 3285 3161 Τί
3317 3108 3475 3179 ὓϐριν
3497 3110 3602 3177 ἡγῇ

2030 3199 2132 3269 τὴν
2163 3198 2380 3269 τέχνην,
2417 3196 2543 3250 ἔνθα
2596 3212 2690 3248 σου
2726 3193 2890 3257 πολὺς
2921 3195 2949 3247 6
2988 3191 3138 3256 θεός;
3178 3192 3229 3245 τί
3258 3194 3371 3253 τοῖς
3400 3189 3609 3250 δούλοις

2032 3283 2358 3345 ἐπιτάττεις,
2377 3280 2540 3344 06:6;
2555 3280 2611 3333 δὲ
2630 3280 2691 3333 οὐ
2709 3276 2986 3341 καταξιοῖς
3005 3294 3018 3338 ς
3043 3275 3224 3329 Καλὸν
3243 3274 3304 3327 :6
3331 3271 3448 3345 [92]
3470 3271 3605 3342 πῦρ.

2034 3366 2216 3435 ἐπειδὴ
2253 3366 2347 3419 x01
2381 3363 2547 3417 καλοῦ
2579 3358 2938 3434 δημιουργοῦ,
2974 3359 3088 3413 ἀλλ’
3136 3359 3198 3412 οὐ
3242 3357 3363 3420 θεός
3387 3374 3402 3389 ·
3448 3356 3608 3428 ἔργον

2033 3450 2142 3520 γὰρ
2191 3449 2349 3512 Θεοῦ,
2417 3448 2478 3500 06
2527 3446 2650 3507 θεὸς
2700 3443 2923 3513 ἐκλήθη.
2982 3442 3095 3510 Οὐχ
3145 3442 3276 3511 ὁρᾷς
3335 3438 3502 3492 αὑτοῦ
3549 3440 3611 3492 :6

2034 3532 2267 3586 ἄτακτον
2288 3548 2303 3593 ;
2331 3530 2445 3593 πῶς
2474 3530 2602 3582 ὅταν
2626 3526 2953 3594 ἐπιλάϐηται
2977 3524 3175 3587 οἰκίας,
3198 3522 3435 3592 οὐδαμοῦ
3459 3521 3606 3575 ἵστα⁴

2033 3632 2162 3680 ταις
2194 3614 2308 3667 ἀλλ’
2340 3613 2434 3666 ἐάν
2459 3613 2560 3682 σχῇ
2598 3609 2798 3679 συνεχῆ
2831 3625 2973 3670 τινα,
3003 3609 3179 3661 πάντα
3208 3606 3478 3676 καθαιρεῖ,
3505 3606 3608 3658 κᾶν

2040 3698 2114 3768 μὴ
2141 3697 2405 3751 τεκτόνων
2430 3698 2612 3765 χεῖρες
2632 3693 2666 3763 ἦ
2694 3693 2788 3746 καὶ
2819 3692 2995 3744 ἄλλων
3023 3690 3185 3744 τινῶν
3221 3690 3485 3743 σϐέσωσιν
3508 3689 3609 3741 αύ-

2035 3779 2129 3834 τοῦ
2155 3780 2254 3851 τὴν
2289 3778 2504 3848 μανίαν,
2536 3777 2597 3830 06
2631 3775 2817 3846 φίλους
2847 3772 3010 3837 οἶδεν,
3045 3773 3108 3826 οὑ
3142 3771 3454 3840 πολεμίους,
3491 3768 3607 3824 ἀλλ’

2036 3862 2234 3934 ὁμοίως
2260 3863 2393 3915 πᾶσι
2434 3861 2717 3930 κέχρηται.
2753 3856 2927 3912 Τοῦτο
2958 3852 3051 3908 οὖν
3092 3854 3233 3919 θεὸς,
3263 3852 3360 3907 καὶ
3394 3854 3497 3906 οὑκ
3526 3855 3610 3907 αἱ·

2040 3946 2329 4016 σχύνεσθες
2359 3946 2566 4006 Ὄντως
2595 3942 2776 4005 καλῶς
2801 3936 2975 3994 εἷπενο
3010 3939 3114 3992 Ἑν
3134 3938 3482 4007 ματαιότητι
3505 3937 3610 3991 τοῦ

2035 4028 2178 4094 νοὸς
2212 4025 2430 4082 αὐτῶν.
2473 4024 2611 4078 Ἀλλ’
2644 4027 2672 4077 6
2703 4023 2877 4094 ἥλιος,
2912 4021 3068 4091 φησὶ,
3102 4019 3243 4082 θεός.
3278 4018 3449 4072 Τοῦτο
3479 4018 3609 4087 γὰρ,

2038 4111 2161 4166 είπέ
2198 4128 2309 4181 μοι,
2343 4109 2528 4172 πόθεν,
2570 4108 2665 4161 x01
2701 4106 2789 4160 διὰ
2826 4105 2912 4171 τί;
2945 4105 3028 4159 ὅτι
3061 4102 3176 4171 φῶς
3210 4102 3402 4171 ἀφίησι
3439 4101 3611 4163 πολύ;

2051 4194 2190 4248 Ἀλλ’
2219 4194 2318 4262 οὐχ
2342 4193 2475 4264 ὁρᾷς
2505 4189 2668 4245 αὑτὸν
2696 4187 2994 4258 νικώμενον
3021 4184 3126 4239 ὑπὸ
3155 4184 3265 4237 τῶν
3290 4186 3488 4251 νεφῶν,
3519 4183 3613 4234 καὶ

2039 4278 2254 4349 ἀνάγκῃ
2280 4274 2599 4330 δουλεύοντα
2633 4272 2868 4340 φύσεως,
2906 4270 3000 4322 καὶ
3035 4267 3355 4349 ἐκλείποντα
3384 4266 3479 4318 καὶ
3500 4265 3613 4349 ,ὑπὸ

2040 4363 2269 4432 σελήνης
2313 4360 2407 4414 καὶ
2441 4359 2634 4427 νέφους
2671 4355 3080 4425 κρυπτόμενον;
3121 4348 3314 4432 Καίτοι
3356 4365 3421 4415 γε
3454 4348 3612 4416 νέφος

2039 4431 2426 4511 ἀσθενέστερον
2457 4440 2632 4510 ἡλίου,
2661 4438 2774 4490 ἀλλ’
2808 4438 2957 4503 ὅμως
2985 4431 3254 4502 πολλαχοῦ
3289 4433 3496 4502 κρατεῖ,
3522 4432 3613 4483 καὶ

2039 4525 2200 4580 τοῦτο
2232 4524 2288 4577 δὲ
2327 4526 2427 4593 τῆς
2457 4522 2550 4575 τοῦ
2586 4520 2721 4574 Θεοῦ
2766 4518 2957 4586 σοφίας
2988 4516 3149 4586 ἔργον
3181 4513 3350 4566 ἐστίν.
3396 4514 3455 4566 '0
3484 4512 3613 4575 Θεὸς

2040 4607 2328 4678 παναρκης
2359 4602 2497 4659 εἶναι
2534 4603 2757 4673 ὀφείλει,
2793 4598 2948 4663 οὗτος
2989 4600 3045 4652 δὲ
3088 4597 3301 4651 πολλῶν
3347 4600 3496 4650 ἐστιν
3526 4598 3613 4649 ἐνο

2040 4691 2166 4760 δεής
2189 4704 2204 4719 ’
2226 4689 2386 4741 τοῦτο
2407 4686 2463 4742 δὲ
2493 4687 2594 4739 οὑκ
2615 4685 2731 4738 ἔστι
2761 4683 2918 4736 Θεοῦ.
2947 4684 3126 4735 Δεῖται
3160 4679 3270 4748 γὰρ
3296 4678 3456 4748 ἀέρος
3480 4679 3616 4747 πρὶς

2041 4774 2103 4827 :6
2134 4774 2320 4843 φᾶναι,
2349 4772 2442 4824 καὶ
2469 4769 2630 4838 ἀέρος
2652 4766 2853 4820 λεπτοῦ
2876 4782 2889 4795 ·
2918 4765 2994 4828 ὡς
3019 4765 3046 4817 ὃ
3073 4780 3137 4832 γε
3165 4763 3371 4832 σφόδρα
3400 4778 3617 4843 πυκνωο

2043 4856 2156 4920 θεὶς
2184 4856 2282 4909 οὑκ
2304 4853 2498 4922 ἀφίησι
2522 4851 2618 4922 τὴν
2642 4851 2833 4904 ἀκτῖνα
2854 4846 3097 4900 διαδῦναι
3122 4862 3135 4875 ’
3166 4845 3340 4898 δεῖται
3364 4844 3458 4896 καὶ
3488 4842 3614 4895 660-

2043 4956 2154 5003 τος,
2179 4938 2275 4991 καὶ
2303 4938 2489 5006 ἐτέρου
2518 4934 2613 4987 τοῦ
2639 4934 2945 5001 ἐπέχοντος,
2976 4928 3116 4981 ὥστε
3149 4928 3225 4998 μὴ
3256 4926 3613 4995 καταφλέξαι.

2045 5023 2109 5075 El
2137 5021 2246 5090 γὰρ
2276 5018 2349 5089 μὴ
2383 5017 2557 5087 πηγαὶ
2590 5016 2685 5069 καὶ
2703 5014 2892 5083 λίμναι
2921 5011 3017 5064 καὶ
3039 5009 3275 5078 ποταμοὶ
3303 5008 3396 5060 καὶ
3418 5007 3616 5060 θάλασ-

2048 5122 2138 5158 σαι
2176 5089 2298 5156 τινὰ
2346 5101 2622 5171 ὑγρότητα
2664 5097 2752 5150 διὰ
2781 5096 2880 5165 τῆς
2917 5094 3027 5146 τῶν
3060 5093 3250 5161 ἀτμῶν
3282 5089 3617 5171 συνέστησαν

2047 5186 2371 5248 ἀναδόσεως,
2422 5170 2589 5236 οὐδὲν
2651 5179 2718 5233 ἂν
2778 5176 3050 5231 ἐκώλυσεν
3106 5171 3496 5243 ἐκπρωθῆναι
3549 5170 3615 5221 τὰ

2049 5270 2243 5323 πάντα.
2281 5266 2443 5336 ⁹Θρᾷς
2464 5260 2577 5327 οὖν,
2604 5259 2789 5331 φησὶν,
2814 5261 2901 5311 ὅτι
2928 5257 3077 5322 θεός;
3112 5256 3177 5307 Ὢ
3200 5257 3300 5325 τῆς
3327 5253 3523 5336 μανίας
3542 5250 3616 5336 ίῶ

2047 5351 2140 5405 τοῦ
2186 5332 2455 5419 γέλωτοςί
2494 5343 2701 5414 ἐπειδὴ,
2738 5341 2897 5411 φησι,
2934 5336 3417 5419 βλάψαι-δύναται,
3450 5332 3615 5419 Αθεός.

2050 5433 2161 5489 K01
2194 5415 2299 5502 μὴν
2337 5429 2424 5483 διὰ
2450 5426 2607 5480 τοῦτο
2648 5425 2710 5478 06
2741 5424 2880 5487 θεὸς,
2914 5422 2994 5475 δ’τι
3027 5415 3193 5502 ἐνῗοῖς
3225 5418 3346 5502 μέν,
3367 5417 3614 5502 βλάπτει.

2050 5495 2268 5576 οὐδενὸς⁷
2282 5512 2471 5575 δεῖται,
2501 5510 2559 5561 ἐν
2578 5502 2658 5570 οἷς
2685 5506 2741 5560 δὲ
2770 5505 2989 5573 ὠφελεῖ,
3018 5501 3230 5555 πολλῶν
3260 5500 3464 5568 ἐτέρων
3490 5495 3617 5567 χρῄ-

2052 5598 2134 5661 ζει
2160 5612 2172 5626 ·
2200 5593 2336 5647 Θεοῦ
2369 5593 2424 5646 δὲ
2464 5590 2525 5645 :6
2563 5589 2661 5660 μὲν
2694 5588 2976 5658 βλάπτειν,
3035 5584 3238 5661 πόρρω,
3272 5581 3335 5633 :6
3372 5580 3428 5632 δὲ
3473 5579 3611 5645 ὠφε-

2052 5681 2185 5745 λεῖν,
2222 5678 2441 5731 οἰκεῖον.
2480 5675 2646 5727 Ὅταν
2674 5668 2765 5727 οὖν
2818 5670 2878 5723 :6
2923 5668 3165 5722 ἐναντίον
3208 5660 3263 5740 ᾗ,
3310 5663 3429 5727 πῶς
3462 5661 3615 5724 θεός;
