3932 6220
326 391 393 446 8')
1234 390 1297 450 IN
1338 393 1553 452 EPIST.
1599 397 1686 451 AD
1724 395 1966 456 El'llES.

328 522 447 561 eum
474 506 541 560 de
563 504 862 560 humilitate
888 503 1229 561 disseruisset
1256 518 1310 562 et
1338 508 1406 564 de
1437 511 1653 576 unione,
1683 521 1736 567 et
1761 513 1903 582 quod

331 612 434 649 non
466 603 708 663 oporteat
733 595 961 648 alterum
991 604 1175 650 contra
1199 598 1424 651 alterum
1460 600 1753 670 insurgere,
1781 603 1904 658 andi

327 686 452 755 quid
483 687 620 739 dicat
650 703 664 739 :
702 685 815 738 Hoc
841 703 958 755 ergo
990 686 1104 739 dico
1131 697 1177 739 et
1208 689 1446 757 testiﬁcor
1486 693 1538 743 in
1579 691 1817 754 Domino,
1849 705 1904 747 ut

317 781 428 847 jam
451 795 548 830 non
576 777 844 832 ambuletis
873 778 1004 830 sicut
1030 787 1076 831 et
1106 789 1274 846 gentes
1299 781 1576 834 ambulant.
1606 782 1719 836 Non
1747 783 1900 850 dixit,

324 869 436 924 Non
464 869 692 939 amplius
719 869 1004 924 ambuletis
1035 870 1172 924 sicut
1207 872 1492 926 ambulatis
1523 889 1537 936 ;
1571 874 1731 930 nimis
1759 876 1899 929 enim

324 963 577 1032 pungitea
615 963 819 1027 oratio;
853 963 948 1017 sed
979 962 1207 1032 idipsum
1237 965 1448 1032 quidem
1477 967 1900 1036 signiﬁeai-it,ab

320 1055 433 1106 aliis
454 1064 629 1106 autem
653 1053 804 1107 duxit
825 1056 1149 1123 exemplum.
1182 1057 1350 1110 Porro
1370 1059 1435 1111 ad
1455 1058 1898 1115 Thessalonicen-

318 1160 402 1198 svs
431 1159 646 1213 quoque
673 1147 933 1210 scribens,
970 1146 1072 1200 hoc
1115 1147 1240 1200 facit
1267 1148 1452 1204 dicens
1487 1167 1498 1200 :
1544 1150 1662 1203 Non
1693 1152 1746 1206 in
1774 1170 1895 1220 pas-

315 1237 453 1288 sione
477 1237 712 1291 desiderii
742 1237 872 1290 sicut
902 1249 947 1290 et
971 1249 1164 1291 eceterae
1187 1249 1356 1309 gentes
1382 1241 1401 1309 (
1431 1243 1480 1295 'l.
1509 1241 1689 1296 Thess.
1721 1245 1771 1297 4.
1797 1245 1892 1312 5).

315 1329 398 1382 Ab
437 1329 673 1393 illorum,
706 1330 895 1398 inquit,
925 1331 1259 1400 dogmatibus
1284 1332 1580 1388 dissentitis
1609 1351 1623 1398 ;
1662 1335 1756 1390 sed
1793 1336 1894 1391 hoc

315 1431 486 1476 totum
516 1425 608 1478 Dei
650 1442 664 1477 :
698 1439 795 1493 ego
823 1434 998 1479 autem
1039 1441 1100 1479 ea
1148 1441 1330 1495 quaero
1358 1442 1476 1496 quae
1510 1443 1540 1481 a
1579 1428 1731 1483 vobis
1769 1439 1894 1484 sunt

315 1515 639 1580 praestanda,
685 1517 866 1580 vitam,
911 1525 966 1570 et
1005 1517 1113 1571 Deo
1144 1528 1523 1587 congruentem
1571 1519 1890 1575 ambulatio-

312 1620 435 1658 nem
462 1623 475 1658 :
510 1606 612 1661 hoc
638 1616 720 1662 est
749 1617 1006 1662 vestrum.
1034 1609 1247 1664 Testem
1271 1617 1447 1665 autem
1477 1613 1689 1682 appello
1711 1614 1891 1670 Domi-

310 1713 436 1750 num
480 1712 663 1752 eorum
705 1715 825 1770 qute
857 1715 886 1753 a
917 1716 1001 1756 me
1027 1701 1164 1756 dicta
1194 1712 1339 1770 sunt,
1377 1705 1518 1774 quod
1547 1721 1653 1760 non
1699 1709 1887 1764 relicui

309 1803 410 1842 nec
455 1790 765 1858 suppressi,
813 1792 909 1845 sed
968 1792 1079 1846 disi
1127 1795 1575 1863 quemadmodum
1630 1809 1880 1868 oporteat

304 1879 597 1934 ambulare.
628 1882 694 1934 In
725 1885 967 1947 vanitate,
1017 1886 1206 1954 inquit.
1247 1905 1422 1943 sensus
1464 1891 1711 1958 ipsorum.
1749 1892 1884 1960 Quid

301 1979 386 2024 est
407 1986 595 2026 sensus
611 1988 704 2027 seu
724 1975 923 2029 mentis
949 1976 1191 2030 vanitas?
1211 1978 1419 2033 Versari
1445 1980 1496 2034 in
1528 1983 1687 2036 rebus
1714 1985 1882 2038 vanis.

300 2064 561 2128 Qua‘nam
593 2075 772 2119 autem
803 2077 928 2120 sunt
951 2083 1108 2132 vana,
1139 2070 1238 2123 nisi
1261 2073 1434 2126 omnia
1466 2075 1742 2142 praesentia
1771 2077 1794 2127 Ἰ
1819 2076 1886 2132 de

295 2155 499 2223 quibus
545 2156 676 2210 dicit
719 2157 1090 2223 Ecclesiastes,
1134 2159 1339 2215 Vanitas
1390 2165 1690 2229 vanitatum,
1718 2167 1886 2221 omnia

294 2249 502 2300 vanitas
530 2246 725 2316 (Eccle.
752 2249 803 2302 Ι.
828 2248 910 2318 2).
943 2249 1046 2304 Sed
1072 2249 1212 2304 dicet
1229 2252 1507 2321 quispiam,
1531 2253 1586 2309 Si
1609 2264 1730 2310 sunt
1752 2272 1882 2310 vana

289 2347 348 2392 et
373 2339 606 2404 vanitas,
631 2354 862 2409 quanam
885 2341 953 2395 de
981 2356 1138 2396 causa
1163 2343 1296 2398 facta
1327 2347 1494 2400 sunt?
1518 2347 1562 2401 si
1587 2349 1677 2402 Dei
1698 2363 1877 2418 opera,

290 2430 567 2498 quomodo
596 2440 724 2485 sunt
747 2433 923 2486 vana?
947 2441 1001 2486 et
1028 2435 1190 2488 multa
1212 2435 1280 2489 de
1302 2436 1384 2491 his
1409 2437 1566 2492 verba
1596 2439 1745 2494 fiunt.
1775 2441 1879 2496 Sed

289 2521 442 2588 audi,
471 2537 504 2574 ο
526 2521 738 2578 dilecte.
767 2523 885 2578 Non
914 2525 1008 2580 Dei
1031 2541 1191 2596 opera
1219 2527 1354 2582 dixit
1381 2545 1537 2595 vana,
1564 2533 1703 2587 absit
1727 2551 1739 2586 :
1767 2550 1872 2589 non

288 2622 374 2666 est
415 2612 609 2666 caelum
652 2628 884 2679 vanum,
937 2630 1108 2685 neque
1153 2625 1292 2671 terra
1336 2635 1512 2686 vana;
1552 2623 1736 2678 absit:
1772 2641 1876 2680 non

289 2705 368 2757 sol
391 2747 405 2768 ,
445 2719 544 2760 nec
570 2707 692 2759 luna
714 2747 726 2769 ,
765 2721 862 2760 nec
890 2716 1064 2773 astra,
1093 2724 1194 2764 nec
1219 2724 1413 2779 corpus
1451 2723 1690 2769 nostrum
1723 2734 1736 2770 :
1761 2715 1877 2773 h:rc

287 2795 438 2847 enim
469 2796 648 2849 omnia
677 2804 802 2850 sunt
827 2797 982 2852 valde
1009 2798 1148 2853 bona
1182 2817 1194 2852 :
1223 2801 1317 2854 sed
1356 2803 1480 2871 quid
1513 2814 1594 2858 est
1631 2821 1824 2860 vanum
1853 2808 1876 2860 ?

286 2884 588 2939 Audiamus
635 2887 806 2955 ipsum
857 2888 1234 2944 Ecclesiastem
1281 2892 1583 2962 dicentem,
1634 2896 1876 2953 Plantavi

286 2977 415 3028 mihi
445 2978 632 3041 vineas,
663 2978 758 3046 feci
788 2981 913 3032 milii
936 2991 1165 3036 cantores
1189 2992 1238 3036 et
1263 2988 1580 3052 cantatrices,
1614 2991 1712 3058 feci
1749 2992 1874 3045 mihi

287 3067 518 3134 piscinas
560 3084 803 3137 aquarum
842 3086 862 3123 :
891 3075 1091 3139 fuerunt
1134 3073 1259 3126 mihi
1304 3093 1476 3146 greges
1519 3088 1566 3131 et
1607 3094 1832 3134 armenta
1854 3124 1868 3145 ,

283 3158 429 3226 coegi
467 3174 649 3211 aurum
677 3169 722 3213 et
750 3172 1017 3230 argentum
1045 3179 1064 3227 ;
1104 3173 1150 3216 et
1182 3165 1282 3217 vidi
1317 3167 1454 3232 quod
1479 3171 1648 3223 omnia
1677 3173 1870 3226 vanitas

285 3251 301 3314 (
335 3247 502 3302 Eccle.
532 3249 585 3302 2.
613 3251 666 3305 5.
699 3267 834 3320 seqq.
864 3253 914 3319 );
958 3262 1012 3306 et
1056 3269 1238 3308 rursus
1259 3295 1276 3322 ,
1320 3255 1522 3310 Vanitas
1560 3261 1864 3328 vanitatum,

283 3339 456 3390 omnia
481 3341 694 3394 uanitas.
721 3342 856 3394 Audi
876 3345 1035 3397 etiam
1066 3349 1380 3414 prophetam
1405 3347 1666 3405 dicentem
1694 3369 1707 3404 :
1739 3352 1868 3406 The-

281 3431 529 3491 sanrizat,
575 3439 619 3482 et
650 3432 856 3500 ignorat
880 3433 963 3485 cui
989 3436 1308 3506 congregabit
1340 3452 1399 3490 ea
1427 3449 1443 3510 (
1469 3437 1614 3501 Psal.
1651 3443 1742 3498 38.
1772 3445 1863 3513 7).

283 3517 394 3570 llae
417 3521 625 3573 ratione
648 3524 852 3576 vanitas
875 3525 1164 3578 vanitatum
1190 3528 1440 3595 pra-clara
1463 3530 1705 3598 aediﬁcia,
1731 3536 1864 3589 mul-

281 3614 395 3660 tum
445 3625 633 3662 aurum
693 3620 748 3664 et
791 3614 1198 3679 circumfluens,
1245 3632 1431 3687 greges
1475 3624 1860 3691 mancipiorum

274 3701 517 3767 superbe
565 3702 615 3752 in
664 3701 778 3756 foro
808 3701 1146 3768 incedentes,
1177 3707 1344 3762 fastus
1371 3718 1424 3763 et
1447 3711 1614 3779 gloria
1664 3715 1857 3780 inanis,

272 3805 288 3836 α
314 3799 331 3839 ι
361 3791 530 3842 elatio
554 3792 747 3845 mentis
771 3803 822 3846 et
857 3798 1171 3864 arrogantia.
1206 3799 1333 3853 llaec
1359 3801 1500 3856 enim
1531 3803 1707 3857 omnia
1737 3816 1861 3860 sunt

271 3895 415 3932 vana
450 3897 464 3933 :
501 3897 605 3934 non
637 3882 779 3935 enim
811 3899 839 3937 a
871 3885 978 3939 Deo
1007 3885 1146 3940 facta
1181 3899 1324 3953 sunt,
1367 3891 1461 3944 sed
1497 3906 1526 3945 a
1557 3893 1711 3947 nobis
1736 3906 1859 3951 sunt

268 3972 557 4026 fabricata.
580 3973 686 4027 Cur
711 3986 885 4030 autem
925 3991 1058 4032 vana
1085 3979 1388 4045 ?Quoniam
1419 3983 1622 4038 tmllum
1659 3985 1856 4042 habent

265 4063 476 4117 bonum
510 4063 691 4119 ﬁnem.

343 4153 591 4210 Pecunia
627 4173 800 4222 vane,
840 4158 884 4213 si
913 4173 1273 4216 consumantur
1299 4166 1367 4218 ad
1396 4167 1622 4222 delicias.
1652 4199 1723 4208 —
1751 4169 1852 4224 Pe-

264 4245 442 4299 cunia:
469 4255 594 4300 sunt
626 4263 796 4312 vanae,
830 4252 1042 4318 quando
1083 4263 1469 4309 consumuntur
1503 4257 1555 4310 in
1587 4258 1808 4313 delicias
1834 4277 1848 4326 ;

265 4351 379 4389 non
409 4348 535 4391 sunt
559 4348 737 4392 autem
780 4357 960 4406 vanaz,
1004 4345 1218 4411 quando
1246 4346 1624 4418 disperguntur
1655 4367 1853 4421 paupe-

262 4427 438 4480 ribus.
479 4429 704 4495 Quando
745 4443 920 4485 autem
966 4448 1058 4488 eas
1087 4441 1478 4508 consumpseris
1517 4445 1566 4495 in
1606 4441 1847 4511 delicias,

260 4515 542 4572 videamus
568 4520 810 4588 quisnam
830 4523 896 4575 sit
923 4538 1104 4578 earum
1130 4526 1248 4580 ﬁnis
1269 4547 1281 4579 :
1305 4529 1565 4598 pinguedo
1587 4535 1846 4602 corporis,

261 4617 470 4671 ructus,
520 4608 698 4674 flatus,
748 4613 1032 4669 multitudo
1078 4620 1351 4685 stercoris,
1394 4625 1630 4690 crapula,
1675 4629 1849 4681 carnis

261 4698 524 4754 mollities
544 4741 558 4764 ,
585 4703 840 4772 calorque
868 4713 925 4758 et
959 4704 1262 4762 dissolutio.
1293 4709 1359 4765 Ut
1394 4713 1436 4765 si
1466 4715 1585 4782 quis
1611 4717 1849 4772 infundat

258 4789 313 4841 in
366 4790 564 4845 dolium
607 4793 972 4861 perforatum,
1007 4813 1140 4853 vane
1171 4801 1375 4857 laborat
1406 4822 1419 4857 :
1450 4806 1516 4860 ita
1557 4810 1716 4862 etiam
1756 4813 1846 4878 qui

253 4879 409 4947 degit
439 4881 490 4935 in
523 4881 753 4949 deliciis,
787 4884 1020 4940 infundit
1047 4888 1098 4941 in
1127 4889 1326 4945 dolium
1356 4897 1704 4962 perforatum.
1739 4899 1845 4953 Va-

255 4987 390 5025 num
418 4974 549 5028 alias
578 4976 774 5031 dicitur
799 4979 942 5047 quod
973 4993 1340 5049 eXSpcctatum
1369 4997 1451 5040 est
1476 4990 1690 5058 quidem
1730 4991 1845 5048 fore

253 5072 313 5114 ut
357 5063 406 5115 in
448 5066 654 5120 honore
693 5076 838 5123 esset
865 5077 920 5123 et
950 5072 1152 5138 pretio,
1185 5090 1290 5127 non
1330 5075 1426 5129 fuit
1451 5089 1628 5133 autem
1661 5099 1672 5134 :
1703 5086 1843 5152 quod

249 5153 420 5206 etiam
448 5153 637 5208 diemit
665 5155 821 5210 inane
848 5164 904 5211 et
932 5173 1055 5226 spes
1081 5161 1269 5215 inanes
1291 5205 1304 5229 ,
1339 5175 1391 5218 et
1424 5166 1472 5220 id
1503 5171 1643 5236 quod
1675 5172 1732 5226 tit
1763 5183 1842 5228 te-

250 5259 406 5296 mere
443 5254 498 5298 et
543 5246 961 5302 inconsiderate.
1008 5249 1075 5304 Et
1117 5253 1339 5306 omnino
1380 5256 1606 5313 dicimus
1649 5277 1840 5316 vanum

250 5334 509 5403 quidquid
538 5336 604 5389 ad
635 5337 766 5391 nihil
794 5349 876 5392 est
907 5340 1056 5394 utile.
1089 5341 1378 5401 Videamus
1400 5366 1527 5419 ergo
1556 5367 1731 5407 annon
1756 5371 1843 5410 res

252 5423 501 5480 humana:
525 5429 634 5480 sint
655 5428 939 5495 ejusmodi.
969 5430 1196 5488 fidamus
1218 5447 1260 5488 ct
1283 5437 1509 5494 bibamus
1538 5459 1556 5505 ;
1582 5460 1694 5498 cras
1711 5448 1839 5500 enim

250 5517 524 5570 moriemur
554 5519 634 5585 (Ι.
668 5517 787 5572 Cor.
821 5521 908 5574 15.
945 5521 1057 5594 52).
1088 5524 1218 5592 Quis
1240 5537 1322 5582 est
1351 5535 1836 5606 ergo,dic,qu:cso,

251 5604 423 5658 finis?
453 5607 764 5676 Corruptio.
800 5608 1087 5666 lnduamur
1120 5624 1175 5669 et
1216 5619 1523 5688 vestiantur,
1555 5604 1750 5694 etquis
1778 5628 1837 5681 ﬁ-

251 5695 388 5748 nis?
427 5698 588 5752 Nihil.
637 5698 764 5752 ΙΙωο
809 5699 978 5756 (ΙΙ-ςερί
1020 5707 1234 5773 quidam
1284 5723 1408 5768 sunt
1455 5717 1833 5788 philosophati,

248 5786 348 5847 sed
393 5803 523 5845 vane
566 5799 622 5845 et
674 5787 873 5844 frustra
909 5808 921 5843 :
956 5795 1113 5850 vitam
1165 5811 1499 5863 ostentaruut
1547 5809 1728 5866 duram
1782 5825 1832 5869 et

2009 402 2160 458 CM".
2208 405 2294 460 IV.
2339 408 2572 469 llOMlL.
2616 413 2729 471 ΧΙΙ.
3525 443 3594 492 So

2013 531 2278 588 asperam,
2297 525 2393 580 sed
2422 536 2622 586 temere
2643 540 2698 587 et
2713 531 3124 608 inconsiderate,
3151 547 3336 599 nonad
3361 549 3592 617 aliqui-tu

2014 607 2172 664 finem
2202 617 2525 684 aspicientes
2553 624 2771 691 utilem,
2801 629 2893 682 sed
2921 631 2985 684 ad
3021 634 3229 690 inanem
3260 639 3505 706 gloriam,
3539 655 3590 696 et

2010 697 2265 757 honorem
2297 711 2384 776 qui
2412 709 2638 766 habetur
2660 730 2686 766 a
2711 719 2912 772 multis.
2941 722 3075 788 Quid
3107 735 3190 779 est
3215 739 3392 783 autem
3421 731 3590 786 honor

2008 795 2096 860 qui
2128 793 2353 852 habetur
2375 816 2403 854 a
2432 804 2613 859 multis
2640 807 2850 863 ?Nihil.
2879 811 3009 866 Nam
3038 817 3081 869 si
3113 818 3144 869 ii
3176 821 3334 875 etiam
3365 837 3590 891 pereunt

2006 897 2035 936 a
2057 887 2248 954 quibus
2273 889 2498 948 habetur
2525 896 2714 964 honor,
2748 902 2918 957 multo
2947 909 3114 976 magis
3144 909 3334 966 honor.
3365 887 3467 980 Qui
3497 918 3585 972 alii

2009 987 2228 1042 praestat
2255 979 2532 1045 honorem.
2559 987 2659 1042 sibi
2683 992 2829 1058 prius
2845 993 3000 1050 debet
3022 1011 3276 1066 praestare
3301 1023 3314 1057 :
3342 979 3584 1062 siautem

2005 1065 2106 1120 sibi
2154 1085 2258 1124 non
2307 1084 2556 1144 pnestat,
2597 1083 2869 1150 quomodo
2911 1065 3184 1155 prtestabit
3211 1094 3584 1155 alteri?Nune

2003 1166 2184 1214 autem
2206 1162 2460 1220 honorem
2479 1171 2766 1237 quaarimus
2782 1176 2850 1230 ab
2869 1177 3172 1245 infamibus,
3191 1185 3259 1239 ab
3282 1188 3582 1247 hominibus

2002 1248 2215 1317 vilibus,
2259 1257 2482 1324 abjectis
2511 1270 2566 1316 et
2593 1263 2979 1333 ignominiosis.
3013 1269 3319 1342 Cuiusmodi
3347 1295 3475 1351 ergo
3500 1293 3583 1338 est

2003 1337 2089 1394 hic
2115 1339 2286 1398 honor
2313 1347 2338 1399 ἲ
3089 1337 3103 1342 ⁷
3408 1337 3437 1351 υ
3564 1435 3566 1439 ,

2008 1439 2010 1441 ’
2070 1432 2121 1485 2.
2166 1433 2310 1505 Ignis
2357 1439 2654 1498 adoratores
2700 1448 3092 1520 redarguuntur.
3124 1457 3383 1516 —Vides
3435 1435 3576 1533 quod

1997 1521 2102 1576 sint
2133 1528 2306 1580 omnia
2348 1534 2554 1588 vanitas
2581 1537 2876 1594 vanitatem
2903 1544 2927 1595 τ
2956 1544 3085 1600 ldeo
3111 1547 3353 1616 dicebat,
3387 1552 3452 1607 In
3488 1573 3578 1611 va-

1997 1615 2154 1670 nitate
2170 1621 2346 1674 mentis
2367 1638 2491 1677 suae.
2523 1625 2625 1682 Sed
2649 1644 2714 1684 an
2742 1647 2927 1688 eorum
2956 1637 3142 1708 religio
3168 1657 3273 1697 non
3297 1653 3380 1700 est
3411 1648 3576 1702 talis?

1971 1704 2130 1770 Quid
2156 1712 2374 1764 autem?
2400 1729 2576 1772 annon
2606 1718 2746 1790 ligna
2769 1734 2819 1778 et
2845 1704 3396 1795 lapidesadorantur?
3426 1738 3576 1796 Fecit

1994 1798 2150 1853 nobis
2177 1802 2342 1857 solem
2386 1806 2564 1864 lucere
2609 1827 2704 1881 pro
2735 1815 2948 1871 lucerna
2980 1837 2994 1872 :
3030 1824 3149 1892 quis
3199 1839 3352 1882 suam
3387 1830 3575 1887 adorat

1994 1887 2264 1948 lucernam
2297 1895 2319 1947 Ι
2362 1897 2452 1952 Sol
2501 1903 2702 1968 praebet
2729 1906 2903 1964 lucem
2930 1926 2944 1975 ;
2975 1913 3068 1966 sed
3096 1917 3308 1983 quando
3333 1919 3423 1975 ille
3464 1937 3571 1978 non

1990 2173 2192 2224 tantum
2215 2174 2491 2243 probrum,
2523 2190 2576 2234 et
2614 2197 2718 2237 non
2750 2187 3023 2243 erubescis
3052 2191 3075 2244 Ι
3102 2193 3180 2247 Εη
3215 2211 3398 2252 rursus
3428 2201 3563 2256 alle-

1988 2273 2124 2316 rum.
2154 2261 2262 2318 Cur
2285 2268 2426 2336 quod
2457 2271 2709 2327 aduratur
2733 2279 3068 2348 esstinguis?
3101 2298 3198 2339 cur
3227 2287 3448 2354 perdis?
3471 2306 3567 2346 cur

1986 2349 2144 2405 deum
2178 2361 2323 2410 tuum
2357 2358 2424 2414 de
2456 2361 2634 2416 medio
2663 2366 2804 2419 tollis
2834 2369 2857 2422 ?
2895 2385 2991 2425 cur
3021 2388 3125 2427 non
3171 2376 3305 2432 sinis
3348 2380 3563 2436 domum

1986 2449 2127 2496 tuam
2159 2460 2225 2498 eo
2251 2462 2371 2504 esse
2408 2453 2662 2520 repletam
2696 2458 2718 2509 ?
2743 2458 2874 2513 Nam
2906 2462 2949 2515 si
2984 2464 3118 2532 ignis
3144 2477 3226 2522 est
3255 2469 3409 2536 deus,
3437 2490 3559 2529 cor-

1987 2534 2097 2600 pori
2128 2545 2217 2589 tuo
2245 2539 2612 2611 admoveatur,
2641 2563 2744 2602 non
2770 2550 2934 2607 fundo
2963 2555 3083 2610 ollae
3111 2568 3163 2612 et
3191 2559 3377 2615 lebetis
3402 2563 3560 2620 deum

1982 2625 2231 2695 subjicias
2259 2649 2272 2684 :
2304 2632 2545 2690 introduc
2576 2638 2626 2693 in
2649 2641 2838 2697 cellam
2866 2649 3206 2714 penuariam,
3235 2652 3481 2710 introduc
3510 2659 3559 2712 in

1981 2727 2158 2773 vestes
2183 2721 2402 2778 sericas.
2435 2727 2511 2781 Tu
2542 2741 2718 2784 autem
2751 2749 2854 2788 non
2885 2738 3056 2790 solum
3091 2757 3195 2794 non
3225 2743 3518 2799 iutroducis
3544 2789 3558 2812 ,

1980 2811 2073 2865 sed
2117 2815 2276 2869 etiam
2326 2819 2369 2872 si
2415 2835 2541 2875 casu
2578 2825 2756 2894 aliquo
2797 2828 2955 2884 fuerit
2985 2833 3292 2903 ingressus,
3325 2839 3560 2910 undique

1979 2919 2098 2959 eum
2140 2907 2326 2975 abigis,
2360 2927 2546 2967 omnes
2576 2918 2825 2988 advocas,
2858 2934 2910 2977 et
2941 2927 3162 2993 perinde
3200 2939 3358 3000 atque
3389 2933 3431 2986 si
3473 2907 3555 2988 in—

1975 3009 2155 3064 gressa
2197 3000 2266 3053 sit
2306 3000 2416 3057 fera
2463 3005 2636 3076 aliqua
2659 3051 2674 3074 ,
2707 3013 2775 3066 ita
2807 3024 2859 3067 et
2892 3015 2988 3070 fles
3028 3027 3083 3072 et
3127 3020 3432 3090 ingemiscis
3454 3066 3467 3087 ,
3499 3036 3556 3079 et

1978 3083 2112 3141 hanc
2156 3103 2268 3142 rem
2312 3108 2468 3149 vocas
2508 3098 2865 3157 calamitatem
2900 3105 3190 3177 ingentem,
3241 3114 3380 3181 quod
3425 3113 3554 3169 deus

1976 3185 2094 3232 tuus
2123 3180 2282 3234 adsit.
2312 3183 2491 3241 Habeo
2517 3203 2646 3257 ergo
2673 3192 2861 3257 Deutn,
2885 3206 2938 3251 et
2969 3200 3144 3252 omnia
3186 3202 3319 3256 facio
3347 3213 3404 3257 ut
3430 3221 3550 3259 eum

1974 3278 2187 3334 pectore
2215 3288 2336 3329 meo
2370 3280 2716 3347 complectar,
2749 3293 2803 3337 et
2840 3301 3011 3341 meam
3042 3292 3299 3348 existimo
3327 3295 3552 3348 felicita-

1973 3365 2101 3425 tem,
2151 3377 2255 3416 non
2297 3369 2508 3434 quando
2534 3371 2750 3426 domum
2781 3391 2954 3430 meam
2988 3380 3186 3446 invisit,
3217 3384 3310 3438 sed
3339 3389 3550 3454 quando

1969 3465 2091 3503 eum
2126 3462 2336 3509 traxero
2370 3459 2436 3511 ad
2467 3473 2562 3514 cor
2595 3479 2790 3518 meum.
2836 3467 2913 3522 Tn
2957 3486 3168 3542 quoque
3197 3475 3347 3531 trahe
3374 3477 3548 3547 ignem

1968 3541 2041 3596 ad
2061 3558 2157 3598 eor
2183 3556 2352 3601 tuum.
2383 3549 2505 3606 l-ltec
2544 3563 2669 3608 sunt
2697 3557 2917 3613 ridicula
2949 3571 3004 3616 et
3039 3541 3262 3620 vanitas.
3295 3567 3434 3639 Ignis
3462 3586 3548 3627 res

1969 3633 2102 3688 bona
2127 3645 2205 3690 est
2235 3637 2300 3692 ad
2325 3655 2498 3709 usum,
2531 3659 2636 3700 non
2666 3647 2731 3702 ad
2759 3650 3124 3710 adoratiouem
3149 3674 3162 3722 ;
3194 3659 3259 3712 ad
3301 3662 3542 3718 ministe-

1966 3725 2101 3778 rium
2130 3735 2185 3782 et
2213 3731 2508 3799 servitium,
2551 3744 2606 3790 et
2633 3747 2687 3793 ut
2715 3741 2843 3796 mihi
2880 3747 3111 3814 serviat,
3162 3766 3266 3804 non
3297 3762 3353 3806 ut
3377 3754 3430 3808 in
3457 3772 3542 3811 me

1963 3814 2201 3872 obtineat
2231 3820 2509 3891 imperium
2543 3839 2598 3883 et
2626 3830 2957 3891 dominatum
3008 3857 3021 3894 :
3070 3841 3159 3896 ille
3200 3855 3423 3914 propter
3453 3863 3539 3904 me

1949 3905 2130 3991 factus
2154 3921 2256 3978 est,
2292 3931 2394 3970 non
2423 3933 2524 3988 ego
2551 3933 2770 3991 propter
2812 3927 3004 3996 ipsum.
3033 3930 3086 3986 Si
3120 3905 3536 4008 ignem-adoras,

1960 4013 2056 4052 cur
2075 4000 2184 4070 ipse
2197 4005 2410 4073 quidem
2434 4010 2581 4077 jaces
2604 4013 2654 4066 in
2683 4015 2840 4083 lecto,
2859 4034 3032 4088 coquo
3051 4034 3226 4078 autem
3252 4035 3340 4080 tuo
3361 4029 3538 4096 jubes,

1959 4091 2029 4143 sit
2059 4107 2221 4162 prope
2261 4097 2418 4151 deum
2451 4109 2596 4155 tuum
2629 4104 2652 4157 ?
2694 4104 2812 4173 Ipse
2834 4119 3004 4162 artem
3037 4113 3248 4183 suscipe
3287 4120 3541 4185 coquina-

1960 4181 2113 4247 riam,
2144 4195 2198 4238 et
2225 4188 2394 4255 pistor
2419 4189 2658 4255 eflieere,
2700 4205 2792 4248 aut
2821 4197 2862 4250 si
2892 4202 3081 4266 mavis,
3116 4200 3265 4258 faber
3293 4208 3535 4262 :crarius.

1959 4271 2095 4325 Nihil
2142 4286 2225 4328 est
2271 4280 2411 4330 enim
2459 4280 2541 4334 his
2586 4285 2792 4339 artibus
2824 4287 3222 4360 honorabilius,
3254 4311 3374 4350 cum
3402 4299 3533 4354 deus

1958 4369 2077 4415 tuus
2107 4379 2196 4416 eas
2219 4365 2411 4420 invisat
2438 4379 2490 4423 et
2515 4385 2696 4425 earum
2718 4391 2900 4431 curam
2926 4391 3094 4446 gerat.
3121 4386 3256 4451 Quid
3283 4393 3534 4457 probrum

1955 4466 2016 4504 ac
2047 4452 2279 4507 dedecus
2322 4458 2594 4516 existimas
2623 4474 2812 4532 artem,
2857 4470 2946 4523 ubi
2986 4472 3117 4528 deus
3159 4486 3280 4532 tuus
3307 4492 3389 4535 est
3418 4486 3522 4540 fre-

1955 4546 2166 4612 quens?
2187 4563 2282 4600 cur
2307 4551 2476 4605 servis
2504 4555 2744 4622 mandas,
2777 4560 2889 4630 ipse
2915 4575 3088 4619 autem
3120 4584 3224 4622 non
3255 4572 3534 4642 dignaris?

1955 4633 2097 4688 Bona
2121 4651 2204 4691 res
2224 4649 2306 4693 est
2332 4642 2485 4710 ignis,
2513 4648 2762 4716 quoniam
2787 4652 2910 4708 boni
2939 4666 3020 4710 est
3049 4661 3275 4729 opificis,
3308 4666 3401 4720 sed
3426 4684 3530 4724 non

1952 4724 2087 4780 deus
2119 4745 2131 4780 :
2162 4744 2294 4796 opus
2325 4734 2466 4786 enim
2497 4736 2611 4803 Dei,
2646 4755 2748 4794 non
2779 4743 2912 4800 deus
2943 4758 3025 4803 est
3063 4754 3378 4822 appellatus.
3411 4759 3524 4814 Non

1953 4815 2100 4871 vides
2127 4819 2240 4887 ejus
2271 4824 2611 4891 petulantiam
2643 4831 2666 4881 Ι
2694 4837 2962 4902 quomodo
2987 4815 3198 4909 quando
3224 4847 3411 4902 domos
3437 4867 3530 4918 ap-

1953 4910 2316 4981 prehenderit,
2349 4933 2605 4988 nusquam
2633 4938 2690 4978 se
2708 4927 2881 4994 sistat,
2902 4931 2994 4984 sed
3018 4933 3060 4986 si
3079 4935 3250 5005 aliqua
3274 4942 3524 5007 tenuerit,

1952 5001 2128 5054 oiitnia
2156 5004 2351 5073 diruat,
2386 5018 2439 5062 et
2465 5011 2562 5065 nisi
2596 5013 2864 5071 fabrorum
2895 5031 2985 5075 aut
3011 5023 3312 5091 aliquorum
3342 5045 3528 5086 rnanus

1950 5093 2178 5147 furorem
2222 5098 2337 5164 ejus
2380 5103 2767 5170 exstinxeriut,
2817 5125 2922 5162 non
2962 5113 3163 5167 amicos
3206 5127 3382 5184 nom,
3417 5136 3523 5178 noo

1952 5184 2156 5252 hostes,
2191 5190 2282 5241 sed
2312 5193 2558 5248 oumibus
2588 5195 2835 5252 similiter
2878 5203 3086 5256 utitur?
3113 5205 3329 5265 Hiccine
3371 5213 3523 5282 deus,

1951 5291 2048 5330 nec
2088 5294 2180 5331 vos
2225 5281 2426 5346 pudet?
2464 5285 2542 5339 Re
2571 5303 2696 5340 vera
2746 5291 2967 5357 pulchre
3008 5294 3157 5360 dixit,
3201 5300 3268 5355 In
3309 5281 3525 5360 vanitate

1949 5368 2127 5420 mentis
2147 5385 2270 5422 sure.
2301 5372 2369 5424 At
2399 5374 2477 5427 sol
2504 5384 2584 5428 est
2609 5417 2624 5442 ,
2652 5378 2849 5447 inquit,
2885 5380 3034 5436 deus.
3072 5386 3162 5441 Dic
3187 5393 3312 5444 mihi
3336 5435 3348 5455 ,
3383 5397 3523 5449 unde

1949 5454 1997 5506 id
2040 5467 2094 5509 et
2131 5462 2344 5524 quare?
2381 5461 2640 5528 Quoniam
2688 5467 2910 5523 multam
2955 5476 3147 5531 emittit
3192 5454 3378 5534 lucem.
3420 5487 3520 5538 Sed

1947 5562 2050 5600 non
2084 5549 2231 5605 vides
2253 5568 2373 5604 eum
2402 5555 2592 5609 vincia
2627 5559 2874 5629 nubibus,
2907 5575 2959 5619 et
2997 5569 3200 5624 servire
3223 5577 3523 5632 necessitati

1948 5644 2170 5702 natura},
2204 5648 2257 5692 et
2285 5640 2514 5697 deﬁcere
2536 5655 2588 5698 et
2611 5648 2864 5706 uincendi
2893 5671 2919 5706 a
2949 5656 3069 5711 luna
3100 5668 3153 5712 et
3179 5663 3358 5717 nube?
3377 5671 3522 5735 atqui

1946 5728 2114 5781 nubes
2140 5741 2219 5782 est
2239 5731 2351 5785 sole
2380 5733 2710 5804 imbecillior,
2731 5744 2826 5797 sed
2850 5753 3022 5800 tamen
3048 5764 3189 5818 szepe
3213 5754 3262 5806 iu
3290 5770 3409 5808 cum
3429 5758 3522 5810 ob-

1947 5817 2080 5871 tinet
2099 5817 2456 5891 dominatum;
2479 5837 2527 5881 et
2555 5827 2655 5886 hoc
2678 5841 2758 5887 cst
2781 5848 2909 5904 opus
2940 5837 3031 5894 Dei
3061 5842 3353 5912 sapientiae.
3381 5845 3522 5899 De":
