4218 6266
484 422 548 479 'Ji

488 536 653 593 debet
678 545 798 589 esse
830 525 976 584 omni
997 536 1064 579 ex
1092 525 1241 589 parte
1271 508 1567 570 sufﬁciens,
1605 503 1692 560 hic
1726 514 1857 557 vero
1892 493 2073 550 multis

492 582 693 696 indiget
720 640 736 676 :
889 624 1066 671 autem
1088 582 1195 664 non
1213 614 1296 659 est
1320 602 1433 659 Dei.
1459 601 1596 654 Aere
1621 594 1763 652 enim
1787 589 1984 658 indiget
2008 582 2073 638 ad

496 683 804 779 incendunt,
837 720 1009 776 coque
1037 699 1216 757 subtili
1240 715 1255 763 ;
1288 710 1411 751 nam
1443 691 1532 762 qui
1562 696 1647 743 est
1665 683 1819 739 valde
1839 690 2074 739 crassus,

495 825 603 866 non
630 768 757 861 sinit
779 768 1005 856 transire
1025 791 1230 847 radium
1257 808 1270 843 :
1301 800 1437 856 aqua
1458 782 1618 837 etiam
1642 775 1861 844 indiget,
1886 780 1943 826 et
1967 768 2073 822 alio

496 899 638 973 quod
662 911 783 953 eum
812 890 1086 948 contineat
1115 898 1183 938 ne
1211 879 1512 936 comburat.
1539 872 1672 928 Nam
1701 867 1803 923 nisi
1831 865 2005 919 fontes
2025 866 2081 914 et

498 955 648 1048 lacus
682 995 737 1042 et
765 981 908 1038 ﬂuvii
937 988 992 1036 et
1035 974 1205 1031 maria
1247 978 1303 1027 et
1344 976 1539 1023 caetera
1582 960 1761 1017 omnia
1801 955 2079 1010 humorem

498 1080 784 1154 quemdam
828 1071 1221 1130 constituerent
1268 1076 1364 1133 per
1404 1070 1663 1128 vaporum
1706 1047 2080 1108 emissionem,

503 1140 633 1234 nihil
649 1176 855 1228 vetaret
870 1162 1154 1235 quominus
1172 1156 1350 1212 omnia
1371 1153 1727 1223 ignoscerent.
1750 1140 1914 1197 Vides
1933 1150 2083 1206 ergo,

724 1256 865 1331 quod
890 1224 1024 1311 deus
1043 1250 1151 1307 sit?
1177 1248 1220 1303 0
1248 1241 1539 1301 insaniam!
1572 1253 1606 1292 o
1630 1250 1740 1291 rem
1767 1224 2083 1330 ridiculam!

506 1319 768 1421 Quoniam
796 1355 993 1419 potest,
1026 1338 1217 1410 inquit,
1247 1335 1462 1395 laedere,
1488 1330 1622 1385 deus
1653 1333 1753 1381 est.
1787 1319 1945 1389 Atqui
1969 1329 2091 1387 pro-

509 1407 631 1516 pter
659 1441 761 1495 hoc
788 1407 894 1492 non
925 1407 1010 1490 est
1034 1407 1195 1493 deus,
1229 1426 1348 1497 quia
1390 1424 1444 1479 in
1472 1422 1536 1475 iis
1555 1461 1571 1486 ,
1608 1418 1661 1472 in
1692 1413 1885 1485 quibus
1913 1407 2089 1469 laedit,

512 1498 664 1593 inulto
693 1531 928 1602 indiget;
973 1529 1027 1581 in
1057 1523 1247 1594 quibus
1279 1527 1456 1572 autem
1485 1511 1724 1582 prodest,
1757 1502 1944 1560 multis
1976 1498 2094 1553 aliis

518 1628 678 1682 habet
713 1600 886 1694 opus:
916 1634 947 1675 a
979 1618 1088 1673 Deo
1129 1622 1310 1668 autem
1350 1607 1546 1664 laedere
1574 1600 1788 1673 quidem
1815 1605 1899 1651 est
1923 1605 2096 1648 remo-

518 1732 663 1783 tum,
698 1686 952 1786 prodesse
991 1717 1168 1764 autem
1211 1712 1293 1759 est
1334 1700 1453 1770 ejus
1484 1692 1777 1765 proprium.
1808 1686 1941 1742 Cum
1970 1695 2101 1786 ergo

519 1812 588 1866 sit
614 1772 665 1865 id
681 1772 823 1878 quod
845 1813 927 1859 est
948 1797 1300 1859 contrarium,
1323 1787 1593 1862 quomodo
1612 1782 1783 1839 deus?
1811 1778 1925 1833 Non
1951 1772 2101 1827 vides

517 1899 659 1971 quod
685 1903 944 1954 venenata
983 1892 1267 1961 pharmaea
1307 1897 1428 1952 quae
1469 1886 1694 1934 mortem
1738 1868 1968 1926 aderunt
2006 1865 2100 1919 la:-

519 1955 673 2056 duut,
697 1996 753 2043 et
781 1985 930 2041 nullo
953 1955 1220 2050 indigent;
1252 1972 1466 2046 quando
1491 1976 1668 2024 autem
1690 1970 1941 2034 prosunt,
1967 1955 2104 2010 mul-

522 2086 592 2138 tis
617 2047 810 2152 egent?
842 2047 1144 2144 Propter-te
1170 2083 1298 2138 ergo
1324 2075 1406 2122 est
1437 2062 1577 2126 talis,
1609 2067 1663 2113 et
1690 2052 1910 2126 pulcher
1936 2056 1990 2102 et
2015 2047 2106 2101 im-

525 2139 752 2231 becilius
774 2189 788 2224 :
814 2139 1057 2239 pulcher,
1085 2172 1142 2216 ut
1164 2171 1423 2230 agnoscas
1444 2151 1760 2208 Dominum:
1787 2139 2105 2203 imbecillus,

529 2283 596 2322 ne
623 2280 741 2320 eum
770 2262 920 2317 dicas
944 2273 1065 2316 esse
1090 2253 1387 2310 dominum.
1419 2248 1488 2302 At
1518 2242 1705 2306 nutrit,
1737 2236 1929 2307 inquit,
1962 2232 2111 2299 plalt-

530 2369 613 2414 tas
638 2365 693 2411 et
719 2350 963 2408 semina?
991 2346 1128 2416 Quid
1159 2358 1308 2407 vero,
1338 2354 1468 2394 num
1499 2335 1620 2390 ideo
1658 2343 1871 2401 quoque
1904 2334 2112 2379 stercus
2168 2380 2175 2387 _

534 2458 618 2503 est
642 2443 813 2501 deus?
844 2456 967 2497 nam
997 2436 1129 2494 illud
1156 2447 1370 2505 quoque
1398 2429 1583 2484 nutrit.
1623 2424 1731 2480 Cnr
1766 2436 1872 2475 non
1902 2416 2115 2471 additur

536 2539 664 2601 falx,
692 2544 747 2591 et
776 2547 965 2588 manus
993 2524 1274 2599 agricolae?
1299 2519 1534 2577 Ostende
1555 2515 1689 2572 mihi
1718 2513 1884 2568 solem
1912 2507 2116 2563 nutrire

538 2629 734 2692 solum,
762 2636 816 2681 et
844 2639 948 2679 non
972 2634 1131 2691 egere
1154 2631 1325 2685 neque
1352 2621 1515 2676 terra,
1548 2623 1649 2664 nec
1676 2620 1834 2675 aqua,
1857 2615 1957 2656 nec
1980 2597 2119 2668 agri-

540 2721 794 2776 cultura:
841 2713 933 2770 sed
976 2712 1242 2784 jaciantur
1289 2704 1533 2768 semina,
1584 2710 1636 2754 et
1683 2695 1922 2753 immisso
1972 2691 2120 2746 radio

542 2810 790 2869 ostendat
814 2781 1008 2878 spicas.
1050 2801 1108 2859 Si
1145 2808 1322 2854 autem
1355 2811 1462 2850 non
1507 2800 1593 2849 est
1634 2789 1751 2858 ejus
1789 2785 1988 2847 solius,
2025 2781 2120 2856 sed

543 2905 703 2959 etiam
730 2873 976 2955 imbrium
997 2936 1014 2963 ,
1045 2910 1143 2949 cur
1171 2908 1275 2946 non
1303 2903 1440 2958 aqua
1467 2899 1680 2957 quoque
1706 2888 1788 2935 est
1813 2875 1983 2933 deus?
2016 2873 2121 2928 Sed

549 2996 782 3052 nondum
807 2992 874 3047 de
897 2990 999 3045 hoc
1024 2987 1220 3057 agitur.
1242 2983 1353 3036 tlur
1371 2995 1477 3034 non
1499 2977 1659 3031 etiam
1688 2982 1828 3028 terra
1851 2977 1935 3024 est
1960 2967 2124 3021 deus?

547 3104 644 3142 cur
672 3101 778 3139 non
818 3093 874 3139 et
911 3090 1154 3140 stercus,
1200 3084 1256 3131 et
1294 3070 1436 3143 ligo?
1469 3069 1591 3123 llazc
1618 3079 1746 3134 ergo
1783 3060 1996 3124 omnia,
2041 3058 2127 3111 dic

552 3177 703 3243 mihi,
734 3170 1108 3230 adorabimus?
1136 3167 1181 3225 Ο
1207 3179 1373 3237 nugas
1399 3171 1455 3217 et
1481 3156 1742 3227 ineptias!
1775 3152 1935 3223 Atqui
1963 3151 2130 3219 magis

552 3270 669 3324 sine
695 3267 810 3322 sole
845 3262 1004 3321 fuerit
1038 3260 1216 3329 Spica,
1244 3271 1405 3326 quam
1450 3252 1569 3308 sine
1608 3258 1747 3303 terra
1795 3253 1850 3299 et
1876 3259 2009 3311 aqua
2031 3282 2046 3305 ,
2076 3249 2134 3294 et

556 3361 748 3431 planae
773 3363 826 3409 et
862 3353 965 3408 alia
1003 3350 1185 3407 omnia
1222 3347 1488 3404 similiter.
1538 3341 1721 3410 Itaque
1766 3337 1811 3391 si
1858 3344 1999 3388 terra
2027 3347 2132 3384 non

555 3427 656 3518 sit,
696 3449 827 3505 nihil
855 3448 1046 3502 horum
1085 3439 1409 3512 apparuerit.
1438 3437 1496 3492 Si
1531 3433 1654 3505 quis
1683 3439 1862 3485 autem
1902 3427 1954 3480 in
1982 3434 2134 3493 tegu-

559 3545 690 3606 lam,
715 3551 774 3596 ut
799 3539 995 3594 faciunt
1022 3535 1175 3606 pueri
1202 3543 1256 3590 et
1283 3530 1537 3587 mulieres
1557 3570 1571 3593 ,
1603 3537 1742 3582 terra
1774 3521 2010 3578 immissa
2037 3516 2138 3571 sub

565 3642 728 3699 tecto,
759 3647 877 3685 eam
909 3627 1147 3698 posuerit
1183 3624 1351 3678 multo
1377 3630 1615 3676 stercore
1643 3618 1935 3686 repletam,
1967 3611 2137 3664 imbe-

564 3726 717 3781 cillas
740 3722 954 3796 quidem
976 3760 993 3782 ,
1026 3720 1232 3787 plantas
1259 3725 1437 3769 tamen
1467 3711 1594 3764 edit.
1628 3710 1809 3778 Itaque
1850 3718 1991 3761 terra
2022 3702 2142 3772 plus

567 3815 775 3874 confert
803 3822 858 3868 et
882 3823 1088 3866 stercus
1108 3849 1122 3872 ,
1152 3817 1206 3861 et
1230 3820 1291 3859 ea
1318 3802 1508 3873 magis,
1536 3814 1693 3868 quam
1725 3798 1866 3850 illum
1889 3836 1905 3857 ,
1934 3801 2145 3863 Oportet

570 3907 816 3964 adorare.
842 3902 986 3973 Opus
1010 3900 1170 3955 habet
1192 3896 1327 3951 caalo
1345 3910 1410 3948 ne
1433 3900 1642 3953 noceat,
1664 3903 1799 3955 opus
1820 3886 1979 3940 habet
1996 3898 2141 3947 aere,

571 4013 707 4071 opus
733 3997 891 4052 habet
919 3994 1002 4049 his
1032 3990 1202 4062 aquis,
1230 3996 1494 4055 tamquam
1517 3977 1832 4051 quibusdam
1865 3974 2025 4029 frenis
2052 3988 2144 4027 co—

574 4064 882 4149 hibentihus
941 4085 1060 4155 ejus
1116 4080 1306 4134 virium
1360 4075 1652 4137 ferociam,
1708 4083 1807 4123 nec
1854 4064 2150 4120 sinentibus

573 4195 790 4239 omnem
817 4180 869 4234 in
898 4186 1099 4247 partem
1122 4171 1367 4228 emittere
1391 4165 1599 4221 radium
1626 4170 1893 4229 tamquam
1922 4156 2149 4211 ferocem

575 4287 795 4344 equum.
831 4270 923 4324 Die
952 4279 1081 4322 vero
1104 4261 1257 4326 mihi,
1284 4258 1498 4315 ubinam
1524 4264 1607 4309 est
1636 4253 1678 4306 is
1702 4249 1897 4305 noctu?
1922 4262 2154 4318 quonam

578 4337 714 4420 deus
742 4375 802 4418 es
828 4372 1047 4430 peregre
1089 4350 1393 4425 profectus?
1433 4363 1537 4402 non
1579 4352 1663 4399 est
1703 4343 1846 4398 enim
1892 4342 1995 4395 hoc
2027 4337 2156 4401 dei,

580 4470 775 4527 nempe
801 4451 996 4509 includi
1026 4458 1077 4503 et
1105 4446 1333 4508 termino
1358 4439 1657 4500 contineri;
1691 4438 1791 4490 hoc
1817 4434 1959 4488 enim
1986 4431 2159 4485 solum

580 4526 868 4618 corporum
897 4552 1000 4598 est.
1032 4539 1136 4595 Sed
1161 4545 1245 4593 est
1270 4533 1513 4606 quaedam
1534 4571 1550 4596 ,
1584 4528 1782 4599 inquit,
1827 4527 1878 4580 in
1922 4526 2038 4593 ipso
2067 4537 2162 4592 po-

584 4617 771 4701 testas,
801 4647 854 4690 et
883 4639 1145 4688 movetur.
1173 4628 1292 4698 ipsa
1305 4638 1431 4693 ergo
1443 4632 1695 4694 potestas.
1722 4621 1808 4674 dic
1832 4617 1983 4679 mihi,
2011 4626 2164 4671 estne

586 4728 763 4787 deus?
806 4740 904 4780 cur
947 4736 1075 4790 ergo
1119 4719 1231 4787 ipsa
1273 4723 1428 4785 eget,
1475 4722 1531 4766 et
1577 4712 1751 4781 ignem
1786 4724 1891 4762 non
1919 4706 2165 4762 cohibet?

588 4833 776 4879 rursus
809 4815 953 4871 enim
974 4810 1163 4867 eodem
1192 4806 1329 4862 redit
1356 4804 1550 4857 oratio.
1575 4801 1711 4868 Quid
1743 4816 1868 4853 vero
1894 4799 1981 4852 illa
2014 4807 2167 4866 pete-

593 4911 742 4969 stas?
767 4916 920 4964 estne
959 4900 1296 4962 illuminans,
1336 4910 1402 4950 an
1434 4909 1530 4963 per
1566 4907 1688 4947 eum
1718 4890 1978 4944 illuminat
2019 4888 2130 4957 ipsa
2152 4927 2169 4952 ,

596 5004 795 5061 nullius
842 4998 1036 5054 horum
1081 4988 1382 5062 particeps?
1426 4985 1518 5041 Sol
1557 4997 1687 5053 ergo
1732 4992 1816 5038 est
1855 4998 1917 5037 ea
1979 4981 2169 5050 major.

598 5095 886 5165 Quousque
914 5081 1272 5159 labyrinthum
1294 5073 1740 5145 circumagimus?

674 5187 729 5240 3.
760 5181 897 5249 Quid
928 5193 1056 5234 ver-0
1079 5190 1246 5247 aqua,
1276 5186 1380 5227 non
1413 5169 1525 5238 ipsa
1548 5180 1758 5236 quoque
1783 5164 1917 5219 deus
1944 5162 2066 5219 est?
2095 5162 2177 5214 in-

599 5279 809 5350 qniunt.
833 5274 948 5329 Hoc
984 5284 1196 5342 quoque
1217 5277 1405 5322 rursus
1431 5272 1516 5318 est
1540 5259 1818 5317 ridiculum
1850 5271 1955 5311 non
1988 5268 2180 5307 vacans

604 5342 970 5426 contentione.
1000 5360 1189 5414 Nonne
1234 5365 1347 5420 est,
1392 5348 1595 5421 inquit,
1636 5348 1801 5412 deus,
1839 5362 1946 5415 quo
1969 5342 2037 5397 ad
2074 5353 2180 5395 tam

606 5460 770 5518 multa
802 5450 1038 5510 utimur?
1062 5449 1129 5504 Et
1165 5448 1234 5502 de
1270 5456 1413 5503 terra
1452 5454 1639 5497 rursus
1680 5437 1943 5492 similiter.
1975 5434 2180 5488 Revera

606 5555 676 5612 ιη
702 5550 930 5607 musto
977 5540 1157 5598 utentis
1185 5552 1323 5601 sua,
1351 5535 1672 5589 obscuratum
1713 5528 1947 5583 habentes
1984 5523 2185 5579 intelle-

606 5658 767 5702 ctum.
788 5639 897 5698 Sed
923 5637 1039 5693 lucc
1058 5644 1202 5688 nunc
1219 5626 1343 5683 dicit
1369 5625 1439 5680 de
1458 5626 1563 5679 vita
1591 5641 1604 5680 :
1635 5623 1950 5680 Scortantur
1970 5628 2022 5674 et
2040 5618 2188 5672 adul-

614 5746 746 5791 terra
776 5732 1066 5786 admittunt
1104 5718 1294 5777 Graeci.
1342 5717 1529 5770 Merito
1564 5733 1575 5767 :
1611 5729 1732 5768 nam
1762 5715 1852 5782 qui
1900 5712 2031 5765 tales
2060 5711 2190 5764 deos

613 5824 715 5884 sibi
747 5819 1089 5884 describunt,
1133 5816 1554 5868 consentaneum
1596 5814 1679 5862 est
1720 5818 1814 5861 cos
1859 5804 1973 5858 lucc
2013 5802 2189 5857 omnia

1209 399 1266 454 S.
1304 388 1576 452 JOANNIS
1613 373 2078 443 CHRYSOSTOMI
2120 368 2435 425 ARCIIIEP.
2471 356 3003 422 CONSTANTINOP.

3694 337 3766 394 92

2182 488 2362 545 facere
2390 507 2405 544 :
2436 496 2491 543 et
2531 487 2575 541 si
2624 483 2892 555 potuerint
2937 480 3210 535 hominum
3257 475 3445 533 oculos
3487 472 3766 543 effugere,

2181 580 2355 635 nullus
2383 588 2464 633 est
2492 576 2581 647 qui
2611 576 2682 631 sit
2720 589 2815 629 eos
2841 571 3194 627 cohibiturus.
3226 566 3366 636 Quid
3392 565 3538 621 enim
3571 566 3771 633 poterit

2182 669 2233 724 id
2272 667 2411 736 quod
2453 667 2649 723 dicitur
2685 663 2754 721 de
2782 660 3181 718 resurrectione
3201 698 3216 725 ,
3249 672 3371 713 cum
3416 656 3496 709 eis
3525 653 3773 708 videatur

2184 760 2388 814 fabula?
2418 761 2484 814 At
2507 757 2647 829 quod
2674 756 2869 812 dicitur
2888 754 2956 808 de
2984 753 3050 806 iis
3074 751 3161 822 qui
3189 758 3313 803 sunt
3339 745 3480 817 apud
3511 745 3713 798 inferos
3742 747 3768 794 ’ρ

2182 851 2287 907 Sed
2316 850 2433 905 ha-c
2458 863 2671 920 quoque
2699 857 2823 902 stmt
2851 843 3048 900 fabulae
3073 859 3087 895 :
3119 840 3237 895 vide
3258 849 3437 893 autem
3478 836 3771 905 cogitatum

2184 943 2501 998 samuicinn.
2529 938 2751 1008 Quando
2781 937 2888 991 illis
2911 935 3110 990 dicitur
3128 933 3258 986 deos
3278 944 3399 985 esse
3423 935 3775 991 scortatores,

2189 1052 2290 1089 non
2320 1033 2504 1087 dicunt
2529 1047 2650 1086 esse
2676 1029 2904 1093 fabulas,
2937 1025 3029 1081 sed
3056 1023 3281 1080 credunt
3309 1039 3323 1076 :
3353 1018 3568 1090 quando
3596 1027 3777 1072 autem

2190 1129 2474 1196 loquuntur
2501 1123 2568 1176 de
2609 1120 2902 1190 supplicio,
2943 1116 3115 1180 Sunt,
3148 1112 3430 1183 inquiunt,
3476 1119 3678 1179 poene,
3724 1114 3781 1160 ct

2189 1216 2368 1268 oninia
2397 1213 2724 1277 fabulantur,
2755 1220 2812 1265 ut
2838 1209 2992 1265 bona:
3018 1206 3141 1262 vitae
3167 1211 3340 1259 status
3365 1201 3510 1257 omni
3536 1215 3600 1255 ex
3629 1205 3782 1269 parte

2191 1315 2487 1360 υγοτιίιιιιτ.

2266 1397 2455 1453 Contra
2498 1400 2657 1467 fatum
2695 1404 2741 1448 et
2770 1389 3245 1462 metempsychosin.
3276 1416 3347 1427 -—-
3370 1386 3441 1440 At
3477 1381 3783 1454 philosophi

2198 1490 2538 1555 invenerunt,
2570 1487 2763 1556 inquit,
2794 1483 3046 1555 quiddam
3075 1480 3234 1549 plane
3260 1476 3596 1547 praclarum,
3624 1483 3679 1528 et
3700 1471 3787 1526 bis

2200 1583 2390 1637 melius
2430 1596 2495 1635 ac
2539 1578 2901 1650 pra-stantius.
2940 1571 3256 1640 Quomodo?
3285 1569 3376 1639 qui
3415 1566 3582 1621 fatum
3624 1564 3784 1620 indu-

2200 1683 2347 1739 cunt,
2378 1682 2433 1728 et
2456 1672 2642 1727 dicunt
2672 1668 2852 1725 omnia
2881 1666 3023 1721 nulla
3045 1663 3158 1734 geri
3188 1659 3545 1732 providentia,
3575 1667 3631 1711 et
3655 1654 3789 1710 nihil

2203 1767 2450 1834 cuiquam
2479 1778 2600 1817 esse
2637 1776 2779 1817 cura;
2797 1799 2814 1826 ,
2857 1757 2951 1814 sed
2979 1764 3228 1812 constare
3254 1751 3434 1805 omnia
3460 1764 3526 1805 ex
3554 1747 3790 1803 atomis?

2205 1859 2299 1915 sed
2347 1856 2435 1927 qui
2479 1854 2665 1909 dicunt
2708 1853 2866 1908 deum
2912 1863 3031 1904 esse
3071 1844 3307 1915 corpus?
3348 1842 3453 1899 Sed
3499 1841 3660 1913 quis?
3705 1839 3816 1903 die,

2205 1966 2389 2021 quaaso
2417 1966 2432 2003 :
2460 1947 2551 2019 qui
2579 1947 2839 2001 humanas
2866 1942 3073 1998 animas
3095 1939 3296 1994 faciunt
3323 1951 3443 1991 csse
3468 1933 3709 1994 caninas,
3739 1940 3797 1985 et

2208 2041 2534 2114 persuadent
2576 2037 2883 2092 hominibus
2927 2032 3067 2103 quod
3113 2030 3330 2101 quidam
3369 2025 3656 2097 aliquando
3699 2023 3799 2078 fuit

2209 2135 2380 2198 canis,
2412 2144 2475 2189 et-
2494 2133 2579 2187 leo
2603 2139 2657 2185 et
2681 2127 2883 2199 piscis?
2908 2126 3201 2193 Quousque
3223 2135 3332 2176 non
3354 2117 3579 2174 cessatis
3608 2116 3797 2186 nugari

2213 2236 2448 2283 mentem
2472 2224 2726 2279 habentes
2752 2216 3129 2276 obscuratam?
3155 2230 3275 2268 nam
3299 2223 3357 2265 ut
3382 2211 3472 2281 qui
3502 2211 3610 2264 sint
3633 2209 3686 2262 in
3715 2218 3799 2262 te-

2215 2319 2415 2384 nebris,
2432 2315 2611 2370 omnia
2627 2322 2678 2368 et
2695 2313 2879 2367 dicunt
2893 2318 2947 2364 et
2964 2307 3180 2368 faciunt,
3207 2313 3312 2359 tam
3331 2316 3451 2373 qua:
3466 2299 3534 2355 ad
3551 2299 3800 2369 dogmata

2217 2411 2485 2482 pertinent
2512 2420 2671 2476 quam
2699 2418 2820 2473 quae
2847 2401 2913 2455 ad
2946 2400 3131 2454 vitam.
3181 2397 3381 2451 Eorum
3425 2393 3569 2448 enim
3593 2406 3715 2461 qua:
3749 2389 3803 2442 in

2218 2480 2397 2556 medio
2427 2497 2527 2552 sita
2556 2502 2681 2549 sunt
2710 2492 2844 2547 nihil
2872 2490 3014 2545 videt
3038 2488 3084 2542 is
3108 2486 3199 2556 qui
3230 2492 3316 2540 est
3342 2480 3695 2537 circumfusus
3723 2489 3803 2532 te-

2220 2590 2421 2651 nchris,
2450 2586 2544 2642 sed
2571 2599 2735 2653 saepe,
2759 2582 2873 2636 viso
2901 2582 3044 2645 futue,
3075 2576 3348 2632 existimat
3371 2581 3564 2643 sponte
3588 2578 3803 2626 enatum

2220 2686 2524 2750 serpentem
2553 2694 2567 2729 :
2598 2689 2784 2731 rursus
2804 2688 2834 2727 a
2872 2686 2999 2740 sepe
3025 2674 3288 2731 retentus,
3321 2671 3470 2735 putat
3494 2670 3589 2717 aut
3607 2660 3808 2716 daemo-

2223 2788 2347 2829 nem
2374 2772 2602 2841 aliquem
2629 2775 2723 2821 aut
2750 2763 3019 2818 hominem
3047 2774 3170 2815 eum
3201 2757 3470 2821 retinere;
3499 2752 3809 2821 multusque

2224 2874 2306 2922 est
2334 2864 2590 2919 tumultus
2611 2900 2626 2925 ,
2671 2858 2836 2913 multa
2868 2853 3221 2925 perturbatio.
3255 2847 3535 2919 Ejusmodi
3562 2845 3808 2917 quaedam

2225 2957 2601 3013 extimescunt.
2645 2948 2946 3010 Tiutebunt,
2996 2942 3202 3012 inquit,
3248 2939 3335 2993 ubi
3376 2954 3479 2992 non
3522 2937 3616 2990 erit
3664 2935 3806 2988 (inter

2229 3049 2406 3120 (Paul.
2436 3044 2526 3101 52.
2555 3042 2609 3112 6)
2638 3058 2652 3095 :
2684 3056 2805 3111 quae
2827 3039 2949 3108 jure
2985 3044 3164 3090 autem
3197 3032 3474 3092 timentur,
3521 3043 3628 3083 non
3674 3026 3814 3081 exti-

2232 3146 2475 3196 mescunt
2501 3153 2514 3190 :
2543 3133 2639 3191 sed
2668 3133 2806 3187 sicut
2835 3129 3063 3184 infantes
3091 3125 3281 3196 ge5tati
3308 3138 3340 3177 a
3370 3121 3670 3177 nutricibus
3700 3134 3816 3173 ma-

2234 3247 2335 3286 nus
2363 3228 2576 3299 quidem
2619 3225 2671 3279 in
2704 3224 2879 3293 ignem
2919 3236 2984 3275 ex
3034 3216 3326 3289 improviso
3366 3224 3419 3270 et
3457 3214 3511 3269 in
3543 3213 3819 3267 lucernam

2235 3322 2488 3377 audacter
2514 3317 2829 3378 immittunt,
2860 3312 3030 3364 virum
3060 3318 3238 3363 autem
3268 3319 3427 3361 sacco
3454 3303 3701 3357 indutum
3728 3317 3820 3356 ex-

2239 3416 2524 3471 timescunt
2554 3427 2568 3463 :
2598 3410 2677 3462 sic
2707 3405 2794 3459 isti
2824 3416 3037 3474 quoque
3064 3398 3259 3464 Graeci,
3292 3395 3463 3466 utqui
3493 3394 3602 3449 sint
3634 3407 3824 3447 revera

2240 3507 2503 3565 infantes,
2553 3502 2691 3556 sicut
2715 3499 2874 3553 etiam
2905 3494 3121 3565 quidam
3153 3490 3287 3546 dixit
3313 3489 3452 3558 apud
3478 3502 3604 3552 eos,
3647 3485 3826 3542 Graeci

2241 3615 2454 3659 semper
2484 3594 2659 3665 pueri,
2691 3592 2879 3646 timent
2903 3587 3115 3658 quidem
3146 3599 3265 3654 qua:
3291 3598 3396 3636 non
3427 3589 3554 3637 sunt
3579 3589 3825 3649 peccata,

2245 3706 2300 3746 ut
2321 3687 2509 3745 sordes
2531 3682 2795 3755 corporis,
2823 3678 3018 3734 mortui
3053 3678 3232 3740 funus,
3262 3673 3461 3738 cubile,
3491 3671 3705 3726 dierum
3733 3670 3830 3725 ob-

2244 3780 2595 3845 servationes,
2617 3788 2671 3831 et
2695 3792 2812 3845 qutc
2838 3784 2960 3829 sunt
2984 3768 3286 3837 hujusmodi
3309 3783 3324 3833 ;
3357 3781 3477 3836 quae
3502 3773 3683 3819 autem
3705 3770 3833 3817 sunt

2248 3890 2370 3929 vere
2394 3879 2639 3942 peccata,
2670 3866 3017 3937 praedicatus,
3049 3860 3398 3924 adulterium,
3427 3857 3710 3919 scortatio,
3740 3868 3834 3909 eo—

2248 3983 2366 4023 rum
2396 3966 2591 4020 nullam
2612 3961 2806 4015 habent
2827 3960 3107 4013 rationem.
3127 3955 3231 4010 Sed
3251 3954 3447 4008 videris
3467 3950 3685 4021 quidem
3709 3963 3835 4004 eum

2250 4076 2279 4114 a
2309 4057 2501 4113 mortui
2530 4063 2779 4110 contactu
2807 4051 3005 4116 lavari,
3035 4064 3064 4101 a
3096 4047 3320 4102 mortuis
3361 4054 3540 4099 autem
3582 4043 3841 4113 operibus

2255 4162 2623 4220 nequaquam;
2654 4154 2709 4199 et
2737 4160 2833 4213 pro
2869 4140 3107 4212 pecuniis
3133 4138 3348 4209 quidem
3381 4135 3607 4190 multum
3639 4149 3845 4204 ponere

2256 4243 2510 4307 studium,
2538 4238 2844 4293 existimare
2870 4244 3045 4287 autem
3070 4247 3177 4286 uno
3197 4230 3338 4300 gallo
3363 4237 3525 4282 totam
3550 4242 3671 4281 esse
3692 4240 3843 4280 com-

2259 4335 2485 4404 positam
2533 4332 2679 4385 litem
2724 4342 2787 4382 ac
2832 4323 3255 4381 controversiam
3302 4337 3318 4374 :
3366 4322 3502 4374 adeo
3555 4318 3846 4373 obscurata

2262 4439 2440 4484 mente
2460 4433 2605 4481 sunt.
2626 4422 2806 4478 Multis
2829 4418 3124 4475 terroribus
3149 4417 3300 4485 plena
3319 4425 3401 4469 est
3420 4428 3610 4468 eorum
3632 4412 3810 4465 anima
3832 4426 3845 4463 :

2265 4530 2323 4575 ut
2370 4529 2528 4589 puta,
2579 4515 2665 4568 hic
2704 4521 2797 4566 aut
2842 4511 2935 4565 ille
2976 4508 3182 4578 primus
3226 4505 3359 4559 mihi
3410 4503 3650 4558 occurrit
3689 4501 3853 4556 domo

2265 4608 2513 4670 exeunti;
2543 4604 2762 4659 omnino
2789 4602 3099 4670 contingere
3125 4605 3341 4667 oportet
3370 4594 3509 4649 mala
3542 4593 3856 4647 innumera~

2268 4701 2415 4757 bilia.
2442 4697 2595 4753 Nune
2637 4706 2824 4748 servus
2851 4687 3213 4745 exsecrandus
3256 4685 3393 4740 dans
3436 4682 3567 4737 mihi
3603 4683 3855 4744 calceos,

2269 4793 2501 4864 primum
2533 4787 2768 4859 porrexit
2815 4794 3018 4854 partem
3061 4779 3369 4841 sinistram;
3417 4790 3612 4847 graves
3649 4771 3856 4844 signiﬁ-

2273 4893 2459 4939 cantur
2487 4880 2817 4937 calamitates
2836 4918 2850 4941 ,
2883 4885 2937 4929 et
2966 4870 3328 4927 contumeliae.
3378 4869 3489 4938 Ego
3530 4869 3647 4935 ipse
3675 4867 3862 4920 exiens

2276 4977 2492 5030 sinistro
2520 4972 2679 5042 priori
2709 4966 2945 5039 processi
2979 4965 3150 5034 pede;
3185 4963 3285 5016 hoc
3301 4973 3518 5031 quoque
3546 4968 3631 5012 est
3650 4958 3861 5028 signum

2278 5066 2658 5120 calamitatum.
2690 5062 2755 5115 Et
2798 5059 2910 5112 haec
2938 5056 3153 5126 quidem
3182 5052 3328 5107 domi
3359 5061 3484 5105 sunt
3510 5050 3650 5105 mala
3678 5067 3693 5103 :
3725 5050 3864 5101 foras

2281 5170 2457 5214 autem
2484 5170 2701 5226 egresso
2742 5153 2932 5207 dexter
2958 5148 3091 5204 mihi
3118 5148 3306 5203 oculus
3347 5145 3554 5198 inferne
3580 5142 3737 5204 salit;
3770 5141 3867 5193 hoc

2283 5258 2365 5304 cst
2401 5247 2652 5303 indicium
2700 5244 3077 5312 Iacrymarum.
3120 5236 3371 5292 Mulieres
3410 5246 3627 5300 quoque
3656 5227 3868 5299 quando

2285 5345 2477 5395 sonant
2501 5331 2691 5390 calami
2717 5330 2782 5384 ad
2822 5337 3045 5383 texturae
3071 5334 3219 5380 recta
3261 5324 3402 5394 ligna
3432 5321 3600 5384 allisi,
3634 5321 3717 5374 vel
3749 5331 3868 5371 cum

2289 5431 2417 5498 ipsa:
2463 5426 2673 5497 pectine
2715 5419 3119 5484 discriminant,
3166 5416 3267 5470 hoc
3313 5428 3409 5483 pro
3452 5413 3610 5480 signo
3652 5410 3867 5464 habent.

2292 5497 2495 5577 Rursus
2519 5515 2734 5590 quando
2762 5513 3076 5581 sublegmcn
3114 5508 3325 5579 pectine
3356 5505 3672 5559 concutiunt
3693 5542 3708 5565 ,
3740 5510 3794 5556 et
3821 5497 3871 5553 id

2293 5614 2492 5670 faciunt
2514 5606 2883 5666 vehementius
2906 5620 2921 5668 ;
2954 5601 3150 5658 deinde
3168 5599 3258 5671 qui
3283 5605 3408 5653 sunt
3427 5610 3661 5665 superne
3686 5591 3873 5647 calami

2293 5705 2364 5759 ob
2394 5705 2657 5757 intonsum
2686 5700 2847 5753 ictum
2879 5694 3045 5751 edunt
3067 5690 3373 5758 strepitum,
3402 5685 3542 5740 allisi
3572 5683 3641 5737 ad
3675 5693 3876 5737 rectum

2298 5804 2518 5852 textura:
2544 5792 2763 5864 lignum,
2795 5790 2894 5847 hoc
2923 5785 3119 5842 habent
3149 5796 3245 5854 pro
3272 5779 3424 5851 signo
3456 5796 3468 5832 :
3507 5787 3563 5833 et
3583 5776 3690 5832 alia
3723 5776 3878 5831 innu-
