4218 6266
450 394 511 451 9|
1336 399 1401 455 IN
1441 400 1658 457 LPIS'I'.
1698 403 1791 457 AD
1830 402 2074 460 EPHES.
2110 405 2262 463 CAP.
2305 406 2393 463 IV.
2442 406 2672 461 IIOMIL.
2714 406 2828 463 XII.
3630 414 3700 470 θ’

452 506 568 576 οὐχ
603 505 756 577 ὁρᾷς,
790 507 872 561 6::
900 507 966 562 τὰ
995 508 1296 581 δηλητήρια
1328 510 1597 582 φάρμακα
1628 511 2021 579 καταϐλάπτει,

452 587 551 640 καὶ
577 589 792 653 οὐδενὸς
819 590 1007 656 δεῖται,
1034 592 1167 645 ὅταν
1205 592 1263 645 δὲ
1299 592 1506 664 ὠφελῇ,
1539 594 1785 660 πολλῶν;
1837 596 1935 650 Διά
1967 596 2027 648 σὲ

452 669 634 723 τοίνυν
663 672 779 725 ἐστὶ
811 673 1073 739 τοιοῦτος,
1114 675 1210 728 καὶ
1244 676 1406 739 καλὸς
1435 679 1531 729 καὶ
1565 677 1797 748 ἀσθενής
1819 696 1833 709 ·
1865 679 2028 742 καλὸς

455 751 574 820 μὲν,
605 752 691 805 ἵνα
717 755 1088 828 ἐπιγινώσκῃς
1114 758 1207 811 τὸν
1232 759 1510 828 Δεσπότην
1531 776 1547 791 ο
1569 760 1802 833 ἀσθενὴς
1828 761 1907 826 δὲ,
1937 761 2024 815 ίνα

455 833 531 905 μὴ
550 837 824 906 Δεσπότην
855 839 1018 892 αὐτὸν
1046 836 1185 894 εἶναι
1218 840 1402 912 λέγῃς.
1441 841 1600 896 Ἀλλά
1625 843 1836 913 τρέφει,
1865 843 2022 914 φησὶ.

449 917 519 970 τά
545 919 685 987 φυτά
710 920 805 973 καὶ
827 920 898 973 τά
921 922 1235 994 σπέρματα.
1266 924 1332 976 Τί
1356 921 1452 977 οῦν
1478 924 1552 996 μὴ
1575 925 1727 995 παρά
1752 924 1911 978 τοῦτο
1931 925 2025 979 καὶ

449 1004 483 1072 ἡ
518 1003 718 1072 κόπρος
766 1004 926 1070 θεός;
973 1006 1071 1059 καὶ
1112 1007 1223 1078 γάρ
1265 1007 1357 1061 καὶ
1385 1007 1567 1080 ἐκείνη
1601 1010 1812 1079 τρέφει.
1848 1009 1912 1061 Τί
1948 1007 2023 1079 μὴ

450 1087 598 1155 παρά
619 1085 775 1140 τοῦτο
795 1088 890 1141 καὶ
916 1088 977 1142 τὸ
1000 1089 1288 1161 δρέπανον,
1320 1090 1413 1143 καὶ
1437 1092 1494 1143 αί
1513 1090 1608 1143 τοῦ
1645 1090 1890 1162 γεωργοῦ
1914 1094 2022 1161 χεῖ-

450 1186 574 1239 pec;
609 1172 791 1238 Δεῖξόν
833 1190 924 1243 μοι
959 1173 1123 1244 μόνον
1161 1174 1427 1245 τρέφοντα
1462 1174 1553 1226 τὸν
1584 1174 1754 1244 ἥλιον,
1790 1175 1882 1228 καὶ
1918 1192 2021 1245 μη-

446 1252 593 1316 δενὸς
620 1254 899 1325 δεόμενον,
928 1257 1067 1327 μήτε
1093 1255 1218 1325 γῆς,
1254 1258 1392 1326 μήτε
1428 1255 1640 1319 ὓδατος,
1676 1257 1812 1326 μήτε
1846 1273 2020 1328 75:09-

445 1336 570 1401 7:'0;
590 1353 604 1371 -
639 1337 779 1391 ἀλλά
809 1337 1083 1406 βαλλέσθω
1122 1337 1191 1392 τά
1228 1339 1540 1409 σπέρματα,
1575 1333 1673 1392 καῖ
1699 1338 1798 1409 τὴν
1827 1340 2019 1392 ἀκτῖνα

443 1418 606 1485 ἀφεὶς
631 1419 895 1473 δεικνύτω
922 1422 1048 1484 :06;
1077 1421 1376 1491 ἀστάχυας.
1412 1421 1477 1475 Εί
1509 1421 1565 1475 δέ
1599 1424 1700 1475 οὐκ
1725 1421 1890 1476 αὑτοῦ
1920 1422 2018 1492 μό-

443 1517 564 1565 νου,
601 1502 738 1557 ἀλλά
791 1506 885 1557 καὶ
922 1505 1030 1558 τῶν
1069 1506 1240 1559 ὑετῶν
1280 1507 1415 1569 ἐστι,
1465 1505 1556 1560 διά
1600 1505 1654 1559 τί
1696 1505 1771 1576 μὴ
1821 1507 1914 1559 καὶ
1958 1505 2019 1559 :6

446 1584 596 1657 ὕδωρ
624 1586 777 1652 θεός;
820 1587 980 1641 Ἀλλά
1014 1591 1180 1660 μήπω
1205 1589 1333 1660 περὶ
1363 1589 1575 1643 τούτου.
1616 1589 1715 1642 Διά
1735 1589 1789 1641 τί
1818 1588 1893 1659 μὴ
1922 1587 2017 1641 καὶ

447 1670 480 1738 ή
504 1668 575 1738 γῆ
605 1668 759 1737 θεός;
793 1670 880 1724 διὰ
908 1671 962 1724 τί
990 1671 1065 1742 μὴ
1096 1672 1189 1725 καὶ
1214 1673 1248 1743 ἡ
1281 1671 1505 1743 κόπρος.
1530 1672 1625 1725 καὶ
1654 1672 1687 1743 ἡ
1712 1670 1929 1724 δίκελλα
1948 1684 1973 1710 δι
1998 1686 2013 1734 ;

446 1753 630 1807 Πάντα
673 1752 787 1819 οὖν,
823 1756 947 1809 είπέ
998 1773 1125 1825 μοι,
1164 1756 1645 1827 προσκυνήσομεν;
1694 1755 1758 1806 Ὢ
1782 1753 1880 1824 τῆς
1920 1752 2018 1823 λη-

446 1836 670 1906 ρωδίαςί
705 1838 895 1892 Καίτοι
929 1838 1133 1908 μᾶλλον
1159 1839 1289 1893 ἀνευ
1321 1838 1473 1908 ἡλίου
1506 1836 1718 1907 γένοιτο
1749 1836 2011 1906 ἄσταχυς,

442 1921 476 1988 ἢ
495 1918 624 1974 ἄνευ
650 1922 753 1991 γῆς
768 1925 863 1977 καὶ
892 1922 1107 1987 ὕδατος,
1127 1923 1224 1976 καὶ
1240 1921 1383 1989 φυτά
1408 1922 1505 1975 x01
1523 1921 1593 1974 τά
1612 1921 1748 1977 ἄλλα
1773 1920 2010 1976 ἃπαντα.

442 2002 485 2054 Γ
487 2002 552 2072 ἧς
572 2004 671 2073 μὲν
686 2001 778 2059 οὖν
794 2006 893 2059 οὐκ
912 2005 1105 2075 οῦσης,
1122 2005 1223 2059 οὐκ
1241 2005 1306 2059 ἀν
1332 2021 1462 2058 ποτε
1478 2003 1685 2057 τούτων
1702 2021 1756 2057 τι
1777 2003 1973 2073 φανείη
1994 2019 2009 2034 ο

440 2085 492 2137 εί
517 2084 575 2137 δέ
618 2103 703 2150 τις
737 2088 795 2139 ἐν
839 2088 1115 2157 κεραμίῳ,
1161 2082 1250 2140 οἷα
1278 2086 1346 2139 τά
1374 2086 1564 2141 παιδία
1592 2084 1807 2139 ποιοῦσι
1835 2086 1930 2138 καὶ
1955 2085 2011 2139 αἱ

438 2170 723 2235 γυναῖκες,
764 2171 869 2240 γῆν
906 2169 1324 2239 ἐναποθέμενος,
1358 2167 1464 2222 ὑπὸ
1489 2168 1580 2221 τὸν
1612 2167 1807 2238 δροφον
1841 2167 2012 2221 κατά-

438 2250 614 2313 θοιτο,
657 2251 900 2323 κέραμον
952 2252 1236 2323 ἐμπλήσας
1279 2251 1487 2321 κόπρου
1540 2251 1762 2320 πολλῆς,
1815 2248 2013 2320 ἀσθενῆ

435 2332 567 2403 μὲν,
613 2333 919 2387 ἀναδίδοται
952 2333 1009 2387 δὲ
1048 2334 1196 2403 ὅμως
1235 2333 1303 2386 τά
1335 2333 1498 2402 φυτά.
1546 2334 1708 2386 Ὥστε
1747 2333 1946 2386 πλείων
1976 2333 2009 2401 ἡ

432 2416 592 2486 παρά
621 2416 725 2486 τῆς
755 2416 858 2487 γῆς
888 2417 984 2470 καὶ
1020 2418 1123 2487 τῆς
1148 2418 1353 2488 κόπρου
1386 2416 1682 2483 συντέλεια,
1726 2415 2013 2470 καὶταῦτα

434 2498 557 2572 [9⁸5]
587 2500 789 2571 μᾶλλον
812 2500 1022 2554 ἐκείνου
1049 2501 1156 2572 χρὴ
1183 2502 1527 2572 προσκυνεῖν.
1551 2499 1796 2571 Οὐρανοῦ
1816 2500 2009 2563 δεῖται,

429 2582 599 2654 ἀέρος
638 2584 829 2642 δεῖται.
881 2582 1092 2636 ὑδάτων
1131 2582 1300 2636 δεῖται
1326 2581 1552 2646 τούτων,
1594 2582 1735 2636 ὥστε
1765 2582 1842 2653 μὴ
1883 2581 2008 2652 βλά-

430 2682 593 2718 πτειν
624 2664 874 2737 καθάπερ
907 2664 1140 2736 χαλινῶν
1187 2664 1531 2734 κατεχόντων
1568 2664 1731 2725 αὐτοῦ
1771 2664 1868 2735 τὴν
1909 2666 2009 2734 τῆς

428 2747 718 2818 δυνάμεως
768 2748 1087 2820 ἀγριότητα,
1151 2748 1244 2801 κα)⁸
1295 2748 1397 2800 οὐκ
1451 2746 1665 2801 ἐώντων
1715 2749 2007 2815 ἐπαφεῖναι

429 2829 715 2901 πανταχοῦ
760 2831 857 2902 τὴν
899 2833 1117 2895 ἀκτῖνα,
1165 2830 1353 2901 ὥσπερ
1404 2833 1525 2884 τινα
1580 2830 1745 2884 ἵππον
1792 2829 2004 2900 ἄγριον.

429 2912 573 2967 Εἰπὲ
600 2913 664 2982 δή
698 2931 808 2983 μοι,
838 2913 941 2967 ποῦ
968 2916 1100 2984 ἡμῖν
1136 2915 1285 2967 ἐστιν
1311 2907 1467 2977 οὗτος
1498 2913 1637 2967 κατά
1671 2913 1773 2985 τὴν
1799 2912 2006 2978 νύκτα;

428 2997 541 3051 ποῦ
561 2999 589 3050 6
612 2996 732 3060 θεὸς
751 2997 978 3067 ἀποδεδή
988 3012 1193 3067 μηκεν;
1220 2997 1280 3050 06
1303 2998 1414 3067 γὰρ
1439 2994 1562 3050 θεοῦ
1582 2996 1743 3051 τοῦτο
1765 2995 1828 3050 τό
1848 3014 2006 3069 περι-

427 3080 712 3134 κλείεσθαι
760 3080 853 3133 καὶ
902 3078 1268 3151 περατοῦσθαι
1309 3095 1325 3109 ⁸
1382 3079 1653 3148 σωμάτων
1693 3079 1801 3151 γάρ
1838 3079 2009 3145 δντως

426 3164 596 3218 τοῦτο
636 3163 813 3233 μόνον.
863 3162 1025 3217 Ἀλλά
1065 3162 1158 3216 καὶ
1189 3163 1421 3233 δύναμίς
1446 3163 1531 3228 τίς
1560 3164 1712 3217 ἐστιν
1747 3166 1806 3219 ἐν
1834 3165 2005 3237 αὐτῷ,

428 3247 590 3317 φησὶ,
630 3247 727 3299 καὶ
760 3248 1009 3301 κινεῖται.
1048 3244 1195 3317 Αὕτη
1239 3242 1333 3301 οῦν
1379 3247 1692 3319 ὴδύναμις,
1732 3249 1856 3303 είπέ
1893 3267 2006 3321 μοι,

428 3331 585 3394 θεός;
629 3330 684 3382 τί
713 3326 808 3382 οὖν
839 3328 980 3399 αὕτη
1028 3329 1223 3391 δεῖται,
1261 3329 1356 3382 3:01
1404 3330 1479 3401 μὴ
1519 3332 1738 3403 κατέχει
1766 3333 1829 3386 τὸ
1855 3332 2004 3403 πῦρς

430 3415 596 3467 πάλιν
618 3413 728 3484 γὰρ
757 3415 785 3466 6
804 3412 968 3476 06:6;
1000 3430 1089 3483 μοι
1115 3413 1294 3481 λόγος.
1319 3412 1460 3467 Τίδέ
1480 3415 1515 3484 ή
1541 3414 1769 3486 δύναμις
1790 3416 2011 3487 ἐκείνης

430 3502 734 3568 φωτιστική
775 3496 904 3569 τίίς]
947 3499 1113 3559 ἐστιν,
1156 3497 1189 3565 ἢ
1221 3496 1309 3550 διὰ
1348 3497 1539 3551 τούτου
1592 3499 1838 3567 φωτίζει,
1870 3500 2007 3569 αὑτὴ

429 3583 736 3652 μετέχουσα
759 3580 961 3635 τούτων
1003 3580 1263 3650 μηδενός;
1298 3580 1506 3634 Οὐκοῦν
1541 3580 1741 3650 μείζων
1767 3582 1940 3653 αὐτῆς
1980 3584 2011 3636 6

424 3668 601 3738 ἥλιος.
639 3666 818 3737 Μέχρι
848 3667 996 3729 τίνος
1021 3666 1372 3737 ἀνελίττομεν
1402 3664 1761 3738 λαϐύρινθον;

502 3790 573 3851 γ’.
590 3782 657 3835 Τί
677 3781 736 3835 δὲ
754 3783 816 3835 τὸ
844 3781 991 3852 ὕδωρ
1012 3801 1028 3848 ;
1067 3784 1186 3853 06x1
1207 3783 1300 3838 καὶ
1323 3784 1454 3838 06:6
1484 3784 1624 3849 θεὸς,
1649 3785 1783 3852 φασί
1802 3803 1816 3850 ;
1840 3786 2008 3841 Τοῦτο

419 3867 607 3929 ὅντως
643 3864 880 3934 γέλωτος
906 3866 1064 3920 πάλιν
1102 3867 1423 3936 φιλονείκου.
1465 3868 1601 3937 Οὐχὶ
1640 3867 1782 3931 θεὸς,
1822 3870 2007 3940 φησὶν,

414 3944 471 4018 ᾧ
506 3950 649 4021 πρὸς
669 3949 904 4003 τοσαῦτα
931 3951 1271 4021 κεχρήμεθας
1308 3951 1415 4005 K01
1446 3951 1570 4022 περὶ
1592 3950 1689 4021 τῆς
1719 3951 1823 4021 γῆς
1847 3952 2013 4006 πάλιν

413 4034 657 4105 ὁμοίιος.
698 4034 924 4096 Ὄντως,
977 4035 1069 4088 Ἐν
1093 4035 1439 4104 ματαιότητι
1479 4034 1586 4089 τοῦ
1614 4033 1757 4101 νοὸς
1785 4035 2002 4099 αὐτῶν,

412 4116 857 4187 ἐσκοτωμένοι
890 4116 1005 4185 τὴν
1026 4115 1319 4172 διάνοιαν.
1355 4116 1515 4170 Ἀλλά
1540 4119 1670 4189 περὶ
1694 4116 1812 4187 βίου
1835 4118 2006 4172 ταῦτά

411 4218 561 4270 φησι
592 4200 691 4254 νῦν
714 4218 729 4232 ·
756 4199 1085 4271 Πορνεύουσι
1126 4201 1220 4253 καὶ
1248 4198 1585 4270 μοιχεύουσιν
1611 4199 1890 4271 Ἕλληνες.
1916 4202 2007 4256 El-

412 4286 605 4349 κάτως
621 4301 636 4316 ο
660 4285 710 4338 οί
730 4284 837 4355 γὰρ
862 4282 1136 4345 τοιούτους
1157 4282 1566 4353 ὑπογράφοντες
1590 4284 1804 4346 ἑαυτοῖς
1826 4282 2002 4349 θεοὺς,

410 4367 609 4422 πάντα
634 4366 947 4430 ἀκολούθως
976 4367 1300 4438 ἐργάζονται
1319 4383 1335 4399 ο
1366 4365 1467 4420 κᾶν
1494 4367 1622 4426 τοὺς
1656 4366 1764 4419 τῶν
1794 4367 2003 4438 ἀνθρώ-

410 4468 546 4506 πων
579 4450 852 4518 δυνηθῶσι
895 4448 1078 4503 λαθεῖν
1111 4448 1448 4519 ὀφθαλμοὺς,
1482 4448 1654 4512 οὐδεὶς
1698 4449 1728 4501 ό
1758 4448 2002 4515 καθέξων

407 4532 644 4597 αὐτούς.
679 4533 745 4586 Τί
773 4534 881 4603 γάρ
910 4532 1199 4600 δυνήσεται
1224 4531 1253 4584 6
1288 4531 1417 4601 περὶ
1444 4531 1793 4595 ἀναστάσεως
1823 4533 1999 4601 λόγος,

409 4616 597 4688 μῦθος
621 4615 807 4679 αὐτοῖς
840 4610 981 4668 εῖναι
1011 4614 1216 4680 δοκῶν;
1264 4614 1424 4667 Ἀλλά
1460 4614 1589 4684 περὶ
1613 4614 1723 4668 τῶν
1753 4617 1810 4668 ἐν
1834 4614 1998 4685 ᾇδου;

423 4700 603 4754 Ἀλλά
639 4701 737 4754 καὶ
764 4699 939 4754 ταῦτα
964 4698 1125 4770 μῦθοι
1152 4717 1166 4731 ·
1205 4699 1299 4752 καὶ
1326 4698 1424 4752 θέα
1450 4699 1551 4768 τὴν
1586 4700 1881 4769 σατανικὴν
1910 4699 2000 4752 ἐν·

404 4801 598 4839 νοιαν.
634 4784 805 4836 Ὅταν
846 4783 945 4851 μὲν
989 4781 1220 4847 λέγωσιν
1254 4781 1437 4843 αὐτοῖς
1463 4779 1619 4842 θεοὺς
1659 4779 1909 4850 πόρνους,
1939 4782 2000 4833 06

403 4883 593 4935 φασιν
618 4862 762 4919 εἶναι
790 4863 1013 4934 μύθους,
1040 4863 1174 4916 ἀλλά
1191 4862 1470 4915 πείθονται
1492 4879 1505 4892 ⁸
1530 4862 1656 4916 ὅταν
1684 4862 1741 4916 δὲ
1769 4865 1895 4934 περὶ
1919 4881 2003 4917 κο-

402 4951 637 5010 λάσεως
659 4946 1042 5015 διαλέγωνται,
1069 4944 1319 5017 Ποιηταὶ,
1339 4946 1525 5014 φασὶν,
1555 4947 1683 5009 εἰσὶ,
1709 4947 1801 4998 καὶ
1827 4947 2003 4999 πάντα

406 5030 777 5102 μυθεύουσιν,
814 5031 900 5082 ἵνα
938 5028 1200 5083 πάντοθεν
1238 5028 1608 5097 άνατρέπηται
1637 5028 1736 5098 τῆς
1772 5028 2003 5093 εὐζωῖας

398 5117 439 5187 ἡ
490 5113 856 5175 κατάστασις.

496 5224 649 5276 ’Δλλ’
674 5225 726 5277 οἱ
757 5224 1059 5293 φιλόσοφοι,
1086 5225 1273 5293 φησὶν,
1304 5222 1531 5292 ἐφεῦρόν
1559 5238 1611 5274 τι
1645 5221 1840 5290 σεμνὸν
1867 5222 2001 5274 πάν-

398 5326 549 5373 τως,
586 5308 679 5361 καὶ
721 5307 927 5361 τούτων
956 5309 1220 5378 κρεῖττον.
1260 5307 1383 5370 Πῶς
1411 5324 1425 5371 ;
1455 5308 1502 5358 οἱ
1527 5306 1625 5375 τὴν
1663 5305 2001 5375 εἱμαρμένην

398 5392 834 5460 ἐπεισάγοντες,
855 5391 951 5444 καὶ
968 5391 1273 5461 ἀπρονόητα
1294 5387 1432 5444 εἶναι
1447 5390 1694 5456 λέγοντες
1712 5388 1778 5440 τα
1802 5389 1997 5453 πάντα,

399 5477 509 5531 καὶ
581 5475 777 5544 μηδενὶ
812 5472 996 5542 μέλειν
1022 5474 1051 5513 5
1086 5472 1331 5541 μηδενὸς,
1363 5471 1479 5527 ἀλλ’
1508 5468 1568 5536 ἐξ
1601 5470 1820 5540 ἀτόμων
1877 5487 1998 5523 συν-

400 5559 650 5615 εστάναι
671 5574 685 5619 ;
710 5555 830 5609 ἀλλ’
856 5556 1035 5624 ἕτεροι
1051 5555 1277 5626 οίσῶμα
1291 5559 1382 5609 τὸν
1399 5555 1530 5609 Θεὸν
1548 5554 1821 5620 εἰπόντες;
1843 5554 1997 5609 Ἀλλά

472 5744 492 5763 ⁸
512 5737 738 5798 Quidam
762 5748 882 5798 mss.
909 5732 1095 5784 habent
1116 5738 1341 5798 μάκελλα.

463 5801 495 5843 ιι
521 5797 620 5851 Sic
646 5812 766 5849 mss.
798 5797 952 5858 Editi,
977 5797 1174 5861 μέλλειν,
1199 5799 1325 5847 male

2128 516 2293 581 τίνες.
2328 519 2450 574 είπέ
2500 536 2621 591 μοις
2660 519 2711 574 οί
2745 520 2843 584 τὰς
2874 518 3220 591 ἀνθρωπίνας
3259 519 3438 593 ψυχας
3481 524 3699 589 κυνείας

2128 598 2432 665 ποιοῦντες,
2471 603 2567 656 καὶ
2602 604 2728 666 τοὺς
2769 601 3091 674 ἀνθρώπους
3138 603 3438 666 πείθοντες.
3477 607 3559 659 6::
3606 608 3698 661 καὶ

2128 679 2275 736 κύων
2314 684 2535 752 ἐγένετό
2570 684 2704 738 ποτέ
2740 701 2843 749 τις.
2875 685 2970 739 καὶ
3002 686 3139 740 λέων
3167 687 3262 740 καὶ
3293 685 3480 758 ίχθύς;
3517 688 3697 760 Μέχρι

2125 763 2268 827 τίνος
2316 765 2378 819 06
2427 764 2667 820 παύεσθε
2701 766 3017 838 ληροῦντες,
3051 768 3426 840 ἐσκοτωμένοι
3471 773 3538 842 τῇ
3582 770 3699 825 δια-

2124 848 2271 919 νοίας
2318 849 2571 922 καθάπερ
2604 849 2715 921 γάρ
2753 851 2907 915 δντες
2935 854 2994 907 ἐν
3047 854 3225 924 σκότῳ
3265 854 3445 908 πάντα
3474 855 3568 908 καὶ
3610 854 3699 909 λέ-

2124 945 2280 997 γουσι
2309 931 2405 984 καὶ
2434 932 2753 1004 πράττουσι,
2797 934 2897 986 καὶ
2936 934 3007 987 τά
3033 934 3162 1005 περὶ
3190 935 3476 1005 δογμάτων
3504 935 3599 989 καὶ
3627 938 3696 990 τὰ

2125 1009 2253 1079 περ)⁵
2280 1009 2415 1080 βίον.
2450 1010 2616 1063 Οὐδὲν
2642 1010 2749 1083 γὰρ
2777 1012 2881 1083 δρᾷ
2906 1011 3014 1065 τῶν
3042 1013 3101 1064 ἐν
3137 1012 3289 1083 μέσῳ
3314 1014 3607 1083 κειμένων,
3638 1014 3695 1078 ὃς

2121 1093 2271 1145 ἐστιν
2324 1093 2729 1164 ἐσκοτισμένος,
2770 1094 2905 1148 ἀλλά
2954 1094 3186 1164 σχοινίον
3240 1096 3501 1161 πολλάκις
3548 1096 3693 1160 ίδιῖιν,

2121 1173 2243 1243 δφιν
2288 1175 2541 1242 ἐνόμισεν
2570 1176 2917 1246 αὐτόματονσ
2963 1176 3068 1230 ὑπὸ
3103 1177 3362 1248 φραγμοῦ
3403 1179 3567 1233 πάλιν
3604 1198 3697 1235 και

2120 1257 2425 1326 τασχεθεὶς,
2456 1257 2703 1328 ἐνόμισεν
2733 1258 3021 1329 ἄνθρωπόν
3055 1276 3180 1312 τινα
3207 1259 3241 1325 ἢ
3280 1259 3509 1332 δαίμονα
3562 1279 3695 1318 κατ-

2119 1336 2265 1405 έχειν
2291 1338 2488 1393 αὐτόν·
2522 1339 2621 1392 καὶ
2644 1337 2811 1404 πολὺς
2841 1341 2870 1392 6
2899 1340 3148 1412 θόρυϐος,
3183 1340 3352 1412 πολλὴ
3389 1343 3424 1413 η
3454 1344 3691 1415 ταραχή.

2119 1418 2358 1475 Τοιαῦτά
2387 1439 2506 1475 τινα
2534 1421 2858 1490 φοδοῦνται·
2889 1422 3364 1492 Φοϐηθήσονται,
3403 1426 3560 1493 φησὶ,
3587 1429 3694 1495 φό-

2118 1504 2244 1567 ϐον,
2274 1500 2346 1559 οὗ
2378 1506 2489 1559 οὐκ
2510 1501 2590 1575 ἦν
2617 1506 2802 1574 φόϐος
2820 1522 2833 1535 ·
2860 1504 2931 1560 τὰ
2954 1506 3012 1560 δὲ
3036 1506 3163 1572 ἀξια
3189 1506 3356 1575 φόϐου
3376 1508 3436 1560 ού
3472 1506 3585 1579 [94]
3608 1509 3695 1563 δε-

2116 1584 2379 1640 δοίκασιν.
2436 1586 2596 1641 Ἀλλά
2638 1587 2891 1660 καθάπερ
2934 1590 3003 1643 τά
3055 1589 3241 1642 παιδία
3288 1588 3366 1660 τῷ
3412 1589 3511 1660 μὶν
3557 1592 3689 1661 πυρὶ

2117 1666 2216 1731 τάς
2256 1671 2444 1738 χεῖρας
2490 1671 2877 1741 ἀπρονοήτως,
2925 1672 3020 1727 x01
3058 1671 3136 1742 τῷ
3176 1671 3355 1742 λύχνῳ
3402 1671 3690 1743 τολμηρῶς

2090 1750 2415 1821 ’ἐπαφιᾶσιν
2454 1752 2559 1806 61:6
2584 1752 2692 1806 τῶν
2726 1752 2925 1809 τιτθῶν
2958 1753 3356 1826 βασταζόμενα,
3390 1754 3594 1815 σάκκον
3629 1755 3687 1809 δέ

2115 1832 2282 1905 ἄνδρα
2307 1833 2654 1906 ἐνδεδυμένον
2682 1835 2969 1906 φοϐοῦνται
2996 1855 3011 1868 ·
3046 1836 3189 1891 οὕτω
3236 1836 3302 1910 δὴ
3336 1838 3433 1892 καὶ
3461 1830 3608 1892 οὗτοι
3633 1839 3684 1892 οί

2117 1915 2414 1986 Ἕλληνες,
2466 1918 2715 1990 καθάπερ
2767 1919 2938 1983 δντως
2972 1918 3059 1973 ἀεὶ
3106 1919 3295 1973 παιδία
3327 1920 3426 1988 (ὡς
3469 1920 3564 1974 καί
3600 1938 3687 1986 τις

2112 1997 2221 2051 τῶν
2236 1999 2367 2069 παρ’
2381 2001 2566 2065 αὐτοῖς
2583 1998 2755 2055 εἶπεν
2778 2003 3076 2070 Ἕλληνες
3095 2002 3187 2058 ἀεὶ
3210 2001 3465 2073 παῖδες),
3488 2004 3560 2058 τά
3588 2004 3686 2075 μὲν

2112 2081 2211 2135 οὐκ
2241 2081 2370 2136 ὄντα
2400 2083 2772 2155 ἁμαρτήματα
2800 2084 3124 2151 δεδοίκασιν,
3157 2078 3272 2139 οἷον
3302 2086 3473 2157 ῥύπον
3499 2086 3688 2153 σώμα-

2111 2180 2224 2231 τος,
2270 2164 2452 2236 κῆδος,
2500 2164 2676 2236 λέχος,
2712 2168 2808 2221 καὶ
2847 2167 3070 2239 ἡμερῶν
3115 2169 3551 2240 παρατηρήσεις.
3592 2170 3687 2224 καὶ

2112 2247 2211 2302 ὅσα
2231 2247 2456 2304 τοιαῦτα
2475 2266 2489 2280 ⁸
2513 2248 2550 2304 ἀ
2568 2250 2625 2303 δέ
2651 2251 2800 2304 ἔστιν
2818 2249 2990 2315 δντως
3006 2250 3401 2322 ἁμαρτήματα,
3428 2251 3690 2321 παιδερα-

2115 2331 2257 2396 στία,
2285 2333 2522 2405 μοιχεία,
2555 2333 2804 2405 πορνεία,
2838 2334 3044 2388 τούτων
3068 2334 3189 2388 οὐδὲ
3217 2334 3373 2404 λόγον
3397 2346 3420 2375 ο
3446 2336 3682 2406 ἔχουσιν.

2124 2414 2260 2468 Ἀλλ’
2294 2416 2423 2481 ῐδοις
2457 2415 2523 2470 ἀν
2548 2416 2710 2470 αὑτὸν
2738 2416 2847 2471 ἀπὸ
2877 2415 2976 2488 μὲν
3010 2416 3203 2486 νεκροῦ
3234 2417 3547 2487 λουόμενον,
3574 2417 3685 2473 ἀπὸ

2109 2495 2167 2549 δὲ
2193 2497 2404 2569 νεκρῶν
2434 2497 2631 2571 ἔργων,
2662 2498 2846 2553 οὐκέτι
2864 2517 2878 2529 ·
2914 2500 3011 2554 καὶ
3038 2499 3338 2571 χρημάτων
3368 2501 3468 2570 μὲν
3494 2497 3683 2554 ἐνεκεν

2110 2580 2312 2652 πολλὴν
2354 2581 2678 2652 ποιούμενον
2725 2581 2984 2653 σπουδὴν,
3012 2582 3107 2652 ,ἐνὶ
3149 2581 3209 2635 δέ
3261 2581 3583 2655 ἀλεκτρυόνι
3622 2584 3684 2637 :6

2109 2663 2219 2716 πᾶν
2242 2662 2584 2719 διαλελύσθαι
2617 2661 2906 2734 νομίζοντα
2931 2685 2944 2696 ·
2970 2663 3144 2728 οὕτως
3172 2666 3550 2735 ἐσκοτωμένοι
3576 2665 3684 2718 είσὶ

2107 2747 2172 2816 τῇ
2204 2746 2433 2817 διανοίᾳ.
2461 2745 2680 2800 Πολλῶν
2704 2747 2974 2815 δειμάτων
3009 2747 3194 2809 αὐτοῖς
3223 2748 3257 2819 η
3286 2746 3434 2818 ψυχὴ
3471 2747 3671 2818 μεστή.

2107 2823 2240 2896 οἷον,
2269 2829 2330 2883 ’0
2355 2829 2507 2884 δεῖνά
2525 2846 2615 2900 μοι
2646 2829 2861 2901 πρῶτος
2892 2829 3135 2900 ἐνέτυχε,
3162 2832 3349 2900 φησὶν,
3364 2830 3559 2898 ἐξιόντι
3582 2828 3683 2898 τῆς

2107 2912 2321 2975 οἰκίας·
2354 2912 2572 2975 πάντως
2604 2913 2774 2984 μυρία
2818 2912 2901 2966 δεῖ
2946 2912 3092 2965 κακά
3128 2915 3452 2984 συμπεσεῖν.
3495 2911 3611 2966 Νῦν
3654 2914 3683 2965 6

2107 2993 2325 3065 οἰκέτης
2372 2997 2402 3049 6
2451 2995 2647 3065 μιαρὸς
2695 2995 2764 3050 τὰ
2808 2995 3133 3067 ὑποδήματα
3179 2995 3475 3060 ἐπιδιδοὺς,
3528 2993 3678 3064 πρῶο

2107 3092 2197 3129 τον
2253 3076 2422 3150 ὤρεξε
2483 3079 2548 3132 τὸ
2601 3079 2927 3151 ἀριστερόνο
2987 3079 3268 3149 συμφοραὶ
3321 3079 3526 3143 δειναὶ,
3587 3076 3683 3132 καὶ

2109 3158 2312 3233 ὕϐρεις.
2339 3160 2481 3231 Ἐγὼ
2492 3162 2652 3227 06:6;
2670 3160 2851 3228 ἐξιὼν,
2870 3162 2948 3232 τῷ
2968 3160 3244 3233 ἀριστερῷ
3256 3161 3508 3234 προτέρῳ
3522 3161 3683 3233 προῦ-

2108 3241 2210 3313 ϐην
2238 3243 2394 3298 ποδί·
2427 3243 2707 3298 καὶτοῦτο
2742 3243 3040 3315 συμφορῶν
3075 3246 3324 3314 σημεῖον.
3364 3245 3473 3298 Καὶ
3508 3242 3682 3297 ταῦτα

2111 3325 2210 3396 μὲν
2246 3316 2505 3396 περῖτὴν
2551 3328 2728 3380 οίκίαν
2758 3327 2829 3380 τά
2868 3325 3017 3379 κακά
3042 3342 3056 3356 ·
3104 3325 3210 3392 ἔξω
3250 3325 3308 3379 δέ
3356 3326 3625 3391 ἐξελθόντι
3653 3329 3682 3379 ό

2107 3408 2384 3480 ὀφθαλμός
2419 3425 2511 3478 μοι
2545 3410 2574 3462 6
2609 3408 2781 3472 δεξιὸς
2820 3406 3065 3460 κάτωθεν
3099 3405 3351 3476 ἀναπηδᾷ
3373 3422 3389 3438 ο
3429 3405 3678 3478 δακρύων

2107 3488 2267 3544 τοῦτο
2311 3492 2630 3561 τεκμήριον.
2658 3490 2769 3543 K01
2802 3490 2857 3542 αἱ
2892 3489 3151 3555 γυναῖκες
3181 3487 3262 3553 δὲ,
3287 3489 3415 3542 ὅταν
3441 3488 3519 3559 τῷ
3536 3488 3676 3542 10:6-

2109 3571 2231 3624 ποδι
2266 3571 2777 3643 προσαρασσόμενοι
2804 3570 3070 3642 κροτῶσιν
3113 3570 3162 3622 οί
3196 3567 3450 3640 κάλαμοι,
3487 3571 3521 3641 ἢ
3551 3570 3678 3624 ὅταν

2109 3654 2273 3708 06:01
2297 3654 2377 3725 τῷ
2402 3654 2553 3708 κτενί⁷
2576 3653 2846 3716 σπαθῶσι,
2885 3655 3108 3725 σημεῖον
3147 3653 3242 3707 καὶ
3274 3653 3431 3707 τοῦτο
3463 3654 3679 3708 ποιοῦν-

2107 3754 2216 3791 ται.
2251 3737 2420 3791 Πάλιν
2443 3738 2572 3791 ὅταν
2612 3736 2711 3808 τὴν
2741 3737 2948 3810 κρόκην
2975 3736 3055 3810 τῷ
3084 3737 3232 3792 κτενὶ
3273 3737 3679 3809 κατακρούωσι.

2108 3820 2203 3873 καὶ
2242 3819 2592 3891 σφοδρότερον
2636 3818 2796 3873 τοῦτο
2830 3819 3195 3890 ἐργάζωνται,
3226 3814 3350 3874 εἶτα
3381 3820 3434 3873 οί
3469 3819 3678 3874 ἀνωθεν

2106 3902 2343 3973 κάλαμοι
2385 3902 2491 3956 ὑπὸ
2530 3903 2628 3973 τῆς
2670 3903 2885 3956 ἐντόνου
2934 3902 3150 3974 πληγῆς
3214 3902 3452 3974 κροτῶσι
3510 3917 3682 3974 προσ-

2105 3985 2466 4058 αρασσόμενοι
2495 3985 2576 4056 τῷ
2611 3985 2867 4049 ίστόποδι,
2912 3987 3140 4056 σημεῖον
3168 3987 3262 4039 καὶ
3283 3984 3444 4039 τοῦτο
3466 3984 3680 4040 τῑποιοῦνη

2107 4083 2227 4121 ται·
2255 4067 2348 4120 καὶ
2382 4068 2552 4138 μυρία
2593 4067 2759 4138 ἔτερα
2791 4066 3026 4134 γέλωτος
3054 4065 3203 4133 ἀξια.
3232 4067 3353 4121 Κάν
3386 4067 3507 4131 δνος
3549 4068 3678 4122 ἀναν

2106 4150 2304 4222 κράξῃ,
2344 4150 2444 4204 κᾶν
2475 4149 2809 4220 ἀλεκτρυὼν,
2845 4148 2948 4202 κᾶν
2990 4148 3174 4220 πτάρῃ
3218 4165 3324 4212 τις,
3358 4147 3461 4201 κάν
3499 4148 3677 4203 ὁτιοῦν

2106 4233 2310 4304 συμϐῇ,
2358 4233 2610 4304 καθάπερ
2645 4230 2863 4303 μυρίοις
2910 4230 3187 4301 δεδεμένοι
3216 4230 3457 4301 δεσμοῖς,
3495 4230 3674 4302 δπερά

2104 4315 2260 4386 ἔφην,
2301 4317 2555 4386 καθάπερ
2597 4316 2654 4368 ἐν
2710 4314 2886 4384 σκότῳ
2916 4313 3293 4384 κατεχόμενοι,
3343 4313 3520 4368 πάντα
3554 4313 3679 4367 ὑπο-

2104 4399 2381 4463 πτεύουσι,
2407 4400 2499 4452 καὶ
2525 4397 2733 4467 μυρίων
2752 4398 2889 4449 είσὶν
2908 4395 3255 4466 ἀνδραπόδων
3278 4395 3671 4469 δουλικώτεροι.

2116 4480 2278 4534 Ἀλλά
2330 4481 2405 4551 μὴ
2438 4481 2533 4532 καὶ
2582 4480 2742 4549 ἡμεῖς
2767 4495 2780 4509 ·
2818 4476 2957 4531 ἀλλά
2990 4478 3208 4531 πάντων
3255 4478 3460 4532 τούτων
3504 4493 3675 4535 κατα-

2105 4562 2451 4631 γελάσαντες,
2471 4562 2565 4615 ἆτε
2587 4563 2643 4614 ἐν
2665 4560 2804 4629 φωτὶ
2833 4559 3053 4625 ζῶντες,
3086 4560 3181 4613 καὶ
3207 4561 3268 4612 ἐν
3294 4559 3508 4630 ούρανῷ
3528 4561 3677 4614 πολι-

2105 4647 2404 4716 τευόμενοι,
2431 4645 2525 4698 καὶ
2548 4643 2683 4713 πρὸς
2710 4642 2809 4714 τὴν
2838 4643 2943 4713 γῆν
2968 4642 3120 4695 οὐδὲν
3150 4641 3365 4711 ἔχοντες
3396 4641 3593 4705 κοινὸν,
3618 4642 3675 4693 ἐν

2108 4727 2267 4797 μόνον
2291 4727 2555 4798 ἡγώμεθα
2587 4720 2724 4779 εἶναι
2768 4724 2999 4798 φοϐερὸν
3028 4725 3126 4797 τὴν
3153 4724 3451 4797 ἁμαρτίαν,
3481 4724 3578 4777 καὶ
3615 4728 3676 4777 τὸ

2104 4808 2469 4881 προσκροῦσαι
2496 4808 2633 4879 Θεῷ.
2652 4807 2853 4863 Τούτου
2873 4809 2929 4862 δέ
2948 4809 3048 4862 οὐκ
3074 4808 3245 4874 ὄντος,
3268 4809 3485 4863 πάντων
3508 4822 3675 4861 κατα-

2104 4894 2419 4964 γελάσωμεν
2450 4892 2557 4945 τῶν
2590 4892 2785 4956 ἄλλων,
2822 4892 2918 4946 καὶ
2950 4892 3043 4945 τοῦ
3068 4892 3241 4946 ταῦτα
3274 4891 3675 4959 εἰσενεγκόντος

2103 4977 2369 5030 διαϐόλου.
2412 4976 2586 5046 ’Υπὲρ
2619 4975 2683 5046 δὴ
2715 4974 2921 5029 τούτων
2962 4974 3372 5046 εύχαριστῶμεν
3406 4973 3484 5041 τῷ
3514 4972 3634 5041 Θεῷ
3657 4987 3670 5002 ’

2105 5059 2512 5129 σπουδάσωμεν,
2543 5058 2811 5127 μηδέποτε
2836 5060 2971 5128 μήτε
2996 5059 3151 5110 06:01
3179 5059 3356 5129 ταύτῃ
3376 5054 3575 5108 ἀλῶναι
3604 5057 3670 5123 τῇ

2103 5141 2334 5212 δουλείᾳ,
2380 5142 2473 5194 καὶ
2504 5142 2555 5194 εἴ
2582 5157 2663 5202 τις
2698 5142 2828 5209 ἡμῖν
2858 5139 2965 5191 τῶν
2991 5140 3160 5207 φίλων
3189 5137 3419 5194 ἑάλωκε,
3447 5135 3673 5206 διαρρή-

2104 5221 2281 5291 ξωμεν
2320 5222 2481 5276 αὑτοῦ
2530 5223 2599 5275 τὰ
2630 5222 2825 5291 δεσμὰ,
2870 5219 3227 5289 ἀποδύσωμεν
3265 5218 3426 5271 αὑτὸν
3451 5219 3552 5289 τῆς
3581 5236 3674 5290 χα-

2100 5306 2419 5374 λεπωτάτης
2457 5307 2549 5357 καὶ
2589 5303 2995 5371 καταγελάστου
3043 5300 3249 5369 ταύτης
3281 5302 3527 5372 εἱρκτῆς,
3576 5301 3667 5354 εῦ-

2100 5388 2258 5441 λυτον
2290 5388 2451 5458 αὐτὸν
2475 5384 2837 5458 ἐργασώμεθα
2864 5384 3000 5453 πρὸς
3023 5382 3115 5435 τὸν
3139 5381 3337 5453 δρόμον
3360 5384 3446 5437 τὸν
3470 5376 3553 5448 είς
3576 5386 3669 5437 τὸν

2100 5469 2344 5540 οὐρανὸν,
2393 5452 2462 5521 τά
2506 5452 2712 5538 0:593:-
2745 5465 3051 5534 βαρούμενα
3101 5452 3518 5536 ἀνορθώσωμεν,
3573 5466 3668 5517 καὶ

2097 5552 2214 5628 βίον
2242 5553 2334 5607 καὶ
2352 5552 2620 5621 δόγματος
2642 5548 2824 5599 ἕνεκεν
2847 5547 3184 5620 διδάσκωμεν
3208 5548 3530 5617 φιλοσοφεῖν.
3560 5545 3667 5599 E6-

2164 5740 2185 5769 ο
2216 5738 2361 5797 Marg.
2387 5735 2561 5797 επὶ),
2586 5733 2756 5797 οὐδένα
2787 5730 2889 5795 λόγ.

2166 5797 2193 5838 ἆ
2225 5796 2417 5859 Legem
2442 5796 2579 5856 jubet
2602 5796 2836 5856 Dunaeus,
2857 5799 2935 5844 καὶ
2960 5798 3092 5859 ὅπερ.
