4218 6266
477 328 547 383 93
1402 324 1463 379 IN
1507 324 1721 381 EPIST.
1766 325 1859 380 AD
1898 324 2138 380 EPIIES.
2179 325 2333 382 CAP.
2376 329 2464 384 IV.
2507 330 2733 388 IIOMIL.
2777 335 2914 392 XIII.

479 442 751 498 itierabilia
798 441 952 512 digna
982 456 1102 511 qua:
1151 439 1445 494 rideantur.
1494 439 1632 493 Etsi
1664 440 1846 493 asinus
1887 439 2062 492 excla-

482 535 729 597 maverit,
754 543 809 588 et
837 533 879 586 si
905 532 1097 602 gallus.
1127 540 1179 585 et
1207 531 1251 585 si
1280 530 1401 600 quis
1429 531 1777 593 sternutavit,
1802 539 1857 584 et
1887 529 2061 598 quod-

483 626 562 679 vis
591 623 763 689 aliud,
795 634 1065 693 tamquam
1104 622 1285 677 decies
1329 620 1472 676 mille
1501 622 1661 675 vineti
1697 621 1923 675 vinculis
1944 661 1958 685 ,
2006 630 2063 675 ut

481 717 627 781 dixi,
659 726 923 785 tamquam
950 716 1039 784 qui
1074 723 1355 769 teneantur
1382 715 1433 766 in
1473 713 1724 777 tenebris,
1755 712 1934 765 omnia
1966 712 2061 765 ha-

481 811 605 862 bent
628 817 896 877 suspecta,
930 816 980 859 et
1004 814 1130 860 sunt
1158 806 1328 876 magis
1355 805 1575 859 serviles
1602 820 1762 875 quam
1786 804 2059 857 innumera

485 896 764 965 mancipia.
794 896 901 950 Sed
946 911 1015 950 ne
1054 910 1153 950 nos
1181 909 1392 965 quoque
1433 894 1505 948 ita
1534 908 1753 964 agamus
1771 935 1787 958 ,
1815 894 1910 948 sed
1939 909 2059 948 cum

480 990 591 1043 lucc
618 990 796 1043 omnia
825 989 1173 1055 irriserimus,
1205 998 1261 1043 ut
1284 989 1372 1059 qui
1405 989 1645 1043 vivamus
1673 988 1725 1041 in
1754 988 1895 1053 luce,
1924 997 1979 1042 et
2010 989 2062 1041 in

478 1082 610 1135 caelo
635 1095 934 1145 versemur,
962 1091 1017 1135 et
1042 1095 1160 1135 cum
1188 1090 1326 1134 terra
1359 1079 1486 1133 nihil
1516 1079 1802 1133 habeamus
1822 1092 2063 1132 commu-

482 1188 549 1224 ne
568 1213 584 1233 ,
618 1186 781 1224 unum
809 1171 1177 1225 existimemus
1198 1185 1316 1225 esse
1346 1170 1582 1225 terribile
1606 1211 1621 1236 ,
1651 1182 1843 1237 nempe
1870 1182 2060 1238 pecca-

481 1273 592 1315 tum
616 1271 671 1316 et
700 1262 864 1315 Deum
892 1260 1183 1316 offendere.
1214 1261 1367 1328 Quod
1396 1262 1441 1315 si
1474 1261 1575 1314 hoc
1607 1276 1712 1314 non
1738 1260 1838 1325 sit,
1882 1261 2060 1313 omnia

480 1355 585 1408 alia
612 1352 929 1408 irrideamus
950 1394 964 1417 ,
992 1362 1047 1407 et
1066 1353 1338 1408 diabolum
1367 1353 1455 1422 qui
1488 1352 1601 1407 haec
1631 1351 1829 1405 intulit.
1853 1349 1957 1404 Pro
1981 1351 2062 1404 his

485 1446 597 1500 Deo
624 1460 840 1514 agamus
878 1447 1103 1516 gratias;
1135 1445 1366 1500 studium
1411 1459 1675 1516 ponamus
1714 1458 1781 1498 ne
1811 1457 2060 1511 umquam

486 1538 575 1592 tali
609 1538 880 1606 capiamur
912 1539 1204 1602 servitute;
1234 1546 1288 1592 et
1328 1538 1372 1591 si
1401 1537 1521 1607 quis
1552 1552 1615 1591 ex
1646 1535 1833 1589 amicis
1863 1532 2061 1587 nostris

3686 354 3755 408 θι

2171 452 2356 509 captus
2396 445 2585 513 fuerit,
2623 451 2829 505 vincula
2860 454 2972 523 ejus
3006 458 3390 530 perfringantus
3415 506 3430 531 ,
3466 467 3752 530 liberemus

2170 547 2292 587 eum
2320 536 2388 590 ab
2409 536 2510 591 hoc
2531 543 2846 609 gravissimo
2868 556 2921 599 et
2947 549 3169 604 ridiculo
3194 568 3433 620 carcere,
3467 560 3750 620 reddamus

2169 638 2289 677 cum
2312 628 2616 695 expeditum
2641 633 2706 685 ad
2734 638 3055 694 currendum
3085 642 3137 696 in
3162 645 3369 712 caelum,
3405 666 3603 718 pennas
3628 670 3752 725 gra-

2170 722 2318 767 vatas
2364 717 2631 786 erigamus
2664 740 2675 776 :
2711 737 2929 794 pr0pter
2959 731 3119 786 vitam
3162 744 3216 790 et
3242 717 3430 807 dogma
3465 717 3749 803 doceamus

2171 806 2550 877 philosophari.
2584 814 2690 868 Deo
2714 820 2910 886 gratias
2929 836 3148 893 agamus
3171 844 3266 894 pro
3291 834 3558 903 onmibus,
3594 854 3746 909 roge-

2168 913 2284 952 mus
2322 916 2480 963 eum,
2527 920 2593 959 ne
2635 924 2734 962 nos
2774 925 3131 981 appareamus
3177 920 3374 992 indigni
3414 925 3559 982 dono
3598 930 3750 985 nobis

2168 988 2291 1042 dato
2321 1008 2334 1043 :
2376 1001 2429 1047 et
2459 996 2557 1065 ipsi
2587 1012 2711 1053 cum
2743 1001 2825 1055 his
2855 1016 3035 1059 nostra
3076 988 3386 1069 Studeamus
3425 1017 3616 1075 afferre
3637 1063 3651 1083 .
3695 1032 3748 1077 ut

2167 1079 2453 1139 doceamus
2482 1102 2585 1141 non
2630 1091 2801 1146 solum
2831 1094 3107 1165 dicentes,
3150 1102 3244 1157 sed
3283 1105 3443 1160 etiam
3477 1110 3748 1170 facientes.
3802 1114 3808 1119 ’

2168 1169 2242 1223 Ita
2271 1175 2415 1227 enim
2443 1179 2737 1243 poterimus
2761 1190 2972 1256 assequi
2997 1190 3133 1245 bona
3162 1193 3569 1254 innumerabilia
3598 1221 3751 1274 :qu;e

2166 1258 2321 1314 detur
2348 1267 2501 1321 nobis
2529 1273 2777 1328 omnibus
2804 1281 3057 1349 consequi
3084 1324 3098 1348 ,
3147 1299 3240 1352 per
3266 1289 3490 1354 gratiam
3517 1302 3572 1347 et
3603 1258 3752 1350 bdui-

2167 1352 2420 1419 gnitatem
2451 1356 2656 1415 Domini
2698 1368 2865 1421 nostri
2894 1369 3019 1425 Jesu
3060 1352 3286 1441 Christi,
3319 1380 3403 1433 cui
3443 1397 3563 1437 cum
3593 1385 3751 1443 Patte

2166 1454 2221 1497 et
2267 1445 2463 1515 Spiritu
2501 1465 2687 1509 saneto
2725 1459 2912 1528 gloria,
2958 1464 3261 1534 imperium,
3308 1471 3497 1541 honor,
3530 1493 3670 1534 nunc
3696 1490 3751 1534 et

2173 1550 2409 1605 semper,
2443 1551 2496 1595 et
2526 1544 2576 1597 in
2606 1550 2798 1603 saecula
2827 1556 3166 1611 sicculorum.
3200 1562 3394 1619 Amen.

2510 1664 3281 1694 Ἢ

3293 1680 3740 1703 -ξ-ι

1866 1710 2211 1772 HOMILIA
2260 1714 2432 1779 Xlll.

480 1859 606 1915 CAP.
633 1862 687 1916 4.
718 1877 767 1913 v.
801 1863 889 1916 l7.
927 1858 1038 1915 Hoc
1067 1864 1224 1933 igitur
1252 1864 1363 1915 dico
1390 1874 1436 1917 ct
1463 1862 1702 1929 lt’sli/iCOt‘
1736 1876 1788 1911 ιιι
1816 1858 2061 1926 Domino,

550 1962 604 2004 ut
621 1953 733 2023 jam
763 1968 864 2005 non
893 1953 1162 2006 ambuletis
1183 1993 1199 2017 ,
1249 1954 1374 2006 sicut
1415 1964 1460 2006 et
1504 1963 1673 2022 gentes
1704 1952 1964 2006 ambulant
2008 1954 2059 2003 in

550 2046 773 2098 natiitate
798 2061 972 2099 sensus
1001 2047 1104 2110 sui,
1134 2046 1220 2100 18.
1249 2045 1460 2099 tenebris
1482 2045 1805 2098 obscuratum
1826 2045 2061 2097 habentes

551 2135 886 2201 intellectum,
919 2136 1129 2189 alienati
1154 2153 1185 2188 a
1208 2138 1310 2188 vita
1335 2134 1426 2189 Dei
1456 2154 1543 2204 per
1571 2135 1928 2204 ignorantiam,
1951 2149 2062 2203 qua:

555 2237 629 2280 est
659 2227 712 2280 in
734 2227 836 2280 illis
867 2238 1075 2297 propter
1101 2228 1373 2280 etccitutein
1397 2227 1563 2280 cordis
1582 2228 1830 2296 ipsorum,
1862 2224 1945 2280 19.
1976 2226 2063 2294 qui

553 2317 880 2385 desperantes
929 2318 1225 2387 semetipsos
1270 2318 1586 2371 tradiderunt
1634 2317 1962 2386 impudicitia:
2008 2317 2060 2370 in

551 2409 893 2477 Operationem
922 2409 1261 2463 immunditiis:
1287 2410 1448 2463 omnis
1475 2410 1525 2462 in
1548 2410 1778 2463 avaritia.

551 2501 600 2554 1.
643 2499 769 2554 Haec
796 2500 934 2555 dicta
970 2509 1096 2555 sunt
1124 2517 1228 2556 non
1259 2501 1432 2555 solum
1462 2501 1747 2571 Ephesiis;
1789 2503 1882 2558 sed
1908 2502 2058 2558 vobis

472 2607 687 2661 quoque
726 2607 868 2646 nunc
895 2592 1147 2647 dicuntur
1168 2633 1184 2659 ,
1214 2601 1269 2648 et
1298 2608 1405 2647 non
1434 2608 1463 2647 a
1493 2592 1648 2647 nobis
1673 2636 1687 2659 ,
1720 2597 1812 2649 sed
1840 2597 1998 2650 etiam
2026 2610 2057 2649 a

473 2683 671 2749 Paulo,
713 2683 822 2738 imo
861 2699 961 2739 nec
990 2699 1020 2738 a
1049 2684 1203 2739 nobis
1224 2726 1240 2751 ,
1290 2700 1389 2740 nec
1417 2700 1444 2737 a
1472 2684 1640 2739 Paulo
1660 2725 1677 2748 ,
1709 2686 1804 2740 sed
1831 2702 1860 2741 a
1887 2687 2057 2757 gratia

472 2774 723 2843 Spiritus.
752 2776 1042 2846 Tamquam
1062 2792 1191 2848 ergo
1213 2779 1330 2845 ipso
1351 2777 1465 2832 hch
1485 2779 1695 2833 dicente
1723 2793 1820 2832 nos
1848 2789 2059 2849 oportet

471 2865 636 2920 aflici.
671 2866 805 2921 Audi
851 2875 1029 2921 autem
1069 2869 1192 2938 quid
1221 2869 1365 2925 dicat
1390 2885 1404 2922 ε
1431 2869 1544 2924 Hoc
1579 2870 1738 2940 igitur
1762 2871 1875 2925 diro
1902 2882 1948 2926 et
1978 2882 2056 2926 te-

472 2961 670 3028 stificor
696 2961 750 3014 in
778 2960 1031 3028 Domino,
1063 2973 1118 3016 ut
1142 2965 1254 3032 jam
1289 2980 1392 3017 non
1418 2965 1684 3019 ambuletis
1709 2967 1835 3019 sicut
1863 2976 2059 3020 creterra

471 3063 648 3122 gentes
671 3052 929 3108 ambulant
955 3057 1009 3108 in
1036 3056 1254 3110 vanitate
1281 3073 1458 3111 sensus
1477 3058 1559 3111 sui
1582 3100 1598 3124 ,
1632 3059 1846 3113 tenebris
1871 3061 2024 3113 obscu
2039 3091 2055 3102 ο

471 3155 642 3198 ratum
665 3145 900 3201 [tabentes
925 3148 1250 3215 intellectum,
1277 3149 1487 3203 alienati
1502 3167 1533 3204 a
1555 3151 1655 3204 vita
1684 3151 1777 3205 Dei
1797 3169 1887 3223 per
1910 3154 2057 3223 igno-

473 3238 712 3302 rantiam,
739 3254 855 3308 quia
877 3248 952 3293 est
971 3240 1025 3294 in
1044 3240 1168 3310 ipsis
1193 3252 1400 3311 prapter
1420 3243 1695 3297 siccitatem
1721 3245 1892 3299 cordis
1917 3247 2056 3314 ipso-

473 3344 607 3380 rum.
646 3328 701 3382 Si
728 3337 812 3384 est
836 3345 966 3398 ergo
997 3332 1293 3399 ignorantia
1321 3374 1336 3396 ,
1367 3333 1411 3387 si
1443 3337 1733 3390 excaacatio
1753 3375 1768 3400 ,
1816 3351 1914 3390 cur
1941 3336 2052 3390 cri-

477 3419 742 3473 minaris?
772 3436 894 3474 nam
927 3437 1049 3475 cum
1079 3423 1168 3491 qui
1203 3424 1451 3493 ignorat,
1486 3440 1591 3480 non
1640 3427 1779 3481 male
1813 3427 1919 3495 pati
1954 3441 2054 3481 nec

475 3509 712 3563 accusari
741 3526 952 3580 acquum
980 3521 1096 3579 est,
1146 3514 1240 3568 sed
1269 3514 1477 3571 discere
1507 3533 1627 3585 qua:
1668 3518 1901 3588 ignorat.
1945 3519 2051 3574 Sed

477 3597 596 3653 vide
627 3601 899 3668 quomodo
927 3616 1020 3656 eos
1060 3605 1237 3658 statim
1282 3606 1515 3661 excludit
1555 3625 1584 3662 a
1617 3611 1788 3664 venia.
1834 3611 1932 3675 Qui
1966 3610 2053 3664 de-

478 3702 738 3758 sperantes
765 3695 1050 3765 semetipsos
1091 3698 1403 3753 tradiderunt
1432 3701 1763 3768 impudicitia
1788 3704 1843 3755 in
1870 3719 2052 3773 opera-

476 3784 668 3836 tionem
710 3784 1038 3841 innnunditite
1060 3790 1219 3843 omnis
1246 3791 1298 3844 in
1340 3793 1573 3846 avaritia.
1617 3793 1706 3848 9.0.
1760 3793 1861 3849 Vos
1884 3809 2052 3849 autent

477 3890 579 3926 non
605 3873 677 3926 ita
704 3874 950 3931 didicistis
972 3876 1243 3934 Christum.
1288 3881 1387 3936 Hic
1415 3885 1650 3938 ostendit
1675 3901 1861 3940 eorum
1892 3888 2049 3942 vitam

478 3962 642 4017 fuisse
668 3978 882 4019 causam
912 3971 1285 4025 exczeeationis
1318 3990 1332 4026 :
1367 3974 1477 4027 vita
1505 3986 1682 4030 autem
1713 3988 1828 4031 orta
1876 3988 1958 4032 est
1985 3997 2049 4034 ex

476 4071 659 4111 eorum
689 4059 934 4113 socordia
973 4070 1030 4115 et
1070 4062 1381 4119 indolentia.
1428 4064 1707 4134 Quicum,
1758 4070 1960 4138 inquit,
1991 4072 2053 4125 de

474 4164 528 4200 se
550 4150 898 4219 desperassent
920 4162 969 4206 et
998 4153 1224 4207 animum
1268 4155 1690 4226 despondissent,
1723 4161 1913 4229 scipsos
1943 4171 2052 4214 tra-

475 4239 733 4294 diderunt.
774 4241 1000 4309 Quando
1042 4259 1171 4314 ergo
1217 4247 1370 4300 audis
1394 4289 1409 4311 ,
1453 4249 1616 4303 Deum
1647 4265 1741 4304 eos
1772 4252 2052 4309 tradidisse

476 4331 528 4383 in
557 4333 844 4402 reprobnm
866 4349 1083 4389 sensum
1114 4336 1132 4406 (
1156 4335 1307 4392 Rom.
1341 4339 1391 4392 1.
1417 4339 1507 4410 25)
1538 4382 1552 4405 ,
1587 4342 1868 4398 recordare
1897 4344 2053 4414 hujus

476 4423 621 4479 verbi
648 4426 791 4495 quod
822 4427 1415 4503 seipsostradiderunt.
1451 4432 1505 4487 Si
1534 4435 1675 4489 enim
1705 4440 1911 4506 seipsos
1939 4447 2049 4492 tra-

475 4513 757 4582 diderunt,
808 4520 1080 4588 quomodo
1114 4521 1254 4576 Deus
1303 4522 1562 4578 tradidit?
1603 4526 1647 4578 si
1691 4538 1866 4581 autem
1916 4530 2053 4581 Deus

474 4623 569 4662 eos
610 4608 866 4676 tradidit,
912 4612 1183 4679 quomodo
1223 4616 1429 4684 seipsos
1475 4615 1843 4671 tradiderunt?
1896 4619 2053 4673 Vides

474 4714 587 4753 eam
619 4716 741 4769 qua:
770 4716 893 4757 esse
923 4703 1133 4757 videtur
1158 4707 1560 4774 repugnantiam
1586 4708 1608 4761 ?
1639 4708 1871 4763 Tradidit
1898 4727 2045 4780 ergo,

475 4791 612 4846 idem
641 4802 726 4847 est
749 4793 891 4863 quod
925 4795 1205 4863 permisit,
1240 4798 1319 4851 vel
1349 4800 1635 4853 concessit.
1681 4799 1841 4855 Vides
1871 4803 2009 4871 quod
2034 4844 2050 4869 ,

474 4885 558 4937 ubi
589 4900 696 4940 non
724 4897 808 4940 est
838 4888 942 4939 vita
976 4902 1104 4955 pura
1134 4929 1149 4951 ,
1183 4890 1252 4943 ibi
1283 4890 1463 4945 talium
1501 4909 1714 4962 quoque
1741 4895 2050 4965 dogmatqu

470 4985 551 5027 est
578 4980 997 5046 argumentum?
1029 4978 1207 5033 Omnis
1229 5019 1245 5045 ,
1277 4981 1484 5050 inquit,
1512 4985 1598 5052 qui
1623 4983 1755 5039 male
1778 4988 1905 5056 agit,
1946 4988 2055 5041 odit

473 5064 653 5132 lucem,
683 5076 730 5121 et
757 5085 859 5122 non
885 5071 1019 5123 venit
1045 5071 1114 5123 ad
1139 5072 1298 5126 lucem
1328 5072 1506 5146 (Joan.
1542 5076 1593 5129 '5.
1626 5075 1741 5146 20).
1775 5077 2055 5142 Quomodo

474 5160 610 5213 enim
645 5171 826 5229 posset
854 5161 1146 5231 ﬂagitiosus
1188 5174 1244 5219 et
1271 5165 1511 5235 impurus
1536 5208 1550 5231 ,
1595 5177 1648 5222 et
1686 5168 1776 5237 qui
1816 5171 2054 5224 omnium

474 5251 757 5304 mulierum
788 5252 1111 5321 corporibus
1139 5258 1308 5327 magis
1337 5256 1596 5325 polluitur
1623 5269 1676 5313 et
1704 5259 2011 5330 inquinatur
2037 5305 2052 5329 ,

473 5355 632 5407 quam
663 5343 809 5410 porci
838 5343 930 5413 qui
961 5344 1015 5398 in
1046 5360 1203 5400 emno
1273 5346 1591 5413 volutantur,
1632 5360 1686 5405 et
1711 5363 1854 5406 amat
1894 5369 2044 5421 pecu-

473 5432 613 5485 niam
643 5473 656 5496 ,
686 5443 742 5488 et
781 5437 1149 5504 temperantiae
1181 5453 1244 5491 ac
1274 5441 1551 5494 lllOthSllit‘.
1580 5440 2057 5516 nihilomninoap-

472 5523 639 5587 petit,
676 5523 815 5578 hanc
853 5526 1014 5580 vitam
1045 5529 1363 5597 suscipere?
1397 5531 1540 5586 llanc
1567 5575 1580 5596 ,
1613 5533 1781 5603 inquit
1808 5578 1823 5602 ,
1854 5548 2055 5593 statue-

470 5623 594 5666 runt
621 5614 1016 5681 operationem.
1041 5616 1168 5672 Inde
1191 5629 1272 5673 est
1299 5625 1612 5689 cxczecatiu,
1639 5626 1760 5681 inde
1785 5638 1867 5682 est
1886 5630 2058 5699 caligo

474 5705 688 5758 uentis.
734 5704 969 5764 Possunt
1009 5722 1125 5762 esse
1171 5711 1401 5767 tenebrae
1449 5714 1658 5773 etiamsi
1702 5718 1789 5773 lux
1841 5720 2053 5788 luceat,

2169 1862 2657 1969 quando-imbecilli
2686 1888 2811 1933 sunt
2851 1883 2988 1938 oculi
3021 1902 3037 1940 ε
3070 1887 3206 1944 fiunt
3233 1902 3413 1949 autem
3445 1899 3695 1960 imbecilli
3726 1946 3741 1969 .

2166 1960 2252 2046 aut
2302 1957 2561 2013 malorum
2594 1961 2876 2024 humormn
2919 1972 3153 2045 afﬂuxu,
3201 1994 3289 2035 aut
3333 1983 3506 2042 fluxus
3546 1957 3741 2046 I'BdUlI:

2165 2038 2367 2099 dantia.
2401 2047 2476 2102 Ita
2509 2051 2595 2106 hic
2622 2070 2835 2127 quoque
2866 2080 2879 2114 :
2913 2038 3355 2134 quando'multns
3386 2078 3616 2147 impetus
3653 2101 3740 2139 re-

2167 2145 2317 2239 rum,
2362 2155 2480 2207 quae
2529 2144 2595 2198 ad
2643 2147 2780 2204 hanc
2812 2154 2972 2210 vitam
3000 2162 3303 2229 pertinent,
3356 2144 3590 2227 obruerit
3620 2190 3743 2244 per-

2166 2229 2429 2297 Spicacem
2453 2240 2647 2293 mentis
2669 2256 2864 2303 nostra:
2886 2249 3214 2325 facultatem,
3231 2277 3293 2315 ea
3307 2273 3387 2319 est
3404 2265 3456 2320 in
3484 2229 3737 2327 tenebris:

2166 2327 2220 2371 ct
2251 2322 2385 2377 sicut
2422 2326 2474 2379 in
2503 2330 2767 2398 profundo
2789 2337 3029 2405 jacentes
3062 2346 3113 2400 in
3142 2322 3279 2420 aqua
3302 2394 3315 2415 ,
3351 2358 3521 2412 solem
3557 2361 3737 2420 videre

2167 2425 2272 2464 non
2312 2419 2671 2520 potuerimus,
2721 2428 2886 2485 multa
2927 2450 3063 2504 aqua
3111 2442 3274 2495 veluti
3323 2448 3550 2514 quodam
3590 2465 3743 2524 septo

2165 2515 2395 2571 superne
2445 2509 2691 2580 imposita
2736 2533 2748 2567 :
2800 2519 2869 2575 ita
2913 2524 2965 2579 in
3014 2532 3210 2587 mentis
3255 2538 3422 2593 oculis
3461 2540 3521 2596 fit
3566 2509 3743 2603 corilis

2165 2599 2451 2693 esurcatio
2476 2643 2490 2666 ,
2544 2609 2759 2675 quando
2788 2614 2966 2671 nullus
3011 2620 3171 2677 timor
3198 2627 3430 2684 animam
3480 2640 3739 2693 concutit.

2165 2683 2287 2794 {an
2310 2699 2405 2754 est,
2434 2692 2625 2764 inquit,
2657 2702 2806 2757 timor
2837 2705 2933 2761 Dei
2952 2721 3069 2764 ante
3089 2716 3262 2771 oculos
3288 2721 3425 2788 ejus;
3450 2734 3505 2778 et
3535 2743 3740 2794 ruisus,

2167 2773 2577 2885 -Dixit‘insipiens
2618 2791 2671 2843 in
2698 2797 2852 2851 corde
2878 2814 2989 2863 suo,
3021 2820 3121 2857 non
3151 2817 3222 2860 est
3266 2773 3737 2885 Deusvbli’sdlti-t’:

2162 2868 2216 2924 3.
2260 2873 2353 2943 1).
2394 2876 2506 2981 blon
2535 2884 2753 2943 aliunde
2781 2902 2962 2949 autem
3012 2899 3071 2953 fit
3116 2868 3447 2974 excircatio,‘
3482 2926 3638 2981 quam
3676 2931 3741 2969 ex

2162 2974 2352 3065 sensus
2379 2964 2584 3027 defectu
2619 2993 2630 3028 :
2667 2976 2769 3034 hoc
2795 2985 2939 3039 enim
2986 3002 3195 3049 meatus
3225 2964 3475 3057 obstruit.
3496 2964 3740 3073 IQuando

2162 3055 2303 3161 enim
2326 3072 2576 3119 concreta
2590 3066 2823 3128 deﬂuxio
2841 3075 2894 3129 in
2919 3094 3081 3136 unum
3107 3084 3282 3142 locum
3307 3055 3738 3161 cogiturrtnem-

2160 3145 2317 3201 brum
2348 3155 2404 3205 tit
2433 3168 2700 3213 mortuum
2733 3173 2786 3218 et
2812 3181 2973 3223 sensu
3001 3172 3336 3241 destitutum;
3370 3145 3421 3237 iit
3450 3145 3562 3242 siv'e
3590 3204 3741 3246 usse-

2160 3240 2235 3338 ris
2259 3282 2273 3306 ,
2318 3243 2431 3298 sive
2458 3254 2695 3308 secueris
2720 3296 2734 3319 ,
2770 3257 2885 3312 sive
2911 3263 3121 3329 quidvis
3149 3267 3341 3325 feceris
3364 3314 3376 3336 ,
3412 3291 3516 3329 non
3550 3284 3735 3338 sentit.

2161 3324 2233 3432 Ita
2284 3333 2442 3387 etiam
2473 3338 2546 3391 illi
2578 3343 2664 3408 qui
2711 3360 2769 3397 se
2816 3351 2985 3404 semel
3031 3353 3295 3413 dederunt
3339 3324 3726 3438 impudicitiae,

2161 3422 2368 3477 etiamsi
2398 3428 2566 3483 instar
2602 3432 2736 3502 ignis
2764 3479 2777 3502 ,
2830 3441 3038 3499 etiamsi
3066 3446 3233 3502 instar
3272 3452 3399 3509 ferri
3441 3422 3736 3519 orationem

2160 3511 2238 3617 eis
2264 3515 2546 3583 applicaris
2567 3562 2580 3583 ,
2624 3525 2756 3579 nihil
2788 3544 2881 3583 eos
2910 3536 3111 3604 tangit,
3165 3539 3297 3596 nihil
3326 3545 3391 3598 ad
3420 3511 3737 3621 eosﬂpcrve:

2160 3607 2240 3661 nit
2268 3626 2281 3660 :
2312 3620 2392 3664 est
2431 3614 2571 3668 enim
2603 3618 2757 3685 plane
2785 3635 3054 3683 mortuum
3087 3646 3275 3690 eorum
3308 3607 3608 3698 membrtim
3634 3685 3650 3710 ,
3678 3660 3738 3702 et

2160 3701 2263 3756 nisi
2284 3704 2361 3758 eis
2388 3705 2652 3765 ademeris
2673 3728 2862 3771 sensus
2886 3722 3227 3793 vacuitatem,
3259 3739 3314 3784 ut
3340 3736 3581 3791 ittentbra
3610 3754 3737 3795 sana

2163 3804 2366 3863 tangas,
2399 3796 2593 3854 frustra
2627 3804 2754 3860 facis
2796 3812 2995 3868 omnia.
3029 3814 3094 3869 In
3119 3822 3355 3889 avaritia,
3409 3825 3600 3897 inquit.
3643 3830 3739 3888 Hic

2161 3888 2387 3943 tnaxime
2409 3890 2623 3948 abstulit
2642 3911 2826 3953 eorum
2846 3908 3249 3965 excusationem
3276 3923 3329 3967 et
3351 3888 3736 3980 defensionem.

2161 3976 2377 4033 Licebat
2419 3984 2560 4037 enim
2590 3986 2704 4052 eis,
2754 3991 2797 4043 si
2842 3995 3169 4062 voluissent,
3223 4018 3394 4072 neque
3436 4024 3556 4063 esse
3594 4016 3738 4069 avari

2162 4084 2333 4138 neque
2358 4071 2610 4139 impudici
2645 4092 2819 4148 neque
2846 4085 3015 4136 ventri
3049 4071 3328 4158 indulgere
3354 4135 3367 4152 ,
3400 4107 3453 4148 et
3479 4112 3606 4153 suas
3631 4119 3735 4156 ex-

2160 4161 2304 4228 plere
2337 4166 2659 4232 cupiditates
2705 4172 2889 4241 eisque
2931 4174 3031 4229 frui
3064 4194 3077 4230 :
3110 4178 3299 4236 licebat
3348 4195 3403 4240 et
3453 4193 3691 4257 pecunia:
3721 4236 3734 4258 ,

2164 4254 2353 4304 lit'elial
2376 4264 2430 4306 et
2450 4258 2739 4326 voluptatis
2766 4274 2820 4316 et
2841 4264 3148 4324 deliciarum
3174 4254 3589 4339 moderate—esse
3614 4254 3737 4353 par;

2161 4344 2349 4413 tie-ipes
2376 4363 2389 4409 ;
2423 4350 2515 4402 sed
2541 4354 2789 4418 quoniam
2815 4357 2879 4409 iis
2908 4358 3258 4421 immoderate
3288 4371 3365 4423 usi
3390 4385 3533 4442 sunt,
3561 4380 3738 4434 omnia

2160 4450 2536 4507 corruperunt.
2564 4441 2631 4497 In
2656 4449 2997 4515 operationem
3028 4454 3393 4527 immunditiis,
3423 4441 3611 4535 inquit.
3644 4471 3737 4525 Vi-

2159 4526 2254 4581 des
2282 4531 2550 4598 quomodo
2578 4549 2670 4589 eos
2699 4537 2869 4605 privat
2901 4543 3050 4595 venia
3078 4586 3092 4608 ,
3122 4546 3307 4604 dicens
3332 4591 3346 4613 ,
3383 4526 3735 4623 Opei'ationein

2159 4616 2494 4676 inmunditia:
2514 4625 2540 4678 ?
2564 4625 2678 4681 Non
2708 4644 2834 4684 casu
2856 4675 2870 4697 ,
2906 4633 3112 4704 inquit,
3146 4639 3275 4709 lapsi
3305 4657 3616 4713 peccarunt;
3640 4652 3734 4705 sed

2163 4713 2339 4779 gravia
2370 4712 2482 4768 haec
2508 4716 2621 4785 ipsa
2644 4718 2882 4777 fecerunt
2905 4765 2919 4790 ,
2954 4735 3008 4781 et
3034 4744 3093 4782 ea
3119 4747 3176 4785 re
3204 4712 3457 4792 meditata
3483 4741 3563 4794 usi
3590 4712 3735 4797 sunt.

2161 4802 2219 4857 In
2250 4807 2392 4860 omni
2423 4808 2782 4867 immunditia.

2231 4896 2567 4955 [inmunditia
2586 4905 2708 4971 quid
2726 4908 2811 4960 sit.
2841 4940 2908 4949 —
2934 4910 3271 4971 lnunuuditia
3294 4921 3468 4973 omnis
3490 4932 3571 4976 est
3589 4925 3742 4981 adul-

2163 4990 2373 5057 terium,
2410 4997 2685 5062 scortatio,
2720 5000 3007 5068 ptedicatus
3030 5046 3045 5070 ,
3084 5006 3277 5060 invidia
3299 5048 3313 5071 ,
3347 5011 3523 5065 omnis
3576 5015 3740 5072 libido

2161 5093 2215 5137 et
2246 5084 2675 5155 intemperantia.
2737 5090 2836 5145 Vos
2865 5106 3029 5147 autem
3059 5113 3159 5149 non
3190 5099 3260 5150 ita
3305 5100 3547 5158 didicistis
3596 5108 3742 5162 Citrio

2161 5184 2292 5226 stum
2314 5191 2330 5227 :
2351 5174 2410 5228 2|
2428 5216 2439 5227 .
2472 5178 2516 5229 si
2541 5188 2705 5233 tanien
2724 5181 2867 5234 illum
2884 5185 3115 5249 audistis,
3140 5196 3187 5238 et
3211 5188 3261 5240 in
3287 5190 3396 5259 ipso
3420 5193 3580 5249 cdocti
3600 5204 3731 5264 estis,

2162 5264 2292 5316 sicut
2319 5276 2390 5319 est
2412 5269 2594 5321 veritas
2615 5272 2666 5323 in
2700 5272 2846 5325 Jesu.
2877 5274 3031 5341 Illud,
3057 5276 3117 5330 Si
3137 5288 3299 5334 tamen
3331 5285 3476 5340 illum
3504 5292 3737 5357 audistis,

2164 5372 2269 5409 non
2299 5367 2382 5411 est
2410 5357 2720 5425 dubitantis,
2753 5362 2843 5415 sed
2872 5363 3031 5418 etiam
3057 5369 3211 5425 valde
3237 5374 3572 5443 aftirmantis;
3597 5383 3733 5436 sicut

2165 5449 2326 5503 etiam
2374 5449 2502 5505 dicit
2529 5454 2651 5504 alibi
2687 5469 2700 5502 :
2735 5453 2796 5507 Si
2836 5465 3000 5511 tamen
3036 5462 3236 5530 justum
3271 5476 3340 5520 est
3386 5470 3524 5536 apud
3574 5471 3735 5526 Deum

2164 5541 2372 5593 reddere
2398 5543 2774 5596 retributionem
2802 5546 2862 5599 iis
2905 5550 2991 5616 qui
3021 5567 3105 5605 vos
3148 5555 3390 5608 tribulant
3420 5561 3437 5627 (
3465 5558 3514 5611 2.
3562 5560 3735 5617 Thess.

2169 5633 2217 5685 l.
2252 5634 2344 5699 ti).
2407 5634 2457 5687 Id
2487 5643 2606 5697 est,
2660 5634 2771 5689 Non
2820 5640 2869 5692 in
2922 5641 3003 5695 his
3046 5643 3311 5698 Christum
3356 5648 3635 5705 didicistis.
3680 5653 3741 5705 Si

2169 5733 2330 5777 tamen
2364 5724 2503 5779 illum
2532 5724 2744 5780 audistis
2771 5766 2787 5796 ,
2836 5739 2879 5786 ct
2908 5732 2957 5785 in
2986 5733 3093 5802 ipso
3125 5735 3286 5790 cdocti
3317 5739 3431 5793 estis
3456 5779 3470 5806 ,
3512 5741 3642 5794 sicut
3671 5752 3742 5791 est
