4218 6266
465 344 535 398 95
1198 337 1254 392 S.
1294 332 1569 392 JOANNlS
1609 329 2077 388 CllRYSOSTOMl
2120 331 2434 389 ARClllEP.
2467 334 3000 392 CONSTANTINOP.
3660 342 3729 398 96

457 467 640 523 veritas
690 462 741 516 in
780 456 979 516 Christo
1017 454 1175 520 Iesu,
1225 451 1315 507 Ἡ.
1348 451 1595 519 deponere
1629 465 1715 503 vos
1755 447 2032 502 secundum

460 557 726 629 pristinam
771 548 1194 606 conversationem
1235 553 1443 597 veterem
1486 540 1759 594 hominem.
1800 539 1913 593 Hoc
1952 547 2037 593 est

461 665 586 719 ergo
601 645 873 701 Christum
905 638 1175 703 didicisse,
1217 643 1364 689 recte
1404 633 1606 687 vivere.
1632 632 1733 697 Qui
1760 630 1904 686 enim
1930 630 2030 684 im-

461 740 628 811 probe
656 736 822 795 vivit,
851 732 1012 784 Deum
1051 728 1274 797 ignorat,
1305 735 1357 779 et
1388 725 1457 778 ab
1487 739 1552 778 eo
1575 724 1866 792 ignoratur.
1897 720 2035 775 Audi

461 832 598 886 enim
621 830 790 897 ipsum
814 823 937 876 alibi
966 820 1258 873 dicentem:
1288 816 1448 870 Deum
1471 815 1777 883 conﬁtentur
1796 829 1849 866 se
1867 828 2030 876 nosse,

458 922 605 991 {actis
633 923 814 987 negant
844 921 1030 965 autent.
1063 909 1212 964 Sicut
1255 917 1327 961 est
1368 907 1548 960 veritas
1588 907 1641 959 in
1669 905 1795 959 Jesu
1819 945 1835 970 ,
1879 904 2036 973 depo-

458 1027 575 1064 nere
604 1025 687 1061 vos
714 1002 989 1058 secundum
1030 1000 1297 1070 pristinam
1342 997 1766 1051 conversationem
1819 1003 2033 1048 veterent

457 1101 706 1154 hominem
733 1094 868 1164 (Tit.
900 1095 950 1147 1.
984 1090 1091 1160 l3).
1121 1090 1233 1143 lloc
1259 1099 1372 1153 est,
1404 1103 1509 1140 non
1534 1086 1615 1139 his
1642 1084 2035 1139 conditionibus

458 1193 664 1259 paetum
693 1193 1015 1240 conventum
1046 1180 1236 1234 fecisti.
1280 1179 1410 1231 Nam
1437 1192 1556 1246 qua:
1592 1186 1716 1229 sunt
1745 1174 1884 1245 apud
1913 1189 2030 1238 nos,

458 1297 562 1334 non
608 1284 735 1332 sunt
759 1273 999 1335 vanitas,
1031 1269 1123 1323 sed
1173 1269 1367 1321 veritas
1399 1284 1410 1319 :
1444 1267 1582 1319 sicut
1621 1263 1868 1333 dogmata
1906 1270 2029 1316 sunt

457 1387 605 1434 vera,
637 1368 708 1421 ita
737 1374 791 1419 et
817 1364 944 1416 vita.
985 1361 1197 1413 \‘anitas
1225 1358 1367 1412 cnim
1396 1364 1478 1411 est
1509 1366 1780 1424 peccatum
1806 1362 1858 1407 et
1885 1367 2033 1408 men-

456 1461 703 1521 dacium;
752 1456 855 1508 vita
896 1461 1074 1504 autem
1122 1459 1264 1503 recta
1307 1455 1389 1501 est
1428 1447 1627 1499 veritas
1657 1461 1671 1498 :
1701 1443 1860 1498 habet
1889 1443 2031 1498 enim

459 1564 706 1619 magnum
738 1546 893 1598 linem
921 1558 935 1605 ;
963 1536 1369 1606 intemperantia
1416 1550 1542 1589 vero
1571 1535 1620 1586 in
1652 1532 1779 1588 nihil
1815 1532 2030 1587 desinit.

463 1643 561 1707 Qui
601 1635 941 1703 corrumpitur
969 1673 982 1695 ,
1013 1629 1219 1697 inquit,
1266 1626 1539 1682 secundum
1568 1625 1818 1680 desideria
1849 1625 2033 1677 erroris

458 1735 555 1787 sui.
581 1733 729 1787 Sicut
751 1729 866 1796 ejus
890 1724 1209 1794 cupiditates
1229 1728 1283 1775 et
1306 1718 1567 1775 desideria
1592 1726 2030 1787 corrumpuntur,

458 1827 526 1880 ita
558 1825 669 1889 ipse
694 1832 924 1891 quoque.

529 1918 583 1968 2.
626 1909 906 1978 Quomodo
930 1922 1058 1976 ergo
1087 1910 1506 1970 corrumpuntur
1531 1901 1647 1969 ejus
1674 1896 2033 1969 cupiditates?

459 2005 625 2060 Morte
653 2004 930 2057 solvuntur
950 1978 1150 2051 omnia:
1182 1993 1315 2048 Audi
1344 1991 1484 2046 enim
1514 1990 1826 2060 pr0phetam
1854 1988 2036 2041 dicen-

458 2110 562 2151 tem
592 2113 604 2148 :
630 2092 697 2146 1n
718 2093 809 2145 illa
829 2091 910 2143 die
930 2087 1159 2160 peribunt
1181 2099 1351 2139 omnes
1377 2082 1702 2152 cogitationes
1727 2080 1837 2149 ejus
1859 2076 2031 2147 (Psat.

458 2188 577 2242 HS.
610 2186 688 2255 4).
731 2181 841 2237 Nec
889 2188 1061 2233 morte
1102 2177 1214 2229 sola
1239 2216 1255 2241 ,
1303 2172 1399 2227 sed
1429 2173 1589 2227 etiam
1636 2170 1817 2223 multis
1868 2169 2030 2222 aliis:

468 2288 524 2330 ut
553 2287 673 2344 puta
702 2313 716 2335 ,
750 2266 1125 2340 pulchritudo,
1153 2280 1274 2319 cum
1303 2260 1579 2317 advenerit
1609 2259 1829 2314 morbus
1858 2266 1913 2312 et
1938 2272 2027 2312 se-

459 2377 668 2429 nectus,
697 2361 977 2425 abscedit,
1011 2358 1240 2411 moritur
1266 2365 1320 2409 et
1346 2353 1528 2408 interit
1556 2368 1571 2405 :
1605 2351 1766 2405 robur
1794 2349 2036 2419 corporis

460 2474 643 2515 rursus
677 2454 864 2508 iisdem
907 2449 1136 2504 concidit
1171 2465 1184 2500 :
1225 2445 1432 2501 delicia:
1474 2445 1603 2512 ipsa:
1649 2458 1753 2496 non
1793 2441 2035 2495 eamdent

459 2551 674 2622 quidem
699 2548 898 2602 habent
920 2544 1241 2612 voluptatem
1271 2539 1323 2592 in
1351 2545 1626 2592 senectute
1656 2552 1670 2590 :
1700 2534 1859 2604 idque
1887 2532 2038 2586 nobis

463 2653 546 2699 cst
579 2640 913 2712 perspicuum
943 2652 1004 2690 ex
1037 2632 1312 2687 Berzellai.
1347 2631 1507 2685 Scitis
1536 2642 1723 2682 onmes
1764 2626 2037 2680 historiam

463 2734 563 2803 (2.
601 2731 728 2802 Reg.
777 2727 902 2799 l9).
947 2729 1052 2779 Aut
1094 2722 1291 2791 alioqui
1330 2735 1452 2775 eum
1495 2720 1665 2787 ipsum
1710 2729 1892 2769 rursus
1918 2729 2039 2769 cor-

461 2825 661 2894 rumpit
680 2832 734 2877 et
760 2819 932 2889 perdit
953 2816 1237 2885 cupiditas.
1263 2813 1413 2867 Sicut
1432 2810 1572 2865 enim
1600 2810 1717 2862 lana
1738 2808 1806 2863 ab
1833 2806 1897 2860 iis
1921 2820 2042 2874 per-

462 2917 607 2971 ditur
627 2930 692 2969 cx
713 2911 905 2981 quibus
921 2909 1181 2972 nascitur,
1207 2905 1278 2958 ita
1301 2903 1458 2957 etiam
1491 2909 1641 2956 vetus
1671 2901 1849 2953 homo.
1877 2899 2043 2952 Antor

461 3007 602 3062 enim
629 3004 813 3074 gloriae
841 2998 1012 3070 perdit
1034 3039 1048 3061 ,
1092 3006 1147 3050 et
1175 3008 1319 3064 saepe
1348 2991 1578 3062 perdunt
1609 2990 1908 3058 voluptates
1930 3028 1946 3054 ,
1989 2995 2043 3040 et

464 3094 667 3163 decipit
692 3090 975 3160 cupiditas.
1004 3085 1120 3141 Non
1147 3095 1228 3139 est
1257 3084 1399 3138 enim
1427 3097 1488 3135 ea
1518 3094 1604 3135 res
1633 3078 1876 3148 voluptas
1899 3119 1912 3142 ,
1948 3075 2042 3130 scd

463 3182 785 3246 amaritudo,
816 3178 1059 3248 dcceptio
1086 3218 1101 3242 ,
1132 3173 1422 3239 simulatio,
1451 3182 1504 3225 et
1533 3170 1761 3225 imitatio
1793 3168 2038 3223 scenica:

465 3292 518 3333 et
548 3293 722 3333 rerum
746 3272 958 3345 quidem
981 3270 1145 3325 facies
1173 3276 1256 3322 est
1275 3264 1574 3335 splendida,
1605 3277 1695 3317 res
1715 3271 1891 3315 autem
1916 3260 2043 3329 ipsa:

463 3387 566 3425 non
594 3376 716 3423 sunt
745 3364 883 3418 aliud
913 3376 1068 3431 quam
1103 3359 1272 3429 plenae
1300 3355 1532 3409 miseria:
1560 3363 1614 3408 et
1643 3350 2044 3420 injucunditatis

463 3470 519 3515 et
561 3457 741 3513 multm
786 3452 1117 3524 paupertatis
1148 3467 1161 3502 :
1194 3459 1246 3502 et
1276 3441 1321 3500 si
1366 3460 1651 3515 personam
1680 3440 1964 3495 abstuleris
1990 3448 2044 3493 et

468 3552 658 3605 faciem
710 3543 1011 3599 ostenderis
1040 3583 1055 3607 ,
1100 3539 1303 3593 videbis
1352 3537 1741 3606 deceptioncm.
1799 3532 2044 3600 Deceptio

468 3643 610 3696 enim
639 3647 719 3691 est
748 3634 959 3704 quando
987 3630 1112 3700 quid
1140 3631 1207 3682 sit
1237 3644 1340 3681 non
1369 3635 1625 3695 apparet,
1654 3625 1747 3680 sed
1776 3624 1916 3693 quod
1941 3638 2044 3676 nou

466 3740 551 3785 est
576 3726 890 3783 ostenditur.
913 3725 987 3777 Ita
1016 3722 1144 3774 liunt
1176 3716 1394 3771 fallacia:
1424 3727 1477 3770 et
1508 3716 1872 3784 paralogismi.
1902 3714 2044 3779 Qua-

472 3835 593 3877 tuor
608 3829 784 3873 autem
803 3815 955 3870 nobis
982 3812 1227 3867 homines
1254 3809 1340 3862 hic
1367 3806 1616 3861 describit
1647 3821 1661 3858 :
1685 3815 1758 3863 et.
1789 3806 1831 3859 si
1850 3806 2044 3875 placet,

473 3918 524 3971 id
567 3916 677 3985 jam
726 3914 1054 3966 demonstro.
1104 3904 1198 3958 llic
1235 3901 1448 3971 quidem
1490 3899 1624 3952 duos
1649 3938 1664 3960 ,
1704 3899 1782 3952 sic
1819 3897 2042 3952 dicens:

472 4008 789 4076 Deponentes
811 4010 1021 4054 veterem
1044 3995 1318 4056 hominem,
1341 3989 1651 4046 renovamiui
1671 3990 1852 4057 spiritu
1875 3987 2048 4041 mentis

474 4109 667 4162 vestra,
698 4106 741 4149 et
768 4092 962 4147 induite
987 4103 1169 4143 novum
1199 4084 1450 4138 hominem
1476 4100 1496 4148 ,-
1528 4081 1579 4135 in
1613 4079 1848 4149 Epistola
1871 4090 2047 4133 autem

472 4192 538 4246 ad
570 4191 833 4244 Romanos
863 4184 994 4238 alios
1012 4182 1167 4243 duos,
1201 4188 1258 4233 ut
1283 4176 1493 4245 quando
1517 4174 1665 4238 dicit,
1708 4171 1860 4225 Video
1885 4180 2048 4224 autem

472 4284 628 4335 alium
656 4280 812 4347 legent
840 4277 891 4328 in
922 4273 1154 4326 membris
1193 4269 1315 4322 meis
1344 4273 1703 4335 repugnantem
1749 4262 1847 4334 legi
1874 4263 2050 4315 mentis

473 4389 596 4426 utea:
617 4410 633 4434 ,
664 4378 708 4421 et
747 4366 1080 4435 captivantem
1125 4377 1201 4413 me
1243 4361 1295 4412 in
1339 4360 1445 4429 lege
1472 4356 1661 4427 peccati
1691 4398 1705 4417 .
1741 4369 1855 4426 qua:
1898 4353 2049 4406 estin

476 4461 706 4519 membris
733 4459 852 4513 meis
874 4458 891 4527 (
916 4456 1065 4509 Itoni.
1091 4455 1143 4508 7.
1171 4453 1261 4522 2'5)
1297 4469 1309 4505 :
1341 4461 1395 4505 et
1440 4450 1523 4505 isti
1554 4464 1673 4502 cum
1713 4447 1816 4501 illis
1853 4445 2052 4501 habent

475 4554 885 4625 cognationem;
916 4564 1036 4604 cum
1083 4546 1337 4600 interiore
1382 4557 1550 4596 novus
1573 4581 1588 4606 ,
1636 4555 1757 4594 cum
1783 4538 2051 4594 exteriore

476 4658 626 4703 vetus
657 4665 670 4700 :
699 4644 792 4699 sed
819 4652 927 4695 tres
954 4637 1188 4707 Correpti
1220 4644 1363 4688 sunt.
1396 4631 1492 4687 Vel
1523 4633 1696 4700 potius
1722 4631 1880 4685 etiam
1911 4643 2051 4683 nunc

474 4748 603 4792 sunt
630 4747 757 4796 tres,
796 4746 964 4785 novus
986 4738 1046 4782 et
1076 4735 1229 4779 vetus
1252 4766 1266 4789 ,
1297 4733 1350 4777 et
1379 4723 1464 4777 hic
1490 4722 1792 4776 essentialis
1820 4730 1872 4773 et
1898 4728 2050 4772 natu-

477 4828 625 4882 ralis.
652 4825 743 4878 23.
776 4818 1105 4875 Renovantini
1126 4856 1141 4882 ,
1187 4814 1390 4881 inquit,
1443 4812 1626 4882 spiritu
1655 4812 1831 4864 mentis
1853 4819 2047 4864 vestrae.

474 4920 552 4975 Ne
580 4916 700 4987 quis
725 4912 995 4968 existimet
1019 4906 1158 4976 quod
1208 4905 1367 4958 alium
1399 4903 1668 4955 hominem
1710 4899 2011 4953 iutroducat
2031 4939 2047 4964 ,

481 5017 756 5080 postquam
786 5001 920 5056 dixit
948 5008 1181 5053 veterem
1211 5005 1265 5049 et
1295 5008 1530 5057 novum,
1565 4990 1686 5044 vide
1709 4989 1835 5059 quid
1860 4989 2002 5080 dicat
2032 5003 2046 5040 :

484 5079 831 5155 ftenovantini.
876 5089 1137 5146 ltenovari
1185 5094 1361 5140 autem
1406 5093 1524 5146 cst,
1573 5080 1784 5151 quando
1824 5079 2047 5149 idipsmn

478 5188 621 5258 quod
645 5184 947 5246 coasenuit,
973 5188 1280 5241 renmatur,
1311 5186 1365 5230 ut
1386 5174 1525 5243 quod
1556 5174 1637 5226 liat
1668 5170 1809 5226 aliud
1833 5186 1898 5224 ex
1925 5169 2047 5224 alio:

478 5282 551 5335 ita
582 5286 640 5331 ut
666 5274 963 5342 subjectum
993 5272 1207 5341 quidem
1236 5270 1303 5324 sit
1336 5267 1499 5332 idem,
1533 5263 1752 5319 mutatio
1781 5273 1956 5317 autem
1982 5262 2051 5316 sit

480 5373 532 5426 in
560 5366 853 5424 accidente.
887 5364 1035 5417 Sicut
1058 5378 1248 5431 θυι-ρης,
1273 5359 1484 5430 quidem
1512 5369 1592 5412 est
1624 5359 1759 5412 idem
1785 5398 1801 5422 ,
1832 5356 2050 5411 mutatio

474 5473 652 5518 autem
678 5468 761 5515 est
788 5458 839 5511 in
866 5454 1137 5509 accidente
1181 5471 1192 5505 :
1225 5454 1294 5507 ita
1321 5464 1371 5506 ct
1403 5452 1486 5505 hic
1511 5465 1742 5521 quoque.
1772 5448 2050 5513 Quomodo

476 5568 650 5610 autem
675 5551 788 5607 lieri
812 5549 1004 5619 poterit
1032 5546 1340 5598 renovatio?
1370 5543 1429 5597 In
1451 5544 1629 5611 spiritu
1657 5543 1831 5595 utentis
1852 5552 2047 5604 vestros,

428 5632 429 5635 η
478 5645 669 5714 inquit.
717 5640 815 5708 Qui
844 5652 973 5708 ergo
1002 5650 1111 5689 rem
1155 5633 1397 5687 habuerit
1438 5643 1711 5698 veterem,
1760 5631 1889 5686 nihil
1916 5646 2048 5699 0pc-

477 5733 708 5789 rabitur:
729 5746 833 5785 non
859 5727 1133 5785 sustinebit
1157 5726 1297 5780 enim
1319 5726 1534 5795 Spiritus
1558 5736 1761 5781 veteres
1783 5724 2039 5781 actiones.

2149 447 2372 520 Spiritu,
2403 449 2595 520 inquit,
2631 452 2810 506 ruentis
2831 462 3027 516 vestrte;
3057 450 3158 507 hoc
3184 462 3287 517 est,
3316 452 3506 524 spiritu
3533 456 3621 524 qui
3647 469 3728 513 est

2144 540 2197 595 in
2244 551 2443 596 mente.
2471 542 2563 596 3t.
2611 540 2677 595 Et
2719 540 2994 596 induimini
3023 558 3205 597 novum
3243 544 3520 601 hominem.
3568 546 3727 603 Vides

2142 630 2283 700 quod
2311 647 2471 686 unum
2501 631 2716 702 quidem
2744 632 2814 687 sit
2844 632 3138 702 subjectum
3160 675 3175 700 ,
3205 635 3514 691 indumenta
3546 649 3724 693 autem

2142 706 2248 775 duo
2271 762 2285 787 ,
2334 737 2524 791 nempe
2560 732 2614 777 et
2663 723 2713 777 id
2741 738 2848 792 quo
2886 726 3118 788 exuitur,
3159 732 3213 778 et
3239 725 3288 779 id
3316 740 3422 795 quo
3448 727 3729 782 induitur?

2144 808 2349 862 Novum
2373 809 2646 876 hominem,
2677 811 2875 880 inquit,
2905 813 2990 881 qui
3016 812 3292 867 secundum
3335 813 3498 869 Deum
3526 828 3730 870 creatus

2141 911 2212 953 est
2232 901 2282 953 in
2301 902 2501 970 justitia
2522 912 2570 956 et
2590 903 2855 957 sanctitate
2879 904 3123 959 veritatis.
3149 907 3255 960 Cur
3275 916 3452 962 autem
3478 909 3726 965 virtutem

2138 991 2372 1059 appellat
2396 990 2664 1047 hominem
2683 1034 2698 1059 ,
2731 1002 2785 1047 et
2805 1009 2902 1049 cur
2923 995 3190 1049 hominem
3214 996 3441 1052 vitium?
3465 997 3726 1067 Quoniam

2141 1079 2300 1135 homo
2326 1095 2431 1136 non
2455 1091 2630 1151 potest
2657 1084 2868 1140 ostendi
2910 1086 3112 1155 absque
3137 1088 3473 1155 operatione.
3512 1089 3629 1157 Quo
3672 1093 3730 1146 lit

2140 1179 2197 1223 ut
2224 1169 2337 1225 haec
2364 1187 2469 1225 non
2501 1173 2678 1228 minus
2700 1190 2859 1244 quam
2888 1185 3097 1242 natura,
3127 1175 3397 1233 hominem
3420 1180 3724 1245 ostendant,

2138 1262 2251 1318 sive
2278 1264 2474 1319 bonum
2502 1265 2616 1320 sive
2642 1268 2863 1323 malum.
2904 1268 3053 1323 Sicut
3075 1278 3254 1324 autem
3282 1268 3441 1325 facile
3467 1281 3548 1325 est
3577 1273 3723 1335 exui,

2138 1355 2210 1409 ita
2238 1355 2398 1409 etiam
2424 1356 2550 1410 licet
2578 1356 2762 1412 videre
2806 1358 2858 1412 in
2889 1359 3082 1414 virtute
3109 1371 3163 1415 et
3195 1361 3344 1414 vitio.
3384 1360 3610 1416 Juvenis
3636 1364 3725 1431 qui

2139 1454 2221 1499 est
2248 1460 2440 1513 novus,
2472 1456 2554 1500 est
2595 1447 2785 1512 fortis;
2831 1463 2959 1519 ergo
2986 1463 3084 1504 nos
3109 1463 3324 1519 quoque
3368 1451 3537 1506 simus
3563 1451 3726 1506 fortes

2139 1536 2204 1591 ad
2226 1538 2588 1618 operationem
2610 1539 2867 1594 bonarum
2889 1541 3157 1595 actionum
3184 1544 3318 1608 :juvt
3339 1544 3423 1597 nis
3440 1559 3545 1598 non
3567 1543 3727 1600 habet

2139 1642 2357 1697 rugam;
2404 1644 2533 1698 ergo
2561 1645 2658 1684 nec
2696 1645 2795 1686 nos
2835 1647 3046 1701 quoque
3081 1650 3094 1687 :
3119 1633 3333 1702 juvenis
3360 1651 3465 1688 non
3492 1635 3724 1690 circum-

2139 1718 2338 1786 fertur,
2372 1735 2543 1790 ueque
2572 1719 2728 1777 facile
2755 1726 2873 1792 capi
2907 1732 3081 1792 potest
3110 1740 3138 1775 a
3168 1725 3408 1791 morbis;
3441 1725 3600 1795 igitur
3627 1743 3727 1781 nec

2140 1823 2237 1863 nos
2264 1825 2496 1880 quoque.
2526 1812 2624 1878 Qui
2655 1823 2855 1866 creatus
2881 1824 2976 1867 est.
3003 1813 3137 1869 Vide
3167 1816 3439 1884 quomodo
3469 1817 3554 1871 hic
3578 1834 3727 1872 erea-

2141 1900 2336 1956 tionem
2368 1912 2527 1956 vocet
2553 1902 2928 1959 deductionem
2956 1904 3164 1959 virtutis
3201 1905 3268 1959 ad
3294 1906 3584 1977 essentiam
3610 1949 3625 1973 ,
3671 1916 3727 1962 ut

2142 2006 2263 2059 qua:
2291 2006 2358 2045 ex
2407 1992 2594 2056 nihilo,
2655 1993 2723 2047 ad
2768 1994 2868 2048 hoc
2900 2003 2958 2049 ut
3001 2004 3185 2061 esset,
3229 1996 3300 2050 sit
3336 1995 3588 2052 deducta.
3626 1998 3723 2065 Qui

2139 2081 2308 2136 vero?
2351 2083 2551 2137 creatio
2590 2083 2677 2137 illa
2709 2099 2816 2139 non
2840 2092 2924 2139 est
2947 2085 3242 2139 secundum
3275 2087 3483 2140 Deum?
3511 2086 3723 2156 Nequa-

2139 2188 2333 2242 quam,
2391 2173 2485 2227 sed
2529 2174 2821 2229 secundum
2866 2176 3182 2231 diabolum:
3225 2176 3342 2246 ipse
3389 2185 3474 2232 est
3517 2187 3726 2233 creator

2140 2272 2363 2338 peccati.
2392 2270 2714 2337 Quomodo?
2743 2271 2913 2325 llomo
2938 2272 3078 2326 enim
3110 2286 3216 2325 non
3244 2288 3309 2327 ex
3335 2287 3471 2342 aqua
3491 2315 3507 2331 .
3539 2287 3637 2328 nec
3659 2289 3725 2328 ex

2143 2369 2282 2414 terra
2305 2369 2388 2414 est
2411 2372 2644 2426 creatus,
2671 2361 2763 2415 sed
2784 2361 2834 2414 in
2860 2361 3063 2430 justitia
3085 2371 3139 2416 et
3158 2363 3441 2417 sanctitate
3464 2364 3721 2418 veritatis.

2140 2452 2275 2519 Quid
2309 2453 2410 2508 hoc
2435 2454 2561 2508 est?
2587 2452 2777 2508 Statim
2809 2454 2958 2509 illum
2988 2455 3188 2510 creavit
3217 2457 3381 2510 lilium
3412 2473 3425 2509 :
3455 2456 3558 2511 hoc
3580 2456 3723 2513 enim

2147 2545 2203 2597 lit
2230 2560 2257 2597 a
2286 2545 2611 2613 baptismate
2662 2563 2675 2599 :
2710 2546 2825 2601 hinc
2852 2555 2935 2600 est
2963 2548 3218 2601 essentia.
3257 2546 3426 2603 Recte
3450 2547 3587 2603 dixit
3612 2589 3629 2615 ,
3660 2547 3726 2601 In

2100 2624 2103 2625 ν
2132 2635 2337 2705 justitia
2362 2645 2409 2687 et
2436 2637 2708 2689 sanctitate
2734 2637 2979 2691 veritatis.
3025 2636 3155 2691 Erat
3179 2637 3473 2707 aliquando
3495 2639 3724 2708 justitia,

2143 2736 2257 2781 erat
2285 2737 2337 2781 et
2362 2729 2618 2782 sanctitas
2645 2728 2698 2781 in
2722 2727 2942 2793 ludatis,
2976 2744 3157 2784 verum
3189 2745 3296 2783 non
3335 2730 3596 2795 veritatis,
3627 2730 3722 2785 sed

2145 2826 2299 2889 typus
2328 2832 2390 2871 ac
2416 2818 2581 2887 figura
2611 2828 2726 2873 erat
2755 2819 2840 2872 illa
2865 2819 3091 2888 jiiStitia.
3136 2819 3270 2875 Esse
3293 2822 3438 2876 enim
3468 2823 3724 2875 mundum

2143 2923 2389 2978 corpore,
2417 2909 2692 2963 munditias
2715 2918 2830 2964 erat
2857 2922 3036 2981 typus,
3065 2924 3168 2965 non
3194 2911 3390 2965 veritas
3419 2911 3714 2978 munditiae,

2139 3001 2361 3069 justitia:
2385 3010 2500 3055 erat
2523 3010 2702 3071 typus,
2731 3015 2836 3054 non
2860 3001 3315 3070 veritasjusdtiaa.
3347 3000 3412 3055 In
3437 3002 3723 3063 sanctitate.

2147 3093 2311 3161 inquit
2339 3133 2352 3156 ,
2386 3100 2433 3144 ct
2468 3093 2671 3161 justitia
2697 3092 2941 3146 veritatis.
2985 3092 3048 3145 Et
3077 3092 3177 3146 hoc
3206 3091 3343 3146 forte
3387 3092 3520 3147 dicit
3552 3091 3724 3160 respi-

2145 3184 2294 3238 ciens
2321 3183 2386 3236 ad
2418 3181 2611 3236 falsum
2644 3200 2657 3236 :
2687 3183 2938 3249 quoniam
2968 3183 3120 3236 multi
3152 3192 3280 3236 sunt
3303 3183 3447 3249 apud
3474 3192 3726 3236 externos

2146 3277 2236 3345 qui
2266 3275 2512 3329 videntur
2542 3289 2661 3329 esse
2684 3274 2835 3345 justi,
2867 3275 2961 3330 sed
2993 3284 3119 3329 sunt
3151 3275 3388 3331 fallaces.

2218 3366 2395 3420 Justus
2434 3368 2665 3437 quisnam
2708 3383 2817 3421 vere
2859 3368 2942 3422 sit.
2969 3396 3042 3409 ——
3068 3367 3279 3423 Justitia
3326 3378 3505 3423 autem
3536 3369 3728 3424 dicitur

2148 3458 2315 3510 virtus
2360 3462 2411 3510 in
2460 3472 2678 3526 genere.
2734 3458 2869 3513 Audi
2915 3459 3055 3513 enim
3107 3459 3376 3514 Christum
3417 3460 3721 3527 dicentem,

2153 3548 2270 3602 Nisi
2287 3550 2488 3619 justitia
2514 3559 2676 3602 vestra
2703 3549 2862 3619 magis
2899 3550 3226 3603 abundaverit
3259 3567 3412 3618 quam
3451 3552 3727 3605 scribarum

2151 3648 2194 3692 ct
2236 3637 2639 3704 Pltaristeorum,
2700 3654 2802 3691 non
2842 3639 3091 3693 intrabitis
3128 3640 3180 3692 in
3231 3656 3439 3710 regnum
3486 3642 3726 3694 cartorum

2152 3730 2363 3802 (.ilattlt.
2396 3731 2449 3785 5.
2476 3730 2604 3800 ‘20);
2660 3739 2715 3784 et
2766 3745 2971 3796 rursus,
3017 3730 3196 3785 Justus
3244 3732 3429 3786 dicitur
3471 3733 3560 3802 qui
3601 3733 3728 3787 nihil

2151 3821 2295 3874 habet
2319 3820 2453 3887 quod
2491 3821 2887 3888 reprehendatur
2916 3821 2993 3891 (1.
3015 3820 3171 3874 Joan.
3201 3822 3255 3876 5.
3286 3822 3367 3890 9).
3398 3821 3531 3879 Nam
3565 3823 3618 3877 in
3643 3823 3724 3877 fo-

2153 3911 2395 3965 rensibus
2446 3912 2606 3964 etiam
2644 3911 2861 3980 judieiis
2904 3911 3054 3965 illum
3098 3911 3326 3966 dicimus
3364 3912 3583 3982 justum,
3635 3912 3725 3983 qui

2154 4002 2400 4071 injuriam
2427 4002 2635 4070 accepit
2661 4016 2759 4056 nec
2787 4001 3039 4056 reddidit.
3069 4002 3124 4056 Si
3153 4017 3282 4072 ergo
3310 4018 3409 4057 nos
3434 4018 3648 4072 quoquc
3675 4006 3724 4058 in

2155 4093 2641 4162 horrendojudicio
2669 4093 2996 4162 potuerimus
3035 4094 3171 4149 alter
3211 4094 3350 4163 apud
3395 4094 3623 4150 alterum
3653 4098 3728 4150 vi.

2152 4182 2266 4236 deri
2291 4182 2441 4251 justi,
2471 4182 2763 4252 poterimus
2794 4183 3024 4251 aliquam
3064 4184 3276 4253 assequi
3319 4183 3721 4254 benignitatem.

2153 4274 2285 4329 Nam
2332 4283 2389 4327 ut
2429 4272 2568 4341 apud
2610 4274 2772 4327 Deum
2806 4274 3020 4343 quidem
3069 4273 3364 4339 videamur,
3410 4289 3517 4328 non
3550 4285 3727 4344 potest

2155 4365 2294 4430 fieri,
2317 4363 2571 4433 quidquid
2600 4364 2996 4417 ostenderimus
3021 4381 3035 4417 :
3066 4365 3178 4434 ipse
3203 4363 3353 4418 enim
3370 4363 3491 4433 jure
3517 4378 3731 4433 semper

2154 4464 2238 4511 est
2278 4454 2554 4524 superior;
2599 4454 2735 4509 sicut
2772 4455 2933 4509 etiam
2969 4455 3098 4509 dicit
3141 4455 3420 4524 propheta,
3462 4454 3532 4508 Et
3568 4456 3728 4509 vinces

2155 4564 2271 4602 cum
2303 4547 2555 4619 judicaris
2595 4544 2769 4616 (l’sat.
2801 4546 2892 4601 50.
2926 4546 3005 4613 6).
3049 4546 3154 4601 Sed
3199 4547 3266 4612 si,
3298 4561 3416 4615 quin
3446 4547 3605 4629 inter.
3633 4561 3729 4601 nos

2155 4640 2489 4695 intercedunt
2510 4638 2650 4706 jura,
2684 4653 2791 4691 non
2831 4639 3249 4706 corruperimus,
3294 4646 3420 4692 tunc
3445 4638 3573 4707 justi
3616 4638 3726 4693 eri-

2157 4746 2276 4786 mus
2308 4748 2321 4784 :
2351 4732 2396 4784 si
2446 4729 2778 4799 potuerimus
2823 4728 3107 4781 ostendere
3147 4742 3245 4782 nos
3283 4727 3530 4796 injuriam
3573 4742 3728 4781 acce-

2157 4822 2322 4891 pisse,
2356 4829 2480 4873 tunc
2503 4819 2631 4886 justi
2663 4819 2885 4873 erimus.
2915 4817 3195 4882 Quomodo
3222 4827 3400 4871 autem
3428 4818 3508 4871 eis
3534 4816 3731 4871 indutis

2157 4925 2337 4964 rursus
2363 4908 2512 4972 dicit,
2541 4906 2866 4960 lnduintini?
2894 4908 2936 4960 Α
2965 4908 3070 4960 vita
3098 4907 3269 4975 inquit
3295 4923 3437 4961 nunc
3474 4917 3531 4961 et
3556 4907 3730 4977 operi-

2156 5002 2274 5056 bus.
2307 5000 2457 5054 Tune
2501 4997 2866 5053 indumentum
2897 4996 2995 5051 fuit
3020 5013 3049 5050 a
3080 4998 3422 5067 baptismate,
3454 5013 3598 5052 nunc
3634 5012 3729 5052 au-

2154 5101 2261 5147 tem
2292 5106 2320 5143 a
2346 5091 2465 5143 vita:
2486 5089 2704 5158 agendae
2726 5089 2933 5143 ratione
2962 5096 3017 5142 et
3044 5087 3297 5156 operibus
3325 5104 3339 5140 :
3369 5102 3477 5143 non
3503 5088 3731 5158 amplius

2156 5180 2447 5237 secundum
2494 5178 2958 5249 concupiscentias
3000 5176 3354 5246 deceptionis,
3403 5177 3498 5232 sed
3542 5193 3733 5232 secun-

2155 5272 2281 5327 dum
2310 5272 2498 5326 Deum.
2525 5269 2778 5324 Sanctum
2800 5278 2979 5323 autem
3000 5267 3128 5338 quid
3159 5271 3278 5323 est?
3304 5268 3454 5335 Quod
3477 5278 3561 5323 est
3583 5284 3734 5323 mun-

2156 5364 2302 5427 dum,
2333 5362 2472 5432 quod
2501 5361 2743 5415 debetur.
2788 5360 3074 5428 Pr0ptcrea
3120 5376 3304 5414 eorum
3334 5362 3493 5415 etiam
3520 5363 3610 5431 qui
3636 5363 3729 5416 de-

2156 5461 2434 5508 cesserunt
2467 5451 2608 5521 justa
2646 5450 2873 5504 dicimus
2906 5468 2920 5506 :
2954 5449 3057 5505 hoc
3105 5462 3207 5518 est,
3255 5450 3330 5505 De
3365 5461 3563 5507 castcro
3604 5451 3729 5507 nihil

2157 5545 2235 5598 eis
2260 5542 2452 5607 debeo,
2502 5556 2605 5594 non
2648 5557 2765 5594 sum
2795 5540 2874 5594 eis
2916 5540 3200 5594 obnoxius.
3243 5540 3333 5595 Sic
3375 5540 3608 5597 solemus
3646 5540 3727 5596 di-

2156 5648 2301 5698 cere,
2342 5635 2706 5703 ἀφωςιωσάμην,
2748 5632 2829 5686 Me
2871 5630 3083 5700 expiavi
3130 5641 3185 5685 et
3224 5631 3465 5697 absolvi,
3507 5641 3565 5687 et
3613 5647 3728 5702 qua:

2168 5731 2291 5778 sunt
2317 5721 2650 5792 hujusmodi;
2679 5722 2776 5777 hoc
2803 5731 2903 5787 cst,
2927 5719 3066 5774 Nihil
3092 5718 3277 5775 debeo.
