4218 6266
420 310 488 365 97
1010 258 1013 261 Ι
1085 299 1145 356 S.
1184 296 1474 354 JOANNIS
1510 292 1999 352 CllRYSOSTOMl
2040 287 2363 350 ARCHIEP.
2405 287 2956 348 CONSTANTINOP.
3604 287 3676 344 98

493 432 563 495 γ’.
580 427 645 480 ’Π
653 424 768 495 μῶν
789 421 966 476 τοίνυν
989 421 1102 474 ἐστὶ
1138 418 1211 490 μὴ
1227 414 1595 473 ἀποδύσασθαι
1614 415 1675 467 τὸ
1689 417 1787 486 τῆς
1803 414 2002 467 δικαιο-

428 508 593 581 σύνης
633 507 868 578 ἱμάτιον,
899 504 927 557 ὃ
956 504 1051 557 καὶ
1088 504 1117 555 0
1146 503 1435 572 Προφήτης
1485 499 1699 581 ἱμάτιον
1739 495 2005 581 σωτηρίου

429 578 605 653 καλεῖ,
651 590 738 642 ἴνα
768 587 843 657 τῷ
880 585 997 655 Θεῷ
1043 582 1415 652 ὀμοιωθῶμεν·
1454 581 1547 634 καὶ
1578 580 1686 651 γὰρ
1730 579 1891 643 αὐτὸς
1930 578 2007 632 δι-

429 671 723 737 καιοσύνην
763 669 1056 722 ἐνδέδυται.
1093 664 1263 717 Τοῦτο
1289 662 1636 733 ἐνδυσώμεθα
1680 661 1744 714 τὸ
1774 661 2008 731 ἱμάτιον.

431 755 505 805 'l‘b
529 755 604 819 δέ,
624 751 966 814 ἐνδύσασθαι,
1014 748 1166 802 οὐδὲν
1209 747 1334 801 ἄλλο
1384 746 1553 815 δηλοῖ,
1585 745 1618 817 ἢ
1651 744 1712 798 τὸ
1741 744 2011 815 μηδέποτε

431 833 748 887 ἀποθέσθαι.
774 834 974 884 ’Ἄκουε
1017 832 1124 901 γὰρ
1142 827 1236 881 τοῦ
1267 829 1554 898 Προφήτου
1583 826 1852 894 λέγοντος·
1885 826 2014 879 Ἐν-

430 918 687 970 εδύσατο
701 914 967 982 κατάραν
985 913 1063 978 ώς
1076 910 1325 980 ἱμάτιον,
1343 910 1440 963 καί
1455 909 1587 978 ἥξει
1603 908 1782 974 αὐτῷ.
1794 909 1904 961 Kal
1918 908 2016 960 πά-

432 997 537 1062 λιν,
565 998 624 1050 Ὀ
642 994 1150 1064 περιϐαλλόμενος
1179 992 1302 1061 φῶς
1331 992 1411 1057 ὡς
1431 991 1684 1060 ἱμάτιον.
1715 991 1824 1045 Kal
1856 990 2015 1044 πάλιν

433 1082 564 1149 ἡμῖν
590 1078 709 1141 ἔθος
724 1078 1015 1149 λέγεινέπὶ
1038 1077 1146 1129 τῶν
1165 1074 1465 1146 ἀνθρώπων
1488 1090 1500 1103 ·
1535 1076 1574 1128 Ο
1594 1075 1738 1127 δεῖνα
1766 1075 1855 1126 τὸν
1871 1073 2016 1126 δεῖνα

435 1148 924 1215 ἐνεδύσατο.”οστε
954 1159 1012 1212 ού
1042 1160 1170 1229 μίαν
1199 1159 1410 1230 ἡμέραν
1441 1157 1562 1210 οὐδὲ
1605 1157 1866 1228 δευτέραν
1896 1156 2018 1209 ούδέ

436 1246 646 1315 τρίτην,
678 1243 812 1296 ἀλλὰ
844 1242 1134 1306 διαπαντὸς
1165 1244 1312 1313 ἡμᾶς
1340 1240 1586 1313 βούλεται
1629 1236 1770 1293 εἶναι
1799 1240 1857 1293 ἐν
1891 1239 2019 1310 ἀρε-

438 1330 528 1397 τῇ,
567 1325 661 1378 καὶ
685 1324 952 1395 μηδέποτε
979 1325 1216 1394 γυμνοὺς
1240 1316 1378 1377 εἶναι
1407 1321 1501 1375 τοῦ
1553 1320 1768 1392 ἱματίου
1802 1321 2017 1375 τούτου.

442 1409 517 1460 υύ
548 1409 654 1478 γὰρ
678 1405 850 1469 ούτως
876 1407 1161 1475 ἄνθρωπος
1221 1407 1519 1475 ἀσχημονεῖ
1570 1403 1776 1475 γυμνὸς
1836 1402 1911 1456 ὢν
1960 1403 2021 1455 τὸ

446 1490 624 1560 σῶμα,
653 1489 727 1552 ὡς
758 1488 962 1559 γυμνὸς
1002 1487 1078 1541 ὢν
1110 1487 1205 1558 τὴν
1232 1488 1452 1557 ἀρετήν.
1498 1486 1761 1541 Ἐνταῦθα
1790 1486 1952 1541 αὑτὸν
1972 1487 2021 1539 οἱ

443 1571 722 1641 ὁμόδουλοι
771 1570 1061 1640 βλέπουσιν
1113 1569 1548 1640 ἀσχημονοῦντα,
1602 1570 1720 1622 ἐκεῖ
1754 1568 1810 1620 δὲ
1865 1570 1893 1621 0
1925 1571 2024 1620 As-

447 1653 652 1724 σπότης
687 1654 780 1706 καὶ
805 1655 855 1705 οί
883 1652 1123 1720 ἄγγελοι.
1164 1654 1261 1704 Ἂν
1282 1647 1374 1704 οὖν
1397 1668 1516 1704 τινα
1557 1649 1694 1721 ῖδῃς,
1728 1650 1853 1703 είπέ
1911 1664 2024 1719 μοι,

445 1737 651 1805 γυμνὸν
672 1735 759 1788 διά
783 1736 881 1804 τῆς
915 1736 1120 1804 ἀγορᾶς
1156 1733 1431 1804 προϊόντα,
1457 1733 1578 1802 οὐχὶ
1607 1733 1823 1801 ἁλγεῖς;
1860 1732 2026 1785 Ὅταν

445 1815 538 1872 οὖν
569 1819 632 1871 σὺ
660 1818 862 1888 γυμνὸς
880 1816 973 1870 τοῦ
994 1817 1206 1887 ἱματίου
1223 1815 1411 1868 τούτου
1439 1816 1663 1886 τρέχῃς,
1686 1815 1740 1867 τί
1763 1814 2022 1886 ἐροῦμεν;

447 1901 560 1969 Οὐχ
582 1900 712 1971 ὁρᾷς
739 1899 959 1962 τούτους
982 1901 1107 1961 τοὺς
1154 1897 1600 1968 προσαιτοῦντας,
1638 1897 1733 1958 οὓς
1776 1896 2026 1964 λώταγας

447 1985 579 2053 ἡμῖν
596 1981 716 2045 ἔθος
736 1980 945 2045 καλεῖν,
963 1981 1078 2044 πῶς
1096 1980 1360 2051 περιίασι,
1383 1979 1498 2041 πῶς
1515 1981 1607 2032 καὶ
1627 1979 1823 2044 αὐτοὺς
1843 1979 2025 2032 ἐλεοῦ-

450 2081 580 2135 μεν;
635 2064 773 2117 ’Δλλ’
807 2064 953 2134 ὅμως
999 2063 1208 2126 τούτοις
1251 2063 1371 2116 οὐδὲ
1420 2061 1716 2132 συγγνώμη
1744 2062 1827 2125 τίς
1860 2064 2023 2114 ἐστιν’

447 2146 571 2200 ούδέ
599 2146 708 2217 γὰρ
734 2147 1179 2215 συγγινώσκομεν
1210 2145 1414 2207 αὐτοῖς,
1437 2145 1563 2197 ὅταν
1581 2144 1898 2206 κυϐεύοντες
1912 2144 2031 2195 ἐαυ-

448 2228 556 2280 τῶν
581 2228 650 2280 τά
682 2228 871 2297 ἱμάτια
896 2227 1220 2281 ἁπολλύωσι.
1255 2226 1378 2288 Πῶς
1407 2223 1499 2278 οὖν
1533 2227 1663 2295 ἡμῖν
1682 2228 1710 2278 0
1737 2224 1867 2287 Θεὸς
1898 2240 2031 2293 συγ-

451 2311 719 2376 γνώσεται
751 2310 811 2361 τδ
852 2311 1066 2378 ἱμάτιον
1104 2307 1262 2360 τοῦτο
1284 2307 1643 2372 ἀπολέσασιν;
1681 2308 1849 2359 Ὅταν
1875 2308 1984 2378 γὰρ
2004 2308 2031 2359 0

450 2390 693 2453 διάϐολος
720 2391 805 2462 ῖδῃ
827 2391 1029 2460 γυμνὸν
1052 2388 1251 2460 ἀρετῆς
1281 2405 1423 2449 τινα,
1444 2388 1644 2450 εὐθέως
1691 2386 1784 2440 καὶ
1815 2387 2035 2440 ἀσϐολοῖ

455 2473 550 2525 καὶ
579 2474 817 2541 ἀμαυροῖ
846 2471 908 2523 τὸ
946 2471 1258 2537 πρόσωπον,
1284 2471 1379 2522 καὶ
1401 2468 1716 2539 τιτρώσκει,
1740 2469 1836 2521 καὶ
1861 2469 2031 2537 ἀναγ-

455 2552 613 2617 κάζει
641 2553 849 2622 μεγάλα
872 2566 920 2606 ι.
953 2553 1153 2623 Γυμνοὶ
1184 2549 1471 2621 γενώμεθα
1494 2550 1809 2620 χρημάτων,
1841 2550 1927 2603 ἵνα
1960 2551 2033 2620 μὴ

455 2634 831 2704 γυμνωθῶμεν
856 2632 962 2686 ἀπὸ
1003 2632 1365 2702 δικαιοσύνης
1404 2632 1571 2702 ἡτῶν
1614 2631 1914 2701 χρημάτων
1944 2649 2038 2684 πε-

460 2716 649 2787 ριϐολὴ
679 2716 838 2768 τοῦτο
887 2714 1207 2786 λυμαίνεται
1258 2715 1318 2767 τὸ
1363 2715 1595 2785 ίμάτιον⁶
1631 2713 1885 2766 ἀκανθῶν
1923 2715 2036 2765 ἐστι

458 2798 740 2869 περιϐολή.
798 2798 1052 2850 Τοιαῦταί
1102 2799 1237 2851 είσιν
1285 2798 1339 2851 αἱ
1387 2795 1637 2861 ἄκανθαι,
1682 2798 1774 2848 καὶ
1802 2796 1911 2865 ὅσῳ
1972 2795 2039 2849 ἂν

462 2879 709 2943 πλείονας
744 2878 1190 2950 περιϐαλώμεθα,
1225 2877 1462 2949 τοσούτῳ
1493 2877 1691 2948 μᾶλλον
1726 2878 2037 2948 γυμνούμε-

459 2962 549 3016 θα.
597 2961 663 3013 Ἢ
698 2962 952 3029 ἀσέλγεια
980 2963 1174 3032 γυμνοί
1202 2959 1294 3012 τοῦ
1318 2959 1528 3030 ἱματίου
1554 2959 1766 3013 τούτου·
1797 2959 1909 3031 πῦρ
1931 2959 2039 3030 γάρ

459 3047 597 3108 ἐστι,
630 3043 692 3096 τὸ
715 3043 771 3097 δὲ
801 3044 915 3114 πῦρ
955 3042 1286 3098 ἀναλωτικδν
1314 3042 1407 3094 τοῦ
1449 3042 1663 3111 ἱματίου
1685 3041 1896 3097 τούτου.
1933 3044 2040 3113 Σής

461 3131 610 3181 ἐστιν
633 3128 661 3180 0
690 3125 935 3190 πλοῦτοςο
961 3126 1209 3195 καθάπερ
1235 3127 1263 3178 0
1307 3125 1406 3194 σὴς
1436 3126 1615 3178 πάντα
1638 3123 1927 3197 διατρώγει
1949 3127 2042 3178 καὶ

461 3210 584 3262 ούδέ
611 3208 719 3262 τῶν
755 3208 993 3279 σηρικῶν
1047 3208 1309 3276 φείδεται,
1365 3205 1507 3259 ούτω
1536 3207 1631 3259 καὶ
1652 3202 1822 3271 οὗτος.
1860 3209 2043 3261 Πάντα

460 3292 639 3345 τοίνυν
671 3292 840 3344 ταῦτα
869 3289 1218 3361 ἀποθώμεθα,
1275 3291 1362 3343 ἵνα
1388 3288 1673 3360 γενώμεθα
1696 3290 1915 3355 δίκαιοι,
1956 3290 2042 3342 ἵνα

462 3374 811 3444 ἐνδυσώμεθα
864 3372 956 3427 τὸν
1001 3374 1184 3426 καινὸν
1244 3372 1549 3444 ἄνθρωπον.
1590 3373 1770 3443 Μηδὲν
1794 3373 2041 3438 παλαιὸν,

467 3457 633 3528 μηδὲν
664 3457 1008 3527 φαινόμενον,
1066 3456 1231 3527 μηδὲν
1282 3455 1635 3525 φθειρόμενον
1703 3456 2040 3525 κατέχωμεν.

467 3538 581 3591 Οὐκ
608 3537 753 3591 ἐστιν
784 3541 818 3609 ἡ
869 3538 1039 3610 ἁρετὴ
1069 3539 1346 3603 ἐπίπονος,
1395 3538 1495 3590 οὐκ
1525 3536 1640 3589 ἔστι
1670 3537 2045 3610 δυσκατόρθω-

465 3633 579 3680 τος.

539 3757 654 3827 Οὐχ
689 3757 822 3827 ὁρᾷς
846 3758 971 3819 τοὺς
1001 3757 1060 3811 ἐν
1105 3759 1218 3821 τοῖς
1247 3757 1468 3827 δρεσινς
1527 3757 1725 3809 ἐκεῖνοι
1752 3758 1846 3811 καὶ
1869 3758 2045 3822 οίκίας

470 3841 664 3909 ἀφιᾶσι
685 3842 778 3892 καὶ
799 3842 1059 3908 γυναῖκας
1079 3841 1173 3895 καὶ
1196 3840 1385 3902 παῖδας
1413 3839 1508 3892 καὶ
1548 3839 1879 3910 προστασίαν
1906 3840 2047 3894 ἁπα-

473 3940 592 3984 σαν,
622 3924 714 3975 καὶ
739 3922 896 3985 ἐκτὸς
918 3923 1143 3984 ἐαυτοὺς
1171 3921 1265 3975 τοῦ
1288 3922 1492 3991 κόσμου
1519 3921 1896 3992 ποιησάμενοι,
1917 3923 2048 3977 σάκ-

473 4024 567 4060 κον
604 4007 971 4078 περιθέμενοι,
1003 4007 1198 4061 σποδὸν
1225 4007 1731 4077 ὑποστρωσάμενοι,
1760 4005 1916 4060 κλοιά
1938 4008 2047 4061 τῶν

469 4089 756 4160 τραχήλων
794 4089 1210 4162 ἐξαρτήσαντες,
1254 4092 1312 4143 ἐν
1355 4090 1585 4159 οἰκίσκῳ
1640 4088 1821 4160 μικρῷ
1880 4089 2041 4143 καταί

471 4174 782 4236 κλείσαντες
823 4175 1070 4237 ἑαυτοὺς,
1124 4171 1243 4224 οὺδέ
1296 4171 1462 4242 μέχρι
1511 4171 1717 4223 τούτων
1779 4172 2044 4239 ῖστανται,

471 4254 719 4308 ἀλλὰκαὶ
755 4255 1025 4324 νηστείαις
1051 4254 1145 4308 καὶ
1198 4252 1340 4324 λιμῷ
1370 4253 1604 4322 διηνεκεῖ
1645 4257 2048 4309 κατατείνουσιν

473 4335 717 4399 ἑαυτούς.
742 4337 805 4389 El
840 4335 1066 4390 τοιαῦτα
1090 4337 1382 4390 ἐπέταττον
1402 4335 1497 4390 νῦν
1521 4334 1649 4405 ἐγὼ,
1668 4337 1767 4390 οὐκ
1792 4338 1857 4391 ἂν
1880 4339 2050 4394 ἃπαν-

470 4436 560 4483 τες
581 4417 830 4488 ἁπεπηδή
840 4434 966 4471 σατε
983 4435 996 4483 ;
1015 4419 1113 4471 οὑκ
1134 4418 1199 4471 ἂν
1218 4419 1407 4471 εἴπατε
1428 4418 1487 4471 τὸ
1505 4420 1738 4490 πρᾶγμα
1759 4422 2044 4492 φορτικόν;

473 4500 607 4553 Ούδέ
638 4500 875 4554 τοιοῦτόν
903 4518 1043 4572 φημι
1077 4501 1186 4554 δεῖν
1233 4504 1423 4555 ποιεῖν’
1458 4501 1717 4571 βούλομαι
1763 4502 1913 4576 [100]
1949 4506 2048 4575 μὲν

472 4584 601 4653 γὰρ,
630 4583 768 4652 πλὴν
792 4584 854 4636 οὐ
895 4583 1190 4653 νομοθετῶ.
1225 4583 1383 4635 um
1412 4583 1466 4635 τί
1491 4600 1506 4649 ς
1552 4585 1661 4636 Kal
1684 4584 1927 4655 λουτροῖς
1956 4589 2049 4640 κέ-

474 4682 665 4736 χρησο,
679 4667 849 4719 καὶτὸ
869 4667 1028 4734 σῶμα
1045 4664 1336 4734 θεράπευε,
1355 4666 1448 4717 καὶ
1471 4667 1547 4728 εἱς
1565 4667 1769 4736 ἀγορὰν
1793 4668 2046 4738 ἔμϐαλλε,

476 4748 569 4801 καὶ
625 4747 801 4800 οίκίαν
853 4746 973 4816 έχε,
1025 4748 1121 4799 καί
1177 4746 1443 4809 διακόνοις
1470 4747 1756 4814 διακονοῦ,
1809 4751 1901 4803 καὶ
1934 4752 2050 4822 χρῶ

477 4830 665 4894 σιτίοις
684 4828 776 4881 καί
799 4831 1002 4890 ποτοῖς
1044 4827 1319 4898 πανταχοῦ
1342 4828 1438 4898 τὴν
1468 4829 1778 4894 πλεονεξίαν
1798 4832 2047 4888 ἔκϐαλλε.

489 4913 700 4984 Ἐκείνη
725 4912 835 4983 γάρ
866 4914 1013 4965 ἐστιν
1046 4913 1080 4983 ἡ
1106 4912 1205 4982 τὴν
1237 4912 1511 4983 ἁμαρτίαν
1539 4913 1787 4980 ποιοῦσα,
1843 4918 1937 4970 καὶ
1991 4920 2052 4972 τὸ

477 4997 609 5050 αὐτὸ
632 4999 863 5068 πρᾶγμα
884 4996 1178 5059 πλεονάζον
1198 4997 1440 5067 ἁμαρτία
1465 4996 1703 5065 γέγονεν.
1722 4999 1884 5052 Ὥστε
1900 5000 2052 5056 οὐδὲν

475 5079 660 5148 ’ἐτερόν
690 5081 894 5151 ἐστινὴ
945 5079 1245 5146 πλεονεξία,
1304 5080 1337 5149 ἢ
1393 5080 1655 5151 ἁμαρτία.
1703 5082 1811 5135 Kal
1835 5082 1955 5155 δρα·
1994 5086 2052 5138 '0

481 5159 649 5230 θυμὸς
674 5161 799 5213 ὅταν
844 5163 1004 5216 πλέον
1039 5162 1134 5217 τοῦ
1166 5163 1377 5226 δέοντος
1406 5162 1624 5233 κινηθῇ,
1649 5164 1771 5217 τότε
1803 5165 2053 5235 ἐκπηδῶν

479 5242 819 5313 λοιδορεῖται,
858 5245 975 5297 τότε
1007 5246 1204 5310 ἀδίκως
1227 5247 1404 5301 πάντα
1456 5251 1615 5300 ποιεῖ’
1673 5250 1702 5302 0
1732 5247 1841 5303 τῶν
1871 5251 2054 5319 σωμά-

483 5343 589 5378 των
629 5327 791 5396 ἐρως,
820 5328 848 5379 0
880 5327 987 5379 τῶν
1013 5331 1331 5398 χρημάτων,
1357 5333 1389 5384 0
1410 5330 1508 5401 τῆς
1535 5328 1693 5402 δόξης
1711 5374 1728 5399 ,
1774 5334 1803 5385 0
1823 5333 1929 5386 τῶν
1957 5333 2052 5387 ἀλ-

482 5415 587 5469 λων
616 5417 887 5472 ἁπάντων.
920 5419 1031 5472 Kal
1079 5421 1151 5489 μή
1189 5437 1279 5491 μοι
1322 5422 1503 5493 εἴπης,
1526 5424 1607 5476 ὅτι
1635 5426 1829 5478 ἐκεῖνοι
1856 5424 2049 5495 ἠδυνή-

491 5668 501 5678 η
545 5606 561 5627 ⁸
601 5608 782 5679 Dunng
806 5608 1135 5672 supplendum
1174 5608 1367 5661 videtur
1405 5609 1601 5672 aliquod
1637 5612 1860 5675 verbum,
1905 5627 1949 5663 γ.
1978 5628 2049 5677 3.,

481 5684 539 5713 οισ
548 5684 767 5730 χημονειν

2112 411 2301 483 θησαν·
2329 410 2508 466 πολλοὶ
2525 411 2632 482 γάρ
2664 410 2842 482 πολλῷ
2880 402 3256 481 ἀσθενέστεροί
3283 426 3376 463 σου
3404 408 3495 461 καὶ
3522 408 3683 462 πλου-

2112 493 2473 566 σιώτεροικαὶ
2511 492 2912 564 τρυφερώτεροι
2957 492 3047 544 τὸν
3083 491 3317 562 σκληρὸν
3355 493 3559 544 ἐκεῖνον
3592 492 3684 543 καὶ

2110 579 2316 647 τραχὺν
2355 577 2671 641 ἀνεδέξαντο
2698 577 2827 647 βίον.
2865 576 2972 628 Kal
2999 574 3051 627 τί
3086 575 3229 643 λέγω
3261 575 3494 645 ἅνδραςς
3526 573 3685 644 κόραι

2111 659 2351 713 εἰκοστὸν
2381 661 2498 722 ἔτος
2532 659 2684 712 οὔπω
2739 659 3055 729 γενόμεναι,
3112 659 3170 711 ἐν
3225 657 3487 727 θαλάμοις
3514 656 3607 708 καὶ
3628 657 3687 707 ἐν

2114 742 2439 813 σκιατροφίᾳ
2452 742 2547 795 τὸν
2563 741 2777 795 ἅπαντα
2788 740 3162 794 διατελέσασαι
3175 741 3386 811 χρόνον,
3401 737 3508 811 [ἐν]
3524 736 3688 791 θαλά-

2118 842 2239 894 μοις
2269 825 2455 895 μύρων
2508 824 2776 895 γέμουσαι
2828 826 2921 878 καὶ
2964 824 3345 894 θυμιαμάτων,
3376 823 3469 875 ἐπὶ
3516 838 3689 892 στρω-

2118 907 2254 978 μνῆς
2282 906 2496 979 ἁπαλῆς
2548 908 2959 977 κατακείμεναι,
3011 907 3217 960 ἁπαλαί
3268 908 3362 959 καὶ
3393 904 3553 959 αὐταὶ
3589 904 3690 973 τὴν

2117 990 2296 1057 φύσιν,
2327 990 2421 1042 καὶ
2447 992 2513 1061 τῇ
2544 990 2709 1060 πολλῇ
2745 989 3010 1060 θεραπείᾳ
3040 987 3428 1059 μαλακώτεραι
3465 988 3691 1056 γινόμε-

2116 1090 2225 1136 ναι,
2249 1072 2336 1125 διὰ
2372 1074 2469 1141 τῆς
2491 1073 2703 1143 ἡμέρας
2730 1075 2909 1142 πάσης
2943 1071 3092 1125 οὐδὲν
3122 1072 3308 1143 ἕτερον
3340 1071 3500 1141 ἔργον
3542 1070 3693 1140 έχου-

2120 1171 2230 1219 σαι,
2261 1154 2295 1222 ἢ
2322 1155 2380 1207 τό
2401 1153 2838 1218 καλλωπίζεσθαι
2861 1154 2957 1207 καὶ
2981 1156 3339 1224 χρυσοφορεῖν
3368 1153 3463 1206 καὶ
3481 1149 3692 1221 τρυφῆς

2120 1236 2411 1290 ἀπολαύειν
2439 1237 2661 1306 πολλῆς,
2701 1237 2822 1291 ούδέ
2852 1234 3692 1307 ἐαυταῖςδιακονούμεναι,ἀλλὰ

2123 1318 2318 1383 πολλὰς
2348 1318 2567 1389 ἔχουσαι
2594 1319 2693 1382 τὰς
2721 1319 3106 1389 θεραπαινίδας
3132 1319 3230 1383 τὰς
3258 1316 3693 1390 παρεστηκυὶας,

2123 1400 2313 1471 ἱμάτια
2338 1401 2554 1471 ἔχουσαι
2602 1401 2820 1472 μαλακά
2877 1401 2970 1455 τοῦ
3004 1401 3255 1471 σώματος
3313 1399 3693 1471 μαλακώτερα,

2122 1483 2322 1547 λεπτάς
2354 1483 2543 1545 ὀθόνας
2575 1483 2668 1536 καὶ
2691 1483 2988 1554 τρυφερᾶς,
3021 1484 3078 1536 ὲν
3108 1484 3277 1555 ῥόδοις
3305 1484 3400 1536 καὶ
3442 1485 3562 1546 ταῖς
3586 1499 3696 1536 τοις

2125 1567 2315 1631 αύταις
2361 1565 2608 1628 εὐωδίαις
2653 1566 2917 1638 διηνεκῶς
2975 1567 3400 1637 ἀσχολούμεναι’
3445 1559 3605 1620 αὗται
3631 1564 3698 1637 δὴ

2126 1649 2381 1718 ἐξαίφνης
2397 1649 2473 1718 τῷ
2494 1649 2628 1718 πυρὶ
2645 1648 2932 1719 ληφθεῖσαι
2961 1648 3053 1702 τοῦ
3074 1651 3331 1720 Χριστοῦ,
3359 1651 3539 1703 πᾶσαν
3560 1648 3700 1701 ἐκεί-

2127 1749 2224 1800 νην
2246 1731 2651 1800 ἀποδυσάμεναι
2708 1730 2805 1802 τὴν
2850 1731 3106 1800 βλακείαν
3140 1733 3234 1784 καὶ
3264 1732 3356 1785 τὸν
3381 1732 3571 1799 τῦφον,
3604 1731 3701 1784 καὶ

2127 1815 2336 1885 τρυφῆς
2387 1813 2480 1866 καὶ
2539 1812 2755 1883 ἡλικίας
2807 1813 3221 1884 ἐπιλαϐόμεναι,
3272 1814 3522 1883 καθάπερ
3557 1812 3702 1877 τινές

2129 1896 2356 1966 ἀθληταὶ
2399 1894 2731 1964 γενναῖοιτὰ
2766 1896 2980 1966 μαλακὰ
3035 1899 3218 1950 ἐκεῖνα
3272 1897 3698 1964 ἀποδυσάμεναι,

2129 1979 2208 2041 είς
2261 1978 2455 2047 μέσους
2503 1977 2763 2045 ἐνέϐησαν
2810 1979 2934 2040 τοὺς
2974 1978 3207 2046 ἀγῶνας.
3266 1981 3375 2032 Kal
3418 1979 3546 2041 ἴσως
3603 1975 3702 2047 μὲν

2130 2061 2332 2114 ἄπιστα
2394 2058 2531 2123 δόξω
2582 2062 2750 2130 ἐρεῖν,
2809 2060 2947 2129 πλὴν
3001 2060 3113 2114 ἀλλ’
3143 2062 3339 2131 ἀληθῆ.
3386 2061 3603 2123 Ταύτας
3637 2059 3703 2131 δὴ

2128 2142 2225 2205 τὰς
2250 2143 2421 2206 οὕτως
2451 2143 2662 2206 ἁπαλάς
2704 2144 2871 2214 κόρας
2905 2144 3111 2213 ηκουσα
3152 2145 3283 2213 ἐγὼ,
3315 2146 3399 2198 ὅτι
3451 2147 3532 2207 εἱς
3577 2160 3703 2197 τοσ-

2130 2224 2299 2295 αύτην
2341 2224 2760 2294 σκληραγωγίαν
2804 2225 2998 2289 ἑαυτὰς
3036 2225 3262 2295 ἤγαγον,
3293 2227 3369 2289 ώς
3402 2226 3470 2279 τά
3498 2224 3705 2296 τραχύ.

2130 2322 2262 2377 τερα
2282 2305 2393 2357 τῶν
2439 2305 2689 2377 τριχίνων
2743 2305 3056 2377 περιθέσθαι
3086 2308 3292 2360 ἑαυτῶν
3340 2310 3452 2370 τοῖς
3492 2305 3704 2377 σώμασι

2132 2389 2596 2457 γεγυμνωμένοις,
2657 2388 2751 2441 καὶ
2797 2389 3160 2459 ἀνυποδήτους
3203 2384 3462 2452 εἷναιτάς
3494 2388 3706 2454 ἁπαλάς

2134 2470 2368 2539 πτέρνας
2396 2470 2631 2534 ἐκείνας,
2653 2470 2749 2523 καὶ
2772 2472 2865 2523 ἐπὶ
2888 2470 3135 2535 στιϐάδος
3162 2472 3543 2525 κατακεῖσθαι·
3574 2470 3707 2541 μᾶλ-

2133 2551 2222 2605 λον
2246 2551 2303 2604 δέ
2329 2551 2389 2603 τὸ
2408 2552 2568 2603 πλέον
2596 2553 2956 2623 ἐγρηγορέναι
2983 2553 3080 2622 τῆς
3109 2554 3321 2616 νυκτὸς,
3339 2555 3430 2607 καὶ
3453 2551 3577 2606 οὔτε
3609 2551 3708 2623 μύ-

2137 2650 2254 2702 ρου,
2282 2630 2406 2685 οὔτε
2454 2633 2614 2687 ἄλλου
2638 2634 2782 2697 τινὸς
2819 2635 2925 2687 τῶν
2960 2635 3204 2688 παλαιῶν
3230 2636 3484 2708 πρόνοιαν
3536 2637 3707 2688 ποιεῖ-

2137 2714 2280 2780 σθαι,
2304 2714 2439 2766 ἁλλά
2465 2717 2558 2768 καὶ
2609 2715 2708 2786 τὴν
2765 2715 2909 2769 οὕτω
2956 2716 3401 2787 θεραπευομένην
3462 2716 3708 2786 κεφαλὴν

2135 2796 2471 2867 ἀτημέλητον
2499 2797 2664 2866 ἔχειν,
2698 2797 2883 2861 ἁπλῶς
2926 2801 3020 2852 καὶ
3050 2800 3173 2869 είκῆ
3219 2800 3316 2863 τὰς
3339 2801 3531 2871 τρίχας
3561 2799 3707 2853 ἐνδε-

2134 2878 2386 2948 δεμένην,
2417 2879 2557 2932 ὥστε
2601 2878 2676 2949 μὴ
2721 2881 2798 2942 είς
2828 2881 3213 2950 ἀσχημοσύνην
3255 2885 3535 2951 ἐμπεσεῖν.
3569 2882 3711 2953 Τρά-

2136 2960 2278 3024 πεζα
2313 2960 2369 3013 δὲ
2397 2962 2588 3023 αὐταῖς
2625 2963 2772 3014 ἐστιν
2804 2962 3061 3033 ἐσπερινὴ
3125 2964 3281 3034 μόνη,
3314 2965 3563 3035 τράπεζα
3590 2963 3709 3018 οὐδὲ

2137 3041 2367 3112 λαχάνου
2385 3042 2502 3095 οὐδέ
2531 3043 2717 3113 ἀρτου,
2746 3042 2881 3097 ἀλλά
2925 3044 3200 3114 σεμίδαλις
3231 3047 3323 3099 καὶ
3352 3047 3562 3117 κύαμος
3618 3048 3710 3100 καὶ

2138 3123 2432 3196 ἐρέϐινθος,
2488 3126 2581 3177 καὶ⁸
2618 3126 2773 3178 ἐλαία
2830 3126 2923 3179 καὶ
2970 3127 3144 3180 σῦκαο
3202 3129 3296 3181 καὶ
3318 3128 3710 3200 ταλασιουργίκ

2138 3209 2388 3283 διηνεκὴς
2413 3211 2505 3264 καὶ
2535 3210 2644 3263 τῶν
2669 3211 2808 3264 οἴκοι
2838 3211 3227 3282 θεραπαινίδων
3257 3213 3392 3285 ἔργα
3419 3215 3598 3286 πολλῷ
3610 3234 3710 3288 χα-

2139 3291 2440 3361 λεπώτερα.
2473 3293 2536 3345 Τί
2582 3294 2688 3363 γάρ
2712 3311 2726 3359 ;
2754 3294 2853 3356 τὰς
2901 3295 3215 3362 καμνούσας
3256 3298 3321 3350 10
3353 3297 3513 3367 σῶμα
3543 3297 3707 3369 θεραο

2142 3375 2326 3427 πεύειν
2346 3375 2679 3441 ἀνεδέξαντο,
2696 3378 2791 3439 τὰς
2806 3376 2989 3438 κλίνας
3004 3376 3390 3446 βαστάζουσαι,
3405 3383 3531 3444 τοὺς
3548 3382 3712 3445 πόδας

2142 3456 2448 3510 νίπτουσαι·
2475 3457 2664 3509 πολλαὶ
2713 3456 2770 3509 δέ
2816 3458 2998 3512 αὐτῶν
3041 3462 3135 3513 καὶ
3178 3462 3584 3533 μαγειρεύουσι.
3614 3464 3713 3517 Το-

2144 3538 2314 3591 σαῦτα
2337 3538 2554 3592 δύναται
2584 3539 2677 3592 τοῦ
2711 3540 2946 3610 Χριστοῦ
2968 3542 3029 3595 τὸ
3055 3541 3185 3613 πῦρ·
3209 3543 3350 3596 οὓτω
3379 3544 3472 3597 καὶ
3501 3545 3712 3613 φύσεως

2140 3621 2409 3693 ἀνώτερον
2438 3624 2470 3689 ἡ
2507 3622 2806 3691 προθυμία,
2855 3624 3001 3694 Πλὴν
3034 3623 3148 3677 ἀλλ’
3174 3624 3324 3679 οὐδὲν
3342 3626 3580 3681 τοιοῦτον
3604 3626 3710 3695 ἐγὼ

2144 3703 2284 3773 ὑμᾶς
2305 3703 2542 3769 ἀπαιτῶ,
2571 3704 2758 3775 ἐπειδὴ
2788 3704 3042 3775 βούλεσθε
3074 3708 3507 3779 παρελαύνεσθαι
3562 3711 3711 3781 παρά

2143 3784 2434 3853 γυναικῶν.

2214 3866 2328 3937 μοι
2343 3865 2359 3938 ]
2376 3867 2440 3920 δ’.
2460 3866 2579 3919 Κᾶν
2605 3866 2734 3937 γοῦν
2749 3868 2850 3922 ὃσα
2868 3873 2941 3947 μὴ
2966 3871 3217 3944 φορτικὰ,
3230 3872 3402 3927 ταῦτα
3423 3872 3712 3943 πράττετε,

2143 3949 2323 4019 χειρὸς
2354 3951 2602 4018 κρατεῖτε
2628 3949 2722 4003 καὶ
2752 3953 3066 4007 ἀκολάστων
3091 3955 3403 4026 ὀφθαλμῶν.
3423 3956 3488 4008 Τί
3515 3954 3711 4010 δύσκο-

2144 4032 2255 4097 λον,
2279 4032 2397 4083 εἱπέ
2430 4048 2541 4101 μοι,
2567 4032 2620 4084 τί
2639 4033 2928 4105 δυσχερές;
2958 4036 3150 4091 Δίκαια
3172 4039 3458 4109 πράττετε,
3512 4039 3714 4110 μηδένα

2146 4113 2401 4178 ἀδικεῖτε,
2439 4113 2572 4184 μήτε
2603 4116 2632 4167 0
2653 4116 2841 4184 πένης,
2876 4119 3010 4189 μήτε
3037 4120 3065 4171 0
3090 4120 3361 4184 πλούσιος,
3385 4122 3522 4192 μήτε
3540 4123 3569 4173 ὁ
3588 4123 3714 4190 ἀγο-

2150 4199 2317 4267 ραῖος,
2348 4199 2484 4267 μήτε
2511 4199 2539 4249 0
2573 4197 2858 4267 μισθωτός·
2879 4200 2991 4253 ἐστι
3013 4200 3120 4273 γάρ
3154 4204 3248 4256 καὶ
3275 4205 3438 4275 μέχρι
3466 4205 3716 4274 πενήτων

2145 4278 2356 4332 ἀδικίαν
2392 4278 2636 4333 διελθεῖν.
2674 4281 2741 4333 Ἢ
2789 4282 2886 4351 οὐχ
2911 4283 3075 4354 ὁρᾶτε
3126 4285 3299 4349 πόσας
3361 4279 3507 4339 οὗτοι
3540 4288 3717 4359 μάχας

2145 4361 2381 4423 ποιοῦσι,
2433 4362 2527 4414 καὶ
2578 4364 2755 4416 πάντα
2786 4365 3191 4435 ἀνατρέπουσις
3250 4368 3503 4440 Κέχρησο
3531 4371 3715 4440 γάμῳ,

2147 4443 2235 4515 ἔχε
2261 4444 2471 4507 παῖδας·
2498 4445 2593 4497 καὶ
2623 4444 2832 4508 Παῦλος
2854 4447 3113 4513 τοιούτοις
3134 4450 3421 4513 ἐπέταττε,
3461 4452 3719 4514 τοιούτοις

2148 4529 2375 4600 ἔγραφε.
2404 4527 2591 4597 Μέγας
2613 4529 2818 4592 ἐκεῖνος
2849 4530 2877 4579 0
2901 4530 3072 4597 ἀγὼν,
3108 4533 3201 4586 καὶ
3227 4533 3428 4603 ὑψηλὸς
3459 4537 3488 4589 0
3519 4535 3718 4588 σκόπεο

2148 4611 2259 4673 λος,
2289 4610 2383 4663 καὶ
2410 4610 2575 4678 ἐγγὺς
2596 4609 2688 4663 τοῦ
2722 4611 2780 4663 οὐ
2791 4610 2952 4680 ρανοῦ
2974 4615 3008 4683 η
3033 4615 3265 4684 κορυφὴ,
3291 4617 3387 4669 καὶ
3407 4618 3469 4670 ού
3492 4616 3718 4670 δύνασαι

2150 4692 2352 4761 φθάσαι
2375 4693 2508 4763 πρὸς
2545 4692 2605 4745 τὸ
2644 4694 2813 4762 μέγας
2873 4694 3079 4747 Οὐκοῦν
3133 4695 3235 4749 κᾶν
3263 4696 3371 4750 τῶν
3425 4698 3722 4755 ἐλαττόνων

2150 4776 2295 4845 ἔχου.
2326 4777 2418 4828 καὶ
2450 4775 2556 4828 τῶν
2596 4777 2919 4846 κατωτέρων
2950 4778 3153 4846 ἐφίεσο.
3184 4780 3259 4833 υύ
3291 4780 3517 4836 δύνασαι
3551 4782 3721 4836 κενῶ-

2152 4874 2240 4910 σαι
2270 4857 2337 4909 τά
2358 4858 2645 4927 χρήματας
2684 4856 2785 4912 κᾶν
2805 4857 2873 4911 τά
2893 4858 3000 4910 τῶν
3029 4860 3203 4914 ἀλλων
3229 4862 3303 4934 μὴ
3334 4863 3567 4933 ἅρπαζε,
3590 4864 3723 4934 μηδὲ

2150 4939 2343 4992 ἀδίκει.
2379 4939 2453 4991 υύ
2483 4939 2709 4993 δύνασαι
2761 4939 3087 5009 νηστεῦσαι;
3120 4943 3220 4997 κᾶν
3267 4945 3345 5015 μὴ
3376 4947 3456 5009 είς
3511 4947 3721 5016 τρυφὴν

2153 5021 2376 5074 σεαυτὸν
2409 5020 2707 5092 ἐξαγάγῃς,
2729 5023 2804 5074 Ού
2826 5022 3051 5077 δύνασαι
3072 5024 3164 5078 ἐπὶ
3195 5027 3441 5089 στιϐάδος
3465 5028 3722 5080 κατακλι-

2153 5104 2338 5173 οῆναι;
2374 5106 2447 5176 μή
2478 5122 2567 5176 μοι
2615 5106 2801 5168 κλίνας
2838 5108 3263 5178 ἀργυρενδέτους
3321 5110 3720 5176 κατασκεύαζε,

2153 5188 2288 5240 ἀλλά
2310 5187 2547 5259 κέχρησο
2572 5188 2729 5260 κλίνῃ
2756 5191 2851 5241 καὶ
2882 5190 3162 5261 στρώμασι
3197 5194 3272 5263 μὴ
3310 5195 3444 5265 πρὸς
3464 5194 3724 5261 ἐπίδειξιν

2155 5279 2560 5349 πεποιημένοις,
2594 5280 2728 5333 ἀλλὰ
2762 5280 2898 5349 πρὸς
2932 5281 3253 5345 ἀνάπαυσιν,
3291 5285 3423 5355 μηδὲ
3445 5285 3725 5355 ἐλεφαντί-

2154 5377 2247 5423 νας
2272 5361 2455 5424 κλίνας
2477 5361 2527 5400 b'
2548 5361 2823 5415 σύστειλον
2854 5364 3066 5418 σαυτόν.
3104 5365 3170 5418 Τί
3192 5368 3401 5436 μυρίων
3426 5368 3723 5438 ἀγωγίμων

2154 5441 2379 5511 πληροῖς
2412 5442 2510 5511 τὴν
2532 5442 2762 5509 ὁλκάδας
2801 5445 2897 5497 Ἂν
2920 5441 2985 5517 ᾗς
3016 5446 3301 5516 εὐσταλὴς,
3337 5447 3486 5501 οὐδὲν
3501 5448 3719 5513 δείσεις,

2151 5523 2212 5573 οὐ
2239 5522 2451 5589 φθόνον,
2478 5525 2537 5577 ού
2572 5524 2906 5596 ).ῃστάς,ούκ
2935 5527 3270 5591 ἐπιϐούλους.
3300 5526 3433 5581 Οὐδὲ
3461 5527 3569 5599 γὰρ
3584 5523 3733 5580 οὓτω

2216 5675 2243 5716 ι»
2270 5675 2417 5740 Μαι-ε.
2447 5679 2614 5739 Su\'i|.,
2637 5681 2947 5740 ἐλεσαντίναις
2974 5684 3165 5739 κλίναις.
