4218 6266
459 249 520 302 97
1333 250 1397 307 ΙΝ
1436 251 1648 308 EPIST;
1690 251 1783 306 AD
1818 249 2061 305 EPllES.
2100 251 2255 310 CAP.
2300 257 2381 310 IV.
2426 258 2651 315 ll0.\lll..
2694 262 2830 316 XIII.
3116 328 3119 341 Ι
3650 278 3720 334 98

516 369 571 424 ὅ.
612 367 820 424 Nostrae
844 383 970 441 ergo
993 377 1118 423 sunt
1143 375 1318 439 partes
1344 383 1412 422 ne
1430 383 1688 422 exuamur
1710 365 2027 421 vestimento

446 460 686 529 iustitiae,
717 459 858 527 quod
889 458 1145 529 prepheta
1170 469 1325 513 vocat
1354 458 1731 513 vestimentum
1775 455 2026 510 salutaris

456 551 623 621 (Psal.
654 548 916 621 151.16),
970 559 1028 603 ut
1074 550 1186 604 Deo
1227 549 1397 604 simus
1448 548 1694 603 similes:
1728 548 1842 618 ipse
1884 547 2028 600 enim

456 639 666 695 indutus
693 650 772 696 est
797 642 1077 711 justitiam.
1107 641 1221 697 Iloc
1250 641 1570 696 vestimento
1609 638 1912 693 induamur.
1941 636 2030 690 ln-

455 732 538 786 dni
572 741 747 788 autem
781 732 912 786 nihil
941 732 1084 789 aliud
1114 731 1400 803 significat,
1433 748 1591 803 quam
1621 747 1910 802 numquam
1938 733 2033 786 de-

456 837 667 891 ponere.
700 823 837 878 Audi
863 825 1007 877 enim
1038 825 1352 894 prophetam
1382 823 1668 888 dicentem,
1707 822 1883 876 Induit
1920 840 2031 875 ma-

455 915 761 969 ledictionem
787 916 918 969 sicut
942 918 1310 980 vestimentum,
1341 925 1390 970 et
1415 918 1572 971 veniet
1611 916 1695 979 ei;
1737 925 1790 969 et
1820 930 2024 979 rursus,

455 1005 553 1072 Qui
589 1006 821 1059 induitur
854 1005 1047 1061 lumine
1093 1017 1349 1076 tamquam
1374 1007 1665 1061 vestimento
1700 1004 1875 1076 (Psal.
1903 1005 2023 1059 108.

454 1095 535 1150 18.
579 1096 779 1151 ει103.
812 1094 891 1167 2).
933 1097 999 1151 Et
1037 1112 1223 1152 rursus
1263 1097 1418 1152 nobis
1463 1112 1580 1152 mos
1616 1106 1699 1151 est
1739 1097 1917 1151 dicere
1960 1095 2028 1150 de

453 1184 776 1249 hominibus,
826 1187 923 1241 llic
967 1188 1114 1241 illum
1160 1187 1348 1242 induit.
1381 1187 1507 1242 Vult
1554 1189 1730 1257 itaque
1775 1201 1872 1241 nos
1919 1201 2026 1240 non

454 1291 613 1329 ttltllm
652 1290 752 1331 nec
791 1275 948 1342 duos,
980 1291 1079 1332 nec
1114 1286 1220 1333 tres
1249 1277 1388 1340 dies,
1415 1277 1507 1332 sed
1539 1288 1796 1347 perpetuo
1819 1290 1941 1332 esse
1971 1277 2024 1329 in

451 1367 668 1433 virtute,
696 1375 751 1421 et
782 1368 920 1424 hanc
940 1377 1139 1423 vestem
1166 1383 1456 1439 numquam
1482 1384 1702 1425 exuere.
1743 1370 2024 1424 Hominem

450 1458 595 1511 enim
625 1473 731 1512 non
757 1459 890 1514 adeo
916 1458 1137 1515 dedecet
1177 1474 1298 1515 esse
1342 1458 1544 1514 nudum
1586 1474 1834 1530 corpore,
1866 1469 2026 1529 atque

442 1550 651 1605 nudum
681 1552 907 1608 virtute:
938 1553 1024 1609 hic
1048 1554 1292 1609 conservi
1330 1569 1450 1610 eum
1478 1555 1742 1625 aspiciunt
1771 1555 2025 1609 indecore

447 1656 507 1695 se
530 1652 824 1713 gerentem,
855 1645 964 1700 illic
1000 1655 1178 1701 autem
1209 1646 1466 1702 Dominus
1503 1656 1557 1703 et
1583 1649 1780 1720 angeli.
1811 1647 1867 1704 Si
1894 1663 2026 1718 ergo

445 1734 643 1788 videris
668 1737 969 1806 quempiam
997 1737 1199 1792 nudum
1230 1753 1326 1808 per
1354 1740 1523 1793 forum
1565 1740 2020 1809 progredientem,

445 1826 709 1897 dic,rogo,
756 1844 864 1883 non
908 1845 1050 1899 aegre
1082 1831 1234 1885 fers?
1261 1830 1487 1897 Quando
1532 1841 1708 1885 autem
1754 1841 1808 1885 tu
1847 1833 2023 1886 curris

445 1917 545 1972 bac
587 1929 736 1973 veste
785 1920 1037 1985 nudatus,
1088 1921 1215 1991 quid
1258 1922 1533 1977 dicemus?
1569 1922 1686 1977 Non
1732 1923 1880 1978 vides
1924 1925 2022 1978 hos

442 2009 740 2076 mendicos,
764 2026 899 2081 quos
919 2012 1157 2067 solemus
1178 2028 1370 2068 vocare
1390 2013 1617 2083 Lotagas
1633 2015 1731 2085 (a),
1756 2018 2023 2085 quomodo

434 2098 796 2165 circumeant,
825 2103 1097 2172 quomodo
1120 2105 1279 2158 etiam
1301 2119 1486 2159 eorum
1515 2106 1901 2160 misereamur?
1918 2106 2021 2163 Sed

430 2203 625 2248 tamen
670 2195 751 2249 eis
797 2211 901 2250 non
949 2196 1111 2251 datur
1160 2198 1263 2252 ulla
1312 2199 1510 2254 venia:
1543 2216 1715 2271 neque
1761 2203 1900 2256 enim
1945 2204 2024 2257 eis

434 2284 795 2353 ignoscimus,
823 2287 1039 2357 quando
1067 2288 1199 2343 aleis
1242 2290 1487 2369 ludentes
1520 2307 1645 2346 suas
1672 2293 1899 2362 perdunt
1936 2309 2025 2348 ve-

430 2383 572 2430 stes.
615 2376 898 2442 Quomodo
941 2394 1071 2449 ergo
1116 2380 1271 2435 nobis
1313 2383 1549 2451 ignoscet
1589 2384 1746 2449 Deus,
1801 2385 1891 2454 qui
1922 2386 2021 2439 hoc

433 2468 818 2523 vestimentum
850 2470 1282 2538 perdiderimus?
1324 2472 1551 2538 Quando
1597 2477 1738 2528 enim
1777 2475 2019 2530 diabolus

428 2559 741 2628 quempiam
764 2560 964 2616 viderit
993 2561 1194 2616 nudum
1223 2564 1437 2636 virtute,
1475 2565 1653 2618 statim
1680 2564 1864 2620 faciem
1893 2566 2015 2620 fuli-

428 2647 562 2714 gine
587 2648 746 2703 illinit
772 2651 1110 2721 maculatque
1129 2662 1185 2706 et
1208 2652 1478 2720 obscurat,
1510 2656 1835 2725 sauciatque,
1869 2667 1921 2712 et
1950 2657 2016 2710 ad

430 2753 625 2808 magna
665 2741 826 2810 cogit.
874 2741 1053 2797 Simus
1098 2742 1224 2797 nudi
1270 2744 1530 2813 pecuniis,
1579 2761 1647 2801 ne
1686 2747 1949 2801 nudemur
1987 2764 2016 2802 a

427 2830 635 2897 iustitia
669 2834 1048 2902 :pecuniaruin
1097 2836 1324 2890 amictus
1372 2839 1510 2892 hanc
1547 2839 1721 2907 perdit
1764 2854 1963 2894 veSIem
2000 2859 2013 2895 :

428 2931 515 2975 cst
541 2923 769 2976 amictus
797 2924 1091 2993 spinarum.
1121 2924 1279 2981 Tales
1307 2937 1430 2981 sunt
1457 2928 1647 2997 spiuaa,
1680 2938 1735 2982 et
1760 2945 1866 2999 quo
1894 2931 2014 2999 plu-

427 3025 519 3065 rcs
545 3012 896 3082 iuduerimus,
939 3031 1005 3071 eo
1034 3018 1201 3087 magis
1227 3018 1509 3072 nudamur.
1541 3019 1867 3089 lmpudicitia
1913 3039 2012 3075 titt-

428 3101 519 3155 dat
553 3102 652 3158 bac
683 3115 863 3171 veste;
891 3115 974 3160 est
1001 3108 1145 3161 enim
1173 3108 1308 3178 ignis
1336 3127 1348 3162 :
1382 3110 1518 3180 ignis
1542 3122 1717 3166 autem
1748 3116 2015 3168 consumit

431 3196 573 3249 hanc
596 3205 819 3251 vestem.
855 3198 1056 3253 Divitis:
1085 3211 1210 3255 sunt
1233 3202 1375 3256 tinea
1406 3221 1419 3257 :
1451 3205 1587 3258 sicut
1615 3205 1752 3259 tinea
1778 3208 2015 3263 cori-odit

427 3288 610 3340 omnia
637 3302 737 3343 nec
759 3291 945 3343 sericis
974 3293 1169 3360 parcit;
1215 3293 1282 3346 ita
1313 3293 1427 3348 haec
1454 3310 1682 3365 quoque.
1718 3297 1841 3351 "th
1870 3314 1999 3368 ergo

427 3379 610 3430 omnia
630 3378 985 3448 deponamus,
1010 3391 1067 3436 ut
1086 3384 1418 3452 simusjusti,
1440 3395 1497 3440 ut
1524 3403 1715 3442 norum
1741 3388 2010 3445 hominem

427 3467 737 3523 induantur.
796 3469 937 3525 Nihil
990 3482 1163 3539 vetus,
1217 3476 1346 3529 nihil
1388 3478 1528 3547 quod
1580 3490 1822 3549 apparot,
1879 3484 2011 3537 nihil

426 3561 572 3627 quod
592 3564 953 3632 corrumpitur
976 3575 1030 3619 et
1060 3567 1258 3632 interit,
1290 3570 1677 3638 possideamus.
1704 3572 1885 3629 Virtus
1906 3592 2008 3630 non

425 3660 513 3703 est
540 3652 832 3720 laboriosa,
880 3672 983 3711 non
1030 3668 1112 3713 est
1144 3660 1358 3716 difficile
1400 3673 1456 3716 ut
1494 3680 1559 3718 ex
1601 3680 1664 3718 ea
1709 3676 1869 3721 rectae
1905 3669 2011 3722 sint

421 3742 695 3797 actiones.

508 3833 588 3886 De
631 3833 899 3890 Monaclu’s
938 3847 983 3890 et
1021 3839 1082 3892 de
1131 3840 1418 3914 Virginibus
1478 3843 1677 3900 Christo
1714 3847 1912 3902 dicatis.
1938 3879 2009 3889 --

416 3922 548 3978 Non
580 3925 731 3979 vides
770 3941 866 3981 eos
894 3928 980 3997 qui
1008 3940 1131 3985 sunt
1173 3933 1224 3986 in
1271 3935 1578 3990 montibus?
1625 3936 1698 3989 illi
1740 3948 1790 3991 et
1820 3936 2008 3992 domos

418 4014 709 4069 dimittunt
736 4025 792 4072 et
834 4034 1025 4075 uxores
1054 4032 1109 4076 et
1149 4023 1347 4079 liberos
1376 4035 1430 4080 et
1473 4043 1687 4082 onmem
1721 4030 2005 4099 prmfectu-

417 4122 542 4161 ram
566 4118 618 4162 et
645 4108 1184 4181 administrationem,
1219 4126 1273 4172 et
1305 4126 1453 4172 extra
1480 4121 1733 4175 mundum
1767 4123 1862 4193 ipsi
1891 4139 1919 4177 a
1947 4139 2006 4179 se

417 4201 605 4266 positi,
636 4216 799 4257 sacco
828 4203 1019 4272 induti,
1044 4208 1316 4264 substrato
1341 4213 1542 4278 cinere,
1570 4216 1709 4270 collo
1726 4219 2003 4285 suspensis

413 4293 629 4361 asperis
671 4294 982 4363 collaribus,
1027 4306 1151 4353 tum
1203 4303 1254 4356 in
1304 4319 1494 4373 parvas
1540 4322 1597 4361 se
1639 4309 2003 4367 concluserint

412 4380 793 4453 domunculas,
824 4403 891 4442 ne
911 4389 976 4443 ad
1001 4389 1114 4445 haec
1139 4393 1354 4461 quidem
1379 4412 1546 4467 usque
1565 4401 1884 4467 consistunt,
1906 4403 2000 4456 sed

412 4480 475 4526 et
498 4472 723 4542 jejuniis
744 4487 799 4531 et
825 4477 963 4533 fame
994 4492 1248 4550 perpetua
1276 4500 1336 4540 se
1362 4485 1620 4558 afﬂigunt.
1647 4492 1805 4560 Atqui
1828 4492 1871 4546 si
1900 4509 2001 4563 ego

408 4567 631 4633 quidem
677 4570 791 4626 lucc
820 4571 1090 4642 juberem,
1137 4592 1243 4632 non
1288 4593 1476 4635 omnes
1530 4583 1849 4638 resiliretis?
1892 4601 1997 4640 non

403 4655 670 4712 diceretis
712 4676 824 4715 rem
865 4677 986 4718 esse
1022 4680 1239 4734 gravem
1276 4676 1330 4722 et
1367 4669 1681 4727 difficilem?
1725 4672 1865 4728 Nihil
1893 4676 1997 4730 tale

404 4749 538 4805 dico
568 4767 663 4807 vos
684 4764 935 4821 Oportere
962 4756 1139 4814 facere
1168 4778 1182 4812 :
1212 4776 1336 4816 nam
1357 4763 1475 4817 velo
1497 4765 1731 4835 quidem,
1762 4767 1856 4822 sed
1891 4782 1993 4823 non

401 4841 528 4898 fero
551 4845 747 4916 legem.
778 4847 915 4914 Quid
954 4853 1130 4921 ergo?
1160 4851 1322 4908 Utere
1348 4854 1574 4917 balneis,
1616 4869 1668 4912 et
1714 4872 1839 4913 cura
1870 4873 1993 4913 cor-

402 4946 535 5000 pus,
567 4944 623 4989 et
650 4935 780 4991 vade
808 4938 874 4993 ad
902 4938 1103 5005 forum,
1134 4952 1187 4996 et
1224 4942 1363 4999 habe
1389 4945 1628 5010 domum,
1654 4957 1709 5003 et
1737 4949 1833 5003 tibi
1872 4964 1990 5005 ser-

400 5024 559 5080 viant
582 5028 834 5097 ministri,
862 5040 916 5086 et
935 5034 1058 5087 cibo
1078 5044 1312 5106 potaque
1333 5045 1485 5092 utere
1510 5055 1524 5092 :
1555 5042 1759 5109 expelle
1780 5058 1994 5112 semper

398 5119 689 5174 avaritiam
733 5130 789 5176 et
829 5124 1197 5192 cupiditatem.
1251 5128 1346 5184 Illa
1395 5130 1538 5184 enim
1583 5144 1666 5188 est
1704 5150 1823 5204 quae
1867 5136 1993 5192 facit

397 5220 712 5278 peccatum,
734 5222 789 5267 et
812 5215 999 5271 eadem
1022 5233 1132 5286 res,
1161 5219 1281 5289 plus
1298 5237 1456 5292 quam
1480 5237 1574 5292 par
1597 5224 1667 5279 sit
1690 5226 1986 5293 abundans,

397 5295 547 5352 facta
570 5310 655 5356 est
677 5315 979 5371 peccatum.
1006 5307 1123 5364 Non
1140 5320 1222 5366 est
1249 5309 1430 5383 itaque
1457 5330 1608 5369 amor
1633 5317 1783 5388 plura
1813 5319 1990 5387 possi-

457 5436 541 5523 ξς)
559 5439 995 5523 ἓξμςὴιυξξροφιηί.
1016 5450 1193 5523 verbis
1203 5453 1419 5523 arguitur
1442 5459 1641 5523 Lotagas
1662 5451 1768 5501 illos
1788 5452 1990 5523 circula-

397 5507 538 5549 tores
559 5501 735 5586 fuisse,
755 5501 839 5567 qui
849 5508 1127 5586 ‘spectaquli
1144 5501 1350 5586 net'st'i’pis
1371 5501 1607 5586 cogentia:
1622 5501 1763 5586 causa
1785 5501 1988 5586 cireum-

397 5574 597 5633 gtuque
619 5564 985 5633 discurrebant.
1011 5569 1101 5619 Alii
1121 5564 1347 5622 tibicities
1367 5564 1518 5625 fuisse
1542 5576 1708 5625 dicunt
1744 5590 1771 5625 a
1791 5589 1903 5633 λωτὸς
1928 5575 1987 5625 ti-

425 5630 494 5681 m,
538 5638 686 5699 quam
713 5630 861 5678 etiam
885 5644 976 5692 per
998 5656 1020 5681 ο
1041 5634 1283 5699 scripsere
1307 5639 1497 5696 qttidam
1533 5650 1639 5696 λοι-ἀς
1665 5650 1676 5685 :
1703 5650 1810 5699 qua:
1835 5630 1987 5687 inter-

397 5689 612 5747 pretatio
634 5703 732 5740 non
759 5689 946 5753 pugnat
969 5706 1079 5741 cum
1106 5689 1192 5744 ista
1218 5689 1552 5758 llbrjsostomi.

2135 365 2292 422 dcndi
2338 372 2478 427 aliud
2526 390 2684 444 quam
2729 388 3022 446 peccatum.
3074 379 3205 436 Vide
3254 388 3716 447 autem:animus

2136 471 2255 511 cum
2279 462 2397 530 plus
2422 479 2582 533 quam
2611 482 2705 535 par
2724 468 2793 522 sit
2811 468 2973 524 fuerit
3000 471 3269 541 incitatus,
3298 484 3423 532 tunc
3450 481 3713 538 exsiliens

2137 551 2431 609 maledictis
2475 558 2709 627 impetit,
2756 569 2879 615 tunc
2921 562 3114 632 injuste
3145 564 3269 620 facit
3310 570 3530 626 omnia:
3561 589 3714 630 amor

2138 639 2318 696 itidem
2368 658 2694 714 corporum,
2757 654 3039 720 pecuniae,
3090 656 3309 725 glorim,
3374 670 3429 715 et
3482 664 3710 721 aliorum

2136 734 2393 789 omnium.
2423 736 2532 792 Nec
2559 730 2685 793 mihi
2712 741 2912 798 dixeris
2948 745 3066 799 illos
3091 749 3363 817 potuisse:
3392 754 3539 808 multi
3566 759 3709 811 enim

2137 831 2187 877 te
2219 826 2384 880 multo
2412 829 2789 887 imbecilliores
2813 844 2865 889 et
2897 835 3119 893 ditiores
3146 849 3201 894 et
3224 841 3560 901 delicatiores
3590 864 3709 904 sus-

2134 929 2390 985 ceperunt
2433 921 2577 976 illam
2618 924 2804 979 duram
2847 936 2901 981 et
2942 944 3190 999 asperam
3236 936 3417 991 vitam.
3470 938 3535 996 Et
3581 943 3709 1011 quid

2135 1007 2256 1062 dico
2281 1010 2468 1065 viros?
2497 1015 2686 1082 puclla:
2725 1018 2961 1074 nondum
2992 1021 3174 1091 viginti
3203 1040 3373 1081 annos
3400 1038 3559 1094 natae,
3590 1007 3708 1102 quae

2136 1097 2187 1150 in
2218 1094 2464 1156 thalamis
2490 1112 2545 1159 et
2576 1106 2627 1159 in
2653 1106 2760 1160 vita
2786 1109 3053 1166 umbratili
3084 1122 3251 1168 totum
3284 1123 3495 1186 tempus
3528 1094 3706 1177 trans-

2134 1202 2369 1257 egerant,
2422 1202 2476 1248 et
2501 1194 2746 1262 jacebant
2793 1198 2843 1251 in
2890 1199 3135 1256 thalamis
3179 1202 3391 1261 refertis
3427 1216 3710 1281 unguentis

2133 1288 2187 1333 et
2212 1278 2481 1337 suffitibus
2505 1293 2557 1338 et
2586 1285 2636 1339 in
2665 1289 2810 1340 molli
2830 1289 3013 1354 cubili,
3045 1292 3173 1360 ipsa:
3197 1305 3250 1348 et
3281 1305 3465 1352 natura
3498 1278 3707 1367 molles,

2132 1378 2186 1424 et
2216 1372 2375 1426 multa
2407 1376 2685 1431 curatione
2714 1377 2916 1434 effecta:
2947 1380 3240 1448 molliores,
3267 1386 3459 1455 quibus
3486 1399 3598 1447 toto
3620 1393 3707 1448 diu

2132 1464 2333 1519 nullum
2362 1467 2503 1522 aliud
2533 1480 2646 1524 erat
2675 1485 2809 1541 opus
2837 1489 2994 1542 quam
3039 1487 3096 1531 ut
3123 1491 3463 1549 ornarentur,
3511 1495 3568 1543 et
3608 1504 3705 1544 au-

2131 1572 2249 1611 rum
2296 1569 2584 1628 gestarent,
2623 1574 2675 1617 et
2715 1565 2963 1621 omnibus
2993 1569 3299 1627 fruerentur
3323 1574 3559 1647 deliciis;
3589 1597 3709 1651 qum

2130 1663 2236 1702 non
2268 1650 2396 1719 ipsae
2422 1652 2522 1707 sibi
2552 1655 2947 1725 ministrabant,
2978 1660 3071 1715 sed
3101 1666 3296 1721 multas
3323 1667 3588 1726 habebant
3608 1650 3706 1728 an-

2129 1739 2279 1793 cillas
2306 1757 2425 1811 quae
2445 1744 2787 1814 assistebant,
2813 1758 2868 1802 et
2890 1750 3076 1807 molles
3099 1751 3368 1813 habebant
3392 1769 3568 1817 vestes
3590 1764 3706 1833 ipso

2128 1843 2355 1899 oorpore
2379 1834 2674 1902 molliores,
2699 1850 2884 1907 utpote
2905 1840 3074 1897 lineas
3092 1845 3317 1901 subtiles
3346 1857 3399 1903 et
3423 1850 3703 1917 delicatas,

2127 1931 2181 1973 et
2219 1922 2431 1978 assidue
2475 1927 2701 1996 agebant
2745 1930 2798 1983 in
2838 1932 2975 1986 rosis
3027 1944 3079 1987 et
3111 1935 3416 2006 bujusmodi
3450 1946 3704 2003 suavibus

2131 2011 2385 2067 odoribus
2411 2032 2425 2069 :
2460 2015 2573 2085 ipse
2602 2034 2730 2075 vero
2752 2031 2971 2090 repente
2997 2039 3025 2076 a
3052 2024 3247 2081 Christi
3274 2031 3393 2099 igne
3418 2047 3703 2106 correptae,

2126 2117 2245 2157 cum
2290 2120 2504 2160 omnem
2549 2108 2693 2164 illam
2742 2112 3021 2169 exuissent
3068 2118 3347 2174 mollitiem
3394 2134 3447 2177 et
3488 2123 3702 2191 fastum,

2127 2192 2459 2250 educationis
2501 2207 2557 2252 et
2596 2201 2768 2255 aetatis
2807 2203 3009 2271 oblitae,
3042 2215 3310 2277 tamquam
3351 2215 3554 2270 strenui
3582 2221 3699 2287 qui-

2125 2285 2245 2341 dam
2274 2288 2510 2356 athletae,
2534 2292 2784 2348 mollibus
2812 2295 2916 2349 illis
2936 2308 3128 2362 extitre,
3162 2301 3212 2354 in
3245 2302 3417 2357 media
3449 2285 3702 2378 ingressae

2125 2387 2248 2432 sunt
2276 2383 2589 2436 certamina.
2624 2383 2691 2437 Et
2717 2384 2937 2440 videbor
2963 2390 3176 2457 quidem
3201 2392 3379 2449 dicere
3410 2397 3665 2455 incredibi
3684 2434 3697 2443 -

2126 2467 2215 2531 lia,
2240 2471 2332 2522 sed
2368 2479 2541 2527 tamen
2565 2489 2710 2529 vera.
2742 2475 2847 2530 Has
2875 2478 3087 2547 quidem
3118 2481 3252 2536 adeo
3283 2486 3474 2542 molles
3502 2492 3703 2558 puellas

2124 2559 2298 2612 audivi
2326 2575 2383 2614 se
2410 2563 2474 2616 ad
2506 2574 2704 2620 tantam
2732 2567 3003 2638 redegisse
3028 2572 3153 2626 vita:
3180 2571 3431 2631 duritiem
3457 2588 3512 2633 et
3538 2596 3698 2652 aspe-

2126 2647 2355 2717 ritatem,
2385 2662 2442 2705 ut
2488 2657 2801 2723 asperrimis
2829 2660 3016 2715 ciliciis
3045 2663 3185 2717 nuda
3226 2681 3320 2720 sua
3352 2683 3573 2739 corpora
3618 2674 3693 2727 in-

2122 2737 2369 2805 duerent,
2409 2754 2462 2796 et
2494 2746 2683 2800 molles
2733 2748 2804 2801 illi
2846 2749 3080 2805 calcanei
3109 2753 3269 2808 nullis
3295 2737 3491 2828 alligati
3521 2775 3702 2819 essent

2123 2832 2333 2896 calceis,
2381 2844 2434 2887 et
2474 2835 2526 2889 in
2576 2839 2704 2893 toris
2751 2840 3012 2897 cubarent
3055 2847 3344 2913 gramineis
3378 2869 3392 2905 :
3424 2852 3531 2907 imo
3572 2871 3701 2910 vero

2124 2923 2376 2992 majorem
2405 2928 2577 2983 noctis
2599 2940 2800 2998 partem
2818 2932 3120 3003 vigilarent,
3140 2947 3193 2991 et
3222 2955 3319 2994 nec
3341 2955 3693 3013 unguentum,

2122 3032 2220 3072 nec
2243 3019 2529 3087 quidquam
2553 3037 2616 3076 ex
2645 3024 2750 3077 illis
2775 3025 3013 3094 pristinis
3037 3041 3306 3096 curarent,
3340 3036 3433 3089 sed
3456 3046 3509 3091 et
3535 3053 3693 3109 caput

2120 3108 2261 3176 quod
2295 3111 2440 3179 prius
2478 3111 2548 3167 ita
2575 3115 2862 3170 curabatur
2882 3127 2936 3171 et
2964 3122 3276 3189 ornabatur,
3316 3108 3693 3196 negligeretur,

2122 3204 2321 3253 temere
2347 3209 2401 3254 ct
2430 3202 2894 3260 indiscriminatim
2927 3209 2996 3262 ita
3027 3211 3217 3266 vinctis
3244 3217 3451 3284 capillis
3480 3228 3536 3271 ut
3566 3220 3697 3275 nihil

2120 3288 2379 3346 incideret
2406 3292 2740 3349 indecorum.
2769 3298 2944 3352 Mensa
2974 3309 3150 3354 autem
3190 3312 3273 3358 est
3298 3306 3377 3360 eis
3403 3310 3575 3363 solum
3603 3327 3698 3367 ve-

2118 3384 2376 3449 spertina,
2423 3399 2630 3449 mensa,
2661 3401 2781 3455 qua
2819 3403 2993 3458 neque
3035 3392 3155 3445 olus
3195 3404 3278 3447 est
3317 3411 3488 3466 neque
3518 3402 3690 3469 panis,

2119 3473 2210 3526 scd
2233 3473 2404 3528 simila
2425 3483 2477 3529 et
2509 3474 2625 3531 faba
2646 3489 2698 3532 et
2721 3479 2863 3534 cicer
2883 3489 2935 3534 et
2959 3482 3091 3537 olea:
3109 3494 3161 3538 et
3186 3484 3335 3540 ficus.
3366 3488 3687 3560 Perpetuum

2117 3578 2328 3633 quoque
2353 3572 2437 3619 est
2461 3566 2539 3621 eis
2565 3566 2851 3623 lanificium
2882 3587 2895 3624 :
2919 3582 2973 3627 et
2998 3582 3122 3628 sunt
3149 3591 3332 3632 earum
3354 3594 3512 3649 opera
3534 3583 3691 3655 longe

2114 3656 2355 3723 graviora
2378 3671 2536 3727 quam
2557 3658 2868 3714 ancillarum
2890 3663 3321 3724 domesticarum.
3342 3670 3475 3739 Quid
3501 3676 3642 3730 enim
3668 3679 3691 3729 ?

2115 3760 2463 3819 susceperunt
2479 3751 2620 3806 enim
2643 3768 2734 3807 eas
2758 3756 3018 3812 curandas
3039 3775 3156 3828 qute
3179 3761 3421 3819 laborant
3441 3782 3688 3839 corpore.

2116 3838 2281 3893 lectos
2325 3850 2612 3910 portantes,
2649 3844 2810 3913 pedes
2838 3846 3077 3903 lavantes
3108 3867 3121 3901 :
3156 3855 3332 3907 multa:
3362 3838 3575 3927 quoque
3619 3876 3685 3914 ex

2116 3930 2195 3984 eis
2220 3946 2511 4001 coquorum
2543 3935 2832 4005 funguntur
2855 3940 3055 3995 officio.
3081 3942 3312 3999 Tantum
3346 3959 3520 4014 potest
3554 3953 3690 4019 ignis

2111 4020 2311 4076 Christi
2347 4041 2360 4077 :
2391 4026 2460 4079 ita
2488 4034 2731 4079 naturam
2761 4038 2977 4095 superat
3000 4031 3163 4083 animi
3191 4034 3455 4090 alacritas.
3490 4038 3682 4094 Verum

2112 4112 2252 4167 enim
2282 4129 2412 4168 vero
2453 4116 2580 4169 nihil
2632 4117 2735 4171 tale
2778 4132 2807 4171 a
2841 4119 2990 4173 vobis
3040 4122 3215 4191 exigo,
3257 4127 3681 4196 qttatldnquidcttt

2111 4207 2269 4260 vultis
2294 4208 2533 4276 superari
2560 4224 2589 4261 a
2622 4209 2952 4263 mulieribus.

2182 4298 2232 4350 4.
2276 4296 2401 4351 llaec
2429 4298 2619 4352 saltem
2652 4299 2828 4363 facite,
2858 4316 2976 4370 quae
3016 4317 3121 4356 non
3153 4315 3276 4360 sunt
3300 4310 3479 4376 gravia
3513 4320 3565 4365 et
3590 4312 3687 4366 dif-

2111 4387 2272 4441 ﬁcilia
2306 4404 2318 4441 :
2351 4387 2565 4441 manum
2600 4392 2872 4446 continete
2898 4402 2951 4447 et
2984 4394 3282 4463 impudicos
3310 4402 3510 4456 oculos.
3544 4405 3678 4471 Quid

2108 4480 2231 4545 hoc,
2263 4480 2348 4534 dic
2377 4480 2527 4545 mihi,
2556 4492 2638 4536 est
2663 4499 2844 4552 grave,
2873 4486 2997 4554 quid
3028 4487 3289 4543 difﬁcile?
3312 4490 3461 4545 Justa
3500 4496 3676 4558 facite,

2107 4573 2306 4627 nemini
2336 4574 2582 4641 injuriam
2617 4575 2823 4641 inferte,
2856 4593 3027 4648 neque
3057 4594 3278 4649 pauper,
3309 4598 3480 4651 neque
3506 4585 3673 4650 dives,

2107 4680 2281 4734 neque
2310 4667 2397 4735 qui
2427 4667 2479 4722 in
2511 4665 2628 4721 foro
2655 4671 2903 4734 versaris,
2938 4686 3035 4724 nec
3068 4671 3157 4741 qui
3186 4688 3243 4727 es
3271 4679 3633 4732 mercenarius
3662 4700 3674 4733 :

2106 4768 2278 4828 potest
2305 4761 2447 4814 enim
2489 4762 2649 4814 etiam
2680 4760 2744 4815 ad
2776 4777 3033 4830 pauperes
3069 4778 3236 4833 usque
3264 4771 3550 4835 pervadere
3594 4772 3676 4825 in-

2098 4850 2325 4920 justitia.
2370 4851 2483 4905 Non
2513 4852 2703 4906 videtis
2731 4868 2889 4921 quam
2921 4855 3114 4907 multas
3147 4856 3229 4908 isti
3279 4858 3422 4911 cient
3453 4876 3676 4927 pugnas.

2102 4951 2156 4995 et
2195 4951 2442 4996 evertunt
2487 4942 2705 4996 omnia?
2733 4941 2897 4997 Utere
2944 4945 3304 5011 matrimonio,
3354 4948 3487 5000 habe
3518 4951 3677 5005 filios.

2104 5034 2275 5088 Etiam
2305 5034 2498 5088 Paulus
2530 5034 2608 5088 eis
2653 5034 3015 5103 prmeipiebat,
3064 5042 3119 5088 et
3149 5035 3213 5087 ad
3254 5050 3348 5088 ens
3388 5038 3670 5095 scribebat.

2099 5123 2340 5194 Magnum
2371 5122 2600 5177 eStillud
2626 5132 2917 5189 certamen,
2949 5132 3001 5177 et
3028 5124 3167 5178 altus
3195 5124 3464 5192 seopulus,
3494 5137 3548 5182 et
3580 5144 3672 5183 ea-

2097 5233 2288 5273 cumen
2312 5226 2392 5271 est
2420 5216 2552 5270 easlo
2578 5217 2966 5284 propinquum;
3000 5230 3171 5284 neque
3194 5225 3346 5286 potes
3368 5218 3431 5271 ad
3452 5218 3500 5272 id
3528 5222 3670 5290 quod

2098 5324 2346 5379 magnum
2376 5316 2458 5362 est
2489 5304 2805 5375 pervenire?
2833 5303 3034 5358 Minora
3066 5320 3193 5374 ergo
3224 5308 3407 5362 saltem
3439 5320 3667 5370 sectare,

2097 5416 2149 5459 et
2174 5403 2416 5459 desidera
2449 5416 2566 5470 qua:
2612 5405 2735 5452 sunt
2770 5395 3044 5450 inferiora.
3079 5396 3192 5451 Non
3224 5408 3373 5467 potes
3418 5401 3670 5466 pecunias

2099 5495 2421 5552 effundere?
2456 5491 2655 5546 Saltem
2689 5503 2749 5542 ea
2777 5502 2896 5557 qua}
2919 5497 3041 5541 sunt
3065 5489 3289 5542 aliorum
3320 5488 3423 5541 noli
3455 5503 3667 5556 rapere,

2098 5604 2196 5643 nec
2240 5587 2321 5640 fac
2366 5582 2632 5652 iniuriam.
2680 5578 2795 5634 Non
2844 5588 2993 5648 potes
3035 5578 3315 5649 jejunare?
3357 5577 3558 5632 Saltem
3605 5595 3671 5632 ne

2102 5677 2458 5752 progrediaris
2489 5674 2553 5729 ad
2595 5673 2834 5729 delicias.
2862 5671 2974 5728 Non
3001 5682 3149 5743 potes
3179 5672 3228 5726 in
3259 5681 3376 5727 toro
3406 5669 3669 5724 herbae-eo
