4218 6266
486 243 554 299 99
1110 234 1166 291 S.
1205 233 1480 291 JOANNIS
1515 194 1988 289 CllRiSOSTOMl
2029 232 2340 290 ARCHIEP.
2381 234 2909 293 CONSTANTINOP.

473 353 703 410 cubare?
745 351 824 406 Ne
862 349 990 405 mihi
1021 363 1299 418 compares
1330 347 1500 402 lectos
1543 352 1766 416 argento
1804 355 2045 410 ornatos,

473 447 567 502 sed
598 448 736 501 lecto
764 455 914 499 utere
943 452 998 499 et
1020 441 1287 512 stragulis,
1317 455 1421 494 non
1456 439 1606 493 factis
1634 439 1701 492 ad
1729 437 2047 493 ostentatio-

474 555 620 603 nem,
659 536 752 592 sed
791 535 857 591 ad
905 536 1164 604 requiem,
1211 546 1382 601 neque
1422 531 1589 585 lectos
1627 529 1894 584 eburneos
1922 544 1937 580 :
1969 537 2047 582 tev

473 629 644 698 ipsum
671 625 944 680 contrahe.
965 622 1100 691 Quid
1135 620 1607 676 innumerabilibus
1627 635 1744 688 qua:
1769 617 2044 687 importari

474 726 695 787 possunt
720 730 910 770 navem
950 714 1141 783 imples
1170 710 1506 765 onerariam?
1543 709 1598 764 Si
1627 710 1701 763 sis
1739 708 2044 762 moderatus

467 822 519 863 ct
558 807 905 877 compositus,
953 805 1081 859 nihil
1111 803 1343 868 timebis,
1377 818 1481 855 non
1512 801 1788 867 invidiam,
1829 815 1934 853 non
1962 799 2042 852 la-

466 912 671 962 trones,
713 914 818 954 non
869 897 1228 953 insidiatores.
1279 895 1396 949 Non
1443 895 1585 947 enim
1631 908 1691 947 es
1739 903 1844 945 tam
1892 890 2043 945 dives

468 992 726 1063 pecuniis,
765 1006 922 1061 quam
953 990 1096 1043 curis
1130 1006 1142 1041 :
1174 1004 1277 1041 non
1310 989 1378 1040 ita
1422 985 1662 1040 abundas
1691 983 2042 1053 Possessioni-

466 1084 566 1138 bus
605 1093 666 1137 ut
706 1081 994 1152 angoribus
1033 1089 1087 1134 et
1119 1078 1385 1148 periculis.
1437 1077 1536 1143 Qui
1570 1076 1808 1128 ditescere
1847 1075 2040 1137 uolunt,

464 1176 652 1246 inquit,
686 1173 981 1227 tentationes
1027 1181 1070 1225 et
1100 1168 1530 1239 concupiscentias
1554 1168 1733 1220 noxias
1759 1165 1854 1218 sibi
1882 1165 2038 1217 indu-

463 1275 582 1321 cunt
613 1266 690 1334 (l.
720 1264 854 1320 Tim.
882 1263 932 1318 6.
970 1262 1050 1332 9).
1083 1262 1208 1317 lla'c
1248 1261 1511 1315 sustinent
1539 1259 1624 1328 qui
1658 1258 1822 1311 multa
1853 1257 2040 1311 volunt

463 1356 759 1427 possidere.
802 1356 915 1410 Non
961 1355 1101 1419 dico,
1147 1354 1380 1408 Ministra
1412 1352 1706 1415 laboranti;
1752 1360 1806 1404 at
1850 1351 2038 1405 saltem

461 1452 593 1520 jube
622 1465 788 1519 puero
831 1459 889 1503 ut
924 1450 1025 1503 hoc
1052 1448 1225 1503 faciat.
1259 1448 1422 1501 Vides
1448 1462 1603 1515 quam
1643 1462 1749 1500 non
1778 1444 1849 1500 sit
1875 1459 2041 1515 grave

459 1552 515 1597 et
534 1541 858 1596 molestum?
879 1539 1147 1611 quomodo
1172 1539 1312 1593 enim
1339 1546 1503 1602 esset,
1522 1552 1641 1591 cum
1669 1546 1865 1592 tenera:
1887 1536 2037 1605 puel-

461 1635 526 1687 lae
553 1633 711 1701 longo
753 1633 926 1702 spatio
969 1648 1066 1686 nos
1096 1630 1460 1700 exsuperent?
1488 1629 1594 1683 Nos
1624 1629 1841 1700 pudeat,
1881 1642 2034 1696 rogo,

457 1723 599 1795 quod
628 1725 679 1778 in
718 1725 781 1778 iis
809 1739 929 1792 qua:
958 1723 1022 1777 ad
1064 1722 1316 1775 mundum
1356 1721 1624 1791 pertinent
1666 1734 1925 1787 nusquam
1957 1721 2035 1771 eis

455 1813 717 1878 cedimus,
755 1826 859 1866 non
889 1813 941 1866 in
971 1812 1150 1878 bellis,
1182 1828 1286 1865 non
1320 1811 1371 1863 iu
1401 1809 1813 1873 certaminibus;
1847 1809 1899 1862 in
1922 1807 2035 1876 spi-

458 1903 739 1959 ritualibus
762 1912 941 1957 autem
961 1901 1344 1957 certaminibus
1371 1901 1491 1971 plus
1517 1914 1675 1971 quam
1704 1914 1802 1954 nos
1827 1898 2031 1966 ferunt,

454 2003 510 2047 et
545 1992 745 2062 majora
786 1992 1000 2062 rapiunt
1025 1992 1263 2062 praemia,
1292 2001 1344 2046 et
1371 1990 1552 2045 volant
1575 1990 1735 2044 altius
1762 1997 2031 2059 tamquam

452 2083 692 2155 quaedam
720 2085 909 2154 aquilae
933 2103 947 2137 :
977 2098 1076 2138 nos
1104 2093 1279 2138 autem
1304 2091 1570 2152 tamquam
1593 2082 1792 2153 graculi
1828 2080 2034 2136 inferne

450 2175 591 2229 circa
623 2174 862 2229 nidorem
887 2183 941 2229 et
968 2176 1166 2228 fumum
1196 2189 1407 2242 semper
1435 2188 1731 2228 versamur.
1762 2173 1854 2226 Est
1887 2171 2031 2227 enim

452 2278 513 2318 re
536 2279 659 2318 vera
682 2264 1020 2333 graculorum
1064 2272 1119 2317 et
1145 2263 1479 2332 liguritorum
1512 2278 1702 2317 canum
1731 2261 1799 2316 de
1825 2276 2026 2316 mensae

441 2354 800 2411 structoribus
813 2359 866 2407 et
882 2351 1335 2421 coquiseogitare.
1368 2352 1500 2407 Audi
1530 2352 1734 2420 priscas
1763 2350 2025 2405 feminas:

453 2460 657 2515 magna:
682 2446 845 2508 enim,
877 2460 1081 2513 magna:
1109 2454 1161 2497 et
1186 2443 1527 2498 admirabiles
1555 2443 1769 2497 fuerunt
1793 2444 2025 2505 feminae,

451 2546 509 2591 nt
548 2536 699 2600 Sara,
735 2537 994 2601 Rebecca,
1027 2535 1245 2598 Rachel,
1277 2535 1504 2599 Debora,
1535 2538 1686 2589 Anna
1718 2552 1733 2589 :
1762 2537 2030 2604 etiamque

451 2640 691 2699 tempore
720 2627 915 2682 Christi
940 2626 1075 2680 tales
1095 2635 1284 2690 erant;
1317 2625 1412 2680 sed
1441 2626 1585 2680 viros
1615 2640 1874 2694 nusquam
1902 2633 2026 2679 sunt

450 2728 834 2792 praetervectas,
878 2719 971 2773 sed
1001 2718 1177 2773 locum
1215 2718 1470 2772 tenebant
1509 2717 1804 2772 secundum
1836 2734 1850 2769 :
1885 2712 2027 2770 nunc

448 2821 626 2867 autem
672 2822 858 2866 coutm
905 2811 1117 2865 feminae
1161 2824 1258 2864 nos
1300 2819 1627 2878 praetereunt
1670 2818 1723 2864 et
1767 2809 2028 2864 obscuros

453 2905 702 2959 reddunt.
744 2905 912 2971 Quam
957 2910 1042 2957 est
1083 2900 1186 2955 hoc
1220 2900 1502 2955 ridiculum
1538 2910 1593 2955 et
1630 2915 1787 2970 quam
1818 2899 2024 2969 puden-

447 2995 605 3050 dutnl
639 2994 746 3049 Nos
769 2995 944 3048 locum
972 3002 1215 3047 tenemus
1239 2990 1447 3059 capitis,
1475 2999 1530 3044 et
1553 2988 1814 3043 vincimur
1842 3004 1873 3043 a
1900 3003 2024 3043 cor—

450 3088 620 3157 pore?
667 3084 956 3141 Constituti
982 3099 1167 3137 sumus
1209 3091 1267 3137 ut
1311 3081 1392 3137 eis
1437 3083 1760 3151 imperemus
1793 3099 1805 3134 :
1836 3095 1940 3134 non
1969 3089 2028 3135 ut

448 3179 620 3231 solum
661 3176 1006 3245 imperemus,
1040 3174 1134 3229 sed
1176 3173 1503 3243 imperemus
1546 3173 1599 3227 in
1636 3173 1852 3227 virtute.
1892 3172 2024 3227 Nam

446 3269 536 3338 qui
567 3267 819 3336 imperat,
849 3265 951 3321 hoc
977 3265 1207 3319 maxime
1243 3264 1405 3318 debet
1444 3263 1730 3333 imperare,
1764 3271 1821 3317 ut
1851 3263 2027 3319 vincet

445 3360 644 3415 virtute
676 3376 692 3413 :
722 3357 804 3412 sin
829 3366 1008 3411 autem
1037 3366 1341 3425 superatur,
1390 3369 1497 3409 non
1533 3353 1765 3424 amplius
1798 3353 2028 3425 imperat

448 3465 549 3505 nec
574 3456 719 3503 tenet
746 3448 1124 3518 principatum.

522 3541 795 3593 Mulierum
820 3539 1025 3592 virtutes
1046 3547 1091 3590 et
1114 3537 1255 3591 uilia.
1278 3565 1349 3576 —-
1370 3535 1588 3589 Vidistis
1608 3545 1801 3605 quanta
1823 3535 1891 3589 sit
1918 3534 2026 3588 vir-

447 3645 531 3688 tus
554 3633 815 3687 adventus
833 3629 1071 3684 Christi?
1098 3627 1365 3697 quomodo
1388 3627 1809 3682 exsecrationem
1839 3626 2020 3680 solve-

446 3726 516 3780 rit
545 3735 599 3779 et
619 3721 1047 3776 maledictionem
1064 3720 1088 3772 ?
1106 3719 1289 3773 Plures
1319 3719 1459 3773 enim
1485 3727 1611 3771 sunt
1629 3718 1863 3783 virgines
1883 3716 2022 3786 apud

447 3817 721 3880 mulieres,
754 3792 925 3883 major
950 3821 1034 3867 est
1060 3811 1197 3881 apud
1230 3811 1349 3864 illas
1377 3809 1724 3880 temperantia
1752 3818 1807 3863 et
1833 3809 2019 3863 mode-

447 3908 604 3970 ratio,
649 3905 831 3976 plures
858 3903 1138 3957 viduitates
1168 3920 1181 3954 :
1210 3900 1414 3955 nullum
1454 3900 1675 3954 verbum
1713 3899 2021 3953 obscoenum

448 3996 645 4053 femina
687 3997 794 4049 cito
831 3992 1089 4049 emiserit.
1119 3990 1229 4046 Cur
1260 4000 1312 4045 tu
1351 4005 1499 4060 ergo,
1532 3989 1618 4043 die
1658 3988 1808 4052 mihi,
1845 3988 2017 4058 turpia

3635 245 3734 301 100

2157 355 2210 398 et
2235 346 2484 401 obscaena
2508 346 2781 417 loqueris?
2818 349 2895 403 Ne
2939 350 3070 404 mihi
3103 351 3246 407 enim
3278 353 3476 410 dixeris
3508 357 3733 414 {culinas

2155 433 2455 503 deploratas
2484 448 2604 491 :est
2632 438 2845 506 quidem
2884 455 3049 508 genus
3081 444 3361 498 mulierum
3390 449 3470 500 sui
3506 452 3727 503 ornandi

2153 526 2468 589 studiosum,
2497 536 2550 581 et
2575 526 2677 581 hoc
2704 539 2786 583 est
2811 529 2926 598 ejus
2945 530 3218 587 delictum.
3261 534 3367 589 Sed
3394 537 3445 591 in
3471 537 3571 591 hoc
3597 557 3729 610 quo-

2152 632 2257 687 que
2285 632 2378 672 vos
2406 618 2504 672 viri
2536 619 2768 688 vincitis,
2792 622 2879 691 qui
2912 621 3014 677 illis
3035 639 3188 694 aeque
3208 625 3547 684 delectamiui
3570 643 3728 702 atque

2151 718 2338 762 ornatu
2370 711 2603 779 proprio.
2631 710 2745 764 Non
2767 711 2910 766 enim
2939 714 3188 769 existimo
3211 718 3487 774 mulierem
3515 721 3587 776 ita
3616 728 3728 780 suis

2150 801 2325 855 aureis
2370 803 2545 855 ornari
2587 806 2938 870 ornamentis,
2982 815 3039 859 ut
3069 808 3317 863 maritum
3362 813 3587 871 uxoris:
3619 831 3728 874 non

2153 892 2221 943 ita
2254 892 2352 945 sibi
2386 894 2558 961 placet
2601 894 2669 948 ob
2716 910 2902 949 zonam
2945 912 3184 966 auream,
3230 917 3388 970 quam
3420 908 3558 974 quod
3591 924 3726 962 uxor

2148 994 2337 1034 aurum
2377 991 2567 1052 gestet.
2597 983 2771 1051 Quare
2797 985 2849 1039 in
2880 1001 2972 1040 vos
2996 1004 3209 1059 quoque
3235 1006 3395 1047 causa
3424 1006 3505 1048 est
3533 998 3722 1053 confe-

2147 1071 2331 1135 renda,
2360 1072 2450 1141 qui
2475 1074 2758 1128 scintillam
2790 1078 3032 1131 excitatis
3070 1088 3123 1132 et
3157 1078 3426 1136 flammam
3472 1088 3723 1142 accendi-

2148 1162 2233 1215 tis.
2262 1164 2469 1233 Alioqui
2493 1176 2666 1220 autem
2692 1183 2794 1221 non
2822 1179 2904 1222 est
2930 1179 3133 1225 tantum
3153 1183 3427 1240 peccatum
3457 1178 3716 1247 mulieris,

2146 1262 2397 1320 quantum
2429 1266 2512 1309 eSt
2537 1255 2588 1309 in
2619 1256 2750 1309 vim.
2778 1257 2856 1311 Tu
2881 1274 2940 1314 es
2968 1263 3288 1317 constitutus
3319 1274 3374 1317 ut
3393 1265 3536 1321 illam
3565 1283 3717 1324 com-

2144 1356 2352 1410 ponas:
2384 1344 2580 1412 ubique
2628 1346 2708 1400 vis
2756 1347 2952 1418 habere
2991 1350 3186 1418 primas
3235 1361 3413 1420 partes
3447 1374 3459 1409 :
3491 1371 3619 1426 ergo
3660 1359 3715 1413 in

2147 1433 2245 1486 hoc
2271 1448 2483 1503 quoque
2506 1436 2731 1492 ostende
2759 1452 2825 1492 ex
2855 1440 3013 1493 rebus
3041 1441 3162 1508 tuis,
3194 1443 3335 1512 quod
3363 1444 3505 1501 illius
3530 1462 3717 1517 super-

2143 1528 2358 1582 Vacanei
2385 1538 2629 1599 sumptus
2655 1531 2795 1589 nulla
2830 1531 2921 1586 tibi
2947 1533 3016 1587 sit
3042 1534 3195 1588 ratio.
3230 1536 3325 1591 Est
3346 1543 3512 1610 magis
3536 1552 3713 1611 aptum

2143 1629 2195 1673 et
2219 1621 2544 1677 conveniens
2570 1623 2777 1677 mulieri
2802 1634 2860 1679 ut
2878 1636 3118 1690 ornetur,
3148 1644 3304 1696 quam
3335 1631 3469 1685 viro.
3492 1633 3715 1700 Quando

2142 1725 2271 1780 ergo
2319 1722 2371 1764 tu
2404 1727 2508 1766 non
2547 1712 2758 1783 effugis,
2794 1717 3063 1784 quomodo
3089 1717 3185 1772 illa
3226 1718 3482 1790 effugiet?
3507 1724 3714 1779 [labent

2144 1800 2247 1854 illa:
2276 1801 2435 1854 etiam
2463 1802 2745 1871 quamdam
2786 1804 2996 1859 inanem
3024 1807 3245 1876 gloriam
3270 1826 3283 1873 ;
3328 1811 3421 1865 sed
3450 1810 3550 1866 hoc
3578 1829 3714 1883 quo-

2139 1906 2242 1960 que
2282 1901 2364 1945 est
2389 1893 2515 1946 viris
2554 1908 2839 1950 commune
2871 1912 2886 1952 :
2915 1907 3041 1951 sunt
3077 1898 3378 1966 iracundae;
3424 1902 3606 1960 ethoc
3631 1915 3714 1960 est

2138 1996 2440 2035 commune.
2480 1984 2535 2036 In
2579 1984 2772 2052 quibus
2813 1996 2989 2041 autem
3020 1999 3290 2057 superant,
3338 2006 3400 2045 ea
3446 2008 3550 2048 non
3589 2005 3715 2050 sunt

2136 2074 2364 2141 amplius
2393 2077 2718 2141 communia,
2766 2079 3081 2147 gravitatem
3109 2081 3230 2135 dico
3273 2092 3328 2138 et
3353 2084 3709 2153 honestatem,

2137 2162 2421 2227 fervorem,
2455 2166 2719 2232 pietatem,
2753 2183 2879 2238 erga
2906 2170 3173 2226 Christum
3201 2174 3567 2232 dilectionem.
3600 2181 3711 2236 Cur

2135 2270 2279 2324 ergo,
2313 2256 2542 2326 inquies,
2587 2260 2666 2314 eis
2695 2259 2970 2316 interdixit
3009 2264 3136 2318 sede
3164 2266 3442 2323 doctoris?
3487 2271 3581 2325 Est
3608 2274 3709 2327 hoc

2134 2362 2345 2416 quoque
2389 2349 2617 2418 signum,
2648 2352 2788 2419 quod
2828 2355 3050 2408 multum
3091 2356 3314 2413 interest
3356 2360 3496 2416 inter
3533 2378 3624 2418 eas
3653 2377 3708 2419 et

2135 2438 2296 2503 viros,
2335 2450 2389 2494 et
2414 2444 2553 2510 quod
2582 2459 2786 2512 magna:
2818 2446 3010 2501 fuerint
3035 2463 3154 2516 qum
3181 2460 3305 2504 tunc
3346 2464 3517 2509 erant.
3547 2456 3710 2511 Paulo

2133 2528 2639 2602 enim,dic,qu:eso,
2674 2535 2900 2590 docente
2928 2546 2980 2591 et
3013 2538 3169 2593 Petro
3200 2541 3303 2594 illis
3330 2544 3549 2610 sanetis,
3588 2563 3705 2600 mu-

2134 2622 2388 2676 lieremne
2416 2623 2481 2677 ad
2521 2641 2637 2680 eam
2676 2643 2788 2681 rem
2820 2629 3063 2695 prosilire
3091 2634 3399 2700 oporteret?
3430 2635 3579 2691 Nunc
3609 2653 3705 2692 au-

2134 2724 2238 2769 tem
2265 2730 2330 2770 eo
2368 2717 2610 2772 venimus
2657 2721 2908 2790 nequitia:
2947 2732 3000 2777 et
3039 2723 3416 2792 improbitatis,
3466 2738 3522 2782 ut
3546 2730 3705 2783 etiam

2132 2805 2324 2859 merito
2367 2819 2639 2876 quaeratur
2683 2825 2780 2863 cur
2824 2828 2928 2864 non
2969 2812 3164 2867 docent
3212 2816 3509 2872 mulieres:
3542 2833 3708 2888 usque

2130 2896 2264 2951 adeo
2288 2897 2599 2953 advenimus
2625 2900 2692 2954 ad
2721 2916 2901 2955 carum
2934 2902 3371 2961 imbecillitatem.
3424 2908 3548 2963 llmc
3569 2908 3704 2974 dixi,

2132 3003 2234 3041 non
2261 2988 2400 3057 quod
2431 2990 2588 3043 velim
2620 3006 2711 3045 eas
2737 2991 3015 3057 extollere,
3050 2995 3142 3048 sed
3186 2997 3339 3050 nobis
3376 2998 3505 3068 ipsis
3535 3000 3705 3069 pudo-

2131 3096 2244 3135 rem
2274 3081 2542 3150 incutere,
2576 3084 2896 3152 erudirequc
2917 3097 2970 3140 et
2993 3101 3230 3150 monere,
3260 3098 3317 3142 ut
3340 3089 3623 3158 imperium
3653 3103 3707 3147 et

2132 3171 2484 3241 principatum
2510 3174 2598 3241 qui
2631 3174 2783 3228 uehis
2825 3177 3070 3230 convenit
3116 3179 3488 3247 suscipiamus,
3518 3197 3622 3235 non
3650 3194 3705 3236 ut

2128 3262 2296 3317 simus
2332 3264 2585 3331 majores,
2612 3266 2708 3320 sed
2749 3276 2805 3321 ut
2845 3268 3218 3336 provideamus
3261 3281 3316 3325 et
3340 3288 3521 3328 curam
3550 3291 3706 3345 gera-

2130 3367 2248 3407 mus
2268 3362 2324 3408 et
2342 3368 2408 3407 ex
2432 3355 2627 3410 virtute
2647 3356 2808 3410 vitam
2831 3357 3187 3415 instituamus.
3214 3361 3361 3416 Tunc
3384 3365 3527 3418 enim
3561 3365 3611 3418 in
3640 3381 3705 3418 eo

2130 3453 2270 3498 statu
2303 3445 2356 3498 in
2381 3462 2487 3515 quo
2523 3448 2775 3502 convenit
2821 3449 2925 3504 erit
2949 3465 3165 3520 corpus,
3202 3455 3417 3522 quando
3442 3457 3703 3527 Optimum

2130 3535 2423 3605 principem
2461 3539 2551 3607 qui
2598 3538 2649 3593 ei
2689 3538 2912 3609 imperet
2957 3541 3116 3596 fuerit
3155 3557 3522 3614 assequutum.
3554 3548 3706 3603 Faxit

2128 3632 2307 3679 autem
2351 3626 2492 3681 Deus
2533 3636 2590 3680 ut
2624 3638 2679 3682 et
2718 3629 2928 3684 femina:
2965 3639 3020 3686 et
3062 3633 3160 3687 viri
3207 3636 3271 3688 ad
3316 3636 3410 3690 Dei
3455 3638 3701 3706 placitum

2129 3730 2315 3769 omnes
2356 3718 2557 3784 vivant,
2604 3728 2662 3771 ut
2688 3720 2830 3789 digni
2870 3736 3057 3776 omnes
3100 3724 3392 3780 habeamur
3420 3729 3472 3781 iu
3501 3729 3591 3783 illo
3616 3728 3704 3785 die

2131 3807 2354 3860 terribili
2401 3809 2490 3877 qui
2541 3808 2776 3864 fruamur
2823 3811 3148 3882 benignitate
3191 3815 3422 3882 Domini,
3467 3830 3522 3874 et
3569 3820 3702 3874 bona

2130 3900 2388 3965 promissa
2444 3916 2872 3972 consequanmr,
2924 3905 2976 3958 in
3033 3904 3249 3961 Christo
3300 3907 3426 3964 Jesu
3482 3911 3705 3967 Domino

2129 3996 2334 4043 nostro.

449 4121 3709 4149 Μ

1795 4194 2141 4257 HOMILIA
2186 4196 2358 4257 XIV.

442 4346 575 4402 Car.
623 4346 679 4399 ὁ.
727 4358 782 4397 v.
820 4342 910 4398 25.
948 4341 1165 4411 Propter
1189 4341 1324 4412 quod
1352 4340 1659 4410 deponentes
1687 4340 2022 4407 mendacium,

517 4437 780 4509 loquimini
814 4437 1070 4491 ueritatem
1109 4437 1447 4504 unusquisque
1479 4449 1595 4487 cum
1639 4435 1869 4503 proximo
1897 4450 1989 4488 suo
2011 4450 2029 4487 :

514 4530 752 4602 quoniam
797 4545 971 4583 sumus
996 4528 1205 4580 invicem
1244 4527 1485 4579 membra.
1535 4525 1625 4579 26.
1669 4523 1962 4579 Irascimini
1984 4534 2031 4576 et

519 4622 675 4676 nolite
721 4635 926 4689 peccare
963 4633 981 4671 :
1019 4618 1095 4670 sol
1149 4633 1250 4669 non
1293 4616 1489 4669 occidat
1529 4631 1679 4679 super
1715 4615 2031 4668 iracundiam

519 4725 735 4770 uestram
764 4728 783 4765 :
809 4711 901 4765 27.
926 4708 1081 4764 nolite
1112 4708 1276 4761 locum
1304 4709 1427 4761 dare
1451 4707 1672 4762 diabolo.

521 4809 572 4865 1.
607 4802 740 4861 Cum
771 4802 839 4857 de
866 4802 1033 4856 veteri
1081 4799 1299 4855 homine
1342 4799 1593 4853 universe
1635 4798 1863 4853 dixisset
1892 4808 1945 4853 et
1978 4799 2029 4852 in

447 4911 664 4968 genere,
678 4896 788 4965 jam
811 4907 933 4948 eum
961 4889 1215 4946 describit
1238 4889 1399 4942 etiam
1430 4888 1719 4958 sigillatiin.
1744 4888 1869 4942 Πειδο
1888 4890 2029 4942 enim

447 4988 691 5045 doctrina
717 4995 801 5041 est
830 4982 1039 5039 facilior
1060 4979 1130 5035 ad
1160 4978 1491 5041 discendum,
1524 4977 1736 5048 quando
1763 4978 1922 5031 etiam
1950 4978 2031 5032 di-

447 5081 647 5137 scimus
690 5076 1019 5148 singulatim.
1061 5070 1197 5140 Quid
1230 5079 1410 5126 autem
1440 5068 1608 5123 dicit?
1650 5067 1867 5139 Pmpter
1895 5069 2030 5139 quod

450 5174 753 5237 deponentes
777 5165 1116 5221 mendacium.
1145 5161 1299 5230 Quod
1339 5159 1712 5216 mendacium?
1740 5174 1869 5214 num
1903 5159 2031 5214 dicit

448 5260 622 5316 idola?
643 5258 757 5312 Non
786 5258 851 5312 de
879 5258 943 5312 iis
968 5257 1131 5312 dicit:
1151 5269 1272 5310 nam
1295 5253 1409 5308 haec
1431 5250 1646 5322 quidem
1665 5260 1788 5306 sunt
1812 5251 2033 5306 menda-

448 5352 592 5405 cium
609 5361 628 5416 ;
643 5347 737 5404 sed
757 5348 824 5402 de
845 5347 948 5401 illis
967 5361 1071 5402 non
1092 5361 1233 5402 nunc
1249 5345 1452 5417 agitur;
1474 5343 1603 5398 nihil
1623 5344 1765 5399 enim
1786 5342 1868 5397 his
1884 5358 2032 5397 com-

450 5457 612 5498 mune
635 5456 761 5497 cum
794 5441 899 5496 illis
926 5458 939 5494 :
970 5441 1064 5495 sed
1092 5441 1160 5496 de
1189 5440 1467 5495 mendacio
1496 5437 1638 5508 quod
1668 5437 1869 5508 profert
1894 5436 2032 5491 alter

448 5549 570 5588 cum
608 5533 780 5588 altero
804 5573 820 5599 ,
852 5530 996 5603 quod
1024 5541 1107 5585 est
1132 5531 1375 5586 dolosam
1401 5540 1456 5585 et
1481 5530 1895 5586 fraudulentum.
1924 5528 2031 5583 Lo-

447 5623 658 5694 quimini
677 5624 930 5678 veritatem
952 5624 1290 5693 unusquisque
1309 5639 1422 5678 cum
1441 5622 1670 5693 prqaimo
1691 5636 1802 5677 suo.
1829 5619 2030 5677 Deinde

2134 4341 2274 4410 quod
2302 4341 2464 4396 etiam
2492 4342 2749 4411 pudorem
2779 4344 2946 4413 magis
2972 4346 3159 4401 incutit
3191 4365 3203 4400 :
3240 4347 3492 4413 Quoniam
3535 4369 3710 4408 sanius

2132 4434 2340 4487 invicem
2362 4435 2601 4500 membra,
2622 4450 2781 4490 nemo
2809 4436 3041 4505 decipiat
3071 4440 3390 4508 proximum.
3410 4442 3561 4510 Quod
3591 4447 3709 4514 qui-

2134 4524 2255 4578 dem
2283 4524 2409 4579 dicit
2439 4526 2877 4597 psalmographus
2904 4527 2955 4581 id
2996 4544 3206 4583 sursum
3236 4540 3290 4583 et
3318 4531 3570 4587 deorsum
3596 4535 3709 4604 agi-

2137 4624 2276 4683 tans,
2293 4615 2452 4670 Labia
2471 4617 2648 4672 dolosa
2662 4619 2714 4671 in
2736 4620 2905 4683 corde,
2920 4620 3038 4673 etin
3062 4621 3212 4674 corde
3230 4622 3465 4691 loquutus
3485 4635 3557 4679 est
3576 4628 3709 4679 mala

2134 4704 2318 4775 (Psal.
2367 4708 2453 4761 11.
2489 4708 2557 4763 l3
2654 4708 2792 4762 Nihil
2824 4717 2906 4763 est
2931 4710 3101 4777 enim,
3124 4711 3256 4764 nihil
3282 4721 3365 4767 est
3389 4714 3532 4783 quod
3561 4732 3712 4783 aujue

2135 4796 2305 4866 pariat
2354 4797 2694 4863 inimicitias,
2728 4809 2886 4869 atque
2931 4799 3180 4869 decipere
3223 4810 3278 4856 et
3323 4802 3529 4860 fallere.
3582 4804 3712 4860 Vide

2133 4888 2398 4957 quomodo
2424 4888 2502 4943 eis
2529 4889 2724 4958 ubique
2751 4889 3008 4959 pudorem
3038 4891 3255 4945 incutiat
3278 4907 3373 4961 per
3397 4907 3612 4963 corpus.
3642 4895 3714 4947 Ne

2135 4978 2278 5032 fallat
2304 5020 2319 5043 ,
2347 4978 2554 5049 inquit,
2585 4981 2772 5034 oculus
2801 4980 2986 5049 pedem
3013 5021 3028 5046 ,
3059 4996 3231 5051 neque
3262 4997 3355 5051 pes
3383 4986 3617 5037 oculum.
3649 4985 3715 5040 Ut

2135 5080 2254 5140 puta
2278 5111 2292 5133 ,
2334 5070 2378 5123 si
2407 5070 2477 5125 sit
2502 5069 2642 5125 fossa
2671 5072 2928 5141 profunda
2952 5112 2968 5137 ,
2998 5082 3054 5126 et
3083 5086 3244 5142 super
3287 5085 3482 5128 terram
3526 5078 3715 5146 positis

2134 5161 2481 5216 arundinibus
2523 5169 2581 5215 et
2624 5172 2763 5216 terra
2807 5163 3044 5232 opertis,
3077 5163 3128 5217 in
3167 5164 3453 5233 superficie
3482 5167 3719 5236 prmbeat

2132 5254 2300 5307 oculis
2333 5253 2639 5323 opinionem
2670 5263 2826 5307 terrae
2853 5254 3074 5318 solidae;
3122 5269 3302 5309 annon
3333 5263 3513 5310 utetur
3538 5255 3676 5326 pede
3701 5298 3714 5317 ,

2134 5355 2193 5400 ut
2240 5346 2373 5399 sciat
2420 5360 2546 5400 num
2593 5346 2664 5399 sit
2711 5344 2933 5401 inferius
2961 5360 3224 5414 vacuum,
3252 5362 3318 5401 an
3351 5348 3651 5402 remittatur
3668 5359 3717 5401 et

2133 5436 2389 5492 resistat?
2414 5451 2540 5491 num
2569 5451 2674 5491 non
2702 5436 2848 5491 fallat
2869 5451 2987 5506 pes,
3009 5438 3102 5491 sed
3129 5437 3272 5507 quod
3298 5446 3383 5492 est
3409 5438 3717 5493 renuntiet?

2132 5526 2269 5594 Quid
2290 5540 2438 5591 vero,
2458 5526 2502 5583 si
2522 5535 2823 5596 serpentem
2841 5526 3035 5582 viderit
3052 5528 3261 5591 oculus,
3277 5534 3370 5581 aut
3386 5528 3574 5592 feram,
3593 5540 3715 5580 num

2134 5616 2268 5673 fallit
2297 5616 2531 5688 pedem?
2557 5632 2664 5673 non
2694 5617 2877 5673 statim
2908 5615 3223 5674 renuntiat?
3271 5616 3357 5671 ille
3385 5625 3566 5670 autem
3598 5629 3714 5671 cum
