4218 6266
436 270 534 327 {Oi

438 381 784 455 ἐπιϐουλεύῃ,
818 380 983 451 φησί;
1012 378 1083 432 Τὸ
1113 378 1305 448 ἀληθὲς
1335 376 1491 455 μάθε·
1526 376 1592 430 ἂν
1638 375 2005 446 γάρνὲπιϐου-

439 476 591 549 λεύῃ.
621 452 865 530 ούκνέστι
898 473 1074 544 μέλος.
1103 467 1237 525 Εἷπε
1267 471 1345 535 δὲ,
1487 471 1746 540 ψεύδεσθε
1775 470 1911 542 πρὸς
1944 469 2015 523 τὰ

444 573 596 648 [104]
626 574 784 646 μέλη.
827 571 1177 641 Ὀργὶζεσθε,
1216 568 1313 623 καί
1341 568 1428 639 μὴ
1460 569 1840 638 ἁμαρτάνετε.
1869 568 2015 638 Ὅρα

448 670 681 725 σύνεσιν·
711 671 805 725 καὶ
841 669 988 737 λέγει
1011 668 1158 729 ὅπως
1183 664 1257 736 μὴ
1298 666 1724 736 ἁμαρτήσωμεν,
1752 663 1846 716 καὶ
1868 680 2016 733 παρ-

447 767 784 828 ακούσαντας
811 765 969 818 πάλιν
993 764 1093 815 οὐκ
1117 760 1603 830 ἐγκαταλιμπάνει·
1633 760 1694 811 ού
1718 758 1823 830 γὰρ
1850 758 2016 827 ἀφίη-

452 877 535 914 σιν
562 860 723 915 αὑτοῦ
751 858 818 912 τὰ
847 858 1127 927 σπλάγχνα
1152 855 1220 909 τὰ
1236 854 1600 925 πνευματικά.
1623 854 1887 923 Καθάπερ
1910 852 2017 922 γὰρ

448 959 479 1011 6
506 955 683 1027 ἰατρὸς
700 953 1004 1024 διαγορεύει
1038 952 1135 1021 μὲν
1157 951 1225 1003 τὰ
1241 950 1489 1020 πρακτέα
1510 949 1589 1019 τῷ
1623 950 1903 1017 κάμνοντι,
1923 948 2017 1000 καὶ

452 1050 531 1121 μή
575 1049 939 1118 ἀνασχομένου
959 1046 1017 1099 δὲ
1053 1046 1203 1115 ὅμως
1247 1044 1309 1096 οὐ
1344 1044 1691 1112 καταφρονεῖ,
1739 1041 1873 1094 ἀλλά
1919 1042 2018 1111 τὴν

451 1150 516 1200 ἐκ
536 1145 634 1215 τῆς
669 1142 889 1206 πειθοῦς
906 1141 1138 1208 είσάγων
1160 1139 1488 1209 συμϐουλὴν,
1520 1136 1811 1207 θεραπεύει
1836 1135 2016 1199 πάλιν,

451 1242 595 1294 οὓτω
625 1239 720 1292 καὶ
754 1240 783 1291 6
834 1236 1062 1299 Παῦλος.
1101 1234 1160 1286 Ὀ
1202 1234 1300 1304 μὲν
1326 1235 1437 1304 γάρ
1480 1236 1654 1287 ἐκεῖνο
1704 1231 1891 1294 ποιῶν,
1920 1231 2021 1301 τὴν

454 1335 615 1400 δόξαν
649 1334 807 1405 μόνον
834 1332 1016 1402 ζητεῖ,
1057 1333 1151 1385 καὶ
1195 1331 1277 1382 ὅτι
1309 1328 1683 1400 κατεφρονήθη
1729 1328 1980 1381 δάκνεται
2003 1342 2018 1356 ’

456 1435 485 1485 6
521 1432 576 1484 δέ
609 1427 885 1497 πανταχοῦ
927 1427 1025 1496 τὴν
1055 1428 1243 1495 ὑγείαν
1268 1425 1359 1478 τοῦ
1396 1424 1691 1494 κάμνοντος,
1726 1421 2022 1492 ἐπιζητῶν,

458 1526 595 1596 πρὸς
628 1523 685 1575 ἐν
712 1522 872 1575 τοῦτο
903 1521 1061 1591 μόνον
1093 1522 1215 1592 ὁρᾷ,
1262 1520 1409 1582 ὅπως
1461 1519 1740 1591 ἀναστήσῃ
1770 1517 1860 1570 τὸν
1908 1518 2022 1571 κεί-

463 1635 643 1690 μενον.
674 1616 843 1669 Τοῦτο
890 1615 983 1667 καὶ
1028 1616 1057 1667 6
1107 1612 1317 1675 Παῦλος
1351 1613 1511 1665 ποιεῖ.
1566 1610 1701 1665 Είπε
1729 1652 1744 1674 ,
1773 1611 1865 1680 Μὴ
1892 1611 2025 1681 ψεύ-

458 1713 633 1766 δεσθε·
666 1715 714 1766 εἰ
736 1711 795 1764 δέ
824 1727 954 1763 ποτε
972 1708 1180 1777 γένοιτο
1198 1707 1306 1761 ἀπὸ
1332 1706 1557 1777 ψεύδους
1581 1706 1740 1778 ὀργὴ,
1764 1705 2029 1760 καὶτοῦτο

461 1807 755 1880 θεραπεύει
785 1806 966 1860 πάλιν.
990 1805 1055 1857 Τί
1076 1805 1182 1874 γάρ
1215 1819 1414 1875 φησιν;
1453 1802 1801 1872 ὀργίζεσθε,
1822 1803 1918 1855 καὶ
1943 1801 2028 1871 μὴ

461 1902 846 1973 ἁμαρτάνετε.
879 1899 1056 1954 Καλὸν
1082 1899 1181 1969 μὲν
1205 1899 1313 1968 γὰρ
1335 1898 1395 1950 τδ
1425 1896 1500 1967 μὴ
1527 1896 1864 1967 ὀργίζεσθαι·
1895 1898 1944 1949 εί
1973 1896 2031 1949 δέ

462 2016 546 2061 τις
579 1996 806 2067 ἐμπέσοι
837 1996 965 2048 ποτέ
986 1996 1064 2060 είς
1091 1994 1153 2047 16
1173 1993 1364 2060 πάθος,
1387 1991 1521 2045 ἀλλά
1553 1991 1628 2062 μὴ
1651 1992 1732 2054 εἰς
1753 1989 2026 2045 τοσοῦτον.

474 2095 530 2147 '0
555 2094 727 2161 ἣλιος
765 2093 890 2166 γὰρ,
928 2091 1097 2162 φησὶ,
1131 2089 1219 2161 μὴ
1258 2088 1545 2143 ἐπιδυέτω
1571 2085 1669 2139 ἐπὶ
1700 2083 1780 2151 τῷ
1822 2102 2036 2155 παρορ-

467 2188 657 2261 γισμῷ
681 2187 865 2257 ὑμῶν.
898 2186 1087 2239 Βούλει
1109 2186 1210 2255 1’1);
1239 2185 1408 2256 ὀργῆς
1435 2180 1851 2254 ἐμπλησθῆναις
1878 2182 2039 2250 ἀρκεῖ

468 2301 551 2336 σοι
581 2284 678 2351 μία
708 2264 825 2353 ῶρα
869 2283 962 2335 καὶ
998 2279 1227 2349 δευτέρα
1256 2279 1349 2332 καὶ
1377 2278 1533 2348 τρίτη
1560 2294 1574 2308 ο
1612 2276 1689 2347 μὴ
1725 2274 2037 2330 καταλιπὼν

469 2378 698 2448 ἐχθροὺς
730 2377 874 2445 ὑμᾶς
896 2377 924 2427 6
943 2374 1092 2445 ἥλιος
1115 2373 1358 2427 ἀπέλθοι.
1400 2373 1534 2425 Ἀπὸ
1559 2372 1892 2443 ἀγαθότητος
1942 2374 2039 2425 ἀν-

473 2471 664 2532 έτειλε,
688 2470 764 2540 μή
786 2468 1110 2540 ἀπερχέσθω
1139 2469 1219 2531 είς
1238 2466 1489 2532 ἀναξίους
1520 2465 1759 2535 λάμψας.
1795 2468 1858 2519 El
1882 2465 1992 2536 γὰρ
2013 2467 2043 2519 6

472 2566 748 2634 Δεσπότης
774 2565 935 2618 αὑτὸν
958 2563 1065 2619 ἀπὸ
1093 2561 1292 2629 πολλῆς
1321 2558 1657 2630 ἀγαθότητος
1686 2560 1920 2630 έπεμψε,
1950 2562 2043 2615 καὶ

474 2661 633 2723 αὐτὸς
664 2661 761 2731 μὲν
792 2659 971 2729 ἀφῆκέ
1000 2675 1082 2711 σοι
1105 2659 1174 2712 τά
1211 2657 1603 2727 ἁμαρτήματα,
1631 2658 1696 2708 σὺ
1720 2656 1775 2709 δὲ
1806 2656 1884 2726 τῷ
1908 2658 2046 2727 πλη·-

475 2758 590 2811 σίον
626 2756 727 2809 οὐκ
761 2756 948 2827 ἀφίης,
984 2755 1085 2825 δρα
1124 2755 1290 2807 πόσον
1320 2752 1381 2806 τὸ
1428 2752 1619 2807 κακόν.
1669 2752 1777 2804 Καὶ
1824 2751 1951 2806 ἄλλο
1986 2753 2044 2806 δὲ

478 2853 617 2924 μετὰ
643 2850 855 2906 τούτουο
892 2851 1093 2904 δέδοικε
1120 2849 1219 2920 τὴν
1252 2848 1421 2903 νύκτα
1448 2851 1476 2902 6
1518 2848 1784 2918 μακάριος
1814 2848 2044 2914 Παῦλος,

481 2947 558 3018 μὴ
596 2944 836 3001 λαϐοῦσα
890 2945 977 2997 ἐπ’
1015 2942 1248 3014 ἐρημίας
1297 2942 1390 2995 τὸν
1447 2941 1775 3012 ἠδικημένον
1813 2942 1893 2995 ἐτι
1924 2943 2050 3012 φλε-

478 3042 798 3113 γμαίνοντα,
830 3039 1114 3112 ἀνακαύσῃ
1138 3040 1198 3093 16
1226 3038 1510 3110 πῦρ.¹Ἐως
1540 3040 1637 3110 μὲν
1657 3039 1764 3110 γάρ
1788 3042 1854 3093 ἂν
1881 3041 2050 3094 πολλά

481 3138 742 3209 ἐκκρούῃ,
771 3137 870 3207 τῆς
898 3136 1110 3208 ἡμέρας
1142 3134 1329 3205 οὔσης,
1357 3134 1534 3199 ἔξεστί
1560 3151 1643 3187 σοι
1672 3135 2048 3206 ἐμφορεῖσθαι’

482 3234 609 3287 ἄταν
638 3231 696 3286 δέ
751 3231 932 3303 μέλλοι
984 3231 1191 3301 ἐσπέρα
1225 3229 1502 3299 γίνεσθαι,
1557 3230 1924 3283 καταλλάττου
1959 3234 2053 3286 καὶ

483 3328 794 3399 πρόσφατον
818 3326 1010 3379 σϐέσον
1034 3325 1096 3377 τὸ
1121 3326 1307 3378 κακόν.
1339 3326 1438 3378 “Av
1457 3325 1565 3395 γὰρ
1591 3324 1686 3389 νὺξ
1709 3325 2050 3391 ἐπιλάϐηται,

481 3424 583 3479 οὐκ
608 3424 836 3495 ἀρκέσει
866 3423 900 3493 ἡ
937 3422 1073 3493 μετὰ
1102 3421 1272 3474 ταῦτα
1294 3422 1475 3493 ἡμέρα
1503 3421 1565 3474 16
1593 3414 1855 3492 συναχθὲν
1885 3422 1977 3476 καὶ
1996 3425 2054 3476 ἐν

486 3523 556 3591 τῇ
584 3519 741 3572 νυκτὶ
790 3517 978 3570 σϐέσαι
1019 3518 1187 3570 κακόν
1209 3532 1227 3551 ο
1258 3516 1395 3570 ἀλλά
1437 3516 1538 3570 κᾶν
1576 3517 1638 3569 τὸ
1672 3517 1831 3571 πλέον
1860 3518 2054 3572 ὑποτέ-

490 3628 620 3689 μῃς,
654 3615 719 3665 τδ
747 3612 804 3665 δὲ
834 3612 955 3665 ὅλον
987 3611 1062 3682 μὴ
1090 3610 1344 3681 δυνηθῇς,
1385 3609 1547 3663 πάλιν
1583 3609 1797 3664 δίδωσιν
1826 3612 1935 3665 ἀπὸ
1964 3613 2055 3665 τοῦ

488 3708 905 3776 ὑπολειφθέντος
924 3709 989 3776 τῇ
1015 3705 1245 3779 ἐπιούσῃ
1263 3704 1420 3760 νυκτὶ
1441 3703 1801 3774 σφοδροτέραν
1821 3706 2058 3775 ἐργάσα-

490 3800 617 3853 σθαι
635 3798 734 3870 τὴν
766 3799 965 3870 πυράν.
996 3797 1107 3851 Καὶ
1129 3796 1378 3867 καθάπερ
1406 3798 1434 3849 6
1456 3795 1623 3867 ἣλιος,
1651 3796 1717 3850 ἂν
1744 3798 1802 3850 τὸ
1819 3799 2057 3868 νεφωθέν

494 3896 591 3950 καὶ
627 3894 908 3948 πυκνωθὲν
945 3892 1041 3947 τοῦ
1072 3892 1231 3964 ἀέρος
1258 3890 1346 3944 διὰ
1376 3892 1474 3960 τῆς
1510 3892 1702 3954 νυκτὸς
1748 3894 1824 3964 μὴ
1851 3897 2060 3969 ἀρκέσῃ

498 3994 563 4062 τῇ
594 3990 933 4063 καθημερινῇ
959 3988 1191 4060 μαλάξαι
1213 3988 1306 4041 καὶ
1333 3987 1679 4042 διασκεδάσαι
1705 3988 1901 4062 θέρμῃ,
1932 3991 2062 4043 ὑπό-

492 4086 640 4140 θεσιν
666 4085 929 4156 χειμῶνος
959 4083 1291 4155 παρέχεται,
1320 4082 1420 4152 τῆς
1450 4083 1641 4145 νυκτὸς
1668 4085 2062 4156 ἐπιλαϐομένης

492 4181 587 4236 τοῦ
640 4182 925 4251 λειψάνου,
980 4181 1074 4232 καὶ
1132 4178 1293 4232 πάλιν
1336 4177 1468 4232 αὐτὸ
1514 4178 1818 4248 τρεφούσης
1856 4181 2062 4250 ἑτέροις

497 4278 710 4346 ἀτμοίςο
735 4275 880 4329 οὕτω
910 4275 1006 4327 καλ⁵
1031 4274 1123 4327 ἐπί⁵
1149 4275 1246 4342 τῆς
1265 4274 1452 4345 ὀργῆς.
1484 4273 1647 4341 Μήτε
1665 4274 1860 4329 δίδοτε
1879 4276 2065 4330 τόπον

498 4367 580 4435 τῷ
605 4369 879 4432 διαϐόλῳ.
915 4369 1079 4421 Ὥστε
1106 4369 1167 4421 16
1188 4366 1445 4437 ἀλλήλους
1469 4368 1745 4438 πολεμεῖν,
1769 4368 1930 4420 τόπον
1950 4370 2065 4420 ἐστὶ

493 4463 677 4517 δοῦναι
707 4463 784 4534 τῷ
820 4462 1067 4532 διαϐόλῳ.
1098 4464 1225 4517 Δέον
1252 4462 1359 4532 γὰρ
1384 4462 1592 4525 πάντας
1616 4464 2062 4533 συμπεφράχθαι,

472 4561 590 4639 Δκαὶ
611 4561 735 4614 κατ’
763 4560 972 4613 ἐκείνου
996 4559 1268 4621 ἵστασθαι,
1293 4558 1615 4621 ἐκλύσαντες
1644 4560 1803 4629 ἡμεῖς
1822 4561 1918 4629 τήν
1936 4559 2068 4629 πρὸς

494 4657 701 4709 ἐκεῖνον
747 4653 965 4723 ἔχθραν,
1005 4654 1089 4705 ἐπ’
1119 4652 1378 4721 ἀλλήλους
1410 4652 1701 4723 κελεύομεν
1750 4652 2064 4723 τρέπεσθαι.

494 4748 762 4803 Οὐδέποτε
791 4745 899 4817 γὰρ
924 4743 1097 4808 οὕτως
1143 4744 1256 4815 ἔχει
1287 4744 1446 4797 τόπον
1475 4748 1504 4798 6
1547 4745 1788 4810 διάϐολος
1812 4785 1825 4809 ,
1873 4746 1948 4810 ὡς
1996 4748 2052 4798 ἐν

503 4847 623 4909 ταῖς
658 4843 901 4915 ἔχθραις.
966 4918 969 4921 Α

572 5061 642 5135 β’.
658 5060 740 5115 Τά
768 5059 935 5131 μυρία
958 5057 1209 5112 ἐντεῦθεν
1240 5056 1386 5110 κακά
1409 5056 1670 5115 τίκτεται.
1690 5059 1799 5111 Καὶ
1825 5059 2073 5133 καθάπερ

494 5157 604 5218 ἕως
637 5158 733 5226 μὲν
754 5158 820 5210 ἂν
851 5151 990 5209 ὦσιν
1018 5154 1355 5227 ἡρμοσμένοι
1375 5152 1529 5217 λίθοι,
1579 5153 1671 5207 καὶ
1704 5154 1868 5225 μηδὲν
1892 5157 2073 5210 διάκε-

506 5268 598 5306 νον
630 5252 865 5321 ἐχοντες,
908 5254 1200 5324 ἑστήκασιν
1225 5252 1509 5323 ἀρῤαγεῖς’
1544 5248 1609 5303 ἂν
1635 5249 1690 5302 δέ
1725 5249 1944 5319 βελόνης
1975 5253 2073 5320 μό-

506 5364 606 5416 νης
628 5346 908 5417 διάτρησιν
935 5347 1176 5418 διαμπὰξ
1195 5345 1587 5417 γεγενημένην,
1610 5345 1643 5416 ἢ
1672 5347 1878 5415 ραγάδα
1893 5347 2076 5418 τριχὸς

506 5442 812 5513 ἐπέχουσαν
842 5440 1004 5495 τόπον
1044 5442 1224 5514 συμϐῇ
1277 5442 1551 5510 γενέσθαι,
1585 5441 1741 5494 τοῦτο
1766 5442 1943 5495 πάντα
1979 5460 2077 5497 κα-

506 5539 692 5593 ταλύει
709 5541 802 5594 καὶ
817 5537 1128 5593 ἀπόλλυσιν·
1141 5538 1282 5593 οῦτω
1302 5541 1396 5594 καὶ
1416 5539 1508 5593 ἐπὶ
1527 5536 1675 5611 [105]
1698 5539 1790 5592 τοῦ
1810 5538 2072 5593 διαϐόλου’

508 5634 612 5698 hoc
637 5635 737 5705 μιν
760 5635 825 5691 ἂν
863 5629 1013 5705 ὦμεν
1047 5636 1459 5705 πεπυκνωμένοι
1487 5634 1580 5688 καὶ
1615 5632 2070 5707 συνηρμοσμένοι,

1125 262 1184 317 S.
1224 258 1508 316 JOANNIS
1546 253 2027 313 CHRYSOSTOMI
2065 255 2388 313 ARCHIEP.
2426 257 2972 314 CONSTANTINOP.

3584 265 3683 320 102

2114 376 2265 433 οὐδὲν
2289 378 2428 441 ὅλως
2450 380 2733 447 ἐπεισάγει
2767 378 2877 432 τῶν
2922 376 3106 432 αὐτοῦ·
3138 378 3355 432 ἐπειδάν
3379 378 3436 433 δέ
3491 379 3685 450 μικρὸν

2112 477 2259 546 ἡμᾶς
2293 476 2661 550 διαχαυνώσῃ,
2690 476 2942 547 καθάπερ
2985 493 3069 539 τις
3107 476 3441 547 χειμάρρους
3470 476 3681 546 ἐπιχέεο

2112 571 2535 641 ται.Πανταχοῦ
2582 574 2690 641 γὰρ
2725 572 2895 642 ἀρχῆς
2955 570 3104 641 αύτῷ
3155 570 3314 641 χρεία
3352 570 3538 641 μόνης,
3592 572 3681 623 καὶ

2112 664 2271 719 τοῦτό
2296 667 2415 718 ἐστι
2440 666 2501 719 16
2544 666 3007 738 δυσκατόρθωτονσ
3038 667 3227 719 τούτου
3275 664 3334 718 δέ
3366 665 3683 735 γενομένου.

2115 762 2275 826 αὐτὸς
2306 762 2484 833 ἑαυτῷ
2506 764 2575 818 τά
2607 765 2781 818 πάντα
2809 763 3046 835 εὐρύνειο
3086 762 3267 816 λοιπὸν
3288 763 3396 833 γάρ
3414 762 3686 826 διαϐολαῖς

2115 855 2181 908 τὰ
2212 850 2328 909 ὦτα
2355 858 2590 926 ἀνέῳγε,
2644 858 2740 911 καὶ
2760 859 2809 910 οί
2828 857 2896 909 τὰ
2926 857 3097 925 ψευδῆ
3136 856 3405 924 λέγοντες,
3434 856 3687 908 πιστότε-

2121 969 2225 1022 ροιο
2256 952 2355 1023 τὴν
2387 953 2495 1024 γὰρ
2529 952 2728 1024 ἔχθραν
2756 953 2938 1023 έχουσι
2963 951 3308 1017 δικάζουσαν,
3340 951 3401 1004 οὐ
3429 950 3526 1021 τὴν
3553 949 3687 1019 ἀλή-

2120 1046 2269 1099 θειαν
2299 1048 2610 1118 κρίνουσαν.
2646 1047 2756 1101 Καὶ
2787 1045 2973 1116 ῶσπερ
3010 1044 3191 1115 φιλίας
3241 1042 3431 1113 οὔσης,
3492 1044 3586 1097 καὶ
3618 1042 3689 1095 τὰ

2119 1140 2293 1210 ἀληθῆ
2325 1141 2490 1210 ψευδῆ
2520 1142 2767 1210 φαίνεται
2801 1140 2909 1193 τῶν
2945 1139 3151 1193 κακῶν
3179 1138 3351 1201 οὕτως
3373 1137 3569 1209 ἔχθρας
3596 1134 3687 1189 οὔ·

2123 1251 2247 1304 σης,
2284 1237 2384 1288 καὶ
2409 1236 2479 1289 τὰ
2508 1236 2679 1306 ψευδῆ
2704 1234 2896 1306 ἀληθῆ¹
2923 1235 3107 1307 ἐτερος
3130 1233 3273 1297 νοῦς,
3305 1232 3489 1303 ἕτερον
3535 1231 3688 1284 δικα-

2126 1334 2367 1404 στήριον,
2397 1334 2496 1388 οὐκ
2527 1333 2587 1398 ἐξ
2623 1333 2743 1402 ἴσης
2773 1331 2991 1398 ἀκοῦον,
3020 1331 3155 1385 ἀλλά
3182 1330 3321 1401 μετά
3358 1328 3559 1395 πολλῆς
3590 1328 3689 1396 τῆς

2124 1427 2498 1497 προσκλίσεως
2522 1428 2617 1481 καὶ
2636 1428 3013 1500 ἐπιρῤεπείας.
3042 1426 3306 1496 Καθάπερ
3334 1426 3442 1496 γάρ
3464 1426 3521 1477 ἐν
3543 1424 3689 1492 ζυγῷ

2129 1522 2381 1593 μόλυϐδος
2413 1523 2731 1594 προστεθεὶς
2782 1524 2841 1576 16
2869 1524 2975 1575 πᾶν
3006 1521 3273 1575 εἵλκυσεν·
3308 1520 3453 1573 οὕτω
3479 1520 3572 1573 καὶ
3603 1521 3691 1572 ἐν-

2126 1619 2322 1681 ταῦθα,
2355 1619 2416 1673 16
2448 1620 2545 1689 τῆς
2566 1620 2765 1689 ἔχθρας
2796 1618 2980 1689 βάρος,
3020 1617 3282 1688 μολύϐδου
3316 1616 3694 1687 χαλεπώτερον

2127 1716 2206 1770 6v.
2240 1715 2350 1781 Διὸ,
2410 1715 2737 1786 παρακαλῶ,
2769 1716 2948 1768 πάντα
2981 1714 3333 1785 πράττωμεν,
3392 1712 3534 1766 ὥστε
3589 1714 3695 1782 πρὸ

2129 1810 2224 1865 τοῦ
2265 1812 2415 1882 ἡλίου
2450 1810 2732 1866 σϐεννύναι
2762 1810 2860 1873 τὰς
2887 1809 3104 1879 ἔχθρας.
3137 1810 3236 1862 Ἂν
3260 1809 3367 1878 γάρ
3395 1811 3462 1878 τῇ
3516 1808 3696 1878 ἡμέρᾳ

2131 1912 2198 1981 τῇ
2231 1908 2428 1981 πρώτῃ
2466 1908 2543 1979 μὴ
2588 1907 2865 1979 κρατήσῃς
2907 1908 3001 1960 καὶ
3028 1908 3095 1977 τῇ
3127 1905 3272 1975 ἑξῆς,
3301 1904 3561 1966 πολλάκις
3604 1905 3699 1957 καὶ

2135 2007 2215 2068 είς
2244 2007 2485 2071 ἐνιαυτὸν
2505 2003 2672 2073 αὐτὴν
2693 2002 2980 2067 ἐξέτεινας,
3001 2002 3095 2054 καὶ
3117 1999 3254 2070 αὐτὴ
3271 2000 3466 2069 ἑαυτὴν
3497 1998 3567 2068 ηε
3584 1998 3699 2065 ξησε

2134 2103 2317 2157 λοιπὸν
2351 2104 2384 2172 ἡ
2415 2102 2601 2173 ἔχθρα,
2627 2101 2718 2155 καὶ
2743 2101 2804 2154 οὐ
2832 2098 3001 2152 δεῖταί
3035 2115 3201 2160 τινος.
3229 2098 3339 2151 Καὶ
3360 2098 3580 2169 ῥήματα
3592 2094 3701 2166 γὰρ

2141 2200 2343 2272 ἐτέρως
2378 2199 2647 2270 λεγόμενα
2681 2198 2883 2269 ἐτέρως
2938 2195 3265 2249 ὑποπτεύειν
3325 2193 3574 2257 ποιοῦσα,
3609 2195 3704 2246 καὶ

2144 2301 2401 2370 σχήματα
2429 2302 2521 2353 καὶ
2548 2300 2655 2352 πᾶν
2686 2297 2864 2352 ὁτιοῦν
2892 2296 3137 2366 ἐκθηριοί
3174 2295 3267 2348 καὶ⁸
3294 2294 3562 2363 ὲξαγριοῖ,
3612 2294 3707 2344 καὶ

2140 2396 2248 2448 τῶν
2280 2394 2621 2466 μαινομένων
2656 2393 2822 2464 χείρω
2877 2390 3201 2460 διατίθησιν,
3247 2389 3371 2443 οὔτε
3425 2390 3489 2443 16
3538 2388 3707 2456 ὖνομσ.

2146 2493 2338 2553 είπεῖν,
2374 2489 2497 2543 οὔτε
2546 2488 2776 2543 ἀκοῦσαι
2826 2488 3148 2559 ἀνεχομένη,
3183 2486 3298 2539 ἀλλ’
3323 2485 3430 2539 ἀπὸ
3467 2483 3577 2538 τῶν
3600 2482 3710 2534 λοι-

2142 2588 2333 2660 δοριῶν
2357 2586 2568 2641 ἅπαντα
2603 2584 2970 2655 φθεγγομένη.
3011 2583 3135 2646 Πῶς
3164 2577 3256 2636 οῦν
3289 2578 3599 2652 μαλάξομεν
3620 2576 3710 2629 τδν

2145 2683 2347 2754 θυμόν;
2376 2682 2494 2747 πῶς
2541 2682 2804 2751 σϐέσομεν
2832 2681 2930 2750 τὴν
2979 2679 3192 2749 φλόγας
3250 2679 3347 2730 Ἂν
3399 2676 3469 2730 τὰ
3501 2672 3711 2729 ἑαυτῶν

2148 2781 2521 2852 ἁμαρτήματα
2558 2780 2921 2857 ἐννοήσωμεν,
2948 2778 3044 2831 καὶ
3070 2776 3191 2830 ὅσον
3217 2775 3382 2844 ἐσμὲν
3423 2772 3713 2827 ὑπεύθυνοι

2146 2875 2224 2947 τῷ
2249 2874 2388 2945 Θεῷ·
2412 2874 2477 2928 ἂν
2508 2875 2870 2944 ἐννοήσωμεν,
2917 2874 2999 2926 ὅτι
3048 2872 3110 2924 ού
3144 2871 3236 2924 τὸν
3288 2869 3481 2940 ἐχθρὸν
3513 2868 3715 2939 ἀμυνό-

2153 2968 2311 3039 μεθα,
2353 2968 2465 3021 ἀλλ’
2496 2968 2643 3038 ἡμᾶς
2673 2965 2890 3030 αύτούς·
2953 2966 3019 3020 ἂν
3074 2966 3437 3034 ἐννοήσωμεν,
3490 2964 3574 3017 ὃτι
3624 2961 3716 3015 τὸν

2153 3068 2400 3124 διάϐολον
2429 3065 2811 3136 εὐφραίνομεν,
2847 3066 2928 3119 ὅτι
2953 3065 3042 3118 τὸν
3068 3062 3260 3134 ἐχθρὸν
3288 3062 3379 3115 16v
3425 3061 3713 3132 ἡμέτερον,

2153 3167 2243 3221 τὸν
2274 3165 2441 3227 ὅντως
2465 3162 2678 3234 ἐχθρὸν,
2695 3162 2762 3215 δι’
2782 3160 2841 3215 ὃν
2862 3161 2921 3214 τὸ
2948 3159 3107 3231 μέλος
3137 3158 3484 3228 τὸοήμέτερον
3505 3155 3717 3209 ἀδικοῦ-

2158 3280 2279 3336 μεν.
2316 3260 2502 3313 Βούλει
2536 3255 2673 3312 εἶναι
2734 3256 3066 3329 μνησίκακος
3094 3255 3188 3307 καὶ
3218 3252 3448 3324 ἐχθρός;
3498 3249 3719 3321 Ἐχθρὸς

2154 3360 2266 3420 ἐσο,
2298 3356 2435 3412 ἀλλὰ
2465 3354 2559 3409 τοῦ
2585 3354 2857 3417 διαϐόλου,
2897 3353 2974 3423 μὴ
3004 3350 3099 3403 τοῦ
3136 3351 3327 3421 μέλους
3351 3348 3447 3402 τοῦ
3482 3346 3599 3400 σοῦ.
3623 3346 3720 3399 Διᾶι

2153 3454 2315 3508 τοῦτο
2338 3452 2483 3523 ἡμᾶς
2518 3449 2724 3503 ὥπλισε
2748 3449 2826 3517 τῷ
2849 3446 3005 3516 θυμῷ
3024 3447 3053 3498 6
3072 3444 3222 3508 Θεὸς.
3240 3444 3339 3513 οὐχ
3372 3444 3459 3497 ἵνα
3488 3443 3550 3496 16
3571 3441 3722 3509 ξίφος

2155 3549 2295 3604 κατά
2315 3549 2422 3602 τῶν
2446 3548 2726 3619 ἡμετέρων
2752 3543 3039 3615 σωμάτων,
3065 3540 3182 3595 ἀλλ’
3210 3540 3298 3593 ἴνα
3316 3537 3607 3610 ὀλόκληρον
3623 3537 3720 3606 τήν

2161 3644 2433 3715 μάχαιραν
2484 3646 2562 3706 εἰς
2592 3642 2651 3694 τὸ
2681 3639 2776 3693 τοῦ
2830 3637 3075 3692 διαϐόλου
3123 3635 3313 3705 στῆθος
3351 3633 3719 3704 βαπτίζωμεν.

2172 3743 2317 3794 Ἐκεῖ
2341 3739 2402 3791 16
2426 3738 2577 3806 ξίφος
2606 3736 2887 3805 ἐγκλεισον
2917 3734 3080 3804 μέχρι
3104 3731 3204 3800 τῆς
3240 3730 3431 3800 λαϐῆς,
3454 3730 3501 3782 εί
3522 3728 3717 3799 βούλει,

2159 3840 2253 3892 καὶ
2273 3837 2370 3906 τὴν
2399 3835 2567 3905 λαϐήν
2596 3833 2784 3902 αὐτὴν,
2821 3834 2916 3886 καλ⁸
2955 3829 3223 3901 μηδέποτε
3252 3827 3557 3897 ἐκσπάσῃς,
3587 3823 3723 3878 ἀλλά

2161 3935 2256 3988 καὶ
2282 3935 2470 4004 ἕτερον
2499 3930 2751 4002 πρόσθες.
2776 3928 2946 3982 Τοῦτο
2988 3926 3044 3978 δὲ
3065 3925 3238 3990 ἔσται,
3272 3925 3401 3978 ὅταν
3424 3921 3583 3993 ἡμῶν
3611 3936 3726 3989 φειο

2160 4028 2399 4100 δώμεθα,
2432 4028 2559 4081 ὅταν
2587 4025 2878 4096 εἰρηνικῶς
2907 4023 3042 4094 πρὸς
3068 4020 3331 4091 ἀλλήλους
3361 4014 3723 4087 διακεὼμεθα.

2174 4125 2411 4197 Ἐῤῥέτω
2442 4125 2721 4193 χρήματα,
2783 4119 2989 4191 ἐρρέτω
3037 4116 3161 4182 δόξα
3215 4116 3310 4168 καὶ
3357 4111 3726 4181 εὐδοκίμησις’

2164 4221 2379 4272 πάντων
2423 4217 2481 4270 16
2527 4217 2685 4286 μέλος
2738 4215 2799 4267 16
2834 4213 2965 4283 ἐμὸν
2999 4211 3122 4281 ἐμοὶ
3170 4207 3516 4280 τιμιώτερον.
3547 4203 3731 4257 Ταῦτα

2163 4310 2407 4381 λέγωμεν
2440 4310 2573 4381 πρὸς
2598 4306 2821 4370 ἑαυτούς
2843 4322 2857 4335 ⁸
2916 4305 2989 4377 μὴ
3014 4305 3111 4374 τὴν
3140 4303 3299 4371 φύσιν
3330 4300 3603 4369 ἀδικῶμεν
3635 4297 3732 4368 τήν

2165 4411 2457 4481 ἡμετέραν,
2482 4408 2567 4461 ἵνα
2624 4407 2876 4477 χρήματα
2908 4401 3259 4472 κτησώμεθα.
3292 4400 3380 4451 ἵνα
3408 4397 3565 4465 δόξης
3610 4396 3735 4446 ἐπι-

2167 4487 2440 4578 τύχωμεν.
2505 4504 2564 4555 '0
2618 4504 2913 4563 κλέπτων,
2949 4497 3158 4567 μηκέτι
3182 4494 3503 4555 κλεπτέτω,
3547 4492 3731 4559 φησίν.

2180 4605 2340 4675 Ὁρᾷς
2373 4601 2493 4654 τίνα
2521 4599 2588 4652 τὰ
2627 4597 2760 4667 μέλη
2791 4593 2884 4647 τοῦ
2913 4593 3142 4646 παλαιοῦ
3164 4590 3449 4661 ἀνθρώπου
3474 4605 3487 4652 ;
3518 4587 3732 4656 ψεῦδος,

2172 4694 2522 4769 μνησικακία,
2549 4693 2742 4754 κλοπή.
2767 4690 2866 4743 Διά
2892 4689 2943 4740 τί
2970 4689 3044 4758 μὴ
3071 4684 3245 4749 εἶπεν,
3283 4682 3340 4737 '0
3361 4684 3608 4737 κλέπτων
3643 4699 3735 4734 κο-

2169 4793 2431 4859 λαζέσθω,
2463 4789 2852 4860 βασανιζέσθω,
2895 4783 3291 4855 στρεϐλούσθω,
3329 4781 3485 4845 ἀλλά,
3516 4779 3736 4846 Μηκέτι

2174 4892 2484 4945 κλεπτέτω
2505 4904 2518 4918 ·
2555 4886 2796 4956 μᾶλλον
2825 4881 2893 4936 δὲ
2925 4879 3184 4935 κοπιάτω
3235 4877 3623 4946 ἐργαζόμενος
3674 4875 3737 4928 τὸ

2172 4986 2398 5056 ἀγαθὸν
2451 4983 2581 5048 ταῖς
2634 4980 2866 5049 χερσὶν,
2928 4978 3029 5029 ἵνα
3071 4974 3183 5044 ἔχῃ
3232 4973 3613 5043 μεταδιδόναι
3663 4969 3742 5034 τῷ

2176 5084 2384 5154 χρείαν
2412 5082 2615 5150 ἔχοντι
2636 5094 2653 5141 ;
2678 5076 2787 5130 Ποῦ
2805 5076 2855 5128 οἱ
2877 5073 3121 5141 Καθαροί
3147 5071 3447 5139 λεγόμενοι,
3463 5069 3513 5120 οί
3544 5067 3741 5128 παντὸς

2178 5182 2349 5252 ῥύπου
2378 5180 2659 5248 γέμοντες,
2694 5175 2788 5228 καὶ
2817 5171 2975 5225 τοῦτο
3027 5170 3253 5232 ἑαυτοὺς
3299 5166 3585 5236 ὀνομάζειν
3621 5170 3741 5218 τολ-

2180 5277 2384 5348 μῶντες
2409 5292 2423 5340 ;
2454 5273 2610 5327 Ἐστι
2641 5270 2773 5339 γὰρ,
2804 5268 2950 5319 ἐστιν
2978 5264 3352 5318 ἀποδύσασθαι
3376 5264 3437 5317 τὸ
3469 5262 3738 5331 ἔγκλημα,

2175 5376 2236 5429 οὐ
2263 5374 2340 5444 τῷ
2394 5373 2583 5439 στῆναι
2617 5369 2775 5439 μόνον
2803 5363 2897 5417 τοῦ
2934 5361 3085 5435 [106]
3138 5362 3555 5432 ἁμαρτήματος,
3611 5358 3743 5411 ἀλλὰ

2178 5464 2272 5517 καὶ
2295 5462 2368 5531 τῷ
2389 5459 2589 5527 ἀγαθόν
2606 5474 2655 5509 τι
2680 5453 3038 5524 ἐργάσασθαι.
3066 5451 3258 5522 Ὁρᾶτε
3282 5449 3396 5512 πῶς
3415 5445 3745 5500 ἀπολύεσθαι

2176 5549 2247 5603 τὰ
2284 5550 2651 5618 ἁμαρτήματα
2686 5544 2800 5609 δεί;
2830 5537 3122 5607 Ἐκλεψαν,
3143 5537 3298 5591 τοῦτό
3336 5532 3451 5588 ἐστι
3475 5535 3538 5587 16
3571 5531 3750 5602 ἀμάρ‹

2183 5655 2332 5707 τημα
2362 5635 2581 5705 πρᾶξαιο
2605 5634 2701 5686 οὐκ
2732 5630 2986 5699 ἔκλεψαν,
3014 5626 3172 5681 τοῦτο
3196 5625 3293 5679 οὐκ
3316 5624 3427 5677 ἐστι
3470 5622 3532 5676 16
3566 5621 3749 5691 ἀμάρ-
