4218 6266
530 301 614 356 f0!
1389 313 1453 369 IN
1493 317 1706 376 EPIST.
1748 322 1840 376 AD
1878 323 2114 381 EPHES.
2159 328 2307 386 CAP.
2353 334 2440 389 IV.
2485 337 2713 399 IIOMIL.
2757 342 2895 402 XIV.

523 419 586 472 ab
623 433 684 472 eo
727 419 996 489 didicerit,
1037 439 1142 480 non
1186 428 1417 498 amplius
1461 435 1651 502 pergit.
1705 436 1840 502 Quid
1885 449 2084 508 autem,

521 505 727 580 quando
763 530 936 586 neque
964 518 1150 573 oculus
1174 559 1188 583 ,
1222 536 1395 592 neque
1419 539 1512 593 pes
1540 527 1803 583 invenerit
1824 505 2092 599 quomodo

521 603 804 668 discernat,
836 607 928 661 sed
957 617 1124 664 totum
1152 612 1221 664 sit
1250 612 1524 678 odoratus,
1545 626 1603 671 ut
1632 628 1809 674 utrum
1836 623 1908 675 sit
1931 638 2089 679 vene-

522 709 642 748 num
685 696 839 751 letale
888 713 1057 754 necne
1082 742 1098 766 ,
1132 717 1259 757 num
1283 717 1346 758 os
1376 705 1511 760 fallit
1537 707 1825 765 odoratus?
1850 712 2083 770 Minime.

518 787 722 852 Quare?
745 787 876 842 Nam
903 791 1136 859 seipsum
1163 809 1372 863 quoque
1401 798 1574 864 perdit
1601 799 1644 852 si
1671 799 1818 854 fallat
1845 819 1858 855 :
1885 803 1978 856 sed
2007 805 2086 858 di-

515 877 584 930 cit
611 877 746 945 quod
776 879 876 932 sibi
907 882 1161 934 occurrit.
1188 883 1324 950 Quid
1351 900 1479 940 vero
1506 887 1714 956 lingua,
1744 889 1944 945 fallitne
1969 901 2083 947 sto-

517 967 751 1021 machum
778 969 938 1040 ?.non
967 987 1087 1024 cum
1121 988 1358 1029 amarum
1387 977 1604 1045 quidem
1635 979 1844 1044 viderit,
1877 983 2080 1051 rejicit;

511 1058 588 1111 sin
625 1068 802 1114 autem
846 1060 1000 1116 dulce
1020 1103 1035 1126 ,
1070 1067 1413 1119 transmittit?
1459 1067 1589 1122 Vide
1618 1070 1968 1126 ministerium
1988 1115 2001 1138 ,
2029 1084 2084 1130 et

512 1150 777 1204 servitutis
799 1154 1286 1209 remunerationem
1319 1175 1332 1210 :
1364 1158 1483 1213 vide
1509 1175 1690 1214 curam
1721 1171 1774 1216 et
1801 1165 2081 1233 providen-

512 1238 630 1292 tiam
657 1255 723 1295 ex
755 1244 984 1298 veritate
1013 1253 1183 1298 ortam
1207 1287 1223 1312 ,
1254 1247 1410 1318 idque
1460 1251 1622 1305 alacri
1653 1261 1702 1307 ct
1735 1266 1998 1325 prompto,
2025 1267 2082 1314 ut

511 1327 577 1380 ita
607 1327 780 1384 dicam
800 1371 816 1396 ,
844 1333 1045 1387 animo.
1077 1331 1151 1387 Ita
1177 1351 1276 1390 nos
1303 1353 1512 1407 quoque
1541 1355 1607 1394 ne
1637 1346 1956 1400 mentiamur
1981 1362 2080 1403 nec

509 1417 784 1487 fallamus,
814 1423 858 1476 si
889 1438 1070 1478 sumus
1116 1426 1250 1480 alter
1296 1429 1515 1484 alterius
1551 1433 1812 1489 membra.
1843 1435 1955 1492 Hoc
1997 1449 2080 1493 est

508 1509 760 1566 indicium
781 1514 1061 1579 amicitiae;
1085 1519 1408 1572 contrarium
1430 1529 1606 1574 autem
1659 1523 2074 1583 inimicitiarum.

505 1600 643 1665 Quid
673 1618 821 1669 vero,
853 1604 1039 1674 inquit,
1069 1608 1114 1659 si
1148 1607 1460 1664 insidietur?
1499 1611 1649 1678 Quod
1676 1629 1858 1670 verum
1886 1627 1968 1672 est
1991 1619 2076 1673 di-

504 1703 595 1744 sce
627 1709 640 1742 :
675 1708 793 1746 nam
818 1697 863 1749 si
894 1696 1194 1763 insidietur,
1230 1713 1338 1752 non
1367 1709 1448 1755 est
1474 1703 1784 1758 membrum.
1816 1706 1956 1762 Dixit
1980 1723 2077 1764 au-

505 1791 628 1843 tem,
663 1783 740 1838 Ne
767 1787 1091 1842 meutiamini
1119 1789 1377 1846 adversus
1408 1794 1664 1849 membra.
1690 1794 2001 1866 lrascimini,
2029 1810 2078 1855 et

501 1873 655 1926 nolite
695 1892 918 1944 peccare.
974 1879 1102 1934 Vide
1147 1881 1463 1950 sapientiam
1495 1902 1508 1938 :
1540 1895 1594 1941 et
1639 1887 1769 1942 dicit
1807 1891 2077 1959 quomodo

499 1975 604 2014 non
640 1979 941 2032 peccemus,
971 1976 1025 2022 et
1051 1983 1145 2024 eos
1172 1972 1260 2040 qui
1291 1988 1394 2026 non
1423 1975 1722 2032 obedierint
1757 1995 1940 2036 rursus
1968 1999 2075 2038 non

496 2053 752 2123 relinquit
782 2075 796 2111 :
826 2073 932 2111 non
960 2059 1102 2112 enim
1135 2059 1355 2117 dimittit
1380 2065 1581 2120 viscera
1621 2083 1717 2123 sua
1758 2072 2072 2140 spiritualia.

496 2141 646 2197 Sicut
694 2146 834 2199 enim
879 2149 1116 2203 medicus
1142 2161 1344 2220 aegroto
1373 2155 1588 2221 quidem
1617 2157 1744 2212 dicit
1791 2176 1908 2229 quae
1954 2174 2077 2218 sunt

493 2234 705 2299 agenda
729 2250 744 2298 ;
769 2235 910 2304 quod
942 2237 985 2290 si
1017 2237 1108 2292 ille
1137 2248 1194 2293 ut
1217 2256 1278 2295 ea
1309 2241 1464 2298 faciat
1489 2261 1592 2299 non
1619 2248 1947 2316 sustinuerit,
1971 2267 2074 2306 non

494 2329 684 2377 tamen
716 2338 837 2377 eum
866 2324 1109 2395 despicit,
1143 2329 1236 2384 sed
1269 2333 1637 2400 persuadendo
1662 2337 1920 2394 adhibens
1943 2356 2075 2397 con-

489 2411 699 2477 silium,
729 2429 912 2468 rursus
938 2426 1089 2471 curat
1117 2437 1130 2473 :
1160 2420 1230 2473 ita
1259 2423 1420 2477 etiam
1445 2422 1656 2480 Paulus.
1679 2426 1811 2482 Nam
1832 2431 1920 2500 qui
1945 2433 2074 2488 illud

491 2505 713 2571 quidem
739 2506 882 2572 facit,
903 2526 1095 2580 nempe
1115 2513 1202 2581 qui
1225 2513 1467 2584 deSpicit.
1493 2519 1711 2587 gloriam
1736 2523 1907 2578 solum
1924 2541 2076 2595 quae.

493 2594 592 2658 rit,
627 2605 685 2648 et
729 2613 870 2666 avgre
910 2599 1014 2654 fert
1056 2603 1195 2669 quod
1241 2605 1309 2657 sit
1350 2616 1683 2676 contemptus
1712 2629 1727 2662 :
1756 2615 1844 2681 qui
1891 2594 2069 2672 autem

491 2695 709 2750 semper
733 2688 922 2754 quaerit
947 2691 1230 2746 sanitatem
1283 2693 1594 2764 laborantis,
1624 2698 1725 2754 hoc
1771 2718 1934 2757 unum
1978 2721 2067 2760 so-

490 2771 602 2827 lum
633 2787 841 2844 spectat
871 2788 927 2832 ut
955 2779 1220 2848 iacentem
1270 2787 1534 2840 restituat.
1566 2789 1677 2844 Hoc
1706 2809 1916 2864 quoque
1947 2797 2072 2854 facit

492 2859 695 2919 Paulus
725 2866 929 2934 dicens,
962 2870 1135 2926 Nolite
1157 2874 1368 2930 mentiri
1399 2893 1413 2930 :
1442 2877 1485 2932 si
1511 2881 1722 2948 quando
1745 2897 1922 2942 autem
1954 2901 2069 2945 orta

486 2953 558 3006 sit
585 2954 664 3007 ira
698 2971 761 3010 ex
791 2959 1065 3015 mendacio
1087 3003 1103 3028 ,
1138 2964 1237 3019 hoc
1267 2981 1477 3037 quoque
1515 2986 1699 3028 rursus
1737 2987 1908 3032 curat.
1931 2979 2070 3046 Quid

489 3043 638 3098 enim
671 3047 839 3100 dicit?
867 3048 1171 3119 Irascimini,
1202 3065 1249 3108 et
1297 3059 1451 3112 nolite
1495 3078 1718 3130 peccare.
1758 3043 1975 3122 Bonum—
1989 3081 2071 3126 est

486 3134 639 3187 enim
694 3152 797 3190 non
841 3137 1028 3204 irasci;
1060 3142 1154 3196 sed
1181 3145 1224 3198 si
1251 3148 1370 3215 quis
1399 3149 1680 3218 aliquando
1708 3154 1757 3208 in
1788 3171 1904 3210 eam
1935 3161 2066 3215 inci‘

487 3223 634 3277 derit
660 3227 890 3296 culpam,
917 3245 981 3285 ne
1013 3240 1186 3288 tamen
1214 3236 1280 3290 sit
1305 3237 1574 3294 diuturna.
1603 3244 1718 3312 Sol,
1752 3247 1939 3318 inquit,
1969 3269 2070 3306 non

489 3315 692 3368 occidat
719 3333 869 3385 super
887 3321 1200 3377 iracundiam
1220 3336 1451 3382 vestram.
1472 3329 1562 3384 Vis
1591 3334 1664 3386 ira
1695 3335 1942 3404 impleri?
1962 3342 2071 3395 suf-

491 3403 605 3458 ficit
636 3408 728 3462 tibi
762 3425 865 3464 una
892 3411 1021 3466 hora
1049 3425 1103 3469 et
1131 3417 1295 3470 altera
1323 3428 1377 3473 et
1406 3423 1590 3490 tertia;
1617 3442 1684 3482 ne
1705 3429 1852 3484 vobis
1874 3433 2070 3491 relictis

408 3503 421 3512 ‘
491 3492 726 3552 inimicis
753 3501 834 3555 sol
862 3505 1095 3558 recedat.
1126 3506 1283 3564 Ortus
1305 3520 1389 3565 est
1407 3528 1435 3565 a
1464 3514 1696 3573 bonitate
1720 3537 1734 3572 :
1763 3536 1829 3576 ne
1856 3526 2072 3581 recedat

487 3598 615 3638 cum
640 3587 834 3644 luxerit
861 3593 996 3661 apud
1024 3595 1291 3666 indignos.
1315 3600 1445 3656 Nam
1474 3604 1517 3658 si
1547 3606 1800 3664 Dominus
1827 3627 1946 3666 cum
1973 3617 2069 3668 mi-

489 3673 563 3726 sit
583 3690 652 3728 ex
675 3678 835 3731 multa
858 3680 1109 3750 bonitate,
1132 3696 1184 3740 et
1204 3699 1418 3756 precata
1444 3693 1536 3745 tibi
1563 3698 1786 3762 remisit,
1811 3708 1864 3753 tu
1891 3714 2066 3758 autem

490 3764 750 3828 proximo
775 3782 878 3820 non
908 3773 1152 3839 remittis,
1177 3777 1295 3832 vide
1323 3791 1575 3848 quantum
1606 3786 1674 3838 sit
1697 3788 1912 3843 malum.
1936 3792 2067 3848 Cum

488 3850 604 3906 hoc
640 3865 818 3911 autem
848 3860 986 3912 malo
1012 3871 1093 3916 est
1117 3865 1256 3920 aliud
1285 3884 1494 3938 quoque
1521 3888 1535 3924 :
1570 3874 1719 3930 timet
1744 3877 1934 3935 Paulus
1953 3921 1969 3947 ,
2003 3900 2070 3940 ne

487 3943 539 3997 si
575 3960 686 3998 nox
709 3962 830 4001 eum
855 3951 941 4020 qui
965 3962 1044 4007 est
1072 3955 1259 4026 injuria
1289 3960 1510 4017 aﬂ'ectus
1537 3965 1587 4019 in
1615 3969 1901 4027 solitudine
1926 3974 2070 4030 inve-

491 4036 651 4089 nerit
678 4038 1077 4111 inﬂammatum,
1107 4048 1281 4118 ignem
1322 4055 1594 4111 accendat.
1628 4059 1754 4115 Nam
1793 4067 2063 4134 quamdiu,

482 4123 628 4179 dum
676 4139 756 4182 est
799 4130 948 4195 dies,
981 4136 1145 4193 multa
1196 4144 1433 4207 excutis,
1463 4145 1586 4200 licet
1629 4149 1721 4204 tibi
1767 4123 2016 4211 exsatiari
2050 4175 2064 4212 :

482 4218 713 4286 quando
737 4229 913 4276 autem
964 4235 1182 4282 ventura
1209 4241 1290 4285 est
1315 4241 1534 4302 veSpera
1558 4278 1573 4303 ,
1604 4243 1946 4300 reconciliare
1969 4286 1984 4312 ,
2013 4257 2068 4302 et

482 4322 689 4364 recens
713 4312 908 4366 malum
936 4317 1234 4387 exstingue.
1265 4320 1393 4376 Nam
1420 4325 1463 4377 si
1490 4340 1594 4380 nox
1622 4332 2029 4399 appreltenderit
2047 4379 2062 4403 ,

483 4413 599 4452 non
638 4403 830 4469 poterit
859 4403 972 4460 dies
1005 4422 1255 4476 sequens,
1303 4413 1498 4467 malum
1529 4430 1688 4473 noctu
1717 4437 1927 4493 quoque
1968 4442 2064 4482 co-

481 4498 670 4542 actum
700 4501 756 4545 et
782 4506 1155 4563 congregatum
1186 4501 1522 4572 exstinguere
1546 4522 1560 4571 ;
1603 4510 1695 4563 sed
1721 4512 1926 4568 etiamsi
1954 4532 2068 4570 ma-

477 4576 664 4643 jorem
695 4591 899 4648 partem
932 4589 1246 4654 resecueris,
1280 4599 1446 4646 totum
1481 4605 1656 4652 autem
1705 4617 1809 4656 non
1852 4608 2023 4672 possis
2045 4648 2061 4674 ,

481 4665 582 4719 dat
612 4683 796 4723 rursus
836 4676 1078 4740 sequenti
1125 4680 1264 4732 nocti
1308 4697 1374 4735 ex
1416 4699 1482 4738 eo
1523 4688 1659 4755 quod
1699 4700 1781 4746 est
1823 4696 2063 4752 relictum

478 4757 750 4824 majorem
779 4776 966 4830 rogum
999 4765 1294 4823 faciendum
1325 4789 1336 4824 :
1368 4781 1422 4826 et
1449 4775 1585 4830 sicut
1612 4781 1710 4845 sol,
1742 4783 1785 4836 si
1817 4788 1955 4853 quod
1982 4797 2064 4842 est

477 4849 635 4900 aeris
656 4849 704 4902 in
734 4854 928 4906 nubem
952 4867 1190 4912 coactum
1221 4871 1273 4915 et
1301 4864 1681 4924 condensatum
1710 4888 1804 4941 per
1828 4889 2059 4944 noctem,

476 4952 596 4989 non
633 4943 861 5007 potuerit
883 4947 1058 5000 calore
1087 4949 1278 5005 diurno
1305 4955 1512 5010 mollire
1537 4969 1591 5012 et
1619 4962 1943 5035 dispergere,
1972 4986 2064 5025 oc-

475 5026 637 5079 casio
659 5031 923 5096 praebetur
948 5043 1300 5108 tempestatis,
1328 5044 1453 5098 dum
1477 5063 1581 5101 nox
1605 5052 1854 5121 reliquias
1875 5073 2063 5127 appre-

476 5113 770 5183 henderit,
803 5130 856 5174 et
883 5139 973 5176 eas
1003 5142 1185 5183 rursus
1231 5133 1348 5187 aliis
1399 5139 1680 5205 vaporibus
1721 5144 1910 5199 aluerit
1941 5165 1955 5200 :
1988 5150 2060 5204 ita

474 5204 730 5260 etiamin
760 5209 860 5264 ira.
893 5209 1068 5266 Nolite
1112 5217 1274 5273 locum
1317 5223 1439 5277 dare
1468 5204 1704 5284 idiabolo.
1738 5231 1915 5302 Itaque
1943 5237 2058 5292 bel-

475 5289 597 5345 lum
632 5295 726 5349 sibi
756 5307 940 5354 mutuo
968 5303 1180 5372 inferre,
1208 5321 1288 5362 est
1317 5312 1489 5366 locum
1519 5316 1644 5371 dare
1669 5289 1898 5378 diabolo.
1929 5326 2058 5382 Nam

473 5395 614 5434 cum
655 5398 924 5454 oporteret
949 5406 1136 5448 omnes
1165 5398 1320 5452 simul
1347 5417 1466 5457 esse
1495 5407 1821 5477 constipatos
1853 5423 1905 5466 et
1934 5431 2061 5470 cun-

473 5470 741 5530 densatos
766 5519 780 5543 ,
810 5489 864 5533 et
889 5483 1142 5539 adversus
1173 5489 1317 5543 illum
1346 5503 1520 5560 stare,
1549 5497 1737 5554 solutis
1780 5519 1896 5570 quae
1937 5517 2060 5562 sunt

475 5565 641 5619 nobis
662 5584 784 5622 eum
809 5570 897 5626 ille
919 5574 1224 5646 inimicitiis,
1240 5581 1487 5646 jubemus
1509 5596 1566 5640 ut
1588 5588 1722 5643 alter
1751 5592 1800 5646 in
1832 5594 2056 5653 alterum

821 5755 1092 5817 PnnOL.
1141 5762 1249 5820 (in.
1310 5766 1470 5827 LXII

3667 370 3770 428 I0!

2202 459 2594 510 convertamur.
2625 457 2917 530 Numquam
2956 466 3097 520 enim
3137 468 3312 527 locum
3355 477 3432 532 sic
3466 477 3624 538 habet
3652 487 3770 542 dia-

2196 534 2346 591 bolus
2379 551 2434 594 ut
2463 543 2514 596 itt
2547 545 2852 605 inimicitiis.
3465 555 3476 566 ⁸

2261 625 2317 681 2.
2361 629 2750 691 Inimicitiarum
2790 644 2924 697 mala
2949 663 2970 699 :
2997 654 3246 718 quomodo
3275 657 3375 712 sint
3411 663 3668 720 sedanda.
3691 698 3764 711 --

2194 713 2327 771 Hinc
2371 722 2509 777 mala
2550 739 2843 786 nascuntur
2879 713 3176 797 innumera.
3231 745 3299 800 Et
3339 751 3474 806 sicut
3512 759 3764 824 quamdiu

2189 810 2403 878 quidem
2432 827 2556 871 sunt
2582 826 2844 891 compacti
2878 827 3082 897 lapides
3102 875 3117 900 ,
3153 852 3325 908 neque
3354 810 3640 916 quidquam

2190 899 2316 956 bent
2357 919 2580 962 vacuum
2605 951 2619 974 ,
2655 921 2799 968 stant
2844 917 3092 988 infracti;
3138 928 3218 982 sin
3260 943 3436 988 autem
3481 941 3765 1012 contigerit

2187 993 2354 1049 solius
2381 1012 2509 1052 acus
2554 1000 2670 1056 ﬁeri
2703 1005 3118 1072 perfnrationem
3161 1030 3254 1074 aut
3296 1037 3568 1094 rnpturam
3593 993 3761 1103 ,‘qnm

2187 1085 2342 1140 unius
2371 1088 2460 1155 pili
2489 1092 2661 1146 solum
2695 1095 2871 1151 locum
2902 1108 3099 1171 teneat,
3131 1117 3300 1164 totum
3332 1130 3540 1173 murum
3573 1085 3761 1190 perva-

2185 1171 2398 1230 dentem
2419 1218 2435 1239 ,
2477 1179 2577 1234 hoc
2605 1186 2783 1241 omnia
2821 1188 3066 1249 dissolvit
3095 1208 3147 1250 et
3177 1202 3349 1268 perdit
3374 1223 3386 1257 :
3417 1207 3488 1262 ita
3517 1171 3676 1266 etiam
3707 1215 3759 1271 in

2190 1263 2404 1323 diabolo
2432 1287 2446 1334 ;
2478 1275 2729 1340 quamdiu
2770 1281 2984 1348 quidem
3028 1263 3285 1346 fuerimus
3312 1263 3758 1365 conjunctilcon:

2195 1353 2513 1428 densatique
2539 1377 2602 1418 ac
2632 1365 2768 1423 bene
2793 1376 3073 1441 compacti,
3105 1379 3234 1433 nihil
3259 1387 3474 1441 omnino
3507 1391 3665 1448 infert
3691 1412 3756 1455 ex

2183 1441 2248 1497 iis
2273 1461 2392 1516 qua:
2419 1464 2513 1505 sua
2543 1464 2704 1520 sunt;
2733 1461 2944 1526 quando
2987 1476 3162 1521 autem
3194 1487 3290 1526 nos
3331 1492 3512 1544 parum
3543 1485 3753 1541 mollie-

2180 1534 2266 1599 rit,
2294 1543 2559 1608 tamquam
2585 1555 2793 1601 torrens
2813 1552 3028 1619 quidam
3057 1556 3248 1617 inﬂuit.
3283 1565 3338 1618 Ei
3367 1571 3508 1623 enim
3539 1588 3754 1646 semper

2182 1624 2291 1646 μμ
2330 1641 2385 1646 μ
2416 1644 2451 1646 Α
2543 1641 2555 1646 -
2586 1633 2598 1646 .
2881 1640 2895 1646 -

2180 1624 2296 1678 solo
2323 1641 2456 1697 Opus
2479 1641 2559 1686 est
2585 1633 2769 1702 initio;
2801 1648 2855 1693 et
2881 1640 2982 1698 hoc
3007 1654 3093 1701 est
3118 1651 3260 1718 quod
3290 1653 3577 1717 difﬁculter
3604 1624 3750 1724 rele:e

2179 1719 2516 1784 componitur
2545 1739 2558 1774 :
2583 1722 2685 1779 lioc
2703 1737 2880 1783 autem
2907 1731 3044 1789 facto
3067 1738 3178 1806 ipse
3203 1743 3304 1797 sibi
3326 1751 3500 1803 omnia
3525 1719 3748 1812 dilatat:

2179 1803 2432 1876 deinceps
2459 1812 2602 1866 enim
2624 1830 2782 1872 aures
2808 1824 2980 1890 aperit
3001 1803 3300 1898 calumniis,
3329 1845 3382 1891 et
3413 1838 3476 1892 iis
3497 1845 3586 1912 qui
3619 1846 3752 1902 falsa

2178 1891 2363 1950 dicunt
2391 1900 2561 1968 major
2590 1904 2872 1963 adhibetur
2899 1911 3033 1968 ﬁdes
3065 1933 3079 1970 :
3112 1934 3234 1975 nam

2179 1984 2306 2041 bent
2347 1989 2669 2060 inimicitias,
2701 2013 2805 2054 non
2840 2003 3165 2070 judicantem
3197 1984 3490 2075 veritatem.
3524 2025 3589 2078 Et
3615 2029 3752 2085 sicut

2177 2075 2222 2128 si
2266 2077 2336 2131 sit
2378 2083 2632 2147 amicitia,
2658 2089 2817 2143 etiam
2862 2094 3001 2150 mala
3027 2113 3149 2153 vera
3193 2103 3442 2164 videntur
3478 2112 3644 2180 falsa;
3675 2119 3746 2174 ita

2176 2164 2336 2220 etiam
2362 2168 2406 2222 si
2437 2170 2545 2224 sint
2580 2173 2872 2234 inimicitia:
2897 2222 2910 2244 ,
2944 2185 3106 2240 etiam
3149 2190 3277 2246 falsa
3307 2196 3552 2256 videntur
3572 2220 3694 2260 vera
3728 2226 3740 2262 :

2177 2253 2279 2308 alia
2310 2264 2392 2310 est
2417 2274 2589 2328 mens,
2624 2265 2764 2320 aliud
2785 2267 3066 2341 judicium,
3096 2292 3201 2332 non
3227 2296 3296 2336 ex
3321 2300 3474 2356 :equo
3502 2253 3743 2357 audiens.

2177 2346 2268 2400 sed
2303 2362 2421 2403 cum
2467 2369 2653 2423 magna
2700 2357 3047 2421 inclinatione
3088 2377 3143 2423 et
3181 2373 3234 2426 in
3276 2346 3495 2434 alteram
3541 2397 3745 2453 partem

2177 2441 2548 2506 propensione.
2579 2446 3036 2513 Quemadmodum
3059 2461 3201 2514 enim
3229 2478 3280 2518 tn
3310 2466 3442 2523 libra
3471 2441 3742 2540 plumbum

2174 2527 2409 2586 additum
2443 2543 2609 2591 totum
2640 2541 2800 2595 trahit
2830 2561 2844 2597 ε
2874 2544 2944 2600 ita
2975 2546 3062 2604 hic
3089 2553 3246 2609 etiam
3276 2527 3485 2625 pondus
3509 2527 3740 2623 inimici:

2175 2618 2366 2674 tiarum
2390 2663 2404 2685 ,
2437 2640 2556 2680 cum
2603 2629 2672 2684 sit
2717 2635 2931 2701 plumbo
2956 2643 3192 2709 gravius.
3225 2618 3581 2713 Quamobrem
3611 2675 3742 2730 rogo

2174 2720 2390 2776 agamus
2415 2717 2588 2770 omnia
2620 2759 2635 2783 ,
2668 2729 2725 2773 ut
2753 2733 2877 2780 ante
2905 2728 3034 2784 solis
3063 2746 3309 2791 occasum
3341 2743 3741 2816 exstinguamus

2174 2795 2498 2857 inimicitias.
2530 2805 2661 2860 Nam
2701 2811 2744 2864 si
2774 2815 2946 2881 primo
2970 2826 3025 2872 et
3049 2827 3289 2892 sequenti
3316 2829 3404 2885 die
3431 2795 3740 2895 easotenue-

2176 2889 2272 2958 ris,
2305 2907 2448 2963 smpe
2477 2901 2634 2953 etiam
2666 2903 2730 2957 ad
2760 2919 2955 2961 annum
2985 2927 3152 2982 usque
3180 2921 3421 2978 extendis
3440 2964 3455 2990 ,
3480 2935 3536 2980 et
3554 2930 3619 2983 de
3638 2943 3742 2984 caa-

2176 2987 2289 3035 tero
2319 2984 2447 3051 ipsae
2472 2989 2676 3058 seipsas
2701 3007 2896 3063 augent
2925 2999 3238 3073 inimicitiae,
3270 3025 3368 3066 nec
3393 3015 3570 3084 aliquo
3599 3021 3739 3076 indi-

2171 3080 2329 3156 gent;
2354 3083 2407 3126 et
2423 3091 2539 3144 qua:
2560 3080 2715 3136 alites
2731 3083 2984 3142 dicttntur
2997 3089 3153 3147 aliter
3171 3099 3429 3166 suspicari
3457 3080 3734 3178 facientes,

2172 3148 2331 3216 etiam
2361 3175 2542 3234 gestus
2572 3171 2890 3246 habitusque
2917 3190 2973 3236 et
2999 3148 3286 3252 quodlibet.
3315 3193 3549 3253 furorem
3592 3152 3738 3259 inve:

2174 3247 2337 3317 hunt,
2374 3265 2428 3308 et
2455 3257 2692 3316 efﬁciunt
2719 3275 2775 3319 ut
2801 3268 2952 3336 pejus
3069 3273 3296 3333 habeant
3324 3247 3734 3360 quam

2173 3337 2248 3393 ira
2277 3357 2449 3412 neque
2480 3364 2672 3406 nomen
2711 3354 2890 3411 dicere
2919 3374 3016 3414 nec
3059 3365 3244 3422 audire
3290 3337 3603 3447 sustinente,
3645 3337 3738 3440 sed

2173 3440 2237 3481 ex
2265 3433 2560 3490 maledictis
2587 3449 2640 3490 et
2669 3443 2924 3499 conviciis
2961 3448 3206 3518 loquente
3233 3461 3429 3514 omnia.
3458 3433 3736 3530 Quomodo

2173 3530 2300 3586 ergo
2331 3520 2463 3575 iram
2493 3525 3112 3601 molliemus?quomodo
3142 3541 3403 3603 ﬂammam
3431 3557 3735 3629 exstingue-

2175 3609 2336 3629 ...η---ο
2371 3609 2423 3629 οἳ
2468 3628 2472 3629 ν
2517 3628 2520 3629 ν
2569 3623 2579 3629 ι
2685 3618 2696 3628 ⁹

2172 3609 2336 3662 mus?
2371 3609 2425 3664 Si
2465 3623 2644 3670 nostra
2682 3618 2919 3686 ipsorum
2966 3641 3178 3695 peccata
3218 3649 3398 3696 mente
3427 3609 3735 3724 versemus,

2173 3712 2233 3751 ac
2261 3711 2513 3768 quantum
2549 3707 2655 3762 Deo
2682 3709 3000 3783 debeamus,
3032 3729 3086 3776 et
3120 3725 3186 3781 ad
3214 3729 3263 3782 ei
3293 3733 3614 3797 reddendam

2093 3861 2098 3865 ‘
2173 3787 2370 3845 tionem
2409 3795 2576 3851 simus
2603 3799 2817 3858 obnoxii
2849 3823 2862 3859 :
2895 3809 2939 3862 si
2966 3813 3260 3882 cogitemus
3302 3828 3442 3892 quod
3475 3847 3580 3886 non
3611 3836 3733 3892 ulci-

2172 3880 2371 3934 scimur
2400 3884 2691 3956 inimicum,
2725 3894 2819 3948 sed
2859 3911 2955 3953 nos
2981 3900 3126 3969 ipsos
3157 3925 3171 3960 :
3203 3910 3246 3964 si
3273 3917 3566 3984 cogitemus
3591 3928 3734 3993 quod

2174 3968 2433 3993 A2..l.-_l_____
2468 3977 2481 3993 ι
2537 3981 2612 3993 ----
2727 3982 2773 3993 ιυ-
2814 3986 2824 3993 .

2171 3968 2438 4027 diabolum
2468 3977 2650 4033 laetitia
2689 3982 2947 4043 afﬁcimus
2968 4029 2984 4055 ,
3017 4004 3258 4054 nostrum
3290 4002 3560 4064 inimicum
3587 3968 3623 4073 Γ
3648 4019 3735 4084 qui

2173 4073 2296 4116 vere
2323 4071 2404 4117 est
2430 4065 2696 4134 inimicus,
2727 4085 2945 4142 propter
2972 4096 3126 4146 quem
3158 4090 3395 4146 membro
3432 4109 3616 4154 nostro
3653 4065 3735 4156 in-

2165 4147 2360 4218 juriam
2391 4153 2636 4212 facimus.
2673 4158 2762 4214 Vis
2793 4176 3022 4233 accepta:
3052 4170 3255 4239 injuriae
3281 4191 3400 4234 esse
3431 4199 3654 4255 memor,
3686 4203 3741 4247 et

2169 4237 2458 4297 inimicus?
2484 4245 2566 4300 Sis
2595 4247 2861 4316 inimicus,
2889 4255 2982 4309 sed
3010 4257 3228 4330 diaboli,
3252 4280 3356 4321 non
3385 4275 3608 4332 membri
3639 4285 3735 4338 tui.

2171 4329 2458 4400 Propterea
2499 4352 2596 4392 nos
2640 4341 2820 4396 animo
2857 4354 2912 4398 et
2949 4343 3022 4401 ira
3066 4358 3286 4410 armarit
3327 4361 3500 4432 Deus,
3543 4386 3648 4426 non
3681 4385 3739 4430 ut

2171 4435 2354 4476 ensem
2383 4425 2433 4477 in
2465 4436 2644 4481 nostra
2670 4444 2894 4500 corpora
2916 4436 3206 4508 adigamus,
3232 4448 3323 4501 sed
3355 4462 3410 4505 ut
3437 4465 3601 4514 totum
3623 4464 3737 4533 gla-

2173 4507 2310 4533 ,ιιι-...η
2356 4512 2404 4533 ε..
2457 4513 2570 4533 .I!_I_
2616 4516 2647 4533 ι·
2797 4529 2806 4533 -
2927 4524 2938 4533 .

2171 4507 2313 4562 dittm
2356 4512 2407 4564 in
2451 4513 2649 4570 diaboli
2691 4529 2877 4587 pectus
2925 4507 3321 4598 immergamus.
3369 4507 3736 4608 Illic—incliti;

2171 4613 2352 4653 ensem
2383 4618 2548 4669 usque
2569 4607 2634 4660 ad
2665 4610 2934 4677 capulum,
2967 4616 3009 4668 si
3041 4618 3140 4683 vis,
3173 4633 3222 4675 et
3256 4623 3427 4691 ipsum
3449 4639 3691 4701 capulum
3712 4678 3728 4702 ,

2171 4705 2269 4743 nec
2307 4707 2557 4761 umquam
2599 4699 2890 4766 evulseris,
2923 4705 3014 4759 sed
3042 4710 3200 4765 etiam
3236 4716 3371 4771 adde
3408 4699 3588 4778 alium.
3621 4730 3734 4787 Hoc

2168 4790 2343 4834 autem
2373 4783 2462 4836 ﬁet
2485 4787 2694 4854 quando
2722 4792 2873 4847 nobis
2901 4794 3028 4862 ipsis
3057 4813 3354 4872 parcemus,
3381 4816 3595 4880 quando
3617 4783 3730 4887 pla:

2168 4880 2281 4925 cate
2300 4873 2438 4928 inter
2462 4892 2558 4931 nos
2579 4878 2749 4935 aﬂ'ecti
2771 4885 2990 4940 erimus.
3022 4888 3244 4946 Pereant
3267 4904 3524 4968 pecuniae,
3549 4922 3731 4974 pereat

2166 4963 2330 5030 gloria
2378 4974 2431 5019 et
2483 4967 2617 5020 bona
2669 4973 2996 5030 existimatio
3038 4997 3254 5037 :meum
3308 4994 3607 5048 membrum
3649 5014 3730 5054 est

2170 5058 2299 5112 mihi
2342 5063 2586 5116 omnibus
2625 5068 2934 5134 pretiosius.
2979 5071 3102 5128 Haec
3144 5078 3282 5145 apud
3327 5097 3420 5136 nos
3449 5085 3727 5150 dicamus:

2168 5148 2242 5202 Ne
2271 5161 2466 5206 nostra:
2510 5164 2712 5208 naturae
2756 5157 3001 5225 injuriam
3045 5162 3335 5231 faciamus,
3386 5181 3440 5225 ut
3479 5186 3730 5242 pecunias

2167 5241 2500 5308 acquiramus
2521 5283 2533 5304 ,
2567 5251 2622 5295 ut
2648 5246 2868 5312 gloriam
2899 5263 3302 5318 consequamur.
3336 5258 3424 5313 28.
3449 5263 3550 5328 Qui
3586 5274 3729 5337 [ura-

2167 5337 2283 5390 tur,
2319 5331 2430 5398 jam
2475 5347 2573 5383 non
2621 5337 2847 5400 (uratur,
2889 5337 3078 5404 inquit.
3134 5340 3290 5398 Vides
3333 5331 3729 5416 quamam-sim

2168 5421 2401 5474 membra
2427 5423 2621 5474 veteris
2654 5424 2923 5477 hominis?
2953 5429 3305 5501 mendacium,
3336 5456 3564 5513 accepta:
3592 5450 3727 5518 inju-

2165 5512 2256 5564 riae
2289 5513 2616 5573 recordatio,
2662 5515 2880 5567 furtmn.
2913 5515 3020 5570 Cur
3055 5530 3228 5576 autem
3272 5543 3374 5583 non
3413 5512 3580 5598 dixit,
3624 5543 3727 5608 Qui

2164 5599 2396 5665 furatur,
2431 5602 2716 5669 castigetur
2743 5643 2755 5664 ,
2787 5613 3088 5674 torqueatur
3113 5651 3127 5675 ,
3168 5616 3260 5667 sed
3287 5658 3303 5682 ,
3345 5619 3462 5673 Non
3505 5599 3725 5692 amplius

2168 5699 2356 5760 {uratur
2378 5696 2400 5746 ἶ)
2431 5693 2592 5761 Magis
2614 5704 2778 5746 autent
2805 5697 2987 5750 laboret
3013 5704 3265 5769 aperando
3291 5708 3466 5761 bonum
3496 5719 3728 5770 manibus

3323 5807 3358 5864 7
