4218 6266
461 271 565 326 m3
1155 262 1192 317 S
1249 256 1524 316 JOANNlS
1559 249 2026 312 CllBYSOSTOMI
2066 247 2378 306 ARCHIEP.
2419 249 2948 310 CONSTANTINOP.
3622 260 3719 313 1οῑ

463 385 596 448 suis,
628 391 683 435 ut
713 379 891 435 habent
919 377 1052 431 unde
1081 373 1262 427 tribuat
1303 372 1642 426 necessitatem
1671 364 1902 438 patienti.
1935 362 2034 419 Ubi

461 480 584 528 sunt
613 471 701 541 qui
721 468 973 524 dicuntur
992 465 1205 521 Cathari
1237 464 1334 535 (a).
1367 463 1417 517 id
1441 471 1523 516 est
1545 460 1752 525 mundi,
1783 473 1869 528 qui
1893 454 2038 511 omni

463 563 623 617 sorde
654 560 797 631 pleni
840 558 911 612 ita
945 572 1006 611 se
1049 555 1247 608 audent
1291 551 1618 607 nominare?
1645 551 1829 604 Potest
1857 549 1998 602 enim
2020 589 2034 613 ,

463 661 639 722 potest
668 651 871 705 crimen
899 646 1021 702 exui
1045 688 1059 712 ,
1092 660 1198 699 non
1227 643 1399 697 solum
1427 657 1494 698 eo
1519 640 1662 712 quod
1691 641 1978 695 desistatur
2005 652 2036 692 a

464 752 703 812 peccato,
736 740 827 795 sed
859 739 1020 793 etiam
1047 751 1113 791 eo
1139 735 1281 806 quod
1323 735 1413 788 tiat
1445 734 1642 788 bonum
1674 730 1907 801 aliquod.
1943 731 2038 818 Vi-

460 835 600 888 detis
625 830 888 902 quomodo
907 835 1156 898 oporteat
1176 840 1371 880 exuere
1395 834 1611 894 peccata
1632 824 1655 877 ?
1676 823 1855 878 Furati
1877 830 2000 876 sunt
2019 829 2035 904 ς

464 925 563 980 hoc
589 931 673 978 est
709 931 984 992 peccatum
1020 919 1302 973 admittere
1331 933 1347 972 :
1376 931 1481 971 non
1527 915 1684 971 furati
1734 925 1894 980 sunt;
1938 911 2040 974 hoc

462 1031 566 1070 non
592 1024 670 1070 est
692 1022 968 1084 peccatum
991 1012 1204 1065 solvere
1228 1025 1242 1073 ;
1273 1007 1365 1064 sed
1391 1007 1658 1077 quomodo
1682 1007 1705 1056 ?
1730 1006 1786 1061 Si
1823 1006 2038 1062 labora-

463 1112 587 1158 runt
608 1145 624 1169 ,
666 1113 721 1158 et
749 1103 868 1157 aliis
895 1101 1269 1171 impertierunt
1293 1117 1306 1152 :
1331 1099 1409 1154 sic
1435 1098 1710 1153 solverunt
1738 1105 2035 1166 peccatum.

462 1192 577 1249 Non
607 1193 718 1247 vult
745 1192 917 1247 solum
945 1205 1042 1246 nos
1069 1190 1334 1254 laborare,
1358 1188 1452 1243 sed
1477 1188 1546 1241 ita
1575 1187 1820 1241 laborare
1842 1196 1896 1240 ut
1919 1185 2039 1240 aliis

460 1284 830 1353 impertiamus
859 1301 872 1337 :
904 1296 1025 1336 nam
1062 1281 1220 1336 etiam
1257 1281 1348 1350 qui
1387 1280 1589 1333 furatur
1613 1287 1900 1348 operatur,
1943 1275 2039 1332 sed

462 1377 684 1431 malum.
721 1375 812 1430 ‘29.
862 1373 1040 1428 Omnis
1077 1389 1240 1428 sermo
1286 1372 1451 1426 malus
1498 1387 1560 1425 ea:
1603 1387 1690 1425 ore
1734 1379 1895 1424 uestro
1939 1385 2040 1424 non

461 1467 720 1535 procedat.
751 1465 881 1534 Quis
903 1473 985 1520 est
1009 1479 1188 1520 sermo
1212 1463 1380 1518 malus
1406 1463 1429 1515 ?
1458 1461 1527 1528 ls,
1551 1477 1707 1531 quem
1731 1464 1890 1517 etiam
1913 1461 2042 1516 dicit

461 1559 715 1623 otiosum,
738 1557 1016 1622 detractio,
1040 1555 1322 1609 obscmttus
1342 1566 1540 1615 sermo,
1567 1552 1884 1614 scurrilitas,
1908 1551 2041 1607 stul-

464 1649 767 1718 tiloquium.
810 1647 977 1702 Vides
1024 1643 1603 1715 quomodo-exscindit
1657 1644 1750 1698 irze
1795 1643 2037 1710 radices,

463 1742 797 1796 mendacium
823 1782 836 1806 ,
866 1739 1096 1807 furtum,
1130 1739 1555 1808 intempestivam
1582 1738 2040 1809 disputationem?

463 1833 595 1887 Illud
623 1843 824 1898 autem,
861 1831 982 1886 Non
1009 1831 1230 1901 amplius
1258 1835 1474 1900 furatur,
1508 1846 1612 1886 non
1641 1841 1746 1886 tam
1777 1831 1904 1886 dicit
1934 1830 2040 1885 illis

461 1924 746 1992 ignoscens
771 1962 786 1989 ,
829 1937 988 1992 quam
1032 1922 1190 1976 mites
1235 1931 1292 1976 et
1333 1921 1624 1976 clementes
1667 1936 1762 1976 eos
1806 1920 2040 1976 reddens

460 2013 650 2082 quibus
675 2011 810 2066 facta
841 2019 957 2067 erat
984 2012 1180 2079 injuria
1204 2051 1218 2077 ,
1247 2019 1302 2066 et
1328 2011 1561 2066 suadens
1588 2021 1645 2066 ut
1690 2027 1756 2067 eo
1801 2011 2038 2067 contenti

459 2106 598 2171 sint,
629 2104 773 2175 quod
801 2121 908 2159 non
934 2105 1042 2159 sint
1068 2120 1128 2160 ea
1155 2104 1387 2174 amplius
1416 2105 1645 2174 passuri.
1678 2107 1821 2161 Bene
1859 2115 2036 2160 autem

459 2197 528 2252 de
549 2195 728 2252 verbis
755 2204 938 2250 monet
965 2213 978 2248 :
1011 2195 1130 2249 Non
1160 2195 1331 2250 solum
1357 2195 1498 2249 enim
1530 2210 1731 2263 rerum,
1757 2197 1850 2250 sed
1877 2196 2038 2251 etiam

464 2285 745 2345 verborum
772 2300 959 2354 poenas
985 2284 1196 2340 damus.
1241 2285 1345 2340 Sed
1373 2286 1417 2338 si
1444 2288 1554 2356 quis
1581 2286 1739 2340 bonus
1766 2287 1834 2339 ad
1869 2286 2037 2354 aediﬁ-

461 2376 703 2430 cationem
731 2375 851 2442 fidei
877 2383 933 2428 ut
959 2374 1042 2427 det
1062 2375 1277 2443 gratiam
1305 2375 1641 2430 audientibus.
1673 2377 1784 2430 Hoc
1812 2385 1914 2444 est,
1939 2377 2042 2432 hoc

463 2463 635 2518 solum
665 2463 886 2533 loquere
913 2462 1056 2534 quod
1089 2464 1316 2519 aedificat
1342 2464 1664 2533 proximum,
1703 2466 1833 2520 nihil
1860 2475 2037 2522 autem

461 2567 919 2624 supervacaneum
928 2591 942 2606 .

536 2646 590 2700 3.
642 2644 844 2716 Lingua
887 2645 1137 2715 quomodo
1182 2645 1537 2699 utendum.—
1565 2646 1848 2715 Propterea
1899 2649 2040 2703 enim

464 2739 557 2794 tibi
584 2753 645 2794 os
674 2750 724 2794 et
769 2738 1000 2808 linguam
1031 2736 1181 2792 dedit
1222 2737 1361 2792 Deus
1380 2777 1396 2804 ,
1428 2748 1484 2792 ut
1513 2737 1624 2791 Deo
1653 2753 1779 2808 agas
1805 2740 2035 2809 gratias,

462 2838 524 2884 ut
552 2829 852 2898 proximum
882 2827 1133 2882 aedifices.
1163 2827 1315 2895 Quod
1367 2828 1413 2882 si
1447 2828 1728 2883 aediﬁcium
1758 2829 2001 2886 destruas
2020 2870 2037 2897 ,

465 2918 656 2973 melius
687 2926 772 2973 est
809 2917 998 2983 silere,
1040 2925 1095 2972 et
1135 2932 1420 2988 numquam
1465 2920 1627 2990 loqui.
1677 2920 1809 2974 Nam
1851 2936 2040 2976 manus

463 3006 702 3071 artiticis,
731 3021 848 3077 qua:
881 3021 978 3076 pro
1007 3007 1278 3062 struendis
1309 3008 1474 3063 muris
1501 3011 1766 3078 deputata:
1793 3050 1807 3075 ,
1835 3010 2039 3064 didice-

463 3098 572 3151 rint
589 3097 884 3163 destruere,
913 3098 1032 3167 jure
1057 3098 1515 3154 cxscinderentur.
1543 3099 1753 3155 Etenim
1786 3102 1887 3157 hoc
1906 3117 2038 3172 quo-

461 3203 566 3259 quo
609 3188 739 3242 dicit
781 3187 1223 3259 psalmographus
1265 3206 1280 3244 :
1327 3189 1515 3244 Perdet
1562 3190 1813 3246 Dominus
1870 3193 2041 3245 omnia

462 3277 596 3332 labia
621 3277 800 3332 dolosa
831 3277 1000 3348 (Psat.
1034 3278 1120 3332 11.
1153 3279 1231 3348 4).
1264 3277 1378 3333 Hoc
1411 3293 1472 3333 os
1498 3287 1583 3335 est
1615 3295 1774 3336 causa
1801 3281 2038 3336 omnium

460 3371 744 3437 malorum,
773 3369 880 3424 imo
905 3383 1034 3425 vero
1063 3384 1168 3423 non
1195 3383 1280 3434 os,
1307 3369 1400 3425 sed
1423 3371 1512 3440 qui
1543 3385 1608 3426 eo
1635 3373 1772 3426 male
1793 3381 2036 3426 utuntur.

463 3459 597 3514 llinc
623 3459 986 3526 contumeliae,
1018 3459 1298 3514 maledicta
1325 3501 1340 3527 ,
1374 3461 1718 3531 blaSphemize
1743 3505 1757 3528 ,
1791 3465 2038 3534 volupta-

461 3558 576 3603 tum
603 3549 813 3602 fomites
833 3559 886 3603 et
912 3549 1180 3614 incendia,
1206 3550 1402 3615 caedes,
1427 3552 1706 3618 adulteria,
1737 3554 1894 3623 furta,
1922 3570 2038 3610 om-

464 3641 552 3693 nia
578 3654 644 3692 ex
673 3653 738 3693 eo
763 3647 1076 3693 nascuntur.
1109 3639 1175 3692 Et
1199 3639 1467 3709 quomodo
1487 3683 1501 3707 ,
1526 3642 1716 3713 inquit,
1745 3646 1962 3702 credes?
1993 3649 2036 3702 A

463 3729 787 3785 contumelia
811 3729 878 3783 ad
916 3731 1045 3783 iram
1073 3770 1087 3794 ,
1125 3731 1193 3784 ab
1221 3731 1295 3784 ira
1325 3732 1390 3786 ad
1419 3733 1598 3803 plagas
1619 3777 1634 3798 ,
1685 3751 1714 3788 a
1758 3739 1926 3809 plagis
1970 3740 2036 3794 ad

462 3817 665 3874 easdem
689 3818 971 3874 dovenisti.
996 3819 1275 3886 Quomodo
1298 3820 1662 3878 adulterium?
1689 3825 1812 3882 llaec
1833 3830 1916 3883 vel
1944 3829 2036 3884 illa

467 3919 541 3974 te,
569 3909 772 3978 inquit,
815 3919 988 3975 amat,
1022 3910 1146 3964 bonl
1186 3910 1456 3981 quidpiam
1483 3914 1549 3968 de
1577 3925 1629 3969 te
1659 3925 1744 3971 est
1779 3917 1992 3990 loquuta
2018 3962 2034 3988 ,

465 4002 630 4057 robur
658 4009 802 4057 tuum
832 4001 1110 4070 relaxavit,
1138 4001 1333 4058 deinde
1364 4004 1459 4058 tibi
1500 4006 1577 4060 sic
1609 4022 1822 4078 quoque
1847 4026 2037 4067 accen-

463 4093 607 4150 ditur
632 4093 915 4164 cupiditas.
960 4093 1247 4164 Propterea
1296 4096 1508 4152 dicebat
1548 4099 1783 4168 Paulus,
1830 4103 1892 4158 Si
1925 4106 2036 4174 quis

462 4184 638 4238 bonus.
671 4185 932 4251 Quoniam
969 4199 1096 4254 ergo
1133 4187 1418 4241 verborum
1449 4189 1612 4243 multa
1640 4201 1722 4245 est
1762 4191 2032 4262 profusio,

462 4276 662 4333 merito
686 4275 820 4330 dixit
848 4275 1143 4339 indefinite,
1177 4285 1236 4330 ut
1258 4277 1348 4347 qui
1391 4278 1480 4334 illa
1522 4279 1663 4350 loqui
1696 4281 1957 4351 jusserit,
1983 4295 2037 4341 et

465 4368 690 4424 formam
711 4366 938 4423 dederit.
963 4366 1300 4434 Quamnam?
1329 4369 1383 4425 Si
1414 4371 1532 4440 quis
1555 4374 1801 4443 :edificat,
1825 4376 2033 4434 dicens.

468 4459 573 4513 Aut
600 4457 699 4512 hoc
728 4457 888 4521 dicit,
918 4467 975 4510 ut
1007 4459 1098 4527 qui
1131 4459 1298 4526 audit,
1331 4461 1423 4515 tibi
1468 4463 1660 4518 habeat
1689 4468 1933 4535 gratiam.
1966 4468 2038 4526 Ut

468 4555 594 4617 puta
622 4563 636 4600 :
665 4554 930 4600 scortatus
954 4559 1038 4600 εει
1063 4545 1261 4614 frater;
1305 4549 1376 4604 'ne
1415 4551 1707 4609 insolenter
1746 4560 1940 4626 probro
1973 4575 2036 4615 ac

465 4638 790 4692 contumelia
835 4638 1072 4705 afﬁcias,
1119 4655 1220 4696 nec
1259 4657 1378 4698 cum
1419 4644 1648 4702 ludibrio
1674 4651 1725 4705 ei
1766 4651 2031 4710 insultes:

465 4726 695 4781 auditori
735 4725 869 4780 nihil
903 4727 1118 4796 prodes,
1151 4729 1244 4785 sed
1274 4746 1396 4786 eum
1422 4733 1571 4791 laedis
1592 4778 1607 4802 ,
1641 4749 1695 4792 ut
1724 4756 1818 4810 par
1847 4755 1947 4811 est,
1979 4755 2036 4800 ut

466 4819 560 4888 qui
589 4817 898 4888 scrupulum
926 4819 975 4873 ei
1009 4819 1274 4889 injeceris.
1301 4823 1404 4879 Sed
1425 4827 1469 4881 si
1494 4829 1543 4882 ei
1571 4832 1802 4889 suadeas
1827 4851 1888 4891 ea
1915 4855 2034 4910 quae

463 4917 588 4963 sunt
616 4907 818 4979 agenda
839 4947 856 4974 ,
887 4922 1130 4979 magnam
1159 4911 1255 4966 das
1293 4914 1340 4968 ei
1367 4918 1588 4985 gratiam
1613 4938 1626 4986 ;
1660 4923 1704 4976 si
1735 4907 1948 4983 erudias
1976 4939 2035 4984 ut

463 4999 602 5052 bona
630 4999 788 5055 verba
818 4998 1120 5075 goquatur,
1147 5002 1193 5058 si
1214 5003 1460 5062 docueris
1490 5021 1546 5065 ut
1572 5015 1838 5070 neminem
1870 5019 2034 5076 male-

461 5087 607 5142 dicto
629 5081 863 5159 appetat,
889 5092 1124 5148 maxime
1143 5108 1265 5149 eum
1289 5097 1488 5164 crudis,
1512 5110 1564 5155 et
1589 5103 1636 5156 ei
1659 5101 1754 5158 das
1772 5109 1992 5176 gratiam
2016 5127 2032 5177 ;

465 5181 511 5232 si
542 5178 775 5247 loquaris
799 5180 864 5234 de
893 5185 1323 5253 compunctione,
1353 5188 1419 5243 de
1449 5189 1677 5260 pietate,
1701 5194 1768 5250 de
1794 5197 2032 5254 eleemo-

467 5279 636 5336 syna,
675 5268 789 5322 haec
824 5273 1001 5325 omnia
1049 5276 1298 5332 molliunt
1341 5279 1455 5348 ejus
1500 5284 1756 5340 animum.
1804 5289 1907 5345 Pro
1951 5291 2033 5349 his

469 5359 718 5415 omnibus
745 5362 993 5419 fatebitur
1026 5383 1083 5421 se
1124 5369 1215 5424 tibi
1249 5371 1446 5428 habere
1470 5379 1712 5446 gratiam.
1745 5382 1846 5438 Sed
1875 5387 1918 5440 si
1967 5388 2039 5442 ri-

459 5536 1122 5639 c.-
1141 5547 1254 5639 a’:
1295 5551 1866 5639 1121‘?“§.'31'.‘£E.‘1‘99§8
1908 5571 2033 5630 apud

488 5600 762 5658 isprhnum,
788 5600 1051 5652 Eusebium
1075 5607 1124 5652 in
1142 5600 1269 5657 Hist.
1295 5600 1423 5662 Eccl.
1442 5600 1495 5665 et

2147 375 2264 414 sum
2295 364 2560 430 moveris,
2591 365 2634 419 si
2664 374 2817 435 turpe
2848 367 3100 437 loquutus
3121 367 3306 431 fueris,
3337 369 3506 438 magis
3533 383 3724 425 accen-

2144 448 2264 515 dis;
2309 450 2354 504 si
2397 451 2628 508 laudaris
2669 457 2999 525 nequitiam,
3026 457 3210 527 dejicis
3248 467 3302 513 et
3329 459 3526 528 perdis.
3562 461 3722 530 Igitur

2147 541 2228 593 vel
2259 540 2362 597 hoc
2383 542 2667 598 dicendum
2703 565 2716 599 :
2751 548 2833 601 vel
2877 559 2936 602 ut
2963 565 3055 603 eos
3091 549 3281 604 reddat
3315 552 3582 620 gratiosos
3604 594 3618 618 ,
3649 560 3720 606 ita

2145 630 2297 687 dixit.
2335 633 2399 690 Ut
2428 637 2570 690 enim
2612 648 2939 708 unguentum
2979 642 3069 697 dat
3112 645 3336 712 gratiam
3369 645 3433 700 iis
3463 645 3552 715 qui
3597 654 3722 700 sunt

2143 723 2258 791 ejus
2300 727 2620 796 participes,
2665 732 2734 784 ita
2784 731 2943 785 etiam
2988 748 3165 788 sermo
3201 735 3389 789 bonus.
3431 736 3721 804 Propterea

2142 815 2355 883 quidem
2399 818 2558 873 etiam
2603 820 2809 876 diccbat
2837 865 2852 890 ,
2908 823 3229 893 Unguentum
3274 827 3492 894 effusum
3535 847 3717 885 nomen

2145 916 2283 960 tuum
2310 909 2477 979 (Cant.
2507 914 2560 966 1.
2592 912 2672 983 2),
2705 915 2846 983 quod
2875 931 2968 969 eos
2999 917 3225 972 faciebat
3249 919 3457 990 spirare
3481 937 3550 976 ex
3578 923 3722 977 bono

2144 998 2235 1053 illo
2271 999 2455 1055 odore.
2502 1001 2665 1058 Vides
2708 1005 2854 1059 illum
2901 1007 3044 1076 quod
3085 1023 3299 1077 semper
3345 1011 3573 1078 suadet,
3622 1013 3722 1070 hoc

2143 1103 2354 1160 quoque
2382 1107 2523 1146 nunc
2549 1093 2729 1149 dicere
2751 1135 2766 1160 ,
2796 1106 2853 1149 ut
2881 1097 2975 1166 qui
3006 1099 3222 1154 mandet
3253 1101 3538 1170 unicuique
3558 1105 3723 1160 aedifi-

2143 1196 2267 1237 care
2293 1185 2591 1253 proximum
2630 1201 2728 1256 pro
2753 1188 2996 1244 viribus?
3023 1190 3124 1256 Qui
3156 1193 3434 1262 ergoaliis
3465 1194 3578 1250 iure
3600 1212 3722 1252 sua-

2143 1271 2270 1336 des,
2301 1274 2470 1329 mullo
2500 1277 2666 1347 magis
2711 1279 2932 1348 tibiipsi.
2965 1281 3054 1336 50.
3097 1283 3165 1336 Et
3196 1285 3350 1339 nolite
3383 1293 3679 1344 contristare
3703 1333 3718 1356 ,

2144 1363 2332 1433 inquit,
2361 1364 2612 1436 Spiritum
2639 1379 2890 1426 sanctum.
2939 1372 3258 1430 llorribilius
3289 1376 3390 1432 hoc
3413 1387 3466 1433 et
3502 1381 3715 1435 terribi-

2144 1452 2246 1508 lius
2279 1475 2291 1509 :
2322 1455 2463 1524 quod
2493 1457 2706 1526 quidem
2735 1460 2864 1516 dicit
2894 1463 3053 1517 etiam
3086 1465 3137 1519 in
3173 1467 3406 1536 lipiStola
3449 1470 3514 1524 ad
3545 1470 3716 1527 Thes-

2144 1545 2510 1602 salonicenses
2541 1567 2556 1603 :
2589 1550 2694 1605 illis
2717 1552 2858 1606 enim
2882 1569 3095 1625 quoque
3123 1559 3226 1613 tale
3247 1559 3371 1629 quid
3400 1561 3548 1627 dicit,
3587 1564 3720 1619 Nam

2142 1636 2226 1704 qui
2252 1638 2464 1706 spernit,
2491 1655 2590 1693 non
2620 1640 2873 1696 hominem
2896 1646 3109 1716 spernit,
3137 1648 3226 1702 sed
3252 1647 3413 1704 Deum
3437 1651 3510 1724 (l.
3544 1652 3715 1711 Thess.

2143 1727 2198 1779 ι.
2225 1727 2302 1798 8).
2348 1728 2425 1783 lta
2470 1729 2555 1784 hic
2592 1746 2802 1802 quoque
2827 1752 2839 1787 :
2869 1734 2924 1791 Si
2963 1739 3184 1794 verbum
3214 1739 3414 1796 dixeris
3439 1757 3720 1801 contume-

2146 1817 2419 1884 liosum,si
2449 1819 2666 1877 fratrem
2695 1827 3044 1894 percusseris,
3071 1845 3173 1884 non
3207 1831 3354 1886 illum
3384 1835 3716 1904 percussisti,

2144 1908 2236 1962 sed
2263 1909 2516 1978 Spiritum
2544 1911 2768 1968 affecisti
2809 1915 3042 1972 tristitia.
3093 1919 3298 1976 Deinde
3328 1932 3408 1977 est
3436 1924 3594 1978 etiam
3633 1941 3723 1981 ac-

2143 1997 2316 2052 cessio
2345 1999 2627 2069 beneficii,
2668 2013 2724 2058 ut
2769 2006 2941 2074 major
2979 2009 3048 2064 sit
3093 2012 3364 2068 accusatio
3403 2031 3416 2065 :
3455 2012 3524 2068 Et
3568 2017 3724 2072 nolite

2143 2090 2465 2157 contristare,
2496 2093 2666 2162 inquit
2691 2137 2705 2160 ,
2754 2095 3006 2168 Spiritum
3035 2115 3265 2156 sanctum
3286 2146 3301 2171 ,
3333 2107 3384 2159 in
3413 2123 3510 2176 quo
3536 2110 3722 2179 signati

2143 2180 2260 2232 estis
2281 2181 2334 2233 in
2363 2182 2444 2235 die
2471 2184 2844 2255 redemptionis.
2879 2189 2926 2242 ls
2949 2204 3046 2245 nos
3071 2193 3195 2247 fecit
3219 2209 3436 2264 gregem
3465 2200 3718 2267 regalem,

2144 2269 2190 2325 is
2217 2285 2315 2326 nos
2358 2272 2579 2329 abduxit
2609 2290 2638 2328 a
2679 2278 2864 2346 primis
2894 2283 3140 2337 omnibus
3171 2325 3186 2350 ,
3238 2284 3284 2340 is
3330 2301 3436 2342 non
3480 2291 3722 2358 permisit

2146 2373 2244 2413 nos
2287 2375 2408 2416 esse
2438 2363 2571 2418 sitos
2594 2378 2716 2420 cum
2744 2366 2810 2422 iis
2840 2369 2931 2438 qui
2961 2381 3087 2426 sunt
3116 2373 3333 2428 obnoxii
3370 2377 3462 2430 irae
3498 2379 3591 2433 Dei
3616 2422 3630 2445 ,
3667 2391 3723 2436 et

2147 2457 2200 2503 tu
2236 2465 2357 2504 eum
2388 2453 2598 2508 tristitia
2639 2455 2849 2512 afficis?
2876 2459 3009 2514 Vide
3043 2463 3313 2531 quomodo
3360 2466 3468 2522 illic
3507 2468 3720 2537 quidem

2147 2540 2456 2596 terribiliter
2494 2543 2622 2598 dicit
2666 2563 2680 2599 :
2729 2547 2870 2601 Nam
2923 2552 3009 2620 qui
3054 2554 3280 2621 spernit,
3329 2571 3430 2610 non
3470 2559 3720 2612 hominem

2144 2633 2363 2701 spernit,
2395 2633 2485 2687 sed
2523 2634 2721 2700 Deum;
2749 2637 2834 2694 hic
2870 2651 3046 2696 autem
3090 2646 3333 2714 apposite
3364 2647 3430 2701 ad
3461 2648 3720 2719 pudorem

2147 2719 2531 2789 incutiendum,
2561 2724 2737 2781 Nolite
2761 2724 3074 2798 contristare,
3108 2735 3298 2804 inquit,
3332 2737 3584 2806 Spiritum
3606 2757 3721 2794 san-

2145 2821 2300 2880 ctum,
2332 2815 2384 2868 in
2410 2831 2508 2885 quo
2535 2818 2722 2887 signati
2749 2822 2885 2875 estis.
2915 2823 3026 2879 lloc
3058 2826 3386 2896 signaculum
3414 2831 3481 2884 sit
3509 2832 3560 2885 in
3587 2848 3680 2888 ore
3704 2853 3716 2886 :

2147 2917 2215 2956 ne
2243 2904 2412 2972 sigilla
2439 2909 2740 2964 sustuleris.
2765 2911 2836 2966 Os
2866 2915 3142 2982 spirituale
3169 2917 3299 2972 nihil
3333 2921 3436 2976 tale
3465 2921 3715 2993 loquitur.

2143 2991 2221 3048 Ne
2243 2993 2410 3060 dicas,
2441 2995 2581 3050 Nihil
2608 3008 2691 3053 est
2719 3001 2763 3054 si
2793 3009 2945 3070 turpe
2974 3004 3182 3072 dixero,
3212 3008 3256 3062 si
3286 3008 3427 3064 hunc
3458 2991 3549 3066 aut
3569 3014 3716 3068 illum

2144 3085 2462 3139 contumelia
2488 3086 2737 3144 aﬂecero.
2765 3091 3054 3161 Propterea
3084 3112 3331 3166 magnum
3357 3108 3440 3155 est
3479 3103 3674 3158 malum
3700 3146 3714 3168 ,

2143 3173 2394 3242 quoniam
2428 3175 2557 3230 nihil
2595 3193 2714 3233 esse
2746 3181 2975 3237 videtur.
3005 3183 3136 3238 Nam
3167 3201 3286 3256 quin
3325 3188 3456 3244 nihil
3493 3206 3613 3247 esse
3635 3195 3715 3246 vi-

2143 3262 2358 3329 denlur,
2385 3263 2538 3321 facile
2558 3277 3008 3339 contemnuntur;
3032 3291 3152 3344 quae
3175 3286 3352 3332 autem
3376 3290 3712 3337 contemnun-

2144 3363 2250 3419 tur,
2278 3354 2440 3410 etiam
2467 3369 2763 3428 augentur;
2797 3379 2916 3432 qum
2937 3376 3115 3420 autem
3142 3378 3406 3438 augentur
3427 3413 3442 3437 ,
3475 3373 3605 3428 fiunt
3635 3376 3715 3429 in-

2142 3445 2416 3500 curabilia.
2457 3447 2529 3503 Os
2559 3448 2723 3506 habes
2749 3454 3068 3522 Spirituale?
3094 3457 3280 3528 Cogita
3319 3463 3460 3531 quod
3497 3463 3714 3518 verbum

2142 3535 2342 3590 dixeris
2367 3538 2596 3606 primum
2624 3542 2837 3610 quando
2857 3559 2916 3598 es
2943 3545 3215 3616 loquutus,
3242 3559 3437 3620 quanta
3467 3554 3536 3608 sit
3556 3553 3719 3623 digni-

2145 3635 2225 3680 tas
2253 3628 2364 3681 oris
2394 3627 2492 3688 tui.
2522 3629 2733 3686 Patrem
2768 3648 2928 3689 vocas
2961 3637 3125 3692 Deum
3151 3678 3164 3703 ,
3195 3648 3249 3694 et
3290 3640 3507 3697 fratrem
3537 3648 3716 3700 statim

2142 3715 2333 3785 injuria
2354 3719 2522 3775 afficis
2541 3722 2565 3774 ?
2587 3722 2772 3792 Cogita
2800 3727 3067 3783 undenam
3097 3730 3264 3786 Deum
3298 3747 3460 3788 vocas
3484 3734 3712 3791 Patrem.

2141 3809 2186 3862 Α
2217 3811 2446 3865 natura?
2475 3813 2568 3868 sed
2598 3830 2702 3868 non
2731 3819 2986 3885 potueris.
3012 3821 3048 3873 Α
3076 3821 3314 3878 virtute?
3340 3825 3433 3880 sed
3464 3841 3563 3881 nco
3589 3827 3711 3882 hoc.

2140 3899 2244 3954 Sed
2275 3901 2460 3957 unde?
2486 3904 2530 3958 A
2558 3906 2670 3959 sola
2701 3906 3027 3978 benignitate
3055 3921 3107 3966 et
3133 3914 3414 3971 clementia
3441 3959 3457 3985 ,
3490 3934 3520 3972 a
3551 3921 3713 3974 multa

2142 3991 2524 4047 misericordia.
2555 3995 2777 4063 Quando
2804 4013 2933 4069 ergo
2965 4002 3129 4058 Deum
3161 4020 3319 4061 vocas
3347 4008 3581 4077 Patrem,
3609 4023 3712 4066 non

2142 4085 2313 4139 solum
2344 4086 2443 4141 hoc
2467 4091 2660 4159 cogita,
2693 4092 2832 4161 quod
2855 4093 2985 4150 facis
3015 4098 3227 4168 indigna
3256 4100 3343 4153 illa
3370 4105 3583 4170 generis
3615 4120 3712 4159 no-

2143 4176 2346 4233 bilitate
2366 4220 2380 4247 ,
2413 4184 2739 4238 contumelia
2767 4185 3044 4255 afficiens;
3076 4190 3170 4244 sed
3197 4193 3336 4260 quod
3369 4196 3527 4250 etiam
3557 4212 3588 4250 a
3619 4197 3715 4252 be-

2114 4284 2116 4287 '
2142 4272 2400 4341 nignitate
2420 4282 2473 4328 et
2498 4275 2780 4331 clementia
2807 4278 2974 4334 habes
3008 4281 3342 4338 nobilitatem
3369 4288 3605 4355 generis.
3640 4288 3716 4344 Ne

2142 4378 2258 4417 eam
2281 4379 2408 4434 ergo
2433 4365 2698 4422 dedecore
2741 4369 2942 4424 afficias
2966 4413 2981 4435 ,
3014 4387 3135 4427 cum
3163 4388 3280 4428 eam
3309 4377 3524 4445 quidem
3566 4395 3716 4434 acce-

2141 4455 2284 4524 peris
2319 4470 2347 4507 a
2385 4455 2711 4527 benignitate
2738 4469 2791 4514 et
2827 4461 3149 4530 clementia;
3183 4465 3499 4523 crudelitate
3537 4481 3714 4524 autem

2142 4553 2195 4598 et
2221 4545 2420 4598 saevitia
2466 4547 2632 4601 utaris
2672 4548 2926 4605 adversus
2959 4550 3170 4608 fratres.
3217 4554 3382 4610 Deum
3413 4573 3573 4614 vocas
3619 4559 3711 4613 Pa~

2144 4643 2277 4688 trem
2302 4674 2316 4696 ,
2347 4643 2400 4689 et
2425 4649 2546 4690 eum
2588 4640 2908 4694 contumelia
2946 4641 3115 4699 afhcis
3135 4643 3158 4696 ?
3182 4643 3286 4700 Sed
3313 4645 3430 4701 lucc
3459 4664 3564 4703 non
3594 4659 3714 4705 sunt

2141 4722 2234 4777 filii
2273 4724 2385 4778 Dei.
2415 4725 2561 4795 Opus
2593 4728 2687 4782 ﬁlii
2731 4729 2824 4784 Dei
2863 4740 2944 4786 est
2985 4733 3214 4789 inimicis
3257 4738 3532 4792 remittere
3556 4779 3572 4803 ,
3621 4756 3715 4809 pro

2141 4814 2572 4883 crucifigentibus
2601 4833 2780 4887 orare,
2811 4836 2906 4890 pro
2933 4823 2995 4877 iis
3026 4825 3115 4893 qui
3143 4826 3368 4880 oderunt
3400 4831 3719 4900 sanguinem

2143 4903 2434 4959 effundere.
2468 4905 2592 4962 Haec
2613 4917 2739 4963 sunt
2765 4910 2921 4982 digna
2950 4911 3058 4968 filio
3089 4913 3206 4980 Dei,
3235 4916 3501 4983 inimicos,
3533 4920 3716 4989 ingra-

2143 5002 2246 5059 tos,
2266 4993 2431 5062 fures,
2458 4997 2810 5067 impudentes,
2837 5003 3196 5072 insidiatores,
3221 5021 3314 5061 eos
3331 5007 3522 5064 fratres
3543 5012 3716 5066 facere

2143 5092 2198 5137 et
2224 5083 2468 5151 heredes,
2495 5102 2598 5142 non
2628 5099 2806 5144 autem
2828 5106 2921 5146 eos
2949 5095 3036 5162 qui
3067 5094 3189 5150 facti
3215 5106 3340 5151 sunt
3363 5099 3554 5157 fratres
3586 5113 3716 5156 tam-

2143 5188 2299 5243 quam
2329 5177 2589 5246 mancipia
2613 5180 2825 5236 afficere
2850 5187 3188 5241 contumelia.

2216 5266 2268 5320 ι.
2300 5264 2486 5321 Contra
2518 5271 2805 5325 maledicos.
2837 5303 2907 5313 —
2931 5275 3113 5346 Cogita
3141 5294 3382 5347 quasnam
3437 5283 3601 5338 verba
3636 5285 3716 5338 lo-

2143 5368 2363 5426 quntum
2392 5369 2474 5413 est
2498 5375 2560 5415 os
2587 5372 2766 5427 tuum,
2808 5380 3034 5434 quanam
3067 5384 3250 5424 mensa
3290 5373 3360 5426 sit
3400 5374 3696 5442 dignatum,

2141 5461 2386 5514 quaenam
2411 5460 2609 5518 tangat,
2634 5469 2875 5522 quautam
2895 5467 3090 5527 gustet,
3121 5476 3350 5530 quonam
3381 5465 3588 5520 fruatur
3616 5469 3713 5522 ali-

2147 5550 2345 5592 mento.
2376 5540 2452 5594 Te
2479 5541 2623 5596 fratri
2642 5545 2772 5599 nihil
2799 5562 2957 5615 grave
2984 5550 3159 5605 facere
3188 5553 3466 5609 existimas
3496 5556 3568 5610 illi
3603 5573 3714 5612 ma-

2150 5626 2422 5682 ledicens?
2455 5630 2731 5698 Quomodo
2759 5652 2885 5707 ergo
2907 5653 3062 5695 vocas
3084 5640 3297 5696 fratrem
3316 5643 3421 5699 f—Si
3449 5660 3581 5718 ergo
3615 5663 3717 5703 non
