4218 6266
484 282 587 339 105
1188 288 1245 345 S.
1281 287 1562 345 JOA’NNIS
1599 287 2080 348 CHRYSOSTOMI
2122 293 2443 352 ARCHIEP.
2485 297 3040 358 CONSTANTINOP.
3623 299 3722 356 106

483 400 722 454 τοιοῦτόν
756 403 903 456 ἐστιν
939 404 972 474 ή
1000 401 1178 475 ὕϐρις.
1207 404 1396 473 Πάτερ
1422 404 1609 474 ἡμῶν.
1647 407 1758 460 Καὶ
1780 407 1832 461 τί
1844 425 1860 474 ;
1892 405 2050 460 τοῦτο

485 484 677 553 μόνον;
715 486 912 538 Ἀκουε
942 485 1163 538 καὶτῶν
1193 485 1318 554 ἐξῆς
1343 502 1356 516 ·
1404 487 1466 538 '0
1503 487 1574 540 ἐν
1605 487 1727 553 τοῖς
1747 487 2045 555 οὐρανοῖς.

486 566 700 630 Εὐθέως
743 563 916 631 ε’ίπες,
948 566 1139 635 Πάτερ
1190 566 1359 636 ἡμῶν
1395 570 1427 620 ὁ
1454 567 1524 620 ἐν
1566 567 1695 635 τοῖς
1745 570 2046 637 οὐρανοῖς,

482 650 575 702 καί⁵
604 649 865 719 ἀνέστησέ
894 665 953 700 σε
973 648 1033 700 τὸ
1060 648 1231 719 ῥῆμα,
1260 648 1539 719 ἐπτέρωσέ
1560 667 1655 703 σου
1671 651 1770 722 τὴν
1786 651 2048 715 διάνοιαν,

481 731 679 796 ἔδειξεν
726 734 808 785 ὅτι
841 731 1060 800 Πατέρα
1091 731 1236 800 ἔχεις
1292 734 1351 784 ἐν
1397 735 1512 796 τοῖς
1545 735 1816 803 οὐρανοῖς.
1865 735 2048 804 Μηδὲν

480 818 708 887 πρᾶττε,
736 815 899 884 μηδὲν
922 813 1045 882 λέγε
1074 813 1183 868 τῶν
1213 814 1308 866 ἐπὶ
1331 816 1456 885 γῆς.
1493 815 1588 878 Εἰς
1614 814 1828 886 ἐκείνην
1859 833 1918 868 σε
1945 818 2046 888 τὴν

476 896 627 962 τάξιν
651 897 844 966 ἔστησε
871 896 969 966 τὴν
992 896 1124 961 ἄνω,
1157 896 1349 967 ἐκείνῳ
1392 914 1451 949 σε
1480 897 1724 969 ἐνέκρινε
1755 898 1833 968 τῷ
1867 899 2043 970 χορῷ·

481 981 530 1033 τί
563 979 758 1032 σαυτὸν
784 979 934 1032 κάτω
955 978 1240 1040 καθέλκεις
1262 997 1276 1044 ;
1308 979 1457 1049 παρὰ
1482 979 1574 1030 τὸν
1602 979 1788 1050 θρόνον
1811 981 2048 1052 ἕστηκας

475 1062 565 1116 τὸν
604 1060 913 1126 Βασιλικὸν,
947 1061 1041 1113 καὶ
1071 1059 1349 1131 ὑϐρίζειςς
1383 1061 1457 1113 Οὐ
1497 1061 1744 1124 δέδοικας
1782 1063 1858 1134 μὴ
1888 1062 2046 1133 ὓϐριν

472 1143 533 1196 τὸ
561 1144 796 1212 πρᾶγμα
823 1143 1095 1212 ἡγήσηται
1125 1144 1154 1194 ὀ
1185 1141 1472 1210 βασιλεύς;
1503 1141 1620 1194 ἀλλ’
1650 1141 1716 1196 ἂν
1748 1144 1847 1212 μὲν
1893 1145 2044 1198 οἰκέ-

472 1217 569 1294 της
602 1225 687 1293 ἐφ’
729 1223 891 1292 ήμῶν
920 1223 1012 1276 τὸν
1054 1223 1344 1293 ὁμόδουλον
1381 1222 1582 1294 τύπτῃ,
1627 1224 1660 1294 ῆ
1695 1224 1912 1297 ὑϐρίζῃ,
1944 1226 2046 1280 κᾶν

472 1306 695 1369 δικαίως
728 1305 887 1358 τοῦτο
932 1307 1083 1376 ποιῇ,
1133 1304 1335 1368 εὐθέως
1381 1305 1747 1376 ἐπιτιμῶμεν,
1798 1307 1955 1378 ὐϐριν
1985 1309 2047 1362 τὸ

473 1391 706 1458 πρᾶγμα
733 1386 1021 1457 ἡγούμενοι
1039 1403 1053 1417 ·
1093 1387 1156 1439 σύ
1182 1386 1239 1439 δέ
1271 1386 1410 1456 μετά
1434 1386 1542 1439 τῶν
1561 1388 1844 1459 Χερουϐὶμ
1873 1390 2045 1453 ἐστὼς

472 1469 624 1542 παρὰ
652 1469 742 1522 τὸν
762 1469 949 1540 θρόνον
971 1467 1065 1520 τοῦ
1090 1467 1383 1533 Βασιλέως,
1405 1468 1643 1538 ὑϐρίζεις
1667 1469 1759 1522 τὸν
1779 1470 2006 1538 ἀδελφόν
2028 1488 2043 1536 ;

472 1554 585 1622 Οὐχ
610 1553 742 1622 δρᾷς
765 1551 833 1603 τὰ
862 1551 994 1618 ἆγια
1017 1549 1191 1603 ταῦτα
1221 1551 1425 1620 σκεύη;
1467 1552 1588 1618 οὐχὶ
1627 1553 1766 1620 πρὸς
1807 1552 1865 1607 ἓν
1899 1555 2044 1607 ἐστιν

471 1633 654 1686 αὐτῶν
684 1633 975 1695 διαπαντὸς
1009 1635 1040 1699 ἠ
1068 1632 1262 1702 χρείας
1304 1633 1379 1702 μή
1419 1649 1501 1694 τις
1543 1631 1719 1702 τολμᾷ
1753 1633 1886 1703 πρὸς
1917 1634 2044 1686 ἄλλο

468 1733 522 1767 τι
551 1714 860 1786 χρήσασθαι
897 1715 1118 1780 αὐτοῖς;
1152 1715 1223 1766 Σὺ
1266 1713 1375 1766 τῶν
1407 1713 1616 1766 σκευῶν
1667 1714 1965 1786 ἁγιώτερος
1995 1712 2046 1769 εἰ

468 1797 694 1863 τούτων,
740 1796 835 1849 καὶ
866 1794 1046 1865 πολλῷ
1097 1793 1422 1864 ἁγιώτερος·
1458 1793 1511 1846 τί
1539 1795 1718 1848 τοίνυν
1759 1797 2042 1866 ρυπαίνεις

471 1880 669 1933 σαυτὸν
721 1880 816 1932 καὶ
871 1879 1151 1948 μολύνεις;
1200 1879 1288 1930 Ἐν
1333 1879 1445 1939 τοῖς
1479 1878 1729 1948 οὐρανοῖς
1783 1879 2042 1950 ἕστηκας,

468 1963 563 2014 καὶ
583 1960 854 2031 ὑϐρίζεις;
894 1961 1032 2031 μετὰ
1062 1959 1311 2028 ἀγγέλων
1336 1959 1617 2029 πολιτεύῃ,
1645 1961 1740 2014 καὶ
1770 1961 2036 2032 ὑϐρίζεις;

468 2043 774 2114 φιλήματος
804 2042 1034 2111 ἠξίωσαι
1062 2039 1411 2104 Δεσποτικοῦ,
1434 2042 1527 2093 καὶ
1557 2041 1830 2111 ὑϐρίζεις;
1861 2043 2043 2097 τοσού-

465 2142 578 2188 τοις
610 2142 703 2178 σου
730 2125 791 2178 τὸ
833 2125 1007 2194 στόμα
1040 2123 1350 2192 ἐκόσμησεν
1377 2123 1406 2174 ό
1432 2121 1565 2186 Θεὸς
1600 2123 1790 2194 ὕμνοις
1823 2125 2042 2192 ἀγγελι-

467 2210 603 2272 κοῖς,
633 2210 808 2279 τροφῇ
847 2207 1031 2261 οὐκέτι
1063 2205 1354 2275 ἀγγελικῇ,
1394 2205 1508 2257 ἀλλ’
1540 2206 1682 2278 ὑπὲρ
1719 2208 2038 2279 ἀγγελικὴν,

468 2289 734 2359 φιλήματι
769 2289 845 2358 τῷ
889 2289 1076 2353 αὐτοῦ,
1121 2286 1485 2360 περιπλοκαῖς
1513 2291 1632 2352 ταῖς
1671 2290 1806 2361 πρὸς
1852 2292 2036 2358 αὐτὸν,

469 2371 568 2423 καὶ
593 2370 866 2437 ὑϐρίζεις;
898 2369 1010 2439 Μὴ,
1043 2367 1366 2439 παρακαλῶ.
1418 2369 1685 2436 Μεγάλων
1713 2371 1773 2424 τὸ
1808 2374 2040 2442 πρᾶγμα

475 2452 646 2506 αῐτιον
687 2451 895 2518 κακῶν,
928 2452 1116 2522 πόρρω
1142 2449 1322 2520 ψυχῆς
1358 2450 1707 2524 Χριστιανῆς.
1754 2455 1830 2508 Οὐ
1857 2454 2040 2509 πείθου

2155 410 2253 479 μέν
2297 428 2356 464 σε
2416 413 2685 482 λέγοντες,
2742 417 2862 468 οὐδὲ
2895 415 3262 486 ἐντρέπομεν;
3316 413 3526 471 Οὐκοῦν
3571 417 3722 483 ἄξιον

2151 492 2390 562 φοϐῆσαι
2417 495 2603 549 λοιπόν
2626 513 2638 527 ·
2684 499 2847 551 ἄκουε
2877 499 2984 568 γὰρ
3018 496 3114 552 τοῦ
3152 497 3391 566 Χριστοῦ
3435 499 3682 568 λέγοντος
3703 519 3716 533 ·

2163 575 2224 627 '0
2249 576 2436 629 εἰπὼν
2462 576 2542 642 τῷ
2567 578 2806 648 ἀδελφῷ
2844 579 3053 644 αὐτοῦ,
3086 580 3278 646 Μωρέ,
3309 579 3525 650 ἔνοχος
3549 584 3723 640 ἔσται

2149 656 2225 725 τῇ
2253 658 2464 727 γεέννῃ
2490 661 2594 714 τοῦ
2633 664 2842 729 πυρός.
2884 663 3026 715 Εἰδέ
3061 663 3123 715 τὸ
3144 663 3472 733 κουφότερον
3500 665 3722 722 πάντων

2148 738 2371 806 γέενναν
2401 740 2672 810 προξενεῖ,
2719 745 2746 795 ὀ
2778 743 2846 795 τὰ
2897 743 3146 814 τολμηρὰ
3189 743 3386 812 λέγων,
3445 745 3588 808 τίνος
3623 748 3724 801 οὐκ

2149 819 2302 875 ἔσται
2336 822 2516 889 άξιος;
2549 823 2939 895 Παιδεύσωμεν
2983 825 3141 895 ήμῶν
3181 826 3314 895 πρὸς
3359 827 3636 897 εὐφημίαν
3661 828 3722 881 τὸ

2147 905 2354 975 στόμα·
2402 906 2544 976 μέγα
2574 908 2682 960 ἀπὸ
2721 908 2912 960 τούτου
2965 908 3175 978 κέρδος,
3225 909 3435 979 μεγάλη
3481 910 3588 962 άπὸ
3619 912 3721 981 τῆς

2149 985 2360 1058 ὕϐρεως
2383 990 2416 1058 ή
2444 987 2615 1059 βλάϐη
2635 1005 2650 1020 ⁸
2683 991 2782 1043 οὐκ
2816 990 2962 1042 ἐστιν
2986 990 3224 1044 ἐνταῦθα
3251 993 3512 1061 χρήματα
3544 992 3722 1044 δαπα-

2149 1068 2329 1138 νῆσαι.
2392 1070 2702 1140 Ἐπιθῶμεν
2751 1070 2922 1140 θύραν
2965 1072 3058 1124 καὶ
3111 1073 3346 1142 μοχλὸν,
3383 1071 3537 1144 [109]
3589 1089 3721 1126 κατ·-

2147 1151 2414 1220 εσθίωμεν
2438 1153 2687 1216 ἐαυτούς,
2707 1152 2800 1205 ἐὰν
2825 1153 2978 1222 ῥῆμά
2998 1171 3126 1206 ποτε
3148 1155 3404 1225 φορτικὸν
3428 1157 3718 1227 ἐκπηδήσῃ

2143 1232 2251 1285 τῶν
2285 1234 2515 1287 ὀδόντων
2537 1252 2548 1266 ·
2582 1236 2989 1305 παρακαλῶμεν
3012 1237 3103 1288 τὸν
3129 1237 3283 1303 Θεὸν,
3307 1239 3719 1310 παρακαλῶμεν

2143 1315 2234 1368 τὸν
2267 1315 2614 1388 ὑϐρισμένον,
2651 1316 2726 1385 μή
2755 1317 3207 1388 άναξιοπαθῶμεν
3228 1335 3241 1349 ·
3291 1321 3518 1383 ἑαυτοὺς
3549 1321 3719 1395 ἐπλή-

2145 1397 2334 1467 ξαμεν,
2371 1401 2473 1451 οὐκ
2524 1401 2764 1452 ἐκεῖνον’
2821 1401 3101 1470 ἐπιθῶμεν
3151 1401 3211 1454 τὸ
3264 1403 3560 1474 φάρμακον
3613 1405 3713 1474 τὴν

2144 1480 2307 1550 εὐχὴν
2356 1483 2450 1534 καὶ
2506 1481 2604 1550 τὴν
2643 1482 2780 1552 πρὸς
2828 1482 2919 1535 τὸν
2973 1483 3300 1554 ὑϐρισμένον
3345 1486 3712 1556 καταλλαγήν.

2145 1561 2246 1614 Ἂν
2281 1564 2339 1614 ἐν
2367 1566 2481 1625 τοῖς
2527 1565 2736 1634 ῥήμασι
2765 1563 3036 1634 τοσαύτην
3091 1564 3374 1634 ποιώμεθα
3431 1567 3712 1638 πρόνοιαν,

2147 1643 2329 1712 πολλῷ
2379 1643 2578 1714 μᾶλλον
2639 1645 2698 1696 ἐν
2751 1648 2862 1708 τοῖς
2903 1646 3188 1717 πράγμασι
3245 1647 3442 1718 νόμους
3476 1648 3715 1718 τιθῶμεν

2145 1726 2382 1789 ἑαυτοῖς.
2413 1726 2532 1779 Κᾶν
2560 1727 2748 1794 φίλους
2770 1727 3004 1798 ἔχωμεν,
3049 1729 3151 1782 κᾶν
3199 1730 3566 1796 οὑστινασοῦν,
3618 1733 3715 1786 καὶ

2140 1808 2346 1860 είποιεν
2375 1809 2564 1872 κακῶς
2592 1828 2734 1874 τινα,
2773 1811 2806 1881 ἢ
2845 1811 3145 1882 ὑϐρίσαιεν,
3178 1812 3480 1881 άπαίτησον
3510 1814 3711 1875 αὐτοὺς

2139 1893 2233 1945 καὶ
2284 1892 2576 1963 εἴσπραξαι
2628 1893 2803 1962 δίκην.
2841 1895 3234 1965 Μανθάνωμεν
3275 1894 3432 1959 ὅλως,
3478 1897 3561 1949 ὅτι
3611 1895 3714 1949 κᾶν

2138 1974 2445 2044 ἁμάρτημα
2475 1974 2534 2028 τὸ
2562 1975 2804 2029 τοιοῦτόν
2839 1977 2989 2030 ἐστιν
3013 1995 3026 2008 ·
3062 1977 3128 2030 ἂν
3155 1976 3264 2047 γὰρ
3302 1975 3584 2047 μάθωμεν,
3617 1993 3712 2029 τα-

2137 2056 2276 2126 χέως
2322 2057 2769 2128 ἀποστησόμεθα.
2818 2059 2878 2111 '0
2918 2059 2975 2111 δὲ
3021 2059 3154 2123 Θεὸς
3201 2061 3300 2130 τῆς
3347 2061 3572 2131 εἰρήνης
3605 2077 3710 2129 φυ-

2136 2138 2288 2202 λάξοι
2344 2138 2498 2208 ὑμῶν
2555 2140 2652 2192 καὶ
2708 2140 2800 2195 τὸν
2851 2141 2997 2208 νοῦν,
3033 2142 3127 2194 καὶ
3155 2142 3254 2212 τὴν
3306 2141 3581 2209 γλῶσσαν,
3613 2141 3708 2194 καὶ

2137 2219 2367 2288 τειχίσοι
2396 2220 2631 2289 ἀσφαλεῖ
2660 2224 2844 2293 τειχίῳ
2871 2223 2949 2294 τῷ
2985 2224 3150 2276 αὑτοῦ
3183 2224 3354 2294 φόϐῳ,
3399 2226 3457 2276 ἐν
3487 2222 3707 2294 Χριστῷ

2153 2299 2326 2370 Ἰησοῦ
2358 2303 2454 2353 καὶ
2505 2303 2696 2374 Κυρίῳ
2731 2305 2912 2374 ήμῶν,
2953 2305 3073 2376 μεθ’
3102 2303 3162 2360 οὐ
3200 2305 3278 2376 τῷ
3309 2305 3484 2376 Πατρὶ
3519 2307 3553 2376 ή
3583 2305 3706 2370 δόξα

2140 2381 2254 2452 ἅμα
2288 2381 2366 2452 τῷ
2403 2382 2544 2454 ἁγίῳ
2573 2383 2874 2454 Πνεύματι.

489 2690 3647 2730 .____...—________._____.____._._.____________________

1883 2961 2122 3019 OMIAIA
2164 2967 2266 3021 lE'.

465 3217 642 3273 Πᾶσα
677 3221 882 3287 πικρία
914 3220 1011 3274 καί
1043 3220 1252 3291 θυμὸς,
1297 3219 1398 3276 καί
1431 3220 1599 3292 ὀργὴ,
1632 3220 1731 3274 καί
1776 3220 2030 3290 κραυγὴ,

532 3300 633 3354 καί
673 3301 1038 3371 βλασφημία
1085 3302 1320 3372 ἀρθήτω
1351 3303 1453 3373 ἀφ’
1495 3301 1664 3372 ὑμῶν
1695 3301 1818 3357 σὺν
1864 3301 2032 3371 πάσῃ

520 3385 733 3453 κακίᾳ.

533 3578 604 3628 α’.
618 3572 828 3640 Ὥσπερ
843 3572 923 3634 είς
943 3572 1136 3635 σκεῦος
1151 3573 1457 3643 ἀκάθαρτον
1472 3572 1573 3626 οὐκ
1598 3571 1664 3626 ἄν
1685 3589 1814 3625 ποτε
1832 3572 2033 3636 ἐαυτάς

463 3652 683 3706 καθεῖεν
715 3653 771 3704 αἱ
808 3653 1096 3721 μέλισσαιο
1125 3653 1213 3706 διὰ
1243 3653 1350 3724 γὰρ
1393 3653 1551 3706 τοῦτο
1587 3653 1682 3705 καὶ
1721 3652 2032 3724 θυμιάμασι

464 3735 559 3786 καὶ
597 3733 789 3804 μύροις
821 3733 916 3785 καὶ
940 3733 1193 3795 εὐωδίαις
1222 3733 1315 3786 τὸν
1357 3734 1523 3787 τόπον
1571 3735 2031 3804 καταρραίνουσιν

461 3816 512 3866 οί
555 3815 684 3884 περὶ¹
712 3813 884 3865 ταῦτα
932 3813 1116 3877 δεινοὶ,
1169 3814 1331 3876 οῐνοις
1388 3831 1448 3866 τε
1505 3813 1732 3868 εὐώδεσι
1786 3817 1882 3868 καὶ
1919 3818 2032 3879 τοῖς

462 3896 643 3958 ἄλλοις
671 3896 842 3948 ἅπασι
873 3893 998 3956 τούς
1021 3893 1412 3960 καλαθίσκους,
1444 3895 1504 3947 ἐν
1529 3891 1611 3958 οἷς
1645 3895 1712 3949 ἂν
1743 3897 2030 3966 μέλλουσιν

462 3981 587 4050 ἄρτι
616 3978 725 4031 τῶν
760 3975 983 4048 σμηνῶν
1030 3976 1272 4041 ἐξιοῦσαι
1319 3977 1610 4042 ἐνιζάνειν,
1650 3977 1792 4032 ὥστε
1826 3981 1900 4050 μὴ
1930 3980 2029 4052 τὴν

460 4063 599 4132 ἀηδῆ
653 4059 827 4131 ὀσμὴν
878 4059 1199 4130 λυπήσασαν
1255 4060 1428 4123 αὐτὰς
1479 4061 1787 4131 ἀποστῆσαι
1821 4063 2025 4116 πάλιν·

458 4144 601 4197 οὓτω
624 4143 688 4214 δὴ
718 4145 811 4196 καὶ
833 4143 928 4195 ἐπὶ
955 4141 1048 4195 τοῦ
1073 4141 1391 4212 Πνεύματός
1413 4144 1529 4195 ἐστι
1556 4140 1652 4195 τοῦ
1684 4143 1860 4211 ἁγίου.
1908 4143 2030 4212 ’Δγ-

460 4227 606 4293 γεῖόν
636 4225 690 4277 τί
722 4227 869 4278 ἐστιν
915 4225 950 4293 ἡ
990 4223 1236 4294 ἡμετέρα
1269 4223 1413 4293 ψυχὴ
1445 4224 1540 4277 καὶ
1579 4223 1930 4288 καλαθίσκος,
1959 4224 2028 4279 τὰ

462 4310 640 4378 σμήνη
663 4306 780 4360 τῶν
802 4307 1162 4377 χαρισμάτων
1203 4306 1312 4358 τῶν
1343 4306 1731 4376 πνευματικῶν
1763 4306 2026 4372 ὐποδέξα-

459 4389 586 4442 σθαι
614 4388 884 4458 δυναμένη
906 4404 920 4420 ·
938 4388 1061 4440 ἀλλ’
1096 4383 1244 4460 ἐὰνῇ
1268 4387 1414 4441 ἐνδον
1434 4386 1565 4457 χολή
1586 4388 1681 4440 καὶ
1708 4387 1907 4457 πικρία
1932 4388 2027 4441 καὶ

459 4470 650 4540 θυμὸς,
687 4470 755 4523 τὰ
789 4471 969 4541 σμήνη
1011 4471 1334 4541 άφίπταται.
1373 4471 1474 4524 Διὰ
1509 4470 1668 4524 τοῦτο
1696 4473 1724 4524 ὀ
1758 4471 2026 4542 μακάριος

457 4547 608 4615 οὗτος
637 4552 733 4604 καὶ
775 4552 938 4620 σοφὸς
965 4553 1209 4623 γεωργὸς
1255 4551 1598 4623 διακαθαίρει
1645 4552 1826 4615 καλῶς
1868 4552 2025 4623 ήμῶν

456 4633 525 4687 τὰ
547 4633 737 4702 σκεύη,
765 4634 826 4685 οὐ
849 4633 1138 4702 δρέπανον,
1172 4634 1292 4686 οὐδέ
1322 4651 1374 4686 τι
1403 4633 1529 4687 ἄλλο
1558 4633 1750 4697 σκεῦος
1775 4633 2024 4704 σιδηροῦν

457 4715 705 4784 κατέχων
727 4730 741 4745 ο
773 4715 870 4767 καὶ
898 4713 1054 4766 καλεῖ
1082 4716 1231 4784 ἡμᾶς
1255 4717 1347 4767 ἐπὶ
1380 4715 1440 4768 τὸ
1471 4715 1843 4784 πνευματικὸν
1869 4715 2026 4770 τοῦτο

458 4796 681 4866 σμῆνος,
717 4797 811 4848 καὶ
842 4794 1092 4862 συνάγων
1137 4795 1270 4848 αὐτὸ
1300 4794 1642 4865 διακαθαίρει
1695 4799 1881 4867 εὐχαῖς
1933 4800 2027 4852 καὶ

455 4878 642 4941 πόνοις
677 4877 770 4932 καὶ
798 4880 909 4942 τοῖς
943 4877 1126 4940 ἄλλοις
1168 4876 1389 4930 ἅπασιν.
1431 4879 1570 4947 Ὅρα
1600 4876 1693 4933 οῦν
1724 4881 1841 4944 πῶς
1868 4882 2026 4952 ήμῶν

453 4960 775 5031 ἐκκαθαίρει
813 4959 913 5031 τὴν
954 4959 1183 5030 καρδίαν
1206 4974 1220 4988 ο
1257 4956 1504 5027 ἀπήλασε
1545 4959 1608 5012 τὸ
1656 4960 1886 5030 ψεῦδος,
1921 4964 2026 5016 άπ-

460 5043 631 5114 ήλασε
681 5044 780 5114 τὴν
830 5044 1020 5116 ὀργήν.
1053 5043 1306 5096 Δείκνυσι
1359 5042 1522 5096 πάλιν
1576 5044 1693 5108 πῶς
1718 5045 1784 5100 ἂν
1825 5047 2024 5116 μᾶλλον

453 5127 753 5197 πρόρριζον
812 5127 1190 5196 άνασπασθείη
1233 5126 1295 5178 τὸ
1349 5125 1554 5179 κακόνο
1604 5127 1671 5180 ἂν
1729 5128 1804 5199 μὴ
1852 5123 2022 5199 ὦμεν,

456 5210 614 5277 φησι,
645 5210 829 5276 πικροὶ
869 5212 967 5280 τὴν
1007 5211 1266 5263 διάνοιαν.
1321 5208 1587 5280 Καθάπερ
1643 5210 1750 5281 γάρ
1800 5211 1892 5266 ἐπὶ
1925 5214 2023 5283 τῆς

452 5291 618 5363 χολῆς
641 5292 956 5361 συμϐαίνειν
985 5295 1140 5347 είωθε
1172 5293 1270 5363 τῆς
1298 5293 1595 5364 ἡμετέρας,
1632 5293 1698 5347 ἂν
1739 5296 1836 5365 μὲν
1865 5296 2017 5367 ὀλίγη

455 5376 593 5446 τύχῃ
617 5390 702 5436 τις
737 5368 890 5439 οὖσα,
917 5375 1074 5446 ὀλίγη
1105 5377 1200 5430 καὶ
1225 5379 1259 5446 ή
1292 5376 1506 5446 κίνησις
1531 5376 1736 5443 γίνεται
1759 5380 2020 5448 ἐκραγέν-

451 5476 542 5522 τος
568 5457 664 5514 τοῦ
696 5457 946 5527 ταμιείου
965 5474 976 5487 ·
999 5460 1124 5511 ὅταν
1158 5459 1216 5512 δὲ
1257 5459 1528 5531 πλεονάσῃ
1558 5460 1618 5511 τὸ
1655 5461 1882 5530 σφοδρὸν
1919 5461 2020 5529 τῆς

453 5540 706 5610 τοιαύτης
735 5541 1019 5608 ποιότητος
1067 5541 1162 5592 καὶ
1191 5541 1466 5608 δηκτικὸν,
1497 5542 1678 5595 οὐκέτι
1730 5544 1913 5610 στέγει
1960 5543 2019 5595 τὸ

457 5623 620 5692 φέρον
660 5622 828 5694 αὐτὴν
867 5623 1128 5693 πρότερον
1170 5622 1408 5689 ἀγγεῖον,
1449 5622 1584 5675 ἀλλὰ
1625 5624 1872 5695 καθάπερ
1911 5641 2013 5676 πυ-

2137 3225 2228 3294 ρὸς
2247 3238 2272 3266 ι
2310 3225 2538 3297 σφοδροῦ
2567 3226 2868 3298 διαϐρωθέν
2893 3229 3076 3283 οὐκέτι
3098 3228 3209 3286 οἷόν
3246 3235 3306 3288 τέ
3337 3236 3454 3290 ἐστι
3485 3239 3694 3307 στέγειν

2134 3307 2304 3389 αὐτὴν
2340 3310 2437 3362 καὶ
2486 3309 2736 3380 κατέχειν
2769 3311 2828 3362 ἐν
2855 3313 2968 3375 τοῖς
2996 3314 3320 3385 ὡρισμένοις
3345 3318 3513 3389 ὅροις,
3558 3320 3693 3375 ἀλλὰ

2132 3387 2465 3472 διασπασθέν
2516 3391 2620 3444 ὑπὸ
2661 3391 2761 3460 τῆς
2815 3392 3053 3464 ἀμέτρου
3101 3387 3429 3469 δριμύτητος
3471 3402 3695 3472 ἀφίησιν

2132 3471 2452 3535 ἐξελθοῦσαν
2481 3474 2643 3527 παντὶ
2670 3474 2746 3544 τῷ
2773 3475 2983 3545 σώματι
3022 3477 3376 3548 λυμαίνεσθαι
3399 3499 3414 3512 ο
3443 3484 3538 3536 καὶ
3562 3471 3694 3536 καθ-

2132 3553 2275 3625 άπερ
2304 3557 2384 3618 είς
2430 3555 2584 3609 πόλιν
2620 3556 2838 3625 ἐνεχθὲν
2894 3558 3080 3628 θηρίον
3120 3559 3270 3632 [110]
3313 3562 3693 3632 χαλεπώτατον

2131 3638 2227 3691 καὶ
2251 3639 2544 3709 ἀφόρητον,
2578 3639 2682 3701 ἐως
2718 3640 2814 3710 μὲν
2847 3640 2914 3694 ἂν
2952 3641 3100 3695 ἐνδον
3138 3644 3196 3695 ἐν
3238 3648 3357 3708 ταῖς
3385 3649 3691 3719 πεποιημέ-

2129 3737 2246 3782 ναις
2289 3723 2531 3792 εἱρκταῖς
2561 3723 2880 3793 κατέχηται,
2923 3725 3094 3791 οὐδὲν,
3140 3725 3241 3780 κᾶν
3272 3729 3547 3801 ἁγριαίνῃ,
3587 3733 3690 3786 κᾶν

2130 3802 2329 3875 κράζῃ,
2359 3805 2548 3859 οὐδένα
2580 3806 2780 3876 βλάψαι
2808 3808 3094 3879 δυνήσεται
3123 3825 3136 3840 ο
3177 3811 3306 3863 ὅταν
3341 3811 3398 3863 δὲ
3427 3813 3508 3882 τῷ
3537 3814 3690 3886 θυμῷ

2128 3886 2396 3956 κρατηθῇ,
2424 3888 2516 3940 καὶ
2538 3888 2833 3952 διακλάσας
2856 3893 2982 3953 τοὺς
3011 3890 3097 3944 διὰ
3129 3891 3294 3959 μέσου
3327 3894 3691 3965 βεϐλημένους

2128 3967 2358 4030 κανόνας
2401 3969 2709 4039 ἐκπηδῆσαι
2762 3969 3010 4041 δυνηθῇ,
3064 3973 3266 4036 παντὸς
3320 3974 3550 4043 θορύϐου
3593 3977 3689 4047 τὴν

2128 4049 2280 4102 πόλιν
2313 4051 2616 4122 ἐμπίπλησι
2647 4053 2740 4106 καὶ
2772 4055 3012 4125 ταραχῆς
3033 4094 3048 4120 ,
3085 4056 3180 4108 καὶ
3214 4056 3419 4120 πάντας
3455 4058 3692 4112 ἀπελαύ-

2127 4146 2239 4183 νει·
2278 4131 2421 4185 οὑτω
2457 4133 2520 4203 δὴ
2548 4135 2643 4186 καὶ
2694 4134 2794 4203 τῆς
2825 4135 2985 4205 χολῆς
3013 4138 3046 4206 ή
3081 4136 3242 4205 φύσις
3273 4153 3286 4167 ·
3317 4139 3422 4202 ἕως
3476 4141 3574 4210 μὲν
3623 4141 3690 4194 ἂν

2129 4215 2187 4267 ἐν
2215 4216 2328 4278 τοῖς
2355 4215 2575 4278 οἰκείοις
2615 4217 2764 4286 ὅροις
2815 4219 3132 4289 κατέχηται,
3162 4221 3314 4273 οὐδὲν
3356 4221 3499 4290 μέγα
3541 4225 3690 4293 ἡμᾶς

2127 4298 2414 4368 ἐργάζεται
2450 4300 2621 4353 κακόν
2643 4316 2655 4331 ’
2688 4300 2906 4354 ἐπειδάν
2944 4301 3001 4354 δέ
3043 4303 3371 4373 ἐκραγέντος
3401 4305 3496 4358 τοῦ
3531 4323 3687 4378 περι-

2127 4379 2341 4448 έχοντος
2367 4381 2536 4449 αὐτὴν
2571 4381 2785 4450 ὑμένος,
2819 4382 2972 4436 οὐδὲν
3063 4384 3123 4437 τὸ
3150 4384 3357 4440 κωλύον
3389 4384 3574 4442 λοιπὸν
3603 4391 3681 4451 είς

2125 4464 2304 4515 πᾶσαν
2339 4463 2654 4534 διαχυθῆναι
2694 4465 2796 4535 τὴν
2834 4465 3015 4534 φύσιν,
3051 4468 3172 4520 τότε
3214 4466 3300 4537 δὴ,
3335 4468 3477 4533 τότε,
3511 4470 3687 4525 καίτοι

2124 4544 2263 4598 οὑτω
2294 4547 2498 4615 σφόδρα
2525 4546 2721 4616 μικρὸν
2759 4547 2817 4599 ὃν
2856 4550 2919 4618 τῇ
2961 4548 3238 4619 ποσότητι,
3275 4549 3362 4602 διὰ
3390 4550 3490 4620 τὴν
3523 4553 3688 4622 ὑπερ⁴

2124 4625 2425 4682 ϐάλλουσαν
2465 4630 2521 4680 ἐν
2564 4631 2629 4698 τῇ
2680 4629 2923 4699 ποιότητι
2971 4629 3202 4700 δύναμιν
3251 4632 3428 4686 πάντα
3455 4634 3527 4688 τὰ
3553 4634 3687 4689 ἄλλα

2125 4712 2361 4788 στοιχεῖα
2393 4711 2492 4780 τῆς
2516 4712 2723 4772 οίκείας
2762 4711 3137 4782 ἀναχρώννυσι
3172 4714 3391 4777 κακίας.
3417 4715 3552 4769 Τότε
3581 4717 3686 4788 γὰρ

2122 4791 2186 4862 δὴ
2226 4787 2366 4863 αἷμα
2399 4793 2632 4864 εὑροῦσα
2666 4795 2891 4865 πλησίον
2928 4795 3006 4864 τῷ
3039 4813 3097 4848 τε
3125 4798 3275 4867 τόπῳ
3309 4800 3404 4851 καὶ
3443 4801 3512 4870 τῇ
3541 4787 3686 4854 ποιό-

2121 4891 2262 4945 τητι,
2295 4876 2389 4928 καὶ
2412 4875 2508 4947 τὴν
2539 4878 2595 4929 ἐν
2615 4877 2805 4948 ἐκείνῳ
2836 4876 3145 4948 θερμότητα
3165 4879 3498 4950 δριμυτέραν
3521 4883 3687 4952 ἐργα-

2123 4951 2344 5028 ζομένη,
2381 4959 2476 5011 καὶ
2523 4959 2584 5011 τὸ
2617 4960 2847 5028 ἐγγύθεν
2896 4961 3004 5014 πᾶν
3053 4962 3189 5031 ὅπερ
3215 4963 3383 5027 ἐστὶν,
3435 4951 3685 5034 άπὸίτῆς

2121 5040 2261 5092 κατὰ
2311 5040 2408 5110 τὴν
2461 5042 2735 5112 ὑγρότητα
2785 5043 3126 5114 συμμετρίας
3179 5045 3506 5116 ὑπερϐαῖνον
3557 5049 3683 5111 τούς

2120 5121 2278 5191 ὅρους
2318 5125 2413 5176 καὶ
2451 5126 2611 5194 χολὰς
2663 5125 3054 5196 ἐργαζόμενον,
3096 5127 3235 5194 μετὰ
3266 5127 3456 5180 τούτου
3497 5127 3682 5182 λοίπὸν

2120 5203 2210 5255 καὶ
2257 5207 2369 5268 τοῖς
2422 5204 2602 5270 ἄλλοις
2663 5208 3110 5279 ἐπιστρατεύεται
3165 5209 3370 5278 μέλεσι,
3407 5210 3503 5262 καὶ
3538 5210 3681 5263 οὕτω

2121 5285 2296 5339 πάντα
2343 5289 2423 5349 είς
2462 5289 2560 5358 τήν
2613 5290 2820 5344 οίκείαν
2861 5290 3076 5344 ἐνθεῖσα
3123 5291 3407 5358 πονηρίαν,
3467 5291 3680 5358 ἄφωνον

2118 5369 2407 5438 ἐργάζεται
2440 5372 2532 5423 τὸν
2573 5371 2878 5443 ἄνθρωπον,
2923 5377 3018 5427 καὶ⁵
3060 5375 3322 5427 ἀποπνεῖν
3374 5375 3535 5436 ποιεῖ,
3582 5373 3679 5441 τὴν

2118 5451 2291 5521 ψυχὴν
2320 5453 2712 5510 ἀπελαύνουσα.
2759 5455 2822 5507 Τί
2858 5455 2922 5524 δὴ
2951 5454 3119 5508 ταῦτα
3139 5455 3271 5522 ἡμῖν
3301 5453 3518 5508 ἅπαντα
3535 5451 3679 5506 οὑτω

2181 5634 2204 5661 ⁸
2229 5632 2359 5692 Lege
2379 5634 2470 5681 ὑπὸ
2495 5634 2653 5687 πυρός.
