4218 6266
578 565 654 611 est
679 555 862 620 frater,
891 550 1154 622 quomodo
1182 549 1314 603 dicis
1335 589 1348 613 ,
1384 547 1534 601 Pater
1577 547 1785 600 noster?
1833 544 1960 599 illud
1990 545 2130 597 enim

579 654 760 711 noster,
791 645 983 698 multas
1010 643 1272 711 significat
1297 653 1572 710 personas.
1598 637 1780 708 Cogita
1805 651 1926 691 cum
1944 635 2134 704 quibus

579 747 681 790 stes
706 745 944 803 tempore
970 734 1179 787 illorum
1212 729 1585 802 mysteriorum
1612 747 1626 794 ;
1668 744 1788 782 cum
1815 726 2097 781 Cheruhim
2118 766 2133 791 ,

578 841 690 881 cum
725 824 1022 892 Seraphim.
1051 822 1328 892 Seraphim
1355 821 1496 875 enim
1519 819 1841 874 contumelia
1887 832 1991 871 non
2017 817 2137 870 afli-

577 916 736 978 ciunt,
785 913 877 968 sed
923 928 986 968 os
1035 928 1218 967 eorum
1267 928 1428 967 unum
1481 913 1649 966 solum
1691 908 1876 977 implet
1922 921 2136 971 munus,

577 1018 766 1073 nempe
797 1003 960 1057 Deum
991 1002 1236 1057 laudandi
1259 1010 1312 1056 et
1331 1000 1680 1070 glorificandi.
1704 997 1982 1064 Quomodo
2003 1012 2131 1068 ergo

577 1094 771 1163 poteris
796 1106 916 1147 Cum
948 1091 1054 1145 illis
1078 1091 1277 1155 dicere,
1296 1091 1538 1157 Sanctus,
1559 1099 1783 1154 sanctus,
1801 1098 2024 1154 sanctus,
2051 1087 2141 1157 qui

576 1199 664 1238 ore
688 1197 816 1236 usus
837 1196 896 1236 es
917 1180 984 1234 ad
1013 1179 1430 1234 contumeliam?
1461 1179 1782 1247 Dic,qu:cso,
1805 1178 1849 1231 si
1879 1187 2022 1232 esset
2048 1192 2143 1232 vas

575 1275 799 1343 regium,
821 1273 981 1342 regiis
1005 1287 1218 1340 semper
1235 1271 1368 1326 cibis
1397 1270 1674 1332 refertum,
1706 1279 1761 1324 ct
1788 1270 1854 1324 ad
1886 1269 1988 1324 hoc
2010 1283 2141 1325 con-

577 1365 863 1427 stitutum;
909 1361 1100 1415 deinde
1137 1361 1328 1424 aliquis
1363 1374 1430 1415 ex
1475 1359 1685 1413 famulis
1711 1374 1776 1414 eo
1801 1367 2036 1413 uteretur
2076 1358 2141 1414 ad

577 1462 837 1518 stercora,
865 1451 1150 1506 auderetne
1175 1449 1402 1521 amplius
1419 1464 1680 1518 reponere
1695 1463 1816 1502 cum
1841 1449 2003 1513 vasis,
2025 1463 2144 1518 quae

581 1553 706 1596 sunt
733 1543 798 1596 ad
819 1543 901 1596 illa
928 1541 1186 1595 destinata
1209 1579 1226 1606 ,
1252 1541 1424 1608 ipsum
1453 1547 1690 1594 stercore
1710 1537 2012 1607 repletum?
2041 1537 2142 1592 Ne-

581 1647 859 1700 quaquam.
887 1629 1197 1699 Hujusmodi
1219 1637 1400 1684 resest
1421 1628 1810 1692 maledicentia,
1841 1627 2144 1696 hujusmodi

581 1737 669 1776 res
692 1731 774 1778 est
808 1719 1151 1776 contumelia.
1181 1718 1337 1773 Pater
1357 1730 1543 1774 noster.
1572 1719 1639 1773 Et
1663 1717 1787 1788 quid
1811 1717 1833 1769 ἲ
1863 1725 2015 1772 estne
2045 1717 2147 1773 hoc

579 1812 791 1866 solum?
817 1811 935 1866 audi
961 1811 1120 1865 etiam
1148 1824 1264 1878 quae
1293 1819 1586 1879 sequuntur
1616 1827 1628 1863 :
1667 1808 1765 1874 Qui
1801 1824 1851 1862 es
1891 1813 1943 1861 tn
1986 1807 2145 1862 catis.

577 1900 766 1956 Statim
792 1899 991 1965 dixisti,
1021 1898 1177 1952 Pater
1203 1910 1370 1952 noster
1394 1899 1478 1967 qui
1518 1914 1569 1951 es
1590 1899 1642 1951 in
1663 1899 1818 1963 cwfis,
1847 1905 1902 1952 et
1929 1897 2145 1952 verbum

578 2000 632 2045 te
655 1990 844 2054 erexit,
885 1999 940 2043 et
966 1989 1132 2043 menti
1161 1995 1262 2041 tute
1286 1987 1400 2040 alas
1438 1985 1680 2052 addidit,
1724 1994 1778 2040 et
1821 1984 2054 2041 ostendit
2098 1994 2148 2039 te

577 2079 792 2134 Patrem
820 2078 1018 2133 habere
1063 2078 1118 2131 in
1147 2076 1312 2130 caelis.
1353 2074 1495 2130 Nihil
1526 2090 1652 2145 agas
1677 2115 1693 2142 ,
1733 2074 1870 2128 nihil
1914 2074 2057 2129 dicas
2082 2089 2147 2128 ex

577 2168 644 2222 iis
663 2183 785 2238 quae
811 2174 936 2221 sunt
962 2168 1017 2221 in
1047 2174 1208 2220 terra.
1239 2163 1297 2218 ln
1328 2179 1616 2234 supernum
1647 2165 1794 2218 illum
1822 2163 2063 2218 ordinem
2092 2172 2142 2219 te

575 2257 785 2321 retulit,
814 2257 867 2309 in
898 2255 1066 2309 choro
1091 2253 1182 2307 illo
1211 2261 1264 2308 te
1291 2253 1515 2307 inseruit
1546 2266 1679 2306 :cur
1705 2262 1757 2308 te
1784 2252 2031 2306 deorsum
2057 2251 2150 2306 de-

579 2345 797 2400 trahis?
835 2345 972 2413 apud
1017 2343 1263 2397 thronum
1310 2350 1420 2396 stas
1456 2341 1661 2410 regium
1687 2379 1702 2404 ,
1744 2349 1797 2396 et
1831 2340 2146 2394 contumelia

573 2433 935 2489 aﬂicis?Non
980 2430 1285 2488 extimescis
1315 2445 1384 2485 ne
1432 2429 1546 2484 Rex
1592 2444 1708 2484 eam
1753 2444 1864 2484 rem
1890 2429 2154 2484 existimet

574 2524 1008 2578 contumeliam?
1053 2521 1157 2577 Sed
1187 2525 1233 2576 si
1275 2521 1502 2575 famulus
1529 2520 1741 2590 quidem
1779 2535 1958 2575 coram
1987 2520 2140 2574 nobis

575 2627 900 2668 conservum
928 2610 1171 2666 verberet
1210 2618 1300 2664 aut
1321 2609 1646 2664 contumelia
1685 2607 1918 2674 alliciat,
1947 2609 2152 2664 etiamsi

576 2703 684 2758 hoc
706 2703 848 2771 juste
873 2701 1065 2765 faciat,
1087 2701 1263 2754 statim
1293 2700 1647 2768 inerepamus,
1671 2714 1782 2753 rem
1813 2713 1934 2754 esse
1961 2707 2152 2753 contu-

572 2796 797 2851 meliam
849 2801 1135 2864 putantes;
1178 2799 1234 2847 tu
1275 2799 1452 2846 autem
1491 2806 1610 2845 cum
1649 2790 1965 2845 Cherubinis
2009 2798 2156 2844 stans

574 2885 721 2954 apud
749 2885 996 2938 thronum
1016 2883 1197 2952 Regis,
1224 2882 1545 2936 contumelia
1571 2880 1790 2936 fratrem
1812 2881 2016 2936 afﬁcis?
2038 2881 2154 2937 Non

576 2975 730 3031 vides
757 2974 870 3029 haec
910 2982 1093 3028 sancta
1119 2973 1286 3026 vasa?
1325 2987 1505 3026 annon
1545 2971 1612 3026 ad
1640 2988 1803 3026 unum
1831 2973 1911 3028 eis
1941 2988 2155 3042 semper

574 3075 667 3119 est
725 3062 898 3132 opus?
936 3077 1059 3116 num
1104 3060 1263 3115 audet
1301 3061 1562 3131 quispiam
1601 3062 1679 3116 eis
1723 3061 1796 3115 uti
1842 3060 1908 3116 ad
1957 3061 2155 3131 aliquid

578 3151 779 3206 aliud?
806 3152 882 3206 Tu
921 3166 979 3207 es
1006 3151 1087 3206 bis
1117 3151 1256 3205 vasis
1285 3151 1521 3206 sanctior
1541 3190 1558 3215 ,
1585 3161 1639 3206 et
1666 3153 1833 3206 multo
1871 3153 2108 3207 sanctior
2137 3171 2151 3206 ε

576 3257 683 3296 cur
710 3256 838 3311 ergo
861 3241 1083 3309 teipsum
1117 3241 1312 3310 polluis
1349 3249 1404 3296 et
1431 3241 1712 3310 inquinas?
1734 3240 1856 3296 Stas
1888 3243 1942 3296 in
1967 3243 2113 3297 cadis
2137 3283 2154 3310 ,

576 3343 633 3385 et
664 3331 989 3386 contumelia
1019 3331 1234 3386 efficis?
1264 3346 1387 3387 cum
1415 3331 1620 3402 angelis
1649 3333 1881 3388 versaris
1906 3375 1921 3400 ,
1950 3342 2002 3388 et
2027 3348 2158 3388 con-

1453 433 1520 491 lN
1558 433 1769 490 EPIST.
1815 433 1905 489 AD
1946 431 2185 488 EPHES.
2225 428 2377 487 CAP.
2422 431 2508 487 IV.
2549 432 2775 488 ﬂOMlL.
2818 432 2933 488 XV.

3710 441 3810 493 ΑΜ

2242 545 2454 599 tumelia
2482 545 2686 600 afficis?
2713 546 2984 602 Dominico
3012 544 3464 618 osculo-dignatus
3485 567 3564 612 es.
3599 563 3651 608 et
3677 570 3810 609 con-

2257 636 2472 691 tumelia
2517 637 2730 692 afficis?
2770 639 2909 695 Deus
2951 653 3014 694 os
3058 648 3204 693 tuum
3241 641 3452 696 ornavit
3491 650 3598 697 tam
3631 646 3812 699 multis

2245 725 2456 796 hymnis
2482 728 2757 797 angelicis,
2784 728 3037 786 alimento
3067 744 3172 784 non
3203 731 3382 799 utique
3406 733 3648 802 angelico
3672 775 3689 802 ,
3717 737 3812 791 sed

2244 819 2664 888 superangelico,
2697 820 2777 873 sui
2804 821 2988 876 osculo
3010 829 3064 876 et
3084 823 3195 877 suis
3215 823 3568 891 amplexibus,
3601 835 3656 882 et
3674 842 3808 882 con.-

2247 909 2457 962 tumelia
2480 909 2688 964 amcis?
2717 910 3072 980 Noli,qu:eso.
3103 912 3210 967 Res
3241 913 3375 980 haec,
3403 929 3561 969 causa
3586 933 3810 988 magno.

2245 1016 2360 1054 rum
2390 1000 2672 1065 malorum,
2706 1003 2893 1070 procul
2921 1003 2990 1056 sit
3030 1003 3098 1056 ab
3127 1005 3307 1060 animo
3346 1005 3671 1062 Christiano.
3718 1009 3810 1063 Die

2246 1089 2415 1144 cendo
2466 1090 2557 1144 tibi
2607 1107 2712 1144 non
2763 1092 3170 1162 persuademus,
3220 1111 3392 1164 neque
3437 1098 3529 1151 tibi
3557 1099 3809 1168 pudorem

2247 1178 2577 1234 incutimus?
2607 1180 2795 1236 Restat
2821 1196 2950 1251 ergo
2974 1190 3031 1236 ut
3061 1190 3111 1237 te
3140 1193 3433 1240 terreamus
3468 1206 3480 1241 :
3514 1189 3636 1243 andi
3665 1191 3807 1244 enim

2246 1267 2512 1322 Christum
2541 1269 2827 1336 dicentem,
2857 1271 2954 1336 Qui
2982 1271 3163 1324 dixerit
3189 1274 3337 1342 fratri
3361 1291 3471 1340 suo,
3497 1275 3679 1345 Fatue,
3697 1297 3810 1335 reus

2247 1360 2342 1412 erit
2369 1364 2610 1430 gehennae
2648 1363 2779 1432 ignis
2803 1361 3011 1432 (Matth.
3047 1363 3100 1417 5.
3131 1361 3247 1432 22).
3278 1362 3333 1417 Si
3359 1374 3537 1420 autem
3562 1369 3701 1436 quod
3731 1380 3813 1425 est

2247 1449 2484 1503 omnium
2512 1449 2835 1507 levissimum
2859 1491 2876 1517 ,
2915 1451 3214 1520 gehennam
3249 1454 3498 1509 conciliat
3531 1461 3658 1526 :qui
3680 1459 3811 1514 dicit

2248 1553 2366 1607 quae
2391 1547 2515 1593 sunt
2543 1539 2718 1594 nimia:
2742 1540 2976 1595 audacias
2998 1579 3014 1606 ,
3042 1555 3158 1608 qua:
3184 1556 3288 1595 non
3317 1544 3650 1601 merebitur?
3677 1550 3816 1603 Eru-

2248 1627 2454 1682 diamus
2486 1643 2547 1683 os
2589 1637 2826 1686 nostrum
2857 1629 2922 1683 ad
2963 1627 3384 1686 benedicendum
3429 1650 3441 1685 :
3475 1649 3544 1690 ex
3575 1636 3675 1692 hoc
3700 1655 3811 1693 nta-

2246 1731 2408 1785 gnum
2438 1725 2518 1771 est
2562 1717 2798 1783 lucrum;
2827 1732 2894 1772 ex
2941 1720 3258 1774 contumelia
3303 1737 3548 1791 magnum
3592 1737 3674 1782 est
3715 1729 3810 1783 da-

2249 1820 2429 1858 mnum
2463 1823 2476 1859 :
2509 1819 2615 1859 non
2655 1815 2777 1860 sunt
2817 1805 2903 1860 hic
2947 1809 3183 1877 pecuniae
3209 1810 3598 1880 impendendar.
3637 1815 3811 1888 Impo-

2250 1908 2436 1948 namus
2487 1895 2700 1958 ostium,
2747 1905 2950 1950 vectem
2999 1904 3055 1952 et
3099 1899 3409 1969 repagulum
3477 1921 3490 1956 :
3535 1919 3632 1958 nos
3671 1907 3816 1976 ipsos

2250 1982 2540 2038 exedamus
2559 2025 2574 2049 ,
2606 1985 2650 2038 si
2675 1999 2834 2054 grave
2861 1985 3074 2057 aliquod
3107 1988 3325 2043 verbum
3348 1992 3632 2060 aliquando
3660 2011 3690 2050 e
3721 2013 3820 2052 no-

2251 2075 2377 2129 stris
2415 2075 2666 2130 dentibus
2707 2077 2971 2132 exsilierit
3006 2095 3021 2132 :
3066 2093 3315 2148 rogemus
3350 2081 3537 2150 Deum,
3571 2100 3818 2155 rogemus

2252 2180 2372 2219 cum
2397 2165 2486 2234 qui
2512 2174 2594 2220 est
2624 2166 2845 2222 affectus
2884 2169 3244 2236 contumelia;
3293 2186 3362 2227 ne.
3402 2173 3452 2227 id
3491 2174 3646 2231 nobis
3684 2178 3818 2234 indi-

2252 2270 2414 2325 gnum
2433 2269 2783 2312 censeamus:
2811 2273 2907 2314 nos
2929 2259 3091 2329 ipsos,
3118 2274 3222 2314 non
3250 2261 3397 2316 illum
3421 2268 3811 2332 percussimus:

2251 2345 2596 2401 adhibeamus
2623 2347 3086 2415 medicamentum,
3109 2364 3313 2418 preces,
3336 2358 3391 2406 et
3420 2357 3811 2413 reconciliatio-

2254 2451 2374 2491 nem
2395 2449 2514 2490 cum
2540 2451 2606 2491 eo
2634 2437 2723 2507 qui
2748 2445 2828 2491 est
2854 2436 3073 2493 aiTectus
3093 2440 3437 2495 contumelia.
3465 2442 3519 2496 Si
3550 2444 3600 2496 in
3634 2447 3812 2501 verbis

2257 2536 2454 2581 tantam
2479 2541 2659 2580 curam
2681 2526 2916 2596 gerimus
2936 2566 2953 2593 ,
2981 2528 3148 2582 multo
3177 2529 3344 2597 magis
3375 2530 3426 2584 in
3459 2531 3616 2586 rebus
3665 2535 3820 2590 nobis

2256 2617 2400 2686 leges
2427 2617 2778 2686 imponamus.
2809 2616 2877 2671 Et
2903 2617 2949 2672 si
2992 2617 3281 2672 habeamus
3308 2621 3506 2675 amicos
3529 2662 3544 2687 ,
3572 2625 3812 2692 quicum-

2254 2722 2356 2776 que
2385 2707 2596 2761 tandem
2623 2707 2728 2761 sint
2757 2706 2832 2760 illi
2866 2747 2882 2772 ,
2915 2715 2968 2761 et
2993 2708 3293 2778 quempiam
3336 2710 3618 2765 maledicto
3654 2729 3817 2784 appe-

2258 2799 2454 2864 tierint,
2482 2805 2573 2851 aut
2593 2797 2781 2866 injuria
2807 2795 3099 2863 alfecerint,
3131 2799 3339 2866 postula
3361 2799 3430 2854 ab
3457 2800 3587 2868 ipsis
3614 2812 3671 2856 ut
3698 2819 3812 2873 pm-

2257 2901 2351 2940 nas
2383 2886 2526 2941 dent.
2556 2887 2828 2942 Discamus
2854 2886 3073 2941 omnino
3097 2885 3198 2942 hoc
3226 2902 3345 2944 csse
3367 2901 3664 2959 peccatum:
3697 2911 3817 2949 nam
3848 2933 3851 2938 -

2255 2993 2376 3032 cum
2401 2976 2762 3041 didicerimus,
2787 2977 2894 3032 cito
2921 2975 3258 3032 desistemus.
3293 2978 3432 3034 Deus
3465 2990 3641 3037 autem
3675 2985 3820 3052 pacis

2257 3066 2520 3122 custodiat
2561 3074 2792 3121 mentem
2837 3075 2892 3120 et
2933 3066 3166 3136 linguam
3210 3076 3477 3135 vestram,
3521 3079 3576 3126 et
3619 3074 3823 3128 muniat

2260 3165 2371 3210 tuto
2397 3169 2570 3221 muro,
2592 3169 2784 3224 nempe
2803 3154 2883 3208 sui
2915 3163 3081 3220 metu,
3112 3154 3163 3208 in
3191 3153 3403 3210 Christo
3437 3158 3564 3213 .lcsu
3594 3160 3850 3216 Domino-

2258 3253 2462 3312 nostro,
2489 3258 2607 3299 cum
2635 3257 2740 3315 quo
2769 3243 2912 3298 Patri
2935 3242 3104 3315 gloria
3148 3243 3308 3298 simul
3347 3261 3466 3300 cum
3497 3259 3682 3303 sancto
3705 3251 3823 3321 Spi-

2261 3336 2385 3389 ritu.

3399 3454 3828 3474 -—————_-—__

1936 3513 2275 3576 HOMILIA
2317 3511 2460 3574 xv.
2545 3491 2552 3498 ’

575 3663 711 3717 Cn.
747 3663 791 3716 ι.
824 3677 874 3714 v.
903 3660 993 3716 3|.
1039 3659 1217 3713 Omnis
1261 3657 1544 3712 amaritudo
1585 3665 1628 3711 et
1673 3659 1750 3710 ira
1787 3665 1834 3709 et
1873 3657 2153 3726 indignatio

655 3766 706 3808 et
730 3755 920 3807 clamor
957 3761 1003 3805 et
1030 3751 1342 3820 blasphemia
1381 3750 1588 3803 tollatur
1634 3765 1664 3801 a
1698 3748 1834 3802 vobis
1874 3765 1985 3801 cum
2020 3751 2154 3803 omni

658 3844 875 3896 malitia.

664 3934 718 3984 1.
760 3929 1209 3998 Quemadmodum
1237 3934 1292 3985 in
1321 3945 1414 3984 vas
1435 3938 1492 3985 et
1525 3929 1896 3984 vestimentum
1924 3929 2156 3983 immun-

578 4023 720 4077 dum
745 4035 1028 4088 numquam
1055 4036 1113 4074 se
1140 4021 1440 4075 dimiserint
1465 4034 1590 4088 apes
1619 4037 1632 4072 :
1659 4017 1779 4073 ideo
1800 4019 1940 4072 enim
1971 4026 2025 4072 et
2049 4018 2156 4073 suf-

580 4114 766 4169 ﬁtibus
792 4125 843 4170 et
871 4115 1149 4184 unguentis
1185 4115 1443 4184 bonisque
1471 4113 1722 4168 odoribus
1765 4112 1939 4165 locum
1969 4125 2152 4179 asper-

573 4211 736 4273 gunt,
765 4202 952 4257 barum
981 4218 1156 4257 rerum
1184 4204 1362 4272 periti,
1390 4202 1634 4270 vinisque
1675 4215 1838 4255 suave
1864 4201 2151 4264 olentibus,

573 4307 632 4351 et
663 4296 780 4350 aliis
812 4296 1058 4350 omnibus
1087 4294 1300 4349 illinunt
1329 4293 1648 4348 calathiscos
1675 4333 1688 4356 ,
1713 4293 1766 4345 in
1808 4292 1998 4361 quibus
2030 4303 2155 4346 sunt

573 4389 872 4442 incessuras
905 4395 1166 4441 exeuntes
1195 4400 1262 4439 ex
1289 4384 1453 4438 alveis
1486 4424 1501 4449 ,
1537 4398 1604 4437 ne
1633 4383 1872 4452 ingratus
1897 4382 2029 4436 odor
2056 4395 2149 4436 eas

574 4493 768 4534 rursus
796 4477 974 4547 abigat
1001 4477 1108 4531 :ita
1128 4477 1288 4530 etiam
1317 4476 1370 4528 in
1391 4483 1575 4528 sancto
1597 4472 1818 4541 Spiritu.
1852 4471 1957 4526 Vas
1988 4471 2159 4540 quod-

572 4569 710 4623 dam
752 4576 807 4623 et
835 4568 1049 4638 quidam
1092 4566 1411 4622 calathiscus
1437 4574 1518 4618 est
1548 4573 1727 4618 nostra
1755 4563 1929 4616 anima
1975 4571 2157 4630 parata

574 4658 649 4711 ad
686 4659 992 4728 excipienda
1022 4659 1265 4712 examina
1311 4656 1600 4726 gratiarum
1643 4653 2029 4724 spiritualium;
2063 4650 2158 4705 sed

571 4748 624 4800 si
657 4747 729 4801 sit
758 4749 899 4802 intus
925 4748 1046 4802 bilis
1063 4755 1118 4799 et
1142 4745 1439 4799 amaritudo
1456 4753 1510 4798 et
1531 4745 1629 4808 ira,
1656 4743 1867 4796 evolant
1889 4742 2156 4797 examina.

573 4836 874 4902 Promerea
927 4837 1113 4891 beatus
1161 4833 1251 4890 hic
1289 4844 1347 4890 et
1389 4835 1604 4903 sapiens
1657 4833 1887 4902 agricola
1938 4831 2159 4900 pulchre

576 4935 780 4994 purgat
807 4939 930 4980 vasa
958 4934 1161 4988 nostra,
1189 4938 1298 4978 non
1329 4925 1516 4977 falcem
1549 4933 1758 4988 tenens,
1785 4935 1958 4989 neque
1985 4921 2156 4974 ullum

574 5015 733 5068 aliud
763 5016 1174 5069 instrumentum
1220 5014 1449 5069 ferreum
1485 5029 1498 5065 :
1531 5021 1584 5066 et
1628 5027 1724 5066 nos
1754 5019 1908 5065 vocat
1937 5011 2001 5064 ad
2030 5025 2160 5065 exa-

575 5119 714 5157 men
738 5103 839 5158 hoc
866 5104 1161 5172 spirituale,
1185 5118 1247 5157 ac
1275 5116 1605 5172 congregans
1635 5101 1805 5169 ipsum
1827 5109 2017 5169 purgat
2045 5115 2161 5168 prc-

570 5193 740 5248 cibus
776 5202 832 5249 et
857 5193 1128 5247 laboribus
1155 5202 1208 5247 et
1240 5193 1360 5246 aliis
1405 5190 1674 5245 omnibus.
1708 5189 1840 5256 Vide
1863 5203 1989 5257 ergo
2025 5203 2158 5258 quo-

573 5283 744 5337 modo
789 5292 1050 5352 expurgat
1087 5293 1138 5337 et
1190 5282 1442 5337 emundat
1484 5295 1576 5334 cor
1610 5287 1848 5332 nostrum
1902 5294 1914 5330 :
1961 5278 2164 5346 expulit

575 5373 946 5438 mendacium,
982 5373 1184 5441 expulit
1219 5373 1372 5424 iram.
1404 5368 1651 5424 Ostendit
1685 5380 1866 5420 rursus
1897 5367 2161 5435 quomodo

573 5463 785 5517 malum
825 5463 1082 5517 radicitus
1120 5463 1272 5516 evelli
1300 5461 1467 5529 possit
1496 5476 1508 5511 :
1539 5459 1584 5512 si
1609 5466 1788 5512 mente
1817 5458 2030 5526 quidem
2057 5472 2161 5510 non

571 5557 755 5608 simus
785 5553 992 5618 amari,
1029 5553 1216 5621 inquit.
1251 5552 1321 5606 Ut
1364 5552 1505 5605 enim
1536 5551 1673 5617 solet
1702 5548 1949 5602 accidere
1976 5549 2025 5602 in
2056 5549 2163 5604 bile

571 5651 793 5709 nostra,
824 5643 869 5695 si
899 5643 1106 5696 modica
1139 5643 1316 5708 fuerit,
1338 5653 1514 5696 motus
1535 5641 1696 5697 etiam
1722 5655 1912 5710 parvus
1938 5640 2162 5694 efficitur

569 5742 744 5802 rupto
771 5733 1146 5800 receptaculo;
1173 5748 1292 5786 cum
1321 5743 1496 5787 autem
1526 5732 1862 5788 vehementia
1904 5731 2018 5799 ejus
2047 5746 2162 5784 cre-

570 5821 746 5894 verit,
775 5834 826 5881 et
849 5826 1146 5881 mordacior
1169 5825 1353 5882 effecta
1377 5826 1552 5896 fuerit,
1573 5842 1664 5880 vas
1682 5824 1821 5896 quod
1847 5825 1986 5879 illam
2014 5825 2159 5892 prius

2264 3657 2469 3714 ferebat
2494 3698 2509 3723 ,
2541 3655 2694 3727 quasi
2720 3672 2751 3714 a
2775 3655 3078 3714 vehementi
3107 3658 3228 3730 igne
3263 3674 3480 3716 exesum
3504 3702 3520 3729 ,
3557 3677 3660 3718 non
3690 3665 3823 3722 ultra

2260 3757 2434 3819 potest
2470 3749 2611 3802 illam
2639 3747 2911 3814 cohibere,
2939 3757 2992 3804 et
3021 3749 3074 3803 in
3117 3749 3353 3805 definitis
3382 3753 3626 3809 terminis
3652 3758 3825 3810 conti-

2259 3854 2387 3894 nere
2411 3853 2426 3904 ;
2456 3837 2549 3892 sed
2576 3837 2642 3891 ab
2673 3836 2954 3894 immodica
2979 3836 3245 3894 divulsum
3285 3842 3580 3898 acrimonia
3604 3844 3826 3901 dimittit

2259 3943 2375 3983 eam
2407 3968 2420 3992 ,
2473 3937 2527 3982 et
2569 3927 2694 3981 sinit
2740 3941 3010 3997 egressam
3053 3938 3221 3984 totum
3256 3945 3449 4000 corpus
3476 3933 3698 4002 perdere
3729 3953 3743 3989 :
3775 3946 3830 3991 et

2259 4020 2394 4073 sicut
2418 4018 2471 4072 in
2513 4019 2697 4073 urbem
2727 4019 3007 4086 importata
3037 4021 3278 4088 quaedam
3320 4025 3610 4077 stevissima
3641 4034 3694 4080 et
3728 4027 3827 4080 im.

2260 4107 2565 4161 manissima
2589 4107 2783 4171 bellua,
2807 4107 3055 4175 quamdiu
3076 4108 3287 4175 quidem
3310 4112 3610 4164 continetur
3629 4114 3680 4167 in
3708 4129 3824 4168 car-

2258 4199 2466 4252 ceribus
2486 4238 2501 4262 ,
2541 4197 2748 4251 etiamsi
2777 4196 3030 4250 ederetur
3061 4205 3114 4250 et
3155 4197 3476 4252 vociferatur
3498 4239 3512 4264 ,
3556 4205 3823 4260 neminem

2259 4288 2454 4356 poterit
2477 4287 2702 4351 ltedere;
2747 4286 2958 4356 quando
2981 4294 3154 4339 autem
3182 4286 3257 4340 ira
3285 4288 3565 4344 invaluerit
3589 4331 3602 4355 ,
3631 4293 3675 4346 si
3704 4310 3825 4362 per.

2262 4377 2442 4431 fractis
2462 4392 2582 4445 qua:
2612 4377 2884 4445 interiecta
2918 4386 3070 4430 erant
3096 4380 3381 4447 repagulis,
3407 4383 3575 4450 possit
3594 4386 3825 4452 exsilire,

2262 4468 2460 4535 ingenti
2490 4467 2717 4520 tumultu
2739 4476 2793 4520 et
2816 4467 3218 4524 conturbatione
3248 4470 3413 4540 replet
3439 4473 3703 4529 civitatem
3730 4517 3744 4540 ,
3774 4487 3829 4532 et

2263 4572 2451 4610 omnes
2479 4557 2641 4625 abigit
2673 4573 2686 4608 :
2721 4557 2791 4610 ita
2812 4558 2968 4611 etiam
2992 4557 3042 4610 in
3065 4557 3177 4620 bili,
3202 4561 3438 4627 quandiu
3455 4564 3667 4627 quidem
3693 4581 3824 4620 con-

2267 4647 2464 4702 tinetur
2489 4648 2600 4700 suis
2625 4645 2832 4720 finibus,
2856 4647 3056 4700 nullum
3084 4647 3238 4701 nobis
3258 4663 3506 4718 magnum
3537 4652 3692 4706 infert
3712 4670 3826 4709 ma-

2265 4739 2408 4802 lum;
2439 4748 2778 4807 posteaquam
2808 4747 2987 4792 autem
3014 4779 3029 4804 ,
3062 4748 3213 4807 rupta
3234 4754 3351 4808 qua:
3379 4754 3495 4794 eam
3524 4745 3831 4800 continebat

2267 4829 2568 4884 membrana
2595 4869 2609 4894 ,
2642 4827 2772 4882 nihil
2803 4836 2944 4883 vetat
2981 4829 3262 4897 quominus
3306 4829 3371 4884 de
3399 4840 3592 4887 czctero
3622 4833 3679 4888 in
3706 4836 3826 4888 uni-

2265 4937 2472 4975 versam
2519 4919 2841 4975 diffundatur
2885 4932 3126 4974 naturam
3152 4961 3166 4985 ,
3197 4932 3356 4985 tunc,
3403 4925 3608 4977 etiamsi
3651 4926 3718 4978 sit
3747 4941 3834 4980 res

2267 5010 2550 5065 admodum
2575 5025 2732 5079 parva
2757 5011 2808 5063 in
2834 5011 3147 5078 quantitate,
3179 5021 3390 5079 propter
3421 5023 3826 5080 exsuperantem

2268 5101 2319 5154 in
2341 5101 2591 5170 qualitate
2614 5101 2738 5163 vim,
2763 5098 3055 5152 omnia-alia
3079 5099 3341 5151 elementa
3365 5111 3466 5151 suo
3488 5097 3653 5152 inﬁcit
3681 5101 3828 5156 vitio.

2266 5191 2395 5244 Nam
2418 5199 2470 5244 et
2498 5190 2708 5242 invento
2737 5186 2992 5255 sanguine
3012 5227 3026 5250 ,
3053 5186 3143 5254 qui
3169 5193 3253 5238 est
3283 5186 3603 5253 propinquus
3630 5199 3683 5243 et
3713 5191 3836 5246 loco

2269 5291 2322 5334 et
2347 5281 2617 5348 qualitate,
2639 5277 2871 5330 calorem
2893 5276 2980 5342 qui
3007 5282 3090 5327 est
3116 5274 3167 5324 iu
3183 5272 3273 5324 illo
3293 5273 3549 5328 acriorem
3569 5279 3843 5348 efficiens,

2269 5366 2586 5437 etquidquid
2610 5375 2692 5420 est
2717 5365 3090 5432 prepinquum,
3115 5362 3182 5414 ab
3204 5375 3264 5414 ea
3286 5376 3402 5431 qua:
3427 5372 3508 5419 est
3534 5367 3584 5420 in
3609 5367 3858 5424 humore.

2271 5457 2575 5527 symmetria
2618 5463 2672 5508 et
2704 5452 3070 5506 moderatione
3112 5451 3366 5506 terminos
3395 5456 3694 5511 transiliens
3728 5498 3741 5522 ,
3780 5467 3834 5511 et

2271 5547 2428 5600 bilem
2457 5543 2709 5604 reddens,
2758 5541 2840 5592 his
2883 5539 3014 5592 freta
3044 5542 3251 5594 auxiliis
3274 5582 3288 5606 ,
3323 5542 3570 5610 deinceps
3591 5548 3753 5601 etiam
3780 5551 3837 5604 in

2269 5639 2368 5691 alia
2420 5635 2656 5689 membra
2701 5631 2893 5684 bellum
2928 5632 3062 5700 gerit
3094 5648 3107 5684 :
3140 5642 3193 5686 et
3220 5632 3412 5687 deinde
3446 5648 3564 5686 cum
3591 5638 3837 5691 omnibus

2270 5742 2418 5781 suam
2460 5721 2705 5777 indiderit
2733 5720 3165 5785 amaritudinem,
3202 5732 3408 5775 mutum
3451 5722 3612 5777 efﬁcit
3660 5725 3832 5777 homi-

2273 5834 2416 5885 nem,
2445 5825 2496 5872 et
2524 5814 3065 5882 animamcxpcllens,
3093 5815 3363 5884 chpisarc
3393 5814 3549 5882 cogit.
3582 5813 3687 5868 Cur
3718 5815 3829 5868 haec
