4218 6266
488 355 587 410 ΗΠ

483 487 514 524 a
563 468 717 524 nobis
761 469 937 523 omnia
968 467 1102 523 adeo
1141 477 1325 522 exacte
1354 475 1409 521 et
1449 475 1697 522 accurate
1725 467 1862 521 dicta
1889 468 2052 522 sunt?

485 562 556 619 Ut
583 577 704 616 cum
733 575 798 615 ex
829 559 1009 616 sensili
1040 557 1393 613 amaritudine
1435 557 1764 613 senserimus
1809 559 2060 612 intolera-

484 653 590 708 bile
621 652 805 706 vilium
845 649 1248 716 amaritudinis,
1280 664 1399 718 quae
1439 647 1580 703 cadit
1613 648 1713 702 sub
1763 648 2058 717 intelligen-

481 747 630 812 tiam,
656 753 712 801 et
753 744 893 815 quod
937 751 1032 797 tott
1070 757 1187 811 qua)
1239 756 1356 796 eam
1401 744 1538 811 parit
1587 742 1778 797 animae
1831 743 2055 811 primum

480 836 635 890 all'ert
664 836 958 901 interitum,
990 835 1168 888 omnia
1207 847 1419 889 sursum
1467 843 1521 888 et
1557 834 1806 888 deorsum
1837 848 2054 903 perver-

479 937 616 990 tens,
661 927 887 980 vitemus
914 925 1031 994 ejus
1055 926 1461 994 experientiam.
1490 925 1621 979 Nam
1649 936 1706 980 ut
1737 926 1848 996 ipsa
1885 935 2052 980 totum

475 1020 821 1084 elementum,
857 1018 926 1071 ita
957 1019 1042 1071 illa
1070 1018 1303 1072 incensis
1343 1017 1774 1085 cogitationibus,
1805 1033 1925 1071 eum
1957 1018 2048 1087 qui

473 1121 658 1180 captus
679 1109 838 1165 fuerit
866 1109 1078 1165 abducit
1109 1111 1160 1163 in
1189 1109 1448 1179 gehennae
1477 1109 1806 1163 barathrum.
1839 1107 1905 1163 Ut
1932 1108 2048 1163 hzec

469 1218 600 1273 ergo
624 1211 812 1257 exacte
849 1211 1249 1273 perscrutantes
1274 1242 1288 1268 ,
1322 1201 1425 1256 hoc
1455 1202 1650 1255 malum
1679 1200 1960 1271 fugiamus,
1994 1209 2048 1255 et

467 1294 700 1349 belluam
743 1294 1012 1348 frenemus
1035 1334 1049 1356 ,
1081 1293 1167 1348 vel
1205 1298 1382 1363 potius
1427 1293 2000 1348 radicitus-evellamus
2022 1333 2039 1360 ,

468 1401 750 1455 pareamus
776 1384 940 1441 Paulo
970 1386 1056 1455 qui
1101 1386 1268 1453 dicit,
1321 1385 1498 1440 Omnis
1540 1386 1860 1449 amaritudo,
1901 1400 2039 1448 non,

467 1479 818 1549 Expurgetur,
851 1476 963 1541 sed,
991 1477 1200 1531 tollatur
1230 1493 1260 1530 a
1291 1478 1448 1531 vobis.
1480 1476 1617 1544 Quid
1641 1477 1784 1532 enim
1811 1491 1942 1546 opus
1961 1484 2044 1530 est

465 1579 522 1624 ut
548 1585 625 1624 eae
654 1583 739 1624 res
767 1569 896 1623 mihi
928 1567 1195 1638 negotium
1226 1567 1548 1634 exhibeant,
1579 1575 1633 1621 et
1670 1581 1762 1620 eas
1790 1575 1996 1620 teneam
2017 1567 2041 1617 ’ἔ

461 1661 586 1732 quid
617 1675 752 1730 opus
781 1668 864 1714 est
908 1669 964 1714 ιιι
989 1659 1283 1714 custodiam
1313 1658 1542 1713 belluam
1570 1699 1585 1724 ,
1618 1673 1738 1714 cum
1785 1659 1944 1713 liceat
1972 1657 2040 1712 ab

459 1755 636 1809 anima
663 1753 949 1808 amandare
971 1793 988 1820 ,
1019 1762 1074 1808 et
1103 1751 1285 1821 procul
1330 1751 1611 1805 abductam
1641 1750 1898 1819 abigere?
1930 1749 2034 1804 Pa-

459 1863 671 1903 reamus
699 1861 830 1918 ergo
856 1847 1021 1901 Paulo
1047 1846 1136 1914 qui
1169 1844 1334 1898 dicit:
1369 1842 1547 1897 Omnis
1572 1841 1859 1896 amaritudo
1886 1842 2032 1894 tolla-

457 1949 541 1994 tur
563 1957 595 1994 a
623 1939 777 1993 vobis.
811 1937 915 1994 Sed
944 1935 1078 2008 proh
1101 1935 1256 1991 dolor
1277 1976 1292 2000 ,
1323 1950 1440 2005 qua:
1469 1949 1567 1989 nos
1598 1942 1742 1988 tenet
1767 1932 2000 2002 perversi
2019 1963 2032 1972 -

456 2033 575 2086 tasl
606 2046 726 2085 cum
771 2036 1046 2100 oporteret
1081 2036 1300 2098 propter
1329 2027 1432 2080 hoc
1456 2025 1632 2079 omnia
1662 2023 1836 2083 facere
1860 2063 1875 2089 ,
1909 2032 2032 2078 sunt

452 2124 666 2194 quidam
696 2122 830 2178 adeo
857 2121 1154 2188 dementes,
1187 2129 1246 2175 ut
1275 2135 1333 2174 se
1361 2134 1573 2189 quoque
1601 2119 1702 2172 hac
1729 2117 1783 2170 in
1814 2132 1873 2172 re
1905 2117 2029 2170 hea-

453 2224 536 2267 tos
563 2221 834 2278 censeant,
866 2221 919 2266 et
947 2212 1000 2266 in
1031 2212 1170 2266 malo
1197 2211 1522 2280 voluptatem
1544 2209 1806 2277 accipiant
1827 2215 1881 2261 et
1913 2208 2025 2276 glo-

451 2304 676 2367 ricntur,
705 2310 758 2357 et
781 2302 871 2355 alii
901 2316 994 2355 eos
1023 2301 1364 2356 aemulentur.
1397 2300 1510 2365 Ille,
1541 2300 1728 2367 inquit,
1759 2306 1841 2353 est
1867 2299 2025 2351 homo

449 2394 674 2448 acerbus
699 2401 752 2448 et
776 2408 934 2461 asper
956 2432 971 2458 ,
998 2401 1080 2446 est
1109 2392 1351 2460 scorpius
1372 2432 1387 2453 ,
1419 2399 1500 2444 est
1545 2405 1765 2458 serpens
1790 2429 1805 2454 ,
1837 2396 1917 2443 est
1947 2389 2022 2441 vi-

450 2499 572 2552 pera
601 2500 616 2548 ;
648 2481 938 2536 terribilem
966 2496 1086 2534 cum
1115 2481 1440 2535 existimant.
1463 2479 1598 2545 Quid
1622 2493 1749 2548 ergo
1773 2478 2020 2533 acerbum

448 2577 595 2630 illum
642 2583 696 2628 et
725 2588 972 2643 asperum
1003 2573 1158 2628 times
1180 2615 1194 2638 ,
1218 2587 1250 2627 ο
1276 2572 1479 2626 homo?
1509 2571 1584 2626 Ne
1610 2586 1696 2626 me
1726 2571 1902 2635 laedat,
1935 2571 2023 2624 in-

446 2669 593 2737 quit,
625 2681 692 2720 ne
730 2681 817 2722 me
857 2664 1045 2736 perdat
1077 2684 1090 2719 :
1128 2680 1246 2720 sum
1276 2665 1419 2718 illius
1459 2663 1673 2718 malitiae
1701 2663 1970 2732 imperitus
2001 2679 2016 2717 :

446 2759 608 2814 timeo
639 2773 705 2813 ne
745 2757 789 2812 si
819 2772 906 2811 me
942 2757 1209 2812 hominem
1239 2757 1544 2827 acceperint
1597 2755 1891 2825 simplicem
1918 2797 1932 2820 ,
1965 2764 2018 2810 et

444 2866 562 2920 quae
589 2858 715 2905 sunt
739 2849 854 2919 ejus
875 2849 1004 2903 nihil
1032 2848 1437 2919 prtevidentem,
1475 2848 1529 2901 in
1556 2861 1682 2902 suos
1709 2846 1910 2916 injiciat
1935 2847 2014 2899 la-

441 2956 630 3011 queos,
661 2950 714 2996 et
743 2941 856 2996 suis
887 2939 1141 3009 impediat
1161 2939 1384 3005 retibus,
1408 2938 1585 2993 abillo
1609 2940 1804 3008 paratis
1823 2937 1887 2991 ad
1918 2952 2014 2991 nos

439 3032 806 3104 decipiendos.
841 3031 993 3087 Nunc
1039 3032 1208 3088 rideo.
1253 3030 1361 3087 Cur
1390 3031 1566 3086 rides?
1609 3031 1865 3103 Quoniam
1899 3030 2012 3085 hare

437 3136 562 3179 sunt
592 3123 749 3179 verba
781 3139 1066 3194 puerorum
1115 3124 1410 3178 timentium
1437 3165 1452 3189 ,
1498 3139 1616 3194 qua:
1659 3139 1766 3179 non
1798 3131 1918 3177 sunt
1949 3124 2012 3177 ti-

437 3215 648 3270 menda.
675 3216 848 3284 Atque
865 3216 1133 3268 neminem
1153 3214 1364 3282 quidem
1389 3214 1459 3267 ita
1477 3221 1685 3282 oportet
1707 3211 2006 3283 desjticere,

436 3306 702 3360 neminem
721 3305 792 3359 ita
816 3304 1038 3358 irridere
1061 3313 1117 3358 ut
1141 3303 1412 3358 hominem
1431 3303 1680 3357 acerbum
1709 3314 1761 3356 et
1787 3301 2005 3357 malum.

432 3392 573 3448 Nihil
603 3401 685 3448 est
733 3392 873 3447 enim
923 3407 1075 3462 reque
1119 3391 1440 3446 imbecillum
1482 3399 1640 3462 atque
1677 3391 1940 3447 acerbitas
1990 3411 2004 3447 :

431 3485 624 3540 stultos
645 3485 729 3538 illa
765 3484 892 3538 facit
916 3493 970 3538 et
994 3491 1259 3538 amentes.

499 3575 536 3628 2
583 3574 701 3628 Νοιι
730 3574 924 3628 videtis
965 3573 1106 3642 quod
1133 3589 1220 3628 res
1255 3588 1396 3629 eatea
1427 3576 1499 3628 sit
1525 3577 1747 3630 vitium?
1777 3591 1883 3631 non
1912 3593 2007 3631 au-

428 3666 638 3722 divistis
656 3664 799 3734 quod
823 3665 911 3734 qui
939 3665 1114 3718 vicino
1133 3663 1267 3719 fudit
1295 3664 1526 3732 foveam,
1553 3667 1652 3722 sibi
1673 3667 1842 3722 fodit?
1867 3668 2002 3734 Quid

427 3756 604 3826 ergo?
646 3770 754 3810 non
797 3763 880 3809 est
931 3755 1196 3809 timendus
1238 3755 1446 3810 animus
1492 3757 1679 3824 plenus
1724 3760 2001 3826 perturba-

427 3850 618 3904 tione?
655 3847 710 3901 Si
757 3845 972 3916 quidem
1021 3854 1287 3915 tamquam
1346 3845 1619 3902 daemones
1662 3857 1715 3902 et
1754 3848 1998 3914 furiosos,

426 3947 640 4010 oportet
677 3938 836 3993 etiam
885 3937 1110 3992 acerbos
1147 3937 1335 3990 timere
1359 3977 1374 4002 ,
1409 3946 1458 3991 et
1499 3946 1766 4007 tamquam
1813 3938 2002 3993 stultos

425 4029 524 4092 (illi
554 4030 693 4084 enim
741 4038 945 4082 temere
974 4035 1030 4081 et
1071 4025 1466 4081 inconsiderate
1499 4027 1676 4081 omnia
1721 4026 1955 4096 faciunt)
1980 4069 1994 4094 ,

424 4136 525 4192 ego
553 4135 764 4190 quoque
794 4118 845 4173 id
872 4118 992 4174 dico
1019 4135 1034 4173 :
1058 4117 1104 4172 si
1126 4127 1303 4172 autem
1326 4126 1384 4172 ut
1408 4118 1499 4187 qui
1520 4127 1667 4174 recte
1699 4118 1997 4188 intelligant

423 4212 693 4281 quomodo
741 4213 850 4265 sint
892 4224 980 4264 res
1018 4209 1300 4278 gerendae,
1349 4208 1401 4262 in
1435 4208 1537 4264 hoc
1573 4225 1677 4263 non
1704 4212 1989 4264 assentior.

423 4303 558 4358 Nam
592 4301 658 4356 ad
685 4315 772 4355 res
799 4297 1248 4354 administrandas
1273 4307 1326 4353 et
1346 4298 1734 4369 dispensandas
1755 4299 1889 4354 nihil
1916 4310 1997 4355 est

420 4407 574 4464 aeque
627 4401 808 4460 aptum
853 4399 1011 4458 atque
1051 4389 1372 4458 prudentia;
1426 4388 1760 4458 prudentiam
1812 4401 1989 4446 autem

426 4483 560 4540 nihil
589 4495 740 4550 aeque
777 4478 1016 4549 impedit,
1047 4485 1209 4547 atque
1236 4478 1466 4548 pravitas
1493 4487 1548 4534 et
1583 4481 1791 4545 vitium,
1826 4479 1996 4534 fraus-

418 4591 521 4644 que
564 4579 620 4628 et
659 4569 881 4626 insidiae.
933 4567 1050 4623 Non
1092 4568 1288 4622 videtis
1327 4569 1516 4624 biliosa
1559 4585 1786 4639 corpora
1833 4585 1991 4639 quam

415 4667 526 4722 sint
571 4661 878 4732 injucunda,
923 4673 1044 4713 cum
1082 4659 1255 4712 omnis
1305 4657 1404 4713 llos
1447 4661 1500 4713 in
1527 4661 1604 4715 eis
1635 4661 1994 4716 emarcuerit?

417 4771 577 4826 quam
619 4754 724 4808 sint
754 4748 1018 4804 imbecilla
1049 4758 1102 4803 et
1129 4749 1354 4818 gracilia
1383 4758 1436 4803 et
1464 4750 1643 4818 inepta
1669 4749 1738 4806 ad
1766 4751 1990 4805 omnia?

412 4846 574 4902 Tales
600 4843 762 4898 etiam
803 4845 930 4894 sunt
974 4837 1279 4907 hujusmodi
1321 4839 1534 4894 animae.
1563 4839 1679 4895 Non
1730 4849 1813 4896 est
1847 4842 1988 4896 enim

415 4937 608 4991 animae
630 4933 770 4990 alius
796 4930 1013 4985 morbus
1038 4929 1216 4998 regius
1250 4944 1409 4999 quam
1433 4929 1618 4984 vitium
1659 4940 1713 4986 et
1737 4935 1986 5000 pravitas.

415 5025 532 5081 Non
563 5039 691 5094 ergo
717 5063 731 5086 ,
765 5035 873 5076 non
903 5029 986 5074 est
1028 5033 1117 5072 res
1145 5018 1296 5072 fortis
1342 5033 1406 5074 ac
1447 5019 1620 5074 valida
1659 5021 1988 5090 improbitas.

421 5117 592 5170 Vultis
623 5127 805 5168 rursus
849 5112 1008 5168 etiam
1042 5120 1100 5165 ut
1137 5110 1382 5178 exemplo
1427 5111 1760 5180 perSpicuum
1803 5113 1990 5169 faciant

417 5209 472 5264 id
519 5205 661 5276 quod
702 5204 860 5269 dico,
890 5203 1135 5258 adductis
1182 5202 1336 5257 vobis
1374 5203 1691 5272 imaginibus
1746 5207 1988 5263 scelerati

415 5297 649 5356 hominis
678 5303 732 5348 et
756 5295 988 5348 hominis
1032 5295 1291 5363 simplicis
1321 5303 1374 5348 et
1405 5308 1510 5349 non
1543 5296 1697 5350 licti?
1736 5297 1983 5353 Scelera-

417 5402 505 5448 tus
539 5395 595 5443 et
619 5383 765 5440 vafer
787 5392 901 5438 erat
924 5383 1178 5451 Absalon,
1199 5393 1253 5440 et
1272 5399 1458 5440 omnes
1483 5385 1548 5440 ad
1574 5401 1696 5442 suas
1722 5387 1987 5444 alliciebat

414 5491 597 5555 partes
629 5497 643 5533 :
672 5475 793 5531 vide
820 5489 947 5541 ergo
986 5483 1182 5543 quanta
1212 5477 1328 5546 ejus
1349 5486 1493 5532 esset
1516 5479 1710 5532 astutia
1741 5487 1795 5533 et
1825 5481 1981 5534 mali.

413 5572 609 5642 gnitas.
667 5564 1020 5630 Circumiens,
1059 5564 1263 5634 inquit,
1306 5565 1518 5621 dicebat
1546 5585 1559 5620 :
1591 5567 1726 5622 Num
1753 5579 1836 5623 est
1883 5568 1975 5623 tibi

416 5648 716 5731 judicium?
783 5657 970 5712 volens
1026 5670 1454 5728 unumquemque
1517 5658 1619 5714 sibi
1691 5658 1978 5714 conciliare

417 5750 508 5811 (ἰ.
543 5748 670 5816 Reg.
702 5748 790 5806 lli.
823 5748 898 5817 ὅ).
930 5747 1092 5804 David
1139 5759 1314 5804 autem
1354 5757 1468 5806 erat
1500 5750 1725 5818 simplex
1770 5759 1824 5808 et
1871 5767 1974 5806 non

1250 351 1304 408 S.
1344 350 1618 408 JOANNl-S
1643 350 2110 407 CHRYSOSTOMI
2153 355 2467 414 AllClllEP.
2507 360 3032 426 CONSTANTINOP.

3641 387 3726 442 103

2171 469 2342 567 licitis.
2372 473 2508 540 Quid
2537 494 2663 549 ergo
2682 483 2703 535 ?
2722 483 2850 540 Vide
2871 487 3146 544 amborum
3173 489 3331 548 linem
3353 535 3366 558 ,
3400 494 3519 550 vide
3545 512 3728 567 quanta

2163 559 2469 657 illeplenus
2498 567 2596 624 fuit
2622 575 2872 628 amentia.
2905 575 3037 632 Nam
3066 583 3317 648 quoniam
3349 600 3452 638 non
3481 559 3588 642 alio
3615 604 3726 657 spe-

2162 652 2338 706 ctabat
2365 670 2524 724 quam
2552 669 2607 712 ut
2648 673 2865 719 noceret
2909 673 3066 735 patri,
3100 670 3150 723 in
3195 672 3315 728 aliis
3345 675 3594 730 omnibus
3625 652 3724 734 erat

2160 753 2474 838 excaecatus.
2499 745 2601 802 Sed
2625 765 2729 805 non
2759 753 2920 808 David
2955 774 2966 808 :
3003 758 3100 822 Qui
3119 762 3262 815 enim
3290 764 3513 819 ambulat
3536 769 3728 838 simpli-

2159 832 2311 897 citer,
2343 838 2566 892 ambulat
2591 843 2901 909 conﬁdenter
2929 847 3124 918 (Prov.
3157 852 3243 906 10.
3273 853 3382 924 9);
3413 855 3465 909 id
3495 867 3578 912 est
3600 898 3614 922 ,
3635 832 3719 928 qui

2156 927 2367 984 curiose
2385 931 2515 986 nihil
2544 939 2750 1003 quaerit,
2778 941 2863 1007 qui
2895 943 3094 997 nullum
3123 946 3319 999 malum
3353 949 3590 1006 molitur.
3625 927 3716 1006 Pa-

2156 1033 2366 1076 reamus
2388 1037 2515 1093 ergo
2543 1025 2699 1082 beato
2725 1029 2890 1084 Paulo
2909 1042 2959 1085 et
2981 1035 3332 1091 misereamur
3348 1054 3410 1093 ac
3436 1039 3716 1099 deﬂeamus

2153 1108 2396 1166 homines
2428 1117 2650 1172 acerbos
2673 1159 2688 1186 ,
2717 1130 2772 1175 et
2801 1125 2980 1178 omnia
3009 1140 3228 1194 agamus
3251 1139 3304 1181 et
3331 1128 3589 1186 faciamus
3618 1175 3633 1198 ,
3663 1145 3711 1188 ut

2151 1216 2218 1256 ex
2256 1219 2439 1259 eorum
2475 1210 2669 1266 animis
2711 1215 3085 1272 exhauriamus
3129 1220 3541 1290 improbitatem.
3590 1226 3713 1282 Nam

2150 1295 2416 1360 quomodo
2446 1313 2551 1352 non
2578 1310 2662 1356 est
2685 1304 2997 1370 absurdum,
3028 1323 3146 1363 eum
3178 1310 3230 1364 in
3266 1313 3419 1367 nobis
3449 1315 3572 1369 insit
3601 1317 3712 1373 bilis

2150 1381 2268 1454 (etsi
2294 1387 2422 1442 utile
2461 1389 2532 1442 sit
2557 1393 2879 1449 elementum
2920 1413 3079 1452 :nam
3109 1401 3310 1471 absque
3335 1404 3441 1459 bile
3473 1407 3582 1468 lieni
3615 1423 3710 1463 non

2147 1483 2322 1543 potest
2349 1487 2402 1530 ut
2437 1480 2504 1533 sit
2534 1481 2694 1538 homo
2716 1526 2728 1550 ,
2755 1486 2819 1540 de
2849 1486 2949 1542 hac
2978 1489 3166 1559 loquor
3193 1493 3301 1547 bile
3325 1495 3633 1551 elementari
3655 1501 3671 1567 )
3694 1517 3707 1554 ε

2144 1568 2433 1636 quomodo,
2468 1571 2682 1642 inquam
2718 1617 2733 1641 ,
2767 1592 2870 1631 non
2899 1588 2980 1633 est
3022 1582 3308 1636 absurdum
3337 1585 3474 1640 hanc
3502 1589 3707 1657 quidem

2142 1671 2400 1714 evacuare
2427 1676 2521 1728 pro
2551 1664 2772 1731 viribus,
2808 1669 3019 1724 etiamsi
3051 1673 3341 1740 plurimum
3373 1677 3440 1730 ab
3468 1693 3528 1731 ea
3556 1679 3704 1748 juve-

2140 1761 2295 1812 mur;
2329 1763 2445 1802 eam
2474 1761 2653 1807 autem
2686 1770 2804 1824 qua:
2830 1766 2912 1812 est
2937 1757 2988 1812 in
3017 1761 3192 1815 anima
3220 1763 3370 1818 nihili
3403 1765 3594 1828 facere,
3621 1785 3707 1824 ne-

2135 1849 2241 1904 que
2267 1837 2500 1893 studium
2529 1856 2730 1910 ponere
2759 1853 2816 1899 ut
2845 1861 3164 1905 evacuemus
3190 1893 3205 1918 ,
3233 1869 3353 1908 eum
3395 1858 3612 1914 minime
3639 1862 3704 1915 sit

2135 1925 2301 1992 utilis,
2333 1928 2427 1983 sed
2463 1935 2623 1985 etiam
2674 1936 2904 1991 maxime
2950 1939 3152 1995 laedat?
3199 1943 3299 2010 Qui
3342 1950 3468 2013 uult,
3516 1951 3700 2017 inquit,

2133 2018 2264 2070 inter
2291 2032 2379 2072 vos
2399 2036 2503 2073 esse
2527 2023 2748 2092 sapiens,
2772 2029 2955 2083 stultus
2981 2031 3070 2098 ﬁat
3094 2043 3144 2084 ut
3164 2034 3228 2086 sit
3250 2038 3452 2104 sapiens
3479 2039 3554 2105 (l.
3581 2038 3697 2095 Cor.

2133 2106 2185 2161 5.
2211 2110 2320 2180 l8).
2349 2112 2484 2166 Audi
2515 2130 2698 2171 rursus
2724 2117 2920 2172 Lucam
2950 2137 3158 2192 quoque
3181 2124 3443 2182 dicentem
3480 2149 3493 2184 :
3525 2129 3704 2186 Sume-

2131 2196 2252 2252 bant
2287 2200 2450 2254 cibum
2477 2219 2588 2255 cum
2622 2208 2952 2262 exsultatione
2977 2221 3022 2264 et
3050 2214 3370 2283 simplicitate
3391 2219 3578 2287 cordis,
3601 2222 3701 2274 col-

2129 2291 2390 2346 laudantes
2419 2292 2582 2347 Deum
2608 2337 2623 2363 ,
2656 2308 2702 2350 et
2733 2297 2979 2353 habebant
3023 2304 3240 2373 gratiam
3267 2306 3334 2358 ad
3361 2323 3558 2362 omnem
3590 2311 3695 2380 ple-

2127 2379 2235 2433 bem
2266 2380 2417 2451 (Act.
2444 2383 2496 2436 2.
2527 2385 2616 2439 46.
2649 2387 2716 2440 47
2740 2385 2782 2459 ).
2816 2389 3007 2444 Annon
3039 2392 3280 2448 videmus
3306 2411 3447 2452 nunc
3491 2379 3697 2468 quoque

2126 2471 2394 2541 simplices
2419 2483 2472 2528 et
2497 2491 2603 2530 non
2643 2476 2794 2532 fictos
2829 2494 3165 2538 communem
3198 2484 3456 2541 honorem
3485 2493 3694 2560 assequi

2125 2563 2191 2618 ah
2235 2566 2521 2620 omnibus?
2547 2567 2714 2623 Nemo
2752 2571 2801 2624 ei
2829 2574 2919 2641 qui
2950 2582 3031 2628 est
3077 2575 3340 2644 ejusmodi
3373 2579 3569 2635 invidet
3600 2622 3614 2647 ,
3648 2583 3690 2638 si

2124 2669 2211 2708 res
2239 2671 2361 2711 suas
2389 2666 2533 2712 recte
2568 2669 2756 2728 gerat;
2785 2675 2942 2718 nemo
2971 2664 3016 2718 ei
3049 2665 3300 2732 insultat,
3331 2669 3374 2721 si
3406 2670 3509 2723 sint
3535 2671 3581 2725 ei
3612 2687 3695 2727 res

2121 2747 2396 2814 adversae;
2429 2749 2522 2805 sed
2549 2751 2669 2806 licet
2695 2752 2804 2807 sint
2830 2754 2877 2808 ei
2907 2769 2992 2810 res
3041 2758 3309 2822 secundae,
3339 2762 3690 2830 gratulantur,

2119 2846 2173 2891 et
2193 2837 2235 2890 si
2264 2838 2442 2907 lapsus
2469 2840 2558 2906 sit,
2589 2841 2928 2898 miserentur.
2951 2844 3043 2899 Sin
3071 2857 3246 2902 autem
3267 2848 3466 2904 homini
3494 2853 3688 2908 acerbo

2048 2946 2050 2949 ·
2119 2929 2474 2983 successerint
2510 2932 2829 3003 quandoque
2857 2951 2944 2990 res
2989 2939 3238 2993 secunda:
3258 2980 3275 3004 ,
3308 2942 3527 3010 perinde
3556 2959 3618 2999 ac
3646 2946 3688 2999 si

2118 3019 2332 3088 aliquod
2362 3022 2561 3075 malum
2594 3026 2916 3094 contigerit,
2961 3043 3148 3086 omnes
3179 3032 3530 3102 ingemiscunl
3564 3054 3579 3090 :
3609 3039 3688 3091 sin

2116 3120 2290 3163 autem
2309 3111 2357 3166 ei
2386 3113 2580 3168 fuerint
2603 3131 2687 3169 res
2703 3118 2959 3185 adversm,
2990 3136 3178 3177 omnes
3197 3123 3460 3179 lzntantur.
3491 3128 3686 3183 Eorum

2114 3213 2244 3270 ergo
2274 3203 2628 3260 misereamur
2664 3225 2676 3273 ;
2708 3209 2906 3265 habent
2935 3213 3075 3266 enim
3107 3214 3349 3270 inimicos
3379 3233 3688 3277 communes

2114 3295 2346 3365 undique
2392 3298 2802 3359 circumeuntes.
2850 3303 3016 3361 Jacob
3060 3319 3173 3362 erat
3218 3325 3320 3363 non
3366 3311 3559 3377 ﬁctus;
3592 3313 3686 3367 sed

2113 3384 2316 3438 vafrum
2342 3396 2396 3440 et
2434 3389 2720 3458 malignum
2753 3393 2878 3447 vicit
2907 3395 3050 3449 Esau
3083 3413 3095 3448 :
3131 3397 3268 3450 Nam
3307 3399 3358 3451 in
3401 3416 3607 3468 pravam
3637 3411 3686 3454 et

2111 3475 2385 3543 malignam
2414 3478 2634 3530 animam
2671 3497 2771 3534 non
2807 3484 3016 3537 intrabit
3047 3486 3294 3554 sapientia
3319 3488 3474 3556 (Sap.
3510 3489 3559 3543 i.
3604 3491 3679 3558 4).

2115 3562 2288 3619 Omnis
2313 3567 2600 3622 amaritudo
2620 3571 2826 3624 tollatur
2845 3589 2875 3626 a
2902 3575 3038 3628 vobis
3065 3591 3084 3628 :
3108 3591 3174 3629 ne
3197 3587 3444 3632 maneant
3470 3579 3680 3647 quidem

2111 3654 2368 3723 reliquiae.
2414 3655 2544 3712 Nam
2581 3660 2738 3714 etiam
2768 3660 2869 3716 hoc
2911 3664 2953 3716 si
2986 3675 3188 3719 motum
3217 3666 3374 3722 fuerit
3398 3706 3412 3734 ,
3445 3670 3581 3724 solet
3625 3681 3679 3725 ut

2108 3744 2175 3797 ah
2221 3745 2394 3813 aliqua
2449 3748 2680 3803 scintilla
2725 3751 2994 3820 integrum
3022 3755 3165 3810 intus
3193 3758 3428 3813 excitare
3468 3774 3674 3829 rogum.

2107 3835 2243 3901 Quid
2295 3837 2365 3891 sit
2411 3853 2538 3908 ergo
2576 3843 2893 3907 amaritudo,
2949 3857 3197 3901 accurate
3250 3851 3670 3906 consideremus.

2107 3925 2348 3996 Exempli
2376 3941 2536 3982 causa
2570 3931 2638 3983 sit
2667 3931 2826 3987 homo
2874 3934 3240 3992 fraudulentus
3268 3947 3321 3992 et
3349 3939 3635 3995 insidiosus
3659 3983 3671 4005 ,

2105 4016 2324 4072 dolosus
2353 4029 2405 4072 et
2436 4020 2502 4073 ad
2529 4022 2668 4075 male
2697 4022 2998 4079 faciendum
3031 4038 3267 4096 paratus,
3311 4031 3670 4099 suspiciosus:

2103 4107 2171 4159 ah
2202 4122 2266 4162 eo
2297 4123 2510 4178 semper
2539 4113 2773 4168 nascitur
2802 4115 2880 4169 ira
2919 4124 2976 4170 et
3021 4117 3330 4188 indignatio.
3365 4119 3504 4174 Fieri
3533 4121 3672 4175 enim

2105 4213 2207 4252 non
2241 4208 2414 4268 potest
2436 4209 2492 4255 ut
2524 4205 2838 4272 tranquillus
2864 4206 2933 4260 sit
2963 4206 3226 4276 ejusmodi
3253 4209 3464 4263 animus
3494 4227 3506 4263 :
3551 4226 3671 4266 nam

2103 4290 2195 4344 irae
2223 4300 2275 4345 et
2300 4290 2679 4362 indignationis
2717 4295 2867 4350 radix
2892 4308 2973 4352 est
2998 4285 3260 4353 acerbitas
3297 4308 3350 4353 et
3375 4302 3673 4356 amarulen-

2102 4385 2194 4436 tia.
2237 4382 2338 4448 Qui
2380 4393 2462 4439 est
2488 4385 2772 4454 ejusmodi,
2819 4397 2870 4443 et
2913 4389 2979 4444 ad
3019 4405 3231 4459 gravem
3276 4393 3407 4446 iram
3438 4409 3673 4462 prepon-

2099 4486 2208 4535 sus,
2257 4487 2543 4543 numquam
2588 4477 2810 4530 remittit
2852 4478 3085 4533 animum
3111 4519 3127 4544 ,
3159 4488 3218 4533 ut
3247 4483 3334 4549 qui
3366 4481 3436 4536 sit
3464 4497 3675 4552 semper

2048 4565 2054 4570 ’
2099 4563 2508 4632 cogitabundus,
2561 4581 2772 4636 semper
2815 4567 3002 4622 tristis.
3063 4569 3192 4622 Nam
3255 4571 3375 4640 ipsi,
3433 4582 3490 4625 ut
3536 4572 3666 4635 dixi,

2101 4654 2256 4722 primi
2279 4670 2371 4708 sua
2401 4656 2537 4708 mala
2565 4658 2816 4712 sentiunt.
2849 4658 2916 4712 Et
2938 4659 3149 4726 clamor,
3179 4661 3367 4730 inquit.
3399 4662 3670 4716 Curnam?

2100 4744 2240 4798 tollis
2264 4745 2422 4798 etiam
2453 4747 2780 4802 clamorem?
2809 4747 2936 4802 Nam
2968 4764 3087 4804 eum
3111 4752 3197 4820 qui
3230 4763 3310 4806 est
3342 4754 3483 4807 mitis
3510 4769 3671 4822 opor-

2099 4842 2173 4888 tet
2198 4849 2318 4890 esse
2347 4835 2522 4889 talem.
2549 4837 2761 4892 Clamor
2800 4839 2942 4894 enim
2969 4850 3052 4894 est
3080 4856 3246 4909 equus
3275 4842 3450 4897 ferens
3477 4860 3668 4900 ascen-

2097 4938 2272 4980 sorem
2294 4967 2308 4991 ,
2342 4941 2531 4995 nempe
2562 4929 2693 4982 iram
2747 4938 2800 4984 et
2836 4930 3251 4999 indignationem
3285 4950 3298 4986 :
3332 4948 3526 5003 equum
3569 4936 3667 4988 im-

2099 5015 2217 5086 pedi
2245 5057 2258 5081 ,
2295 5026 2347 5070 et
2368 5019 2602 5072 evertisti
2631 5034 2990 5074 ascensorem.
3032 5022 3267 5076 Audiant
3291 5023 3404 5078 inec
3430 5025 3666 5080 maxime

2097 5107 2367 5172 mulieres,
2399 5123 2519 5176 qua:
2547 5108 2599 5161 in
2622 5124 2679 5164 re
2700 5109 3181 5178 qualibetclamant
3202 5122 3257 5166 et
3287 5113 3664 5169 vociferantur.

2101 5200 2154 5253 In
2186 5215 2290 5253 uno
2320 5199 2438 5253 solo
2469 5200 2594 5254 utile
2622 5210 2704 5255 est
2728 5201 2982 5268 clamare,
3013 5217 3205 5270 nempe
3237 5204 3288 5257 in
3321 5204 3666 5274 praedicando

2096 5302 2150 5347 et
2179 5290 2426 5347 docendo
2456 5309 2469 5346 :
2511 5306 2768 5361 nu5quam
2801 5302 2976 5346 autem
3012 5294 3161 5359 alibi,
3194 5309 3366 5362 neque
3396 5295 3447 5348 in
3480 5309 3667 5364 preca-

2097 5384 2259 5440 tione.
2295 5384 2421 5439 Etsi
2462 5384 2542 5436 vis
2572 5399 2666 5452 per
2687 5399 2771 5437 res
2802 5384 2940 5452 ipsas
2968 5384 3176 5440 discere
3210 5403 3222 5438 ε
3252 5400 3537 5454 numquam
3558 5387 3668 5438 cla-

2094 5490 2233 5538 mes,
2267 5485 2318 5530 et
2343 5489 2626 5542 numquam
2649 5474 2896 5528 irasceris
2920 5489 3077 5529 :ecce
3099 5474 3314 5528 modum
3344 5473 3662 5528 evacuanda:

2093 5566 2206 5620 irae.
2224 5565 2523 5620 Sicutenim
2549 5565 2662 5618 ﬁeri
2682 5580 2785 5619 non
2817 5573 2989 5633 potest
3015 5574 3069 5618 ut
3093 5567 3179 5634 qui
3213 5579 3316 5619 non
3337 5565 3532 5618 clamat
3557 5565 3659 5618 ira-

2093 5665 2290 5720 scatur,
2336 5658 2404 5710 ita
2448 5657 2560 5710 fieri
2614 5674 2715 5710 nm
2747 5667 2918 5726 potest
2961 5667 3016 5711 ut
3046 5657 3131 5725 qui
3160 5656 3355 5712 clamat
3403 5671 3506 5707 non
3559 5656 3657 5708 ira-

2094 5758 2289 5804 scatur.
2322 5749 2397 5804 Ne
2422 5751 2550 5805 mihi
2574 5751 2714 5806 enim
2753 5748 3015 5819 objeceris
3051 5747 3192 5816 gravi
3237 5747 3311 5802 ira
3352 5747 3611 5816 percitum
3635 5778 3650 5808 ι
