4218 6266
523 299 622 354 10⁸⁷

519 413 658 484 μετά
689 409 972 482 ἀκριϐείας
1003 406 1256 477 armum;
1303 408 1420 460 Ἵνα
1450 407 1556 460 ἀπὸ
1591 407 1691 475 τῆς
1725 403 1951 474 πικρίας
1984 401 2083 468 τῆς

522 498 801 568 αἰσθητῆς,
850 495 949 564 τῆς
1001 495 1225 564 πικρίας
1273 494 1373 563 τῆς
1419 495 1619 565 νοητῆς
1666 491 1764 563 τὴν
1811 490 2084 560 ἀφόρητον

523 583 827 652 αἰσθόμενοι
856 581 1076 644 κακίαν,
1110 582 1204 633 καὶ
1243 581 1317 643 ὼς
1349 581 1641 651 ὁλόκληρον
1666 582 1766 650 τὴν
1792 579 2082 632 τίκτουσαν

515 659 689 742 ψυχὴν
737 669 949 740 πρῶτον
997 669 1338 739 λυμαίνεται,
1389 669 1564 722 πάντα
1624 669 1738 723 ἄνω
1790 667 1885 721 καὶ
1936 666 2084 720 κάτω

519 761 762 821 ποιοῦσα,
800 759 1060 829 φύγωμεν
1091 760 1262 828 αὐτῆς
1294 760 1392 830 τὴν
1427 763 1643 830 πεῖραν.
1679 757 1947 826 Καθάπερ
1975 755 2084 824 γὰρ

516 851 652 919 αῦτη
677 851 734 903 τὸ
770 854 1029 920 στοιχεῖον
1054 850 1194 914 ὅλον,
1226 848 1399 912 οῦτως
1427 850 1610 919 ἐκείνη
1639 849 1764 910 τοὺς
1788 846 2083 916 λογισμοὺς

518 943 865 1012 ἐμπρήσασα,
920 943 1000 1003 είς
1047 941 1108 993 τὺ
1140 943 1239 1010 τῆς
1271 940 1496 1009 γεέννης
1548 939 1752 1007 ἀπάγει
1806 937 2079 1009 βάραθρον

515 1030 603 1082 τὸν
634 1029 848 1082 ἀλόντα.
885 1028 982 1082 Ἴν’
1012 1023 1104 1081 οὖν
1141 1028 1316 1081 ταῦτα
1354 1027 1598 1096 ἀκριϐῶς
1647 1025 2080 1096 διερευνώμενοι,

516 1120 670 1174 τοῦτο
692 1119 953 1187 φύγωμεν
970 1118 1027 1171 τὺ
1048 1119 1236 1181 κακὸν,
1269 1118 1360 1170 καὶ
1382 1117 1769 1188 χαλινὼσωμεν
1791 1117 1848 1168 τὸ
1870 1115 2078 1187 θηρίον,

520 1209 717 1278 μᾶλλον
749 1209 807 1262 δέ
845 1207 1138 1279 πρόρριζον
1170 1208 1598 1278 ἀνασπάσωμεν,
1631 1207 1710 1278 τῷ
1740 1206 1935 1276 Παύλῳ
1963 1223 2082 1258 πει-

517 1303 737 1374 θώμεθα
769 1303 978 1371 λέγοντι
1000 1319 1014 1332 °
1049 1302 1220 1357 Πᾶσα
1255 1303 1479 1370 πικρία,
1511 1303 1632 1372 οὐχὶ
1666 1301 2008 1373 καθαιρέσθω
2029 1312 2078 1364 ι,

520 1395 656 1448 ἀλλά
683 1394 904 1463 ἀρθήτω
940 1396 1033 1463 ἀφ’
1061 1394 1234 1464 ὑμῶν.
1265 1394 1329 1447 Τί
1361 1396 1470 1464 γάρ
1509 1412 1599 1464 μοι
1632 1394 1714 1446 δεῖ
1740 1392 2080 1463 πραγμάτων

521 1485 614 1538 καὶ
651 1484 916 1554 κατοχῆς;
941 1485 992 1536 τί
1025 1484 1078 1536 δὲ
1116 1483 1219 1554 χρὴ
1251 1485 1541 1552 φυλάττειν
1570 1485 1788 1554 θηρίον,
1821 1485 1940 1549 ἐξδν
1977 1487 2082 1538 ἀπ-

519 1575 720 1628 οικίσαι
745 1576 840 1644 τῆς
859 1575 1035 1645 ψυχῆς
1061 1576 1151 1628 καὶ
1174 1576 1533 1646 μεταστῆσαι,
1555 1577 1648 1628 καὶ
1674 1579 1752 1639 είς
1783 1574 2080 1646 ὑπερορίαν

518 1663 638 1716 τινά
679 1648 1020 1730 ἀπαγάγεῖνς
1061 1664 1386 1734 Πειθὼμεθα
1436 1666 1614 1718 τοίνυν
1651 1664 1730 1734 τῷ
1759 1665 1956 1735 Παύλῳ
1993 1665 2080 1717 λέ-

518 1770 664 1820 γοντι
685 1769 699 1783 ο
730 1751 902 1808 Πᾶσα
919 1756 1126 1822 πικρία
1153 1755 1388 1823 ἀρθήτω
1413 1757 1494 1825 ἀρ
1513 1758 1525 1776 ‘
1549 1757 1734 1826 ὑμῶν.
1767 1756 1904 1808 Ἀλλ’
1933 1757 2079 1826 οἴμοι

513 1845 611 1913 τῆς
637 1843 968 1914 κατεχούσης
997 1847 1146 1915 ἡμᾶς
1179 1845 1510 1915 διαστροφῆς
1529 1861 1542 1874 ·
1593 1846 1710 1899 δέον
1739 1844 1955 1898 ἅπαντα
1987 1845 2080 1897 ἐπὶ

514 1935 684 2002 τούτῳ
718 1937 917 1998 ποιεῖν,
955 1933 1100 1987 οῦτω
1129 1935 1272 1997 τινές
1305 1935 1442 1987 είσιν
1471 1935 1638 1998 ὅντως
1668 1937 1906 2008 ἀνόητοι,
1937 1936 2079 1990 ὥστε

516 2025 608 2076 καὶ
635 2024 862 2084 ἑαυτοὺς
893 2025 950 2075 ἐν
979 2021 1154 2092 τούτῳ
1184 2020 1534 2091 μακαρίζειν,
1566 2025 1662 2076 καὶ¹
1690 2024 2078 2096 ἐναϐρύνεσθαι

513 2114 593 2184 τῷ
620 2112 797 2183 κακῷ,
847 2114 944 2165 καὶ
992 2112 1518 2180 ἐγκαλλωπίζεσθαι,
1569 2115 1662 2168 καὶ
1706 2118 1834 2186 παρ’
1882 2118 2080 2188 ἐτέρων

517 2204 833 2275 ζηλοῦσθαι.
871 2203 1096 2272 Πικρὸς,
1125 2203 1310 2272 φησὶν,
1348 2203 1630 2274 ἄνθρωπος
1670 2205 1884 2266 όδεῖνα.
1922 2223 2084 2284 9x09-

516 2296 640 2359 πίος
687 2295 855 2357 ἐστὶν,
905 2295 1026 2363 ὄφις
1077 2294 1246 2356 ἐστὶν,
1302 2294 1442 2363 έχιςο
1496 2295 1725 2366 φοϐερὸν
1773 2296 2081 2366 νομίζουσιν

514 2383 698 2438 αὐτόν.
732 2384 774 2434 Τ
781 2383 1058 2444 ίδέδοικας
1088 2382 1180 2434 τὸν
1213 2382 1426 2452 πικρὸν,
1446 2383 1697 2453 ἄνθρωπε
1722 2403 1735 2451 ;
1764 2387 1854 2454 Μὴ
1882 2386 2077 2458 βλάψῃ,

515 2473 666 2542 φησὶ,
703 2472 779 2542 μὴ
808 2471 1118 2540 λυμήνηται
1147 2487 1160 2502 ο
1209 2470 1432 2540 ἄπειρος
1461 2471 1570 2539 ἐγὼ
1611 2473 1710 2542 τῆς
1745 2475 1952 2528 ἐκείνου
1980 2492 2078 2528 κα-

514 2563 636 2626 κίας
663 2563 778 2631 είμί
800 2577 814 2592 ⁸
854 2562 1071 2614 δέδοικα
1110 2562 1184 2630 μή
1219 2577 1285 2630 με
1318 2560 1495 2613 λαϐὼν
1534 2562 1736 2615 ἁπλοῦν
1769 2563 2075 2634 ἄνθρωπον,

515 2655 605 2706 καὶ
635 2653 785 2706 οὐδὲν
821 2653 930 2704 τῶν
971 2651 1136 2705 αὐτοῦ
1181 2652 1583 2722 προορώμενον,
1640 2655 1718 2716 είς
1763 2656 1861 2718 τὰς
1896 2657 2079 2724 πάγας

515 2743 722 2813 ἐμϐάλῃ
764 2743 862 2805 τάς
891 2741 1076 2807 αὐτοῦ,
1121 2742 1215 2794 καὶ
1245 2743 1355 2803 τοῖς
1395 2741 1634 2805 δικτύοις
1681 2745 1825 2813 ἡμᾶς
1868 2762 2078 2815 συμπο-

514 2836 635 2908 δίσῃ
672 2837 780 2896 τοῖς
814 2832 1240 2904 ἡτοιμασμένοις
1278 2831 1424 2901 αὐτῷ
1462 2833 1597 2902 πρὸς
1630 2836 1907 2906 ἡμετέραν
1938 2837 2077 2890 dum-

513 2941 630 2994 την.
665 2922 810 2974 Γελῶ
842 2922 955 2992 νῦν.
999 2921 1063 2973 Τί
1093 2921 1330 2989 δήποτε;
1359 2921 1476 2973 Ὀτι
1512 2922 1716 2975 παίδων
1754 2925 1866 2976 ἐστὶ
1907 2925 2078 2978 ταῦτα

514 3017 582 3068 τὰ
609 3015 848 3084 ῥήματα,
879 3013 947 3066 τὰ
979 3013 1055 3083 μὴ
1089 3011 1296 3081 φοϐερά
1331 3011 1702 3081 φοϐουμένων.
1727 3013 1950 3078 Οὐδενὸς
1980 3015 2079 3084 μὲν

513 3102 605 3158 οῦν
636 3103 778 3157 οὕτω
815 3104 895 3156 δεῖ
918 3105 1301 3172 καταφρονεῖν,
1333 3102 1546 3164 οὐδενὸς
1574 3101 1716 3154 οὕτω
1750 3104 2075 3174 καταγελᾷν,

515 3195 587 3254 ὼς
607 3192 892 3262 ἀνθρώπου
928 3190 1127 3262 πικροῦ
1160 3191 1254 3244 καὶ
1287 3190 1545 3260 πονηροῦ.
1575 3191 1738 3245 Οὐδὲν
1770 3193 1878 3263 γάρ
1907 3192 2078 3255 οὕτως

519 3283 664 3355 [HI]
706 3283 946 3347 ἀσθενὲς,
981 3282 1056 3346 ὼς
1090 3283 1314 3353 πικρίαν
1349 3284 1567 3352 μωροὺς
1615 3286 1762 3336 ποιεῖ
1789 3285 1884 3336 καὶ
1913 3285 2076 3352 ἀνοή-

515 3385 652 3431 τους.

586 3541 646 3612 β’.
670 3544 739 3594 Ἢ
754 3543 849 3611 οὐχ
863 3545 1021 3612 όρᾶτε
1039 3545 1120 3596 ὅτι
1135 3545 1330 3611 τυφλὸν
1349 3547 1381 3614 ἡ
1401 3546 1566 3599 κακία
1586 3563 1600 3610 ;
1621 3546 1768 3616 ῆούκ
1789 3547 2077 3616 ἠκούσατε,

519 3634 598 3685 δτι
626 3635 655 3685 6
686 3633 936 3702 ὀρύσσων
966 3633 1154 3704 βόθρον
1213 3636 1290 3706 τῷ
1333 3636 1581 3707 πλησίον,
1610 3637 1786 3707 ἑαυτῷ
1820 3637 2076 3706 ὀρύσσει;

522 3724 639 3786 πῶς
669 3719 763 3776 οῦν
794 3725 853 3776 οὺ
878 3725 986 3795 χρὴ
1015 3725 1292 3792 φοϐεῖσθαι
1313 3727 1491 3797 ψυχὴν
1520 3728 1776 3799 ’ταραχῆς
1801 3728 2080 3798 ἐμπεπλη-

523 3813 765 3882 σμένην;
801 3814 861 3864 Εί
889 3815 986 3882 μὲν
1008 3809 1116 3879 οὖν,
1138 3816 1210 3878 ὡς
1233 3817 1490 3886 δαίμονας
1513 3817 1540 3856 1)
1572 3818 1666 3869 καὶ
1705 3815 2076 3886 μαινομένους,

520 3902 628 3973 χρὴ
649 3905 740 3955 καὶ
764 3903 888 3966 τοὺς
915 3906 1143 3974 πικροὺς
1161 3907 1460 3974 φοϐεῖσθαι,
1495 3905 1588 3958 καὶ
1615 3905 1690 3968 ὼς
1710 3907 1836 3964 τοὺς
1867 3908 2081 3976 μωροὺς

521 3991 759 4061 (καὶγὰρ
787 3993 980 4045 ἐκεῖνοι
997 3995 1183 4056 ἀπλῶς
1201 3995 1413 4047 ἄπαντα
1434 3994 1692 4064 ποιοῦσι),
1721 4013 1793 4064 φη
1804 3995 1864 4063 μ“ι
1890 3995 2043 4063 κάγώ
2062 4013 2075 4027 ο

519 4082 566 4131 εί
599 4078 654 4132 δέ
689 4079 763 4142 ὼς
808 4080 1010 4145 δεινοὺς
1042 4084 1328 4153 πράγμασι
1370 4083 1625 4153 χρῆσθαι,
1666 4083 1824 4136 τοῦτο
1875 4083 2075 4137 οὐκέτι.

519 4169 682 4222 Οὐδὲν
712 4171 818 4241 γὰρ
837 4170 977 4224 οῦτω
1006 4173 1139 4243 πρὸς
1163 4175 1502 4244 πραγμάτων
1541 4174 1852 4244 οίκονομίαν
1892 4175 2079 4244 ἐπιτή-

518 4259 674 4326 δειον,
707 4261 781 4323 ὼς
823 4261 1054 4326 σύνεσις⁸
1081 4265 1231 4318 οὐδὲν
1248 4265 1388 4317 οὕτω
1412 4266 1674 4328 συνέσεως
1709 4264 1986 4332 ἐμπόδιον,
2005 4264 2079 4328 ὼς

519 4350 748 4421 πονηρία
778 4351 874 4404 καὶ⁸
911 4353 1102 4418 κακία,
1138 4355 1232 4407 καὶ
1283 4355 1344 4406 τὸ
1378 4354 1626 4406 ὓπουλον.
1674 4355 1785 4423 υύχ
1812 4353 1974 4423 ὁρᾶτε
2012 4352 2081 4405 τά

517 4444 744 4510 σώματα
804 4439 874 4494 τὰ
924 4442 1220 4513 χολερικά,
1274 4443 1394 4505 πῶς
1446 4446 1593 4496 ἐστιν
1647 4444 1823 4513 ἀειδῆ,
1876 4443 2079 4505 παντὸς

516 4531 708 4593 ἄνθους
755 4532 1118 4601 μαρανθέντος
1161 4536 1216 4584 ἐν
1272 4535 1488 4599 αύτοῖς;
1541 4533 1656 4596 πῶς
1701 4535 1848 4584 ἐστιν
1881 4532 2079 4599 ἀσθενῆ

517 4621 609 4674 καὶ
633 4620 825 4684 λεπτὰ,
863 4623 958 4674 καὶ
990 4622 1126 4692 πρὸς
1172 4622 1350 4677 πάντα
1383 4624 1772 4693 ἀνεπιτήδεια;
1822 4620 2079 4674 Τοιαῦταί

513 4714 620 4766 εἰσι
647 4713 741 4766 καὶ
769 4713 824 4765 αἱ
871 4713 1040 4782 ψυχαὶ
1068 4714 1125 4765 αἱ
1176 4714 1439 4768 τοιαῦται.
1470 4717 1712 4786 Ἰκτερος
1759 4715 1868 4786 γάρ
1903 4712 2079 4783 ψυχῆς

512 4801 664 4854 οὐδὲν
701 4802 888 4871 ἕτερόν
921 4805 1088 4867 ἐστιν,
1115 4804 1226 4857 ἀλλ’
1254 4806 1286 4875 ἢ
1320 4807 1573 4876 πονηρία.
1624 4808 1739 4859 Ούκ
1788 4806 1934 4858 ἐστιν
1971 4801 2065 4858 οὖν

515 4893 734 4965 ἰσχυρὸν
770 4897 804 4964 ἡ
840 4896 1094 4965 πονηρία,
1114 4897 1214 4950 οὐκ
1230 4896 1362 4951 ἐστι.
1397 4897 1656 4950 Βούλεσθε
1689 4898 1850 4952 πάλιν
1877 4897 1970 4949 καὶ
1987 4896 2080 4947 ἐπὶ

514 4985 931 5056 θποδείγματος,
955 4987 983 5038 ὃ
1016 4987 1177 5056 λέγω,
1231 4991 1442 5059 ποιήσω
1492 4989 1743 5059 φανερὸν,
1769 4987 2078 5056 κακούργου

513 5077 608 5130 καὶ
642 5075 917 5130 ἀπλάστου
949 5078 1286 5148 παραγαγὼν
1321 5081 1448 5149 ὑμῖν
1482 5080 1723 5144 είκόνας;
1756 5077 2077 5147 Κακοῦργος

512 5161 581 5235 ἦν
608 5168 636 5219 6
667 5165 1052 5236 Ἀϐεσσαλὼμ,
1102 5170 1195 5221 καὶ
1226 5170 1433 5232 πάντας
1470 5169 1776 5221 ίδιοποιεῖτο
1806 5184 1818 5197 ·
1857 5168 1957 5236 ὅρα
1984 5164 2076 5219 οὖν

513 5258 610 5327 ὅση
639 5251 706 5327 ἦν
735 5259 768 5327 ὴ
797 5257 1120 5326 κακουργία.
1153 5259 1404 5329 Περιιὼν,
1430 5259 1612 5328 φησὶν,
1641 5257 1812 5323 ἔλεγε,
1837 5257 1926 5326 Μὴ
1965 5257 2078 5308 ἐστι

515 5363 598 5400 σοι
626 5347 805 5418 κρίσις
833 5363 849 5411 ;
881 5346 1263 5401 οἰκειώσασθαι
1302 5349 1532 5402 ἕκαστον
1564 5345 1906 5414 βουλόμενος.
1943 5345 2000 5397 '0
2024 5345 2078 5397 δὲ

576 5581 600 5644 _'
629 5579 715 5644 §ic
737 5580 928 5640 optime
947 5578 1105 5644 μοι-ε.
1133 5579 1542 5644 Sav._Legebatur
1567 5581 1895 5644 καθαιρείσθω.
1924 5581 2056 5632 Eon.

573 5639 601 5680 δ
622 5639 842 5691 Danaus
864 5641 1036 5688 mallet
1059 5639 1384 5700 δαιμονῶντας.

1367 295 1432 350 IN
1473 293 1685 348 EPIST.
1729 293 1816 345 AD
1854 288 2097 346 EPHES.
2141 286 2290 342 CAP.
2334 285 2424 343 IV.
2492 287 2724 344 HOMIL.
2759 287 2875 342 XV.

3654 295 3753 351 108

2199 397 2362 451 ama
2382 400 2675 463 ἄπλαστος.
2711 403 2775 454 Τί
2807 399 2936 469 οῦνς
2974 404 3114 474 Ὅρα
3140 403 3463 474 ἀμφοτέρων
3491 404 3552 458 τὸ
3579 405 3752 469 τέλος,

2192 490 2292 558 ὅρα
2316 491 2490 557 πόσης
2529 490 2725 560 ἔγεμεν
2751 494 2953 555 ἐκεῖνος
2983 492 3185 554 ἀνοίας.
3239 492 3452 562 Ἐπειδὴ
3487 493 3594 562 γὰρ
3619 495 3752 564 πρὸς

2191 577 2288 647 τὴν
2321 577 2525 648 βλάϐην
2562 577 2712 649 ἐώρα
2737 581 2905 650 μόνην
2945 579 3040 633 τοῦ
3085 582 3310 650 πατρὸς,
3343 582 3402 633 ἐν
3430 583 3542 644 τοῖς
3570 582 3750 644 ἄλλοις

2190 669 2496 738 τετύφλωτο
2519 675 2704 722 πᾶσιν.
2753 671 2892 723 Ἀλλ’
2937 672 3033 741 ούχ
3066 674 3092 726 6
3130 671 3310 724 Δαυῖδ.
3346 671 3399 724 Ὁ
3431 672 3751 740 πορευόμε-

2189 777 2294 825 νος
2326 761 2432 830 γάρ
2469 759 2694 826 ἁπλῶς,
2723 761 3032 828 πορεύεται
3053 761 3366 827 πεποιθώς.
3393 760 3698 826 Τουτέστιν,
3724 762 3753 812 6

2194 849 2356 920 μηδὲν
2370 865 2436 900 πε
2443 867 2524 918 ριε
2533 849 2884 919 ργαζόμενος,
2899 853 2926 902 6
2942 850 3108 920 μηδὲν
3129 850 3547 914 κατασκευάζων
3565 850 3750 904 κακόν.

2190 937 2514 1007 Πειθώμεθα
2537 937 2716 990 τοίνυν
2749 940 2826 1010 τῷ
2851 942 3105 1011 μακαρίῳ
3135 941 3351 1011 Παύλῳ,
3386 944 3479 994 καὶ
3517 941 3755 1010 ἐλεῶμεν

2191 1033 2286 1086 καὶ
2328 1030 2650 1102 δακρύωμεν
2695 1033 2818 1096 τοὺς
2867 1034 3119 1105 πικροὺς,
3165 1035 3256 1086 καὶ
3303 1035 3477 1086 πάντα
3505 1034 3751 1103 πράττω-

2194 1141 2292 1193 μεν
2320 1123 2416 1176 καὶ
2451 1123 2710 1191 ποιῶμεν,
2741 1123 2878 1176 ὥστε
2907 1125 3083 1177 αὐτῶν
3111 1125 3215 1178 ἀπὸ
3236 1124 3333 1194 τῆς
3378 1125 3556 1193 ψυχῆς
3598 1124 3751 1190 ἐξανο

2189 1213 2381 1282 τλῆσαι
2411 1213 2508 1283 τὴν
2544 1214 2821 1284 πονηρίαν.
2860 1216 2981 1278 Πῶς
3017 1216 3126 1285 γὰρ
3181 1216 3280 1268 οὐκ
3331 1214 3548 1276 ἄτοπον,
3594 1215 3755 1284 χολῆς

2193 1301 2289 1372 μὲν
2321 1304 2453 1371 ἡμῖν
2482 1301 2706 1371 ἐνούσης
2740 1303 3016 1371 (καίτοιγε
3039 1304 3308 1373 χρήσιμον
3333 1301 3490 1354 τοῦτο
3526 1302 3586 1353 τὸ
3613 1319 3754 1354 στοι-

2190 1397 2351 1464 χεῖον·
2381 1394 2548 1464 χωρὶς
2581 1394 2689 1464 γάρ
2720 1394 2880 1463 χολῆς
2925 1393 3209 1463 ἄνθρωπον
3235 1390 3371 1445 εἶναι
3408 1392 3468 1444 οὑ
3503 1392 3746 1454 δυνατὸν,

2188 1484 2392 1554 ταύτης
2425 1484 2488 1553 δὴ
2511 1485 2652 1551 λέγω
2687 1485 2783 1552 τῆς
2825 1483 3235 1552 στοιχειώδους)·
3283 1482 3400 1544 πῶς
3428 1483 3527 1534 οῦκ
3553 1481 3751 1534 ἄτοπον

2188 1572 2390 1642 ταύτην
2411 1571 2510 1640 μέν
2536 1570 2725 1624 κενοῦν
2753 1573 2893 1624 κατά
2915 1570 3167 1640 δύναμιν,
3191 1572 3368 1624 καίτοι
3390 1569 3602 1640 μεγάλα
3626 1572 3751 1638 παρ’

2189 1661 2358 1727 αὐτῆς
2381 1659 2808 1730 ὠφελουμένους·
2829 1661 2926 1731 τὴν
2946 1661 3001 1714 δὲ
3031 1664 3088 1714 ἐν
3108 1665 3175 1732 τῇ
3208 1663 3358 1732 ψυχῇ
3385 1660 3550 1732 μηδὲν
3579 1662 3752 1714 ποιεῖν

2192 1751 2328 1822 μηδέ
2359 1750 2678 1815 σπουδάζειν
2708 1751 2846 1805 ὥστε
2881 1753 3345 1822 κενοῦν,ούδαμοῦ
3375 1754 3644 1824 χρήσιμον
3663 1748 3753 1806 οὗ·

2191 1858 2310 1905 σαν,
2346 1840 2483 1894 ἀλλά
2506 1843 2596 1894 καὶ
2618 1841 2684 1894 τά
2717 1841 2950 1912 μέγιστα
2972 1843 3301 1909 ἀδικοῦσαν;
3351 1843 3411 1895 '0
3463 1842 3753 1912 ,ϐουλόμε-

2187 1948 2314 1996 νος,
2344 1928 2704 2001 φησὶν,εῖναι
2763 1934 2954 2000 σοφὸς
2991 1933 3061 1985 ἐν
3116 1933 3292 2001 ὑμῖν,
3334 1933 3593 2004 γενέσθω
3633 1951 3754 2003 μω-

2179 2023 2309 2090 ρὸς,
2361 2023 2462 2075 ἵνα
2511 2021 2749 2091 γένηται
2806 2027 3019 2092 σοφός.
3081 2026 3279 2076 Ἀκουε
3328 2026 3490 2078 πάλιν
3519 2026 3612 2078 καὶ
3660 2025 3751 2078 τοῦ

2187 2112 2372 2164 Λουκά
2395 2111 2664 2178 λέγοντος·
2697 2111 3159 2180 Μετελάμϐανον
3188 2112 3409 2185 τροφῆς
3450 2114 3520 2166 ἐν
3568 2114 3751 2183 ἀταλ-

2186 2199 2386 2252 λιάσει
2424 2201 2520 2252 καί
2561 2199 2881 2266 ἀφελότητι
2933 2200 3180 2267 καρδίας
3210 2242 3224 2266 ,
3279 2201 3591 2268 αἰνοῦντες
3646 2200 3754 2254 τὸν

2190 2289 2357 2354 Θεὸν,
2385 2289 2482 2343 καί
2527 2289 2698 2358 εἶχον
2722 2291 2900 2358 χάριν
2953 2292 3102 2360 πρὸς
3145 2292 3293 2346 ὅλον
3320 2292 3425 2346 τόν
3473 2293 3644 2346 λαόν.
3683 2293 3752 2344 Ἦ

2187 2381 2285 2450 οὐχ
2314 2381 2527 2450 ὁρῶμεν
2567 2384 2661 2434 καὶ
2707 2382 2802 2434 νῦν
2857 2384 2981 2447 τοὺς
3035 2381 3251 2448 ἀφελεῖς
3304 2382 3398 2434 καὶ
3446 2381 3752 2444 ἀπλάστους

2189 2473 2374 2542 κοινῆς
2395 2475 2558 2543 τιμῆς
2596 2477 2747 2544 παρά
2781 2478 2996 2530 πάντων
3024 2476 3424 2540 ἀπολαύοντας;
3453 2475 3641 2538 Οὐδεὶς
3671 2476 3750 2545 τῷ

2187 2565 2412 2635 τοιούτῳ
2435 2566 2617 2634 φθονεῖ
2645 2567 3031 2636 εὐπραγοῦντι,
3065 2566 3239 2629 οὐδεὶς
3270 2566 3592 2636 ἐπεμϐαίνει
3623 2566 3752 2620 δυσ-

2189 2654 2521 2724 πραγοῦντιο
2553 2657 2686 2710 ἀλλὰ
2717 2658 2917 2721 πάντες
2950 2659 3044 2710 καὶ
3077 2659 3254 2720 καλῶς
3289 2659 3580 2728 πράττοντι
3620 2675 3750 2728 συγ-

2188 2745 2457 2815 χαίρουσι,
2488 2747 2580 2800 καὶ
2610 2748 2898 2801 πταίσαντι
2934 2748 3302 2817 συναλγοῦσιν.
3350 2751 3448 2802 “Av
3475 2749 3534 2802 δὲ
3560 2749 3752 2820 πικρὸς

2187 2835 2469 2904 ἄνθρωπος
2494 2836 2812 2908 εὑημερήσῃ
2847 2839 2997 2902 ποτὲ,
3031 2840 3105 2902 ὼς
3138 2838 3306 2892 κακοῦ
3337 2857 3479 2902 τινος
3513 2838 3756 2909 συμϐάν-

2187 2941 2295 2989 τος,
2325 2924 2560 2989 διπαντες
2595 2927 2901 2999 στένουσιμ
2921 2928 3002 3000 12]
3028 2945 3040 2957 ·
3069 2929 3170 2981 κᾶν
3184 2930 3541 3000 δυσπραγήσῃ
3560 2929 3746 2992 πάλιν,

2189 3014 2422 3080 ἄπαντες
2454 3019 2752 3087 χαίρουσιν.
2793 3019 3062 3091 Ἐλεῶμεν
3089 3017 3178 3074 οῦν
3208 3020 3416 3084 αύτούς·
3443 3021 3622 3091 ἔχουσι
3644 3021 3754 3092 γὰρ

2190 3110 2400 3172 κοινοὺς
2457 3110 2684 3180 ἐχθροὺς
2740 3112 3015 3182 πανταχοῦ
3061 3113 3388 3181 περιιόντας.
3445 3113 3502 3166 '0
3559 3113 3752 3166 Ἰακὼϐ

2194 3199 2470 3263 ἄπλαστος
2511 3197 2600 3271 ἦν,
2633 3201 2766 3255 ἀλλὰ
2791 3202 2880 3256 τὸν
2920 3203 3222 3272 κακοῦργον
3263 3203 3432 3256 Ἡσαῦ
3469 3204 3716 3274 ἐνίκησεν
3739 3222 3751 3235 ο

2189 3294 2291 3357 Εἰς
2327 3293 2691 3358 κακότεχνον
2713 3292 2820 3362 γὰρ
2853 3293 3065 3360 ψυχὴν
3085 3296 3194 3346 οὐκ
3217 3296 3624 3348 εἰσελεύσεται
3649 3311 3753 3348 σο-

2191 3381 2314 3446 φία.
2342 3379 2516 3434 Πᾶσα
2542 3383 2745 3449 πικριά
2782 3382 3013 3450 ἀρθήτω
3057 3383 3155 3450 ἀφ’
3190 3383 3379 3450 ὑμῶν·
3416 3385 3549 3454 μηδέ
3573 3384 3753 3454 λείψαο

2191 3487 2276 3522 νον
2303 3473 2526 3540 μενέτω.
2568 3469 2688 3524 Οἵδε
2749 3474 2856 3542 γὰρ
2897 3471 3053 3524 τοῦτο
3090 3474 3329 3543 κινηθὲν,
3362 3475 3610 3546 καθάπερ
3647 3477 3753 3530 ἀπὸ

2193 3562 2484 3632 σπινθῆρός
2509 3579 2672 3626 τινος,
2701 3563 2991 3634 ὁλόκληρον
3019 3564 3166 3617 ἔνδον
3192 3563 3417 3632 ποιῆσαι
3462 3567 3654 3635 πυράν.
3687 3566 3753 3618 Τί

2190 3655 2365 3708 τοίνυν
2398 3655 2543 3707 ἐστὶν
2576 3658 2606 3725 ἡ
2632 3655 2824 3724 πικρία
2855 3657 3278 3726 κατανοήσωμεν
3300 3655 3560 3724 ἀκριϐῶς·
3583 3651 3693 3708 οῗον
3724 3660 3753 3709 6

2191 3745 2418 3808 ῦπουλος
2449 3747 2608 3816 ἀνὴρ,
2641 3749 2668 3798 6
2695 3747 2928 3817 δολερὸς,
2951 3748 2978 3799 6
3011 3747 3145 3816 πρὸς
3180 3747 3239 3798 τὸ
3265 3751 3572 3800 κακοποιεῖν
3610 3765 3750 3818 παρ-

2190 3837 2605 3906 εσκευασμένος,
2629 3838 2657 3889 6
2678 3839 3038 3906 καχύποπτοςο
3075 3836 3182 3889 ἀπὸ
3217 3835 3279 3905 δὴ
3317 3837 3505 3889 τούτου
3541 3838 3627 3890 ἀεὶ
3661 3838 3751 3890 θυ-

2193 3929 2289 3997 μὸς
2320 3927 2411 3979 καὶ
2439 3926 2574 3996 ὀργὴ
2596 3927 2852 3979 τίκτεται.
2886 3927 2960 3979 Οὐ
2993 3927 3101 3996 γὰρ
3134 3926 3279 3979 ἐστιν
3319 3929 3375 3978 ἐν
3409 3928 3612 3998 γαλήνῃ
3653 3929 3753 4000 τὴν

2188 4016 2437 4084 τοιαύτην
2463 4011 2604 4067 εἶναι
2625 4013 2822 4082 ψυχήνο
2861 4013 2983 4082 ρίζα
3009 4015 3117 4080 γὰρ
3141 4012 3313 4080 θυμοῦ
3349 4015 3441 4064 καὶ
3467 4014 3634 4084 ὀργῆς
3664 4033 3753 4067 πι-

2189 4105 2336 4175 κρία.
2383 4105 2440 4157 'U
2463 4104 2699 4165 τοιοῦτος
2735 4104 2827 4155 καὶ
2878 4101 3192 4171 βαρύθυμός
3245 4105 3426 4165 ἐστιν,
3482 4105 3574 4154 καὶ
3612 4105 3760 4155 οὐδέ-

2189 4211 2318 4247 ποτε
2348 4195 2528 4262 ἀνίησι
2558 4192 2654 4262 τὴν
2688 4193 2884 4262 ψυχὴν,
2915 4193 3000 4244 ἀεὶ
3031 4191 3252 4254 σύννους
3277 4191 3374 4257 ῶν,
3399 4193 3486 4246 ἀεὶ
3505 4195 3751 4265 σκυθρω-

2190 4286 2309 4348 πός.
2335 4287 2510 4356 Ὅπερ
2534 4285 2642 4354 γὰρ
2682 4284 2839 4353 έφην,
2867 4284 3021 4336 αὐτοὶ
3061 4285 3265 4354 πρῶτοι
3316 4287 3654 4357 καρποῦνται
3685 4291 3751 4344 τά

2190 4374 2397 4426 ἐαυτῶν
2431 4374 2598 4425 κακά.
2633 4373 2740 4425 Καὶ
2797 4371 3047 4439 κραυγὴ,
3099 4375 3254 4442 φησί.
3287 4375 3352 4426 Τί
3387 4377 3622 4445 δήποτε;
3660 4380 3755 4431 καὶ

2191 4463 2438 4534 κραυγὴν
2469 4464 2707 4530 ἀναιρεῖς
2734 4478 2748 4526 ;
2779 4462 2882 4513 Τὸν
2911 4462 3017 4532 γὰρ
3045 4462 3203 4531 ἤπιον
3219 4463 3604 4519 τοιοῦτονεῖναι
3623 4469 3750 4538 χρή.

2192 4555 2384 4616 Ἵππος
2422 4553 2529 4623 γάρ
2581 4553 2727 4604 ἐστιν
2755 4551 3028 4622 ἀναϐάτην
3064 4553 3263 4622 φέρων,
3309 4556 3342 4623 ή
3393 4556 3608 4626 κραυγὴ
3656 4559 3755 4627 τὴν

2190 4645 2378 4713 ὀργήν·
2416 4643 2746 4712 συμπόδισον
2774 4643 2864 4695 τὸν
2895 4643 3080 4706 ἵππον,
3122 4643 3216 4696 καὶ
3255 4643 3629 4715 κατέστρεψας
3657 4648 3752 4702 τὸν

2191 4734 2472 4803 ἐπιϐάτην.
2526 4734 2894 4787 Ἀκουέτωσαν
2947 4733 3119 4787 ταῦτα
3173 4734 3406 4803 μάλιστα
3459 4739 3750 4803 γυναῖκες,

2193 4827 2248 4878 αἱ
2279 4827 2336 4878 ἐν
2369 4825 2532 4879 παντὶ
2563 4825 2846 4894 πράγματι
2877 4826 3176 4896 κράζουσαι
3209 4828 3300 4878 καὶ
3319 4825 3541 4894 βοῶσαι.
3563 4827 3650 4879 Ἐν
3672 4828 3752 4882 ἑνὶ

2190 4919 2456 4988 χρήσιμον
2495 4916 2554 4967 τὸ
2581 4915 2804 4984 κράζειν
2839 4916 3018 4983 μόνον,
3047 4918 3104 4968 ἐν
3128 4916 3204 4984 τῷ
3242 4917 3528 4984 κηρύττειν
3558 4919 3650 4967 καὶ
3675 4916 3752 4968 δια-

2189 5008 2431 5070 δάσκειν,
2465 5005 2697 5074 ἀλλαχοῦ
2722 5005 2779 5057 δέ
2807 5003 3064 5073 οὐδαμοῦ,
3093 5004 3207 5056 ἀλλ’
3236 5004 3357 5056 οὔτε
3379 5006 3434 5056 ἐν
3466 5005 3618 5074 εὐχῇ.
3645 5005 3754 5059 Καὶ

2189 5103 2236 5152 εί
2263 5100 2439 5168 βούλει
2509 5097 2699 5166 μαθεῖν
2753 5095 2842 5147 διὰ
2905 5095 3013 5147 τῶν
3064 5094 3423 5162 πραγμάτων,
3484 5096 3750 5165 μηδέποτε

2191 5190 2417 5258 κράζῃς,
2442 5187 2534 5238 καὶ
2552 5185 2804 5237 οὐδέποτε
2845 5183 3165 5253 ὀργισθήσῃ·
3200 5183 3306 5234 ίδοῦ
3332 5185 3529 5253 τρόπος
3551 5186 3751 5258 ἀοργη-

2192 5281 2330 5341 σίας.
2357 5280 2565 5345 Ὥσπερ
2599 5277 2704 5344 γὰρ
2743 5275 2841 5325 οὐκ
2873 5273 2950 5324 ἐνι
2983 5274 3073 5324 τὸν
3105 5272 3177 5342 μὴ
3205 5273 3470 5342 κράζοντα
3493 5276 3749 5346 ὀργισθῆ-

2191 5388 2294 5435 ναι,
2336 5366 2506 5428 οῦτως
2551 5366 2648 5416 ούκ
2694 5365 2772 5415 ένι
2821 5361 2908 5413 τὸν
2949 5362 3216 5432 κράζοντα
3275 5364 3348 5434 μὴ
3407 5365 3748 5435 ὀργισθῆναι.

2190 5460 2279 5529 Μὴ
2301 5459 2406 5527 γάρ
2427 5474 2513 5526 μοι
2545 5456 2634 5506 τὸν
2656 5454 2960 5524 βαρύμηνιν
2989 5455 3148 5526 εἴπῃς
3179 5458 3270 5508 καὶ
3301 5456 3638 5525 μνησίκακον
3659 5459 3752 5507 καὶ

2192 5544 2551 5614 αὖτοπικρίαν
2579 5542 2671 5593 καὶ
2704 5541 3014 5612 αὑτοχολὴν’
3049 5546 3206 5613 ἡμεῖς
3239 5546 3363 5614 περὶ
3401 5545 3498 5614 τῆς
3530 5541 3620 5593 τοῦ
3647 5546 3752 5598 πά-

2196 5643 2315 5698 θους
2344 5631 2696 5701 συναρπαγῆς
2724 5631 3081 5703 διαλεγόμεθα
3120 5634 3233 5686 νῦν.
