4218 6266
503 331 598 388 109
1381 326 1444 384 IN
1482 323 1698 382 EI’iST.
1741 325 1831 380 AD
1870 322 2112 379 EPHES.
2153 322 2305 377 CAP.
2350 322 2437 378 IV.
2481 319 2709 378 IIOMIL.
2750 323 2866 378 XV.

501 456 843 518 acceptaeque
872 447 1081 518 injuriae
1107 459 1422 510 memorem,
1453 454 1504 497 et
1526 445 1616 513 qui
1644 451 1726 496 est
1755 442 1866 510 ipsa
1893 455 1986 510 per
2015 453 2074 492 se

501 539 852 594 amarulentia
870 549 925 594 et
952 539 1071 592 bilis
1105 555 1120 592 :
1150 552 1248 593 nos
1272 537 1358 591 hic
1386 535 1652 605 loquimur
1677 533 1746 588 de
1772 531 1932 601 hujus
1955 529 2074 584 vitii

506 640 747 700 prompta
789 630 1154 698 subreptione.

573 723 625 777 5.
653 721 730 775 Ad
760 720 856 774 hoc
875 722 1052 790 itaque
1083 735 1189 774 non
1223 734 1406 788 parum
1434 716 1648 772 confert
1669 715 1933 770 erudiisse
1954 713 2076 767 ani—

503 829 662 880 mam,
695 822 751 868 ut
779 828 1067 882 numquam
1098 812 1291 866 clamet
1309 818 1364 866 et
1391 809 1728 865 vociferetur.
1761 807 1856 861 Ira:
1875 819 2078 875 pennas

503 915 762 973 amputas,
793 905 837 958 si
858 903 1071 958 auferas
1093 904 1383 958 clamorem
1407 918 1422 967 ;
1451 901 1628 956 cordis
1645 912 1910 953 tumorem
1929 911 2077 950 com-

504 997 704 1063 primis.
761 995 910 1051 Sicut
949 997 1094 1051 enim
1117 995 1232 1050 fieri
1266 1008 1374 1048 non
1406 1001 1580 1062 potest
1602 1001 1657 1045 ut
1684 991 1934 1051 luctetur,
1983 987 2074 1056 qui

502 1101 690 1140 manus
740 1101 846 1140 non
899 1095 1092 1141 contra
1140 1085 1443 1156 quempiam
1499 1081 1810 1137 sustulerit:
1860 1080 1930 1134 ita
1962 1079 2074 1134 fieri

501 1192 605 1231 non
635 1185 808 1246 potest
839 1187 897 1230 ut
923 1178 1012 1246 qui
1043 1192 1148 1230 non
1178 1177 1373 1230 clamat
1400 1175 1693 1229 irretiatur.
1717 1172 1849 1242 Liga
1885 1185 2075 1225 manus

504 1268 715 1336 pugilis,
746 1279 799 1321 et
821 1267 949 1337 jubc
967 1282 1242 1338 pugnare;
1269 1266 1364 1321 sed
1391 1281 1496 1321 non
1525 1265 1718 1336 poterit
1751 1281 1763 1318 :
1794 1263 1872 1318 sic
1902 1276 2075 1330 neque

503 1359 598 1413 ira.
627 1359 844 1414 Clamor
869 1369 1044 1414 autem
1067 1361 1222 1414 etiam
1245 1374 1362 1413 eam
1383 1373 1500 1427 quae
1523 1371 1628 1411 non
1660 1363 1742 1410 est
1761 1355 1954 1409 excitat
1979 1370 1992 1406 :
2023 1360 2077 1405 et

504 1450 733 1502 maxime
787 1447 910 1504 hinc
955 1449 1061 1504 cito
1111 1449 1316 1517 capitur
1362 1463 1532 1518 genus
1584 1446 1909 1510 mulierum,
1953 1459 2074 1514 quze

505 1536 717 1606 quando
767 1538 1064 1592 irascuntur
1093 1538 1337 1603 ancillis,
1387 1545 1550 1592 totam
1581 1535 1796 1590 domum
1849 1535 2074 1603 implent

505 1641 601 1680 suo
629 1628 882 1683 clamore.
927 1627 1082 1696 Saepe
1122 1636 1298 1682 autem
1326 1626 1371 1680 si
1398 1626 1591 1681 domus
1629 1625 1890 1680 :edilicata
1920 1624 1990 1678 sit
2018 1624 2070 1677 in

504 1717 776 1785 angiportu
797 1758 812 1784 ,
862 1733 1050 1773 omnes
1075 1719 1164 1788 qui
1195 1726 1471 1772 transeunt
1495 1759 1510 1784 ,
1562 1715 1784 1771 audiunt
1811 1730 1929 1770 eam
1957 1715 2072 1768 cla-

504 1819 754 1874 mantem,
787 1818 841 1864 et
861 1810 1107 1865 ancillam
1130 1809 1439 1879 ejulantem.
1474 1807 1738 1875 Quidnam
1769 1808 1930 1862 fuerit
1959 1816 2071 1860 ture

505 1901 636 1970 pius,
669 1911 723 1955 et
749 1901 917 1972 magis
961 1891 1275 1956 indecorum
1303 1916 1460 1971 quam
1487 1899 1672 1954 audire
1697 1898 1854 1953 ﬂetus
1878 1908 1932 1954 et
1957 1899 2072 1968 eju—

504 1994 677 2047 tatus?
706 1993 905 2049 Omnes
947 1996 1128 2049 statim
1157 1994 1542 2065 proSpicientes
1567 1992 1693 2063 quid
1730 1993 1839 2046 illic
1874 1991 2070 2045 factum

504 2083 564 2135 sit
593 2084 929 2152 interrogant
956 2101 968 2136 :
995 2083 1109 2149 Illa,
1140 2085 1406 2154 inquiunt,
1439 2084 1682 2138 ancillam
1711 2097 1859 2136 suam
1888 2084 2072 2137 verbe-

505 2177 614 2229 rat.
675 2167 942 2235 Quidnam
999 2172 1101 2228 hoc
1135 2173 1295 2228 fuerit
1322 2174 1718 2244 impudentius?
1748 2174 1883 2240 Quid
1902 2174 2071 2244 ergo?

505 2277 608 2314 non
638 2270 849 2330 oportet
875 2263 1158 2317 verberare
1183 2263 1206 2317 ?
1234 2263 1346 2317 Non
1375 2263 1476 2318 hoc
1503 2263 1644 2331 dico,
1673 2272 1882 2334 oportet
1904 2265 2068 2330 enim;

504 2354 592 2409 sed
625 2370 726 2410 nec
752 2357 985 2420 assidue,
1036 2372 1135 2412 nec
1180 2372 1339 2427 supra
1370 2358 1608 2424 modum,
1632 2374 1731 2414 nec
1757 2373 1852 2427 pro
1877 2357 1976 2413 sibi
2005 2357 2072 2412 fa-

504 2445 600 2498 ctis
631 2445 875 2514 injuriis;
919 2447 1057 2515 quod
1081 2462 1294 2516 semper
1327 2448 1468 2516 dico,
1499 2463 1604 2502 non
1625 2448 1669 2502 si
1698 2449 1748 2502 in
1774 2449 2070 2502 ministerio

502 2534 660 2588 fuerit
706 2535 904 2605 aliquid
946 2536 1235 2602 delictum,
1286 2537 1381 2592 sed
1420 2538 1464 2591 si
1515 2537 1744 2591 animam
1776 2539 1889 2607 ipsa
1917 2553 2068 2592 suam

502 2628 658 2682 lzmlat
688 2645 703 2682 :
752 2630 797 2682 si
829 2645 924 2699 pro
953 2630 1053 2685 hac
1095 2646 1254 2686 causa
1293 2647 1410 2687 eam
1445 2632 1728 2699 verberes,
1778 2633 2070 2687 laudabunt

499 2733 707 2785 omnes,
749 2729 802 2774 ct
827 2735 984 2775 nemo
1014 2722 1404 2790 reprehendet;
1433 2722 1527 2777 sed
1555 2723 1601 2778 si
1628 2738 1725 2792 pro
1758 2723 1918 2778 rebus
1942 2724 2065 2788 tuis,

498 2809 823 2866 damnabunt
850 2827 1036 2868 omnes
1062 2815 1316 2870 sazvitiam
1346 2823 1400 2871 et
1428 2815 1812 2871 crudelitatem.
1835 2817 1900 2871 Et
1927 2817 2068 2886 quod

497 2910 578 2954 est
597 2904 830 2957 omnium
861 2905 1524 2972 turpissimum,suntadeo
1550 2906 1676 2962 fera:
1704 2919 1758 2962 et
1787 2917 1986 2974 truces,
2012 2917 2069 2962 ut

497 2993 567 3047 ita
599 2995 776 3063 flagris
791 2995 1013 3061 caedant,
1035 3007 1169 3051 utne
1194 2998 1310 3067 ipso
1330 2998 1542 3068 quidem
1559 2997 1644 3053 die
1661 3001 2068 3069 exstinguantur

499 3084 717 3139 vibices.
735 3084 950 3140 Nudatis
973 3088 1113 3142 enim
1146 3089 1335 3158 puellis
1351 3098 1403 3143 et
1430 3090 1620 3144 marito
1642 3091 1706 3145 ad
1735 3090 1835 3144 hoc
1859 3101 2064 3160 vocato,

496 3177 560 3230 ad
583 3177 795 3232 lecticas
809 3193 948 3248 szepc
965 3179 1200 3248 alligant.
1222 3179 1316 3234 llei
1339 3180 1489 3249 mihi,
1509 3197 1614 3237 non
1634 3183 1728 3237 tibi
1744 3198 1810 3238 eo
1826 3193 2068 3254 tempore

497 3270 636 3322 venit
664 3268 718 3322 in
747 3280 978 3324 mentem
1010 3272 1268 3325 memoria
1295 3272 1591 3342 gehennze?
1615 3276 1708 3329 sed
1737 3275 1904 3330 nudas
1927 3275 2070 3345 puel-

499 3358 680 3425 lulam,
734 3370 788 3414 et
816 3361 1055 3415 ostendis
1084 3363 1298 3429 marito,
1332 3373 1384 3418 et
1411 3380 1516 3419 non
1546 3369 1746 3420 vereris
1773 3383 1840 3422 ne
1867 3377 1919 3422 te
1939 3383 2068 3422 con-

496 3451 750 3506 demnet?
798 3461 852 3508 et
871 3468 994 3508 eum
1028 3455 1194 3524 magis
1221 3455 1434 3521 irritas,
1493 3464 1548 3510 et
1594 3459 1812 3513 minaris
1851 3469 1902 3514 te
1949 3475 2066 3514 eam

499 3544 813 3610 vincturam,
844 3561 964 3599 cum
994 3547 1244 3601 miseram
1270 3557 1324 3601 et
1355 3548 1621 3604 infelicem
1656 3551 1800 3619 prius
1826 3552 2066 3606 innume-

497 3636 754 3690 rabilibus
803 3637 1099 3692 maledictis
1155 3640 1481 3708 appetieris,
1534 3640 1901 3696 Thessalidem
1947 3644 2022 3713 (α)
2051 3685 2065 3708 ,

495 3726 770 3795 fugitivam
800 3766 816 3791 ,
867 3729 1200 3795 prostitutam
1230 3745 1348 3784 eam
1376 3730 1672 3799 appellans.
1720 3731 1802 3785 Ira
1832 3733 1970 3787 enim
2001 3751 2068 3790 ne

495 3816 577 3870 ori
601 3815 819 3884 quidem
851 3831 950 3871 suo
973 3819 1098 3872 sinit
1121 3834 1362 3888 parcere,
1394 3821 1489 3874 sed
1518 3837 1681 3874 unum
1707 3833 1912 3890 spectat
1937 3841 2068 3894 quo-

495 3907 660 3961 modo
681 3921 797 3961 eam
825 3908 1128 3976 ulciscatur,
1159 3912 1365 3966 etiamsi
1389 3912 1616 3982 seipsam
1636 3914 1829 3982 probro
1851 3915 2062 3971 alliciat.

496 3998 564 4052 Et
611 4007 731 4067 post
781 3998 897 4055 htec
943 4002 1120 4056 omnia
1175 4013 1441 4074 tamquam
1500 4014 1756 4075 tyrannus
1804 4009 2064 4077 quispiam

495 4089 766 4158 praesidet,
795 4099 848 4144 et
874 4102 1025 4145 vocat
1049 4108 1260 4161 pueros,
1289 4103 1343 4149 et
1370 4110 1490 4148 cum
1539 4096 1788 4151 stolidum
1817 4101 2063 4153 maritum

494 4179 602 4234 illic
629 4179 845 4246 stiterit,
879 4196 946 4235 eo
973 4191 1238 4252 tamquam
1269 4186 1457 4238 lictore
1484 4187 1668 4241 utitur.
1718 4188 1913 4244 Htecne
1951 4189 2065 4245 ﬁeri

494 4282 767 4341 oporteret
791 4275 842 4328 in
867 4276 1072 4331 aedibus
1100 4278 1565 4336 Christianorum?
1616 4284 1684 4336 At
1709 4293 1825 4347 est,
1855 4283 2024 4353 inquit
2048 4326 2063 4351 ,

498 4378 719 4433 pravum
766 4380 933 4435 genus
961 4367 1242 4436 audaxque
1267 4378 1322 4423 et
1347 4369 1627 4439 impudens
1652 4413 1668 4438 ,
1717 4383 1769 4426 et
1793 4373 1933 4443 quod
1961 4390 2065 4429 non

498 4463 670 4523 potest
693 4457 908 4527 corrigi.
961 4457 1074 4526 Ego
1103 4474 1312 4528 quoque
1340 4459 1392 4514 id
1416 4460 1566 4526 scio;
1615 4463 1707 4516 sed
1755 4464 1877 4518 licet
1914 4464 2068 4521 aliter

495 4562 818 4616 componere
855 4565 916 4604 ac
957 4550 1260 4621 corrigere,
1294 4563 1436 4608 metu
1458 4594 1472 4619 ,
1505 4555 1695 4620 minis,
1719 4557 1914 4624 verbis,
1949 4573 2066 4626 quan

495 4641 640 4694 illam
681 4642 848 4710 magis
871 4652 1096 4710 possunt
1117 4644 1383 4710 mordere,
1429 4653 1485 4700 et
1515 4655 1564 4700 te
1587 4647 1813 4703 liberare
1843 4664 1871 4702 a
1903 4649 2068 4704 dede-

495 4747 641 4787 core.
676 4733 914 4802 Loquuta
943 4749 1002 4788 es
1023 4734 1181 4788 verba
1215 4737 1406 4805 turpia,
1451 4751 1570 4791 cum
1602 4738 1676 4792 sis
1708 4739 1930 4808 ingenua
1953 4781 1968 4805 ,
2014 4749 2068 4794 et

497 4838 601 4877 non
627 4825 794 4892 magis
819 4824 961 4878 illam
993 4841 1150 4894 quam
1182 4826 1406 4894 teipsam
1433 4828 1766 4883 dedecoras?
1792 4829 1992 4885 Deinde
2019 4833 2065 4885 si

495 4923 742 4981 oporteat
786 4915 973 4970 venire
1011 4916 1076 4970 ad
1120 4917 1404 4982 balneum,
1450 4927 1573 4973 sunt
1620 4920 1821 4976 vibices
1865 4922 1916 4975 in
1953 4923 2068 4992 ejus

495 5005 652 5058 nuda:
680 5016 850 5075 tergo,
874 5017 926 5060 et
944 5009 1275 5064 crudelitatis
1297 5011 1605 5066 circumfert
1628 5013 1839 5068 indicia.
1873 5017 1939 5068 At
1963 5024 2064 5080 est,

497 5093 703 5163 inquit,
733 5109 1014 5150 servorum
1045 5113 1217 5166 genus
1244 5100 1663 5168 intolerandum,
1693 5103 1736 5156 si
1767 5104 1860 5156 fiat
1878 5106 1956 5159 eis
1988 5121 2070 5161 re-

493 5184 704 5240 missio.
753 5185 866 5254 Ego
892 5202 1104 5257 quoque
1140 5189 1189 5242 id
1214 5190 1362 5253 scio;
1395 5190 1492 5245 sed
1521 5191 1695 5257 aliter,
1722 5202 1777 5246 ut
1803 5192 1910 5248 dixi
1935 5235 1949 5260 ,
1977 5210 2070 5250 eos

494 5285 768 5342 converte,
800 5291 904 5330 nou
936 5279 1110 5332 solum
1137 5279 1316 5351 ﬂagris
1346 5291 1398 5336 et
1421 5292 1584 5346 metu,
1609 5283 1702 5337 sed
1734 5284 1895 5338 etiam
1918 5286 2067 5340 blan-

492 5364 640 5420 ditiis
661 5375 718 5421 et
738 5367 1038 5423 beneficiis.
1067 5370 1180 5424 Tua
1202 5383 1284 5426 est
1305 5388 1475 5434 soror,
1498 5375 1540 5427 si
1570 5373 1640 5428 sit
1667 5375 1858 5432 fidelis.
1888 5378 2066 5447 Cogita

552 5460 628 5522 (α)
652 5459 964 5526 Ῑὴοξωμίιιθε
1002 5463 1264 5520 veneficas,
1312 5466 1706 5526 praestigiatrices
1751 5475 1802 5516 et
1842 5469 2070 5519 maleficae

487 5518 583 5589 jam
608 5518 740 5569 'olim
769 5521 1173 5594 habebanturnut
1213 5518 1378 5594 videre
1425 5518 1506 5575 est
1540 5528 1664 5635 apud
1703 5518 2070 5600 Aristophanem

493 5592 700 5635 creante
742 5579 1068 5635 scholtasten.
1110 5598 1158 5632 tn
1181 5584 1326 5634 Suada
1361 5592 1411 5634 et
1434 5586 1552 5635 aliis.
1600 5588 1680 5635 {es
1715 5597 1790 5635 est
1818 5596 1923 5635 trua
1947 5594 2068 5635 :lltlltl

493 5582 700 5653 eiusque
742 5579 1042 5653 scholiasten
1056 5622 1068 5639 ,
1110 5585 1158 5632 in
1181 5584 1326 5653 Suida
1355 5592 1411 5653 et
1434 5586 1552 5653 alus.
1571 5579 1680 5636 'lles
1715 5597 1790 5653 est
1818 5579 1923 5640 trita
1947 5594 2068 5653 apud

492 5643 790 5747 sprijvtores.
833 5649 886 5691 et
919 5643 1043 5705 apud
1069 5653 1234 5706 poetas
1273 5648 1457 5697 Latinos
1478 5649 1718 5710 Plautum,
1746 5643 1992 5702 Horatium
2020 5663 2066 5702 et

493 5715 514 5747 ἓ
539 5716 627 5747 ιυδ.

493 5715 627 5750 ειιιυδ.

3671 333 3771 387 HO

2187 460 2326 530 quod
2361 471 2414 514 tu
2443 461 2516 514 sis
2533 461 2770 526 domina,
2793 471 2847 516 et
2873 461 2961 515 illa
2987 461 3076 517 tibi
3101 463 3387 519 ministret.
3420 466 3475 521 Si
3498 482 3570 522 sit
3593 469 3774 524 ebriu-

2186 565 2264 610 sa,
2293 550 2443 604 aufer
2462 551 2774 605 occasiones
2803 551 3076 606 ebrietatis
3101 569 3116 618 ;
3146 569 3275 609 voca
3297 557 3567 621 maritum,
3599 568 3651 613 et
3672 562 3766 614 ad-

2186 655 2364 694 mone.
2396 642 2585 696 Annou
2614 643 2764 697 vides
2797 659 2957 713 quam
2989 645 3058 698 sit
3090 655 3242 714 turpe
3271 649 3538 703 verberari
3567 653 3763 707 mulie-

2187 732 2338 784 rem?
2367 731 2465 797 Qui
2495 732 2754 786 adversus
2781 734 2926 788 viros
2968 735 3089 788 latis
3119 735 3321 806 legibus
3345 739 3755 797 innumerabilia

2185 827 2521 884 statuerunt,
2553 822 2825 885 ustiones,
2857 824 3183 892 quzestiones
3207 835 3260 880 et
3289 837 3551 885 tormenta
3577 875 3592 898 ,
3635 849 3759 887 raro

2187 910 2462 964 mulierem
2511 913 2878 982 suspendunt,
2912 914 3006 968 sed
3047 915 3113 970 ad
3161 917 3558 990 impingendam
3599 939 3766 993 usque

2184 999 2390 1068 alapam
2415 1000 2546 1054 iram
2575 1003 2790 1056 sistunt.
2844 1003 3009 1058 Tanta
3042 1017 3221 1063 autem
3247 1011 3327 1062 usi
3359 1022 3485 1066 sunt
3510 1013 3768 1070 adversus

2185 1098 2428 1144 naturam
2459 1092 2776 1146 verecundia
2799 1135 2814 1159 ,
2873 1103 2928 1148 ut
2973 1110 3040 1149 ne
3067 1111 3189 1150 cum
3217 1102 3508 1155 necessitas
3539 1104 3752 1172 quidem

2186 1179 2419 1247 postulat
2461 1196 2580 1235 eam
2629 1183 2992 1252 suspendant,
3026 1187 3256 1242 maxime
3299 1191 3343 1242 si
3375 1205 3654 1260 pnegnans
3675 1206 3767 1251 sn.

2188 1269 2283 1324 Est
2307 1271 2452 1326 enim
2482 1273 2598 1327 viro
2630 1273 2865 1330 dedecus
2893 1277 3182 1334 verberare
3214 1281 3496 1336 mulierem
3527 1305 3540 1339 :
3593 1287 3637 1340 si
3668 1301 3766 1340 au-

2187 1371 2292 1416 tem
2337 1364 2452 1417 viro
2474 1407 2488 1430 ,
2522 1365 2690 1419 multo
2747 1368 2912 1438 magis
2957 1369 3003 1423 ei
3053 1385 3171 1439 quae
3200 1381 3280 1425 est
3310 1373 3550 1442 ejusdem
3581 1393 3763 1433 sexus.

2187 1454 2321 1510 llinc
2352 1457 2484 1512 fiunt
2528 1461 2657 1515 viris
2685 1476 2863 1516 exosa:
2897 1465 3170 1522 mulieres.
3197 1468 3334 1534 Quid
3365 1485 3514 1540 ergo,
3544 1473 3762 1542 quando

2184 1551 2496 1603 scortator?
2523 1549 2694 1621 Junge
2717 1568 2834 1607 eam
2867 1557 3232 1625 matrimonio,
3279 1571 3494 1630 amputa
3517 1566 3760 1618 occasio-

2186 1655 2282 1694 nes
2323 1642 2665 1697 scortationis
2689 1683 2704 1709 ,
2761 1659 2827 1699 ne
2857 1647 3004 1701 siuas
3029 1663 3148 1704 eam
3179 1650 3388 1707 deliciis
3418 1664 3473 1708 et
3512 1655 3638 1710 luxu
3667 1656 3766 1709 dif-

2183 1727 2367 1783 fluere.
2398 1731 2533 1797 Quid
2564 1748 2722 1798 vero,
2769 1735 2812 1789 si
2841 1735 3084 1792 furetur?
3118 1739 3340 1796 Custodi
3371 1755 3420 1797 et
3453 1744 3696 1800 observa.
3719 1748 3764 1802 0

2181 1817 2538 1890 hyperbolen!
2583 1839 2683 1892 ego
2709 1839 2832 1890 ero,
2860 1826 3062 1896 inquit,
3093 1832 3318 1885 custos?
3368 1832 3412 1888 Ο
3432 1836 3720 1890 amentiam
3745 1839 3759 1890 !

2179 1925 2295 1976 cur,
2336 1927 2488 1981 rogo,
2535 1929 2639 1967 non
2666 1915 2774 1968 eris
2799 1919 3018 1971 custos?
3049 1934 3228 1975 nonne
3254 1923 3495 1990 ejusdem
3520 1927 3713 1981 animm
3738 1969 3752 1988 ,

2184 2001 2336 2069 cujus
2370 2011 2422 2056 tu
2451 2043 2464 2066 ,
2494 2012 2576 2057 est
2617 2006 2920 2076 particeps?
2949 2023 3126 2065 nonne
3152 2011 3356 2066 eisdem
3379 2028 3408 2066 a
3441 2015 3550 2069 Deo
3570 2025 3653 2071 est
3677 2017 3758 2072 di-

2179 2103 2336 2162 gnata
2364 2095 2387 2147 ?
2417 2110 2593 2150 nonne
2621 2097 2810 2152 eadem
2843 2114 3026 2155 mensa
3070 2101 3306 2158 fruitur?
3357 2120 3536 2162 nonne
3588 2117 3758 2164 tecum

2180 2185 2339 2239 habet
2377 2200 2716 2242 communem
2745 2191 2961 2258 generis
2990 2192 3361 2249 nobilitatem?
3406 2198 3542 2265 Quid
3570 2201 3613 2254 si
3637 2211 3718 2255 est
3743 2245 3758 2267 ,

2179 2275 2368 2344 inquit,
2401 2277 2682 2345 maledica,
2717 2290 2771 2334 et
2797 2281 3173 2348 conviciatrix,
3202 2285 3394 2356 loquax
3423 2298 3474 2341 et
3501 2289 3761 2346 ebriosa?

2178 2366 2319 2433 Quot
2351 2376 2528 2422 autem
2558 2369 2815 2426 mulieres
2847 2373 3027 2428 libera:
3073 2386 3199 2429 sunt
3239 2377 3548 2446 ejusmodi?
3577 2385 3757 2437 omnia

2181 2468 2362 2511 autem
2421 2459 2704 2515 mulierum
2755 2463 2880 2516 vitia
2936 2473 2989 2519 et
3035 2465 3228 2521 delicta
3266 2468 3404 2526 ferre
3433 2472 3574 2528 viros
3597 2474 3758 2544 jll>Sll

2181 2546 2341 2602 Deus.
2395 2548 2712 2617 Dummodo,
2762 2552 2953 2621 inquit,
2989 2571 3092 2608 non
3139 2557 3209 2610 sit
3234 2569 3510 2626 srortum,
3561 2573 3755 2618 caetera

2179 2637 2356 2691 omnia
2370 2636 2447 2692 fer
2466 2638 2656 2694 delicta
2683 2650 2737 2696 et
2759 2643 2907 2696 vitia.
2941 2644 3163 2700 Etiamsi
3189 2648 3256 2701 sit
3283 2650 3513 2719 ebriosa,
3535 2654 3753 2709 Etiamsi

2178 2726 2457 2796 maledica,
2511 2731 2718 2785 etiamsi
2765 2732 2978 2802 loquax,
3025 2737 3231 2791 etiamsi
3279 2740 3492 2806 invida,
3547 2745 3754 2800 etiamsi

2183 2827 2514 2887 sumptuosa,
2534 2820 2740 2875 etiamsi
2770 2837 3092 2880 consumens
3118 2828 3414 2897 facultates,
3445 2832 3608 2888 habes
3635 2837 3755 2889 vita:

2176 2909 2415 2964 sociam:
2472 2925 2800 2980 componere
2835 2916 2992 2969 vitam
3037 2933 3254 2974 necesse
3278 2922 3367 2976 tibi
3391 2936 3508 2978 est:
3553 2927 3673 2982 ideo
3701 2939 3754 2984 tu

2177 3012 2236 3052 es
2265 3009 2443 3069 caput.
2474 3001 2750 3073 Compone
2771 3020 2918 3076 ergo,
2945 3006 3028 3062 fac
3054 3011 3192 3078 quod
3228 3023 3373 3068 tuum
3397 3028 3499 3071 est.
3530 3019 3754 3077 Etiamsi

2177 3100 2389 3146 maneat
2413 3093 2676 3162 ejusmodi
2707 3103 2764 3148 ut
2781 3111 2884 3150 non
2911 3101 3077 3168 possit
3103 3104 3299 3173 corrigi
3325 3122 3338 3171 ;
3370 3109 3579 3164 etiamsi
3611 3111 3754 3168 fure-

2178 3191 2280 3247 tur,
2305 3196 2455 3236 serva
2483 3194 2740 3253 qumsunt
2767 3195 2853 3241 tua
2883 3205 2895 3240 :
2925 3205 2991 3242 ne
3019 3191 3161 3245 illam
3193 3193 3328 3248 adeo
3350 3199 3553 3254 crucies
3581 3221 3592 3254 :
3623 3203 3666 3256 si
3689 3203 3757 3258 sit

2176 3271 2390 3340 loquax,
2436 3289 2498 3328 os
2521 3275 2571 3329 ei
2601 3275 2839 3330 obstrue.
2871 3278 2982 3332 Hoc
3013 3291 3095 3334 est
3124 3296 3347 3338 summac
3378 3288 3752 3360 philosophiae.

2177 3361 2326 3416 Nunc
2355 3372 2534 3417 autem
2586 3365 2829 3432 quzedam
2860 3369 3159 3424 veniunteo
3188 3376 3406 3429 saevitia:
3429 3379 3752 3436 etabsurdi-

2180 3454 2302 3506 tatis
2325 3494 2340 3519 ,
2369 3461 2428 3506 ut
2457 3448 2894 3525 caput'detcgant
2913 3500 2928 3524 ,
2958 3471 3011 3512 et
3037 3461 3256 3517 ancillas
3286 3467 3498 3523 trahant
3522 3474 3752 3541 capillis.

2248 3547 2300 3600 4.
2331 3545 2438 3600 Cur
2459 3561 2648 3602 omnes
2671 3549 2992 3605 erubuistis?
3021 3552 3134 3606 Non
3154 3557 3401 3614 omnibus
3426 3560 3540 3617 lure
3567 3564 3755 3620 dicun-

2178 3646 2310 3692 tur:
2360 3639 2451 3693 sed
2507 3640 2569 3693 iis
2615 3657 2733 3710 qum
2780 3643 2844 3696 ad
2897 3653 3092 3699 tantam
3151 3649 3432 3706 trahuntur
3466 3654 3748 3712 feritatem.

2175 3727 2361 3783 Mulier
2385 3745 2450 3784 ne
2471 3731 2541 3784 sit
2563 3731 2769 3788 detecta
2797 3737 2870 3802 (Ι.
2902 3734 3022 3791 Cor.
3054 3739 3138 3793 ll.
3163 3741 3197 3794 6
3227 3743 3267 3810 ),
3304 3743 3490 3814 inquit,
3520 3749 3711 3805 Paulus
3739 3771 3753 3808 :

2177 3826 2230 3872 tu
2284 3827 2460 3872 autem
2511 3823 2728 3878 omnino
2770 3825 2944 3880 velum
2996 3828 3216 3885 aufers?
3269 3833 3426 3891 Vides
3484 3843 3752 3908 quomodo

2178 3909 2401 3976 teipsam
2450 3914 2771 3967 contumelia
2818 3915 3026 3971 aflicis?
3075 3921 3250 3990 Atque
3290 3925 3335 3978 si
3391 3928 3484 3982 tibi
3537 3933 3750 3998 quidem

2175 4000 2319 4054 nudo
2359 4003 2532 4070 capite
2559 4014 2831 4072 appareat,
2874 4022 2990 4060 eam
3022 4025 3134 4064 rem
3162 4012 3298 4065 dicis
3324 4022 3699 4074 contumeliam
3737 4043 3749 4078 :

2177 4100 2228 4145 tu
2244 4101 2420 4148 autem
2443 4094 2608 4162 ipsam
2626 4095 2853 4160 nudans,
2875 4097 3004 4149 nihil
3019 4113 3178 4166 grave
3195 4115 3313 4155 esse
3334 4103 3504 4159 dicis?
3530 4109 3728 4167 Deinde

2175 4183 2366 4252 inquit,
2417 4185 2541 4253 quid
2571 4183 2615 4238 si
2660 4200 2764 4237 non
2788 4188 3132 4255 corrigatur?
3182 4191 3334 4261 Virga
3367 4203 3419 4248 et
3448 4198 3614 4268 plagis
3635 4216 3752 4256 eam

2171 4274 2392 4342 castiga.
2417 4274 2557 4338 Quot
2580 4283 2755 4327 autem
2787 4274 2949 4329 habes
2978 4284 3033 4330 tu
3065 4278 3188 4333 vitia
3215 4291 3268 4336 et
3295 4283 3506 4350 delicta,
3560 4299 3615 4344 et
3643 4308 3747 4346 non

2172 4363 2509 4431 corrigeris?
2545 4367 2671 4417 Haec
2718 4378 2748 4416 a
2800 4365 2953 4419 nobis
3007 4383 3146 4423 nunc
3172 4386 3276 4426 non
3321 4375 3458 4430 dicta
3499 4391 3619 4434 sum
3651 4399 3749 4451 pro

2179 4453 2306 4518 illis,
2330 4451 2426 4506 sed
2459 4466 2554 4520 pro
2583 4452 2736 4506 vobis
2764 4469 2882 4522 quae
2911 4456 3040 4508 estis
3072 4458 3274 4525 liberae,
3308 4473 3363 4516 ut
3387 4466 3515 4519 nihil
3547 4468 3753 4526 faciatis

2175 4541 2482 4598 indecorum
2521 4556 2694 4610 neque
2731 4550 2917 4612 turpe,
2951 4559 3016 4598 ne
3043 4561 3138 4601 vos
3168 4548 3307 4616 ipsas
3336 4552 3559 4610 lardatis.
3594 4557 3649 4610 Si
3690 4562 3744 4613 in

2177 4635 2258 4687 his
2298 4631 2438 4686 domi
2489 4647 2614 4700 erga
2658 4634 2902 4688 ancillam
2934 4634 3097 4691 fueris
3126 4639 3354 4707 erudita,
3405 4654 3456 4697 et
3484 4646 3527 4699 si
3561 4648 3704 4701 mitis
3729 4692 3744 4714 ,

2175 4735 2228 4780 et
2265 4741 2369 4778 non
2410 4725 2584 4794 gravis
2632 4740 2694 4780 ac
2742 4727 2965 4782 molesta
2991 4769 3006 4794 ,
3066 4731 3230 4787 multa
3281 4736 3448 4805 magis
3490 4739 3608 4794 talis
3645 4743 3751 4795 eris

2175 4832 2297 4886 erga
2358 4817 2551 4870 virum.
2603 4816 2734 4871 Nam
2793 4819 2836 4872 si
2896 4835 3016 4873 cum
3078 4822 3128 4875 in
3192 4831 3277 4877 tua
3335 4827 3404 4879 sit
3445 4838 3750 4896 potestate,

2177 4907 2306 4961 nihil
2336 4907 2439 4960 tale
2471 4907 2644 4963 facere
2683 4909 3141 4977 deprehendaris,
3200 4917 3365 4968 multo
3408 4921 3576 4985 magis
3623 4922 3752 4975 nihil

2180 4998 2282 5051 tale
2312 4996 2474 5052 facies
2494 5039 2509 5062 ,
2555 4999 2767 5068 quando
2796 5001 3062 5068 quidpiam
3095 5002 3411 5068 prohibebit.
3465 5008 3580 5073 Quo
3613 5010 3668 5064 fit
3698 5023 3751 5066 ut

2178 5105 2295 5156 qua:
2325 5090 2374 5142 in
2402 5089 2594 5141 ancilla
2644 5102 2924 5144 exercetur
2976 5091 3305 5160 philosophia
3334 5137 3346 5157 ,
3405 5099 3624 5155 multum
3660 5119 3750 5159 γυ,

2171 5177 2323 5245 juvet
2368 5178 2431 5230 ad
2483 5180 2870 5233 conciliandam
2929 5181 3236 5234 maritormn
3301 5185 3744 5246 benevolentiam.

2183 5265 2319 5318 Nam
2338 5283 2433 5331 qua
2453 5283 2684 5320 mensura
2713 5270 2869 5321 mensi
2891 5270 3105 5337 fueritis,
3138 5272 3309 5327 etatem
3331 5281 3633 5345 rependetur
3655 5300 3740 5337 νο-

2179 5349 2251 5402 bis
2303 5348 2513 5420 (Mault.
2539 5351 2589 5401 7.
2619 5352 2700 5420 ἓ).
2735 5352 2952 5418 lmpone
2982 5353 3060 5406 ori
3087 5353 3326 5423 frenum;
3354 5373 3408 5415 et
3434 5366 3475 5417 si
3506 5375 3555 5419 te
3584 5384 3740 5421 exer-

2178 5441 2355 5494 cueris
2386 5452 2439 5494 ut
2463 5441 2584 5493 forti
2613 5453 2662 5493 et
2691 5457 2955 5509 generoso
2980 5445 3156 5500 animo
3185 5449 3323 5506 feras
3353 5456 3598 5508 ancillam
3627 5474 3740 5511 mo-

2181 5531 2367 5584 lestam
2385 5545 2444 5583 ac
2462 5530 2753 5593 diflicilem,
2785 5546 2882 5585 nec
2903 5548 3019 5586 eam
3040 5546 3158 5604 qua!
3178 5549 3258 5592 est
3289 5541 3377 5592 tibi
3410 5558 3503 5607 par
3523 5544 3742 5605 honore,

2183 5636 2248 5673 ne
2276 5621 2317 5673 si
2351 5621 2420 5672 sit
2449 5619 2660 5686 quidem
2690 5623 3088 5691 contumeliosa,
3120 5644 3258 5696 :rgre
3282 5630 3453 5694 feres;
3487 5647 3593 5686 non
3612 5651 3750 5704 :egrc

2181 5711 2353 5764 ferens
2395 5719 2604 5776 autem,
2665 5720 2714 5764 te
2747 5721 2888 5768 recte
2920 5715 2970 5769 in
3019 5732 3223 5772 suuuna
3255 5721 3485 5789 gesseris
3515 5723 3748 5789 philoso-
