4218 6266
485 348 575 404 Ill

491 461 634 527 phis.
689 452 823 512 Sunt
855 454 1014 509 etiam
1043 448 1284 521 quaedam
1333 461 1452 516 qua:
1492 443 1693 498 addunt
1716 440 2057 509 juramenta:

487 548 614 605 nihil
642 557 724 604 est
751 555 926 600 autem
958 543 1162 611 turpius
1205 553 1360 609 quam
1398 551 1461 591 ea
1508 549 1626 604 qua:
1667 532 1744 586 sic
1796 528 2058 584 irascitur.

488 638 623 706 Quid
658 652 788 691 vero
809 676 823 701 ,
866 634 1037 703 inquit
1056 673 1070 693 ,
1099 630 1143 683 si
1167 627 1287 682 fuco
1319 626 1540 680 utatur?
1569 623 1682 678 Hoc
1711 618 1934 692 prohibe
1954 657 1968 682 ,
2011 625 2065 668 et

490 746 589 796 ego
615 730 707 783 tibi
739 726 1034 781 assentiar:
1062 720 1284 791 prohibe
1306 727 1486 772 autem
1507 730 1537 769 a
1566 723 1618 769 te
1647 712 1926 781 incipiens,
1960 724 2064 760 non

493 830 695 875 tantum
744 828 886 871 metu
913 854 929 878 ,
981 822 1237 883 quantum
1280 806 1566 875 exemplo:
1609 803 1683 857 sis
1724 803 1773 854 in
1817 798 2067 854 omnibus

493 911 768 981 exemplar
789 908 1160 978 archetypum.
1194 902 1257 955 Et
1285 896 1615 971 blasphemia,
1646 892 1837 962 inquit,
1863 889 2070 943 tollatur

494 1021 525 1056 a
555 977 707 1057 vobis.
733 998 869 1053 Vide
894 995 1163 1067 quomodo
1188 990 1443 1062 procedat
1460 986 1677 1041 malum.
1710 977 2069 1037 Amarulentia

495 1092 701 1162 peperit
735 1091 870 1143 iram
898 1130 913 1154 ,
959 1087 1037 1140 ira
1070 1083 1483 1153 indignationem
1504 1118 1520 1145 ,
1550 1073 1839 1145 indignatio
1869 1071 2072 1124 clamo-

495 1158 609 1236 rem
630 1220 645 1245 ,
672 1181 875 1235 clamor
916 1174 1296 1245 blasphemiam
1318 1212 1333 1236 ,
1364 1170 1415 1224 id
1457 1178 1572 1234 est,
1615 1160 1927 1226 maledicta;
1959 1158 2073 1213 bla—

496 1271 736 1342 sphemia
765 1269 976 1325 demum
1006 1267 1205 1338 plagas,
1234 1264 1400 1333 plagm
1432 1261 1668 1321 vulnera,
1695 1255 1808 1309 haec
1826 1260 2072 1306 mortem.

501 1365 571 1417 At
597 1360 726 1415 nihil
752 1359 941 1414 horum
975 1356 1137 1410 voluit
1158 1354 1338 1407 dicere
1365 1350 1579 1412 Paulus,
1609 1345 1703 1423 sed
1730 1345 1829 1398 hoc
1852 1349 2074 1402 tantum,

500 1453 736 1508 Tollatur
761 1467 873 1504 cum
914 1449 1051 1503 omni
1096 1446 1310 1499 malitia.
1339 1440 1477 1511 Quid
1504 1447 1586 1495 est
1614 1435 1762 1501 illud,
1793 1433 1915 1488 Cum
1943 1430 2079 1486 omni

506 1543 743 1598 inutilia?
795 1539 980 1596 Omnis
1028 1537 1168 1592 enim
1214 1534 1410 1589 malitia
1452 1533 1504 1585 in
1550 1529 1653 1584 hoc
1681 1526 1895 1583 desinit.
1945 1522 2080 1577 Sunt

507 1638 649 1692 cutim
698 1634 913 1705 quidam
944 1631 1081 1685 sicut
1127 1641 1289 1682 canes
1336 1622 1640 1679 mordentes
1681 1619 1943 1680 latenter,
1992 1610 2082 1682 qui

505 1701 776 1781 accedenti
805 1721 1022 1794 quidem
1055 1733 1160 1773 non
1190 1716 1472 1779 allatrant,
1503 1724 1675 1780 neque
1701 1721 1822 1763 cum
1849 1719 1988 1774 aegre
2011 1701 2085 1757 fe-

509 1825 672 1883 runt,
723 1813 1060 1869 blandientes
1103 1817 1281 1862 autem
1350 1816 1403 1860 et
1446 1800 1692 1857 lenitatis
1740 1795 2084 1853 ostendentes

507 1906 760 1975 speciem,
806 1918 929 1958 cum
957 1916 1062 1956 non
1085 1898 1186 1952 sibi
1216 1903 1466 1952 caventes
1490 1887 1977 1961 apprehenderint,
2008 1884 2087 1938 eis

509 1999 697 2053 dentes
721 1995 944 2065 infigunt
975 2011 987 2047 :
1024 1993 1057 2046 ii
1084 1998 1207 2044 sunt
1230 1988 1503 2060 graviores
1524 2026 1539 2049 ,
1567 1997 1725 2053 quam
1754 1980 1843 2049 qui
1873 1987 2085 2047 apertas

513 2089 811 2158 suscipiunt
844 2083 1168 2140 inimicitias.
1202 2079 1464 2148 Quoniam
1514 2088 1643 2145 ergo
1681 2080 1807 2127 sunt
1842 2067 2089 2122 homines

514 2194 724 2249 quoque
750 2191 928 2242 canes,
961 2189 1136 2245 neque
1164 2173 1457 2227 clamantes
1485 2181 1658 2235 neque
1684 2165 1974 2218 irascentes
1997 2173 2094 2214 ne-

515 2284 620 2341 que
646 2284 786 2339 :rgre
813 2267 1045 2321 ferentes
1070 2262 1354 2325 minantur,
1380 2259 1475 2314 sed
1501 2258 1635 2312 clam
1658 2255 1809 2309 dolos
1832 2266 2096 2308 consueu-

520 2370 623 2421 tes.
671 2369 725 2412 et
774 2357 913 2411 mala
957 2363 1226 2408 struentes
1271 2352 1570 2410 innumera,
1617 2355 1671 2401 et
1700 2345 1858 2399 rebus
1886 2342 2013 2411 ipsis
2042 2350 2097 2396 et

526 2449 682 2503 factis
712 2447 1047 2508 ulciscentes,
1072 2444 1170 2496 hos
1200 2454 1411 2510 quoque
1442 2436 1812 2492 subindicavit.
1839 2432 2092 2495 Tollalnr,

525 2538 716 2609 inquit,
766 2553 796 2590 α
837 2534 973 2590 vobis
1012 2549 1128 2587 cum
1171 2530 1308 2585 omni
1335 2527 1550 2581 malitia.
1596 2524 1673 2579 Ne
1696 2523 1868 2577 verbis
1888 2520 2099 2591 quidem

527 2642 738 2698 parcas,
785 2624 940 2681 factis
983 2632 1159 2677 autem
1189 2616 1484 2675 ulciscaris.
1536 2612 1653 2698 Ego
1707 2613 1826 2667 ideo
1869 2611 2100 2681 linguam

529 2717 782 2788 eastigavi
801 2759 814 2781 ,
846 2725 900 2771 et
926 2714 1041 2786 ejus
1068 2713 1357 2767 clamorem
1388 2690 1691 2777 amputavi,
1724 2718 1790 2758 ne
1820 2701 2106 2757 vehemen-

531 2812 724 2864 tiorem
773 2821 957 2877 rogum
1012 2802 1365 2859 accenderet:
1414 2798 1657 2854 siautem
1703 2795 1860 2850 etiam
1903 2793 2104 2861 absque

547 2917 1862 2943 _________________________.__._

1284 334 1342 389 S.
1369 328 1641 387 JOANNIS
1676 320 2145 383 CHRYSOSTOMI
2183 319 2492 375 ARCIIIEP.
2533 321 3058 380 CONSTALWINOP.

3637 328 3735 382 “‘2

2169 436 2404 490 clamore
2431 437 2617 491 eadem
2641 436 2791 506 facis,
2825 448 2879 494 et
2906 439 3046 494 intus
3062 442 3159 495 alis
3186 456 3368 512 rogum
3388 425 3735 507 etearhones,

2168 529 2294 598 quid
2328 529 2418 583 tibi
2452 530 2663 597 prodest
2695 529 3006 584 silentium?
3050 546 3114 585 an
3161 533 3339 587 nescis
3383 535 3624 589 incendia
3654 536 3741 592 illa

2169 634 2288 673 esse
2306 635 2425 688 grav
2440 619 2640 687 issima,
2665 636 2784 690 qua:
2799 636 2918 675 cum
2944 622 3084 677 intus
3106 623 3332 688 alantur,
3355 640 3459 680 non
3485 637 3745 696 apparent

2173 712 2393 782 singulis
2423 712 2511 781 qui
2540 712 2669 767 foris
2694 712 3136 768 circumsistunt?
3164 725 3218 769 et
3246 716 3464 771 vulnera
3490 732 3609 786 quae.
3638 734 3743 772 non

2172 813 2433 874 apparent
2450 806 2501 858 in
2522 804 2827 873 superficie,
2850 815 2903 859 et
2922 805 3095 861 febres
3111 823 3229 877 quae
3256 807 3461 863 interna
3491 808 3747 865 adurunt?

2177 895 2249 949 Ita
2278 896 2437 950 etiam
2470 897 2545 949 ira
2577 896 2660 950 illa
2687 907 2769 951 est
2791 898 3024 967 gravior,
3077 914 3195 968 quze
3224 899 3462 969 depascit
3492 901 3747 956 animam.

2179 985 2285 1040 Sed
2334 987 2446 1056 ipsa
2476 1001 2711 1056 quoque,
2741 987 2931 1057 inquit,
2965 990 3179 1044 tollatur
3207 1004 3327 1044 eum
3356 992 3499 1044 omni
3530 992 3748 1058 malitia,

2176 1086 2229 1131 et
2261 1090 2417 1144 parva
2446 1085 2499 1130 et
2520 1091 2729 1146 magna.
2760 1077 2816 1132 Si
2843 1093 2971 1149 ergo
2993 1094 3291 1147 pereamus,
3324 1090 3377 1136 et
3400 1096 3612 1136 onmem
3653 1081 3752 1135 tol-

2179 1169 2350 1223 lamus
2389 1169 2794 1224 amaritudinem
2824 1180 2876 1225 et
2906 1170 3185 1239 malitiam,
3210 1187 3278 1227 ne
3307 1173 3519 1227 tristitia
3545 1171 3754 1227 afﬁcia-

2181 1273 2301 1313 mus
2325 1258 2580 1328 Spiritum
2623 1269 2864 1314 sanctum
2897 1278 2910 1313 :
2943 1263 3244 1317 auferamus
3272 1263 3527 1318 radicitus
3554 1265 3752 1318 amari—

2185 1350 2421 1405 tudinem
2442 1390 2456 1415 ,
2502 1365 2620 1405 eam
2649 1350 3038 1405 abscindamus.
3063 1352 3215 1406 Nihil
3244 1351 3370 1407 boni
3423 1367 3597 1422 neque
3638 1353 3753 1407 sani

2184 1441 2311 1494 oriri
2336 1441 2610 1509 poteritex
2629 1455 2807 1495 amara
2827 1440 3004 1495 anima
3025 1458 3040 1496 :
3060 1452 3182 1496 sunt
3203 1442 3382 1497 omnia
3404 1443 3754 1509 calamitates,

2186 1531 2363 1585 omnia
2393 1530 2662 1603 laerymte,
2693 1531 2871 1585 omnia
2903 1530 3337 1599 lamentationes,
3368 1533 3541 1587 luctus
3569 1544 3622 1589 et
3646 1531 3757 1601 eju-

2189 1621 2345 1676 latus.
2377 1621 2491 1676 Non
2523 1621 2714 1676 videtis
2753 1621 3019 1692 quomodo
3063 1637 3372 1678 aversemur
3412 1624 3614 1679 bestias
3641 1638 3761 1693 qua:

2189 1712 2459 1767 clamant?
2490 1722 2547 1767 ut
2576 1713 2804 1780 leonem,
2836 1728 3049 1768 ursum:
3080 1712 3174 1768 sed
3197 1728 3303 1769 non
3330 1730 3484 1769 ovem
3513 1732 3527 1768 :
3551 1728 3658 1769 non
3681 1723 3763 1769 est

2191 1804 2331 1857 enim
2378 1803 2488 1857 illic
2527 1803 2765 1870 clamor,
2793 1802 2888 1859 sed
2915 1818 3017 1858 vox
3038 1802 3279 1873 quadam
3309 1804 3474 1857 mitis.
3503 1803 3671 1859 Porro
3699 1819 3764 1859 ex

2193 1897 2560 1952 instrumentis
2604 1911 2818 1967 quoque
2864 1896 3081 1951 musicis
3110 1911 3458 1966 quacumque
3495 1895 3765 1960 clamant,

2194 1998 2319 2045 sunt
2342 1989 2409 2043 ad
2448 2003 2640 2043 sonum
2669 1987 3039 2058 injucundiora
3058 2027 3075 2053 ,
3127 1996 3185 2040 ut
3215 1995 3462 2057 tympana
3491 1994 3546 2041 et
3575 1985 3717 2040 tuba:
3754 2002 3769 2039 :

2195 2096 2317 2150 qua:
2339 2089 2518 2135 autem
2549 2093 2653 2134 non
2682 2079 2753 2133 ita
2779 2079 3010 2133 sonitum
3038 2077 3224 2145 edunt,
3253 2077 3345 2132 sed
3379 2076 3659 2139 molliunt,
3706 2089 3769 2130 ea

2199 2182 2321 2228 sunt
2340 2170 2598 2241 jucunda,
2632 2178 2687 2225 ut
2711 2170 2857 2235 tibia,
2885 2168 3089 2224 cithara
3116 2178 3168 2223 et
3191 2167 3402 2222 fistulae.
3430 2166 3519 2223 Sic
3533 2174 3772 2221 nostr-am

2201 2276 2410 2332 quoque
2438 2275 2821 2330 componamus
2853 2261 3116 2327 animam,
3158 2269 3216 2315 ut
3245 2274 3349 2314 non
3381 2259 3592 2324 clamet,
3625 2265 3682 2312 et
3707 2257 3777 2311 ita

2204 2353 2496 2423 poterimus
2521 2353 2681 2407 etiam
2706 2366 2959 2422 superare
2992 2352 3150 2413 iram.
3193 2361 3245 2406 et
3284 2366 3347 2406 ea
3374 2357 3647 2420 amputata
3674 2349 3777 2419 ipsi

2203 2444 2361 2514 primi
2386 2442 2626 2497 fruemur
2646 2441 3026 2512 tranquillitate
3049 2481 3064 2506 ,
3113 2450 3168 2496 et
3193 2441 3259 2496 ad
3289 2440 3631 2510 tranquillum
3657 2455 3781 2511 por-

2209 2542 2317 2586 tum
2345 2532 2709 2602 navigabimus
2733 2548 2747 2586 :
2777 2546 2933 2601 quem
2961 2530 3117 2586 detur
3140 2530 3291 2585 nobis
3318 2530 3565 2585 omnibus
3591 2544 3780 2585 censeo

2209 2627 2295 2696 qui
2316 2665 2332 2692 ,
2364 2626 2418 2680 in
2440 2624 2656 2680 Christo
2680 2622 2808 2680 Jesu
2830 2623 3053 2678 Domino
3083 2630 3287 2689 nostro,
3328 2636 3448 2677 cum
3489 2635 3596 2691 quo
3626 2620 3771 2675 Patri

2211 2716 2368 2771 simul
2420 2730 2537 2771 cum
2583 2721 2767 2770 sancto
2814 2713 3013 2784 Spiritu
3051 2713 3238 2784 gloria,
3275 2713 3548 2784 potentia,
3576 2711 3781 2777 honor,

2216 2821 2356 2862 nunc
2381 2816 2434 2862 et
2460 2820 2708 2875 semper,
2730 2813 2785 2860 et
2813 2805 2865 2859 in
2891 2804 3085 2859 smcula
3112 2804 3452 2859 saeculorum.
3487 2803 3677 2856 Amen.

1894 2974 2240 3037 HOMILIA
2282 2972 2454 3032 XVI.

531 3140 662 3196 Car.
698 3139 748 3192 4.
775 3151 824 3189 v.
856 3135 945 3190 5i.
982 3132 1158 3187 Omnis
1195 3127 1481 3184 amaritudo
1509 3135 1554 3180 et
1583 3126 1662 3179 ira
1688 3133 1736 3179 et
1762 3121 2042 3192 indignatio
2068 3128 2115 3173 et

603 3230 798 3283 clamor
828 3235 875 3279 et
904 3222 1214 3293 blasphemia
1243 3219 1506 3273 tollatur-tt
1527 3216 1664 3271 vobis
1689 3231 1802 3268 cum
1827 3213 1964 3266 omni
2003 3227 2116 3263 ma-

605 3321 732 3378 litia.
764 3317 852 3374 52.
883 3315 1056 3371 Estote
1080 3324 1249 3368 autem
1273 3312 1481 3366 invicem
1506 3308 1725 3380 benigni,
1750 3304 2116 3371 misericordes,

606 3414 849 3468 donantes
869 3410 1098 3472 invicem,
1127 3406 1254 3460 sicut
1280 3413 1326 3458 et
1353 3402 1487 3457 Dens
1516 3400 1720 3456 donavit
1747 3398 1896 3453 vobis.

610 3504 663 3558 l.
692 3502 807 3557 Non
842 3499 1035 3555 sufficit
1067 3496 1279 3552 liberari
1306 3510 1336 3549 a
1365 3493 1528 3559 vitio,
1570 3494 1613 3546 si
1656 3500 1866 3561 oportet
1909 3488 2120 3558 assequi

540 3606 763 3662 regnum
794 3590 1067 3651 cmlurum,
1097 3587 1188 3641 sed
1217 3586 1374 3641 etiam
1405 3585 1572 3638 multo
1603 3583 1854 3636 virtutum
1883 3595 2016 3650 opus
2041 3586 2124 3634 est

546 3682 824 3738 exercitio.
848 3680 981 3736 Nam
1014 3688 1070 3733 ut
1098 3693 1127 3731 a
1155 3678 1395 3746 gehenna
1413 3675 1625 3745 quidem
1660 3674 1969 3736 liberemur,
1998 3672 2123 3726 alis-

549 3774 720 3827 tinere
745 3777 957 3838 oportet
981 3784 1008 3821 a
1037 3768 1275 3830 scelere;
1305 3777 1360 3819 ut
1389 3774 1564 3819 autem
1609 3779 1827 3833 regnum
1875 3776 2127 3832 assequa-

551 3879 688 3926 mur,
719 3861 889 3915 virtus
918 3867 994 3913 est
1024 3855 1410 3925 amplectenda.
1447 3856 1526 3909 An
1553 3854 1771 3908 nescitis
1791 3852 1931 3922 quod
1962 3854 2013 3906 in
2036 3867 2128 3907 ex-

552 3955 721 4010 ternis
739 3954 897 4008 etiam
915 3950 1150 4023 judiciis,
1177 3948 1387 4019 quando
1412 3947 1546 4003 facta
1569 3947 1958 4010 examinantur,
1982 3952 2037 4000 et
2060 3943 2126 3998 ad

552 4048 864 4104 concionem
894 4042 1147 4098 convenit
1177 4050 1281 4096 tota
1310 4040 1518 4104 civitas,
1550 4039 1620 4093 ita
1654 4037 1779 4092 fiat?
1805 4038 1861 4091 In
1889 4035 2126 4091 externis

552 4141 694 4196 enim
732 4136 947 4208 judieiis
980 4142 1134 4189 vetus
1159 4141 1273 4197 erat
1304 4146 1450 4197 mos,
1480 4139 1535 4185 ut
1560 4143 1759 4183 corona
1785 4135 2130 4183 coronaretur

556 4245 738 4289 aurea.
772 4242 878 4280 non
910 4226 1000 4296 qui
1032 4224 1161 4279 nihil
1191 4222 1314 4276 mali
1348 4220 1547 4276 fecerat
1583 4220 1804 4283 civitati,
1845 4219 1948 4273 hoc
1986 4218 2129 4273 enim

556 4321 729 4377 solum
759 4316 957 4372 sufficit
991 4314 1057 4369 ad
1095 4329 1199 4369 non
1239 4312 1444 4367 dandas
1486 4327 1705 4382 pennas;
1735 4310 1831 4365 sed
1857 4310 2018 4365 etiam
2043 4308 2131 4377 qui

559 4409 768 4480 magnis
796 4423 911 4464 eam
939 4405 1192 4462 affecerat
1228 4403 1522 4459 beneficiis.
1563 4402 1653 4458 Sic
1691 4400 1973 4471 Oportebat
2013 4398 2134 4453 duci

555 4502 622 4557 ad
653 4501 793 4556 hunc
819 4499 1095 4553 honorem.
1127 4495 1233 4552 Sed
1262 4495 1443 4550 nescio
1464 4493 1731 4565 quomodo
1753 4489 2137 4562 propemodum

561 4605 648 4647 me
685 4590 863 4660 eﬂ'ngit
884 4629 900 4653 ,
931 4588 1075 4659 quod
1102 4587 1252 4641 vobis
1282 4586 1512 4640 maxime
1541 4598 1761 4639 necesse
1794 4591 1911 4637 erat
1935 4582 2134 4636 dicere.

561 4682 729 4753 Hujus
755 4682 896 4737 enim
922 4679 1197 4733 divisionis
1220 4676 1444 4746 primam
1468 4690 1682 4732 resumo
1709 4686 1912 4745 partem
1932 4715 1948 4741 ,
1979 4687 2138 4743 parva

560 4770 793 4843 quadam
836 4768 1072 4823 adhibita
1118 4767 1471 4821 correctione.
1520 4766 1651 4820 Nam
1698 4766 1945 4835 quoniam
1992 4764 2137 4829 dixi,

562 4860 709 4935 quod
739 4874 807 4916 ne
831 4858 1082 4915 cadamus
1110 4857 1161 4911 in
1187 4857 1486 4925 gehennam
1509 4897 1524 4921 ,
1556 4853 1754 4909 sufficit
1779 4856 1935 4910 nobis
1963 4868 2144 4909 reces-

565 4967 660 5010 sus
685 4967 715 5008 a
747 4952 907 5013 malo.
932 4948 1144 5004 interim
1169 4947 1295 5003 dum
1317 4946 1458 5010 dico,
1483 4945 1613 5000 mihi
1631 4955 1891 5001 venerunt
1917 4946 1968 4999 in
1997 4961 2144 5001 men-

568 5054 678 5100 tem
713 5043 954 5115 qumdam
983 5041 1141 5095 mina:
1169 5038 1441 5095 terribiles
1469 5036 1789 5107 supplicium
1819 5034 2107 5092 inferentes
2128 5077 2142 5102 ,

569 5149 677 5190 non
716 5135 781 5190 iis
821 5133 909 5204 qui
949 5132 1075 5188 mali
1116 5130 1385 5203 quidpiam
1423 5128 1777 5196 admiserunt,
1803 5127 1896 5182 sed
1923 5142 2017 5182 eos
2046 5142 2144 5196 pn-

569 5225 799 5286 nientes.
839 5226 927 5294 qui
969 5226 1090 5280 boni
1134 5223 1329 5294 aliquid
1369 5221 1845 5292 prmtermiserunt.
1888 5219 2142 5289 Quaenam

574 5324 752 5368 autem
791 5328 869 5367 ea:
909 5316 1070 5369 sunt?
1107 5315 1238 5371 Cum
1281 5314 1595 5378 advenerit,
1645 5311 1853 5382 inquit,
1901 5311 2015 5366 dies
2058 5309 2149 5364 ille

569 5405 861 5469 terribilis,
910 5420 1015 5475 quo
1061 5419 1121 5460 se
1166 5408 1357 5461 sistere
1400 5412 1640 5475 oportet,
1683 5403 1737 5457 in
1785 5401 2031 5457 tribunali
2055 5414 2148 5456 se-

575 5499 712 5556 dens
741 5497 933 5559 Judex,
963 5497 1153 5551 ovibus
1177 5500 1389 5567 quidem
1421 5500 1634 5554 statutis
1657 5511 1686 5552 a
1708 5496 1909 5552 dextris
1929 5536 1943 5560 ,
1977 5494 2149 5551 hcedis

576 5603 707 5645 vero
727 5604 756 5643 a
783 5588 1037 5650 sinistris,
1064 5588 1249 5643 ovibus
1278 5591 1490 5657 quidem
1517 5591 1659 5646 dicet
1689 5604 1702 5643 :
1745 5586 2120 5648 Venite,bcnedi
2138 5614 2151 5625 -

571 5679 638 5733 eti
670 5677 840 5734 Patris
867 5680 963 5733 mei
981 5719 996 5745 ,
1033 5678 1279 5748 possidete
1314 5695 1521 5749 regnum
1548 5679 1684 5734 vobis
1707 5689 1938 5750 paratum
1966 5695 1996 5732 α
2023 5694 2144 5732 con-

2220 3116 2476 3171 stitutione
2503 3113 2708 3178 mundi;
2736 3113 2915 3167 esurivi
2942 3113 3095 3175 enim,
3121 3121 3165 3167 et
3195 3111 3400 3165 dedistis
3422 3109 3545 3163 mihi
3567 3109 3635 3162 ad
3657 3124 3794 3162 cont-

2223 3206 2468 3262 edendum
2484 3203 2698 3275 (Matth.
2718 3203 2808 3260 25.
2833 3204 2920 3258 54.
2935 3204 3048 3271 55).
3072 3202 3182 3257 Hoc
3205 3201 3458 3271 praeclare
3482 3219 3496 3255 :
3518 3198 3800 3270 Oportebat

2223 3296 2363 3352 enim
2386 3309 2480 3351 eos
2508 3302 2667 3370 tanta:
2693 3293 3037 3364 benignitatis
3063 3294 3199 3348 hanc
3228 3293 3470 3363 accipere
3488 3305 3803 3347 remunera-

2226 3390 2423 3444 tionem
2453 3404 2466 3439 :
2497 3386 2636 3456 quod
2665 3395 2840 3440 autem
2870 3386 2958 3455 qui
2989 3385 3265 3456 egentibus
3295 3399 3398 3438 non
3429 3383 3806 3452 impertierunt

2227 3496 2293 3537 ex
2320 3481 2385 3535 iis
2413 3495 2532 3550 qua:
2555 3479 2653 3549 ipsi
2679 3478 2963 3544 habebant,
2995 3490 3102 3531 non
3131 3476 3302 3531 solum
3331 3476 3400 3529 ita
3426 3473 3713 3543 puniantur
3741 3481 3808 3528 ut

2227 3572 2499 3641 priventur
2522 3570 2674 3625 bonis
2692 3610 2708 3637 ,
2740 3567 2832 3623 sed
2859 3568 3018 3622 etiam
3044 3565 3110 3620 ad
3143 3566 3314 3635 ignem
3344 3563 3600 3633 gehenna:
3623 3571 3807 3616 trans-

2230 3662 2524 3725 mittantur,
2550 3661 2653 3714 hoc
2675 3672 2957 3727 quamnam
2988 3656 3149 3711 habet
3175 3654 3476 3709 rationem?
3507 3652 3679 3706 [labet
3702 3665 3811 3705 au-

2233 3764 2336 3810 tem
2366 3753 2469 3809 hoc
2494 3767 2704 3823 quoque
2734 3766 2840 3805 non
2868 3751 3039 3804 minus
3064 3755 3464 3818 congruentem,
3488 3758 3646 3814 quam
3673 3742 3813 3797 illud

2234 3848 2400 3918 prius,
2428 3846 2710 3901 rationem.
2753 3843 2882 3899 Nam
2927 3858 3021 3912 per
3062 3842 3164 3896 hoc
3197 3839 3492 3902 erudimur,
3532 3834 3673 3903 quod
3718 3834 3816 3904 qui

2233 3940 2367 3994 bona
2405 3936 2617 4008 quidem
2660 3935 2915 3998 fecerunt,
2961 3933 3202 3989 fruentur
3244 3930 3398 3985 bonis
3436 3944 3554 3998 qua:
3592 3937 3724 3981 sunt
3762 3927 3818 3980 in

2233 4030 2416 4084 caelis:
2448 4028 2481 4081 ii
2506 4041 2664 4091 vero,
2696 4026 2747 4079 in
2790 4039 2922 4094 quos
2957 4040 3062 4078 non
3105 4022 3248 4077 cadit
3291 4018 3640 4089 reprehensio
3664 4015 3821 4087 quod

2234 4118 2431 4190 aliquid
2456 4118 2579 4173 mali
2604 4115 2845 4182 fecerint,
2868 4113 3066 4184 aliquid
3091 4123 3267 4168 autem
3298 4111 3421 4165 boni
3451 4108 3827 4179 praetermise-

2235 4222 2378 4278 runt,
2412 4227 2532 4266 cum
2555 4211 2619 4265 iis
2641 4210 2729 4279 qui
2758 4209 2894 4263 mala
2922 4208 3179 4269 fecerunt,
3205 4202 3534 4258 abducentur
3554 4200 3607 4254 in
3633 4198 3829 4268 ignem

2237 4306 2514 4375 gehennae.
2542 4302 2652 4359 Nisi
2673 4303 2790 4372 quis
2810 4301 2947 4356 dicat
2971 4298 3114 4370 quod
3138 4297 3336 4352 bonum
3366 4296 3556 4349 fecisse
3584 4300 3671 4347 est
3697 4305 3834 4360 pars

2239 4396 2384 4460 vitii;
2419 4395 2520 4450 hoc
2556 4393 2700 4448 enim
2738 4400 2821 4447 est
2858 4391 2974 4453 otii,
3003 4391 3168 4443 otium
3196 4396 3373 4442 autem
3399 4391 3484 4441 est
3510 4397 3635 4454 pars
3668 4382 3832 4447 vitii;

2241 4488 2326 4543 vel
2352 4486 2524 4556 potius
2555 4499 2658 4539 non
2690 4497 2833 4552 pars,
2856 4480 2949 4536 sed
2978 4478 3190 4535 occasio
3216 4485 3271 4533 et
3291 4490 3449 4547 prava
3480 4473 3631 4529 radix
3663 4486 3837 4526 :nam

2241 4594 2401 4636 omne
2436 4577 2617 4631 vitium
2658 4575 2842 4631 docuit
2883 4572 3072 4628 otium.
3121 4569 3199 4625 Ne
3231 4582 3360 4639 ergo
3387 4564 3713 4633 insipienter
3739 4562 3843 4617 has

2245 4667 2580 4741 proferamus
2624 4663 3088 4736 interrogationes.
3132 4660 3234 4729 Qui
3279 4657 3409 4714 nihil
3446 4656 3530 4713 vel
3572 4654 3711 4709 mali
3759 4654 3843 4708 vel

2246 4763 2370 4818 boni
2399 4761 2544 4826 fecit,
2571 4772 2855 4830 quemnam
2880 4758 3055 4812 locum
3083 4751 3343 4822 accipiet?
3384 4749 3596 4812 Etenim
3627 4748 3850 4802 bonum

2247 4869 2353 4908 non
2384 4851 2598 4916 fecisse,
2631 4849 2734 4905 hoc
2755 4857 2838 4903 est
2859 4847 3047 4902 fecisse
3072 4843 3294 4899 malum.
3323 4839 3458 4896 Nam
3483 4839 3568 4894 dic
3599 4838 3772 4906 mihi,
3807 4838 3853 4891 si

2249 4958 2406 5014 quem
2436 4941 2633 4996 habeas
2664 4939 2943 5005 famulum,
2972 4936 3063 5008 qui
3094 4950 3267 5004 neque
3293 4931 3522 4995 foretur,
3551 4942 3750 4997 neque
3786 4929 3855 4981 sit

2250 5034 2698 5098 contumeliosus,
2748 5044 2923 5101 neque
2966 5026 3319 5091 contradicat,
3358 5031 3413 5079 et
3455 5021 3522 5077 ab
3570 5019 3861 5076 ebrietate

2251 5127 2510 5182 abstineat
2543 5124 2611 5179 ab
2647 5122 2873 5192 aliisque
2909 5119 3181 5183 omnibus,
3216 5116 3311 5173 sed
3348 5120 3616 5184 perpetuo
3659 5113 3861 5168 sedeat

2254 5220 2475 5284 otiosus,
2506 5227 2561 5273 et
2587 5216 2719 5271 nihil
2746 5216 2902 5271 faciat
2925 5230 2989 5268 ex
3018 5214 3083 5268 iis
3108 5227 3227 5281 qua:
3253 5208 3482 5265 famulus
3506 5203 3690 5279 debet
3724 5205 3864 5260 hero

2257 5320 2533 5380 praestare,
2575 5323 2680 5363 non
2728 5322 2849 5362 eum
2896 5304 3071 5360 cmdes
3113 5302 3468 5370 ﬂagris,-non
3513 5296 3867 5368 torquebis?

2258 5403 2451 5467 Etiam,
2477 5401 2703 5471 inquies.
2726 5396 2887 5468 Atqui
2908 5395 3037 5450 nihil
3061 5394 3183 5449 mali
3205 5391 3348 5446 fecit.
3379 5388 3488 5443 Hoc
3511 5386 3709 5457 ipsum
3732 5399 3868 5458 ergo

2257 5505 2339 5551 est
2356 5494 2572 5550 malum.
2593 5492 2719 5556 Sed,
2738 5491 2782 5544 si
2806 5491 2997 5560 plaeet,
3017 5485 3341 5541 deducamus
3355 5479 3676 5536 orationem
3695 5481 3869 5536 etiam

2259 5587 2323 5641 ad
2354 5587 2610 5656 reliquam
2646 5584 2833 5639 vitam.
2875 5581 2957 5638 Sit
2996 5578 3188 5649 aliquis
3229 5573 3480 5647 agricola,
3520 5574 3624 5644 qui
3657 5574 3872 5630 nutris

2263 5674 2594 5731 facultatibus
2615 5672 2747 5729 nihil
2776 5671 2900 5728 mali
2926 5666 3130 5735 aderat,
3155 5679 3326 5737 neque
3355 5661 3661 5719 insidietur
3685 5681 3869 5739 neque
