4218 6266
344 457 437 512 Nl

340 571 629 636 τραύματα
694 568 942 626 θάνατον.
1000 571 1138 625 Ἀλλ’
1191 574 1344 626 οὐδὲν
1405 574 1613 628 τούτων
1667 574 1904 644 ⁴ήθέλησε

339 650 674 720 φθέγξασθαι
728 652 968 717 Παῦλος,
1001 654 1113 707 ἀλλ’
1168 655 1201 724 ἢ
1237 653 1394 707 τοῦτο
1428 656 1610 726 μόνον,
1656 654 1908 723 Ἀρθήτω

336 732 460 786 σὺν
487 733 654 801 πάσῃ
680 736 876 801 κακίᾳ.
911 736 976 788 Τί
999 737 1137 801 ἐστι,
1166 738 1290 790 Σὺν
1318 736 1484 804 πάσῃ
1515 740 1692 805 κακίᾳ
1709 753 1728 801 ;
1752 737 1910 789 Πᾶσα

338 814 449 884 γάρ
480 816 647 868 κακία
680 818 759 878 είς
798 815 958 869 τοῦτο
992 819 1234 888 τελευτᾷ.
1276 819 1398 871 Εἰσὶ
1429 820 1534 890 γάρ
1563 837 1706 882 τινες
1737 819 1907 873 καθά·

340 914 447 967 περ
474 898 520 948 οί
558 896 916 968 λαθροδῆκται
950 899 1058 952 τῶν
1096 899 1294 962 κυνῶν,
1313 901 1361 953 οἲ
1380 904 1503 964 τοὺς
1531 903 1628 973 μὲν
1653 902 1908 972 προσιόν-

339 994 437 1039 τας
464 977 613 1031 οὐδὲν
646 979 994 1047 ὑλακτοῦσιν,
1027 981 1149 1033 οὐδὲ
1180 983 1609 1054 δυσχεραίνουσι·
1634 984 1911 1045 σαίνοντες

342 1059 395 1112 δὲ
424 1061 515 1114 καὶ
541 1063 811 1132 προσηνὲς
846 1063 1279 1133 ἐπιδεικνύμενοι
1322 1066 1530 1135 σχῆμα,
1562 1065 1910 1134 ἀφυλάκτους

342 1141 612 1207 λαϐόντες,
668 1145 793 1206 τοὺς
828 1146 1048 1209 ὀδόντας
1081 1146 1374 1215 ὲνέπηξαν·
1409 1143 1554 1201 οὗτοι
1593 1146 1911 1218 χαλεπώτε-

346 1241 430 1294 ροι
451 1223 559 1278 τῶν
594 1226 659 1278 ἐκ
688 1228 923 1297 φανεροῦ
951 1228 1158 1298 τὴνὲχο
1169 1246 1265 1299 ραν
1287 1230 1717 1299 ἀναδεχομένων.
1758 1230 1913 1283 Ἐπεὶ

344 1303 435 1361 οῦν
469 1309 565 1361 καὶ
612 1307 888 1378 ἄνθρωποί
930 1313 1037 1364 είσι
1080 1312 1264 1376 κύνες,
1300 1314 1393 1366 καὶ
1426 1313 1551 1366 οὔτε
1592 1313 1909 1383 κράζοντες,

345 1388 467 1441 οὒτε
510 1388 874 1459 ὀργιζόμενοι,
936 1391 1058 1445 οὔτε
1118 1393 1559 1464 δυσχεραίνοντες
1601 1392 1909 1459 ἀπειλοῦσι,

349 1468 525 1539 λάθρα
558 1471 614 1523 δὲ
661 1473 959 1540 ράπτοντες
1013 1474 1218 1538 δόλους,
1274 1478 1368 1529 καὶ
1413 1476 1915 1539 κατασκευάζοντες

352 1552 523 1621 μυρία
553 1552 719 1615 κακὰ,
747 1556 840 1607 καὶ
875 1555 942 1607 δι’
964 1556 1139 1626 ἔργων
1166 1558 1519 1628 ἀμυνόμενοι,
1553 1559 1647 1610 καὶ
1689 1556 1914 1620 τούτους

348 1634 592 1703 ᾐνίξατο.
659 1636 913 1703 Ἀρθήτω
954 1639 1055 1707 ἀφ’
1095 1641 1299 1708 ὑμῶν,
1356 1642 1511 1711 φησὶ,
1566 1640 1692 1694 σὺν
1745 1638 1912 1707 πάσῃ

351 1716 551 1781 κακίᾳ.
582 1716 673 1784 Μὴ
703 1718 961 1787 ῥημάτων
1003 1719 1099 1788 μὲν
1132 1721 1335 1788 φείδου,
1366 1722 1455 1775 διά
1491 1721 1549 1775 δὲ
1592 1722 1699 1774 τῶν
1733 1720 1913 1790 ἔργων

351 1797 581 1866 ἀμύνου.
623 1798 760 1866 Ἐγὼ
796 1800 886 1853 διὰ
919 1800 1079 1854 τοῦτο
1109 1804 1207 1872 τὴν
1236 1802 1487 1871 γλῶσσαν
1521 1803 1776 1866 ἐκόλασα,
1810 1804 1907 1855 καί¹

349 1878 449 1949 τὴν
481 1879 723 1949 κραυγὴν
758 1882 931 1952 αὐτῆς
964 1884 1287 1954 περιέκοψα,
1317 1885 1405 1937 ἵνα
1448 1884 1524 1954 μὴ
1562 1884 1657 1936 τὸν
1701 1884 1914 1955 πυρσὸν

351 1960 531 2032 ἀνάψῃ
565 1964 939 2035 σφοδρότεροψ
974 1967 1025 2018 εί
1076 1966 1133 2020 δὲ
1185 1967 1278 2020 καὶ
1330 1967 1503 2037 χωρὶς
1560 1968 1806 2036 κραυγῆς
1844 1965 1915 2019 τὰ

352 2044 492 2097 αύτά
524 2048 717 2110 ποιεῖς,
752 2047 848 2099 καὶ
872 2047 1018 2101 ἔνδον
1050 2049 1275 2118 τρέφεις
1303 2051 1402 2118 τὴν
1445 2049 1630 2120 πυρὰν
1672 2050 1915 2112 καὶτοὺς

266 2128 273 2135 ’
353 2124 646 2196 ἄνθρακας,
676 2128 730 2181 τί
759 2129 821 2181 τὸ
845 2130 1036 2197 ὄφελος
1066 2134 1166 2200 τῆς
1199 2131 1392 2200 σιγῆςς
1423 2132 1493 2184 Ἦ
1518 2134 1617 2184 οὐκ
1641 2127 1810 2194 οῖδας,
1834 2132 1917 2184 ὃτι

353 2209 409 2262 αί
460 2211 725 2279 πυρκαῖαὶ
776 2212 1013 2280 μάλιστά
1067 2215 1174 2266 εἱσι
1214 2214 1618 2285 χαλεπώταται,
1661 2216 1827 2284 αἴπερ
1854 2215 1919 2268 ἂν

353 2288 501 2341 ἔνδον
528 2292 865 2361 τρεφόμεναι
899 2294 977 2364 μὴ
1018 2296 1314 2363 φαίνωνται
1358 2299 1469 2358 τοῖς
1508 2296 1920 2366 περιεστηκόσιν

351 2373 551 2438 ὲκτός;
602 2373 695 2425 καὶ
717 2374 1032 2445 τραύματα,
1066 2378 1209 2447 άπερ
1254 2377 1319 2430 ἂν
1376 2378 1451 2448 μὴ
1488 2380 1568 2441 είς
1593 2379 1690 2447 τὴν
1718 2379 1919 2446 ἐπιφά-

353 2469 507 2507 νειαν
534 2451 806 2527 ἐξανθήσῃ
828 2471 843 2520 ;
867 2457 961 2510 καὶ
990 2462 1207 2528 πυρετοὶ
1234 2459 1349 2512 δσοι
1375 2459 1444 2512 τὸ.
1460 2458 1704 2514 ἐντόσθια
1732 2460 1919 2513 καίουο

1201 459 1267 513 ΙΝ
1306 457 1524 517 EPIST.
1567 459 1656 513 AD
1692 455 1934 516 EPHES.
1966 457 2121 514 CAP.
2162 458 2254 513 IV.
2282 453 2520 511 HOMIL.
2560 453 2703 510 XVI.

84 59 2099 173 #ﬂ/f/

3480 453 3583 508 ΗΞ

2017 587 2103 623 σιν
2128 588 2143 636 ;
2188 568 2348 622 Οὕτω
2385 568 2481 621 καὶ
2510 567 2647 637 ὀργὴ
2671 564 2809 635 αὕτη
2840 561 3192 634 χαλεπωτέρα
3222 564 3254 633 ή
3289 561 3388 633 τήν
3408 562 3584 633 ψυχὴν

2011 651 2401 721 ἐπινεμομένη.
2444 648 2605 702 Ἀλλά
2653 649 2747 702 καὶ
2791 646 2927 717 αῦτη
2974 644 3216 713 ἀρθήτω,
3279 646 3436 713 φησι,
3486 646 3584 698 σὺν

2012 736 2162 807 πάσῃ
2209 734 2397 807 κακία,
2456 733 2551 785 καὶ
2610 732 2783 802 μικρᾷ
2833 732 2928 783 καὶ
2980 728 3209 799 μεγάλῃ.
3265 727 3586 796 Πειθώμεθα

2008 804 2189 869 τοίνυν
2214 804 2385 883 αὐτῷ,
2422 814 2515 866 καὶ
2551 814 2731 865 πᾶσαν
2757 810 2982 881 πικρίαν
3031 812 3124 863 καὶ
3153 811 3331 863 πᾶσαν
3383 809 3582 864 κακίαν

2009 899 2338 969 ἐξαίρωμεν,
2369 896 2455 948 ἵνα
2513 898 2586 965 μὴ
2616 895 2876 963 λυπῶμεν
2925 894 2986 946 τὸ
3033 892 3256 963 Πνεῦμα
3298 893 3358 945 τὸ
3401 893 3577 962 ἅγιον.

2022 982 2323 1049 ’Δνέλωμεν
2343 977 2636 1049 πρόρριζον
2656 977 2753 1047 τὴν
2767 976 3014 1047 πικρίαν,
3040 976 3361 1045 ἐκτέμωμεν
3380 976 3552 1046 αὑτήν
3571 989 3583 1003 ’

2009 1063 2174 1115 Οὐδὲν
2185 1062 2384 1129 ἀγαθὸν
2401 1061 2508 1114 ἀπὸ
2523 1060 2725 1127 πικρᾶς
2744 1058 2954 1125 γένοιτο
2968 1058 3033 1110 ἂν
3051 1057 3403 1127 ψυχῆςρύδὲν
3418 1056 3585 1126 ὑγιὲς,

2009 1145 2186 1198 πάντα
2214 1142 2508 1214 συμφοραὶ,
2528 1142 2705 1195 πάντα
2735 1139 2964 1209 δάκρυα,
2984 1139 3161 1191 πάντα
3181 1139 3368 1207 θρῆνοι
3389 1140 3482 1192 καὶ
3507 1140 3587 1191 0!-

2015 1230 2213 1299 μωγαί.
2255 1228 2366 1296 Οὐχ
2387 1228 2547 1296 δρᾶτε
2568 1225 2661 1278 καὶ
2683 1225 2791 1276 τῶν
2822 1223 3026 1293 θηρίων
3050 1224 3151 1275 ὅσα
3173 1222 3237 1275 ἂν
3256 1222 3453 1291 κράζῃ,
3475 1221 3590 1285 πῶς

2010 1308 2463 1380 ἀποστρεφόμεθα
2483 1324 2495 1335 ·
2517 1301 2626 1360 οἷον
2645 1306 2734 1359 τὸν
2749 1306 2957 1366 λέοντα,
2976 1304 3075 1373 τὴν
3097 1304 3316 1373 ἄρκτον,
3337 1302 3450 1354 ἀλλ’
3473 1303 3590 1373 οὐχὶ

2009 1392 2071 1445 τδ
2098 1392 2405 1463 πρόϐατον;
2442 1390 2500 1442 ού
2531 1389 2640 1459 γάρ
2674 1390 2821 1441 ἐστιν
2844 1389 2960 1439 ἐκεῖ
2983 1385 3220 1455 κραυγὴ,
3249 1384 3386 1437 ἀλλά
3418 1400 3591 1453 προσο

2012 1477 2149 1545 ηνής
2172 1492 2255 1537 τις
2318 1473 2494 1542 φωνή.
2530 1474 2638 1524 Καὶ
2663 1469 2772 1523 τῶν
2804 1471 3051 1540 ὀργάνων
3083 1469 3139 1520 δὲ
3164 1467 3272 1520 τῶν
3293 1465 3589 1537 μουσικῶν,

2008 1558 2108 1610 ὅσα
2134 1556 2231 1626 μὲν
2267 1555 2332 1608 ἂν
2377 1554 2580 1624 κράζη,
2621 1552 2930 1623 ἀηδέστερά
2954 1555 3070 1603 ἐστι
3131 1549 3268 1619 πρὸς
3304 1549 3393 1602 τὸν
3424 1547 3593 1617 φθόγ-

2011 1654 2129 1705 γον,
2153 1631 2263 1689 οἷον
2284 1634 2560 1705 τύμπανα,
2592 1634 2910 1701 σάλπιγγεςο
2930 1633 2999 1685 τὰ
3025 1632 3081 1685 δὲ
3120 1633 3194 1702 μὴ
3229 1629 3423 1693 οὕτως,
3456 1629 3593 1684 ἀλλά

2016 1720 2378 1790 μαλάττοντα,
2409 1716 2580 1769 ταῦτα
2617 1716 2770 1785 ήδέα,
2792 1711 2904 1768 οἷον
2926 1715 3088 1776 αὐλὸς
3129 1713 3223 1767 καὶ
3257 1712 3457 1782 κιθάρα
3483 1713 3579 1766 καὶ⁵

2013 1801 2290 1872 σύριγγες.
2328 1797 2515 1862 Οὕτως
2556 1793 2649 1851 οὖν
2693 1797 2848 1867 ἡμῶν
2881 1797 2979 1868 τὴν
3006 1796 3183 1866 ψυχὴν
3218 1797 3579 1864 καταστήσω·

2017 1901 2137 1954 μεν,
2162 1881 2301 1935 ὥστε
2331 1880 2405 1952 μὴ
2439 1880 2681 1950 κράζειν·
2721 1882 2814 1933 καὶ
2846 1880 2989 1933 οὓτω
3009 1878 3350 1949 δυνησόμεθα
3375 1878 3467 1931 καὶ
3492 1878 3593 1947 τῆς

2013 1968 2184 2040 ὀργῆς
2211 1964 2634 2037 περιγενέσθαι·
2685 1962 2892 2034 ταύτην
2929 1963 2986 2016 δὲ
3037 1962 3391 2031 ἐκκόψαντες,
3438 1961 3592 2015 αὐτοὶ

2017 2052 2224 2122 ⁴ιη’ρῶτοι
2254 2050 2352 2119 τῆς
2381 2050 2627 2118 γαλήνης
2663 2047 3069 2117 ἀπολαύσομεν,
3091 2047 3184 2099 καὶ
3210 2047 3290 2108 είς
3308 2044 3399 2097 τὸν
3421 2043 3594 2096 εὖδιον

2019 2131 2365 2202 πλευσόμεθα
2399 2130 2619 2198 λιμένα·
2649 2122 2711 2182 οῦ
2740 2129 2951 2196 γένοιτο
2973 2128 3180 2189 πάντας
3229 2127 3377 2196 ἡμᾶς
3402 2127 3593 2202 ἐπιτυ-

2022 2216 2138 2284 χεῖν
2172 2200 2238 2267 ἐν
2259 2213 2480 2284 Χριστῷ
2521 2210 2698 2281 Ἰησοῦ
2736 2210 2812 2281 τῷ
2845 2210 3036 2281 Κυρίῳ
3070 2207 3246 2279 ήμῶν,
3273 2207 3393 2277 μεθ’
3426 2200 3487 2260 οῦ
3518 2205 3596 2276 τῷ

2024 2298 2197 2367 ιιατρὶ
2246 2297 2360 2365 ἀμα
2388 2296 2466 2365 τῷ
2500 2295 2641 2365 ἀγίῳ
2688 2293 2966 2363 Πνεύματι
3004 2293 3151 2357 δόξα,
3182 2291 3407 2361 κράτος,
3434 2289 3589 2359 τιμὴ,

2023 2380 2117 2432 νῦν
2175 2379 2270 2432 καὶ
2326 2380 2433 2444 ἀεὶ,
2493 2378 2587 2430 καὶ
2638 2379 2718 2441 εἰς
2767 2378 2892 2439 τοὺς
2940 2374 3140 2439 αίῶνας
3199 2373 3307 2426 τῶν
3359 2372 3591 2425 αίώνων.

2035 2463 2091 2516 Ἀ
2102 2463 2208 2532 μήν

1693 2829 1843 2902 [ηδ]
1879 2831 2121 2884 ΟΜΙΛΙΑ
2156 2830 2270 2898 lq".

362 2946 532 3027 Πᾶςςι
563 2950 769 3027 πικρίᾳ
808 2948 921 3027 καί
943 2949 1129 3027 Qum};
1157 2948 1254 3027 καί
1280 2949 1424 3027 ὀργὴ
1447 2949 1552 3027 ’καί
1573 2950 1803 3027 κραυγὴ
1825 2949 1924 3027 καί

421 3017 788 3086 βλασφημία
813 3018 1048 3084 ἀρθήτω
1073 3019 1173 3085 ἀφ’
1207 3017 1372 3086 ὑμῶν
1392 3020 1513 3072 σὺν
1530 3018 1697 3085 πάσῃ
1727 3017 1924 3084 κακίᾳ.

428 3087 686 3139 Γίνεσθε
716 3087 898 3157 δὲῂεις
935 3088 1249 3157 ἀλλήλους
1287 3088 1563 3157 χρηστοί,
1614 3089 1926 3156 εὔσπλαγ-

428 3171 585 3224 χνοι.
646 3154 1008 3223 χαριζόμενοι
1057 3154 1336 3223 ἑαυτοῖς,
1370 3158 1565 3223 καθὼς
1588 3158 1686 3210 καί
1718 3161 1751 3211 ὀ
1785 3154 1925 3222 Θεὸς

427 3224 754 3292 ἐχαρίσατο
784 3224 947 3293 ὑμῖν.

428 3380 499 3427 α’.
516 3374 631 3429 Οὐκ
653 3374 812 3445 ἀρκεῖ
826 3374 1020 3439 κακίας
1042 3375 1436 3445 ἀπαλλαγῆναι,
1456 3377 1503 3429 εί
1538 3375 1620 3428 δεῖ
1645 3376 1741 3446 τῆς
1779 3374 1930 3445 βασι-

358 3458 509 3523 λείας
557 3460 666 3515 τῶν
710 3460 955 3531 οὐρανῶν
1000 3463 1299 3532 ἐπιτυχεῖν,
1330 3462 1465 3518 ἀλλά
1492 3463 1570 3516 δεῖ
1601 3463 1695 3515 καὶ
1730 3462 1927 3531 πολλῆς

359 3549 459 3615 τῆς
507 3545 616 3600 τῶν
662 3547 876 3616 ἀρετῶν
925 3548 1208 3616 ἐργασίας.
1244 3549 1359 3601 Ἵνα
1407 3548 1506 3619 μὲν
1554 3547 1661 3616 γὰρ
1708 3548 1931 3617 γεέννης

363 3631 784 3702 ἀπαλλαγῶμεν,
802 3633 1101 3703 ἀπέχεσθαι
1128 3633 1208 3687 δεῖ
1235 3636 1499 3705 πονηρίας
1524 3651 1538 3665 ·
1565 3635 1655 3687 ἵνα
1687 3634 1742 3685 δὲ
1777 3633 1931 3702 βασι-

361 3719 513 3782 λείας
561 3720 930 3790 ὲπιτύχωμεν,
956 3722 1279 3791 ἀντέχεσθαι
1332 3723 1429 3792 τῆς
1467 3722 1689 3793 ἀρετῆς.
1735 3723 1804 3774 Ἦ
1833 3722 1933 3774 οὐκ

364 3803 482 3857 ἴστε
506 3843 522 3868 ,
574 3805 659 3857 δτι
684 3805 778 3858 καὶ
804 3808 862 3858 ἐν
898 3809 1009 3870 τοῖς
1044 3806 1241 3872 ἔξωθεν
1270 3807 1660 3879 δικαστηρίοις,
1690 3808 1821 3861 ὅταν
1845 3808 1933 3873 ἐξ·

363 3888 557 3953 έτασις
576 3888 612 3960 ᾖ
634 3889 742 3941 τῶν
775 3892 1151 3962 εἰργασμένων
1170 3933 1183 3957 ,
1212 3894 1308 3946 καὶ
1340 3894 1676 3965 ἐκκλησιάζῃ
1714 3896 1865 3947 πᾶσα
1899 3896 1932 3964 ή

361 3976 526 4038 πόλις
554 4016 570 4039 ,
602 3974 745 4028 οὕτω
786 3976 1028 4045 γίνεται;
1060 3981 1167 4032 Καὶ
1196 3981 1303 4050 γὰρ
1333 3981 1427 4032 ἐπὶ
1448 3982 1559 4034 τῶν
1584 3979 1782 4044 ἔξωθεν
1814 3979 1934 4043 ἔθος

359 4058 435 4134 ἦν
484 4062 748 4125 παλαιὸν,
781 4064 966 4136 χρυσῷ
1012 4068 1409 4135 στεφανοῦσθαι
1454 4069 1725 4139 στεφάνῳ,
1758 4068 1818 4121 ού
1844 4068 1934 4121 τὸν

367 4150 540 4221 μηδὲν
581 4151 750 4203 κακὸν
780 4152 1155 4223 ἐργασάμενον
1200 4154 1297 4226 τήν
1354 4155 1509 4210 πόλιν
1551 4170 1566 4186 ο
1612 4154 1771 4210 τοῦτο
1824 4157 1931 4226 γάρ

366 4237 500 4290 αὐτὸ
529 4237 667 4307 πρὸς
690 4238 753 4290 τὸ
792 4239 868 4310 μὴ
897 4239 1080 4293 δοῦναι
1123 4241 1280 4311 δίκην
1314 4242 1531 4312 ἀπόχρη
1568 4243 1728 4312 μόνον
1753 4260 1766 4273 ·
1801 4242 1936 4296 ἀλλά

363 4325 457 4378 τὸν
507 4324 751 4393 μεγάλας
802 4326 1123 4395 εὐεργεσίας
1164 4328 1590 4398 ἐπιδειξάμενον.
1628 4327 1815 4391 Οὕτως
1846 4330 1938 4382 ἐπί

365 4409 574 4481 ταύτην
634 4411 801 4481 ἐχρῆν
846 4412 1073 4480 ἄγεσθαι
1120 4413 1219 4484 τὴν
1271 4418 1454 4485 τιμήν.
1498 4415 1660 4467 Ἀλλά
1700 4417 1805 4488 γὰρ
1839 4416 1938 4468 οὐκ

369 4495 483 4555 οἴδα
526 4497 646 4559 πῶς
672 4498 870 4569 μικροῦ
904 4499 1014 4551 δεῖν
1060 4517 1126 4568 με
1160 4500 1464 4572 παρέλαθεν
1487 4500 1514 4553 δ
1539 4502 1772 4572 μάλιστα
1803 4503 1938 4572 πρὸς

370 4584 513 4653 ὑμᾶς
544 4585 842 4652 ἀναγκαῖον
879 4582 947 4656 ἦν
976 4589 1167 4639 εἰπεῖν.
1197 4588 1307 4657 Τῆς
1340 4588 1447 4658 γάρ
1474 4589 1788 4660 διαιρέσεως
1812 4590 1939 4643 ταύ-

369 4685 467 4739 της
499 4671 562 4723 τὸ
581 4670 796 4740 πρῶτον
822 4673 1146 4743 ἀνατίθεμαι
1180 4675 1363 4744 μέρος,
1391 4678 1561 4747 μικρᾷ
1576 4695 1681 4730 τινι
1702 4678 1940 4749 ἐπιδιορ-

370 4757 535 4811 θώσει
579 4759 942 4827 χρησάμενος.
1001 4760 1218 4831 Ἐπειδὴ
1255 4761 1365 4832 γὰρ
1398 4762 1557 4835 ἔφην,
1607 4764 1743 4834 πρὸς
1774 4765 1835 4816 τὸ
1865 4764 1940 4834 μὴ

371 4847 692 4915 περιπεσεῖν
730 4845 925 4916 γεέννῃ
952 4846 1033 4897 δτι
1064 4846 1173 4899 τῶν
1207 4848 1393 4901 κακῶν
1418 4851 1549 4919 ἡμῖν
1653 4850 1940 4921 ἀναχώρη-

369 4948 454 4995 σις
492 4931 675 5000 ἀρκεῖ,
714 4930 917 5000 μεταξύ
967 4949 1035 5000 με
1064 4932 1293 5002 λέγοντα
1315 4935 1609 5006 ὑπεισῆλθέ
1634 4953 1717 4999 τις
1742 4937 1939 5007 ἀπειλὴ

367 5017 622 5087 φοϐερὰ,
658 5017 719 5069 οὐ
771 5020 886 5079 τοῖς
931 5019 1103 5072 κακόν
1126 5037 1178 5072 τι
1199 5019 1503 5090 τολμήσασι
1533 5023 1632 5093 τὴν
1668 5022 1941 5092 τιμωρίαν

366 5104 670 5172 ἐπάγουσα,
714 5103 850 5156 ἀλλά
899 5106 1025 5168 τοὺς
1084 5105 1462 5170 ἐλλελοιπότας
1487 5125 1541 5160 τι
1569 5108 1679 5161 τῶν
1721 5108 1942 5177 ἀγαθῶν

368 5190 695 5254 κολάζουσα.
727 5189 823 5252 Τίς
856 5189 920 5260 δὴ
944 5186 1036 5244 οὖν
1066 5191 1207 5262 αῦτη
1242 5193 1359 5246 ἐστί
1384 5210 1398 5260 ;
1427 5194 1537 5262 Τῆς
1563 5195 1798 5265 ἡμέρας,
1831 5213 1941 5265 φη-

368 5278 472 5340 σὶν,
508 5276 817 5346 ἐπιστάσης
867 5276 964 5347 τῆς
1024 5278 1301 5349 φοϐερᾶς,
1341 5280 1436 5333 καὶ¹
1492 5282 1943 5352 παραγενομένης

367 5364 463 5433 τῆς
512 5362 734 5432 κυρίας,
766 5362 1054 5427 καθεσθεὶς
1098 5365 1191 5419 ἐπὶ
1234 5366 1328 5418 τοῦ
1372 5365 1615 5436 βήματος
1646 5369 1675 5420 ό
1710 5369 1938 5439 Κριτής,

369 5450 458 5502 καὶ
484 5450 556 5503 τά
589 5449 689 5517 μὲν
730 5449 981 5518 πρόϐατα
1025 5452 1229 5521 στήσας
1258 5454 1320 5505 ἐκ
1341 5453 1548 5519 δεξιῶν,
1573 5454 1645 5508 τά
1670 5454 1725 5507 δὲ
1754 5446 1959 5524 ἐρίφια

370 5533 425 5601 ἐξ
449 5535 784 5606 ἀριστερῶν,
813 5535 950 5604 πρὸς
1006 5537 1105 5605 μὲν
1136 5538 1207 5590 τὰ
1238 5539 1484 5609 πρόϐατα
1505 5540 1657 5608 έλεγε
1685 5556 1697 5569 ’
1735 5542 1934 5602 Δεῦτε,

371 5623 420 5673 οί
443 5619 846 5689 εὐλογημένοι
884 5622 993 5674 τοῦ
1026 5625 1253 5691 Πατρός
1288 5642 1429 5693 μου,
1447 5629 1942 5695 κληρονομήσατε

378 5706 487 5775 τήν
515 5708 979 5777 ἡτοιμασμένην
1012 5709 1153 5776 ὑμῖν
1184 5712 1517 5774 ,βασιλείαν
1544 5713 1663 5768 ἀπὸ
1691 5718 1938 5768 καταϐο-

384 5791 495 5860 λῆς
524 5795 766 5863 κόσμου
794 5807 810 5824 ·
835 5793 1129 5849 ἐπείνασα
1151 5798 1282 5867 γὰρ,
1324 5801 1419 5854 καί
1437 5799 1691 5856 ἐδώκατέ
1707 5819 1805 5870 μοι
1831 5819 1943 5869 ερα-

2027 2949 2177 3018 γεῑν.
2216 2948 2386 3003 Τοῦτο
2414 2948 2592 3012 καλῶς
2616 2964 2631 2979 ο
2670 2947 2777 3002 ἔδει
2807 2958 2916 3018 γαρ
2954 2946 3154 3011 αὐτοὺς
3190 2947 3290 3016 τῆς
3331 2946 3596 3016 τοσαύτης

2028 3033 2441 3105 φιλανθρωπίας
2508 3030 2714 3101 ταύτην
2782 3034 2968 3088 λαϐεῖν
3019 3034 3118 3102 τὴν
3177 3033 3477 3087 ἀντίδοσιν·
3535 3032 3598 3085 τὸ

2033 3124 2216 3191 ιΑιέντοι
2275 3124 2400 3186 τοὺς
2442 3123 2517 3194 μὴ
2550 3123 2877 3193 μεταδόντας
2903 3124 3016 3185 τοῖς
3039 3121 3317 3192 δεομένοις
3340 3121 3399 3185 ἐξ
3422 3113 3497 3175 ῶν
3520 3116 3595 3174 εῖ-

2029 3228 2120 3279 χον
2136 3210 2308 3276 αὐτοὶ,
2332 3208 2405 3280 μὴ
2424 3210 2585 3280 μέχρι
2600 3210 2697 3279 τῆς
2718 3209 2824 3262 τῶν
2854 3208 3075 3277 ἀγαθῶν
3103 3209 3410 3278 στερήσεως
3437 3206 3597 3261 κολά-

2029 3296 2238 3359 ζεσθαι,
2288 3296 2423 3348 ἀλλά
2466 3297 2559 3349 καὶ
2602 3296 2681 3366 τῷ
2720 3298 2819 3367 τῆς
2859 3296 3084 3366 γεέννης
3133 3291 3597 3366 παραπέμπεσθαι

2029 3382 2185 3453 πυρὶ,
2218 3385 2371 3435 ποῖον
2421 3382 2487 3435 ἂν
2543 3382 2657 3452 έχοι
2691 3381 2849 3448 λόγον
2892 3381 3052 3434 τοῦτο
3081 3382 3181 3450 δή;
3217 3379 3468 3433 Μάλιστα
3502 3379 3600 3446 μὲν

2030 3466 2125 3521 οὖν
2156 3469 2250 3522 καὶ
2280 3470 2437 3521 τοῦτο
2460 3468 2816 3537 εὐπρόσωπον
2842 3468 2906 3520 ἂν
2935 3466 3047 3535 έχοι
3074 3466 3252 3533 λόγον,
3289 3465 3389 3533 οὐχ
3438 3460 3601 3534 ἦττον

2031 3556 2065 3625 ἢ
2108 3557 2281 3609 έκεῖνο
2309 3555 2370 3607 τὸ
2400 3554 2686 3624 πρότερον.
2719 3553 2819 3605 Διά
2847 3554 2955 3623 γὰρ
2988 3550 3179 3604 τούτου
3211 3549 3599 3620 παιδευόμεθα,

2031 3642 2111 3693 ὅτι
2137 3643 2186 3693 οἱ
2219 3641 2316 3710 μὲν
2362 3641 2429 3693 τά
2459 3638 2641 3708 ἀγαθά
2680 3638 3006 3709 πράξαντες,
3041 3637 3149 3689 τῶν
3175 3636 3233 3689 ἐν
3273 3638 3383 3698 τοῖς
3436 3636 3602 3705 ούρα-

2032 3745 2142 3790 νοις
2172 3726 2564 3780 ἀπολαύσονται
2588 3725 2807 3795 ἀγαθῶν
2833 3744 2845 3756 ·
2879 3727 2927 3777 οί
2948 3724 3005 3777 δὲ
3043 3723 3374 3794 ὲγκληθῆναι
3394 3723 3493 3792 μὲν
3509 3723 3601 3775 ού·

2032 3816 2120 3869 δέν
2177 3815 2390 3885 ἔχοντες
2439 3815 2607 3868 κακὸν
2632 3854 2645 3878 ,
2671 3812 3041 3875 ἐλλελοιπότες
3062 3812 3117 3865 δέ
3146 3829 3198 3864 τι
3228 3810 3336 3864 τῶν
3356 3810 3601 3877 ἀγαθῶν,

2038 3901 2175 3971 μετὰ
2198 3902 2306 3955 τῶν
2328 3900 2397 3953 τά
2434 3901 2579 3954 κακά
2609 3899 2997 3971 ἐργασαμένων
3023 3900 3101 3961 είς
3139 3898 3200 3951 τὸ
3229 3898 3451 3967 γεέννης
3490 3900 3599 3951 ἀπ·

2035 3989 2363 4058 αχθήσονται
2396 3987 2527 4058 πῦρ.
2567 3988 2631 4040 Εί
2665 3988 2738 4056 μή
2772 4004 2853 4049 τις
2898 3988 3072 4039 ἐκεῖνο
3100 3984 3266 4050 λέγοι,
3301 3985 3382 4037 ὅτι
3425 3984 3518 4036 καὶ
3544 3984 3605 4035 τὸ

2035 4074 2238 4140 ἀγαθὸν
2271 4073 2345 4143 μὴ
2372 4077 2615 4143 ποιῆσαι,
2645 4072 2844 4134 κακίας
2870 4072 3032 4141 μέρος
3063 4070 3210 4123 ἐστίν
3231 4084 3244 4097 ·
3273 4070 3467 4138 ἀργίας
3497 4071 3605 4140 γὰρ

2035 4159 2193 4212 τοῦτό
2236 4160 2417 4221 ἐστιν,
2449 4158 2616 4229 ἀργία
2663 4158 2719 4209 δὲ
2765 4158 2964 4217 κακίας
3001 4156 3162 4224 μέρος
3189 4171 3203 4185 ο
3237 4155 3436 4222 μᾶλλον
3461 4154 3518 4205 δέ
3543 4155 3604 4206 ού

2042 4245 2225 4317 μέρος.
2256 4247 2393 4299 ἀλλὰ
2417 4246 2671 4306 ὑπόθεσις
2696 4244 2787 4297 καὶ
2822 4243 2945 4314 ῥίζα
2971 4239 3125 4312 [H7]
3154 4242 3365 4309 πονηρά
3386 4255 3400 4269 ’
3426 4242 3609 4294 πᾶσαν

2038 4335 2146 4405 γάρ
2192 4335 2389 4388 κακίαν
2437 4331 2739 4400 ἐδίδαξενή
2794 4330 2984 4401 ἀργία.
3016 4330 3107 4398 Μὴ
3156 4329 3334 4382 τοίνυν
3367 4329 3609 4398 ἀνοήτως

2036 4421 2238 4484 ταύτας
2293 4421 2392 4482 τὰς
2427 4420 2726 4489 ἐρωτήσεις
2752 4417 3064 4486 ἐρωτῶμεν,
3087 4409 3218 4479 οἷον,
3259 4417 3286 4468 ό
3317 4415 3483 4485 μηδὲν
3511 4432 3609 4467 πε-

2041 4505 2282 4574 ποιηκὼς
2306 4505 2493 4566 κακὸν,
2516 4504 2681 4572 μηδὲν
2712 4503 2935 4570 ἀγαθὸν,
2970 4504 3120 4554 ποῖον
3152 4501 3362 4564 δέξεται
3391 4501 3557 4554 τόπον
3587 4518 3603 4567 ;

2041 4593 2114 4643 Τὸ
2156 4591 2263 4660 γὰρ
2314 4591 2387 4660 μὴ
2414 4590 2639 4657 ποιῆσαι
2679 4589 2902 4656 ἀγαθὸν,
2933 4587 3093 4640 τοῦτο
3125 4588 3348 4655 ποιῆσαί
3375 4590 3489 4639 ἐστι
3509 4604 3609 4641 κα-

2034 4677 2155 4731 κόν.
2196 4676 2330 4728 Είπὲ
2361 4675 2468 4745 γάρ
2502 4692 2589 4744 μοι
2611 4715 2625 4736 ,
2658 4674 2710 4726 εἴ
2735 4692 2848 4727 τινα
2875 4674 3093 4743 οἰκέτην
3117 4673 3282 4743 ἔχοις,
3311 4675 3447 4742 μήτε
3480 4672 3608 4723 κλέ-

2044 4779 2262 4825 πτοντα,
2309 4764 2445 4832 μήτε
2505 4761 2814 4831 ὑϐρίζοντα,
2864 4762 2999 4831 μήτε
3050 4760 3418 4828 ἀντιλέγοντα,
3477 4757 3615 4811 ἀλλά

2042 4851 2135 4906 καὶ
2163 4848 2331 4921 μέθης
2364 4847 2668 4918 κρατοῦντα
2707 4849 2797 4902 καὶ
2823 4848 2929 4901 τῶν
2964 4847 3138 4902 ἄλλων
3176 4846 3452 4909 ἁπάντων,
3477 4845 3614 4897 καθ-

2043 4942 2240 5010 ἡμενον
2287 4937 2344 4989 δὲ
2396 4936 2683 4999 διαπαντὸς
2730 4936 2920 5006 ἀργὸν,
2963 4935 3055 4988 καὶ
3108 4932 3413 4987 οὐδὲν-τῶν
3465 4933 3616 5000 ὀφει-

2041 5026 2238 5077 λόντων
2269 5022 2419 5093 παρά
2450 5024 2658 5076 οίκέτου
2691 5023 2929 5093 δεσπότῃ
2976 5021 3313 5091 πληροῦσθαι
3339 5017 3616 5077 ποιοῦντα,

2043 5113 2104 5166 ού
2152 5115 2537 5182 μαστιγώσεις,
2576 5112 2636 5162 ού
2668 5109 3025 5180 στρεϐλώσας
3055 5108 3248 5170 αὐτόν;
3274 5106 3403 5167 Ναὶ,
3439 5103 3614 5172 φησί’

2043 5202 2135 5253 καὶ
2161 5200 2263 5271 μὴν
2303 5200 2453 5252 οὐδὲν
2492 5199 2783 5269 εἰργάσατο
2811 5197 2998 5249 κακόν.
3028 5195 3166 5247 Αύτὸ
3199 5193 3297 5262 μὲν
3345 5188 3437 5244 οὖν
3459 5190 3624 5244 τοῦτό

2044 5288 2154 5341 ἐστι
2180 5287 2367 5339 κακόν.
2399 5285 2559 5348 Ἀλλ’,
2582 5287 2630 5335 εἰ
2650 5284 2814 5345 δοκεῖ,
2836 5284 3129 5350 ἀγάγωμεν
3151 5279 3246 5332 καὶ
3268 5280 3360 5331 ἐπὶ
3386 5278 3477 5330 τὸν
3501 5276 3616 5331 λοι-

2044 5375 2142 5426 πον
2168 5372 2278 5441 βίον
2308 5372 2391 5423 τὸν
2414 5370 2589 5436 λόγον.
2610 5371 2789 5420 Ἔστω
2811 5385 2893 5427 τις
2915 5366 3177 5434 γεωργός,
3203 5365 3295 5418 καὶ
3330 5364 3492 5434 μηδὲν
3523 5362 3618 5415 λυ-

2041 5458 2310 5529 μαινέσθω
2331 5457 2483 5524 τοῖςή
2500 5455 2621 5521 μετέ
2631 5471 2743 5524 ροις
2767 5454 3089 5520 ὑπάρχουσι,
3116 5451 3249 5520 μήτε
3283 5448 3619 5506 ἐπιϐουλευέ,

2038 5565 2132 5609 τω,
2151 5553 2284 5615 μήτε
2318 5544 2616 5605 κλεπτέτω,
2636 5542 2793 5609 μόνον
2807 5540 2975 5601 δὲτὰς
3007 5539 3171 5591 αὑτοῦ
3210 5542 3399 5609 χεῖρας
3425 5538 3619 5602 δήσας,

2039 5634 2175 5685 οἷ’κοι
2198 5629 2509 5692 καθεζέοθω
2530 5629 2664 5697 μήτε
2697 5627 2951 5697 σπείρων,
2979 5627 3113 5698 μήτε
3147 5625 3359 5676 αὔλακα
3385 5623 3623 5688 τέμνων,

2046 5720 2181 5788 μήτε
2242 5717 2365 5784 βοῦς
2403 5715 2765 5780 ὑποζευγνῦς,
2810 5716 2943 5785 μήτε
2988 5713 3227 5783 ἄμπελον
3282 5705 3624 5775 θεραπεύων,

2048 5811 2181 5876 μήτε
2214 5808 2338 5861 ἄλλο
2362 5823 2412 5858 τι
2439 5806 2544 5857 τῶν
2579 5822 2641 5857 πε
2655 5806 2705 5872 ρὶ
2736 5807 2831 5872 τὴν
2850 5807 2949 5873 γῆν
2985 5806 3158 5859 πονῶν
3181 5822 3193 5833 ·
3235 5798 3343 5868 ἆρα
3383 5797 3441 5849 οὗ
3468 5795 3632 5851 κολά-
