4218 6266
462 259 556 312 fl“:
1339 253 1402 307 ΙΝ
1443 252 1658 308 EPIST.
1702 253 1792 306 AD
1832 251 2069 308 EPIIES.
2113 251 2263 306 CAP.
2311 251 2396 306 IV.
2442 253 2664 308 llOMlL.
2709 255 2845 310 XVI.

454 348 688 414 furetur,
716 347 892 402 solum
923 353 1099 400 autem
1129 344 1320 398 vmetis
1348 345 1589 398 manibus
1615 344 1760 397 domi
1799 343 2017 411 sedeat,

457 453 630 508 neque
675 439 965 502 seminans,
1005 449 1176 505 neque
1211 435 1414 488 sulcum
1453 434 1821 503 proscindens,
1851 449 2022 502 neque

456 529 619 583 boves
657 529 903 598 jungens,
945 541 1115 595 neque
1157 525 1318 579 vitem
1357 524 1560 589 colens,
1601 538 1772 592 neque
1808 523 2022 593 aliquod

453 619 592 672 aliud
623 635 754 688 opus
777 618 973 672 faciens
994 618 1046 671 in
1070 625 1208 671 terra
1234 615 1456 670 colenda
1481 633 1494 669 :
1517 631 1691 670 annon
1715 631 1836 670 eum
1861 617 2023 670 casti-

453 710 732 779 gabimus?
770 709 928 777 Atqui
958 709 1154 762 nullam
1186 706 1310 761 fecit
1338 706 1584 774 injuriam
1606 748 1619 770 ,
1655 722 1825 776 neque
1854 706 2022 760 babe-

456 815 570 854 iaus
616 799 816 852 crimen
861 799 1012 867 cujus
1049 813 1171 852 eum
1211 810 1530 866 arguamus;
1571 796 1664 851 sed
1702 797 1745 851 is
1776 796 1877 850 hoc
1908 798 2023 866 ipso

459 891 578 944 facit
613 889 858 957 injuriam
889 905 902 941 :
935 903 1056 941 nam
1082 887 1350 942 communi
1377 887 1564 940 rationi
1592 885 1716 941 facit
1743 887 2020 957 injuriam,

459 992 511 1035 ut
537 982 622 1052 qui
644 996 794 1036 suum
819 995 1010 1033 munus
1033 994 1138 1032 non
1163 979 1418 1033 conferat.
1451 978 1586 1045 Quid
1609 994 1755 1042 vero,
1784 979 1828 1032 si
1857 994 2022 1032 unus-

457 1074 674 1142 quisque
726 1088 790 1126 ex
837 1071 1114 1140 opificibus
1160 1079 1214 1124 et
1258 1069 1548 1123 artificibus
1593 1069 1786 1123 nemini
1835 1079 2024 1124 noceat

459 1180 626 1233 neque
652 1179 716 1217 ex
745 1163 808 1216 iis
832 1162 921 1232 qui
951 1171 1076 1215 sunt
1103 1161 1356 1226 alterius,
1388 1175 1560 1229 neque
1590 1175 1655 1214 ex
1685 1161 1750 1214 iis
1779 1161 1868 1230 qui
1900 1169 2025 1214 sunt

458 1254 694 1320 ejusdem
734 1251 895 1316 artis,
932 1249 1104 1304 solum
1144 1258 1319 1304 autem
1365 1249 1434 1302 sit
1466 1250 1669 1303 otiosus
1703 1267 1714 1301 :
1745 1265 1919 1302 annon
1947 1249 2024 1303 sic

461 1343 613 1396 nobis
647 1351 753 1394 tota
784 1340 887 1392 vita
920 1339 1054 1408 perit
1076 1348 1128 1392 et
1154 1337 1370 1394 interit?
1410 1337 1500 1392 Vis
1538 1339 1698 1392 etiam
1729 1341 2021 1393 orationem

457 1431 783 1486 deducamus
810 1429 861 1482 in
891 1429 1118 1496 corpus?
1146 1428 1330 1481 Manus
1359 1441 1486 1496 ergo
1510 1437 1669 1496 caput
1700 1443 1802 1480 non
1833 1426 2020 1494 feriat,

459 1535 633 1590 neque
654 1521 885 1588 linguam
912 1517 1204 1582 exsciudat,
1228 1532 1398 1586 neque
1425 1517 1632 1571 oculum
1661 1515 1894 1582 effodiat,
1927 1532 2022 1571 ne-

457 1627 563 1682 que
603 1609 797 1680 aliquid
836 1609 977 1663 aliud
1018 1609 1121 1663 tale
1166 1609 1361 1661 malum
1400 1606 1577 1673 faciat,
1605 1607 1777 1661 solum
1811 1615 2026 1661 maneat

455 1703 622 1757 otiosa
652 1710 704 1754 et
733 1715 885 1754 suum
911 1713 1102 1754 munus
1131 1698 1227 1752 tati
1257 1697 1467 1768 corpori
1496 1711 1600 1752 non
1631 1698 1848 1766 impleat
1878 1717 1892 1752 :
1923 1712 2023 1752 an-

456 1809 560 1847 non
580 1801 793 1862 praestat
812 1807 930 1847 eam
952 1790 1214 1856 exscindi,
1237 1805 1392 1859 quam
1415 1789 1755 1845 circumferre
1771 1791 2020 1857 otiosam,

454 1895 506 1940 et
532 1886 626 1939 toti
654 1884 864 1954 corpori
887 1883 1178 1954 perniciem
1199 1882 1543 1937 all‘erentem?
1567 1882 1703 1948 Quid
1725 1898 1876 1950 vero,
1898 1884 1942 1936 si
1965 1897 2026 1936 os

457 1989 666 2029 manum
698 1990 803 2028 non
831 1973 1044 2038 exedat,
1077 1987 1248 2041 neque
1275 1981 1460 2042 pectus
1489 1972 1870 2049 mordeat‘sed
1905 1988 2026 2041 quae

455 2075 578 2118 sunt
606 2064 674 2117 ab
704 2065 821 2133 ipso
845 2061 1086 2116 facienda
1113 2061 1291 2115 omnia
1321 2063 1717 2128 praitermittat;
1745 2077 1922 2115 annon
1942 2077 2029 2116 es-

453 2163 536 2209 set
557 2155 724 2208 satius
741 2155 914 2222 ipsum
935 2167 1054 2207 esse
1068 2152 1430 2206 obstructum?
1449 2151 1507 2206 Si
1527 2166 1652 2222 ergo
1671 2152 1796 2208 etin
1819 2153 2030 2208 famulis

454 2254 506 2299 et
538 2244 590 2296 in
622 2242 900 2311 opificibus
929 2249 982 2296 et
1009 2241 1060 2294 iu
1093 2249 1204 2294 toto
1227 2253 1451 2308 corpore
1477 2255 1664 2310 magna
1692 2249 1776 2297 est
1803 2242 1990 2311 injuria
2011 2282 2024 2306 ,

456 2349 559 2388 non
604 2335 776 2387 solum
814 2331 1012 2400 aliquid
1054 2330 1175 2385 mali
1214 2331 1423 2397 fecisse,
1455 2331 1548 2385 sed
1589 2332 1744 2386 etiam
1785 2332 1838 2386 in
1879 2332 2029 2388 bonis

456 2424 740 2490 defecisse,
773 2425 942 2478 multo
967 2424 1132 2492 magis
1164 2421 1264 2476 hoc
1295 2422 1449 2476 fuerit
1479 2421 1530 2476 in
1557 2437 1779 2492 corpore
1805 2422 2023 2478 Christi.

525 2513 580 2566 2.
611 2513 896 2582 Propterea
926 2512 1112 2566 beatus
1137 2525 1346 2580 quoque
1370 2510 1562 2564 Paulus
1585 2525 1682 2566 nos
1702 2511 1969 2567 abducens
1995 2529 2026 2568 a

459 2604 585 2659 vitio
611 2614 662 2659 et
684 2603 1040 2673 improbitate,
1067 2602 1278 2656 deducit
1308 2601 1374 2656 ad
1401 2603 1668 2656 virtutem.
1691 2602 1826 2670 Quid
1858 2603 2021 2667 enim,

458 2694 760 2764 dic,qn:cso,
784 2694 932 2763 juvat
952 2692 1092 2762 quod
1121 2707 1307 2749 omnes
1329 2693 1495 2762 spina:
1521 2693 1626 2747 sint
1651 2703 1956 2762 amputatai.
1980 2694 2025 2747 si

462 2799 562 2838 non
586 2785 692 2838 sint
712 2798 891 2852 sparsa
913 2783 1048 2838 bona
1070 2782 1306 2837 semina?
1332 2781 1412 2836 Ad
1439 2781 1578 2836 idem
1603 2784 1743 2836 enim
1771 2782 2022 2837 damnum

460 2889 644 2928 rursus
687 2873 880 2928 redibit
917 2873 1086 2940 labor,
1114 2871 1160 2926 si
1189 2872 1446 2926 manserit
1485 2872 1846 2942 imperfectus.
1892 2873 2024 2927 Pro-

462 2976 643 3033 pterea
686 2964 879 3018 Paulus
916 2977 1127 3033 quoque
1171 2964 1338 3017 nostri
1367 2976 1546 3017 curam
1581 2978 1791 3032 gerens,
1822 2977 1929 3018 non
1957 2963 2024 3018 ad

464 3055 727 3108 malorum
766 3069 932 3124 usque
974 3055 1387 3122 amputationem
1430 3063 1485 3108 et
1527 3054 1847 3109 oblationem
1886 3054 2026 3110 sistit

463 3155 743 3215 prmcepta,
775 3145 867 3199 sed
912 3145 1068 3200 etiam
1109 3143 1353 3198 hortatur
1396 3153 1452 3198 ut
1494 3144 1600 3198 cito
1638 3145 1727 3197 fiat
1764 3145 2024 3200 bonorum

465 3236 732 3303 plantatio.
764 3233 894 3288 Nam
924 3248 1043 3288 cum
1071 3233 1328 3298 dixisset,
1361 3232 1537 3286 Omnis
1562 3235 1849 3288 amaritudo
1874 3243 1924 3290 et
1948 3235 2027 3288 ira

463 3332 506 3377 et
530 3323 812 3393 indignatio
844 3333 890 3377 et
929 3324 1122 3376 clamor
1145 3333 1189 3375 et
1218 3321 1526 3391 blasphemia
1563 3323 1770 3377 tollatur
1797 3341 1827 3376 a
1854 3325 1988 3378 vobis
2006 3367 2022 3392 ,

462 3430 571 3466 cum
617 3415 752 3466 omni
791 3413 1023 3476 malitia;
1068 3412 1371 3481 subjunxit,
1417 3412 1585 3467 Estole
1621 3423 1785 3467 autem
1818 3415 2027 3469 invicem

464 3502 680 3574 benigni,
709 3503 1076 3568 misericordes,
1111 3503 1351 3556 donantes
1383 3502 1612 3558 invicem.
1649 3503 1708 3557 Hi
1737 3506 1876 3558 enim
1904 3516 2027 3559 sunt

464 3592 671 3647 habitus
697 3603 750 3647 et
776 3591 1101 3647 affectiones.
1131 3591 1237 3646 Nec
1258 3592 1455 3647 sufficit
1483 3593 1550 3648 ab
1573 3594 1740 3647 altero
1762 3609 2022 3659 recessus,

464 3693 521 3738 ut
559 3683 716 3738 nobis
753 3683 971 3736 alterius
1009 3683 1242 3736 habitum
1283 3698 1466 3736 rursus
1491 3686 1901 3748 constituamus;
1933 3685 2024 3738 sed

419 3769 424 3772 ’
462 3791 652 3830 rursus
683 3789 816 3843 Opus
840 3783 921 3829 est
945 3773 1170 3842 quodam
1198 3783 1366 3840 motu,
1397 3784 1452 3828 et
1483 3789 1585 3827 non
1615 3773 1805 3827 minori
1833 3773 2025 3828 alacri-

461 3877 574 3921 tate
617 3882 776 3935 quam
821 3865 873 3919 in
916 3864 1175 3935 fugiendis
1202 3865 1374 3931 malis,
1408 3875 1464 3919 ut
1495 3867 1544 3919 in
1576 3865 1832 3919 bonorum
1862 3867 2026 3920 simus

461 3959 825 4028 possessione.
859 3956 1066 4010 Etenim
1096 3957 1145 4010 in
1175 3971 1419 4026 corpore,
1452 3955 1494 4010 si
1534 3957 1682 4026 niger
1709 3957 1862 4010 fuerit
1892 3956 2025 4010 libe-

460 4059 611 4102 ratus
636 4047 704 4100 ab
729 4046 828 4101 hac
854 4046 1123 4116 qualitate,
1155 4061 1258 4100 non
1283 4047 1525 4115 protinus
1548 4045 1714 4100 factus
1742 4055 1825 4100 est
1850 4046 2019 4099 albus.

463 4138 573 4190 lmo
591 4152 718 4191 vero
739 4153 842 4190 non
867 4137 917 4191 in
940 4136 1264 4189 naturalibus
1286 4135 1336 4189 id
1359 4136 1498 4205 quod
1526 4136 1714 4190 dicitur
1742 4137 2023 4205 agitemus,

463 4229 554 4282 sed
605 4227 906 4297 exemplum
946 4227 1272 4281 adducamus
1298 4225 1349 4280 in
1379 4227 1443 4280 iis
1467 4242 1584 4296 qua:
1614 4226 1744 4280 fiunt
1771 4241 1834 4281 ex
1863 4227 2026 4280 animi

461 4321 704 4376 instituto
729 4329 782 4373 et
809 4320 975 4374 libero
994 4319 1213 4374 arbitrio
1237 4336 1251 4373 :
1275 4319 1364 4388 qui
1392 4333 1494 4373 non
1521 4329 1601 4373 est
1628 4320 1893 4383 inimicus,
1921 4336 2025 4374 non

461 4418 543 4463 est
566 4409 784 4462 omnino
810 4409 1033 4474 amicus,
1051 4409 1144 4463 sed
1165 4419 1247 4463 est
1270 4409 1466 4477 aliquid
1493 4409 1743 4473 medium,
1767 4410 1905 4479 quod
1930 4426 2027 4464 nec

464 4499 858 4553 inimicitiarum
897 4514 1068 4567 neque
1111 4501 1376 4563 amicitiae,
1415 4501 1465 4554 in
1506 4515 1611 4570 quo
1651 4502 1878 4554 maxime
1905 4510 2028 4555 sunt

463 4590 643 4657 plures
671 4588 809 4656 apud
837 4603 936 4642 nos
960 4587 1223 4642 homines.
1269 4590 1370 4655 Qui
1399 4605 1503 4643 non
1535 4590 1854 4660 lacrymatur
1874 4631 1888 4654 ,
1923 4607 2025 4644 non

459 4678 622 4732 etiam
660 4677 879 4731 omnino
925 4677 1080 4745 ridet,
1111 4679 1204 4733 sed
1241 4690 1323 4735 est
1357 4679 1560 4734 medius
1598 4689 1788 4736 status.
1829 4681 1902 4734 lta
1945 4681 2028 4735 hic

459 4783 674 4838 quoque
700 4785 714 4822 :
747 4769 836 4838 qui
859 4784 963 4822 non
992 4781 1071 4823 est
1095 4785 1328 4836 amarus,
1352 4785 1456 4824 non
1483 4780 1653 4825 tamen
1683 4780 1765 4825 est
1791 4773 1956 4825 comis
1976 4781 2030 4826 et

457 4859 756 4927 benignus;
785 4873 956 4928 neque
983 4858 1072 4927 qui
1101 4873 1205 4914 non
1233 4869 1314 4912 est
1335 4860 1616 4914 iracundus
1639 4902 1653 4926 ,
1698 4871 1779 4916 est
1808 4862 1949 4915 milis
1976 4871 2030 4915 et

460 4947 767 5002 misericors
799 4964 814 5001 :
847 4948 940 5002 sed
970 4949 1075 5002 alio
1102 4965 1284 5004 rursus
1313 4949 1488 5004 studio
1513 4965 1644 5019 Opus
1669 4959 1751 5005 est
1770 4993 1784 5016 ,
1827 4961 1883 5005 ut
1927 4951 2028 5006 hoc

458 5038 655 5091 bonum
683 5040 1040 5108 acquiramus.

533 5127 707 5183 Virtus
727 5131 1010 5194 inserenda,
1035 5132 1154 5184 vilia
1173 5132 1451 5185 avellendo.
1478 5130 1614 5184 Ultio
1636 5147 1768 5195 vera,
1787 5133 1912 5184 bona
1936 5148 2026 5201 pro

459 5219 607 5273 malis
646 5221 938 5289 rependere.
970 5251 1041 5260 —
1069 5221 1201 5274 Vide
1236 5233 1412 5275 autem
1453 5235 1609 5290 quam
1647 5221 2029 5274 cunveuieuter

463 5311 558 5379 legi
599 5311 814 5380 optimae
853 5312 1187 5379 agriculturae
1228 5313 1415 5367 beatus
1456 5313 1648 5366 Paulus
1693 5320 1886 5367 terram
1928 5313 2028 5365 sibi

464 5401 715 5453 creditam
746 5400 813 5453 ab
853 5401 1104 5470 agricola,
1135 5412 1388 5472 expurgat
1413 5411 1467 5456 et
1492 5411 1760 5471 operatur.
1808 5401 2026 5456 Sustulit

466 5492 664 5543 semina
693 5490 1014 5556 adulterina,
1045 5492 1109 5546 de
1130 5503 1323 5548 caetero
1350 5505 1500 5564 rogat
1526 5504 1581 5549 ut
1603 5510 1754 5549 veras
1781 5504 1834 5549 et
1858 5495 2030 5549 since—

464 5597 541 5634 ras
585 5584 801 5652 plantas
846 5589 1023 5635 teneat
1053 5602 1064 5636 :
1097 5583 1282 5651 Estote,
1323 5587 1505 5654 inquit,
1551 5587 1766 5656 benigni.
1810 5585 1938 5639 Nam
1979 5585 2025 5640 si

3598 264 3697 318 lli

2129 344 2296 412 spinis
2326 347 2522 399 evulsis
2547 357 2684 401 terra
2718 357 2923 402 mam-al
2951 350 3117 404 otiosa
3141 391 3154 411 .
3198 353 3324 406 feret
3359 369 3542 410 rursus
3573 357 3697 410 ber-

2129 433 2224 488 bas
2278 435 2509 490 inutiles.
2563 437 2916 503 Quamobrem
2969 441 3082 508 ejus
3132 443 3283 511 quies
3317 453 3373 497 et
3411 445 3574 497 otium
3615 455 3699 499 est

2127 527 2603 594 prmoccupandum
2658 528 2918 582 bonorum
2971 532 3232 585 seminum
3288 540 3342 586 et
3395 534 3694 602 plantarum

2125 615 2442 683 dejectione.
2475 617 2698 672 Sustulit
2724 619 2873 683 iram,
2909 622 3079 688 posuit
3108 622 3483 690 benignitatem
3516 639 3529 674 :
3563 637 3686 675 sus-

2127 707 2243 760 tulit
2287 709 2714 776 amaritudinem,
2751 712 2926 777 posuit
2965 712 3381 766 misericordiam
3411 732 3423 765 :
3455 715 3694 767 exsecuit

2128 797 2309 850 vitium
2354 807 2407 851 et
2447 799 2850 866 blasphemiam,
2877 801 3132 869 plantavit
3157 804 3361 858 veniam
3388 821 3400 856 :
3427 802 3524 857 hoc
3551 804 3691 856 enim

2126 897 2208 942 est
2247 888 2395 952 illud,
2431 889 2687 944 Donantes
2725 891 2951 944 invicem.
2983 892 3186 959 Estote,
3223 895 3412 963 inquit,
3447 896 3695 964 propensi

2127 980 2192 1033 ad
2220 981 2619 1048 ignoscendum.
2669 982 2792 1036 lla-c
2829 998 2971 1036 emm
3013 986 3176 1054 gratia
3217 995 3300 1040 est
3342 987 3511 1054 major
3539 1001 3694 1054 quam

2127 1085 2244 1138 qua:
2265 1079 2347 1123 est
2374 1071 2423 1122 in
2454 1071 2707 1140 pecuniis.
2731 1071 2860 1125 Nam
2885 1073 2971 1142 qui
3005 1074 3223 1127 remittit
3248 1077 3496 1144 pecunias
3515 1077 3585 1141 ei,
3607 1077 3695 1145 qui

2127 1159 2193 1213 ab
2228 1159 2342 1228 ipso
2368 1161 2573 1228 accepit
2600 1159 2786 1215 fmuori
2809 1203 2822 1222 ,
2853 1161 3048 1214 bonum
3088 1162 3297 1231 quidem
3331 1163 3454 1216 facit
3479 1179 3612 1232 opus
3642 1175 3697 1218 et

2126 1249 2468 1314 admirabile;
2514 1251 2608 1306 scd
2649 1252 2890 1320 pervenit
2927 1252 2992 1305 ad
3039 1267 3230 1321 corpus
3280 1269 3446 1321 usque
3488 1255 3693 1322 gratia,

2127 1341 2334 1394 etiamsi
2358 1342 2458 1395 sibi
2486 1341 2661 1397 reddit
2689 1343 3171 1398 remunerationem
3197 1344 3247 1396 in
3275 1343 3430 1397 donis
3450 1343 3696 1411 spiritua-

2129 1431 2270 1485 libus
2296 1439 2352 1486 et
2378 1447 2496 1499 qua:
2525 1440 2768 1501 spectant
2795 1434 3024 1486 animam
3057 1450 3070 1485 :
3108 1433 3194 1502 qui
3223 1440 3400 1487 autem
3431 1433 3698 1486 condonat

2129 1531 2366 1590 peccata,
2396 1529 2450 1575 et
2477 1536 2628 1575 suam
2651 1521 2799 1589 juvat
2827 1523 3080 1587 animam,
3111 1533 3164 1576 et
3196 1523 3334 1576 illius
3361 1523 3450 1591 qui
3485 1523 3694 1576 veniam

2128 1619 2210 1664 est
2234 1618 2553 1680 assequutus
2583 1629 2595 1662 :
2626 1610 2726 1664 hoc
2755 1611 2895 1664 enim
2926 1611 3084 1665 modo
3111 1627 3215 1665 non
3244 1611 3416 1669 solum
3439 1616 3693 1679 seipsum,

2129 1701 2223 1756 sed
2250 1702 2395 1756 illum
2423 1716 2633 1771 quoque
2658 1701 2780 1756 facit
2801 1703 3061 1756 mitiorem
3081 1713 3134 1758 et
3154 1704 3554 1758 modestiorem.
3578 1702 3694 1757 Non

2129 1798 2272 1851 enim
2308 1797 2376 1849 ita
2404 1810 2496 1849 eos
2519 1796 2606 1864 qui
2639 1795 2882 1864 injuriam
2927 1796 3166 1850 fecerunt
3207 1805 3608 1865 persequentes,
3637 1804 3697 1848 ut

2129 1888 2208 1942 eis
2233 1888 2614 1951 condonantes,
2640 1902 2822 1941 eorum
2856 1887 3160 1941 mordemus
3185 1887 3413 1952 animos,
3441 1887 3695 1955 pudorem

2131 1976 2466 2032 incutientes.
2495 1975 2625 2030 Nam
2653 1976 2744 2030 illo
2763 1976 2973 2046 quidem
3001 1975 3158 2029 modo
3187 1989 3357 2044 neque
3387 1975 3539 2028 nobis
3571 1973 3698 2042 ipsis

2129 2080 2302 2136 neque
2329 2065 2435 2118 illis
2461 2079 2778 2135 prosumus,
2814 2064 2908 2120 sed
2950 2065 3188 2132 utrisque
3222 2064 3493 2126 obsumus,
3528 2061 3698 2131 utqui

2131 2173 2237 2214 non
2264 2171 2420 2210 secus
2444 2166 2603 2225 atque
2638 2155 2944 2210 Juda‘orum
2977 2156 3244 2224 principes
3267 2195 3280 2217 ,
3320 2169 3700 2223 persequamur

2133 2250 2640 2315 remunerationem,
2679 2255 2734 2301 et
2775 2245 2828 2300 in
2870 2247 2973 2300 illis
3014 2248 3146 2299 iram
3187 2249 3537 2302 accendamus
3571 2261 3583 2296 :
3615 2245 3697 2297 sin

2133 2349 2308 2393 autem
2355 2339 2571 2392 lenitate
2612 2347 2667 2393 et
2709 2337 2991 2393 clementia
3038 2336 3390 2404 rependanms
3428 2334 3693 2402 injuriam,

2132 2431 2303 2487 soluta
2325 2431 2467 2482 omni
2495 2429 2610 2498 ejus
2631 2429 2728 2492 ira,
2756 2427 2894 2496 apud
2917 2428 3088 2495 ipsum
3111 2426 3295 2480 sedere
3319 2425 3540 2478 fecimus
3561 2423 3697 2491 judi-

2132 2527 2296 2589 cium,
2329 2537 2425 2592 pro
2457 2522 2610 2576 nobis
2636 2520 2814 2574 ferens
2841 2519 3182 2580 sententiam,
3207 2525 3260 2570 et
3285 2517 3496 2585 gravius
3527 2516 3696 2582 ip-um

2132 2627 2291 2682 quam
2322 2625 2417 2664 nos
2445 2610 2827 2664 condemnans.
2855 2608 3100 2676 Seipsum
3127 2607 3270 2660 enim
3299 2605 3695 2667 condenmabit,

2129 2709 2187 2756 et
2214 2714 2426 2753 omnem
2455 2707 2657 2768 quairet
2681 2696 3034 2758 occasionem,
3063 2710 3155 2762 per
3179 2709 3332 2763 quam
3361 2709 3480 2747 cum
3511 2691 3698 2759 majori

2135 2805 2382 2845 mensura
2407 2789 2592 2844 reddet
2613 2788 2844 2843 lenitatis
2867 2795 2922 2842 et
2948 2787 3216 2855 patientiae
3239 2795 3444 2854 partem
3463 2801 3580 2854 qua:
3600 2783 3698 2837 fuit

2134 2883 2234 2937 sibi
2261 2882 2380 2934 data
2409 2881 2598 2936 femori
2630 2897 2643 2934 :
2671 2888 2728 2932 ut
2763 2878 2853 2950 qui
2893 2878 3026 2931 sciat
3061 2876 3222 2945 quod,
3265 2877 3310 2931 si
3355 2891 3450 2945 par
3486 2875 3697 2945 quidem

2134 2971 2456 3036 reddiderit,
2495 2983 2560 3023 eo
2604 2978 2778 3022 tamen
2806 2977 2886 3022 est
2913 2967 3130 3021 inferior
3151 2966 3288 3036 quod
3315 2980 3418 3020 non
3452 2966 3563 3035 ipse
3585 2979 3701 3020 cm-

2132 3064 2289 3133 pcrit,
2321 3063 2412 3116 sed
2439 3075 2501 3114 eo
2536 3059 2676 3128 quod
2717 3058 3016 3126 exemplum
3046 3073 3076 3111 a
3103 3058 3254 3112 nobis
3283 3058 3566 3126 acceperit,
3601 3057 3700 3108 mi-

2135 3167 2234 3208 nus
2275 3151 2474 3206 ferens.
2521 3149 2763 3204 Studium
2793 3162 2920 3217 ergo
2946 3156 3105 3215 ponet
3145 3155 3203 3200 ut
3242 3147 3443 3202 semina
3486 3155 3702 3214 superet

2133 3255 2402 3304 mensura,
2432 3249 2491 3293 ut
2527 3239 2903 3293 detrimentum
2945 3237 3083 3306 quod
3125 3237 3318 3306 petitur
3352 3252 3414 3290 ex
3457 3252 3523 3291 eo
3557 3236 3698 3304 quod

2133 3329 2398 3385 secundus
2427 3332 2632 3382 venerit
2658 3327 2723 3380 ad
2753 3327 3267 3391 remunerationem,
3299 3327 3446 3379 tollat
3471 3341 3700 3393 exsupe-

2133 3418 2339 3472 ratione
2369 3413 2811 3470 remunerationis
2832 3455 2846 3478 ,
2879 3425 2932 3468 et
2960 3413 3098 3481 quod
3128 3429 3195 3466 cx
3234 3421 3471 3481 tempore
3507 3413 3698 3466 factum

2132 3517 2217 3564 ost
2243 3506 2624 3561 detrimentum
2656 3504 2770 3573 ejus
2808 3503 2897 3572 qui
2939 3503 3084 3573 prius
3121 3503 3258 3557 male
3300 3516 3484 3570 passus
3511 3511 3612 3568 est,
3647 3502 3699 3555 id

2130 3612 2414 3653 commune
2441 3597 2598 3650 faciat
2621 3611 2682 3650 ex
2711 3610 2914 3649 summa
2937 3595 3151 3649 lenitate
3172 3606 3224 3650 et
3243 3595 3542 3650 clementia.
3568 3594 3698 3648 Nam

2135 3690 2396 3752 homines,
2421 3685 2631 3756 quando
2650 3697 2772 3740 sunt
2790 3686 2923 3756 grati
2945 3696 3000 3740 et
3019 3702 3281 3741 memores
3302 3685 3565 3751 beneficii,
3590 3700 3699 3740 non

2133 3788 2240 3833 tam
2279 3778 2630 3847 ingemiscant
2662 3777 2732 3831 ob
2760 3778 2918 3841 mala,
2948 3793 3103 3847 quam
3135 3778 3205 3832 ob
3233 3777 3367 3831 bona
3396 3794 3512 3846 qu:e
3541 3792 3696 3831 acce-

2133 3881 2323 3942 perunt
2351 3871 2418 3926 ab
2460 3871 2523 3926 iis
2562 3871 2648 3941 qui
2691 3880 2815 3925 sunt
2849 3870 3024 3924 affecti
3065 3871 3276 3938 injuria.
3319 3871 3528 3924 Etenim
3568 3870 3696 3924 illud

2133 3962 2362 4031 nequitia
2386 4003 2400 4026 ,
2442 3961 2542 4014 hoc
2584 3959 2873 4028 opprobrio
2902 3970 2954 4013 et
2984 3961 3090 4013 risu
3121 3961 3330 4028 plenum
3372 3970 3473 4023 est,
3502 3975 3621 4013 eum
3653 3960 3696 4013 is

2132 4052 2217 4120 qui
2250 4051 2559 4106 beneficium
2587 4050 2821 4118 accepit,
2853 4064 2957 4102 non
2989 4049 3250 4116 rependit.
3294 4048 3422 4100 Nam
3456 4049 3553 4101 hoc
3580 4050 3697 4116 qui-

2133 4142 2252 4196 dem
2284 4142 2441 4195 habet
2474 4141 2706 4195 laudem.
2735 4141 2974 4206 plausum
3004 4148 3058 4192 et
3086 4137 3600 4192 commendationem
3631 4140 3698 4192 ab

2132 4232 2378 4285 omnibus
2397 4272 2410 4293 ,
2439 4230 2577 4300 quod
2609 4230 2745 4282 male
2781 4242 2968 4296 passus
2994 4242 3088 4296 par
3115 4227 3220 4295 pari
3253 4241 3356 4280 non
3390 4227 3698 4283 reddiderit.

2133 4322 2356 4389 Propter
2388 4325 2488 4372 hoc
2510 4321 2738 4372 maxime
2769 4317 3098 4371 mordentur.
3132 4319 3506 4384 Quamobrem,
3540 4321 3581 4372 si
3610 4335 3701 4374 ve-

2134 4412 2199 4465 lis
2225 4410 2428 4475 ulcisci,
2461 4408 2558 4461 hoc
2582 4407 2739 4460 modo
2765 4407 3020 4460 ulciscere
3053 4423 3066 4457 :
3102 4408 3236 4458 mala
3269 4408 3497 4475 repende
3526 4410 3698 4474 bonis,

2136 4511 2193 4554 ut
2222 4515 2341 4554 eum
2373 4497 2562 4552 reddas
2586 4496 2901 4557 debitorem.
2925 4506 2972 4548 et
3003 4495 3299 4549 admirabili
3327 4498 3507 4548 vincas
3536 4498 3702 4551 victo-

2137 4590 2234 4643 ria.
2261 4588 2394 4642 Male
2416 4601 2599 4656 passus
2624 4585 2715 4639 es?
2736 4585 2877 4639 Bene
2899 4584 2979 4638 fac
3005 4603 3016 4638 :
3043 4586 3111 4638 ita
3135 4584 3402 4639 inimicum
3423 4585 3696 4640 ulciscere.

2135 4680 2267 4734 Nam
2316 4679 2359 4732 si
2411 4678 2554 4730 illum
2595 4676 2806 4746 quidem
2849 4676 3201 4746 persequaris,
3233 4691 3417 4730 omnes
3461 4687 3514 4730 et
3558 4685 3608 4730 te
3647 4685 3703 4730 et

2138 4772 2288 4826 illum
2332 4769 2575 4823 similiter
2605 4769 2945 4837 vituperant:
2977 4769 3058 4822 sin
3103 4777 3276 4822 autem
3325 4767 3498 4833 feras,
3546 4768 3700 4822 aliter

2138 4863 2228 4917 tibi
2269 4861 2480 4931 quidem
2526 4858 2846 4928 applaudent
2888 4867 2941 4913 et
2985 4868 3036 4912 te
3076 4858 3502 4922 admirabuntur,
3550 4857 3696 4910 illum

2135 4963 2309 5006 autem
2344 4949 2682 5004 accusabunt.

2207 5045 2256 5097 5.
2290 5042 2422 5109 Quid
2452 5051 2626 5094 autem
2656 5039 2824 5107 majus
2862 5037 2972 5091 ﬁeri
3002 5038 3232 5105 potuerit
3263 5035 3512 5100 inimico,
3541 5050 3702 5104 quam

2138 5133 2316 5187 videre
2360 5132 2630 5184 inimicum
2661 5141 2777 5181 esse
2810 5126 2862 5179 in
2901 5125 3249 5178 admiratione
3276 5123 3412 5192 apud
3439 5138 3624 5178 omnes
3651 5135 3703 5182 et

2137 5227 2182 5279 ei
2215 5221 2497 5292 applaudi?
2538 5219 2662 5289 quid
2703 5219 2916 5271 inimico
2942 5215 3181 5270 acerbius
3207 5257 3221 5279 ,
3257 5231 3412 5284 quam
3439 5217 3619 5272 videre
3643 5233 3702 5274 se

2137 5316 2332 5384 probro
2370 5320 2424 5365 et
2461 5309 2783 5365 contumelia
2811 5306 2946 5359 afﬁci
2974 5306 3039 5358 ab
3068 5305 3331 5371 omnibus,
3361 5307 3574 5361 vidente
3598 5308 3701 5361 ini-

2137 5406 2312 5459 mico?
2341 5403 2396 5458 Si
2420 5403 2587 5471 ipsum
2616 5397 2905 5458 ulciscaris,
2934 5405 2986 5449 et
3011 5395 3231 5450 fortasse
3252 5398 3540 5463 damnaris,
3566 5408 3618 5450 et
3647 5407 3703 5450 tu

2137 5495 2281 5548 solus
2302 5492 2572 5546 ulcisceris
2604 5508 2614 5541 :
2646 5491 2724 5541 sin
2753 5496 2926 5539 autem
2954 5487 3001 5540 ei
3025 5488 3284 5548 remittas,
3312 5502 3498 5541 omnes
3528 5501 3622 5554 pro
3653 5497 3704 5541 te

2139 5586 2312 5655 ipsum
2340 5583 2666 5636 ulciscuntur
2697 5596 2707 5629 :
2742 5576 2879 5644 quod
2922 5576 3132 5646 quidem
3180 5588 3259 5632 est
3297 5575 3506 5646 gravius
3547 5589 3702 5628 uuam
