4218 6266
481 245 577 300 IIS

468 354 662 423 στόμα,
708 351 899 404 ἐκεῖνοι
957 350 1264 420 σιγήσονται
1294 368 1307 380 ·
1343 351 1408 405 ἂν
1459 353 1517 406 δὲ
1568 356 1820 426 σιγήσῃς,
1850 355 2032 408 οὐκέτι

463 441 544 493 ἐνὶ
563 438 814 507 στόματι,
878 436 1015 489 ἀλλά
1063 438 1275 507 μυρίοις
1328 440 1441 501 τοῖς
1491 439 1601 491 τῶν
1637 440 1809 493 ἄλλων
1869 442 2030 494 σύτον

468 522 699 594 βάλλεις,
746 521 840 573 καὶ
887 519 1086 588 μᾶλλον
1119 519 1322 592 ἀμύνῃ.
1352 522 1460 574 Καὶ
1512 523 1595 574 σοὶ
1626 522 1724 593 μὲν
1755 520 2030 593 ὖὸρῑζοντι

471 609 649 662 πολλοὶ
690 608 783 661 καὶ
823 604 1149 674 ἐγκαλοῦσιν
1180 622 1194 635 ⁸
1237 606 1424 674 ἐροῦσι
1483 607 1594 678 γὰρ
1652 607 1747 661 τοῦ
1823 609 2029 672 πάθους

470 689 605 747 εἶναι
634 692 704 745 τά
725 692 972 762 ῥήματαο
1008 691 1137 744 ὅταν
1167 690 1225 743 δὲ
1255 692 1283 743 6
1309 692 1476 761 μηδὲν
1509 693 1836 763 ἠδικημένος
1858 694 2029 757 οὕτως

465 780 625 833 αὐτὸν
640 777 813 848 πλύνῃ
838 780 959 841 ταῖς
981 776 1194 847 ὕβρεσι,
1223 777 1345 830 τότε
1364 779 1596 848 μάλιστα
1619 781 1833 850 καθαρά
1850 783 2029 851 πάσης

466 867 693 936 ὑποψίας
722 868 757 935 ή
788 864 991 935 ἄμυνα.
1029 867 1199 919 Ὅταν
1221 865 1329 935 γάρ
1356 869 1403 919 οί
1434 868 1599 937 μηδὲν
1631 868 1890 930 παθόντες
1922 869 2030 920 δει-

469 950 572 1011 νὸν,
599 950 687 1003 διὰ
711 950 810 1019 τὴν
833 947 1141 1019 ὑπερϐολὴν
1165 948 1264 1018 τῆς
1292 949 1389 1018 σῆς
1412 950 1708 1012 ἐπιεικείας
1738 950 1810 1012 ὡς
1840 950 2029 1019 ἠδικη-

468 1032 617 1104 μένοι
648 1031 952 1099 συναλγῶσι
996 1031 1090 1083 καὶ
1132 1031 1529 1100 συμπάσχωσι,
1578 1032 1757 1102 πάσης
1795 1032 2028 1100 ὑποψίας

466 1114 677 1184 καθαρά
703 1111 844 1181 αὕτη
868 1114 901 1182 ή
926 1110 1161 1165 ἐκδικία.
1193 1111 1256 1163 Τί
1276 1107 1388 1175 οὖν,
1415 1112 1480 1165 ἂν
1500 1114 1687 1183 μηδεὶς
1718 1113 2021 1185 άμύνηταις

464 1196 645 1265 φησίν.
697 1196 810 1249 Οὐκ
838 1195 984 1248 ἐστιν
1014 1190 1150 1247 εἶναι
1178 1193 1413 1259 λιθίνους
1446 1197 1784 1266 ἀνθρώπους,
1817 1198 1890 1260 ώς
1909 1214 2028 1250 τοσ-

464 1275 629 1346 αύτην
677 1276 992 1344 φιλοσοφίαν
1040 1275 1278 1347 ὁρῶντας
1337 1278 1412 1348 μὴ
1454 1277 1768 1348 Θαυμάσαι·
1820 1279 1922 1332 κᾶν
1954 1278 2028 1351 μὴ

464 1358 585 1412 τότε
621 1357 920 1430 ἀμύνωσιν,
951 1356 1173 1430 ὕστερον
1208 1360 1356 1430 ὅμως
1403 1362 1461 1414 ἐν
1500 1363 1831 1415 καταστάσει
1878 1363 2027 1429 γενό-

470 1457 641 1511 μενοι,
679 1440 837 1492 τοῦτο
875 1441 1217 1510 ἐργάσονται,
1274 1440 1617 1506 σκώπτοντες
1673 1446 1879 1496 ἐκεῖνον
1933 1443 2027 1496 καὶ

466 1521 847 1590 λοιδοροῦντες.
882 1522 997 1576 Κᾶν
1031 1523 1215 1592 ἔτερος
1240 1523 1297 1576 δὲ
1330 1524 1517 1592 μηδεὶς
1551 1524 1828 1596 θαυμάσῃ,
1863 1526 2026 1587 αὐτός

468 1619 528 1656 σε
567 1605 768 1664 ἐκεῖνος
800 1603 1016 1665 πάντως
1066 1604 1447 1674 θαυμάσεται,
1502 1605 1606 1659 κᾶν
1643 1606 1717 1676 μὴ
1769 1607 1923 1677 λέγῃ.
1961 1606 2025 1658 Ἦ

465 1684 573 1754 γὰρ
606 1684 696 1736 τοῦ
725 1683 888 1736 καλοῦ
922 1685 1102 1754 κρίσις
1122 1688 1257 1754 ἡμῖν
1275 1725 1289 1750 ,
1322 1688 1425 1748 κᾶν
1451 1691 1528 1751 εἰς
1552 1689 1682 1742 αὐτὸ
1713 1690 1809 1760 τῆς
1829 1690 2026 1751 κακίας

465 1765 524 1818 τὸ
552 1765 820 1835 βάραθρον
845 1766 1106 1835 ἔλθωμεν,
1135 1768 1429 1833 ἀδέκαστος
1454 1770 1811 1841 καθέστηκεν,
1832 1773 1893 1835 οὐ
1922 1790 2028 1824 πα-

466 1847 846 1918 ρακλινομένη.
894 1851 964 1900 Ἢ
994 1849 1084 1903 διὰ
1129 1850 1181 1902 τί
1215 1851 1308 1904 τὸν
1359 1852 1563 1922 Κύριον
1603 1855 1760 1924 ήμῶν
1803 1854 1903 1907 οἴει
1936 1856 2027 1906 τὸν

463 1930 694 2003 Χριστὸν
720 1930 891 1983 ταῦτα
912 1931 1113 1998 λέγειν,
1157 1933 1297 1986 Ἐάν
1326 1934 1418 2000 τίς
1449 1951 1523 1988 σε
1545 1937 1778 2005 ῥαπίσῃ
1801 1941 1887 2003 εις
1914 1936 2028 2003 τὴν

459 2012 667 2075 δεξιὰν
699 2014 975 2079 σιαγόνα,
1008 2014 1280 2081 στρέψον
1308 2013 1470 2079 αὐτῷ
1493 2018 1592 2069 καὶ
1640 2018 1756 2084 τὴν
1787 2019 2026 2085 ἇλλην;

458 2094 559 2146 οὐκ
588 2095 778 2163 ἐπειδὴ
804 2096 913 2162 ὅσῳ
927 2096 1022 2147 ἐάν
1042 2112 1121 2156 τις
1155 2096 1500 2166 μακρόθυμος
1526 2099 1769 2169 γένηται,
1793 2100 2027 2169 τοσούτῳ

460 2175 667 2244 μᾶλλον
700 2176 795 2227 καὶ
825 2176 1018 2227 ἑαυτὸν
1050 2178 1300 2230 κάκεῖνον
1328 2178 1608 2249 ὠφέλησεν
1629 2182 1896 2248 ὠφέλειαν
1929 2182 2026 2252 τὴν

460 2256 766 2325 μεγίστην;
800 2256 898 2307 Διά
928 2257 1087 2309 τοῦτο
1119 2260 1366 2328 στρέφειν
1410 2264 1504 2314 καὶ
1530 2263 1629 2333 τὴν
1668 2263 1835 2332 ἄλλην
1866 2281 2028 2335 προσο

458 2336 675 2400 ἔταξεν,
707 2336 859 2408 [1‘20]
888 2338 973 2390 ἴνα
1003 2340 1254 2410 ἐμπλήσῃ
1275 2341 1371 2411 τὴν
1400 2344 1689 2412 ἐπιθυμίαν
1714 2344 1807 2396 τοῦ
1838 2345 2025 2414 θυμου⁸

459 2420 647 2489 μένου.
677 2420 774 2482 Τίς
797 2421 906 2491 γὰρ
931 2422 1074 2473 οὕτω
1102 2424 1288 2493 θηρίον
1305 2427 1471 2490 ἐστὶν,
1489 2427 1563 2490 ώς
1592 2429 1665 2497 μὴ
1695 2430 2023 2498 ἐντραπῆναι

455 2502 677 2564 λοιπόν;
711 2504 774 2554 Ol
822 2502 985 2565 κύνες
1023 2504 1269 2568 λέγονται
1318 2507 1478 2559 τοῦτο
1533 2512 1739 2564 ποιεῖν’
1787 2511 1888 2565 κᾶν
1915 2512 2023 2582 γὰρ

454 2584 823 2653 ὑλακτήσωσι,
872 2587 970 2638 καὶ
1015 2588 1283 2641 ἐπέλθωσί
1324 2609 1460 2656 τινι,
1489 2593 1517 2644 6
1544 2593 1599 2645 δὲ
1632 2593 1821 2646 ὕπτιον
1859 2596 2022 2664 ῥίψας

452 2667 647 2719 ἑαυτὸν
677 2669 841 2737 μηδὲν
874 2669 1200 2740 ἐργάσηται,
1224 2675 1314 2726 τὸν
1343 2675 1511 2744 θυμὸν
1533 2677 1746 2730 ἅπαντα
1776 2679 2017 2732 ἔσϐεσεν.

452 2749 525 2803 EI
561 2749 738 2803 τοίνυν
781 2753 978 2805 ἐκεῖνοι
1017 2753 1109 2805 τὸν
1150 2754 1339 2807 παθεῖν
1377 2759 1505 2826 παρ’
1536 2759 1714 2823 αὐτοῖς
1753 2771 1777 2799 ι
1833 2761 2021 2824 κακῶς

452 2829 670 2899 ἕτοιμον
703 2833 1097 2899 δυσωποῦνται,
1129 2836 1306 2904 πολλῴ
1337 2839 1537 2907 μᾶλλον
1569 2839 1630 2892 τὸ
1661 2840 1768 2893 τῶν
1809 2842 2020 2911 ἀνθρώ-

452 2929 576 2966 πων
612 2913 766 2980 γένος
794 2915 1174 2987 λογικώτερον.
1216 2919 1375 2972 Ἀλλὰ
1411 2922 1518 2992 γάρ
1541 2922 1690 2988 ἀξιον
1723 2924 1783 2976 τὸ
1826 2925 2019 2993 μικρὸν

456 2994 771 3064 ἔμπροσθεν
811 2999 888 3059 είς
940 2999 1158 3070 μνήμην
1207 3001 1381 3066 ἐλθὸν,
1443 3005 1536 3055 καὶ
1592 3006 1669 3066 είς
1714 3006 2018 3075 μαρτυρίαν

519 3170 551 3203 ι
585 3161 869 3224 Legendum
893 3167 1000 3228 παρ’
1022 3167 1193 3217 αὐτῶν.

1281 242 1348 297 ΙΝ
1389 243 1609 300 EPIST.
1644 243 1734 299 AD
1771 227 2011 303 EPII'ES.
2053 247 2200 304 CAP.
2240 250 2330 318 IV,
2366 251 2427 307 \'.
2472 250 2706 308 IIOMIL.
2749 252 2907 312 XVII.

3597 266 3700 321 II6

2135 359 2415 445 ἐλκυσθὲν,
2452 362 2527 445 μὴ
2561 363 2829 432 παριδεῖν.
2866 365 2931 418 Τί
2962 366 3026 436 δὴ
3066 367 3225 422 τοῦτό
3256 370 3435 437 ἐστινς
3487 373 3702 445 Ἐλέγο-

2139 459 2240 511 μεν
2272 443 2400 513 περὶ
2429 442 2537 496 τῶν
2576 444 2844 499 Ἰουδαίων
2880 448 2975 500 καὶ
3001 448 3109 501 τῶν
3139 451 3415 521 ἀρχόντων
3436 454 3543 507 τῶν
3566 442 3698 528 παρ’

2132 527 2335 591 αὐτοῖς,
2376 527 2458 580 ὅτι
2503 528 2855 583 ἐνεκαλοῦντο
2885 530 2959 594 ὡς
3001 532 3286 598 διώκοντες
3318 527 3698 609 ἀνταπόδομα,

2131 609 2307 662 καίτοι
2341 611 2498 662 τοῦτο
2524 613 2552 663 6
2580 612 2742 681 νόμος
2785 614 2967 676 αὐτοῖς
2999 615 3315 685 ἐπέτρεπεν
3360 620 3703 690 Ὀφθαλμὸν

2128 691 2258 743 ἀντὶ
2289 693 2621 761 ὀφθαλμοῦ,
2643 693 2742 747 καί
2764 693 2982 748 ὀδόντα
2996 697 3131 750 ἀντὶ
3154 698 3424 766 ὀδόντος·
3456 701 3570 754 ἀλλ’
3600 703 3700 773 οὐχ

2130 774 2212 824 ῖνα
2243 773 2365 836 τοὺς
2395 775 2637 843 ἀλλήλων
2688 776 3047 845 ἐξορύττωσιν
3083 779 3415 852 ὀφθαλμοὺς,
3459 784 3573 838 ἀλλ’
3612 786 3700 838 ἵνα

2131 856 2278 926 φόϐῳ
2303 857 2395 909 τοῦ
2428 858 2618 911 παθεῖν
2660 859 2758 928 τὴν
2803 859 2897 912 τοῦ
2932 864 3103 915 ποιεῖν
3135 863 3319 917 ἄδειαν
3359 866 3693 935 ἐπισχόντες,

2131 940 2265 1008 μήτε
2296 939 2633 1009 ἐργάζωνται
2673 957 2726 991 τι
2762 941 2929 994 κακὸν
2954 944 3198 1014 ἐτέρους,
3245 947 3382 1016 μήτε
3420 950 3700 1017 πάσχωσιν

2129 1022 2281 1073 αὐτοὶ
2305 1021 2431 1091 παρ’
2458 1021 2676 1092 ἐτέρων.
2699 1022 2799 1075 Διά
2821 1024 2980 1078 τοῦτο
3001 1021 3184 1080 εἷπεν⁶
3213 1028 3554 1096 Ὀφθαλμὸν
3567 1031 3698 1083 ἀντὶ

2129 1103 2461 1171 ὀφθαλμοῦ,
2486 1104 2572 1157 ἵνα
2600 1106 2697 1166 τὰς
2726 1107 2937 1161 ἐκείνου
2953 1108 3090 1180 δήσῃ
3113 1111 3323 1179 χεῖρας,
3356 1110 3454 1178 οὐχ
3487 1109 3574 1163 ἵνα
3604 1112 3701 1172 τὰς

2130 1185 2228 1247 σάς
2257 1185 2621 1259 ἁντεξαγάγῃ,
2644 1188 2743 1257 οὐχ
2770 1188 2856 1241 ἵνα
2881 1190 2989 1242 τῶν
3017 1189 3120 1242 σῶν
3147 1190 3440 1260 ὀφθαλμῶν
3462 1191 3698 1262 ἀπείρξῃ

2128 1265 2225 1333 τὴν
2256 1265 2459 1337 βλάϐην
2485 1269 2668 1338 μόνον,
2698 1269 2812 1321 ἀλλ’
2843 1270 2930 1323 ἵνα
2964 1272 3057 1323 καὶ⁵
3094 1271 3219 1334 τοὺς
3261 1272 3471 1324 ἐκείνου
3508 1271 3695 1342 διατη-

2132 1349 2271 1421 ρήσῃ
2303 1350 2493 1412 σώους.
2535 1349 2674 1402 Ἀλλ’
2697 1352 2834 1420 ὅπερ
2862 1352 3107 1422 ἐζήτουν,
3126 1353 3269 1416 τίνος
3297 1353 3481 1407 ἕνεκεν
3502 1370 3698 1421 συγκε-

2128 1432 2455 1501 χωρημένης
2509 1430 2721 1502 ἀμύνης
2778 1433 3128 1486 ἐνεκαλοῦντο
3185 1436 3234 1487 οί
3278 1434 3354 1506 τῷ
3410 1436 3694 1505 πράγματι

2128 1514 2491 1582 κεχρημένοις
2543 1514 2595 1566 τί
2640 1531 2770 1566 ποτε
2821 1515 2981 1568 τοῦτό
3024 1517 3174 1581 ἐστις
3238 1517 3312 1570 Τὸ
3359 1518 3693 1588 μνησίκακον

2129 1598 2363 1651 ἐνταῦθά
2386 1615 2569 1666 φησιν.
2602 1598 2817 1661 Εὐθέως
2849 1599 2946 1669 μὲν
2979 1601 3088 1670 γὰρ
3116 1601 3206 1654 τὸν
3234 1602 3470 1655 παθόντα
3497 1602 3691 1670 δρᾶσαι

2130 1686 2421 1751 συγχωρεῖ,
2443 1684 2580 1753 ὅπερ
2610 1683 2764 1753 ἔφην,
2795 1684 3041 1755 κατέχων
3060 1688 3267 1740 ἐκεῖνον
3285 1702 3299 1714 ·
3337 1689 3692 1755 μνησικακεῖν

2127 1764 2184 1816 δὲ
2215 1765 2400 1816 οὐκέτι
2441 1764 2697 1834 ἀφίησιν·
2730 1767 2914 1818 οὐκέτι
2942 1769 3050 1837 γάρ
3087 1770 3148 1821 τὸ
3184 1768 3414 1839 πρᾶγμά
3447 1770 3562 1822 ἐστι
3593 1768 3689 1820 τοῦ

2129 1845 2322 1914 θυμοῦ,
2359 1845 2476 1897 ούδέ
2509 1849 2605 1916 τῆς
2636 1845 2863 1917 ζεούσης
2895 1851 3083 1919 ὀργῆς,
3115 1851 3251 1903 ἀλλὰ
3294 1852 3559 1921 πονηρίας
3593 1866 3691 1918 με·

2133 1928 2523 1998 μελετημένης.
2574 1929 2943 1997 Συγγινώσκει
2978 1933 3034 1985 δὲ
3062 1934 3090 1985 6
3118 1932 3250 1996 Θεὸς
3293 1937 3405 1995 τοῖς
3451 1933 3560 1986 ἀπὸ
3591 1934 3692 2004 τῆς

2127 2011 2385 2080 ἐπηρείας
2409 2011 2541 2074 ἴσως
2588 2014 3037 2083 συναρπασθεῖσι,
3079 2016 3175 2068 καὶ
3219 2017 3311 2068 ἐπὶ
3348 2017 3448 2081 τὴν
3478 2016 3690 2083 ἄμυναν

2125 2092 2410 2161 ώρμηκόσι
2432 2109 2445 2122 ·
2473 2092 2554 2145 διὸ
2588 2092 2758 2163 λέγει,
2805 2096 3143 2163 Ὀφθαλμὸν
3169 2098 3301 2151 ἀντὶ
3333 2095 3644 2166 ὀφθαλμοῦ
3670 2112 3685 2127 ⁶

2125 2175 2219 2226 καὶ
2249 2174 2429 2237 πάλιν,
2470 2174 2628 2227 Ὀδοὶ
2665 2177 3063 2245 μνησικάκων
3090 2182 3178 2244 είς
3211 2178 3490 2233 θάνατον.
3527 2180 3588 2231 El
3630 2178 3687 2231 δέ

2124 2255 2251 2309 ἔνθα
2278 2256 2554 2327 ὀφθαλμὸν
2580 2259 2701 2311 ἀντὶ
2730 2259 3008 2330 ὀφθαλμοῦ
3038 2262 3244 2332 πηροῦν
3275 2262 3421 2331 ἐξῆν,
3452 2260 3686 2329 τοσαύτη

2126 2341 2300 2391 κεῖται
2332 2339 2575 2410 τιμωρία
2604 2343 2716 2403 τοῖς
2749 2343 3124 2410 μνησικάκοις,
3158 2344 3306 2412 πόσῳ
3347 2343 3545 2412 μᾶλλον
3575 2346 3685 2405 τοῖς

2125 2422 2217 2473 καὶ
2252 2424 2509 2491 παρέχειν
2538 2424 2765 2485 ἐαυτοὺς
2795 2424 2930 2494 πρὸς
2970 2424 3031 2477 τὸ
3056 2424 3249 2477 παθεῖν
3281 2424 3465 2486 κακῶς
3496 2424 3684 2477 κελευο

2126 2502 2326 2570 σθεῖσι;
2359 2505 2450 2573 Μὴ
2481 2504 2661 2557 τοίνυν
2681 2500 2829 2576 ὦμεν
2852 2506 3199 2575 μνησίκακοι,
3240 2506 3374 2559 ἀλλά
3405 2506 3686 2574 σϐέσωμεν

2122 2586 2217 2652 τὴν
2253 2586 2443 2656 ὀργὴν,
2482 2586 2568 2639 ἵνα
2614 2588 2712 2656 τῆς
2747 2589 2897 2656 παρὰ
2948 2587 3042 2640 τοῦ
3098 2587 3230 2640 Θεοῦ
3280 2589 3685 2658 φιλανθρωπίας

2122 2666 2459 2736 άξιωθῶμεν.
2492 2665 2568 2739 ⁷ῼ
2598 2669 2709 2737 τὰρ
2753 2670 2941 2737 μέτρῳ
2985 2669 3271 2738 μετρεῖτε,
3306 2671 3488 2740 φησὶν,
3520 2670 3684 2724 ἀντι-

2115 2750 2546 2818 μετρηθήσεται
2582 2751 2755 2820 ὐμῐν,
2801 2753 2900 2804 καί
2950 2752 3020 2805 ἐν
3050 2746 3099 2820 ᾧ
3144 2755 3377 2822 κρίματι
3426 2752 3681 2820 κρίνετε,

2120 2832 2498 2899 κριθήσεσθε.
2547 2832 2833 2903 Γινώμεθα
2883 2829 2976 2886 οὖν
3020 2837 3149 2906 περὶ
3188 2837 3314 2897 τοὺς
3361 2834 3681 2905 ὁμοδούλους

2121 2914 2510 2980 φιλάνθρωποι,
2549 2914 2875 2982 συμπαθεῖς,
2925 2915 3071 2977 ὅπως
3111 2915 3176 2968 ἂν
3213 2916 3309 2969 καλ⁵
3355 2917 3453 2979 τάς
3501 2918 3557 2968 ἐν
3603 2915 3683 2985 τῷ

2120 2996 2347 3065 παρόντι
2371 2996 2471 3065 βίῳ
2497 2996 2849 3066 διαφύγωμεν
2871 2999 3124 3065 παγίδας,
3148 3000 3239 3052 καὶ
3266 3000 3406 3052 κατά
3432 3001 3529 3069 τήν
3557 3000 3682 3069 μέλ-

2118 3081 2310 3133 λουσαν
2331 3082 2541 3150 ἡμέραν
2563 3082 2658 3149 τῆς
2689 3083 2817 3151 παρ’
2847 3082 3011 3135 αὑτοῦ
3036 3082 3285 3155 τύχωμεν
3327 3086 3677 3156 συγγνώμης,

2120 3164 2298 3233 χάριτι
2323 3166 2412 3216 καῖ⁹
2446 3162 2845 3237 φιλανθρωπίᾳ,
2878 3165 2968 3217 καὶ
2994 3165 3061 3217 τά
3089 3167 3236 3236 ἐξῆς.

1781 3645 1928 3721 [εει]
1969 3647 2212 3703 ΟΜΙΛΙΑ
2255 3649 2353 3703 IZ'.

448 3841 717 3897 Γίνεσθε
736 3836 805 3890 δὲ
833 3840 918 3904 είς
936 3840 1241 3908 ἀλλήλους
1269 3843 1546 3911 χρηστοί,
1579 3842 2011 3912 εὔσπλαγχνοι,

526 3921 893 3991 χαριζόμενοι
951 3922 1213 3996 ἑαυτοῖς,
1263 3927 1457 3991 καθὼς
1511 3927 1608 3979 καί
1672 3929 1705 3979 ό
1758 3924 1901 3990 Θεὸς
1946 3924 2017 3977 ἐν

524 4002 757 4071 Χριστῷ
799 4004 1115 4072 ἐχαρίσατο
1156 4006 1316 4075 ὑμῖν.
1362 4009 1618 4062 Γίνεσθε
1669 4004 1785 4063 οὖν
1827 4024 2011 4076 μιμησ-

521 4084 617 4138 ταί
644 4085 751 4138 τοῦ
787 4086 954 4150 Θεοῦ,
980 4088 1058 4152 ὡς
1083 4087 1261 4141 τέκνα
1288 4088 1583 4157 ἀγαπητὰ,
1615 4089 1713 4145 καί
1760 4106 2011 4157 περιπα-

523 4167 673 4220 τεῖτε
698 4168 768 4220 ἐν
790 4168 1012 4237 ἀγάπῃ.
1037 4169 1228 4235 καθὼς
1248 4171 1346 4223 καί
1368 4175 1400 4224 ὀ
1421 4172 1676 4240 Χριστὸς
1694 4171 2012 4241 ἠγάπησεν

521 4249 699 4319 ἡμᾶς,
723 4250 823 4303 καί
855 4251 1196 4319 παρέδωκεν
1215 4253 1433 4307 ἑαυτὸν
1453 4254 1601 4322 ὑπὲρ
1629 4253 1799 4323 ἡμῶν
1826 4270 2011 4322 προσ-

514 4336 712 4400 βορὰν
744 4334 841 4385 καὶ
869 4335 1090 4386 θυσίαν
1117 4333 1194 4399 τῷ
1213 4333 1334 4398 Θεῷ
1356 4337 1441 4400 είς
1463 4336 1663 4404 ὀσμὴν
1676 4336 1946 4401 εὐωδίας.

522 4513 587 4560 α’.
606 4507 685 4559 Τά
707 4508 1041 4578 παρελθόντα
1067 4509 1175 4564 τῶν
1203 4511 1497 4581 μελλόντων
1527 4514 1743 4567 πλείονα
1767 4515 1878 4585 ἔχει
1902 4516 2006 4586 τὴν

447 4589 622 4657 ἰσχὺν,
661 4592 752 4642 καὶ
777 4590 924 4644 δοκεῖ
952 4592 1369 4664 θαυμαστότερα
1393 4592 1531 4650 εἶναι
1561 4599 1654 4651 καὶ
1687 4600 2001 4668 πιστότερα.

442 4672 540 4752 Διὸ
570 4674 661 4725 καὶ
685 4675 714 4726 6
739 4673 947 4738 Παῦλος
968 4676 1078 4729 ἀπὸ
1104 4677 1210 4731 τῶν
1241 4679 1608 4750 ὑπηργμένων
1651 4681 1747 4752 ήδη
1773 4686 2005 4735 ποιεῖται

440 4751 547 4823 τὴν
573 4754 914 4825 παράκλησιν
933 4772 946 4785 ⁶
983 4758 1164 4810 ἐκεῖνα
1186 4759 1285 4829 μὲν
1311 4760 1421 4830 γὰρ
1446 4761 1539 4814 τοῦ
1561 4751 1795 4833 Χριστοῦ
1821 4764 2004 4817 ἕνεκεν

441 4832 669 4902 μείζονα
709 4834 821 4905 ἔχει
849 4836 946 4907 τὴν
979 4838 1152 4908 ίσχύν.
1195 4841 1268 4895 Τὸ
1298 4842 1406 4912 γάρ
1451 4832 1644 4910 εἰπεῖν,
1679 4844 1866 4913 Ἄφες,
1911 4847 2004 4897 καὶ

437 4916 780 4999 άφεθήσεταί
811 4936 913 4984 σοι,
944 4920 1046 4973 κᾶν
1092 4924 1169 4992 μὴ
1204 4924 1401 4995 ἀφῆτε,
1437 4927 1498 4979 οὐ
1551 4927 1625 4999 μὴ
1665 4928 2002 4997 ἀφεθήσεται

437 4995 591 5062 ὑμῖν,
645 5000 784 5070 πρὸς
838 5002 935 5071 μὲν
968 5003 1292 5073 φιλοσόφους
1340 5006 1538 5078 ἄνδρας
1578 4995 1869 5080 λεγόμενον
1909 5013 2001 5064 καὶ

432 5081 555 5142 τοῖς
584 5080 836 5150 μέλλουσι
863 5084 1235 5154 πιστεύοντας,
1275 5089 1415 5157 μέγα
1449 5090 1701 5144 δύναται·
1723 5094 1750 5143 6
1777 5093 1831 5145 δὲ
1857 5094 2000 5145 Παῦ-

432 5158 533 5221 λος
556 5163 652 5215 οὐκ
680 5163 791 5216 ἀπὸ
820 5163 1023 5221 τούτων
1065 5168 1311 5239 ἐντρέπει
1357 5171 1539 5239 μόνον,
1572 5172 1708 5225 ἀλλὰ
1753 5175 1846 5227 καὶ
1894 5177 1999 5228 ἀπὸ

429 5240 551 5294 τῶν
598 5245 990 5320 ὑπηργμένων,
1045 5250 1267 5320 Ἑκείνῳ
1317 5252 1414 5321 μὲν
1458 5255 1565 5322 γὰρ
1624 5255 1738 5308 ἔστι
1781 5259 2000 5313 κόλασιν

431 5329 650 5413 φυγεῖν,
681 5328 857 5413 τούτῳ
889 5330 946 5383 δὲ
974 5332 1181 5398 ἀγαθοῦ
1214 5350 1357 5396 τινος
1399 5341 1708 5408 μετασχεῖν.
1741 5341 1845 5395 Τὸν
1868 5343 2000 5413 Χρι-

430 5408 586 5496 στὸν,
620 5412 776 5496 φησι,
805 5415 971 5496 μιμῇ.
1011 5413 1196 5496 Ἀρκεῖ
1222 5416 1376 5469 τοῦτο
1413 5419 1571 5486 μόνον
1606 5423 1685 5484 εἰς
1717 5408 1998 5496 παράκλη-

432 5491 784 5577 σινάρετῇς,
820 5494 898 5577 ⁸’τὸ
943 5496 1036 5577 τὸν
1086 5495 1218 5548 Θεὸν
1262 5501 1575 5569 μιμεῖσθαι·
1615 5491 1997 5577 τοῦτο-μεῖζον

430 5570 667 5635 ἐκείνου,
698 5572 780 5626 ὃτι
820 5573 1162 5629 Ἀνατέλλει
1208 5578 1314 5630 τὸν
1351 5579 1529 5647 ἣλιον
1565 5584 1664 5638 ἐπὶ
1698 5570 1997 5661 πονηροὺς

2116 3840 2212 3894 καί
2237 3840 2514 3909 ἀγαθοὺς,
2533 3843 2631 3896 καὶ
2655 3843 2864 3914 ,βρέχει
2892 3846 2990 3901 ἐπὶ
3005 3848 3276 3917 δικαίους
3292 3852 3387 3905 καί
3401 3854 3670 3922 ἀδίκους.

2116 3924 2191 3975 06
2220 3923 2327 3991 γάρ
2354 3924 2562 4001 ἀπλῶς,
2596 3927 2676 3978 ὅτι
2704 3929 2794 3979 τὸν
2829 3930 2960 3981 Θεὸν
2991 3933 3325 4001 μιμούμεθα,
3355 3930 3529 4001 εἶπεν,
3555 3939 3672 3991 ιίιλλ⁹

2112 4003 2193 4056 ὅτι
2230 4007 2288 4057 ἐν
2320 3999 2401 4068 οἷς
2450 4007 2602 4059 αὐτοὶ
2640 4003 2698 4060 εὖ
2732 3999 3346 4083 πάσχομενζπατέρων
3387 3999 3672 4087 σπλάγχνα

2110 4087 2246 4170 προς
2273 4088 2533 4158 ἀλλήλους
2559 4090 2705 4159 ἡμᾶς
2745 4091 2888 4160 ἔχειν
2920 4092 3167 4160 βούλεται
3186 4111 3200 4125 ·
3243 4097 3527 4168 σπλάγχνα
3562 4102 3672 4170 γὰρ

2109 4169 2282 4221 ταῦτα
2335 4170 2549 4238 λέγεται
2598 4173 2630 4240 ή
2679 4172 3056 4242 φιλανθρωπία
3111 4176 3207 4229 καὶ
3269 4177 3319 4228 οί
3374 4169 3670 4249 οίκτιρμοί.

2121 4249 2340 4320 Ἐπειδὴ
2367 4252 2474 4321 γὰρ
2504 4252 2603 4304 οὐκ
2629 4252 2707 4304 ἔνι
2739 4253 3054 4323 ἀνθρώπους
3103 4257 3264 4321 ὄντας
3312 4261 3447 4330 μήτε
3479 4261 3673 4314 λυπεῖν

2111 4333 2248 4415 μήτε
2270 4332 2578 4415 λυπεῖσθαι,
2604 4334 2853 4406 δεύτερον
2871 4330 2994 4406 εὗρε
3019 4338 3327 4408 φάρμακον,
3353 4341 3490 4396 ὥστε
3512 4346 3669 4415 ἀλλή-

2106 4413 2221 4475 λοις
2273 4414 2628 4483 χαρίζεσθαι’
2688 4417 3094 4486 Χαριζόμενοι,
3158 4425 3353 4490 φησὶν,
3409 4413 3666 4493 ἑαυτοῖς.

2109 4494 2299 4548 Καίτοι
2336 4495 2486 4547 οὐδὲν
2515 4497 2628 4547 ἴσον
2648 4511 2661 4526 ο
2696 4499 2759 4549 σὺ
2803 4499 2901 4567 μὲν
2926 4498 3031 4570 γὰρ
3052 4501 3116 4552 ἂν
3140 4502 3359 4573 χαρίσῃ,
3392 4505 3550 4556 πάλιν
3583 4524 3667 4560 σοι

2108 4579 2373 4647 χαριεῖται
2405 4578 2630 4640 ἐκεῖνος,
2656 4576 2773 4649 Θεῷ
2799 4579 2855 4631 δὲ
2874 4580 3024 4633 οὐδὲν
3045 4584 3301 4653 ἐχαρίσω.
3340 4587 3448 4638 Καὶ
3475 4587 3538 4638 σὺ
3566 4588 3670 4656 μὲν

2105 4657 2182 4727 τῷ
2212 4657 2504 4727 ὁμοδούλῳ,
2539 4661 2566 4711 ὁ
2597 4659 2651 4711 δὲ
2678 4660 2807 4722 Θεὸς
2835 4663 2912 4731 τῷ
2940 4662 3109 4734 δούλῳ
3135 4667 3226 4718 καὶ
3256 4665 3333 4736 τῷ
3362 4668 3540 4738 ἐχθρῴ
3572 4671 3669 4723 καὶ

2104 4740 2181 4808 τῷ
2232 4740 2477 4809 μισοῦντι
2507 4742 2689 4811 αύτόν.
2726 4744 2929 4809 Καθὼς
2960 4747 3055 4799 καὶ
3089 4751 3121 4801 ὀ
3153 4750 3315 4815 Θεὸς,
3371 4753 3555 4820 φησὶν,
3597 4754 3666 4804 ἑν

2104 4821 2332 4890 Χριστῷ
2362 4825 2682 4892 ἐχαρίσατο
2708 4826 2870 4894 ἡμῖν.
2904 4830 3063 4897 Μέγα
3089 4833 3360 4885 καὶτοῦτο
3382 4834 3493 4902 ἔχει
3527 4837 3663 4887 αίνι-

2104 4919 2219 4974 γμα
2242 4923 2255 4935 ·
2285 4905 2312 4958 ὂ
2332 4905 2387 4958 δέ
2419 4907 2584 4976 λέγει,
2611 4908 2768 4961 τοῦτό
2798 4911 2943 4962 ἐστιν
2961 4927 2974 4942 °
3005 4913 3115 4981 Οὐχ
3154 4914 3339 4974 ἁπλῶς
3367 4915 3662 4979 ἀκινδύνως

2104 4986 2411 5057 ἐχαρίσατο,
2440 4991 2620 5059 φησὶν,
2654 4990 2791 5043 ἀλλὰ
2827 4993 2962 5060 μετά
2981 4993 3074 5045 τοῦ
3102 4994 3344 5046 κινδύνου
3378 4995 3468 5045 τοῦ
3507 4995 3659 5051 Υίοῦ.

2106 5069 2223 5122 Ἵνα
2250 5071 2356 5141 γάρ
2375 5088 2452 5123 σοι
2480 5072 2716 5141 συγγνῷ,
2744 5072 2832 5125 τὸν
2857 5074 2982 5125 Υίὺν
3006 5075 3160 5126 ἔθυσε
3178 5090 3193 5103 ’
3223 5076 3287 5127 σὺ
3323 5074 3380 5127 δέ
3404 5076 3661 5141 πολλάκις

2105 5151 2195 5202 κοιλ⁹
2224 5153 2499 5204 ἀκίνδυνον
2547 5154 2639 5205 καὶ
2678 5154 2949 5206 ἀδάπανον
2982 5154 3124 5224 ὀρῶν
3157 5156 3256 5224 τὴν
3290 5156 3657 5229 συγχώρησιν,

2103 5231 2164 5282 οὐ
2194 5234 2338 5299 ποιῇ.
2362 5233 2614 5286 Γίνεσθε
2634 5232 2747 5286 οὖν
2763 5234 3008 5301 μιμηταὶ
3039 5234 3142 5288 τοῦ
3172 5237 3338 5303 Θεοῦ,
3373 5240 3452 5305 ὡς
3474 5242 3662 5309 ,τέκνα

2103 5325 2396 5391 ἀγαπητὰ,
2424 5326 2522 5378 καί
2557 5328 2922 5394 περιπατεῖτε
2946 5328 3015 5380 ἐν
3042 5329 3261 5401 ἀγάπῃ,
3284 5336 3476 5401 καθὼς
3502 5340 3597 5390 καὶ
3624 5343 3662 5393 ό

2102 5418 2355 5484 Χριστὸς
2389 5418 2704 5487 ἠγάπησεν
2742 5418 2918 5488 ἡμᾶς,
2954 5424 3049 5476 καὶ
3071 5428 3414 5499 ,παρέδωκεν
3442 5431 3661 5483 ἑαυτὸν

2102 5512 2253 5578 ὑπὲρ
2286 5513 2451 5581 ἡμῶν
2501 5515 2850 5582 προσφορὰν
2894 5518 2992 5571 καὶ
3040 5522 3258 5575 θυσίαν
3290 5524 3365 5587 τῷ
3398 5522 3521 5586 Θεῷ
3573 5528 3659 5587 είς

2104 5594 2301 5661 ὀσμὴν
2330 5595 2599 5659 εὐωδίας.
2640 5595 2753 5648 ’Ὶνα
2786 5598 2858 5667 μὴ
2895 5601 3120 5671 νομίσῃς
3158 5605 3401 5673 ἀνάγκης
3439 5599 3575 5655 εἶναι
3606 5609 3662 5657 τὸ
