4218 6266
522 246 620 302 ΗἹ

516 363 770 430 πρᾶγμα.
801 360 1032 414 ἄκουσον
1058 360 1176 423 πῶς
1206 360 1303 431 οὐχ
1334 359 1538 423 ἁπλῶς.
1573 362 1686 414 ἀλλ’
1708 363 1790 415 ὅτι
1821 363 2075 416 Ἑαυτὸν

516 446 878 514 παρέδωκεν,
917 441 1097 498 εἶπενο
1128 444 1258 498 ὡσεὶ
1286 444 1470 512 ἔλεγεν
1489 463 1503 477 ·
1535 447 1761 519 Ἐχθρδν
1804 448 1938 502 δντα
1967 465 2026 501 σε
2054 448 2084 500 ὁ

514 534 790 604 Δεσπότης
820 532 1124 602 ἠγάπησεν,
1156 531 1440 602 ἀγάπησον
1456 533 1520 586 σὺ
1542 533 1632 586 τὸν
1670 534 1824 604 φίλον
1844 551 1859 566 ο
1885 534 2085 604 μᾶλλον

516 619 573 672 δὲ
607 620 728 672 οὐδὲ
755 619 896 672 οὕτω
928 619 1153 690 δυνήσῃ,
1188 619 1327 688 πλὴν
1359 620 1476 672 ἀλλ’
1506 621 1580 684 ὡς
1602 621 1848 676 δύνασαι.
1879 621 2079 675 Βαϐαίί

516 702 570 754 τί
606 700 808 772 ταύτης
832 702 926 772 τῆς
962 703 1144 770 φωνῆς
1174 704 1586 776 μακαριώτερον
1611 706 1807 772 γένοιτ’
1837 704 1903 758 ἄν
1926 721 1942 771 ;
1968 703 2085 756 Κᾶν

520 788 792 856 βασιλείαν
835 788 1012 859 είπῃς,
1046 786 1148 840 κᾶν
1191 789 1388 853 ὁτιοῦν,
1424 791 1575 843 οὐδὲν
1619 790 1752 845 ῐσον.
1800 790 1949 862 [122]
1983 791 2085 843 Τὸν

518 874 648 926 Θεὸν
677 875 837 944 μιμῇ,
868 873 946 942 τῷ
991 874 1110 944 Θεῷ
1142 874 1508 945 ὲξομοιοῦσαι,
1539 877 1665 930 ὅταν
1712 879 2077 948 συγχωρήσῃς

519 962 730 1030 ἐκείνῳ.
765 961 981 1015 Μᾶλλον
1017 963 1393 1035 ἁμαρτήματα
1429 964 1511 1017 δεῖ
1539 969 1859 1035 συγχωρεῖν,
1887 965 1919 1035 ἦ
1954 966 2086 1035 χρή-

522 1065 691 1117 ματα.
720 1049 992 1119 Χρήματα
1025 1050 1121 1120 μὲν
1153 1051 1262 1122 γὰρ
1293 1052 1388 1106 ἐὰν
1432 1054 1809 1124 συγχωρήσῃς,
1836 1053 1934 1105 οὐκ
1962 1055 2085 1114 ἐμιι

521 1138 679 1207 μήσω
722 1137 812 1190 τὸν
845 1138 1009 1191 Θεόν·
1057 1140 1433 1212 ἁμαρτήματα
1475 1142 1532 1195 δὲ
1568 1141 1664 1195 ἐὰν
1697 1143 2082 1214 συγχωρήσῃς,

518 1224 607 1276 τὸν
631 1224 762 1276 θεὸν
791 1226 954 1294 μιμῇ.
989 1226 1134 1297 Πλὴν
1153 1227 1270 1290 πῶς
1299 1228 1500 1300 δυνήσῃ
1519 1228 1718 1297 λέγειν,
1752 1229 1930 1297 Πένης
1946 1229 2084 1298 εἰμὶ,

521 1311 614 1362 καὶ
662 1311 724 1362 οὐ
759 1310 992 1382 δύναμαι
1039 1313 1426 1385 συγχωρῆσαι,
1469 1316 1597 1370 ὅταν
1632 1315 1728 1369 καὶ
1775 1314 1812 1368 ἃ
1860 1315 2086 1368 δύνασαι

523 1401 894 1468 συγχωρῆσαι,
934 1399 1008 1472 μὴ
1046 1404 1426 1474 συγχωρήσῃς,
1466 1405 1560 1456 καὶ
1602 1402 1835 1457 ἐνταῦθα
1881 1402 2084 1474 ζημίαν

522 1485 650 1555 ἡγῇ,
708 1486 827 1554 οὐχὶ
857 1486 1087 1540 πλοῦτον
1144 1488 1364 1558 μᾶλλον,
1415 1488 1536 1560 οὐχ)⁸
1579 1489 1917 1560 περιουσίαν,
1963 1488 2084 1559 οὐχὶ

520 1571 818 1641 εὐπορίαν;
851 1574 1103 1628 Γίνεσθε
1141 1570 1254 1629 οὖν
1299 1576 1547 1644 μιμηταὶ
1587 1576 1694 1630 τοῦ
1735 1577 1901 1631 Θεοῦ.
1954 1576 2083 1630 Ἰδοὺ

521 1656 616 1709 καὶ
637 1654 770 1725 άλλη
804 1657 1148 1727 παράκλησις
1185 1658 1561 1729 εὐγενεστέρα.
1602 1661 1696 1725 Ὠς
1722 1660 1903 1713 τέκνα
1946 1661 2089 1729 ἀγα-

520 1738 701 1800 πητὰ,
733 1741 919 1809 φησίν.
951 1741 1143 1809 Ἔχετε
1176 1742 1270 1794 καὶ
1299 1742 1463 1812 ἄλλην
1488 1742 1734 1814 ἀνάγκην
1764 1742 1857 1795 τοῦ
1904 1744 2089 1812 μιμεῖ-

522 1824 642 1877 σθαι
691 1825 877 1887 αὐτὸν,
915 1827 976 1879 οὐ
1012 1827 1090 1897 τῷ
1126 1828 1318 1881 παθεῖν
1370 1824 1429 1882 εὖ
1467 1829 1649 1899 μόνον,
1689 1829 1824 1882 ἀλλά
1868 1830 1963 1882 καὶ
2008 1827 2087 1899 τῷ

517 1912 684 1967 τέκνα
717 1915 994 1981 γενέσθαι.
1037 1916 1133 1982 Ὠς
1178 1917 1360 1971 τέκνα
1391 1918 1685 1987 ἀγαπητά.
1728 1917 1945 1988 Ἐπειδὴ
1976 1917 2087 1986 γάρ

516 1999 578 2051 οὐ
631 2000 831 2063 πάντες
878 2003 984 2054 υἱοὶ
1024 2003 1151 2066 τοὺς
1200 2004 1449 2075 πατέρας
1504 2004 1819 2075 μιμοῦνται,
1872 2004 1987 2058 ἀλλ’
2037 2005 2087 2057 οἱ

517 2086 825 2156 ἀγαπητοὶ,
861 2087 949 2142 διὰ
995 2090 1153 2143 τοῦτό
1185 2107 1385 2162 φησιν⁸
1444 2091 1537 2159 Ὠς
1567 2093 1749 2146 τέκνα
1787 2090 2085 2160 ἀγαπητά.

516 2174 899 2240 Περιπατεῖτε
925 2175 995 2228 ἐν
1021 2175 1249 2245 ἀγάπῃ.
1294 2177 1424 2231 Ἰδοὺ
1455 2179 1674 2232 πάντων
1717 2178 1750 2249 ἠ
1795 2176 2052 2239 ὑπόθεσις
2071 2191 2084 2207 ’

515 2261 711 2314 οὐκοῦν
732 2261 931 2331 ταύτης
952 2262 1139 2332 οὔσης,
1167 2264 1228 2317 οὐ
1254 2264 1443 2335 θυμὸς,
1467 2266 1566 2318 οὐκ
1580 2264 1740 2336 ὀργὴ,
1760 2265 1821 2318 οὐ
1850 2264 2087 2336 κραυγὴ,

515 2346 578 2399 οὐ
614 2346 952 2417 βλασφημία,
992 2349 1130 2402 ἀλλά
1176 2351 1358 2404 πάντα
1404 2349 1693 2420 ἀνῄρηται.
1736 2349 1828 2402 Διὸ
1862 2349 2089 2421 ὕστερον

517 2432 578 2485 τὸ
617 2434 907 2501 κεφάλαιον
935 2435 1138 2506 τίθησι.
1176 2437 1347 2490 Πόθεν
1383 2438 1570 2505 ἐγένου
1602 2438 1826 2503 τέκνονς
1869 2436 2088 2505 Ἐπειδὴ

520 2521 876 2592 συνεχωρήθη
912 2539 1012 2576 σοι.
1052 2524 1185 2576 Ἀπὸ
1212 2525 1313 2595 τῆς
1334 2525 1664 2591 ὑποθέσεως,
1693 2525 1784 2594 ἀφ’
1808 2520 1876 2595 ἦς
1904 2523 2091 2578 τοσαύ-

516 2622 616 2675 της
644 2606 884 2677 ὴξιὼθης
910 2612 1093 2679 τιμῆς,
1129 2610 1238 2663 ἀπὸ
1278 2612 1378 2680 τῆς
1422 2611 1590 2682 αὐτῆς
1621 2613 1715 2665 καὶ
1750 2610 1839 2685 τῷ,
1861 2611 2088 2681 πλησίον

520 2693 894 2765 συγχώρησον.
938 2697 1072 2750 Εἰπὲ
1098 2698 1161 2769 δή
1197 2716 1308 2769 μοι,
1341 2699 1398 2752 εί
1425 2700 1509 2764 τίς
1543 2717 1602 2752 σε
1628 2701 1911 2771 δεσμώτην
1936 2699 2085 2765 ὄντα,

517 2781 613 2833 καὶ
656 2781 864 2850 μυρίων
894 2783 1190 2839 ὑπεύθυνον
1209 2786 1417 2855 κακῶν,
1448 2788 1655 2858 ἧγαγεν
1700 2789 1793 2841 ἐπὶ
1824 2788 1893 2842 τά
1928 2788 2085 2859 βασί-

518 2866 641 2921 λεια
661 2883 674 2897 ’
708 2868 908 2938 μᾶλλον
934 2869 990 2923 δὲ
1013 2874 1170 2924 τοῦτο
1195 2873 1421 2942 ἀφῶμεν
1439 2891 1452 2904 ·
1487 2875 1540 2928 εί
1557 2874 1641 2938 τίς
1668 2892 1729 2928 σε
1752 2875 2089 2951 πυρέττοντα

521 2956 614 3010 καὶ
638 2955 1093 3027 ψυχορραγοῦντα
1120 2960 1369 3030 ὠφέλησε
1392 2963 1670 3034 φαρμάκῳ
1689 2965 1819 3026 τινὶ,
1850 2959 1960 3035 ἄρα
1986 2964 2089 3017 οὐκ

518 3042 584 3095 ἂν
607 3042 769 3096 αὐτὸν
797 3043 1013 3096 πάντων
1040 3046 1441 3117 προύτίμησας,
1469 3049 1562 3101 καὶ
1577 3048 1710 3101 αὐτὸ
1736 3047 1976 3118 τούνομα
1991 3050 2084 3102 τοῦ

521 3128 848 3198 φαρμάκου;
891 3128 953 3181 El
983 3130 1092 3200 7&9
1121 3134 1346 3203 καιροὺς
1370 3133 1463 3185 καὶ
1490 3133 1708 3198 τόπους,
1747 3132 1813 3186 δι’
1837 3126 1912 3188 ὧν
1941 3133 2086 3201 ὠφε-

519 3214 776 3281 λούμεθα,
805 3214 979 3279 οὕτως
1000 3216 1196 3287 ἔχομεν
1222 3217 1298 3281 ὡς
1321 3219 1420 3281 τάς
1445 3218 1654 3272 ἑαυτῶν
1680 3217 1880 3289 ψυχὰς,
1908 3218 2089 3290 πολλῷ

523 3301 721 3371 μᾶλλον
755 3300 894 3353 αὐτά
926 3301 995 3355 τὰ
1022 3302 1346 3373 πράγματα.
1390 3303 1656 3376 Ἐραστὴς
1693 3303 1785 3357 ἔσο
1808 3304 1907 3375 τῆς
1945 3304 2086 3373 ἀγά-

520 3407 627 3460 πης
650 3407 666 3421 ·
692 3392 757 3443 δι’
783 3392 953 3461 αὐτῆς
984 3392 1094 3463 γὰρ
1117 3393 1352 3464 ἐσώθης,
1378 3395 1449 3448 δι’
1473 3393 1644 3463 αὐτῆς
1673 3394 1786 3457 υίὸς
1819 3394 2051 3462 γέγονας
2071 3409 2086 3425 ο

521 3474 621 3529 κᾶν
670 3476 857 3548 ἕτερον
909 3477 1146 3549 δυνηθῇς
1199 3480 1394 3548 σῶσαι,
1429 3482 1550 3551 οὐχὶ⁵
1591 3480 1670 3551 τῷ
1716 3480 1864 3550 αὐτῷ
1908 3481 2090 3552 χρήσῃ

520 3565 835 3633 φαρμάκῳ,
885 3566 978 3618 καὶ
1030 3570 1375 3636 παραινέσεις
1439 3572 1573 3623 πᾶσι
1622 3569 1713 3634 τὸ,
1742 3570 1962 3639 Ἀφετε,
2003 3568 2089 3620 ἵνα

521 3650 696 3720 ἀφεθῇ
726 3653 889 3718 ὑμῖν;
943 3654 1314 3723 Εὐγνωμόνων
1362 3655 1550 3725 ψυχῶν
1595 3655 1751 3709 τοῦτο
1777 3696 1792 3720 ,
1830 3654 1891 3708 τὸ
1946 3653 2091 3707 οὕτω

523 3735 942 3805 προτρέπεσθαι,
987 3739 1081 3790 καὶ
1128 3739 1427 3809 ἐλευθέρων
1468 3739 1561 3793 καὶ
1594 3740 1850 3807 εὐγενῶν.
1882 3739 2088 3804 Καθὼς

521 3820 619 3872 καί
644 3824 678 3874 ὁ
703 3821 946 3888 Χριςτὸς
974 3823 1292 3891 ἠγάπησεν
1308 3822 1492 3899 ᾐμᾶς,
1513 3826 1664 3897 φησί.
1690 3828 1761 3880 Σὺ
1785 3826 1894 3879 τῶν
1922 3825 2090 3895 φίλων

522 3908 701 3980 φείδῃ,
734 3910 939 3973 ἐκεῖνος
958 3910 1069 3964 τῶν
1093 3910 1334 3983 ἐχθρῶνο
1372 3914 1569 3967 οὐκοῦν
1604 3914 1784 3986 πολλῷ
1820 3915 2002 3986 μεῖζον
2030 3915 2091 3969 τὸ

520 3995 674 4065 παρά
702 3996 793 4049 τοῦ
825 3998 1096 4053 Δεσπότου
1125 4000 1426 4071 γινόμενον.
1459 4001 1531 4055 Τὸ
1550 4002 1680 4073 γὰρ,
1715 4002 1941 4069 Καθὼς,
1973 4003 2091 4066 πῶς

523 4077 753 4144 σώζεται
784 4090 834 4148 ·;
867 4078 944 4135 Ἦ
982 4084 1141 4154 δῆλον
1166 4087 1269 4151 ὅτι,
1297 4087 1391 4141 ἐὰν
1420 4088 1549 4150 τοὺς
1578 4089 1806 4159 ἐχθροὺς
1828 4082 1887 4142 εὖ
1922 4089 2091 4141 ποιῶ-

524 4183 642 4236 μεν.
660 4167 767 4220 Kal
793 4168 1133 4236 παρέδωκεν
1152 4171 1368 4226 ἑαυτὸν
1390 4175 1739 4243 προσφορὰν
1758 4175 1856 4228 καί
1873 4176 2095 4229 θυσίαν

518 4253 601 4320 τῷ
639 4253 760 4320 Θεῷ
790 4259 877 4322 είς
903 4257 1101 4327 ὀσμὴν
1130 4260 1400 4328 εὐωδίας.
1442 4262 1602 4333 Ὁρᾷς
1629 4264 1690 4316 τὸ
1712 4263 1851 4335 ὑπὲρ
1886 4263 2093 4334 ἐχθρῶν

520 4343 734 4403 παθεῖν,
773 4344 855 4397 ὃτι
896 4345 1038 4417 ὀσμὴ
1066 4348 1294 4413 εὐωδίας
1334 4350 1470 4415 ἐστὶ,
1494 4352 1586 4403 καὶ
1612 4350 1771 4405 θυσία
1800 4351 2093 4422 εὐπρόσδε-

520 4445 679 4495 κτοςς
723 4431 839 4485 Κᾶν
877 4435 1182 4509 ἀποθάνῃς,
1211 4438 1332 4492 τότε
1367 4438 1465 4512 ἔσῃ
1499 4439 1690 4494 θυσία·
1721 4440 1882 4495 τοῦτο
1918 4442 2091 4512 μιμή-

518 4519 716 4573 σασθαί
745 4522 860 4574 ἐστι
892 4523 984 4576 τὸν
1022 4525 1176 4579 Θεόν.
1221 4530 1479 4594 Πορνεία
1509 4528 1577 4582 δὲ
1618 4530 1717 4584 καὶ
1751 4530 1920 4587 πᾶσα
1947 4531 2092 4585 ἀκα-

518 4607 758 4672 θαρσία,
800 4607 836 4674 ἢ
866 4609 1210 4674 πλεονεξία,
1236 4614 1391 4682 μηδὲ
1421 4615 1795 4684 ὀνομαζὲσθω
1827 4618 1897 4671 ἐν
1926 4617 2087 4687 ὑμῖν,

519 4691 713 4758 καθὼς
736 4693 945 4760 πρέπει
976 4697 1187 4764 ἁγίοις.

588 4859 723 4917 Εἷπε
756 4866 885 4935 περὶ
925 4864 1021 4918 τοῦ
1069 4865 1267 4936 πικροῦ
1306 4867 1511 4928 πάθους
1542 4866 1637 4920 τοῦ
1679 4868 1888 4939 θυμοῦ“
1928 4865 2091 4938 ἦλθεν

518 4950 611 5002 ἐπὶ
636 4950 696 5003 rb
727 4946 890 5023 ἦττον
919 4952 1110 5007 κακόν.
1145 4953 1265 5006 Ὀτι
1297 4954 1403 5025 7&9
1437 4949 1598 5024 ἧττον
1629 4956 1796 5009 κακὸν
1830 4957 1864 5025 ἡ
1896 4955 2087 5009 έπιθυ-

522 5036 640 5105 μία,
672 5037 838 5091 ἄκουε
862 5040 956 5093 καὶ
984 5041 1043 5093 ὲν
1068 5040 1147 5110 τῷ
1179 5041 1330 5112 νόμῳ
1355 5041 1632 5106 Μωῦσέως
1661 5041 1912 5110 λέγοντος
1932 5043 2087 5114 πρῶο

518 5139 631 5187 τον,
670 5127 752 5178 Οὺ
784 5129 1124 5195 φονεύσεις,
1155 5128 1292 5199 ὅπερ
1323 5130 1441 5183 ἐστὶ
1473 5128 1565 5182 τοῦ
1591 5129 1787 5200 θυμοῦ,
1823 5130 1917 5184 καὶ
1942 5132 2086 5196 τότε,

523 5211 606 5261 οὐ
628 5212 992 5278 μοιχεύσεις,
1018 5217 1159 5286 ὅπερ
1189 5216 1304 5268 ἐστὶ
1341 5217 1440 5286 τῆς
1472 5216 1788 5288 ἐπιθυμίας.
1820 5218 2088 5290 Καθάπερ

520 5294 692 5366 γάρὴ
730 5298 923 5367 πικρία
958 5301 1049 5352 καὶ
1099 5304 1130 5371 ἡ
1168 5304 1383 5374 κραυγὴ
1436 5305 1533 5358 καὶ
1581 5308 1731 5360 πᾶσα
1789 5306 1955 5359 κακία
1994 5307 2089 5361 καὶ

521 5380 863 5452 βλασφημία,
912 5386 1008 5438 καὶ
1035 5387 1136 5442 ὅσα
1175 5390 1424 5457 τοιαῦτα,
1470 5391 1566 5446 τοῦ
1601 5390 1882 5463 θυμὼδους
1907 5393 2086 5448 ἐστίν·

588 5576 606 5596 ⁸
628 5580 776 5645 λίπε.
802 5581 980 5645 Savil.,
994 5580 1088 5631 ποῦ
1111 5584 1321 5640 σώζεται.

1260 243 1318 298 S.
1350 242 1634 299 JOANNIS
1663 240 2152 300 CIIRYSOSTOMI
2184 242 2502 302 ARCIIIEP.
2544 244 3089 303 CONSTANTINOP.

3659 247 3762 304 H8

2192 360 2335 415 οὕτω
2354 365 2449 417 καὶ
2468 363 2559 418 τοῦ
2583 364 2977 436 ἐπιθυμητικοῦ
3002 363 3151 436 [123]
3168 362 3412 434 πορνεία,
3428 361 3759 435 ἀκαθαρσία,

2192 445 2508 512 πλεονεξία·
2553 447 2631 517 τῷ
2670 450 2778 519 γὰρ
2810 449 2958 517 αὐτῷ
3010 449 3312 518 χρημάτων
3374 446 3613 517 ἐρῶμεν,
3665 450 3762 502 καὶ

2192 533 2479 602 σωμάτων.
2521 535 2659 588 Ἀλλ’
2694 534 2882 606 ῶσπερ
2917 536 3033 588 ἐκεῖ
3056 534 3155 604 τὴν
3188 532 3434 605 κραυγὴν
3465 534 3759 605 περιεῖλεν,

2189 616 2371 687 ὄχημα
2387 616 2549 673 οὖσαν
2571 621 2672 691 τῆς
2687 623 2875 693 ὀργῆς,
2893 621 3034 675 οὕτω
3044 622 3139 674 νῦν
3154 623 3252 691 τὴν
3270 620 3652 690 αἰσχρολογίαν
3665 622 3757 675 καὶ

2190 705 2549 775 εὐτραπελίαν
2576 707 2757 778 ὄχημα
2783 705 2946 761 οὖσαν
2966 708 3067 777 τῆς
3084 706 3354 778 πορνείας.
3378 707 3485 761 Kal
3506 707 3759 776 αισχρό-

2189 808 2293 858 της
2327 792 2457 863 7&9,
2498 796 2647 864 φησὶ,
2683 798 2777 849 καὶ
2804 796 3159 865 μωρολογία,
3192 795 3230 863 ἣ
3272 795 3651 861 εὐτραπελία,
3686 793 3759 848 τά

2190 879 2301 931 οὐκ
2317 877 2638 945 ἀνήκοντα,
2656 882 2816 935 ἀλλὰ
2830 883 3073 951 μᾶλλον
3090 883 3460 951 εὐχαριστία.
3486 882 3578 952 Μὴ
3599 884 3758 953 είπῃς

2191 966 2381 1018 ἀστεῖα
2395 967 2515 1036 μηδ’
2533 968 2754 1038 αἰσχρὰ,
2772 969 2904 1039 μηδὲ
2918 968 3147 1041 πράξῃς,
3169 969 3260 1019 καὶ
3273 966 3633 1031 κατασϐέσεις
3658 968 3756 1038 τὴν

2190 1051 2383 1119 φλόγα.
2400 1052 2566 1120 Μηδὲ
2588 1052 2982 1121 ὀνομαζέσθω,
3002 1054 3186 1124 φησὶν,
3203 1054 3273 1106 ἐν
3289 1053 3434 1123 ὑμῖν
3448 1068 3462 1082 ⁸
3487 1054 3754 1118 τουτέστι,

2196 1136 2441 1209 μηδαμοῦ
2476 1138 2610 1208 μηδὲ
2640 1139 2931 1207 φαινέσθω.
2965 1138 3135 1192 Τοῦτο
3156 1141 3249 1193 καὶ
3271 1138 3579 1211 Κορινθίοις
3609 1141 3752 1210 γρά-

2194 1241 2308 1292 φων
2359 1224 2542 1293 ἔλεγεν
2565 1243 2579 1256 ·
2637 1227 2832 1297 ’Ὂλως
2878 1228 3157 1281 ἀκούεται
3200 1228 3271 1281 ἐν
3298 1226 3441 1296 ὑμῖν
3484 1227 3753 1294 πορνεία.

2194 1311 2471 1376 Τουτέστι,
2502 1314 2705 1376 Πάντες
2742 1313 2968 1385 καθαροὶ
2992 1313 3234 1382 γένεσθε.
3257 1315 3319 1366 Ol
3345 1315 3454 1384 γάρ
3479 1313 3626 1382 λόγοι
3649 1313 3757 1367 τῶν

2195 1400 2532 1469 πραγμάτων
2577 1401 2714 1454 εἰσὶν
2755 1400 2884 1454 ὁδοί.
2916 1398 3051 1455 Εἶτα
3084 1401 3172 1455 ἶνα
3219 1401 3294 1473 μὴ
3333 1401 3460 1471 δόξῃ
3500 1399 3758 1472 φορτικός

2193 1503 2277 1550 τις
2318 1484 2458 1540 εἶναι
2513 1488 2607 1540 καὶ
2657 1486 2848 1558 βαρὺς,
2908 1489 3003 1542 καὶ
3049 1488 3408 1559 εὐτραπελίαν
3450 1488 3754 1550 ἐκκόπτων,

2194 1574 2441 1644 ἐπήγαγε
2488 1575 2580 1627 καὶ
2615 1573 2712 1645 τὴν
2751 1574 2950 1639 αἰτίαν,
2989 1573 3178 1640 εἰπὼν,
3216 1573 3293 1627 Τὰ
3314 1574 3400 1643 μὴ
3432 1573 3755 1641 ἀνήκοντα,

2190 1660 2260 1714 τὰ
2292 1662 2444 1715 οὐδὲν
2484 1662 2619 1732 πρὸς
2650 1663 2822 1733 ἡμᾶς,
2879 1662 3065 1734 φησὶν,
3094 1663 3256 1717 ἀλλά
3291 1661 3534 1732 μᾶλλον
3581 1663 3757 1731 εὐχα-

2186 1752 2409 1818 ριστιά.

2261 1910 2324 1979 β’.
2344 1911 2408 1962 Τί
2424 1910 2622 1979 ὠφελεῖ
2643 1912 2703 1965 τὸ
2719 1912 2929 1966 ἀστεῖον
2947 1912 3148 1978 είπεῖνς
3165 1910 3382 1965 Γέλωτα
3402 1911 3656 1982 ὲκίνησας
3675 1909 3762 1980 μό-

2191 2014 2301 2052 νον.
2332 1998 2465 2052 Εἰπέ
2496 2015 2607 2066 μοι,
2642 1999 2671 2051 ὁ
2703 2000 3033 2070 σκυτοτόμος
3069 2000 3361 2070 ἐργάσεταί
3402 1999 3454 2052 τί
3487 2015 3617 2050 ποτε
3653 1996 3762 2050 τῶν

2190 2083 2289 2136 οὐκ
2339 2085 2649 2153 ἀνηκόντων
2672 2087 2752 2147 είς
2778 2086 2876 2155 τὴν
2909 2086 3071 2140 αὐτοῦ
3109 2085 3337 2155 τέχνην;
3363 2084 3396 2156 ἢ
3422 2083 3682 2155 κτήσεταί
3707 2100 3762 2136 τι

2189 2169 2428 2222 τοιοῦτον
2442 2171 2670 2243 ὄργανον
2684 2188 2699 2236 ;
2726 2171 2987 2242 Οὐδαμῶς
3000 2188 3015 2202 ·
3041 2173 3105 2226 τὰ
3123 2172 3229 2240 γὰρ
3245 2172 3344 2224 οὐκ
3360 2173 3416 2224 ὲν
3429 2170 3590 2240 χρείᾳ
3612 2169 3764 2222 οὐδὲν

2191 2258 2327 2327 πρὸς
2352 2259 2520 2328 ἡμᾶς.
2551 2258 2754 2325 Μηδεὶς
2782 2257 2924 2311 ἔστω
2953 2258 3110 2327 λόγος
3159 2259 3326 2329 ἀργός
3350 2274 3364 2289 ⁶
3393 2256 3501 2311 ἀπὸ
3526 2256 3635 2325 7&9
3667 2256 3760 2309 τοῦ
3852 2312 3855 2313 ,

2192 2344 2363 2414 ἀργοῦ
2392 2345 2487 2397 καὶ
2514 2347 2596 2408 είς
2624 2346 2856 2409 ἀτόπους
2879 2346 3311 2415 καταπίπτομεν.
3370 2344 3445 2398 Οὐ
3468 2343 3764 2414 διαχύσεως

2191 2433 2220 2484 ὀ
2246 2430 2435 2502 παρὼν
2458 2432 2669 2503 καιρὸς,
2700 2432 2833 2486 ἀλλὰ
2852 2434 3097 2497 πένθους,
3122 2431 3354 2500 θλίψεων
3379 2431 3471 2483 καὶ
3491 2430 3760 2500 ὀδυρμῶνο

2193 2518 2258 2570 σὺ
2280 2518 2337 2571 δὲ
2364 2518 2734 2590 εὐτραπελεύῃ
2756 2536 2770 2584 ;
2795 2520 2889 2581 Τίς
2908 2519 3144 2589 ἀθλητὴς
3173 2519 3250 2581 είς
3272 2519 3333 2570 τὸ
3355 2517 3566 2570 στάδιον
3591 2514 3764 2568 είσελ-

2193 2602 2319 2667 θὼν,
2363 2605 2457 2658 καὶ
2483 2605 2582 2675 τὴν
2606 2605 2843 2674 ἀγωνίαν
2874 2606 3031 2673 ἀφεὶς
3054 2605 3152 2673 τὴν
3183 2602 3318 2673 πρὸς
3357 2601 3448 2664 τὸν
3473 2602 3764 2668 ἀντίδικον,

2191 2691 2383 2743 ἀστεῖα
2407 2691 2730 2760 φθέγγεται;
2767 2690 3100 2761 Ἑφέστηκεν
3130 2693 3160 2744 ό
3183 2690 3447 2752 διάϐολος,
3476 2689 3765 2759 περιέρχε-

2190 2795 2280 2833 ται
2324 2778 2632 2850 ὼρυόμενος
2663 2780 2756 2834 τοῦ
2786 2781 3047 2852 ἁρπάσαι.
3096 2779 3273 2833 πάντα
3300 2780 3440 2832 κινεῖ
3467 2778 3562 2832 καὶ
3587 2778 3764 2832 πάντα

2192 2868 2411 2938 στρέφει
2449 2869 2589 2922 κατά
2626 2870 2724 2940 τῆς
2745 2870 2843 2941 σῆς
2878 2870 3137 2940 κεφαλῆς,
3181 2868 3276 2922 καὶ
3316 2870 3622 2939 μηχανᾶται
3667 2868 3765 2937 τῆς

2190 2955 2383 3018 καλιᾶς
2423 2974 2483 3009 σε
2527 2955 2794 3022 ἐκϐαλεῖν,
2827 2958 3003 3029 τρίζει
3039 2957 3166 3021 τοὺς
3192 2956 3428 3021 ὀδόντας,
3478 2955 3763 3027 βρυχᾶται,

2191 3042 2302 3115 πῦρ
2324 3046 2445 3096 πνεῖ
2464 3044 2603 3096 κατά
2620 3045 2718 3115 τῆς
2748 3046 3021 3116 σωτηρίας
3042 3044 3139 3114 τῆς
3157 3043 3257 3113 σῆς
3276 3058 3289 3071 ·
3317 3043 3410 3096 ιιιιύ⁵
3435 3044 3499 3096 σὺ
3525 3041 3764 3112 κάθησαι

2193 3130 2383 3182 ἀστεῖα
2410 3130 2602 3198 λέγων,
2638 3133 2731 3184 καὶ
2781 3131 3125 3201 μωρολογῶν,
3156 3131 3250 3184 καὶ
3273 3130 3342 3184 τὰ
3373 3130 3449 3200 μὴ
3495 3130 3766 3200 ἀνήκοντα

2193 3216 2556 3286 φθεγγόμενος
2577 3235 2592 3283 ;
2614 3217 2804 3271 οὐκοῦν
2827 3218 3005 3281 καλῶς
3025 3217 3189 3272 αὐτοῦ
3214 3216 3589 3288 περιγενέσθαι
3607 3216 3767 3285 δυνή·

2194 3318 2296 3372 σῃ;
2348 3302 2641 3373 Παίξομεν,
2679 3304 2964 3373 ἀγαπητοί.
2997 3303 3185 3357 Βούλει
3219 3303 3408 3373 μαθεῖν
3452 3303 3560 3356 τῶν
3594 3302 3765 3371 ἁγίων

2191 3387 2288 3458 τὴν
2307 3386 2581 3459 διαγωγήν
2602 3406 2616 3455 ;
2648 3389 2807 3442 ἄκουε
2833 3390 3044 3443 Παύλου
3070 3390 3318 3457 λέγοντος
3335 3407 3349 3420 ·
3381 3392 3641 3456 Τριετίαν
3661 3389 3766 3443 νύο

2192 3491 2306 3528 κτα
2346 3475 2443 3529 καί
2485 3476 2714 3543 ἡμέραν
2751 3479 2862 3531 οὐκ
2904 3476 3267 3546 ἐπαυσάμην
3301 3477 3452 3546 μετὰ
3493 3476 3766 3545 δακρύων

2192 3560 2489 3616 νουθετῶν
2512 3562 2620 3615 ἕνα
2640 3562 2903 3617 ἕκαστον
2928 3562 3116 3632 ὑμῶν.
3150 3562 3213 3616 El
3236 3564 3293 3617 δὲ
3319 3564 3460 3635 ὑπὲρ
3487 3562 3766 3632 Μιλησίων

2195 3648 2289 3701 καὶ⁷
2333 3648 2594 3718 Ἐφεσίων
2623 3649 2859 3719 τοσαύτῃ
2883 3651 3149 3720 ἐχρήσατο
3180 3650 3403 3720 σπουδῇ,
3430 3649 3549 3720 οὐχὶ
3578 3650 3767 3702 ἀστεῖα

2194 3735 2387 3805 λέγων,
2414 3736 2549 3790 ἀλλά
2590 3737 2726 3807 μετά
2756 3737 3005 3809 δακρύων
3036 3737 3134 3802 τὴν
3161 3738 3442 3791 νουθεσίαν
3474 3739 3762 3808 εἰσφέρων,

2194 3822 2250 3876 τί
2266 3840 2332 3875 πε
2341 3823 2394 3892 ρὶ
2407 3823 2515 3876 τῶν
2534 3822 2709 3876 ἄλλων
2721 3824 2863 3876 είποι
2874 3840 2957 3887 τις
2970 3823 3055 3889 άν;
3078 3825 3274 3878 ’Λκουε
3286 3823 3341 3878 δὲ
3354 3826 3447 3878 καὶ
3464 3824 3765 3893 Κορινθίοις

2194 3909 2247 3962 τί
2280 3923 2472 3980 φησιν·
2513 3911 2607 3962 Ἐκ
2637 3906 2876 3976 πολλῆς
2904 3909 3163 3977 θλίψεως
3200 3909 3301 3964 καί
3328 3907 3601 3977 συνοχῆς
3628 3925 3767 3975 καρ-

2194 3993 2327 4059 δίας
2341 3993 2573 4062 ἐγραψα
2596 3992 2736 4062 ὑμῖν
2753 3992 2851 4047 διὰ
2875 3993 3120 4047 πολλῶν
3134 3994 3407 4061 δακρύων
3427 4010 3442 4026 ο
3465 3994 3561 4046 καὶ
3580 3994 3761 4048 πάλινο

2200 4082 2296 4145 Τίς
2322 4081 2583 4146 ἀσθενεῖ,
2612 4082 2708 4136 καί
2736 4083 2845 4136 οὐκ
2871 4080 3141 4145 ἀσθενῶ;
3172 4082 3263 4146 τίς
3284 4079 3763 4146 σκανδαλίζεται,

2197 4168 2296 4220 καὶ
2314 4170 2424 4222 οὐκ
2445 4167 2560 4237 ἐγὼ
2584 4169 2912 4235 armati/(al;
2934 4169 3130 4222 Ἀκουε
3154 4167 3211 4221 δὲ
3230 4167 3395 4221 αὐτοῦ
3421 4168 3516 4220 καὶ
3532 4166 3765 4236 ἀλλαχοῦ

2195 4254 2461 4322 λέγοντος,
2485 4256 2577 4308 καὶ
2593 4255 2712 4308 καθ’
2728 4256 2961 4325 ἑκάστην
2979 4255 3211 4326 ἡμέραν,
3233 4255 3308 4315 ὠς
3323 4255 3515 4319 εἰπεῖν,
3534 4253 3767 4320 ἐξελθεῖν

2197 4342 2262 4393 ὲκ
2282 4340 2372 4394 τοῦ
2392 4341 2596 4409 κόσμου
2616 4330 3009 4410 ἐπιθυμοῦντος
3027 4359 3041 4373 ο
3062 4342 3168 4396 Kal
3190 4342 3301 4411 γὰρ
3328 4339 3500 4409 ἡμεῖς
3521 4342 3574 4393 οι
3592 4339 3767 4405 ὄντες

2195 4427 2265 4481 ἐν
2282 4427 2360 4493 τῷ
2380 4428 2613 4493 σκήνει,
2638 4429 3017 4499 στενάζῦμεν.
3047 4430 3120 4483 Σύ
3141 4430 3196 4482 δὲ
3210 4430 3370 4499 γελᾷς
3396 4429 3489 4482 καὶ
3514 4427 3726 4491 παίζεις
3749 4441 3765 4492 ;

2197 4515 2433 4586 πολέμου
2468 4516 2678 4587 καιρὸς.
2706 4517 2801 4571 καὶ
2832 4518 2894 4571 σὺ
2919 4518 2986 4571 τά
3011 4518 3118 4571 τῶν
3144 4518 3475 4589 χορευόντων
3513 4533 3766 4586 μεταχει-

2200 4601 2354 4674 ρίζῃς
2385 4603 2495 4673 Οὐχ
2526 4604 2658 4675 ὁρᾷς
2690 4604 2798 4657 τῶν
2820 4604 3195 4676 πολεμούντων
3221 4604 3291 4657 τά
3319 4605 3606 4675 πρόσωπα,
3652 4602 3768 4665 πῶς

2197 4690 2302 4741 είσι
2334 4689 2651 4760 σκυθρωπὰ,
2676 4691 2790 4753 πῶς
2828 4691 3159 4761 συνηγμένα,
3187 4691 3358 4760 ὀφρῦς
3379 4692 3488 4761 γάρ
3518 4690 3648 4761 παρ’
3671 4690 3767 4742 αὐ-

2194 4778 2306 4838 τοῖς
2331 4776 2537 4847 φοϐερά
2566 4776 2661 4830 καὶ
2686 4777 2885 4849 φρίκης
2909 4779 3169 4848 γέμουσα.
3200 4777 3361 4848 Ὁρᾷς
3385 4777 3538 4847 δμμα
3562 4778 3766 4847 αὐστη-

2198 4865 2313 4934 ρὸν,
2353 4865 2579 4936 καρδίαν
2609 4866 3040 4938 διεγηγερμένην
3079 4867 3172 4920 καὶ
3206 4867 3461 4936 πηδῶσαν
3491 4865 3584 4919 καὶ
3610 4865 3767 4918 ἀλλοο

2199 4955 2388 5025 μένην,
2407 4953 2562 5026 [124]
2586 4956 2920 5027 συνηγμένον
2937 4955 3354 5027 νοῦν,τρέμοντα
3375 4954 3468 5007 καὶ
3490 4954 3768 5022 ἀγωνιῶν⁴

2194 5059 2281 5103 τα,
2298 5041 2494 5113 πολλὴν
2507 5042 2603 5113 τὴν
2614 5042 2886 5109 εὐταξίαν,
2905 5041 3101 5112 πολλὴν
3117 5041 3216 5111 τὴν
3228 5042 3287 5093 εὐ
3296 5042 3390 5110 ρυθ
3399 5041 3548 5110 μίαν,
3565 5041 3766 5106 πολλὴν

2194 5129 2292 5198 τὴν
2325 5128 2481 5200 σιγὴν
2526 5132 2584 5183 ὲν
2616 5132 2728 5192 τοῖς
2761 5128 3144 5201 στρατοπέδοις
3163 5147 3174 5158 ·
3207 5128 3269 5180 οὐ
3313 5127 3475 5195 λέγω,
3506 5126 3647 5180 ῶστε
3679 5128 3765 5180 αἰνο

2196 5214 2357 5286 σχρδν
2387 5215 2539 5285 ῥῆμα
2557 5217 2629 5286 μὴ
2652 5218 2844 5279 εἰπεῖν,
2874 5215 3007 5269 ἀλλά
3041 5214 3176 5285 μηδὲ
3199 5212 3384 5275 ἁπλῶς
3408 5210 3763 5280 φθέγξασθαι.

2197 5303 2259 5356 Εἰ
2290 5301 2397 5372 7&9
2432 5303 2564 5373 πρὸς
2596 5303 2885 5373 αἰσθητοὺς
2921 5302 3134 5373 ἔχοντες
3174 5300 3454 5371 πολεμίους
3479 5298 3506 5338 b
3546 5299 3763 5362 ἐκεῖνοι,

2196 5537 2617 5660 “uisendum,
2652 5538 2814 5603 inquit
2839 5506 3069 5602 Domus,
3093 5540 3132 5590 ει
3156 5538 3206 5588 δι
3227 5537 3343 5600 πρὸς
3365 5536 3489 5585 αἰσθ.
3513 5534 3586 5597 ιχ.
3607 5550 3659 5583 π.
3679 5534 3762 5584 τὸν
