4218 6266
510 315 612 372 117

506 430 728 494 dilexit;
758 435 815 483 tu
839 424 1000 494 dilige
1026 420 1292 476 amicum:
1327 417 1434 469 imo
1458 429 1588 469 vero
1629 428 1726 466 nec
1752 413 1828 465 sic
1861 410 2084 480 poteris,

507 523 601 579 sed
625 522 707 576 fac
732 528 791 573 ut
827 526 1002 589 potes.
1032 511 1221 581 Pansa!
1263 508 1388 579 quid
1417 507 1515 562 bac
1550 520 1680 560 voce
1711 503 1943 574 potuerit
1969 515 2089 555 esse

507 612 756 676 beatius?
781 607 1004 664 Etiamsi
1035 618 1256 674 regnum
1287 600 1507 664 dixeris,
1551 596 1760 654 etiamsi
1789 593 2084 665 quodlibet,

511 721 617 760 non
665 709 791 758 sunt
839 699 1010 770 paria.
1055 695 1225 751 Deum
1268 690 1528 756 imitaris,
1580 688 1691 746 Deo
1737 685 2086 751 assimilaris,

509 794 724 865 quando
775 790 852 846 illi
896 783 1307 843 condonaveris.
1353 779 1518 851 Magis
1561 787 1684 833 sunt
1737 774 2086 831 condonanda

512 893 725 954 peccata
751 894 911 952 quam
941 876 1202 948 pecunite.
1233 872 1364 932 Nam
1388 870 1641 942 pecunias
1666 867 1880 939 quidem
1907 867 1950 922 si
1969 881 2087 920 con-

509 975 747 1038 donaris,
777 974 944 1036 Deum
975 985 1080 1030 non
1121 965 1380 1029 imitaris;
1429 972 1647 1034 peccata
1674 971 1852 1020 autem
1867 960 1925 1013 _si
1952 974 2084 1017 con-

510 1065 746 1132 donaris,
772 1063 998 1126 imitaris
1021 1061 1208 1121 Deum.
1240 1056 1346 1112 Sed
1362 1052 1631 1125 quomodo
1658 1051 1859 1124 poteris
1885 1052 2082 1110 dicere:

508 1156 637 1215 Sum
665 1169 868 1225 pauper
890 1166 991 1210 nec
1025 1163 1242 1221 possum
1287 1145 1615 1208 condonare,
1667 1141 1879 1213 quando
1921 1141 2083 1205 etiam

510 1262 625 1314 qua:
639 1253 792 1315 potes
811 1241 1140 1303 condonare,
1164 1253 1270 1293 non
1292 1235 1588 1298 condonas,
1604 1242 1659 1289 ct
1679 1242 1832 1302 putas
1859 1247 1976 1286 esse
1998 1231 2087 1288 da-

510 1352 717 1402 mnum,
739 1349 848 1390 non
871 1332 1103 1395 divitias,
1133 1344 1239 1389 non
1279 1327 1556 1387 facultates
1583 1333 1636 1380 et
1665 1323 1886 1393 cepias?
1911 1321 2085 1376 Estote

511 1445 629 1498 ergo
649 1428 927 1480 imitatores
960 1423 1070 1484 Dei.
1104 1421 1239 1475 Ecce
1263 1419 1368 1472 alia
1394 1430 1607 1488 quoque
1643 1414 1955 1485 generosior
1985 1427 2081 1474 ex-

511 1519 765 1584 hortatio.
799 1515 946 1571 Sicut
989 1513 1083 1583 ﬁlii
1110 1509 1376 1575 carissimi,
1419 1507 1610 1578 inquit.
1650 1505 1822 1569 Aliam
1875 1502 2081 1560 habetis

513 1608 884 1664 necessitatem
907 1603 1021 1674 ejus
1067 1599 1326 1666 imitandi,
1355 1613 1460 1653 non
1487 1598 1658 1659 solum
1686 1611 1752 1650 eo
1780 1594 1920 1663 quod
1964 1593 2082 1648 sitis

509 1699 685 1765 affecti
707 1695 1000 1760 beneﬁciis,
1023 1694 1113 1748 sed
1137 1699 1194 1747 et
1211 1688 1351 1760 quod
1375 1687 1493 1748 facti
1520 1686 1636 1751 sitis
1660 1686 1772 1740 lilii.
1799 1684 2081 1752 Tamquam

509 1794 603 1860 lilii
627 1789 893 1852 carissimi,
934 1785 1066 1842 Nam
1105 1783 1356 1858 quoniam
1390 1796 1494 1838 non
1525 1793 1711 1840 omnes
1743 1777 1839 1836 lilii
1869 1777 2083 1829 imitan-

510 1896 592 1939 tur
616 1891 814 1954 patres,
844 1879 938 1935 sed
964 1879 1054 1950 qui
1081 1885 1209 1944 sunt
1231 1873 1431 1937 dilecti,
1459 1881 1738 1943 propterea
1761 1869 1908 1934 dicit,
1932 1868 2083 1921 Tam-

506 1990 653 2042 quam
675 1972 771 2041 ﬁlii
789 1971 980 2034 dilecti.
1001 1966 1269 2022 Ambulate
1293 1965 1346 2017 in
1370 1963 1653 2017 dilectione.
1678 1961 1813 2015 Ecce
1841 1961 2079 2013 omnium

507 2063 934 2123 fundamentum.
963 2057 1092 2112 Haec
1120 2055 1166 2109 si
1192 2055 1280 2120 sit,
1313 2067 1421 2108 non
1448 2060 1531 2107 est
1558 2051 1635 2106 ira
1664 2066 1762 2106 nec
1791 2050 2083 2119 indignatio

504 2174 604 2212 nec
638 2157 845 2210 clamor
870 2166 970 2206 nec
996 2146 1351 2217 blasphemia,
1380 2144 1473 2199 sed
1503 2143 1708 2198 sublata
1732 2151 1856 2196 sunt
1879 2140 2080 2195 omnia.

506 2249 570 2302 Et
606 2249 730 2301 ideo
759 2252 919 2313 caput
948 2251 1000 2297 et
1033 2253 1295 2295 summam
1325 2237 1471 2306 ponit
1499 2234 1782 2304 posterius.
1808 2231 2083 2288 Undenam

504 2339 675 2394 lactus
702 2353 761 2392 es
792 2334 964 2388 ﬁlius?
989 2331 1249 2400 Quoniam
1275 2328 1371 2382 fuit
1397 2328 1490 2381 tibi
1514 2325 1889 2394 condonatum.
1913 2323 1990 2393 Ex
2020 2337 2085 2380 eo

505 2430 856 2484 fundamento
881 2441 947 2481 ex
976 2438 1084 2498 quo
1109 2421 1354 2490 dignatus
1381 2433 1440 2472 es
1471 2425 1618 2484 tanto
1648 2415 1870 2483 honore,
1899 2430 1963 2470 ex
1985 2429 2082 2469 eo-

506 2524 626 2581 dem
656 2521 815 2575 etiam
839 2516 1083 2584 condoua
1113 2513 1374 2584 proximo.
1407 2510 1500 2564 Dic
1522 2508 1650 2575 mihi
1672 2518 1846 2571 autem
1868 2525 1881 2560 :
1904 2509 1947 2562 si
1964 2507 2083 2579 quis

509 2621 559 2667 te
584 2627 702 2666 cum
730 2624 880 2666 esses
905 2609 1133 2680 vinctus,
1162 2614 1213 2660 et
1239 2601 1503 2666 obnoxius
1534 2601 1686 2666 malis
1725 2601 2082 2664 innumerabi-

509 2701 664 2764 libus,
694 2699 912 2760 adduxit
940 2697 1006 2753 ad
1036 2696 1274 2765 regiam:
1303 2692 1388 2748 vel
1416 2691 1588 2761 potius
1611 2690 1712 2744 hoc
1729 2689 2076 2757 dimittamus:

506 2793 551 2849 si
574 2792 692 2860 quis
737 2799 789 2844 te
829 2786 1220 2853 febricitantem
1251 2795 1304 2838 et
1333 2783 1512 2850 animo
1537 2781 1873 2850 deiicientem
1901 2781 2081 2850 aliquo

501 2882 729 2949 juvisset
749 2879 1158 2940 medicamento,
1176 2889 1353 2928 annon
1373 2873 1545 2943 ipsum
1566 2870 1892 2941 praztnlisses
1907 2873 2082 2941 omni-

509 2973 626 3035 bus,
671 2979 724 3023 ct
759 2969 930 3037 ipsum
961 2982 1152 3020 nomen
1181 2964 1590 3031 medicamenti?
1619 2962 1750 3028 Nam
1780 2963 1822 3017 si
1853 2963 1904 3035 in
1947 2972 2079 3017 tem-

508 3079 637 3132 pora
667 3071 719 3116 et
739 3063 875 3125 loca,
900 3075 995 3130 per
1019 3075 1136 3129 qua;
1162 3058 1465 3127 accepimus
1490 3057 1790 3120 utilitatem,
1812 3057 1881 3108 ita
1904 3055 2076 3126 allecti

507 3168 691 3210 sumus
737 3151 874 3215 sicut
913 3150 967 3212 in
1009 3158 1217 3212 nostras
1259 3147 1485 3213 animas,
1519 3146 1684 3210 multo
1711 3147 1876 3215 magis
1907 3147 1957 3199 in
1991 3161 2078 3204 res

505 3245 662 3321 ipsas.
697 3241 784 3296 Sis
817 3251 1022 3307 amator
1044 3238 1312 3302 caritatis;
1356 3251 1451 3310 per
1477 3236 1641 3304 ipsam
1676 3245 1994 3304 assequutus
2022 3249 2078 3292 es

505 3334 750 3396 salutem,
778 3348 875 3403 per
897 3331 1063 3398 ipsam
1093 3329 1264 3388 factus
1290 3342 1348 3382 es
1375 3326 1544 3394 ﬁlius;
1576 3336 1625 3379 et
1656 3325 1700 3387 si
1731 3326 1963 3394 potueris
1992 3326 2075 3378 al-

507 3425 600 3479 teri
628 3422 818 3478 aﬂerre
847 3422 1094 3484 salutem,
1121 3435 1225 3474 non
1249 3417 1444 3485 eodem
1472 3417 1637 3482 uteris
1664 3418 2071 3482 medicamento,

505 3524 559 3568 et
580 3513 881 3568 liortaberis
904 3526 1111 3574 omnes,
1144 3510 1436 3577 Remittite,
1466 3518 1524 3562 ut
1552 3509 1853 3563 remittatur
1888 3509 2078 3562 vobis?

506 3605 617 3671 Hoc
644 3614 726 3667 est
755 3615 1027 3681 gratorum
1059 3603 1354 3667 animorum
1382 3609 1436 3654 et
1465 3599 1707 3664 beneficii
1754 3615 2074 3663 memorum,

506 3699 576 3752 ita
601 3697 875 3766 adiiortari
905 3705 987 3749 est
1019 3696 1366 3764 ingenuorum
1398 3701 1452 3752 et
1496 3706 1896 3762 generosorum.
1933 3691 2077 3746 Sicut

504 3802 547 3844 et
574 3792 807 3845 Christus
837 3788 1011 3840 dilexit
1040 3803 1148 3851 nos,
1189 3785 1374 3856 inquit.
1416 3783 1493 3838 Tu
1539 3784 1711 3853 parcis
1741 3783 1946 3847 amicis,
1989 3783 2077 3838 ille

504 3879 738 3936 inimicis
778 3896 791 3931 :
824 3887 905 3933 cst
942 3891 1068 3947 ergo
1097 3877 1260 3930 multo
1297 3875 1469 3946 majus
1511 3875 1651 3944 quod
1700 3874 1894 3928 factum
1941 3884 2020 3927 est
2048 3889 2075 3926 a

501 3972 755 4027 Domino.
788 3967 919 4023 lllud
948 3969 1111 4033 enim,
1137 3965 1297 4030 Sicut,
1334 3966 1546 4025 ubinam
1576 3965 1959 4019 conservatur?
1983 3980 2074 4018 an-

504 4080 610 4117 non
640 4061 980 4132 perspicuum
1004 4059 1164 4130 quod,
1198 4059 1240 4112 si
1265 4059 1400 4126 bene
1431 4057 1685 4126 iaciamus
1715 4057 1977 4112 inimicis?
2009 4057 2076 4125 Et

503 4153 710 4207 tradidit
733 4151 1056 4217 semetipsum
1087 4147 1384 4214 oblationem
1412 4156 1459 4199 et
1485 4147 1698 4206 hostium
1730 4149 1832 4199 Deo
1870 4149 1921 4199 in
1948 4150 2074 4204 odo-

503 4263 608 4299 rem
631 4245 917 4308 suavitatis.
954 4241 1112 4304 Vides
1138 4240 1278 4311 quod
1307 4253 1520 4308 passum
1550 4254 1668 4306 esse
1713 4255 1806 4307 pro
1851 4241 2074 4308 inimicis

506 4348 585 4396 est
611 4337 743 4400 odor
772 4335 971 4400 suavis,
1003 4333 1172 4397 hostia
1200 4341 1347 4402 grata
1369 4342 1422 4386 ct
1447 4333 1703 4407 accepta?
1731 4333 1783 4388 Si
1810 4335 2073 4396 moriaris,

509 4439 630 4482 tunc
655 4426 762 4481 eris
790 4425 996 4479 hostia:
1027 4424 1128 4478 hoc
1154 4434 1234 4483 est
1266 4424 1427 4477 Deum
1460 4423 1674 4491 imitari.
1698 4425 1750 4477 5.
1785 4422 2078 4479 Fornicatio

505 4528 694 4583 autem,
723 4526 768 4568 et
795 4517 956 4574 omnis
993 4516 1332 4577 immunditia,
1363 4524 1448 4574 aut
1477 4516 1712 4580 avaritia,
1745 4530 1832 4575 nec
1863 4514 2080 4579 nomine.

507 4618 591 4662 tur
610 4607 663 4658 in
689 4605 844 4670 vobis,
875 4605 998 4668 sicut
1022 4605 1159 4666 decet
1188 4613 1413 4667 sanctos.

580 4696 992 4765 Concupiscentia
1019 4699 1182 4753 minus
1209 4696 1400 4756 malum
1441 4713 1591 4763 quam
1634 4697 1730 4751 ira.
1749 4727 1818 4736 ——
1841 4696 1982 4764 Dixit
2012 4698 2079 4751 dc

507 4803 687 4852 amara
714 4787 1014 4853 adfectione,
1047 4802 1239 4855 nempe
1266 4786 1333 4850 de
1365 4787 1472 4850 ira;
1501 4788 1645 4841 venit
1667 4787 1730 4841 ad
1753 4789 1926 4844 minus
1962 4804 2078 4844 ma-

511 4881 635 4944 lum.
657 4877 787 4932 Nam
806 4878 944 4947 quod
963 4877 1394 4945 concupiscentia
1424 4878 1491 4943 sit
1521 4879 1694 4945 minus
1720 4879 1933 4944 malum,
1956 4877 2079 4932 audi

506 4972 663 5034 etiam
693 4967 925 5036 Moyscm
955 4967 1219 5031 dicentem
1252 4966 1302 5019 in
1326 4967 1464 5036 lege,
1497 4967 1757 5036 primum:
1794 4967 1909 5020 Non
1945 4969 2081 5020 occi-

507 5065 612 5126 des,
639 5059 778 5128 quod
803 5069 885 5112 est
908 5059 1032 5123 ira};
1061 5067 1113 5117 et
1139 5057 1353 5126 deinde,
1391 5058 1509 5121 Non
1541 5059 1859 5124 "imitaberis
1882 5058 2078 5124 (Exod.

510 5151 594 5205 20.
644 5152 731 5206 15.
785 5150 894 5218 14),
928 5149 1067 5218 quod
1108 5159 1190 5211 est
1231 5151 1698 5214 concupiscentire.
1746 5150 1893 5216 Sicut
1940 5152 2082 5205 enim

506 5241 808 5296 amaritudo
835 5251 892 5295 et
916 5241 1116 5294 clamor
1143 5251 1194 5294 et
1221 5243 1392 5294 omnis
1423 5242 1621 5294 malitia
1649 5251 1704 5295 et
1734 5242 2078 5308 blasphemia,

506 5344 558 5399 et
599 5348 720 5403 qua:
764 5340 889 5385 sunt
938 5332 1259 5399 huiusmodi,
1292 5341 1417 5385 sunt
1441 5332 1600 5385 animi
1630 5340 1683 5386 et
1711 5333 1971 5386 irascendi
2003 5333 2083 5387 fa-

506 5424 758 5483 cultatis:
786 5425 857 5477 ita
903 5432 958 5478 et
994 5423 1408 5492 concupiscendi
1443 5423 1732 5490 facultatis,
1778 5423 2082 5489 loruicatio,

509 5515 870 5578 inmunditia,
894 5523 946 5568 ct
972 5516 1231 5570 avaritia:
1259 5532 1383 5575 nam
1421 5516 1608 5572 eadem
1639 5532 1696 5571 re
1729 5531 1968 5584 amamus
1996 5533 2087 5586 pe-

510 5609 696 5667 cunias
723 5612 777 5658 et
795 5618 1038 5673 corpora.
1066 5604 1174 5660 Sed
1190 5606 1326 5660 sicut
1347 5607 1455 5674 illic
1469 5608 1760 5676 amputavit
1775 5608 2086 5673 clamorem,

518 5703 568 5756 μι
587 5697 680 5768 qui
709 5697 781 5750 sit
807 5695 902 5749 irae
927 5695 1250 5762 vehiculum,
1281 5698 1351 5753 ita
1380 5713 1523 5751 nunc
1544 5712 1754 5768 quoque
1775 5698 2086 5769 obscoenum

841 5795 1104 5869 Parant.
1147 5797 1262 5871 (in.
1315 5793 1497 5871 LXli,

1362 301 1426 357 IN
1467 299 1684 355 EPlST.
1727 300 1820 355 AD
1859 297 2098 356 EPIIES.
2139 296 2292 353 CAP.
2339 298 2400 351 Υ.
2441 296 2668 352 1101111..
2709 295 2873 354 XVII.

3683 300 3778 354 118

2206 424 2508 473 sermonem
2541 421 2594 474 et
2623 411 3004 471 scurrilitatem
3031 424 3149 480 quae
3190 417 3273 466 est
3300 409 3600 470 vehiculum
3632 428 3781 472 sem-,-

2200 499 2434 564 tationis.
2465 501 2517 554 4.
2554 499 2619 565 ΕΙ
2647 502 2908 574 turpitudo
2931 513 2978 556 et
3005 500 3374 571 stultiloquium
3403 512 3450 556 et
3473 506 3776 576 scurrilitni,

2194 604 2311 655 qua:
2334 590 2403 643 ad
2430 606 2533 642 rem
2566 607 2665 644 non
2694 592 2977 661 pertinent;
2996 593 3083 656 sed
3117 594 3278 664 magis
3301 593 3582 665 gratiarum
3619 595 3769 660 actio.

2193 677 2272 734 Ne
2299 677 2499 738 dixeris
2537 678 2757 744 facetias
2797 696 2895 737 nec
2923 683 3118 754 turpia,
3165 673 3264 740 nec
3303 684 3512 757 ieceris,
3541 694 3595 749 et
3623 683 3774 748 llam-

2195 785 2335 828 mam
2363 769 2690 839 exstingues.
2723 769 2834 833 Nec
2856 774 3160 840 nominetur,
3185 774 3372 844 inquit,
3405 775 3459 842 in
3486 775 3658 839 vobis:
3677 776 3778 843 Imp

2193 872 2294 930 est,
2330 879 2399 918 ne
2421 879 2644 944 usquam
2675 864 2890 933 quidem
2921 878 3200 936 appareat.
3227 867 3340 924 Hoc
3365 870 3525 924 etiam
3564 868 3777 941 diccbat

2192 956 2437 1014 scribens
2457 955 2521 1010 ad
2544 956 2848 1020 Corinthios
2873 975 2885 1010 :
2912 956 3133 1022 Omnino
3171 960 3378 1022 auditur
3411 962 3541 1014 inter
3566 976 3652 1026 eos
3671 961 3774 1029 {or-

2192 1046 2378 1109 nicatio
2407 1045 2482 1116 (l.
2515 1045 2633 1100 Cor.
2663 1047 2715 1108 5.
2751 1048 2824 1117 1).
2859 1047 2971 1103 Hoc
3019 1058 3123 1116 est,
3168 1048 3298 1111 Sitis
3340 1065 3531 1104 omnes
3569 1050 3773 1120 mundi,

2191 1134 2476 1190 Sermones
2499 1137 2642 1191 enim
2673 1147 2797 1200 sunt
2824 1139 2920 1192 vite
2957 1154 3160 1208 rerum.
3208 1139 3409 1202 Deinde
3441 1155 3506 1194 ne
3533 1140 3774 1210 videatur

2192 1239 2312 1280 esse
2335 1228 2510 1295 gravis
2532 1239 2585 1282 et
2606 1229 2962 1298 importunus,
2981 1239 3037 1288 et
3055 1229 3368 1300 exscindere
3393 1229 3769 1302 urbanitatem,

2189 1316 2468 1386 subjunxit
2484 1319 2644 1373 etiam
2671 1335 2908 1384 causam,
2932 1319 3150 1375 dicens:
3183 1319 3309 1384 Qute
3323 1321 3391 1372 ad
3411 1337 3515 1373 rem
3542 1337 3640 1373 non
3659 1337 3747 1390 per
3763 1350 3776 1361 -

2192 1409 2371 1472 tinent,
2399 1425 2518 1478 qum
2546 1419 2724 1466 nostra
2755 1409 2885 1479 nihil
2918 1409 3181 1478 referunt,
3229 1410 3423 1486 inquit,
3475 1410 3568 1480 sed
3613 1411 3772 1482 magis

2188 1500 2467 1567 gratiarum
2506 1502 2774 1568 actionem.

2257 1587 2314 1642 Ξ.
2343 1589 2478 1656 Quid
2529 1590 2745 1660 prodest
2772 1590 2968 1661 aliquid
3022 1591 3283 1660 urbanum
3343 1592 3768 1665 dlcerc?solum

2191 1694 2379 1733 moves
2424 1681 2614 1735 risum.
2645 1681 2735 1735 Dic
2758 1682 2886 1741 mihi
2913 1700 2926 1736 :
2951 1693 3102 1739 sutor
3132 1683 3361 1740 facietne
3382 1685 3582 1756 aliquid
3613 1702 3676 1740 ex
3706 1688 3769 1740 iis

2189 1787 2308 1840 qute
2335 1770 2400 1825 ad
2424 1781 2593 1826 artem
2647 1787 2796 1826 suam
2829 1790 2933 1828 non
2984 1777 3276 1850 pertinent,
3335 1786 3426 1847 aut
3476 1776 3769 1847 possidebit

2188 1863 2399 1933 aliquod
2421 1863 2686 1933 ejusmodi
2731 1864 3144 1934 instrumentum
3171 1868 3193 1921 ?
3224 1867 3566 1938 Nequaquam
3601 1888 3612 1922 :
3643 1883 3766 1940 nam

2187 1969 2306 2024 quae
2327 1968 2433 2007 non
2464 1963 2586 2008 sunt
2605 1955 2656 2008 in
2683 1970 2802 2018 usu,
2828 1972 2888 2010 ea
2915 1957 3047 2011 nihil
3080 1958 3144 2011 ad
3168 1973 3288 2016 nos.
3348 1957 3534 2030 Nullus
3559 1960 3624 2012 sit
3654 1974 3768 2028 scr:-

2189 2060 2275 2098 mo
2303 2044 2506 2099 otiosus
2549 2063 2561 2098 :
2596 2059 2717 2110 nam
2761 2046 2828 2122 ab
2849 2049 3023 2103 otioso
3072 2063 3322 2117 sermone
3346 2051 3397 2104 in
3422 2050 3686 2120 absurdos
3715 2062 3766 2122 et

2197 2135 2538 2204 importunos
2553 2119 2871 2206 decidimus.
2905 2137 3019 2205 Non
3047 2149 3128 2205 est
3156 2154 3396 2222 prtesens
3422 2150 3632 2214 tempus
3661 2119 3758 2212 dii:

2189 2225 2316 2280 lusa:
2344 2226 2567 2297 imtitiae,
2600 2228 2694 2295 sed
2719 2230 2911 2299 luctus,
2936 2231 3307 2307 afﬂictionnm,
3341 2242 3394 2303 et
3413 2233 3671 2302 eiulatus:
3709 2248 3761 2303 tu

2189 2325 2368 2385 autem
2421 2317 2472 2372 in
2521 2317 2678 2378 dictis
2709 2319 2893 2379 l'acctis
2919 2330 3129 2392 tempus
3176 2323 3348 2393 teris?
3397 2325 3526 2393 Quis
3567 2324 3764 2397 alitlt‘la

2188 2407 2416 2463 stadium
2471 2409 2781 2480 ingressus,
2828 2414 2990 2468 missa
3041 2414 3405 2470 sollicitudine
3455 2415 3764 2489 decertandi

2187 2514 2307 2568 cum
2369 2499 2700 2568 adversario,
2752 2504 2951 2559 urbana
2982 2515 3035 2560 et
3062 2505 3232 2566 faceta
3283 2508 3446 2563 verba
3481 2509 3765 2582 loquitur?

2190 2592 2357 2660 Instat
2385 2594 2651 2662 diabolus,
2680 2597 2871 2662 circuit
2917 2599 3146 2667 ululans,
3187 2617 3435 2672 qumrcns
3464 2605 3709 2674 utrapiat
3747 2649 3761 2665 ,

2187 2688 2364 2740 omnia
2393 2697 2590 2753 movet,
2620 2697 2674 2751 et
2704 2690 2754 2742 in
2784 2701 2944 2759 caput
2971 2701 3118 2754 tuum
3143 2695 3304 2762 vertit
3329 2693 3533 2761 omnia,
3565 2705 3620 2750 et
3649 2676 3763 2752 mtr-

2187 2776 2312 2831 litur
2340 2786 2399 2830 ut
2423 2790 2478 2832 te
2520 2795 2550 2834 e
2577 2780 2706 2846 nido
2755 2782 2964 2850 eiiciat,
3011 2783 3261 2849 dentibus
3304 2787 3534 2858 stridet,
3588 2791 3756 2864 rugit,

2189 2868 2365 2938 ignem
2413 2871 2579 2941 spirat
2631 2871 2894 2933 adversus
2945 2882 3088 2938 tuam
3145 2876 3413 2945 salutem:
3445 2889 3579 2942 ettu
3609 2881 3763 2944 sedes

2188 2963 2388 3016 urbana
2409 2972 2462 3018 et
2482 2963 2649 3029 faceta
2681 2965 2842 3025 verba
2887 2965 3093 3033 dicens,
3117 2977 3171 3029 et
3210 2969 3372 3036 stulta
3424 2971 3683 3056 loquens,
3709 2982 3764 3043 oi

2186 3069 2304 3124 quae
2328 3053 2394 3109 ad
2430 3071 2541 3114 rem
2572 3071 2680 3119 non
2709 3057 2978 3131 pertinent
3025 3057 3343 3127 proferens?
3389 3053 3606 3130 rectene
3635 3079 3762 3133 ergo

2188 3147 2389 3214 poteris
2414 3163 2538 3203 eum
2563 3151 2858 3217 superare?
2883 3149 3162 3220 Ludimus,
3182 3167 3218 3218 ρ
3238 3153 3440 3223 dilecti,
3469 3153 3562 3218 Vis
3585 3155 3759 3214 disce-

2185 3252 2243 3292 re
2270 3252 2518 3307 qutenam
2544 3239 2614 3298 sit
2637 3249 2943 3302 sanctorum
2986 3243 3108 3296 vitae
3143 3243 3365 3315 agendae
3409 3243 3593 3313 ratio?
3631 3245 3753 3297 audi

2185 3329 2404 3388 Paulum
2464 3329 2755 3396 dicentem.
2798 3330 2900 3394 Per
2944 3333 3217 3399 triennium
3265 3345 3410 3398 nocte
3446 3347 3493 3389 et
3529 3337 3612 3402 die
3657 3352 3756 3399 non

2184 3422 2369 3473 cessavi
2394 3437 2507 3474 cum
2551 3422 2791 3492 laci-ymis
2848 3440 3055 3493 moneta;
3102 3442 3504 3504 unumquemque
3543 3439 3760 3483 vestrmn

2184 3510 2202 3578 (
2234 3510 2347 3571 Act.
2377 3509 2465 3567 20.
2499 3511 2559 3565 51
2589 3511 2631 3580 ).
2681 3511 2736 3566 Si
2802 3521 2980 3575 autem
3036 3533 3132 3584 pro
3174 3517 3394 3583 Milesiis
3418 3527 3475 3588 et
3516 3519 3760 3590 Ephesiis

2187 3610 2336 3655 tanto
2364 3616 2491 3655 usus
2511 3610 2592 3656 est
2619 3603 2819 3668 studio,
2845 3619 2950 3660 non
3000 3609 3199 3662 urbana
3238 3609 3459 3679 loquens
3479 3652 3495 3679 ,
3519 3611 3612 3666 sed
3640 3628 3758 3667 nam

2186 3691 2437 3763 laerymis
2465 3691 2696 3748 all'ereus
2736 3694 3152 3765 admonitionem
3178 3740 3192 3762 ,
3222 3700 3349 3771 quid
3375 3700 3442 3764 de
3465 3704 3582 3757 aliis
3607 3703 3757 3759 dixe-

2183 3781 2297 3835 ris?
2321 3782 2456 3836 Audi
2485 3783 2646 3840 etiam
2673 3785 2798 3853 quid
2826 3785 2970 3844 dicat
2998 3787 3292 3860 Corinthiis
3316 3811 3331 3847 :
3373 3792 3456 3847 Ea:
3486 3795 3643 3848 multa
3668 3797 3756 3848 tri-

2182 3872 2436 3940 bulatione
2470 3883 2517 3926 et
2545 3877 2786 3944 angustia
2805 3879 2976 3938 pardis
2996 3882 3176 3949 scripsi
3192 3883 3329 3936 vobis
3362 3900 3449 3951 per
3473 3886 3657 3939 multas
3685 3887 3752 3937 1η-

2185 3980 2385 4033 crymas
2417 3964 2502 4036 (2.
2534 3965 2650 4026 Cor.
2681 3967 2736 4031 2,
2769 3969 2801 4020 4
2826 3968 2882 4036 );
2910 3979 2963 4023 et
2990 3987 3208 4033 rursus,
3245 3973 3372 4051 Quis
3417 3975 3710 4043 inﬁrmatur
3739 4017 3754 4042 ,

2184 4063 2230 4108 et
2268 4070 2358 4124 ego
2404 4071 2504 4116 non
2545 4056 2827 4123 inﬁt-mor?
2866 4059 2979 4127 quis
3020 4062 3415 4127 scandalizatur,
3447 4076 3494 4117 et
3521 4081 3614 4134 ego
3656 4083 3755 4127 non

2183 4161 2302 4197 uror
2327 4143 2486 4215 (Ibid.
2518 4145 2710 4216 11.29)
2737 4146 2759 4199 ’ἓ
2783 4147 2918 4202 Audi
2958 4149 3116 4209 etiam
3144 4166 3265 4212 eum
3296 4151 3420 4204 alibi
3449 4152 3710 4218 dicentem
3741 4195 3755 4217 ,

2183 4246 2236 4290 et
2261 4239 2520 4306 quotidie,
2553 4249 2610 4292 ut
2640 4242 2710 4303 ita
2742 4241 2937 4303 dicam,
2964 4255 3027 4299 ex
3057 4239 3255 4304 mundo
3279 4242 3510 4310 migrare
3535 4243 3756 4312 cupien-

2186 4338 2290 4384 tem
2323 4348 2335 4382 :
2367 4329 2502 4388 Nam
2531 4340 2578 4383 et
2611 4348 2700 4385 nos
2727 4333 2810 4400 qui
2838 4348 3010 4391 sumus
3037 4334 3086 4394 in
3115 4332 3208 4400 Imp
3254 4332 3593 4400 tabernaculo,
3619 4337 3756 4406 inge-

2185 4421 2440 4484 miscimus
2487 4421 2674 4489 (ibid.
2731 4423 2783 4478 5.
2813 4423 2902 4491 4).
2935 4421 3015 4485 Tu
3068 4432 3240 4476 autem
3292 4423 3435 4485 rides
3481 4433 3534 4489 et
3576 4425 3754 4479 ludis?

2187 4521 2269 4572 est
2290 4521 2498 4580 tempus
2524 4512 2645 4565 belli
2667 4555 2683 4584 ,
2716 4523 2768 4566 et
2795 4523 2848 4566 tu
2875 4527 2936 4566 ea
2962 4521 3156 4574 tractas
3180 4529 3297 4581 quae
3323 4523 3445 4580 sunt
3465 4529 3646 4568 eormn
3665 4519 3755 4584 qui

2188 4605 2390 4662 ducunt
2417 4605 2657 4659 choros?
2683 4605 2796 4660 Non
2820 4604 2968 4669 vides
3011 4606 3184 4661 vultus
3225 4621 3412 4670 eorum
3441 4607 3530 4676 qui
3563 4607 3756 4674 bellum

2188 4705 2401 4767 gerunt,
2433 4711 2590 4764 quam
2626 4696 2733 4750 sint
2764 4697 2960 4761 tristes,
2987 4713 3142 4766 quam
3189 4698 3492 4760 contracti?
3516 4700 3760 4768 superci—

2189 4791 2319 4850 lium
2365 4791 2506 4846 enim
2547 4807 2731 4854 eorum
2786 4800 2868 4853 est
2918 4792 3156 4852 terribile
3182 4803 3237 4848 et
3263 4794 3476 4866 plenum
3517 4795 3756 4853 horrore.

2196 4882 2355 4937 Vides
2387 4882 2596 4938 ocnium
2625 4897 2892 4948 severum,
2939 4898 3031 4945 cor
3083 4885 3393 4949 excitatum,
3443 4885 3656 4938 vibrans
3706 4895 3760 4935 et

2191 4973 2465 5036 exsiliens,
2515 4983 2747 5032 mentem
2792 4981 3139 5040 contractam,
3191 4984 3531 5038 trementem,
3563 4975 3761 5028 sollici-

2192 5074 2296 5125 tam
2318 5075 2372 5117 et
2401 5064 2633 5126 anxiam,
2661 5062 2878 5125 multam
2910 5063 3250 5124 modestiam,
3281 5074 3566 5132 aptamque
3587 5078 3650 5117 ac
3669 5065 3762 5119 dc-

2194 5169 2373 5211 coram
2400 5153 2840 5216 moderationem,
2869 5153 3092 5205 multum
3134 5152 3406 5206 silentium
3436 5153 3485 5207 in
3511 5156 3762 5209 exerciti-

2193 5244 2326 5313 bus;
2358 5258 2460 5298 non
2490 5243 2632 5304 dico,
2658 5253 2714 5294 ut
2741 5243 2944 5294 nullum
2977 5242 3192 5294 verbum
3223 5241 3402 5296 dicunt
3447 5255 3618 5316 turpe,
3667 5246 3759 5303 sel

2193 5349 2367 5404 neque
2389 5335 2676 5402 loquantur
2701 5332 2939 5384 omnino.
2971 5331 3102 5385 Nam
3136 5333 3181 5386 si
3218 5334 3272 5398 ii,
3306 5336 3393 5402 qui
3420 5337 3617 5391 bellum
3668 5351 3770 5404 ge-

2195 5436 2320 5488 runt
2347 5425 2603 5478 adversus
2632 5424 2812 5475 hostes
2863 5422 3110 5486 sensiles,
3137 5433 3189 5478 et
3219 5441 3249 5479 a
3275 5427 3454 5482 verbis
3497 5431 3629 5482 nihil
3668 5432 3763 5483 la:—

2197 5519 2397 5573 duntur
2417 5557 2430 5578 ,
2463 5523 2612 5566 tanto
2666 5521 2888 5565 utuntur
2935 5514 3145 5568 silentio
3172 5534 3186 5581 ;
3212 5530 3266 5571 tu
3293 5520 3384 5588 qui
3411 5529 3464 5587 et
3494 5521 3544 5572 in
3588 5521 3767 5575 verbis

2199 5611 2399 5666 bellum
2423 5607 2610 5669 habes,
2642 5617 2694 5659 et
2721 5605 2978 5673 majorem
2997 5609 3117 5664 belli
3149 5621 3375 5688 portent,
3401 5613 3536 5681 hanc
3560 5623 3768 5684 partem

2199 5701 2294 5771 tibi
2346 5699 2478 5754 sinis
2506 5711 2625 5752 csse
2672 5697 2915 5769 nudam?
2955 5716 3021 5773 an
3054 5703 3264 5774 ignoras
3289 5703 3429 5772 quod
3463 5704 3584 5761 hinc
3611 5706 3766 5762 nobis

3375 5795 3418 5877 8
