4218 6266
510 308 607 363 ηο
1244 310 1302 367 S.
1341 307 1619 367 JOANNIS
1653 303 2127 365 CIIRYSOSTOMI
2164 304 2480 363 ARCIliEP.
2521 308 3053 368 CONS'I‘AN'IINOP.

505 421 748 492 plurimae
773 431 1028 493 parantur
1049 421 1297 479 insidiati
1319 419 1503 485 Ludis,
1530 418 1801 477 deliciaris
1823 461 1839 488 ,
1875 416 2073 474 faceta-

503 530 608 585 que
637 522 691 571 et
716 515 916 570 urbana
948 514 1106 582 dicis,
1145 522 1200 570 et
1223 515 1392 570 risum
1440 525 1649 579 moves,
1682 527 1905 583 remque
1949 511 2085 565 nihil

508 606 831 661 existimas?
860 609 901 661 Α
931 605 1133 677 lepidis
1150 612 1205 660 et
1235 604 1457 661 urbanis
1480 603 1641 661 dictis
1668 612 1801 675 quot
1828 604 2085 674 perjuria,

503 709 636 768 quot
685 698 900 762 damna,
932 700 1090 767 quam
1113 684 1276 750 multa
1319 696 1480 752 verba
1509 696 1684 765 turpia
1709 704 1760 750 et
1793 693 2089 751 obscmna?

505 790 573 843 At
602 802 706 847 non
725 796 868 853 sunt,
894 788 1086 856 inquit,
1110 785 1371 858 ejusmodi
1399 786 1538 842 dicta
1563 786 1784 841 urbana.
1808 784 1915 841 Sed
1940 784 2085 840 audi:

503 888 713 935 om’nem
741 879 1102 934 urbanitatem
1138 886 1194 934 et
1218 878 1559 935 dicacitatem
1582 879 1826 948 expellit.
1852 878 2088 949 Tempus

505 962 626 1030 aelii
665 981 720 1029 ct
755 988 964 1044 pugnat,
994 972 1210 1044 vigilite,
1239 970 1524 1039 custodias,
1555 979 1844 1027 armaturae
1872 980 1925 1026 et
1952 970 2085 1027 aciei

502 1062 831 1120 instruenda:
861 1081 874 1118 :
903 1063 1106 1119 nullum
1141 1063 1318 1119 tecum
1348 1061 1434 1117 hic
1458 1063 1655 1118 habere
1675 1071 1850 1132 potest
1879 1072 2088 1133 tempus

502 1156 678 1211 risus:
709 1155 814 1210 hoc
854 1155 998 1210 enim
1033 1161 1119 1210 est
1146 1161 1358 1224 tempus
1395 1153 1599 1208 mundi.
1647 1153 1788 1207 Audi
1816 1152 2085 1208 Christum

500 1246 803 1301 dicentem:
837 1244 1064 1300 Mundus
1084 1243 1341 1316 gaudebit,
1368 1257 1456 1298 vos
1475 1253 1643 1298 autem
1664 1244 2089 1298 contristabimini

500 1335 703 1409 (Joan.
726 1335 814 1392 l6.
836 1335 906 1392 20
922 1334 965 1408 ).
986 1333 1234 1391 Christus
1256 1335 1311 1390 in
1342 1349 1561 1391 crucem
1589 1342 1746 1390 actus.
1768 1344 1851 1390 est
1873 1344 2088 1405 propter

499 1438 594 1484 tua
622 1427 759 1483 mala
793 1444 806 1481 :
834 1436 895 1482 tu
919 1436 1098 1482 autem
1153 1425 1346 1483 rides?
1387 1425 1634 1496 impacta:
1664 1433 1790 1481 sunt
1813 1424 1891 1480 illi
1919 1425 2088 1495 alapae

498 1533 555 1578 et
582 1520 817 1593 colaphi,
839 1528 897 1577 et
923 1531 1029 1575 tam
1047 1520 1213 1575 multa
1240 1533 1431 1590 passus
1458 1527 1541 1575 est
1569 1527 1789 1589 propter
1831 1527 1973 1573 tuam
1993 1532 2086 1573 ca-

499 1613 815 1679 lamitatem,
841 1622 893 1668 et
919 1625 1039 1683 qua:
1061 1618 1114 1667 te
1135 1608 1615 1680 comprehenderat
1663 1617 2032 1680 tempestatem
2070 1625 2084 1664 :

501 1714 555 1760 tu
583 1712 762 1761 autem
789 1703 937 1774 degis
955 1703 1008 1757 in
1028 1702 1278 1758 deliciis?
1301 1701 1369 1757 Et
1390 1700 1662 1772 quomodo
1689 1717 1796 1755 non
1816 1717 1938 1756 eum
1970 1717 2086 1756 ma-

497 1794 581 1869 gis
606 1796 830 1853 irritas?
856 1794 963 1852 Sed
990 1794 1244 1867 quoniam
1264 1794 1478 1849 videtur
1503 1792 1820 1863 quibttsdam
1850 1807 1938 1848 res
1966 1807 2087 1850 esse

498 1885 832 1953 indifferens,
863 1901 1025 1957 quam
1049 1885 1267 1956 quidem
1295 1899 1492 1941 cavere
1523 1893 1607 1940 est
1634 1883 1923 1939 admodum
1947 1883 2087 1940 diffi-

497 1978 620 2046 cile,
639 1992 738 2050 age
750 1976 817 2033 de
832 1992 898 2033 eo
911 1976 1092 2048 paucis
1106 1975 1459 2041 disseramus,
1473 1975 1732 2030 docentes
1744 1984 2000 2047 quantum
2015 1977 2087 2032 sit

497 2070 715 2125 malum.
732 2068 844 2124 Hoc
853 2068 1089 2125 estenim
1103 2083 1240 2138 opus
1252 2067 1472 2132 diaboli,
1486 2065 1701 2122 efﬁcere
1718 2076 1772 2121 ut
1785 2065 2085 2138 despician-

498 2169 580 2216 tur
596 2175 714 2230 qua:
729 2169 854 2216 sunt
880 2158 1257 2215 inditl‘erentia.
1292 2158 1471 2229 Atque
1490 2157 1721 2228 primum
1743 2157 1959 2228 quidem
1981 2199 1996 2226 ,
2036 2159 2082 2214 si

496 2247 976 2317 essetiuditi‘erens,
992 2264 1060 2305 ne
1071 2249 1150 2305 sic
1171 2248 1390 2320 quidem
1409 2249 1584 2319 ipsum
1603 2258 1880 2319 oporteret
1903 2248 2087 2321 despi-

497 2356 643 2408 cere,
665 2342 924 2397 scientem
949 2341 1091 2412 quod
1118 2356 1185 2397 ex
1204 2355 1272 2397 eo
1289 2339 1453 2395 multa
1475 2349 1761 2395 nascantur
1783 2341 1942 2402 mala.
1965 2357 2085 2397 cre-

500 2439 757 2501 scantque
770 2439 823 2485 et
843 2445 985 2501 saepe
1001 2430 1249 2486 desinant
1266 2430 1319 2484 in
1332 2431 1734 2484 scortationem:
1749 2429 1888 2499 quod
1903 2438 2083 2486 autem

500 2538 606 2578 non
636 2523 706 2578 sit
736 2521 1080 2588 indifferens,
1114 2521 1238 2577 inde
1276 2530 1355 2577 est
1403 2523 1764 2591 perspicuum.
1796 2521 2084 2579 Videamus

501 2628 630 2683 ergo
660 2613 800 2669 unde
831 2620 1112 2678 nascatur;
1156 2612 1241 2668 vel
1280 2612 1453 2681 potius
1484 2610 1761 2667 videamus
1785 2611 2083 2682 cujusmodi

498 2713 710 2775 oportet
735 2719 858 2760 esse
884 2715 1151 2772 sanctum,
1174 2703 1378 2766 mitem,
1403 2710 1764 2768 mansuetum,
1788 2702 2081 2774 lugentem,

499 2800 911 2862 lamentantem,
943 2793 1222 2850 afflictum.
1255 2793 1355 2861 Qui
1382 2807 1514 2863 ergo
1539 2792 1669 2847 dicit
1697 2792 1896 2848 urbana
1926 2804 1979 2848 et
2008 2794 2085 2848 fa-

499 2900 615 2945 ceta
637 2930 652 2954 ,
686 2903 791 2943 non
823 2895 908 2945 est
936 2890 1152 2943 sanctus
1177 2901 1195 2943 :
1219 2886 1428 2943 etiamsi
1458 2886 1526 2940 sit
1548 2885 1767 2941 Grmcus
1789 2927 1806 2953 ,
1832 2885 1878 2941 is
1901 2895 1983 2941 est
2014 2885 2085 2940 ri-

500 2981 709 3037 diculus
733 2998 746 3038 :
773 2981 838 3037 iis
866 2980 998 3036 solis
1023 2981 1112 3052 qui
1139 2987 1264 3035 sunt
1284 2979 1337 3034 in
1359 2993 1517 3035 scena
1539 2978 1655 3035 haec
1686 2977 2080 3048 permittuntur.

503 3073 603 3130 Ubi
635 3082 719 3129 est
750 3071 1053 3142 turpitudo,
1085 3069 1193 3127 illic
1217 3078 1300 3125 est
1328 3069 1489 3125 etiam
1516 3068 1813 3123 scurrilitas
1841 3085 1855 3123 :
1886 3067 1971 3122 ubi
2003 3077 2084 3123 est

504 3164 644 3220 risus
684 3165 1057 3235 importunus,
1104 3162 1215 3218 illic
1250 3169 1335 3217 est
1379 3159 1541 3217 etiam
1584 3160 1897 3215 scurrilitas.
1946 3160 2081 3215 Audi

498 3254 817 3326 prophetam
862 3253 1129 3310 dicentem
1165 3270 1178 3308 :
1210 3251 1408 3308 Servite
1444 3247 1665 3306 Domino
1700 3251 1753 3304 in
1790 3250 1999 3315 timore,
2037 3260 2084 3305 et

499 3349 748 3403 cxsultate
776 3347 822 3401 ei
856 3346 909 3400 in
939 3350 1153 3400 tremore
1186 3340 1361 3415 (Prol.
1388 3340 1444 3396 2.
1479 3340 1589 3412 Η).
1621 3340 1751 3395 Nam
1787 3341 2084 3396 scurrilitas

501 3439 714 3494 mollem
743 3436 906 3492 efficit
933 3436 1167 3491 animum
1195 3434 1529 3506 pigramque,
1560 3432 1756 3487 attollit
1781 3439 1836 3488 et
1863 3431 2080 3499 excitat,

501 3532 773 3601 multaque
818 3528 1007 3599 probra
1051 3526 1278 3598 parturit
1317 3531 1373 3581 et
1409 3525 1761 3581 cautumelias
1786 3566 1800 3591 ,
1845 3533 1898 3579 et
1941 3524 2079 3578 bella

501 3621 642 3673 facit.

575 3709 630 3763 5.
660 3707 797 3775 Quid
840 3705 1005 3761 vero?
1035 3714 1212 3760 annOn
1253 3703 1452 3759 relatus
1487 3716 1548 3759 es
1586 3703 1726 3758 inter
1759 3702 1946 3758 viros?
1975 3702 2082 3758 Fac

502 3813 633 3870 ergo
662 3806 720 3853 ut
748 3805 962 3853 cessent
988 3804 1107 3866 qua:
1135 3802 1260 3849 sunt
1287 3792 1513 3864 parvuli.
1545 3791 1650 3848 Sed
1682 3788 1934 3848 famulum
1962 3793 2082 3862 qui-

502 3892 625 3947 dem
654 3900 801 3945 tuum
832 3902 937 3945 non
977 3889 1059 3943 vis
1098 3888 1151 3943 in
1182 3887 1297 3942 foro
1323 3885 1504 3941 dicere
1533 3900 1651 3955 qua:
1689 3896 1815 3940 sunt
1844 3886 2079 3952 inutilia;

401 4034 411 4046 ,
506 3994 560 4038 ιιι
589 3991 788 4049 autem,
817 3981 908 4052 qui
932 3979 1069 4039 dicis
1094 3987 1149 4034 te
1178 3988 1299 4033 esSe
1330 3978 1420 4032 Dei
1454 3970 1705 4031 famulum
1731 4017 1746 4041 ,
1778 3975 1831 4030 in
1862 3974 1978 4031 foro
2005 3977 2080 4030 lu-

504 4075 685 4146 queris
722 4072 922 4127 urbana
954 4078 1008 4127 et
1036 4067 1299 4125 scurrilia.
1341 4064 1607 4122 Praeclare
1632 4064 1846 4134 quidem
1876 4066 2079 4135 agitur,

502 4166 545 4221 si
575 4164 756 4219 sobria
784 4164 959 4218 anima
988 4161 1171 4216 furtim
1202 4174 1307 4214 non
1334 4157 1593 4229 rapiatur,
1625 4156 1861 4210 ltetitiam
1901 4165 2079 4210 autem

504 4258 749 4312 dill'usam
776 4255 895 4325 quis
921 4269 1025 4308 non
1052 4253 1229 4322 capiet
1251 4260 1306 4306 et
1324 4248 1685 4320 expugnabit?
1711 4248 1821 4318 ipsa
1848 4260 1877 4302 a
1907 4248 2079 4318 Seipsa

507 4349 803 4418 conligetur
826 4388 842 4414 ,
884 4361 985 4401 nec
1008 4359 1144 4416 Opus
1176 4344 1274 4399 erit
1319 4341 1527 4398 insidiis
1555 4350 1609 4397 et
1637 4341 1832 4395 insultu
1860 4339 2077 4395 diaboli.

508 4440 578 4496 Ut
605 4450 783 4495 autem
813 4437 1009 4499 discas,
1041 4435 1163 4491 vide
1188 4434 1350 4489 etiam
1381 4434 1553 4503 ipsum
1584 4444 1778 4487 nomen
1805 4449 1817 4484 :
1840 4430 2081 4486 scurrilis

503 4533 719 4600 dicitur,
752 4533 840 4602 qui
867 4540 949 4587 est
974 4530 1154 4585 varius
1174 4570 1188 4596 ,
1218 4526 1566 4596 omnigenus,
1596 4524 1881 4588 instabilis,
1913 4522 2081 4578 facilis

500 4641 564 4681 ac
591 4626 743 4688 levis,
774 4633 826 4677 et
856 4622 907 4675 in
939 4635 1125 4675 omnes
1155 4634 1214 4674 se
1254 4626 1467 4672 vertens
1495 4616 1703 4686 species
1728 4633 1742 4668 :
1770 4614 1872 4669 bne
1901 4623 2077 4668 autem

502 4719 661 4784 longe
690 4713 839 4767 abest
870 4709 938 4765 ab
967 4710 1031 4764 iis
1054 4709 1145 4780 qui
1174 4717 1335 4777 petra:
1364 4706 1623 4761 serviunt.
1654 4703 1703 4759 Is
1731 4702 1886 4759 facile
1911 4702 2079 4757 verti-

501 4817 587 4861 tur
616 4814 674 4862 et
698 4812 935 4858 mutatur
958 4819 971 4856 :
993 4808 1205 4870 opertet
1229 4798 1373 4854 enim
1398 4808 1519 4853 eum
1546 4803 1599 4851 et
1625 4794 1846 4864 figuram
1877 4801 1934 4849 et
1961 4808 2082 4847 ver-

501 4901 625 4954 bum
655 4906 709 4954 et
739 4897 907 4953 risum
949 4902 1003 4950 et
1051 4893 1315 4948 incessum
1352 4901 1407 4947 et
1447 4889 1623 4944 omnia
1654 4885 1889 4951 imitari;
1922 4888 2080 4955 quin-

503 4992 659 5047 etiam
687 4994 898 5062 op0rtet
928 4996 1050 5043 eum
1083 4984 1388 5055 excogitare
1414 4988 1705 5037 scomtnata
1733 4984 1788 5032 et
1816 4976 2032 5031 dicteria
2060 4992 2075 5029 :

504 5102 624 5140 nam
652 5100 716 5139 eo
741 5097 955 5155 quoque
981 5080 1030 5136 ei
1057 5091 1192 5150 opus
1215 5084 1318 5132 est.
1350 5073 1541 5130 Procul
1565 5079 1744 5127 autem
1774 5076 1855 5125 est
1873 5082 1903 5122 a
1925 5067 2080 5123 Chri-

500 5178 677 5232 stiano
705 5175 924 5230 comicis
952 5172 1108 5228 dictis
1134 5171 1423 5226 incessere.
1458 5164 1521 5219 Et
1551 5175 1771 5219 necesse
1802 5168 1885 5215 cst
1911 5159 1959 5215 ei
1986 5160 2074 5229 qui

501 5266 815 5323 scurrilibus
839 5265 997 5320 dictis
1023 5265 1203 5329 utitur,
1230 5271 1652 5330 supervacaneas
1682 5253 1951 5323 suscipere
1972 5251 2076 5305 ini-

502 5362 731 5418 micitias
766 5373 951 5414 eorum
995 5359 1083 5426 qui
1123 5365 1327 5411 temere
1355 5349 1593 5406 dicteriis
1619 5346 1935 5406 irridentur,
1963 5344 2077 5398 sive

499 5453 711 5514 adsint,
741 5450 855 5506 sive
880 5447 1130 5502 absentes
1153 5444 1437 5501 audierint.
1465 5441 1520 5497 Si
1555 5453 1643 5495 res
1669 5445 1750 5492 est
1778 5434 1996 5506 pulchra
2022 5443 2077 5489 et

500 5545 748 5604 honesta,
774 5557 872 5597 cur
891 5536 1209 5608 relinquitur
1230 5534 1445 5590 mimis?
1467 5532 1657 5588 Mimus
1677 5527 1880 5593 evadis,
1899 5536 1952 5582 et
1968 5540 2074 5580 non

508 5647 559 5691 te
597 5632 794 5702 pudet?
829 5632 938 5689 Cur
964 5628 1151 5685 liberis
1179 5625 1366 5697 puellis
1398 5623 1589 5679 vestris
1624 5619 1726 5675 hoc
1764 5616 1939 5673 facere
1969 5628 2073 5671 non

500 5721 839 5797 permittitis?
868 5735 1045 5777 annon
1073 5715 1331 5774 statuistis
1357 5728 1472 5770 rem
1500 5724 1621 5767 esse
1651 5708 1936 5775 inhonesti,
1966 5720 2071 5761 non

3698 322 3796 376 rso

2199 419 2425 475 modesti
2465 420 2613 475 viri?
2657 421 2839 493 stagna
2880 424 3019 478 mala
3066 424 3305 481 habitant
3352 429 3403 483 in
3454 427 3633 486 anima
3669 449 3785 500 quae

2198 509 2360 564 verba
2390 520 2612 581 usurpat
2635 512 2876 568 scurrilia
2899 525 2951 569 et
2974 515 3165 583 faceta,
3188 530 3378 588 magna
3405 519 3705 589 dissolutio,
3735 535 3785 583 rt

2196 600 2320 656 hinc
2350 603 2582 659 solitudo
2601 603 2619 637 ¹
2646 622 2659 657 :
2684 604 2798 660 hiat
2823 620 3083 677 compago
3105 648 3119 671 ,
3152 612 3435 666 marcescit
3462 612 3781 684 mdiiicium,

2195 693 2583 749 exterminatur
2619 696 2809 762 timor,
2848 697 2999 753 abest
3045 699 3234 768 pietas.
3283 701 3461 758 Habes
3507 704 3779 775 linguam,

2195 798 2302 837 non
2323 791 2379 838 ut
2399 784 2620 840 comicis
2635 784 2793 840 dictis
2811 787 3068 853 incessas,
3093 789 3186 844 sed
3212 800 3269 844 ut
3290 792 3538 862 Deo-agas
3557 796 3782 866 gratias.

2193 873 2310 929 Non
2352 874 2503 932 vides
2543 878 2851 945 moriones,
2890 879 2979 950 qui
3018 888 3327 947 γελωτοποιοὶ
3360 885 3613 942 dicuntur
3637 890 3780 957 quod

2194 966 2362 1021 risum
2400 978 2684 1035 moveant,
2722 974 2778 1024 et
2816 970 2979 1041 vulgo
3014 981 3273 1027 vocantur
3305 981 3523 1047 κόρδκκις
3552 979 3671 1048 (-a)?
3695 980 3783 1035 isti

2194 1064 2320 1111 sunt
2342 1061 2622 1129 εὐτράπελοι
2639 1098 2656 1126 ,
2684 1058 2735 1114 id
2760 1059 2879 1125 est,
2912 1061 3168 1117 sc’urrilés
3193 1071 3249 1118 et
3273 1063 3452 1122 faceti.
3484 1067 3779 1138 Expe‘llit‘e,

2193 1162 2357 1220 rogo,
2391 1164 2420 1204 a
2448 1158 2746 1207 vestrarum
2784 1153 3083 1208 animarum
3126 1153 3322 1211 finibus
3350 1157 3610 1229 ingratam
3641 1159 3781 1218 hanc

2190 1243 2412 1312 gratiam
2439 1260 2453 1297 :
2478 1258 2563 1298 res
2583 1252 2668 1300 est
2697 1246 3074 1314 parasitorum,
3103 1248 3410 1315 mimorum,
3438 1254 3773 1321 saltator-nm,

2194 1335 2596 1403 prostitutarum
2625 1338 2909 1394 mulierum
2938 1356 2952 1395 :
2976 1334 3167 1409 procul
3188 1342 3258 1397 sit
3283 1343 3352 1398 ab
3379 1346 3554 1400 anima
3586 1346 3775 1416 libera,

2194 1425 2380 1494 procul
2409 1425 2477 1482 ab
2507 1427 2756 1499 ingenua,
2786 1436 2842 1484 et
2872 1431 3053 1500 procul
3077 1444 3106 1484 a
3132 1430 3324 1487 servis.
3357 1432 3413 1489 Si
3439 1435 3557 1504 quis
3581 1443 3664 1491 est
3689 1436 3776 1492 in-

2193 1518 2379 1586 famis,
2410 1519 2454 1574 si
2486 1521 2605 1590 quis
2631 1521 2802 1591 turpis
2830 1528 2885 1576 et
2907 1522 3225 1590 obscaenas,
3254 1524 3298 1578 is
3328 1534 3412 1580 cst
3438 1525 3597 1581 etiam
3624 1541 3778 1584 scur-

2191 1608 2329 1665 rilis.
2356 1609 2532 1665 Multis
2554 1620 2734 1666 autem
2761 1611 2974 1667 videtur
2993 1612 3107 1668 haec
3132 1628 3217 1669 res
3244 1615 3405 1671 etiam
3430 1631 3550 1673 esse
3571 1618 3775 1677 virtus:

2190 1708 2245 1756 et
2268 1711 2351 1757 est
2377 1701 2479 1757 hoc
2511 1702 2816 1773 lugendum.
2851 1702 2921 1759 Ut
2960 1705 3103 1779 enim
3133 1707 3561 1775 concupiscentia
3588 1710 3774 1779 paula-

2192 1795 2286 1848 titn
2325 1793 2542 1851 devenit
2580 1795 2651 1850 ad
2688 1797 3069 1852 scortationem‘
3095 1838 3109 1861 ,
3155 1796 3228 1851 ita
3273 1798 3431 1853 etiam
3480 1801 3777 1857 scurrilitas

2190 1884 2403 1943 videtur
2436 1903 2558 1944 esse
2600 1904 2688 1944 res
2728 1891 3003 1959 gratiosa;
3034 1887 3133 1944 Sed
3174 1888 3304 1943 nihil
3344 1890 3559 1946 esthoc
3600 1892 3776 1947 minus

2188 1981 2506 2053 gratiosum.
2549 1980 2688 2035 Audi
2729 1980 2872 2035 enim
2917 1974 3251 2049 Scripturam
3296 1980 3605 2036 dicentem:
3645 1980 3773 2038 Ante

2189 2073 2379 2126 tonitm
2419 2082 2659 2142 properat
2701 2071 2879 2142 fulgur
2899 2111 2915 2137 ,
2950 2078 2998 2124 et
3041 2071 3313 2140 pudentem
3344 2070 3580 2142 prendit
3607 2074 3782 2144 gratia

2189 2161 2379 2233 (Ecclt'.
2409 2161 2498 2218 52.
2530 2161 2642 2233 Η).
2664 2161 2886 2219 Scurrili
2912 2170 3090 2216 autem
3120 2161 3251 2215 nihil
3281 2169 3364 2216 est
3392 2162 3772 2232 impudentius.

2187 2256 2364 2320 Quare
2403 2269 2465 2309 os
2503 2253 2618 2323 ejus
2642 2261 2727 2309 est
2756 2253 2968 2324 plenum
2990 2294 3007 2320 ,
3041 2267 3150 2308 non
3181 2254 3349 2323 gratia
3371 2296 3386 2319 ,
3431 2254 3525 2309 sed
3563 2254 3772 2310 dolore.

2190 2336 2342 2401 Hunc
2373 2360 2576 2401 morem
2605 2344 2940 2416 expellamus
2969 2359 2997 2399 a
3028 2345 3252 2400 mensis.
3286 2342 3422 2400 Sunt
3448 2346 3609 2401 etiam
3649 2347 3766 2416 qui-

2189 2438 2310 2493 dam
2340 2438 2429 2506 qui
2461 2444 2723 2509 pauperes
2749 2438 2850 2493 hoc
2869 2437 3081 2492 docent.
3105 2432 3151 2491 Ο
3174 2425 3557 2492 absurditatem
3583 2439 3596 2492 !
3621 2451 3767 2493 scur-

2190 2528 2321 2585 riles
2344 2543 2464 2584 esse
2492 2529 2695 2583 faciunt
2721 2541 2818 2584 eos
2853 2527 2946 2598 qui
2981 2537 3107 2582 sunt
3142 2527 3193 2581 in
3232 2525 3608 2583 aftlictionilms
3637 2530 3651 2585 l
3682 2529 3767 2583 ubi

2189 2619 2331 2675 enim
2354 2619 2463 2690 jam
2486 2625 2591 2674 non
2614 2628 2696 2674 est
2721 2617 2810 2674 hic
2834 2616 3220 2673 merbusﬂam
3250 2620 3409 2673 etiam
3439 2618 3772 2674 introductus

2189 2720 2272 2766 est
2315 2711 2368 2766 in
2411 2710 2706 2766 Ecclesiam
2737 2728 2749 2765 :
2772 2710 2882 2781 jam
2924 2710 3082 2765 etiam
3123 2708 3296 2780 attigit
3323 2707 3647 2779 Scripturas.
3680 2709 3771 2765 Di-

2188 2818 2378 2860 camne
2413 2802 2646 2874 aliquid,
2681 2811 2739 2858 ut
2774 2802 2902 2858 mali
2943 2802 3220 2856 ostendam
3257 2801 3722 2871 eXSuperationcm
3745 2803 3775 2854 ’ἒ

2188 2898 2271 2952 Me
2290 2897 2502 2968 quidem
2528 2896 2706 2966 pudet,
2728 2895 2821 2950 sed
2841 2902 3016 2949 tamen
3039 2894 3213 2948 dicant
3240 2911 3254 2948 :
3280 2894 3401 2949 volo
3421 2894 3563 2948 enim
3584 2905 3767 2949 osten-

2188 2988 2318 3045 dere
2342 3003 2448 3059 quo
2471 2987 2729 3058 processit
2753 2987 2973 3055 malum,
2998 3001 3065 3040 ne
3088 2986 3271 3041 videar
3290 2986 3357 3042 de
3380 2986 3540 3041 rebus
3564 2986 3768 3057 pusillis

2188 3095 2349 3151 agere
2377 3087 2433 3135 et
2460 3079 2527 3133 de
2564 3095 2624 3133 re
2651 3079 2823 3148 aliqua
2854 3092 3011 3147 parva
3037 3077 3303 3132 disserere
3322 3118 3338 3145 ,
3368 3075 3463 3133 sed
3495 3084 3552 3131 ut
3576 3077 3657 3130 vel
3689 3078 3766 3131 sic

2189 3173 2386 3243 possim
2430 3170 2499 3226 ab
2544 3184 2730 3225 errore
2778 3180 2872 3224 vus
2910 3168 3200 3225 abducere.
3245 3167 3355 3224 Nec
3382 3184 3469 3224 me
3499 3169 3768 3224 exisdmet

2186 3263 2449 3334 quispiam
2474 3263 2691 3334 fingere,
2716 3261 2811 3318 sed
2831 3262 3003 3318 dicam'
3031 3264 3149 3331 quae
3176 3261 3375 3316 audivi.
3406 3261 3535 3317 Erat
3552 3261 3773 3331 quidam

2188 3355 2328 3426 apud
2360 3354 2593 3423 aliquem
2620 3368 2685 3409 ex
2711 3352 2797 3419 iis,
2821 3353 2910 3422 qui
2932 3350 3000 3408 de
3019 3351 3241 3407 scientia
3267 3351 3567 3422 gloriantur
3590 3360 3643 3406 et
3665 3351 3765 3405 sibi

2187 3442 2402 3515 placent
2426 3462 2438 3498 :
2465 3453 2519 3500 et
2547 3444 2660 3499 scio
2688 3443 2907 3514 quidem
2933 3441 3169 3498 futurum
3201 3451 3259 3497 ut
3288 3443 3457 3497 risum
3484 3452 3725 3498 moveam
3747 3483 3760 3500 .

2187 3535 2280 3591 sed
2306 3544 2481 3590 tamen
2503 3533 2675 3590 dicam
2702 3551 2715 3586 :
2742 3533 2787 3587 is
2806 3540 2992 3588 mensa
3019 3533 3259 3602 apposita
3283 3532 3494 3587 dicebat
3520 3550 3532 3586 :
3556 3532 3761 3602 Appi-e-

2189 3625 2601 3697 bendite.pueri,
2638 3640 2704 3680 ne
2732 3623 2944 3693 quando
2963 3620 3224 3678 irascatur
3249 3632 3455 3678 venter.
3485 3622 3554 3678 Et
3579 3636 3765 3679 rursus

2186 3718 2277 3773 alii
2304 3717 2488 3772 dicunt
2517 3734 2529 3769 :
2554 3703 2647 3770 Vae
2675 3715 2792 3781 tibi,
2823 3714 3148 3778 mammona,
3178 3721 3234 3768 et
3257 3714 3305 3769 ei
3335 3715 3425 3784 qui
3454 3722 3505 3769 te
3534 3728 3643 3769 non
3668 3714 3763 3767 ba-

2188 3807 2313 3863 betl
2345 3808 2413 3862 Et
2439 3806 2600 3862 multa
2634 3803 2895 3876 ejusmodi
2938 3804 3167 3860 absurda
3198 3805 3491 3860 introduxit
3520 3808 3760 3862 scurrili-

2187 3909 2267 3955 tas
2291 3917 2306 3955 :
2332 3908 2389 3955 ut
2412 3899 2624 3971 quando
2652 3897 2873 3953 dicunt:
2897 3896 3055 3952 Modo
3084 3912 3190 3951 non
3217 3906 3301 3952 est
3324 3899 3617 3968 generatio.
3654 3899 3765 3954 lloc

2186 3992 2307 4045 dico
2336 3988 2593 4045 adversus
2632 3985 3017 4043 absurditatent
3057 3987 3317 4041 malorum
3358 3992 3568 4042 morum
3599 4005 3614 4042 :
3641 3997 3762 4042 sunt

2184 4084 2327 4139 enim
2359 4081 2475 4137 haec
2505 4081 2664 4137 verba
2699 4081 2890 4136 animae
2934 4077 3161 4136 desertas
3201 4093 3231 4132 a
3275 4080 3472 4150 pietate
3509 4093 3574 4135 ac
3608 4093 3761 4135 reve-

2185 4174 2378 4230 rentia.
2427 4175 2619 4230 Annon
2667 4171 2982 4227 fulminibus
3021 4171 3179 4241 digna
3230 4179 3355 4224 sunt
3405 4170 3520 4226 hmo
3558 4172 3763 4227 verba?

2185 4264 2344 4320 Multa
2374 4264 2442 4319 ab
2470 4265 2552 4318 bis
2581 4264 2740 4318 etiam
2770 4262 2872 4317 alia
2899 4260 3159 4332 ejusmodi
3187 4260 3293 4316 dici
3322 4260 3583 4330 quispiam
3611 4262 3762 4317 inve-

2187 4357 2345 4411 nerit.
2372 4354 2729 4421 Quamobrem
2770 4362 2902 4422 rogo
2940 4360 3001 4407 ut
3044 4351 3279 4421 undique
3309 4351 3450 4405 malo
3477 4351 3578 4407 hoc
3616 4364 3764 4407 more

2185 4448 2428 4519 expulso,
2461 4444 2546 4500 illa
2583 4443 2866 4516 loquamur
2891 4459 3010 4513 quae
3051 4440 3206 4497 nobis
3234 4442 3582 4508 conveniunt,
3614 4453 3666 4498 et
3698 4458 3763 4497 ne

2185 4555 2275 4596 ora
2300 4549 2478 4595 sancta
2503 4538 2791 4608 loquantur
2810 4534 2970 4590 verba
2990 4533 3263 4588 infantium
3287 4546 3341 4587 et
3361 4532 3761 4589 obsctenornnt.

2188 4632 2314 4699 Quae
2347 4641 2419 4686 est
2444 4630 2579 4683 enim
2599 4628 2813 4700 justitiw
2851 4625 3172 4697 participatio
3205 4638 3318 4677 runt
3345 4623 3652 4690 iniquitate?
3677 4632 3764 4677 aut

2183 4738 2297 4792 quae
2322 4721 2533 4776 societas
2564 4718 2665 4774 luci
2707 4733 2822 4771 cum
2859 4715 3071 4771 tenebris
3111 4713 3189 4787 (2.
3218 4712 3336 4768 Cor.
3370 4705 3423 4767 6.
3453 4710 3583 4783 id)?
3622 4710 3760 4769 Bene

2184 4814 2325 4868 enim
2354 4812 2629 4866 nobiscum
2657 4816 2862 4879 agetur,
2888 4807 2931 4861 Si
2953 4821 3073 4861 cum
3100 4820 3196 4859 nos
3218 4803 3285 4857 ab
3306 4803 3551 4858 omnibus
3572 4805 3758 4859 absuro

2182 4905 2267 4960 (iis
2294 4902 2703 4965 abduxerimus,
2737 4900 2876 4955 bona
2921 4896 3180 4967 promissa
3211 4896 3638 4966 eottsequamur,
3669 4908 3763 4951 no-

2184 4997 2309 5052 dum
2332 5011 2450 5049 cnm
2476 5004 2580 5048 tam
2611 4992 2773 5048 multa
2807 4988 3139 5049 attrabimus,
3158 4996 3207 5041 et
3233 4987 3427 5041 mentis
3446 4984 3763 5057 perfectioni

2186 5105 2279 5160 per
2304 5098 2408 5142 tam
2436 5086 2597 5140 multa
2629 5082 2917 5155 perniciem
2947 5077 3241 5133 all‘erimus.
3280 5074 3413 5131 Nam
3443 5075 3531 5146 qui
3564 5077 3764 5131 scurri-

2184 5180 2305 5235 liter
2333 5177 2567 5248 loquitur
2588 5216 2603 5241 ,
2637 5174 2744 5228 cito
2774 5172 2878 5226 erit
2907 5168 3202 5224 maledicus
3227 5183 3242 5223 :
3265 5165 3557 5223 maledicus
3583 5178 3759 5221 autem

2245 5404 2261 5435 ι
2297 5401 2548 5462 Interpres
2589 5395 2779 5462 latium
2822 5390 3015 5462 issem!
3040 5388 3517 5462 i’!.§'?992.‘i’?‘df:
3543 5385 3760 5462 esset

2182 5442 2545 5523 enimj'ir'ot'tio':
2556 5442 2645 5507 sed
2658 5442 2835 5523 fomites
2849 5442 2953 5523 uss:
2967 5454 3017 5498 et
3040 5442 3529 5523 Fditijliabentlwl
3537 5442 3757 5523 cognito,

2214 5502 2578 5573 iiii'"€b;"iidn'
2591 5502 2786 5567 ἶ)ὶίιίιίηο
2819 5510 3059 5576 quadrare
3102 5508 3295 5558 videtur
3316 5540 3331 5567 ,
3365 5502 3447 5556 ut"
3465 5517 3562 5554 nec
3604 5502 3759 5554 altera

2182 5585 2316 5707 '"iio
2345 5652 2543 5707 Κᾷρδιιξςν
2564 5638 2845 5707 senatorem
2878 5622 3601 5707 saevaesaeuafrssscu
3615 5636 3759 5707 es:

2182 5683 2705 5769 tio‘Einii'ééi-iptb‘i-éé,‘
2717 5683 3112 5758 liristui'ihancm,
3134 5683 3522 5752 'f
3545 5691 3598 5735 et
3615 5683 3753 5732 alim-
