4218 6266
508 440 605 509 ﬁl

506 567 667 624 etiam
709 567 812 622 alia
854 565 1268 623 innumerabilia
1302 566 1444 621 mala
1484 567 1586 622 sibi
1623 563 1947 621 accumulat.
1992 562 2088 618 His

507 676 636 730 ergo
663 659 872 715 duobus
912 658 1106 714 animae
1134 658 1424 730 generibus
1451 658 1786 728 compositis,
1815 664 1870 712 et
1900 653 2090 710 rationi

507 752 820 820 subiunctis,
840 761 1110 820 tamquam
1131 750 1282 820 equis
1306 751 1395 820 qui
1419 749 1571 804 facile
1596 757 1824 819 aguntur
1844 746 2088 813 habenis,

507 855 696 911 nempe
721 842 1011 912 cupiditate
1035 849 1092 896 et
1117 843 1216 907 ira,
1247 841 1318 894 ita
1350 848 1581 895 mentem
1613 837 1966 908 prchiciamus
1989 850 2089 890 au-

509 937 672 1006 rigam
691 979 704 1000 ,
739 945 795 990 ut
824 935 1149 1004 accipiamus
1179 933 1460 1002 praemium
1487 946 1730 1002 supernae
1755 926 2084 984 vocationis:

1388 442 1452 507 IN
1492 442 1706 508 EPIST.
1745 449 1836 506 AD
1879 442 2118 504 EPIIES.
2158 448 2313 504 CAP.
2360 449 2423 504 γ.
2464 443 2696 507 HOMIL.
2739 443 2925 507 Χνιη.

3675 455 3784 508 ηε

2205 565 2346 634 quod
2377 566 2536 621 detur
2570 565 2726 624 nobis
2753 565 3003 623 omnibus
3028 567 3282 638 consequi
3319 567 3370 622 in
3399 567 3617 623 Christo
3653 569 3780 624 Jesn

2203 655 2430 712 Domino
2470 667 2686 723 nostro,
2725 673 2848 713 eum
2891 672 2999 728 quo
3042 657 3185 714 Patri
3226 659 3386 715 simul
3429 674 3548 716 cum
3593 671 3781 716 sancto

2201 746 2402 817 Spiritu
2441 749 2642 818 gloria,
2673 749 2943 820 potentia,
2974 748 3176 815 honor,
3213 766 3353 806 nunc
3377 762 3431 808 et
3460 766 3692 821 semper,
3725 761 3780 806 ct

2200 839 2252 892 in
2283 837 2476 892 siccula
2506 838 2844 894 saectdorum.
2877 841 3071 895 Amen.

1857 1065 2210 1130 HOMlLlA
2256 1063 2490 1122 XVIII.

501 1205 631 1259 Car.
659 1203 712 1258 5.
744 1219 795 1256 v.
815 1200 870 1259 5.
904 1196 1016 1256 Hoc
1036 1200 1172 1256 enim
1192 1199 1368 1254 scitote
1391 1192 1728 1268 intelligente:
1755 1192 1892 1263 quod
1919 1191 2087 1247 omnis

574 1295 886 1366 fornicator,
917 1301 1006 1346 aut
1031 1289 1343 1354 immundus,
1371 1297 1688 1350 autauarus,
1720 1284 1857 1356 quod
1877 1293 1951 1338 est
1972 1282 2090 1336 ido-

571 1386 741 1438 lorum
759 1383 992 1446 seruitus,
1010 1397 1112 1436 non
1129 1381 1276 1434 habet
1301 1378 1628 1432 hereditatem
1648 1378 1702 1429 in
1725 1391 1878 1446 regno
1901 1372 2089 1428 Christi

569 1488 619 1530 et
653 1474 774 1530 Dei.
806 1475 862 1530 6.
893 1470 1057 1528 Nemo
1092 1488 1180 1526 vos
1221 1471 1425 1524 seducat
1451 1468 1684 1521 inanibus
1723 1464 1885 1519 verbis
1925 1480 1944 1518 :
1966 1480 2088 1532 pro-

578 1577 690 1634 pter
717 1567 842 1634 hac”
852 1564 982 1618 enim
1008 1562 1137 1616 venit
1180 1561 1260 1615 ira
1285 1556 1384 1613 Dei
1425 1560 1474 1612 in
1504 1555 1639 1626 ﬁlios
1665 1555 1977 1626 diﬁidentire.

581 1659 631 1712 1.
665 1656 833 1711 Erant
863 1653 1111 1724 quidam,
1155 1661 1213 1706 ut
1239 1649 1480 1713 videtur,
1510 1647 1672 1703 etiam
1703 1644 1842 1715 apud
1874 1653 2088 1699 nostros

505 1749 779 1817 majores,
811 1746 900 1816 qui
953 1743 1134 1814 populi
1189 1756 1377 1796 manus
1427 1737 1818 1802 dissolvebant,
1845 1744 1900 1790 et
1943 1733 2084 1804 quod

502 1841 699 1895 dictum
725 1848 807 1894 est
833 1837 900 1892 ab
928 1835 1210 1892 Ezechiele
1233 1876 1250 1901 ,
1297 1833 1364 1888 ad
1408 1847 1542 1901 opus
1565 1829 1901 1886 deducebant
1927 1869 1943 1894 ,
1976 1828 2088 1880 imo

501 1944 631 1987 vero
667 1947 786 2001 quae
831 1937 958 1984 sunt
1007 1923 1596 1998 pseudoprOphetarum
1644 1919 1942 1985 faciebant;
1995 1919 2085 1988 qui

507 2040 602 2090 pro
621 2022 822 2092 pugillo
845 2020 1035 2074 hordei
1063 2019 1229 2074 Deum
1259 2014 1656 2086 vilipendebant
1682 2027 1864 2067 coram
1889 2010 2084 2082 populo

494 2117 618 2181 'cjns
664 2105 883 2182 (Ezech.
907 2111 993 2164 15.
1026 2107 1118 2178 19)
1153 2126 1169 2162 :
1199 2105 1340 2178 quod
1383 2105 1672 2160 etiamnum
1713 2101 1781 2156 ab
1822 2099 2084 2170 aliquibus

494 2204 617 2259 'lieri
645 2203 902 2257 arbitror.
933 2202 1065 2255 Cum
1096 2199 1259 2269 igitur
1281 2197 1546 2261 dicimus,
1577 2193 1716 2264 quod
1741 2192 1832 2264 qui
1867 2193 2084 2247 fratrem

494 2298 709 2350 fattmm
760 2292 1071 2358 vocaverit,
1121 2292 1174 2343 in
1226 2287 1526 2359 gehennam
1569 2285 1810 2340 abiturus
1853 2283 1957 2349 sit;
1996 2282 2084 2337 alii

492 2388 733 2441 dicunt:
767 2385 916 2439 Itane
942 2425 958 2447 ,
1003 2383 1091 2452 qui
1140 2380 1414 2435 vocaverit
1460 2378 1681 2432 fratrem
1722 2375 1930 2430 fatuum
1955 2417 1972 2442 ,
2030 2375 2082 2430 in

490 2479 799 2548 gehennam
830 2475 1039 2530 abibit?
1068 2472 1435 2543 Nequaquam,
1464 2471 1540 2524 ait
1568 2487 1581 2522 :
1609 2476 1664 2524 et
1693 2483 1812 2524 cum
1856 2469 2082 2523 dicimus

490 2569 636 2639 quod
684 2582 880 2622 avarus
910 2567 979 2620 sit
1025 2565 1290 2620 idolorum
1342 2562 1550 2627 cultor;
1584 2562 1714 2616 illud
1764 2562 1848 2616 isti
1899 2561 2079 2630 despi-

487 2663 694 2716 cientes
728 2659 948 2722 dicunt,
1002 2657 1102 2712 hoc
1132 2671 1230 2726 per
1269 2654 1596 2726 hyperbolen
1626 2654 1732 2708 dici
1757 2671 1771 2707 :
1801 2662 1961 2723 atque
2005 2655 2077 2708 ita

489 2752 672 2805 omnia
706 2750 956 2804 mandata
1000 2756 1376 2803 contemnunt.
1405 2746 1513 2801 llos
1561 2760 1690 2816 ergo
1733 2746 2079 2803 subindicans

489 2846 681 2898 beatus
711 2840 905 2897 Paulus
930 2883 944 2907 ,
973 2846 1106 2895 tunc
1133 2853 1348 2910 quoque
1391 2837 1664 2893 scribebat
1713 2837 1780 2892 ad
1815 2838 2078 2907 [hibesios

485 2935 680 2988 dicens
711 2952 724 2987 :
755 2931 862 2986 Hoc
888 2931 1021 2985 enim
1046 2931 1222 2984 scitote
1245 2929 1580 2999 intelligentes
1604 2929 1742 2998 quod
1782 2929 1947 2983 omnis
1970 2934 2077 3000 for-

484 3029 687 3080 nicator
708 3066 724 3090 ,
752 3035 838 3078 aut
863 3023 1154 3077 immundus
1173 3063 1187 3084 ,
1214 3029 1302 3075 aut
1321 3037 1506 3075 auarus
1523 3061 1539 3086 ,
1565 3021 1652 3090 qui
1680 3031 1752 3076 est
1771 3023 1938 3076 cultor
1959 3023 2076 3076 ido-

481 3117 660 3174 lorum
682 3161 697 3183 ,
728 3135 827 3172 non
859 3116 1003 3172 habet
1029 3113 1356 3171 hereditatem
1398 3115 1452 3169 in
1478 3129 1637 3186 regno
1659 3109 1854 3171 ’Christi
1886 3123 1933 3170 et
1954 3113 2071 3172 Dei.

481 3210 702 3267 Deinde
731 3209 998 3280 subjungit
1028 3226 1042 3262 :
1078 3208 1243 3263 Nemo
1270 3221 1356 3262 vos
1382 3207 1603 3276 decipiat
1629 3209 1867 3263 inanibus
1892 3210 2070 3264 verbis.

479 3301 618 3360 Haec
649 3303 810 3358 verba
836 3312 959 3358 sunt
987 3303 1164 3357 inania
1185 3342 1200 3367 ,
1234 3316 1353 3371 quae
1378 3300 1443 3355 ad
1473 3309 1683 3370 tempus
1730 3301 1930 3356 habent
1953 3318 2073 3373 gra-

480 3395 617 3452 tiam
637 3437 653 3461 ,
685 3406 740 3450 et
766 3394 986 3450 minime
1010 3392 1364 3448 ostenduntur
1392 3390 1546 3445 factis
1572 3400 1626 3446 ct
1655 3392 1910 3460 operibus
1940 3410 1954 3447 :
1985 3409 2072 3447 res

477 3487 631 3540 enim
661 3499 722 3538 ea
751 3492 834 3538 est
861 3482 1130 3550 deceptio.
1155 3479 1375 3550 PrOpter
1403 3481 1509 3534 haec
1536 3481 1669 3534 enim
1710 3481 1844 3536 venit
1870 3482 1950 3535 ira
1975 3481 2070 3535 Dei

479 3579 542 3630 in
571 3578 702 3644 ﬁlios
743 3576 1114 3630 iuobedieutite.
1140 3574 1368 3643 Propter
1398 3574 1780 3628 scortationem
1810 3615 1824 3636 ,
1856 3574 2025 3643 inquit
2051 3615 2066 3640 ,

475 3679 706 3738 propter
727 3668 1029 3733 avaritiam,
1053 3677 1271 3737 propter
1296 3666 1684 3719 immunditiam
1708 3675 1834 3731 ;aut
1857 3676 2072 3735 propter

476 3759 604 3816 hate
632 3772 682 3815 et
715 3771 933 3829 propter
960 3760 1352 3829 deceptionem,
1384 3759 1637 3830 quoniam
1665 3768 1789 3814 sunt
1813 3758 2068 3827 decepto-

484 3869 598 3907 rcs.
646 3851 814 3905 Filios
853 3849 1228 3905 inobedientiae
1276 3865 1369 3906 eos
1417 3860 1577 3904 vocat
1615 3849 1707 3919 qui
1750 3858 1877 3904 sunt
1914 3848 2072 3904 valde

479 3943 948 4011 inobsequentes;
979 3941 1066 4010 qui
1109 3941 1156 3994 ci
1199 3956 1306 3994 non
1352 3940 1627 3994 obediunt.
1660 3939 1711 3994 7.
1738 3935 1914 3993 Nolite
1954 3955 2072 4009 ergo

474 4033 615 4104 ριγἱοί
641 4031 914 4102 participes
942 4044 1132 4084 eorum.
1157 4031 1210 4086 8.
1239 4024 1410 4084 Eratis
1434 4031 1568 4083 enint
1608 4029 1885 4098 aliquando
1936 4039 2072 4083 tene-

473 4129 605 4189 brae,
642 4136 778 4177 nunc
802 4133 968 4177 mitem
997 4123 1086 4176 tua:
1108 4125 1159 4176 in
1187 4121 1424 4175 Domino.
1443 4120 1577 4176 Vide
1607 4135 1767 4189 quam
1798 4120 2072 4191 sapienter

473 4232 577 4270 cos
602 4213 1044 4269 estadbortatus.
1084 4213 1320 4267 Primum
1367 4228 1396 4264 a
1443 4210 1678 4273 Christo,
1729 4210 1883 4278 Quod
1931 4212 2071 4266 alter

476 4307 713 4360 alterum
744 4305 960 4374 diligitis
989 4345 1004 4365 .
1029 4312 1084 4358 et
1110 4304 1310 4358 neuiini
1346 4301 1596 4370 injuriam
1625 4301 1797 4356 facitis
1842 4317 1858 4358 :
1886 4317 2071 4356 rursus

474 4396 801 4450 adhortatur
845 4411 874 4448 a
904 4394 1167 4463 supplicio
1192 4402 1247 4448 ct
1267 4392 1513 4462 gehenna
1547 4407 1562 4445 :
1593 4390 1766 4445 Eratis
1805 4393 1938 4445 enim
1966 4392 2067 4445 ali-

474 4488 689 4556 quando
721 4487 967 4551 tenebrae,
1022 4501 1158 4538 nunc
1193 4495 1362 4537 autem
1403 4484 1492 4536 lux
1537 4483 1593 4536 in
1633 4481 1876 4537 Domino.
1915 4482 2068 4550 Quod

467 4579 700 4648 quidem
731 4577 861 4632 dicit
888 4577 1050 4630 etiam
1095 4575 1151 4630 in
1181 4574 1421 4644 Epistola
1451 4571 1518 4627 ad
1564 4573 1834 4627 Romanos
1861 4590 1875 4627 :
1910 4573 2071 4639 Quem

473 4685 602 4740 ergo
628 4673 847 4739 fructum
873 4667 1120 4720 habuistis
1147 4676 1264 4718 tunc
1292 4667 1347 4718 in
1371 4664 1497 4731 illis,
1524 4663 1576 4716 in
1595 4664 1776 4732 quibus
1797 4680 1929 4716 nunc
1955 4681 2073 4717 eru-

464 4760 722 4816 bescitis!
747 4769 801 4815 et
840 4759 1074 4828 priorem
1103 4758 1419 4828 pravitatem
1461 4764 1518 4810 ct
1547 4755 1733 4810 vitium
1775 4755 1881 4810 illis
1931 4771 2071 4810 nunc

461 4861 707 4908 revocat
734 4853 786 4907 in
822 4852 1162 4906 memoriam.
1196 4849 1310 4904 Hoc
1342 4858 1442 4912 est,
1477 4849 1785 4920 Cogitantes
1810 4847 1937 4917 quid
1971 4862 2072 4903 vos

466 4943 769 5016 aliquando
797 4943 988 5008 fuistis,
1012 4953 1064 4996 et
1095 4941 1221 5012 quid
1246 4955 1388 4995 nunc
1419 4936 1539 4994 facti
1585 4940 1749 5004 estis;
1780 4953 1848 4993 ne
1879 4954 2071 4994 recur-

465 5037 611 5091 ratis
650 5049 838 5090 rursus
866 5033 931 5087 ad
967 5033 1112 5102 prius
1140 5032 1325 5086 vitium
1353 5072 1366 5093 ,
1394 5045 1566 5099 neque
1587 5031 1678 5086 Dei
1720 5031 1947 5100 gratiam
1989 5029 2070 5082 al-

463 5129 668 5183 liciatis
712 5123 1061 5180 contumelia.
1113 5121 1282 5176 Eratis
1321 5121 1596 5190 aliquando
1641 5121 1856 5174 tenebrae
1880 5160 1894 5183 ,
1932 5135 2066 5172 nunc

460 5229 644 5274 autent
676 5218 765 5272 (tta:
804 5217 855 5269 iu
895 5214 1136 5269 Domino.
1165 5213 1276 5266 lloc
1311 5211 1466 5266 vobis
1492 5211 1588 5264 fuit
1627 5223 1735 5264 non
1775 5222 1843 5264 ex
1882 5217 2062 5264 vestra

462 5312 706 5376 virtute,
737 5308 832 5362 sed
858 5322 953 5376 per
995 5305 1089 5359 Dei
1115 5307 1340 5375 gratiam
1376 5322 1388 5358 :
1426 5303 1528 5356 hoc
1553 5311 1670 5366 est,
1720 5301 1787 5354 Et
1833 5315 1933 5354 vos
1962 5302 2062 5355 ali-

462 5402 690 5472 quando
718 5400 786 5454 iis
813 5399 959 5468 digni
1013 5397 1192 5452 fuistis
1213 5437 1228 5462 ,
1279 5397 1371 5450 scd
1409 5396 1640 5464 amplius
1668 5408 1776 5447 non
1806 5393 1958 5447 estis.
1999 5392 2066 5448 Ut

461 5493 570 5560 lilii
601 5507 722 5562 ergo
749 5491 879 5543 lucis
921 5487 1193 5540 ant’bulate.
1229 5487 1366 5554 Quid
1393 5488 1462 5539 sit
1487 5495 1665 5538 autem
1686 5525 1699 5550 ,
1737 5481 1861 5535 Filii
1893 5483 2060 5547 lucis;

461 5581 664 5636 deinde
711 5580 888 5649 aperit
927 5594 940 5630 :
974 5579 1028 5634 9.
1059 5577 1277 5632 Fructus
1313 5578 1448 5630 enim
1490 5577 1697 5646 spiritus
1723 5585 1794 5628 est
1823 5575 1879 5627 in
1925 5574 2062 5626 omni

383 5703 391 5708 -
465 5673 667 5734 iustitia
712 5681 760 5724 et
805 5653 1027 5722 bonitate
1063 5679 1110 5722 et
1156 5668 1380 5721 veritate.
1416 5667 1502 5720 10.
1530 5665 1813 5718 Probautcs
1845 5663 1965 5730 quid
1995 5662 2060 5715 sit

476 5765 846 5832 f‘eueplucitum
872 5761 1108 5812 Domino.
1138 5759 1205 5812 In
1248 5760 1381 5811 omni
1407 5799 1422 5823 ,
1453 5758 1644 5826 inquit,
1673 5759 1914 5810 bonitate.
1947 5755 2056 5809 lloc

467 5853 737 5912 adversus
785 5855 1081 5911 irascentes
1101 5893 1114 5919 ,
1145 5851 1398 5906 adversus
1427 5852 1646 5906 acerbos
1671 5864 1726 5904 et
1753 5847 2056 5904 amarulen-

2198 1196 2278 1242 t'os
2309 1205 2321 1242 :
2351 1185 2418 1240 ιη
2446 1186 2662 1256 iustitia,
2696 1184 2954 1243 adversus
2977 1202 3172 1244 avaros
3201 1205 3213 1240 :
3243 1197 3290 1243 et
3324 1190 3562 1256 ueritate,
3585 1192 3776 1247 adver-

2196 1292 2290 1334 sus
2317 1277 2504 1334 falsam
2532 1278 2882 1347 Voluptatem.
2905 1276 3021 1333 Non
3055 1278 3142 1332 illa
3165 1319 3182 1345 ,
3217 1279 3426 1350 inquit,
3471 1297 3590 1350 qua:
3627 1283 3776 1350 dixi,

2195 1369 2289 1424 sed
2317 1369 2607 1423 contraria.
2632 1367 2701 1422 In
2726 1369 2884 1423 omni.
2916 1368 2972 1424 Id
3001 1378 3106 1436 est,
3135 1379 3347 1439 oportet
3375 1371 3604 1426 fructum
3639 1374 3776 1430 ferre

2195 1456 2528 1527 spiritualem
2580 1457 2633 1512 in
2659 1458 2929 1514 omnibus.
2958 1457 3242 1514 Probautes
3269 1462 3392 1530 quid
3432 1463 3498 1516 sit
3533 1463 3768 1532 beueplu-

2195 1550 2352 1602 citum
2398 1547 2637 1602 Domino.
2667 1548 2758 1602 Illa
2785 1564 2915 1619 ergo
2941 1558 3066 1604 sunt
3111 1551 3307 1606 mentis
3336 1553 3558 1621 puerilis
3586 1563 3640 1608 et
3671 1555 3773 1608 im-

2195 1640 2467 1709 perfectae.
2492 1641 2576 1694 11.
2611 1639 2673 1692 Et
2702 1640 2857 1694 nolite
2884 1643 3278 1708 communicare,
3309 1644 3509 1715 inquit,
3542 1648 3776 1716 operibus

2194 1731 2517 1798 infructuosis
2541 1729 2860 1784 tenebrarum
2883 1749 2900 1796 ,'
2931 1733 3091 1802 magis
3118 1743 3287 1786 autem
3314 1735 3602 1807 redarguite
3629 1753 3649 1790 :
3681 1737 3771 1792 i2.

2192 1837 2306 1891 quae
2331 1823 2464 1875 enim
2491 1823 2543 1874 iu
2571 1821 2766 1876 occulto
2790 1823 2916 1890 ﬁunt
2945 1823 3008 1876 ab
3033 1825 3178 1894 ipsis,
3209 1835 3356 1894 turpe
3396 1836 3470 1881 est
3495 1837 3542 1881 et
3572 1828 3767 1883 dicere.

2193 1913 2280 1966 15.
2315 1911 2499 1964 Omnia
2537 1921 2705 1966 autem
2745 1928 2858 1982 quo:
2893 1925 3180 1984 arguuntur
3221 1933 3254 1968 a
3297 1917 3487 1972 lumine
3508 1960 3524 1986 ,
3556 1921 3770 1990 mortife-

2189 2012 2409 2057 stnntur.
2444 2004 2606 2071 Dixit,
2639 2003 2754 2059 Lua:
2781 2007 2898 2060 estis
2921 2023 2940 2060 :
2963 2007 3051 2062 lux
3079 2019 3259 2064 autem
3290 2012 3465 2081 arguit
3487 2027 3614 2084 quae
3631 2015 3771 2070 linnt

2191 2095 2244 2149 in
2277 2096 2529 2151 tenebris.
2563 2095 2619 2151 Si
2647 2113 2776 2166 ergo
2805 2112 2898 2152 vos
2930 2099 3069 2165 sitis,
3103 2099 3312 2171 inquit,
3335 2103 3532 2158 virtute
3561 2105 3772 2174 praediti

2186 2195 2244 2241 et
2295 2185 2630 2252 admirandi,
2680 2203 2785 2241 non
2831 2197 3086 2256 poterunt
3132 2190 3300 2246 latere
3343 2192 3594 2262 improbi.
3623 2194 3774 2250 Sicut

2188 2279 2329 2335 enim
2357 2282 2401 2335 si
2449 2280 2621 2350 posita
2653 2281 2722 2335 sit
2750 2281 2964 2336 lucerna
2989 2323 3006 2348 ,
3053 2298 3240 2340 omnes
3286 2284 3686 2353 illuminantur,
3716 2297 3772 2342 et

2188 2373 2326 2428 latro
2367 2387 2473 2427 non
2525 2373 2720 2442 poterit
2768 2373 2974 2443 ingredi
3004 2391 3018 2428 :
3048 2373 3120 2429 ita
3163 2375 3314 2430 vobis
3362 2376 3572 2433 lucente
3612 2377 3765 2444 luce,

2186 2466 2570 2522 convincentur
2615 2465 2886 2535 redarguti
2933 2466 3179 2537 improbi.
3210 2467 3433 2538 Oportet
3480 2469 3640 2539 igitur
3683 2485 3767 2523 ar—

2183 2573 2368 2628 guere.
2399 2557 2677 2625 Quomodo
2703 2572 2833 2628 ergo
2878 2556 3009 2612 dicit
3038 2574 3052 2611 :
3085 2556 3263 2612 Nolite
3279 2559 3521 2629 judicare
3541 2601 3556 2625 ,
3587 2570 3640 2613 ut
3667 2575 3766 2613 non

2173 2651 2478 2720 judicemini
2505 2650 2716 2722 (Matth.
2749 2650 2800 2703 7.
2829 2649 2882 2720 1)
2909 2651 2933 2702 ‘t
2986 2651 3226 2721 Arguere
3275 2651 3411 2706 dixit
3441 2693 3454 2715 ,
3487 2667 3592 2707 non
3637 2669 3768 2709 con-

2181 2741 2438 2796 demnare
2460 2783 2476 2806 ,
2509 2741 2612 2796 hoc
2636 2751 2719 2796 est
2737 2783 2752 2807 ,
2781 2743 3044 2812 castigare
3074 2762 3086 2797 :
3116 2752 3199 2809 et,
3229 2742 3404 2798 Nolite
3419 2745 3689 2815 judicare,
3712 2757 3765 2801 ut

2183 2848 2282 2886 non
2299 2833 2606 2902 judicemini
2633 2830 2736 2901 (Ib.
2764 2849 2812 2886 υ.
2846 2831 2902 2903 ὅ)
2925 2874 2940 2898 ,
2971 2833 3103 2886 dixit
3141 2834 3210 2888 de
3238 2835 3474 2891 minimis
3499 2839 3753 2906 peccatis.

2180 2924 2468 2993 Subiunxit
2493 2941 2624 2980 vero
2654 2943 2666 2978 :
2701 2925 2838 2990 Quid
2866 2926 3000 2981 vides
3042 2931 3288 2997 festucam
3311 2927 3369 2981 in
3407 2931 3562 2984 oculo
3589 2931 3766 2999 fratris

2182 3017 2254 3067 tui
2279 3057 2292 3081 ,
2325 3017 2376 3069 in
2399 3026 2486 3070 tuo
2513 3027 2680 3072 autent
2726 3018 2870 3072 oculo
2899 3019 3088 3071 trabem
3124 3035 3224 3073 non
3253 3021 3414 3074 cernis
3438 3022 3463 3074 ?
3493 3022 3603 3078 Hoc
3629 3035 3710 3077 est
3747 3041 3758 3075 :

2179 3106 2330 3164 Sicut
2373 3107 2565 3164 vulnus
2609 3107 2863 3181 quamdiu
2889 3123 3122 3182 superne
3147 3119 3346 3166 teet-nm
3375 3111 3676 3180 delitescit,
3711 3125 3760 3170 cl

2178 3205 2346 3259 currit
2391 3220 2487 3274 per
2532 3204 2853 3274 profundum
2874 3247 2890 3272 ,
2921 3207 3119 3260 nullam
3149 3207 3345 3276 accipit
3375 3212 3711 3264 curationem
3747 3227 3761 3263 :

2180 3297 2249 3350 ita
2297 3306 2573 3365 peccatum
2602 3297 2857 3367 quamdiu
2886 3297 3099 3367 quidem
3133 3299 3454 3366 occultatur,
3491 3309 3761 3371 tamquam

2178 3388 2228 3440 in
2262 3388 2494 3443 tenebris
2538 3387 2838 3443 admittitur
2885 3404 3004 3443 cum
3038 3404 3229 3460 magna
3259 3392 3585 3458 securitate;
3613 3403 3760 3463 pest-

2176 3493 2335 3547 quam
2362 3486 2539 3533 autem
2572 3479 2729 3534 luerit
2752 3479 3171 3547 manifestatum,
3203 3481 3262 3534 fit
3292 3481 3378 3535 lux
3405 3523 3419 3548 ,
3451 3498 3555 3537 non
3589 3485 3760 3553 ipsmn

2178 3578 2454 3638 peccatum
2478 3585 2492 3634 ;
2523 3569 2790 3640 quomodo
2812 3570 2996 3625 enim?
3022 3571 3116 3626 sed
3144 3572 3189 3626 is
3217 3573 3306 3644 qui
3325 3573 3542 3630 admisit
3567 3576 3758 3646 ipsum.

2170 3659 2400 3730 Quando
2426 3661 2568 3716 enim
2603 3662 2679 3728 is,
2709 3663 2798 3732 qui
2830 3661 2977 3730 fecit,
3011 3646 3326 3722 inmedium
3359 3666 3520 3723 fuerit
3559 3670 3758 3740 produ-

2175 3761 2293 3807 ctus
2311 3793 2324 3817 ,
2354 3752 2566 3823 quando
2592 3753 2919 3822 admonitus,
2948 3757 3164 3826 quando
3186 3758 3377 3815 ductus
3402 3763 3714 3831 poenitentia
3741 3807 3756 3830 ,

2175 3845 2388 3914 quando
2416 3847 2785 3902 remissionem
2814 3847 2974 3904 fuerit
3000 3861 3336 3920 assequutus,
3357 3869 3536 3909 annon
3566 3871 3759 3924 crpun

2174 3935 2312 4006 gasti
2359 3937 2474 4007 ejus
2515 3939 2812 3995 tenebras?
2855 3956 3034 3996 annon
3108 3945 3306 3998 curasti
3355 3947 3470 4015 ejus
3515 3948 3761 4002 vulnus?

2174 4042 2352 4081 annon
2406 4027 2794 4085 infertilitatem
2856 4034 3092 4088 evocasti
3164 4035 3232 4088 ad
3313 4037 3603 4092 fructum?
3655 4041 3761 4093 Aut

2177 4117 2278 4172 hoc
2317 4117 2480 4186 dicit,
2532 4130 2626 4175 aut
2671 4120 2801 4174 illud
2841 4162 2856 4187 ,
2917 4122 3062 4191 quod
3111 4133 3292 4178 vestra
3358 4125 3576 4194 quidem
3654 4129 3759 4182 vita

2175 4224 2296 4264 cum
2340 4211 2411 4264 sit
2451 4211 2732 4266 manifesta
2757 4253 2771 4275 ,
2807 4222 2891 4266 est
2945 4213 3030 4266 lux
3063 4214 3282 4267 :nullus
3339 4216 3483 4269 enim
3537 4217 3761 4272 abscon-

2176 4301 2256 4355 dit
2310 4303 2470 4356 ritam
2494 4344 2509 4367 ,
2565 4303 2618 4356 in
2656 4317 2816 4372 quam
2869 4320 2976 4358 non
3014 4304 3161 4359 cadit
3214 4307 3565 4375 reprehensio
3597 4326 3610 4362 :
3641 4327 3760 4381 qua:

2175 4402 2358 4447 autem
2387 4394 2792 4448 absconduntur
2811 4435 2825 4460 ,
2857 4394 2981 4464 quia
3007 4405 3135 4449 sunt
3159 4395 3328 4452 oll‘usa
3361 4400 3597 4456 tenebris
3623 4443 3636 4466 ,
3669 4419 3762 4457 oc-

2174 4483 2465 4536 cultantur.
2497 4484 2583 4537 14.
2618 4482 2838 4550 Propter
2862 4485 2996 4554 quod
3021 4486 3142 4537 dicit
3171 4503 3190 4540 :
3219 4488 3386 4558 Surge
3411 4491 3494 4559 qui
3525 4493 3717 4546 demtis
3745 4535 3759 4558 ,

2173 4587 2219 4629 et
2240 4590 2452 4645 exsurge
2475 4591 2508 4627 a
2537 4575 2750 4628 mortuis
2775 4615 2789 4638 ,
2821 4585 2867 4628 et
2896 4576 3200 4630 illuminabit
3251 4587 3298 4631 te
3348 4579 3596 4634 Christus.
3630 4582 3763 4636 Dor-

2174 4666 2428 4720 mientem
2456 4674 2511 4720 et
2537 4675 2808 4720 mortuum
2831 4665 2960 4720 dicit
2986 4682 3107 4722 eum
3136 4668 3224 4737 qui
3272 4678 3357 4724 est
3398 4671 3448 4724 in
3474 4671 3710 4740 peccatis
3745 4691 3758 4726 :

2177 4766 2369 4812 tetrum
2397 4758 2538 4812 enim
2569 4757 2788 4814 odorem
2811 4759 2979 4830 spirat
3006 4769 3063 4814 ut
3118 4771 3398 4828 mortuus,
3449 4779 3547 4820 nec
3584 4775 3761 4835 potest

2173 4850 2384 4920 operari
2413 4860 2471 4904 ut
2494 4850 2580 4920 qui
2613 4850 2828 4916 dormit,
2861 4860 2915 4905 et
2946 4851 3074 4906 n'ibil
3113 4853 3258 4908 videt
3302 4864 3358 4908 ut
3390 4855 3497 4923 ille,
3526 4856 3617 4909 sed
3663 4873 3752 4911 Su-

2175 4941 2342 4993 mniat
2358 4951 2409 4994 et
2429 4941 2732 5010 pltantasias
2749 4942 3124 5012 apprehendit.
3145 4945 3248 4999 Alii
3275 4945 3478 5010 dicunt,
3501 4945 3567 5000 Et
3586 4958 3760 5016 tanges

2174 5033 2429 5088 Christum
2453 5050 2471 5099 ;
2499 5035 2586 5088 alii
2615 5046 2792 5090 autem
2822 5075 2836 5099 ,
2886 5035 2951 5089 Et
2982 5036 3290 5090 illuminabit
3322 5048 3370 5090 te
3399 5037 3632 5092 Christus
3656 5077 3672 5102 ,
3702 5047 3757 5092 ct

2173 5127 2348 5194 potius
2379 5127 2450 5179 ita
2473 5135 2575 5181 est.
2604 5126 2831 5181 Discede
2878 5141 2907 5178 a
2938 5135 3156 5194 peccato
3181 5168 3195 5192 ,
3242 5135 3298 5180 et
3325 5127 3527 5194 poteris
3576 5128 3759 5183 ridere

2169 5215 2439 5271 Cbrist'um
2471 5234 2486 5270 :
2523 5216 2660 5269 Nam
2706 5218 2792 5285 qui
2839 5217 2976 5269 mala
3001 5218 3145 5285 agit,
3178 5217 3283 5268 odit
3326 5216 3522 5286 lucem,
3567 5229 3613 5272 et
3644 5237 3746 5273 non

2171 5313 2303 5365 venit
2334 5313 2401 5364 ad
2430 5310 2590 5363 lucent
2612 5310 2804 5380 (Joan.
2830 5310 2884 5364 5.
2913 5308 3025 5378 20)
3052 5326 3066 5362 :
3097 5308 3188 5378 qui
3214 5320 3392 5364 autem
3439 5328 3545 5368 non
3574 5314 3703 5369 facit
3725 5355 3743 5382 ,

2170 5407 2334 5461 venit.

2239 5498 2295 5551 ‘2.
2326 5495 2431 5552 Sed
2462 5495 2562 5549 hoc
2611 5509 2714 5548 non
2761 5493 2937 5546 solum
2979 5491 3208 5549 dicitde
3261 5493 3552 5551 incredulis
3579 5513 3598 5550 :
3625 5511 3751 5549 nam

2170 5590 2320 5644 multi
2351 5604 2414 5643 ex
2446 5586 2689 5641 ﬁdelibus
2720 5601 2824 5640 non
2854 5586 3029 5641 minus
3056 5595 3328 5642 sectantur
3376 5589 3561 5643 vitium
3595 5604 3752 5658 quam

2173 5681 2454 5740 infideles;
2490 5685 2693 5730 etsunt
2738 5676 2898 5730 etiam
2943 5677 3035 5747 qui
3084 5679 3256 5732 multo
3301 5678 3492 5748 magis.
3525 5679 3592 5732 Et
3634 5679 3756 5733 ideo

2171 5787 2391 5827 necesse
2418 5777 2502 5823 est
2528 5767 2612 5821 eis
2638 5768 2818 5823 dicere
2852 5784 2864 5820 :
2899 5767 3260 5839 Expergiscere
3299 5771 3384 5838 qui
3429 5769 3618 5824 dormis
3644 5812 3658 5835 ,
3708 5780 3754 5822 ct

2173 5879 2384 5933 exsurge
2411 5880 2441 5916 a
2467 5861 2693 5928 mortuis,
2728 5870 2774 5916 ct
2800 5860 3104 5915 illuminaltit
3124 5871 3169 5914 te
3195 5861 3446 5916 Christus.
3481 5861 3593 5916 Hoc
3623 5872 3756 5929 quo-
