4218 6266
468 373 573 428 125

470 500 575 551 que
621 478 871 538 convenit
895 477 976 534 eis
1003 476 1221 538 dicere,
1250 472 1388 528 Deus
1430 489 1530 530 non
1573 481 1644 526 est
1691 478 2000 527 marmorum
2023 509 2038 534 ,

469 574 810 628 "(initiorum
837 568 1051 640 (Matth.
1077 564 1166 621 22.
1196 564 1310 634 52).
1352 564 1406 619 Si
1455 577 1584 633 ergo
1629 575 1736 616 non
1782 569 1865 615 est
1909 559 2048 612 Deus

473 676 828 728 mortuorum,
863 660 1126 714 vivamus.
1155 655 1380 723 Quidam
1409 663 1585 714 autem
1615 651 1920 712 existimant
1946 649 2051 712 hoc

475 770 596 810 esse
644 751 1008 824 hyperbolen,
1038 751 1244 803 Avarus
1287 757 1367 802 est
1417 746 1587 803 cultor
1632 745 1916 802 idolorum.
1943 741 2047 796 Sed

476 862 579 900 non
611 853 694 899 est
721 847 823 896 ltoe
854 841 1074 896 verbum
1103 839 1450 911 hyperboles,
1484 836 1580 893 sed
1609 836 1870 890 veritatis.
1901 835 2049 902 Quo-

481 935 681 989 modo?
707 934 750 988 A
781 933 889 985 Deo
914 930 1136 985 discedit
1156 943 1368 991 avarus,
1393 927 1531 983 sicut
1570 936 1622 980 ot
1647 925 1949 981 idololatra.
1979 925 2052 978 Et

479 1039 547 1078 ne
574 1022 845 1078 existimes
873 1019 1069 1076 frustra
1100 1034 1220 1074 esse
1245 1019 1481 1075 dictum:
1510 1027 1593 1072 est
1611 1014 1809 1072 Christi
1836 1024 2053 1070 senten-

480 1115 550 1174 tia
579 1130 700 1184 qum.
719 1113 892 1170 dicit:
943 1111 1064 1166 Non
1091 1110 1299 1182 potestis
1333 1109 1440 1169 Deo
1477 1109 1668 1168 servire
1707 1118 1756 1162 et
1802 1124 2054 1172 moment;

477 1203 639 1271 (Ibid.
669 1204 725 1260 6.
767 1203 884 1274 2}).
914 1202 1012 1270 Qui
1054 1216 1314 1258 tnamona:
1355 1199 1595 1261 serviunt
1640 1199 1680 1264 ί,
1711 1199 1913 1268 seipsos
1957 1213 2055 1253 ex.-

486 1295 731 1363 pulerunt
769 1309 797 1345 a
844 1293 936 1356 Dei
979 1293 1233 1354 servitute
1264 1290 1394 1360 :qui
1431 1298 1610 1349 autem
1649 1287 1766 1358 eius
1792 1297 2054 1358 negarunt

478 1385 810 1448 dominium,
839 1391 894 1442 et
941 1398 1073 1444 auro
1100 1383 1151 1437 in
1179 1382 1358 1440 animo
1383 1381 1655 1446 serviunt,
1687 1379 1943 1450 liquidum
1972 1389 2055 1434 est

479 1492 576 1534 eos
604 1492 724 1534 esse
748 1478 990 1536 cultores
1017 1475 1303 1535 idolorum.
1329 1475 1398 1529 At
1426 1489 1530 1530 non
1553 1473 1656 1529 feci
1674 1515 1690 1539 ,
1719 1473 1910 1542 inquit,
1935 1472 2054 1527 ido-

480 1569 614 1634 lum,
635 1583 807 1639 neque
823 1584 968 1628 aram
987 1567 1169 1632 statui,
1203 1581 1374 1638 neque
1398 1580 1526 1626 oves
1544 1565 1859 1630 sacrillcavi,
1885 1579 2056 1634 neque

480 1659 660 1716 vinum
689 1659 872 1726 libavi,
900 1657 993 1716 sed
1019 1657 1300 1713 ecclesiam
1325 1672 1441 1711 sum
1471 1656 1769 1726 ingressus,
1789 1666 1844 1710 et
1869 1671 2057 1710 manus

479 1751 696 1809 utendi
725 1752 996 1821 unigenito
1023 1751 1118 1806 Dei
1143 1749 1303 1816 Filio,
1332 1758 1388 1805 et
1411 1763 1531 1804 sum
1563 1750 1829 1819 particeps
1853 1757 2056 1820 myste-

484 1843 710 1907 riorttm,
738 1850 793 1899 et
818 1855 1040 1912 precum
1067 1839 1239 1894 haben
1260 1840 1570 1895 societatem
1599 1848 1654 1895 et
1681 1839 1910 1894 aliorum
1938 1853 2056 1893 om-

485 1936 630 1990 nium
671 1950 798 2004 qua:
843 1934 1169 1992 conveniunt
1208 1931 1537 1987 Christiano.
1561 1931 1842 1997 Quomodo
1892 1945 2056 2000 ergo,

480 2026 670 2096 inquit,
699 2025 868 2084 adoro
905 2025 1048 2088 idola
1075 2025 1100 2078 ?
1127 2025 1300 2092 Atqttc
1329 2023 1432 2078 hoc
1456 2023 1671 2092 quidem
1702 2031 1788 2078 est
1824 2029 1880 2078 et
1905 2022 2061 2084 valde

483 2118 804 2184 nuit-aridum,
832 2116 976 2188 quod
999 2133 1124 2174 eum
1152 2127 1404 2187 expertus
1447 2131 1596 2172 esses
1636 2125 1690 2172 et
1717 2116 1809 2172 Dei
1852 2124 2062 2187 gustase

481 2224 570 2270 ses
599 2209 1006 2280 benignitatem,
1033 2217 1087 2264 et
1137 2206 1366 2264 vidisses
1397 2208 1682 2277 benignum
1718 2221 1844 2262 esse
1888 2207 2062 2262 Domi-

485 2315 630 2360 num,
660 2299 952 2370 benignum
979 2297 1193 2368 quidem
1240 2297 1534 2364 dimiseris,
1564 2296 1837 2352 crudelem
1881 2308 2061 2352 autem

482 2403 762 2464 tyrannum
800 2391 1080 2450 admiseris
1128 2406 1190 2444 ac
1219 2390 1524 2459 susceperis
1569 2399 1661 2445 :et
1704 2406 1813 2460 prae
1857 2399 1912 2444 te
1955 2390 2061 2447 fers

482 2482 697 2550 quidem
721 2491 778 2542 te
802 2481 855 2540 ei
883 2495 987 2536 non
1015 2481 1239 2544 servire,
1272 2495 1329 2534 re
1353 2494 1474 2534 vera
1499 2489 1676 2534 autem
1709 2488 1760 2533 te
1787 2477 2061 2548 subjecisti

486 2573 624 2632 duro
651 2581 704 2626 et
723 2585 916 2640 aspero
937 2572 1068 2640 jugo
1112 2569 1313 2623 amoris
1350 2568 1612 2638 pecuniae.
1654 2567 1898 2626 Nondum
1931 2567 2060 2622 mihi

483 2664 665 2726 dixisti
695 2660 842 2732 quod
867 2677 896 2714 a
929 2672 981 2717 te
1003 2669 1150 2716 recte
1178 2662 1245 2715 sit
1274 2659 1492 2724 factum,
1520 2659 1617 2716 sed
1650 2659 1786 2712 dona
1825 2659 2060 2719 Domini.

488 2756 582 2815 hic
611 2753 739 2808 mihi
761 2795 776 2818 ,
806 2766 990 2822 qureso
1009 2793 1024 2817 ,
1055 2751 1320 2805 undeuam
1359 2749 1661 2820 jttdicamus
1703 2749 1965 2804 militem?
1993 2765 2062 2803 an

485 2862 553 2902 ex
579 2861 644 2900 eo
662 2886 678 2912 ,
705 2844 848 2914 quod
875 2851 933 2898 ut
961 2843 1180 2898 satelles
1205 2843 1363 2912 stipet
1389 2857 1569 2911 regem
1590 2882 1604 2906 ,
1631 2851 1687 2896 et
1712 2842 1779 2900 ab
1799 2857 1864 2898 eo
1889 2842 2064 2897 alatur

485 2948 543 2992 ut
565 2939 684 3006 ejus
712 2951 832 2992 esse
857 2936 1066 2990 dicatur
1093 2951 1109 3001 ;
1139 2950 1206 2989 an
1237 2950 1302 2989 ex
1329 2949 1416 3001 eo,
1459 2934 1602 3005 quod
1631 2949 1737 2989 non
1766 2935 1820 2989 in
1847 2951 1966 2990 cum
1993 2935 2063 2990 sit

487 3030 623 3086 bene
664 3027 920 3092 allectus,
948 3026 1043 3081 sed
1068 3041 1180 3096 prae
1206 3040 1266 3080 se
1293 3023 1430 3081 ferat
1453 3039 1512 3080 se
1542 3025 1595 3079 in
1621 3025 1764 3081 illius
1793 3040 1914 3080 esse
1943 3041 2064 3094 par-

489 3121 629 3174 tibus
655 3127 710 3174 et
738 3118 898 3174 rebus
923 3116 1040 3186 ejus
1060 3115 1264 3184 favere,
1292 3115 1631 3171 inimicorum
1651 3124 1829 3171 autem
1863 3131 1949 3171 res
1969 3131 2062 3184 ge-

487 3213 607 3267 rat?
633 3212 807 3277 Patet,
841 3225 906 3266 eo
946 3208 1089 3279 quod
1123 3209 1265 3279 regis
1294 3208 1509 3264 satelles
1537 3216 1640 3263 est.
1669 3208 1793 3262 Ideo
1833 3209 2060 3279 graviori

485 3302 749 3373 supplicio
775 3301 966 3373 dignus
986 3309 1089 3367 est,
1118 3315 1276 3370 quam
1304 3299 1351 3360 si
1376 3299 1602 3367 abrupto
1623 3299 1754 3369 jugo
1773 3300 1931 3370 regite
1951 3314 2066 3354 ser-

484 3395 669 3449 vitutis
693 3408 755 3449 se
780 3393 1009 3449 inimicis
1034 3391 1344 3448 dedidisset.
1369 3391 1437 3445 Et
1465 3399 1518 3445 tu
1543 3391 1712 3446 Deum
1741 3391 2060 3446 contumelia

485 3483 651 3538 aflieis
675 3492 944 3553 tamquam
976 3483 1286 3550 idololatra,
1310 3497 1415 3536 non
1445 3497 1551 3537 uno
1595 3497 1689 3538 ore
1723 3491 1835 3547 tuo,
1859 3482 1953 3537 sed
1983 3485 2063 3537 itt-

488 3574 896 3640 uumerabilium
916 3615 933 3640 ,
965 3575 1157 3644 quibus
1186 3573 1320 3628 facta
1349 3584 1436 3628 est
1463 3574 1677 3643 injuria.
1711 3575 1775 3628 At
1811 3590 1916 3630 non
1945 3584 2026 3627 cst
2045 3614 2061 3637 ,

489 3665 677 3733 inquit,
703 3664 1001 3718 idololatra.
1026 3663 1247 3731 Quando
1276 3664 1433 3733 igitur
1459 3663 1639 3718 dicunt
1664 3664 1832 3720 Grzuci
1861 3705 1879 3731 ,
1909 3664 2066 3722 Chri-

489 3755 694 3810 stianus
739 3754 837 3809 iste
863 3768 1091 3820 avarus,
1126 3764 1250 3808 tunc
1295 3769 1400 3807 non
1439 3753 1552 3823 ipse
1598 3756 1745 3810 solus
1774 3756 1970 3824 probro
2013 3767 2067 3810 et

491 3843 813 3900 contumelia
840 3842 1004 3897 afficit
1029 3859 1121 3912 per
1141 3860 1204 3898 ea
1233 3859 1354 3912 quae
1381 3843 1524 3904 facit.
1555 3845 1648 3899 sed
1677 3856 1731 3900 et
1756 3861 1850 3900 eos
1877 3847 2066 3914 quibus

494 3937 630 3999 facta
662 3945 744 3990 est
767 3935 956 4006 injuria
988 3949 1136 4005 saepe
1161 3936 1304 4005 cogit
1333 3935 1435 3991 hoc
1468 3935 1684 3992 dicere:
1718 3939 1860 4007 quod
1888 3939 1932 3993 si
1965 3939 2067 3994 ltoc

494 4042 600 4092 non
627 4026 831 4093 dicunt,
856 4026 1067 4082 illorum
1093 4027 1274 4100 pietati
1313 4028 1413 4082 hoc
1439 4035 1523 4082 est
1542 4028 1937 4096 imputandum.
1959 4030 2068 4083 An-

492 4135 599 4180 non
631 4119 874 4176 videmus
900 4133 988 4174 res
1011 4118 1090 4174 sic
1119 4119 1273 4173 fieri?
1301 4118 1436 4190 Quid
1479 4131 1559 4173 ρει
1585 4119 1726 4174 aliud
1757 4119 2069 4175 idololatra?

493 4225 671 4265 annon
712 4210 825 4280 ipse
849 4225 1062 4280 quoque
1086 4224 1228 4278 saepe
1251 4209 1441 4264 adorat
1467 4209 1592 4263 vitia
1620 4220 1676 4264 ut
1701 4211 1789 4278 qtti
1833 4210 1936 4265 illis
1963 4227 2067 4266 non

496 4281 762 4366 imperet?
801 4298 868 4355 Ut
911 4299 1143 4368 exempli
1187 4314 1344 4352 causa
1371 4339 1384 4361 ,
1431 4298 1644 4368 quando
1675 4298 1900 4354 dicimus
1947 4316 2068 4355 cum

493 4389 716 4442 adorare
735 4388 894 4454 idola,
917 4388 1056 4453 Non,
1087 4391 1273 4458 inquit,
1293 4388 1383 4444 sed
1406 4388 1685 4452 Venerem.
1709 4390 1803 4444 sed
1830 4391 2066 4446 Martem.

497 4480 558 4532 lit
585 4479 627 4532 si
655 4479 980 4544 dixerimus,
1011 4483 1266 4546 Quantam
1311 4488 1389 4534 cst
1438 4479 1551 4534 lucc
1581 4479 1802 4534 Venus?
1829 4482 1916 4551 qtti
1947 4491 2074 4538 sunt

493 4586 559 4633 ex
587 4571 664 4623 eis
692 4572 966 4641 graviores
992 4570 1197 4632 dicunt,
1222 4569 1474 4638 Voluptas
1506 4587 1519 4621 :
1555 4570 1621 4626 Et
1645 4571 1764 4640 quis
1791 4571 1963 4626 Mars?
1991 4572 2072 4626 ira

496 4643 560 4714 et.
593 4661 824 4735 animus.
867 4659 942 4714 Ita
987 4662 1145 4713 etiam
1197 4671 1251 4714 tu
1296 4677 1619 4716 mamonam.
1647 4664 1702 4719 Si
1749 4664 2073 4731 dixerimus,

499 4751 726 4820 Quinam
774 4759 856 4806 est
903 4751 1184 4817 mammia?
1212 4752 1445 4808 Avaritia
1479 4770 1492 4806 :
1523 4761 1578 4805 et
1601 4763 1653 4806 tu
1680 4769 1797 4809 eam
1845 4755 2076 4809 adoras?

499 4841 617 4906 Non
643 4840 839 4908 adoro,
889 4838 1079 4920 inquit.
1111 4840 1329 4907 Quare?
1356 4841 1610 4906 quoniam
1656 4858 1758 4896 non
1808 4855 1860 4899 te
1904 4845 2075 4913 ipsum

498 4930 726 5009 ittllcctis
749 4939 805 4995 et
833 4932 1128 4996 incurvus?
1157 4930 1322 4986 Multo
1348 4932 1515 5002 magis
1535 4932 1729 4988 adoras
1752 4949 1851 5002 per
1867 4934 1999 4989 facta
2023 4945 2078 4989 et

501 5036 593 5093 res.
615 5022 759 5095 ipsas
785 5038 798 5087 ;
833 5021 948 5076 lttcc
973 5021 1115 5092 enim
1139 5032 1222 5083 est
1240 5025 1410 5090 major
1427 5021 1686 5076 adoratio.
1708 5023 1774 5077 Et
1798 5033 1856 5078 ut
1879 5025 2076 5090 discas,

499 5112 620 5183 vide
651 5114 700 5166 in
734 5115 864 5182 Deo.
890 5114 1120 5184 Quinam
1164 5130 1284 5168 eum
1337 5112 1505 5184 magis
1549 5113 1804 5181 adorant,
1835 5115 1942 5171 iine
1989 5118 2076 5186 qui

499 5203 668 5255 solum
699 5214 840 5258 stant
869 5206 926 5276 in.
949 5205 1220 5274 precibus,
1246 5221 1312 5258 an
1336 5205 1424 5280 qui
1455 5204 1657 5260 faciunt
1680 5206 1797 5276 ejus
1826 5207 2078 5261 volunta-

503 5291 655 5344 t:‘m?
685 5291 864 5346 Palam
919 5306 1022 5360 est,
1051 5295 1191 5366 quod
1241 5296 1348 5349 isti.
1385 5295 1457 5353 Ita
1489 5295 1650 5352 etiam
1697 5298 1747 5351 in
1795 5313 2040 5351 ntamoua
2061 5340 2077 5363 ,

503 5382 592 5450 qtti
637 5381 841 5437 faciunt
869 5386 985 5452 ejus
1041 5370 1405 5456 voluntatem,
1447 5390 1616 5461 magis
1666 5405 1787 5444 ettm
1834 5391 2079 5444 adorant.

504 5475 663 5546 Atqui
713 5474 788 5529 illi
819 5477 908 5546 qui
937 5477 1160 5534 adorant
1200 5481 1514 5536 affectiones
1541 5491 1594 5535 ct
1633 5480 1759 5535 vitia
1781 5522 1795 5546 ,
1830 5495 1975 5549 s:cpc
2017 5481 2086 5534 ab

504 5568 613 5623 illis
657 5578 784 5622 sunt
841 5570 1030 5643 remoti
1079 5589 1089 5622 :
1139 5572 1337 5640 videris
1380 5573 1522 5626 enim
1557 5573 1824 5651 cultorem
1867 5573 2085 5649 Martis,

569 5698 586 5727 '
627 5699 677 5747 ltt
711 5714 806 5767 uno
827 5701 1002 5767 Codice
1033 5700 1292 5763 legitur....
1327 5723 1348 5749 ι
1371 5714 1684 5767 cincinnatus.
1709 5721 1731 5748 ι
1762 5706 1894 5764 Quod
1918 5705 1960 5756 si
1992 5719 2086 5756 mm

595 5761 812 5833 possibile
832 5763 1010 5814 servire
1040 5761 1135 5813 ι)έο
1156 5771 1199 5814 et
1234 5777 1479 5824 nutmomt’,
1507 5765 1587 5825 qui
1611 5761 1862 5829 mamontr,
1890 5777 1991 5817 etc.

1167 364 1223 419 S.
1261 359 1534 420 1οΑωὸ
1566 355 2037 425 ακιιγεοετωιι
2075 355 2387 416 ARCHIEP.
2426 358 2950 420 CONS’IANTINOP.

3639 363 3726 416 iii

2153 467 2287 524 iram
2337 486 2478 540 saepe
2529 473 2746 528 vincere
2763 489 2826 530 ac
2868 475 3163 544 reprimere
3198 493 3209 526 :
3245 473 3296 528 in
3330 485 3378 529 te
3424 485 3600 528 autem
3648 493 3730 529 res

2151 575 2258 618 non
2286 561 2356 615 ita
2375 577 2437 618 se
2464 565 2649 631 habet,
2677 561 2771 621 sed
2805 576 2856 622 te
2875 567 2926 620 itt
2947 568 3255 622 servitutem
3287 568 3396 620 vitii
3420 570 3493 622 tui
3513 568 3730 639 redigis.

2153 649 2224 702 At
2251 666 2381 705 oves
2404 667 2510 706 non
2532 653 2781 724 jugttlas?
2807 655 2914 713 Sed
2940 657 3148 726 jugulas
3180 658 3426 714 homines
3446 670 3499 712 et
3529 661 3732 715 animas

2155 741 2358 800 ratione
2373 742 2966 812 prmditasmasquidem
2983 747 3262 813 fame,illas
3275 764 3402 804 vero
3415 750 3731 806 maledictis.

2151 832 2270 892 Hoc
2286 835 2547 892 sacrificio
2582 837 2713 899 nihil
2739 848 2822 892 est
2847 841 3017 909 magis
3048 840 3384 908 baccbicunt,
3406 843 3536 896 nihil
3566 845 3733 912 magis

2150 922 2424 978 insanum.
2445 925 2583 990 Quis
2603 943 2862 996 umquam
2893 929 3026 983 vidit
3069 930 3320 999 jugulare
3349 932 3556 988 animas
3575 934 3600 986 ?
3625 935 3733 992 Ex-

2157 1015 2415 1070 secranda
2439 1026 2523 1071 est
2547 1032 2639 1072 ara
2665 1021 2924 1074 avaritiae.
2953 1020 3084 1075 Nam
3109 1021 3177 1076 ad
3210 1022 3347 1078 hanc
3384 1039 3532 1077 aram
3561 1025 3732 1080 idolo-

2152 1121 2276 1161 rum
2301 1107 2349 1161 si
2381 1109 2618 1180 veneris,
2647 1109 2846 1168 videris
2868 1127 2994 1166 eam
3023 1113 3173 1173 olere
3202 1115 3516 1185 Sanguinem
3543 1131 3733 1185 capra-

2159 1213 2274 1252 rutn
2296 1207 2350 1253 et
2377 1199 2570 1272 boum;
2603 1201 2671 1256 ad
2706 1203 2946 1268 avaritia:
2989 1213 3341 1260 autemaratn
3392 1207 3438 1261 si
3484 1210 3729 1274 veneris,

2160 1289 2492 1346 videbiseam
2511 1294 2744 1361 graviter
2765 1294 3060 1364 spirantem
3078 1294 3369 1351 humanum
3386 1297 3732 1368 sanguinem:

2153 1377 2204 1438 si
2237 1376 2324 1432 hic
2371 1379 2586 1436 steteris
2606 1421 2622 1448 ,
2656 1395 2760 1436 non
2804 1382 3009 1440 videbis
3035 1383 3224 1439 ardere
3250 1385 3365 1440 alas
3392 1386 3602 1449 avium,
3634 1403 3734 1442 nec

2160 1470 2328 1525 emitti
2358 1486 2610 1541 vaporem
2656 1481 2711 1528 et
2752 1474 2956 1529 fumum
2983 1515 2998 1537 ,
3029 1474 3125 1530 sed
3165 1477 3340 1546 perire
3378 1491 3606 1548 corpora
3637 1478 3734 1540 hu.

2161 1577 2340 1619 mana.
2370 1562 2501 1618 Nam
2532 1564 2619 1620 alii
2649 1566 2867 1636 quidem
2897 1583 2956 1623 se
3004 1567 3302 1638 praccipites
3327 1569 3583 1638 dejiciunt
3602 1611 3618 1636 ,
3645 1572 3734 1626 alii

2161 1661 2346 1722 aptant
2370 1653 2641 1725 laqueum,
2669 1656 2760 1710 alii
2789 1672 2884 1728 per
2905 1667 3094 1728 guttur
3131 1673 3314 1714 ensem
3347 1660 3733 1731 transadiguut.

2167 1743 2352 1801 Vidisti
2378 1745 2617 1810 crudelia
2637 1756 2696 1803 et
2743 1747 3036 1803 inhumana
3083 1749 3386 1810 sacriﬁcia?
3417 1751 3508 1806 Vis
3542 1752 3624 1806 his
3651 1753 3732 1806 vi-

2161 1833 2291 1895 dere
2317 1837 2606 1906 graviora?
2638 1836 2758 1907 Ego
2797 1837 2892 1893 tibi
2946 1839 3223 1896 ostendam
3247 1881 3262 1906 ,
3292 1855 3396 1896 non
3422 1841 3530 1911 jam
3563 1843 3736 1896 ttomia

2163 1941 2289 1980 num
2317 1940 2564 1998 corpora,
2585 1926 2689 1983 sed
2704 1930 2910 1984 animas
2941 1929 3051 1984 illic
3095 1930 3340 1985 mactari.
3372 1930 3554 1986 Potest
3593 1933 3738 1986 enim

2165 2018 2382 2077 mactari
2409 2017 2586 2079 anima
2614 2033 2678 2072 ea
2698 2017 2848 2074 caede
2875 2034 2996 2087 qua:
3025 2019 3100 2074 illi
3125 2021 3375 2078 convenit
3399 2040 3413 2075 :
3439 2021 3578 2077 sicut
3595 2023 3738 2077 enim

2163 2117 2247 2165 est
2274 2123 2420 2164 mors
2446 2109 2710 2185 corporis,
2741 2110 2810 2164 ita
2838 2120 2922 2166 est
2944 2126 3088 2168 mors
3113 2113 3307 2167 animat
3340 2131 3354 2167 :
3383 2114 3564 2167 Anima
3607 2114 3739 2167 enim

2162 2216 2277 2270 qua
2302 2209 2473 2271 peccat
2491 2241 2507 2264 ,
2535 2201 2742 2272 inquit,
2771 2202 2884 2272 ipsa
2903 2204 3144 2258 morietur
3166 2202 3380 2274 (Ezeclt.
3405 2205 3492 2260 18.
3520 2204 3596 2274 4).
3622 2205 3738 2260 Non

2163 2301 2246 2348 est
2270 2291 2440 2362 qualis
2465 2307 2618 2351 mors
2638 2293 2900 2363 corporis,
2932 2294 3025 2349 sed
3052 2303 3134 2356 est
3161 2294 3321 2364 longe
3345 2295 3563 2365 gravior
3587 2311 3733 2351 mors

2163 2385 2375 2440 animat.
2398 2384 2530 2440 Nam
2554 2386 2645 2442 illa
2673 2387 2889 2462 quidem
2916 2401 3061 2442 mors
3077 2389 3340 2458 corporis,
3361 2404 3480 2444 cum
3508 2390 3738 2443 animum

2163 2485 2219 2530 et
2247 2491 2444 2545 corpus
2481 2477 2707 2532 alterum
2750 2478 2816 2532 ab
2844 2477 3015 2536 altero
3039 2477 3388 2545 dissolverit,
3421 2479 3498 2534 illi
3525 2480 3737 2548 quidem

2164 2567 2318 2622 aﬂ‘ert
2345 2569 2630 2638 requiema
2659 2569 2840 2626 multis
2869 2570 3014 2626 curis
3041 2580 3095 2626 et
3118 2571 3426 2635 laboribus;
3457 2571 3594 2628 hanc
3614 2588 3741 2628 vero

2164 2657 2232 2711 ad
2263 2658 2433 2712 locum
2465 2659 2802 2722 manifestum
2849 2661 3162 2719 transmittit
3189 2678 3202 2715 :
3227 2660 3422 2717 deinde
3455 2677 3574 2717 cum
3603 2672 3739 2716 tem-

2165 2765 2297 2819 pore
2327 2750 2487 2805 fuerit
2532 2749 2850 2806 dissolutum
2882 2761 2937 2807 et
2985 2752 3176 2822 Spiritu
3212 2752 3507 2824 privatum,
3555 2769 3742 2807 rursus

2165 2851 2516 2912 congregatur
2559 2857 2681 2898 cum
2747 2843 3194 2915 incorruptione,
3243 2854 3298 2901 et
3347 2860 3499 2906 suam
3553 2845 3742 2916 recipit

2165 2933 2418 2987 animam.

2235 3024 2290 3078 '5.
2327 3028 2498 3096 Atque
2523 3025 2643 3080 talis
2667 3026 2881 3096 quidem
2908 3035 2990 3081 est
3011 3040 3156 3082 mors
3181 3026 3444 3098 corporis.
3470 3026 3610 3083 Mors
3640 3041 3736 3080 au-

2168 3127 2274 3173 tem
2304 3119 2495 3173 animat
2523 3127 2606 3181 est
2653 3119 2917 3174 horrenda
2948 3128 3003 3174 et
3050 3119 3326 3174 terribilis.
3380 3118 3496 3173 Non
3523 3119 3663 3174 enim
3694 3118 3741 3175 si

2167 3208 2326 3262 fuerit
2366 3207 2622 3263 dissoluta
2648 3249 2666 3272 ,
2692 3223 2810 3263 eam
2843 3209 3157 3264 transmittit
3204 3208 3343 3264 sicut
3386 3224 3581 3279 corpus
3603 3248 3619 3272 .
3646 3208 3738 3263 sed

2164 3314 2282 3356 eam
2311 3314 2494 3354 rursus
2515 3300 2784 3370 alligatam
2807 3300 3041 3370 corpori,
3065 3300 3119 3355 in
3140 3300 3282 3370 quod
3302 3301 3456 3356 cadet
3474 3299 3738 3362 interitus,

2166 3404 2283 3444 eam
2325 3389 2558 3445 immittit
2611 3391 2664 3444 in
2709 3391 2904 3461 ignem,
2950 3391 3040 3461 qui
3092 3404 3197 3446 non
3247 3401 3420 3462 potest
3457 3391 3739 3461 exstingui.

2169 3483 2293 3538 llaec
2343 3491 2428 3538 est
2483 3496 2612 3552 ergo
2664 3497 2810 3538 mors
2867 3483 3081 3538 animm.
3128 3482 3277 3538 Sicut
3322 3498 3450 3553 ergo
3470 3490 3553 3537 est
3601 3495 3743 3535 mors

2166 3574 2391 3639 animae,
2421 3574 2490 3628 ita
2521 3583 2604 3627 est
2635 3575 2793 3627 etiam
2823 3574 2999 3628 credes
3026 3572 3238 3627 animat.
3261 3573 3395 3640 Quid
3438 3583 3520 3627 est
3569 3573 3744 3626 credes

2166 3668 2444 3740 corporis?
2495 3667 2664 3724 Morte
2713 3682 2835 3722 esse
2883 3667 3129 3722 aﬂ'ectttm
3153 3707 3169 3734 ,
3209 3675 3264 3721 et
3303 3666 3584 3735 abruptum
3623 3678 3745 3722 esse

2168 3761 2477 3832 operatione
2540 3775 2660 3829 qua:
2728 3769 2811 3814 est
2871 3774 2937 3814 ex
2986 3759 3182 3821 anima.
3255 3758 3390 3826 Quid
3441 3759 3746 3812 est‘ccdcs

2167 3851 2401 3908 animat?
2445 3849 2560 3922 Ipsa
2605 3865 2818 3920 quoque
2847 3859 2929 3905 est
2962 3849 3347 3903 mortiﬁcatio?
3375 3847 3510 3916 Quid
3538 3856 3621 3902 est
3647 3862 3742 3902 au-

2171 3954 2276 4000 tem
2305 3942 2644 4002 tnertilicatio
2691 3943 2918 4004 animat?
2965 3942 3114 3997 Sicut
3156 3957 3351 4012 corpus
3405 3951 3531 3997 tunc
3577 3951 3747 3997 morte

2170 4035 2422 4100 aflicitur,
2448 4035 2661 4109 quando
2698 4036 2874 4098 anima
2917 4034 2973 4089 id
2999 4033 3272 4105 reliquerit
3297 4036 3564 4089 desertum
3597 4050 3626 4088 a
3655 4050 3748 4092 sua

2171 4128 2484 4197 operatione
2513 4144 2525 4180 :
2553 4127 2622 4182 ita
2661 4126 2825 4185 etiam
2865 4135 2992 4182 tunc
3038 4137 3211 4182 morte
3260 4126 3490 4181 allii-itur
3535 4126 3748 4190 anima,

2172 4220 2386 4290 quando
2426 4234 2542 4275 eam
2588 4234 2618 4273 a
2663 4235 2758 4275 sua
2807 4221 3118 4289 operatione
3159 4220 3428 4279 desertam
3477 4221 3753 4290 reliquerit

2174 4309 2408 4379 Spiritus
2440 4318 2674 4364 sanctus.
2705 4309 2799 4364 Ha:
2823 4309 2998 4364 caedes
3026 4319 3080 4363 et
3110 4312 3460 4364 mactationes
3485 4320 3612 4365 sunt
3643 4325 3752 4364 ma-

2175 4401 2317 4455 xime
2335 4398 2401 4454 ad
2422 4415 2568 4454 aram
2591 4400 2825 4453 avaritiae
2846 4421 2860 4454 :
2879 4414 2984 4453 non
3007 4400 3265 4454 satiantur
3288 4415 3460 4469 neque
3480 4415 3539 4453 se
3561 4401 3755 4458 sistunt

2178 4507 2345 4560 usque
2373 4491 2438 4545 ad
2471 4491 2782 4557 sanguinem
2813 4490 3110 4556 hominum,
3144 4489 3237 4544 sed
3268 4489 3370 4544 nisi
3397 4489 3556 4544 etiam
3587 4489 3754 4558 ipsam

2178 4580 2565 4636 sacriﬁcaveris
2605 4581 2870 4647 animam,
2919 4595 3024 4634 non
3076 4580 3328 4649 impletur
3355 4595 3446 4633 ara
3477 4580 3714 4633 avaritia:
3738 4620 3753 4646 ,

2180 4674 2279 4728 nisi
2309 4673 2587 4742 utriusque
2614 4671 2887 4743 acceperit
2905 4672 3112 4726 animas
3135 4713 3150 4734 ,
3179 4687 3374 4740 nempe
3404 4673 3520 4741 ejus
3550 4671 3639 4741 qtti
3666 4687 3755 4727 sa-

2179 4764 2384 4818 crificat
2410 4772 2460 4816 et
2483 4763 2601 4832 ejus
2625 4763 2714 4832 qui
2740 4762 3095 4817 sacrificatur.
3127 4761 3262 4816 Eum
3288 4762 3431 4816 enint
3463 4763 3554 4832 qui
3587 4763 3757 4816 sacri-

2183 4855 2303 4907 ficat
2343 4861 2558 4922 oportet
2600 4852 2829 4922 primum
2859 4867 2978 4908 esse
3022 4851 3412 4917 sacriﬁcatum;
3457 4862 3512 4908 et
3553 4853 3625 4906 ita
3673 4853 3761 4908 ille

2181 4943 2448 4999 sacriﬁcat
2471 4983 2488 5007 ,
2521 4952 2575 4998 et
2605 4954 2849 5000 mortuus
2876 4943 3144 4998 sacrillcat
3169 4959 3292 4998 eum
3332 4943 3424 5014 qui
3455 4954 3580 4998 tunc
3609 4944 3762 4998 vivit.

2182 5033 2406 5102 Quando
2426 5034 2566 5089 enim
2593 5035 2890 5091 maledictis
2916 5035 3226 5101 insectatur,
3240 5035 3450 5104 quando
3473 5035 3688 5105 probris
3709 5046 3763 5092 et

2184 5123 2439 5179 conviciis
2486 5125 2726 5193 appetit,
2756 5123 2968 5195 quando
3017 5135 3298 5182 succenset
3339 5135 3393 5180 et
3421 5125 3762 5196 indignatur,

2186 5231 2364 5272 annon
2396 5216 2479 5270 ita:
2507 5217 2672 5286 plagae
2703 5216 2896 5271 anima:
2917 5225 3040 5272 sunt
3070 5217 3439 5281 incurabiles?
3468 5216 3631 5274 Vitles
3661 5231 3763 5274 non

2185 5324 2307 5366 esse
2334 5309 2536 5364 dictum
2569 5307 2975 5379 hyperbolicum
3000 5309 3024 5361 ?

2259 5399 2538 5453 Avaritiam
2585 5414 2694 5452 esse
2739 5397 3082 5452 idololatrian;
3113 5397 3372 5464 probatur.
3396 5427 3467 5438 —
3491 5397 3581 5452 Vis
3608 5397 3766 5456 etiam

2189 5489 2330 5542 aliud
2359 5486 2564 5550 audire,
2596 5497 2648 5540 et
2677 5485 2886 5542 discere
2911 5487 3179 5557 quomodo
3202 5488 3422 5542 avaritia
3447 5487 3518 5542 sit
3548 5486 3768 5542 idololaq

2193 5579 2290 5632 tria
2306 5588 2362 5633 et
2379 5578 2526 5632 cultu
2545 5577 2810 5633 idolorum
2826 5580 3078 5649 gravior?
3099 5578 3398 5636 Idololatrte
3424 5578 3654 5632 adorant
3684 5577 3771 5632 Dei

2192 5679 2464 5723 creaturas
2491 5686 2503 5721 :
2530 5667 2595 5721 Et
2624 5670 2886 5724 coluerunt
2910 5714 2923 5734 ,
2959 5670 3125 5742 inquit
3148 5713 3164 5737 ,
3191 5680 3237 5724 et
3263 5671 3543 5725 seruierunt
3568 5681 3772 5728 creatu-

2196 5776 2268 5814 τω
2290 5760 2445 5829 magis
2467 5776 2617 5827 quant
2639 5760 2864 5816 Creatori
2892 5761 3070 5829 (Rom.
3097 5763 3146 5824 1.
3176 5761 3270 5833 23)
3297 5778 3310 5814 :
3343 5770 3394 5815 tu
3421 5769 3609 5830 autem
3631 5771 3772 5829 luam
