4218 6266
479 425 585 484 123

477 549 536 605 ει
562 544 868 617 ὑπερϐολὴν
894 535 1038 598 εἶναί
1071 560 1204 614 φασι
1232 543 1313 608 τὸ,
1365 543 1424 598 Ὁ
1454 543 1786 616 πλεονέκτης
1830 544 2052 599 είδωλο-

480 632 685 705 λάτρης
733 632 904 686 ἐστίν.
947 629 1086 685 Ἀλλ’
1112 630 1212 684 οὐκ
1261 628 1409 686 εστιν
1449 631 1755 702 ὑπερϐολῆς
1787 630 1849 684 τὸ
1876 630 2050 703 ῥῆμα,

482 720 619 777 ἀλλά
642 719 920 791 ἀληθείας.
944 718 1070 783 Πῶς
1100 718 1196 774 καὶ
1222 717 1330 772 τίνι
1354 717 1544 789 τρόπῳ
1569 734 1584 783 ;
1615 715 1741 773 Ὀτι
1761 717 2054 786 ἀφίσταται

485 805 697 861 ἀπὸτοῦ
726 804 863 860 Θεοῦ
887 807 916 860 ὁ
942 804 1297 875 πλεονέκτης,
1319 804 1573 874 καθάπερ
1588 805 1618 857 ό
1636 803 2052 877 εἰδωλολάτρης.

491 892 597 951 Kal
629 894 716 945 ἶνα
748 893 822 962 μὴ
849 891 1081 965 νομίσῃς
1109 889 1298 954 ἀπλῶς
1330 891 1603 961 εἰρῆσθαι,
1640 891 1918 961 ἀπόφασίς
1936 893 2056 947 ἐστι

490 978 581 1033 τοῦ
612 977 847 1049 Χριστοῦ
877 977 1114 1045 λέγουσα
1134 993 1148 1008 ·
1175 978 1259 1030 οὐ
1286 976 1552 1033 δύνασθε
1575 976 1696 1042 Θεῷ
1717 977 2054 1042 δουλεύειν,

489 1068 587 1120 καί
618 1065 938 1136 μαμμωνᾷ.
974 1066 1040 1119 Ol
1082 1065 1375 1135 μαμμωνᾷ
1405 1073 1426 1095 ⁸
1462 1064 1826 1133 δουλεύοντες,
1858 1065 2058 1137 ἐξέϐαο

490 1154 581 1208 λον
625 1153 851 1215 ἑαυτοὺς
890 1151 992 1220 τῆς
1035 1152 1129 1206 τοῦ
1154 1151 1291 1205 Θεοῦ
1325 1151 1571 1215 δουλείας
1597 1167 1612 1181 ’
1647 1151 1697 1205 οί
1726 1150 1783 1204 δὲ
1814 1152 2057 1223 ἀρνησά-

493 1258 646 1312 μενοι
677 1238 842 1295 αὐτοῦ
874 1239 974 1312 τὴν
992 1239 1337 1304 δεσποτείαν,
1370 1240 1464 1295 καὶ
1495 1240 1683 1312 χρυσῷ
1710 1239 2060 1304 δουλεύοντες

492 1325 702 1397 ἀψύχῳ,
756 1325 977 1397 εὔδηλον
1025 1327 1107 1379 ὅτι
1166 1325 1551 1398 εἰδωλολάτραι
1600 1325 1757 1382 εἰσίν.
1799 1327 1937 1379 ’Δλλ’
1961 1328 2061 1380 οὐκ

494 1414 727 1483 ἐποίησα
755 1453 773 1479 ,
823 1414 1023 1483 φησὶν,
1067 1412 1322 1479 είδωλον,
1372 1413 1495 1467 οὐδὲ
1555 1414 1762 1484 ἔστησα
1827 1414 2013 1485 βωμὸν
2041 1453 2057 1478 ,

490 1502 617 1561 οὐδὲ
648 1500 922 1562 κατέθυσα
952 1501 1197 1571 πρόϐατα
1217 1540 1234 1567 ,
1271 1500 1393 1557 οὐδὲ
1415 1496 1560 1557 οἶνον
1580 1502 1910 1565 ὲπέσπεισα,
1940 1500 2056 1554 ἀλλ’

494 1593 579 1655 είς
612 1589 905 1659 ἐκκλησίαν
939 1589 1206 1660 εἰσῆλθον,
1230 1591 1325 1644 καὶ
1350 1593 1541 1661 χεῖρας
1560 1590 1813 1644 άνέτεινα
1838 1587 1916 1659 τῷ
1947 1604 2051 1658 μο-

495 1676 715 1744 νογενεῖ
739 1675 833 1729 τοῦ
865 1674 999 1730 Θεοῦ
1031 1676 1212 1743 Παιδὶν,
1234 1677 1329 1731 καὶ
1359 1675 1674 1747 μυστηρίων
1706 1676 1942 1746 μετέχω,
1965 1674 2061 1727 καὶ

496 1762 671 1832 εύχῆς
703 1763 963 1826 κοινωνῶ,
1004 1765 1099 1818 καὶ
1128 1763 1237 1816 τῶν
1275 1763 1449 1819 ἄλλων
1487 1764 1765 1820 ἀπάντων.
1796 1756 1871 1815 ὧν
1899 1778 2063 1833 προσ-

497 1855 600 1922 ἧκε
636 1848 729 1902 τδν
760 1850 1106 1918 Χριστιανόν.
1141 1849 1264 1915 Πῶς
1298 1845 1412 1920 οὖν,
1446 1850 1631 1920 φησὶν,
1664 1848 1856 1905 εἴδωλα
1889 1864 2063 1917 προσ-

440 1932 443 1937 ’
495 1942 687 2007 κυνῶ;
727 1938 897 1994 Τοῦτο
951 1939 1049 2011 μὲν
1078 1935 1172 1992 οὖν
1217 1937 1348 1991 αὐτὸ
1385 1938 1481 1993 καὶ
1526 1935 1589 1990 τὸ
1618 1934 2062 2007 θαυμαστότατόν

502 2030 675 2093 ἐστιν,
702 2028 785 2081 δτι
814 2029 1009 2096 πεῖραν
1034 2024 1217 2078 λαϐὼν
1252 2023 1345 2077 καί
1379 2023 1717 2094 γευσάμενος
1744 2022 1846 2089 τῆς
1869 2022 2063 2090 φιλαν-

496 2115 746 2190 θρωπίας
784 2112 879 2167 τοῦ
917 2111 1056 2166 Θεοῦ
1078 2152 1095 2177 ,
1131 2111 1227 2164 καὶ
1271 2110 1391 2165 ἰδὼν
1418 2110 1501 2169 ὃτι
1530 2110 1762 2180 χρηστὸς
1784 2110 1812 2161 ὁ
1839 2107 2064 2178 Κύριος,

488 2204 590 2259 ,τὸν
613 2203 714 2273 μὲν
742 2199 975 2271 χρηστὸν
1007 2196 1218 2261 εἴασας,
1246 2196 1338 2250 τὸν
1362 2196 1424 2253 δὲ
1473 2196 1624 2266 ὠμὸν
1651 2196 1913 2265 τύραννον
1940 2211 2068 2249 κατ-

494 2289 670 2355 εδέξω
695 2327 711 2352 ,
756 2283 1026 2358 [1291καὶ
1063 2285 1332 2354 προσποιῇ
1366 2282 1462 2352 μὲν
1486 2281 1658 2350 τούτῳ
1692 2280 1979 2345 δουλεύειν,
2001 2283 2068 2352 τῇ

496 2376 563 2430 δὲ
588 2371 825 2444 ἀληθείᾳ
850 2369 928 2441 τῷ
955 2368 1179 2439 σκληρῷ
1205 2367 1352 2437 ζυγῷ
1380 2368 1476 2421 καὶ
1505 2366 1725 2439 χαλεπῷ
1749 2366 1850 2436 τῆς
1879 2367 2071 2436 φιλαρ-

499 2460 698 2531 γυρίας
722 2456 919 2513 σαυτὸν
946 2454 1236 2518 ὑπέϐαλες.
1268 2451 1443 2507 οὔπω
1478 2470 1569 2523 μοι
1610 2454 1700 2506 σὺν
1742 2449 1903 2515 εἴπας
1941 2469 2074 2506 κατ-

499 2546 756 2617 όρθωμα,
783 2542 918 2597 ἀλλὰ
942 2541 1009 2600 τά
1035 2539 1187 2611 δῶρα
1211 2539 1306 2593 τοῦ
1336 2540 1628 2593 Δεσπότου.
1655 2539 1792 2592 Εἰπὲ
1822 2538 1930 2610 γάρ
1958 2555 2070 2607 μοι,

504 2629 811 2702 παρακαλῶ
832 2668 849 2693 ,
880 2628 973 2681 τὸν
1008 2625 1344 2698 στρατιώτην
1372 2626 1543 2681 πόθεν
1587 2626 1844 2697 κρίνομεν
1880 2642 1894 2691 ;
1941 2627 2071 2678 ὅταν

506 2719 779 2791 δορυφορῇ
816 2716 910 2769 τὸν
957 2713 1185 2785 βασιλέα
1207 2714 1301 2765 καὶ
1322 2713 1454 2784 παρ’
1487 2713 1653 2766 αὑτοῦ
1682 2711 1953 2783 τρέφηται
1980 2713 2074 2765 καὶ

506 2807 737 2876 καλῆται
775 2802 942 2861 αὐτοῦ
962 2843 977 2866 ,
1006 2802 1041 2873 ἢ
1073 2802 1202 2857 ὅταν
1233 2800 1304 2854 τά
1334 2801 1545 2854 ἐκείνου
1586 2801 1647 2853 οὐ
1689 2802 1861 2870 φρονῇ
1885 2839 1900 2859 ,
1928 2799 2066 2853 ἀλλά

505 2890 867 2964 προσποιῆται
906 2889 1011 2958 μὶν
1060 2883 1204 2941 εῖναι
1233 2887 1353 2958 μετ’
1377 2887 1588 2940 ἐκείνου
1629 2886 1728 2940 καὶ
1755 2885 1827 2940 τὰ
1858 2886 2073 2938 ἐκείνου

507 2977 850 3049 θεραπεύειν,
882 2975 951 3029 τά
991 2974 1050 3029 δὲ
1092 2974 1204 3027 τῶν
1270 2973 1545 3044 πολεμίων
1563 2973 1868 3044 πράγματα
1891 2974 2020 3044 αἱρῇ
2056 2991 2072 3037 ;

505 3063 743 3134 Εὔδηλον
772 3064 855 3115 ὅτι
894 3061 987 3114 τὸν
1028 3060 1254 3130 βασιλέα
1287 3058 1625 3130 δορυφορῶν.
1653 3058 1754 3111 Διά
1773 3058 1934 3111 τοῦτο
1971 3058 2070 3110 καὶ

507 3148 897 3224 χαλεπωτέρας
940 3147 1213 3211 κολάσεως
1273 3147 1422 3212 ἄξιος
1449 3187 1465 3211 ,
1493 3146 1528 3217 ἢ
1556 3146 1657 3216 τῆς
1685 3143 1776 3198 τοῦ
1812 3143 2075 3214 βασιλέως

506 3235 758 3298 δουλείας
793 3234 983 3288 ἑαυτὸν
1023 3232 1363 3305 ἀπορρήξας,
1389 3234 1485 3285 καί⁵
1512 3234 1625 3295 τοῖς
1649 3230 1866 3302 ἐχθροῖς
1900 3247 2073 3300 προσ-

507 3325 705 3389 τεθείς.
737 3324 848 3378 Kal
864 3323 927 3376 σὺ
954 3321 1130 3375 τοίνυν
1164 3320 1405 3393 ὑϐρίζεις
1432 3320 1526 3373 τὸν
1554 3319 1689 3373 Θεὸν
1711 3319 1966 3390 καθάπερ
1996 3319 2075 3370 εί-

507 3411 870 3480 δωλολάτρης,
923 3409 1021 3479 οὐχ
1064 3409 1146 3461 ὲνί
1192 3406 1420 3477 στόματι
1456 3405 1535 3477 τῷ
1563 3404 1661 3475 σῷ,
1693 3404 1829 3459 ἀλλά
1863 3404 2077 3475 μυρίοις

509 3503 618 3563 τοῖς
668 3497 1036 3569 ἠδικημένοις.
1081 3495 1222 3550 Ἀλλ’
1267 3495 1680 3567 εἰδωλολάτρης,
1728 3496 1918 3564 φησὶν,
1978 3493 2080 3545 οὐκ

513 3587 676 3639 ἔστιν.
712 3585 881 3638 Ὅταν
902 3579 995 3637 οὖν
1016 3582 1251 3652 λέγωσιν
1276 3583 1325 3635 οἱ
1357 3581 1635 3651 Ἕλληνες,
1662 3578 1722 3635 Ὀ
1747 3579 2072 3650 Χριστιανὸς

510 3674 543 3724 ὁ
569 3662 917 3741 πλεονέκτης,
946 3670 1068 3723 τότε
1125 3669 1228 3722 οὐκ
1277 3668 1440 3732 αὐτὸς
1478 3668 1639 3739 μόνος
1674 3664 1888 3739 ὑϐρίζει
1918 3665 1986 3719 δι’
2004 3658 2080 3720 ὧν

515 3759 765 3830 πράττει,
801 3757 937 3812 άλλά
964 3757 1058 3809 καὶ
1081 3755 1210 3819 τοὺς
1227 3754 1590 3826 ὴδικημένους
1620 3751 1924 3822 ἀναγκάζει
1955 3751 2082 3804 πολ-

513 3847 671 3909 λάκις
735 3845 895 3897 τοῦτο
945 3843 1128 3910 λέγειν
1160 3858 1175 3873 ⁸
1238 3843 1288 3895 εἰ
1342 3841 1401 3895 δὲ
1472 3842 1549 3911 μὴ
1595 3841 1854 3908 λέγουσι,
1921 3838 2080 3891 τοῦτο

512 3935 613 4006 τῆς
666 3931 891 3986 ἐκείνων
956 3928 1238 3992 εὐλαϐείας
1303 3928 1607 3997 λογιστέον.
1659 3921 1734 3981 Ἦ
1789 3927 1890 3997 οὐχ
1948 3926 2083 3996 ὁρῶ-

517 4034 620 4088 μεν
674 4014 747 4067 τά
796 4013 1096 4084 πράγματα
1146 4011 1288 4067 οὕτω
1342 4011 1642 4081 γινόμενα;
1685 4008 1746 4062 Ὁ
1798 4007 2081 4062 εἰδωλολά-

513 4120 674 4175 τρης,
711 4101 764 4155 τί
809 4100 939 4155 ἄλλο
969 4116 984 4165 ;
1013 4099 1045 4171 ἧ
1077 4098 1199 4172 οὐχὶ
1253 4099 1347 4154 xal
1387 4098 1548 4162 αὐτὸς
1600 4096 1746 4167 πάθη
1787 4096 2085 4169 προσκυνεῖ

515 4189 799 4252 πολλάκις,
858 4188 932 4258 μὴ
979 4185 1074 4240 τοῦ
1116 4186 1318 4248 πάθους
1370 4184 1587 4255 κρατῶν
1615 4201 1630 4250 ;
1664 4177 1791 4237 Οἶόν
1820 4199 1871 4235 τι
1897 4180 2040 4249 λέγω
2068 4197 2082 4212 ο

518 4277 687 4332 Ὅταν
740 4275 1004 4345 είπωμεν,
1033 4273 1118 4328 ὃτι
1170 4272 1367 4329 εἴδωλα
1418 4274 1734 4341 προσκυνεῖ,
1757 4268 1865 4334 Οὒ,
1898 4268 2081 4339 φησὶν,

515 4364 653 4419 ἀλλὰ
670 4364 769 4433 τὴν
803 4360 1147 4432 Ἀφροδίτην,
1169 4358 1305 4413 ἀλλὰ
1331 4358 1422 4411 τὸν
1454 4358 1647 4428 Ἄρην.
1672 4354 1788 4411 Κᾶν
1818 4356 2083 4423 εἴπωμεν,

517 4452 611 4514 Τίς
632 4449 774 4519 αῦτη
799 4450 834 4520 ή
871 4446 1156 4517 Ἀφροδίτη
1181 4463 1197 4513 ;
1220 4447 1271 4499 οἰ
1300 4444 1613 4515 σεμνότεροι
1660 4441 1842 4496 αὐτῶν
1876 4457 2037 4510 φασιν
2061 4456 2076 4470 ·

527 4538 593 4591 Ἦ
609 4537 770 4608 ἡδονή
797 4552 810 4565 ·
849 4535 960 4589 Kal
996 4535 1078 4598 τίς
1103 4534 1132 4585 ὁ
1164 4535 1339 4604 ’Δρης
1369 4548 1385 4598 ;
1421 4531 1481 4585 '0
1510 4530 1700 4599 θυμός.
1726 4528 1880 4584 Οὕτω
1904 4529 1999 4582 καὶ
2020 4528 2084 4581 σὺ

519 4623 607 4677 τὸν
645 4621 978 4693 μαμμωνᾶν.
1019 4621 1117 4672 “Av
1148 4619 1419 4688 εἴπωμεν,
1455 4616 1551 4679 Τίς
1578 4617 1607 4668 ό
1638 4615 1992 4686 μαμμωνᾶςς
2023 4613 2087 4666 Ἠ

522 4710 821 4776 πλεονεξία.
861 4708 974 4762 Καὶ
1021 4709 1086 4760 σὺ
1112 4705 1318 4774 ταύτην
1344 4705 1710 4775 προσκυνεῖς;
1743 4702 1817 4755 Οὐ
1844 4717 2085 4772 προσκυα

520 4796 614 4862 νῶ,
670 4795 825 4866 φησί.
863 4793 962 4847 Διά
982 4795 1035 4846 τί
1064 4793 1186 4857 ;δτι
1234 4792 1296 4844 οὐ
1336 4790 1616 4861 κάμπτεις
1650 4787 1883 4854 σαυτόν;
1929 4787 2090 4840 Ἀλλά

520 4883 613 4937 νῦν
643 4881 818 4952 πολλῷ
850 4880 1050 4950 μᾶλλον
1073 4881 1398 4950 προσκυνεῖς
1425 4877 1512 4931 διά
1535 4876 1643 4929 τῶν
1667 4875 1844 4946 ἔργων
1867 4874 2090 4928 καὶτῶν

519 4969 866 5040 πραγμάτων
896 4984 910 4999 ⁸
948 4967 1090 5038 αὕτη
1128 4966 1238 5038 γὰρ
1266 4967 1468 5038 μείζων
1488 4967 1523 5036 ή
1558 4963 1949 5036 προσκύνησις.
1972 4963 2086 5016 Καὶ

516 5058 610 5111 ἵνα
664 5055 862 5127 μάθῃς,
899 5055 1000 5108 θέα
1050 5055 1142 5109 ἐπὶ
1177 5052 1271 5107 τοῦ
1306 5052 1441 5105 Θεοῦ
1467 5093 1481 5118 ,
1507 5052 1650 5115 τίνες
1678 5051 1878 5121 μᾶλλον
1919 5049 2081 5103 αὑτὸν

523 5141 943 5212 προσκυνοῦσιν,
966 5143 1017 5193 οἰ
1049 5139 1233 5202 ἀπλῶς
1261 5138 1492 5202 ἑστῶτες
1513 5139 1571 5192 ὲν
1599 5140 1717 5200 ταῖς
1742 5138 2090 5206 προσευχαῖς,

520 5227 554 5299 ἦ
583 5230 633 5281 οἱ
661 5228 724 5281 τὸ
749 5228 964 5296 θέλημα
994 5226 1157 5281 αὐτοῦ
1179 5227 1461 5288 ποιοῦντες
1490 5243 1504 5292 ;
1536 5224 1775 5294 Εύδηλον
1811 5225 1893 5278 ὄτι
1922 5218 2089 5275 οῦτοι.

524 5313 682 5368 Οὖτω
736 5314 833 5371 καὶ
858 5316 910 5367 οί
955 5315 1048 5366 ἐπὶ
1072 5314 1163 5368 τοῦ
1199 5316 1500 5385 μαμμωνᾶ,
1533 5315 1581 5366 οί
1608 5312 1668 5365 τὸ
1692 5311 1904 5381 θέλημα
1931 5309 2094 5363 αὐτοῦ

525 5397 825 5466 ποιοῦντες,
853 5401 1052 5472 μᾶλλον
1078 5402 1240 5455 αὐτὸν
1260 5400 1642 5474 προσκυνοῦσι.
1679 5398 1871 5451 Καίτοι
1900 5399 2097 5450 ἐκεῖνοι

524 5491 596 5545 τὰ
620 5489 773 5561 πάθη
824 5489 1275 5560 προσκυνοῦντες,
1311 5488 1572 5551 πολλάκις
1623 5486 1781 5549 ἐκτός
1825 5486 1932 5539 εἰσι
1985 5485 2094 5538 τῶν

529 5577 720 5635 παθῶν
755 5592 768 5605 ·
802 5577 904 5629 ἱδοι
932 5577 1041 5647 γάρ
1069 5574 1134 5629 ἀν
1158 5592 1240 5638 τις
1272 5574 1361 5628 τὸν
1395 5573 1488 5627 τοῦ
1514 5575 1708 5646 ’Ἄρεος
1735 5570 2097 5643 θεραπευτὴν,

589 5712 616 5742 ⁸
640 5710 781 5761 Unus
812 5710 993 5770 codex,
1028 5711 1135 5772 θεῷ
1178 5710 1307 5757 δουλ.
1353 5709 1433 5756 καὶ
1468 5712 1720 5771 μαμμωνᾷ.
1770 5709 1826 5755 Εἰ
1872 5707 2025 5756 τοίνυν
2047 5708 2100 5757 οὐ

531 5771 720 5821 δυνατὸν
743 5773 858 5835 Θεῷ
878 5771 1115 5821 δουλεύειν
1134 5773 1212 5819 καὶ
1237 5772 1492 5834 μαμμωνᾷ,
1516 5773 1559 5817 οί
1581 5775 1836 5835 μαμμωνᾷ,
1859 5777 1956 5819 clc.

1383 420 1452 477 IN
1487 420 1709 481 EPIST.
1747 421 1839 479 AD
1878 419 2121 480 EPHES.
2158 422 2316 480 CAP.
2358 423 2423 482 V.
2488 424 2719 481 HOMIL.
2752 423 2939 481 XVIII.

3626 430 3721 487 [il

2158 544 2256 600 τοῦ
2311 545 2486 617 θυμοῦ
2516 545 2820 619 κρατοῦντα
2860 543 3119 608 πολλάκις
3150 560 3163 575 ’
3204 544 3299 599 ὶπί
3326 543 3383 603 δὲ
3415 544 3508 601 σοῦ
3535 546 3722 600 οὐκέτι

2156 632 2315 725 τοῦτο
2343 672 2359 697 ,
2386 633 2521 690 ἀλλὰ
2564 633 2642 704 τῷ
2670 632 2833 691 ⁴πάθει
2855 631 3205 695 καταδουλοῖς
3235 630 3631 725 σαυτόὲίέξΔλῖ
3658 633 3720 686 οὐ

2161 723 2386 795 σφάξεις
2417 698 2702 799 πρόϐατα;
2746 722 2884 781 Ἀλλ’
2924 722 3269 794 ἀνθρώπους,
3303 698 3609 794 καῖ’ᾚδχάς
3633 721 3724 776 λο-

2158 810 2341 880 γικὰς,
2398 811 2499 876 τὰς
2558 811 2658 881 μὲν
2709 809 2875 881 λιμῷ,
2903 812 3003 875 τὰς
3047 809 3103 863 δὲ
3145 809 3535 881 βλασφημίαις.
3560 810 3726 865 Οὐδὲν

2158 898 2364 970 ταύτης
2422 900 2523 970 τῆς
2573 898 2767 962 θυσίας
2818 898 3241 971 βακχικώτερον.
3284 900 3380 961 Τίς
3402 895 3510 953 εἶδε
3548 898 3727 970 ψυχὰς

2163 985 2502 1057 σφαζομένας
2546 984 2721 1053 ποτέ;
2772 986 3079 1057 Ἐπάρατος
3101 987 3128 1036 ὁ
3150 987 3247 1057 τῆς
3286 985 3594 1052 πλεονεξίας
3623 986 3728 1057 βω-

2155 1074 2282 1156 μός.
2326 1070 2484 1143 Παρά
2517 1070 2626 1140 γάρ
2651 1071 2840 1124 τοῦτον
2869 1071 2976 1125 τῶν
3004 1070 3238 1125 εἰδώλων
3255 1072 3320 1125 ἂν
3336 1070 3496 1143 ἔλθῃς
3526 1070 3726 1142 βωμὸν,

2158 1159 2280 1228 ὕψει
2328 1157 2551 1226 αίγείων
2591 1158 2686 1212 καὶ
2720 1157 2909 1230 βοείων
2952 1158 3200 1228 αἱμάτων
3229 1158 3420 1222 ὄζοντα
3443 1175 3457 1189 ·
3493 1157 3643 1227 παρὰ
3674 1158 3729 1211 δὲ

2154 1246 2252 1317 ,τὸν
2268 1246 2369 1317 τῆς
2390 1245 2700 1311 πλεονεξίας
2727 1244 2908 1316 βωμὸν
2937 1244 3205 1318 ἀνέλθῃς,
3233 1245 3479 1314 αἱμάτων
3518 1244 3725 1313 ἀνθρω-

2166 1333 2335 1388 πίνων
2383 1333 2504 1402 δψει
2548 1332 2784 1405 χαλεπὸν
2808 1332 3155 1385 ἀποπνέοντα
3179 1347 3194 1361 θ
3233 1331 3299 1384 ἂν
3326 1334 3610 1402 παραστῇς
3644 1333 3729 1384 ὲν-

2162 1416 2357 1484 ταῦθα,
2386 1418 2447 1471 ού
2474 1417 2645 1489 θεάσῃ
2670 1416 2845 1489 πτερά
2872 1417 3140 1487 καιόμενα
3168 1416 3423 1487 ὀρνίθων,
3439 1416 3562 1471 οὐδὲ
3583 1416 3726 1469 κνίσω

2166 1520 2264 1558 σαν
2299 1504 2391 1561 καὶ
2420 1504 2627 1559 καπνὸν
2659 1503 3037 1574 ἀναδιδόμενον
3058 1543 3073 1568 ,
3102 1502 3237 1556 ἀλλὰ
3260 1502 3489 1571 σώματα
3521 1501 3731 1573 ἀνθρώ-

2164 1606 2283 1647 πων
2328 1589 2697 1659 ἀπολλύμενα.
2734 1590 2798 1644 οι
2843 1590 2941 1661 μὲν
2968 1588 3076 1661 γὰρ
3098 1589 3178 1652 είς
3202 1589 3478 1659 κρημνοὺς
3509 1588 3731 1651 ἑαυτοὺς

2165 1677 2417 1750 ἔρριψαν,
2449 1679 2498 1733 οί
2529 1676 2586 1730 δὲ
2630 1676 2829 1751 βρόχον
2882 1672 3053 1747 ἧψαν,
3100 1677 3149 1730 οί
3176 1674 3235 1729 δὲ
3264 1674 3416 1743 ξίφος
3463 1675 3723 1746 διήλασαν

2169 1764 2259 1820 διὰ
2311 1765 2407 1818 τοῦ
2457 1763 2677 1836 λαιμοῦ.
2708 1759 2866 1826 Εἶδες
2913 1762 3104 1825 θυσίας
3133 1762 3290 1833 ὠμὰς
3316 1763 3411 1816 καὶ
3437 1762 3734 1832 ἀπανθρώ-

2167 1869 2341 1918 πουςς
2406 1850 2556 1924 [150]
2613 1850 2804 1907 Βούλει
2854 1849 3059 1905 τούτων
3106 1848 3493 1920 χαλεπωτέρας
3558 1849 3730 1911 ίδεῖνς

2184 1937 2325 2013 Ἐγώ
2346 1955 2428 1995 σοι
2452 1935 2636 2002 δείξω,
2665 1937 2848 1993 οὐκέτι
2873 1936 3103 2009 σώματα
3123 1934 3448 2008 ἀνθρώπων,
3480 1936 3615 1997 ἀλλὰ
3639 1936 3734 1990 καὶ

2163 2024 2342 2095 ψυχάς
2381 2024 2683 2096 ἀνθρώπων
2728 2022 3247 2099 κατασφαττομένας
3299 2024 3435 2077 ἐκεῖ.
3475 2023 3584 2078 Kal
3625 2023 3735 2093 γάρ

2166 2112 2282 2164 ἐστι
2313 2111 2491 2180 ψυχὴν
2525 2109 2857 2179 σφάττεσθαι
2888 2111 3151 2187 σφαγῇτῇ
3179 2108 3532 2182 προσηκούσῃ
3552 2109 3699 2180 ψιθκῇ
3716 2124 3738 2141 ⁸

2165 2197 2357 2269 ὥσπερ
2384 2197 2493 2275 γάρ
2524 2199 2639 2251 ἐστι
2666 2196 2913 2262 σώματος
2931 2197 3178 2260 θάνατος,
3230 2194 3372 2251 οὕτω
3407 2197 3501 2250 καὶ
3526 2195 3735 2267 ψυχῆς⁶

2176 2286 2349 2355 Ψυχὴ
2366 2284 2478 2356 γὰρ
2495 2287 2532 2354 ἡ
2555 2285 2998 2354 ἁμαρτάνουσα,
3019 2286 3203 2355 φησὶν,
3222 2284 3376 2353 αὑτὴ
3395 2284 3494 2338 καί
3515 2285 3738 2339 ἀποθωμ-

2171 2372 2379 2427 νεῖται.
2400 2374 2476 2426 Οὐ
2524 2373 2783 2436 τοιοῦτος,
2802 2367 2912 2434 οἷος
2931 2375 2959 2425 ό
2976 2371 3068 2425 τοῦ
3085 2371 3333 2443 σώματος
3354 2370 3739 2435 θάνατος,άλλά

2164 2458 2349 2529 πολλῷ
2391 2456 2766 2528 χαλεπώτερος
2808 2459 2836 2510 ό
2875 2458 2971 2529 τῆς
2999 2456 3196 2528 ψυχῆς.
3227 2450 3397 2521 Οὗτος
3431 2457 3531 2528 μὲν
3576 2456 3686 2527 γάρ
3710 2460 3739 2511 ό

2164 2545 2482 2615 ,σωματικὸς
2536 2544 2770 2607 θάνατος
2820 2542 3078 2605 διαλύσας
3105 2542 3199 2597 ἀπ’
3224 2540 3467 2613 ἀλλήλων
3504 2542 3602 2611 τὴν
3641 2541 3740 2610 ψυ-

2172 2632 2271 2701 χὴν
2296 2631 2393 2684 καὶ
2431 2630 2491 2685 τὸ
2516 2630 2696 2699 σῶμα,
2740 2629 2801 2681 τὸ
2835 2630 2932 2700 μὲν
2960 2627 3171 2681 πολλῶν
3196 2628 3493 2698 φροντίδων
3524 2628 3618 2681 καὶ
3646 2628 3742 2681 πό-

2173 2736 2278 2772 νων
2311 2718 2586 2773 ἀιέπαυσε
2606 2758 2622 2785 ,
2653 2719 2752 2789 τὴν
2785 2716 2842 2770 δὲ
2868 2720 2949 2781 είς
2977 2716 3210 2788 φανερὸν
3240 2715 3416 2787 χῶρον
3452 2716 3739 2788 παρέπεμ-

2171 2806 2271 2875 ψεν
2298 2821 2311 2835 ·
2338 2801 2457 2858 εἶτα
2484 2804 2561 2875 τῷ
2576 2805 2754 2877 χρόνῳ
2781 2804 3031 2858 διαλυθὲν
3054 2804 3148 2858 καὶ
3177 2802 3547 2875 άπορῤεῦσαν,
3579 2804 3742 2858 πάλιν

2176 2893 2467 2959 συνάγεται
2532 2891 2671 2963 μετά
2723 2890 3052 2961 ἀφθαρσίας,
3079 2890 3176 2946 καὶ
3210 2891 3310 2962 τὴν
3355 2891 3561 2947 οίκείαν
3609 2892 3741 2947 ἀπο-

2175 2979 2443 3050 λαμϐάνει
2476 2979 2680 3050 ψυχήν.

2245 3072 2312 3133 γ’.
2333 3058 2502 3130 Οὗτος
2538 3067 2635 3136 μὲν
2660 3061 2752 3119 οὖν
2781 3063 3035 3129 τοιοῦτος·
3054 3066 3083 3119 ὁ
3112 3064 3168 3117 δὲ
3196 3064 3292 3134 τῆς
3317 3064 3495 3134 ψυχῆς
3519 3063 3744 3135 φρικτὸς

2175 3153 2271 3205 καὶ
2305 3152 2555 3223 φοϐερός.
2588 3153 2662 3205 Οὐ
2694 3152 2800 3223 γὰρ
2830 3151 2925 3205 ἐάν
2946 3150 3190 3220 διαλυθῇ,
3221 3149 3473 3222 καθάπερ
3503 3150 3565 3204 τὸ
3587 3149 3745 3220 σῶμα

2175 3240 2346 3310 αὐτὴν
2366 3239 2746 3310 παραπέμπει,
2778 3236 2914 3291 άλλά
2934 3235 3318 3291 καταδεθεῖσαν
3350 3236 3509 3291 πάλιν
3538 3235 3747 3305 ἀφθάρ-

2168 3344 2252 3397 ιτῳ
2278 3326 2493 3395 σώματι
2518 3366 2535 3393 ,
2566 3327 2644 3388 εἰς
2678 3325 2740 3377 τὸ
2774 3323 2887 3393 πῦρ
2913 3322 3203 3393 ἐμϐιϐάζει
3224 3322 3284 3373 τὸ
3317 3320 3603 3376 ἄσϐεστον.
3639 3316 3744 3375 Οὗ-

2175 3430 2265 3475 τος
2304 3414 2480 3466 τοίνυν
2526 3411 2672 3464 ἐστὶν
2700 3412 2728 3462 ό
2759 3410 2942 3480 ψυχῆς
2976 3409 3226 3470 θάνατος.
3261 3408 3471 3475 ’Ὥσπερ
3504 3402 3597 3461 οὖν
3628 3408 3745 3460 ἔστι

2176 3500 2353 3569 ψυχῆς
2380 3499 2632 3559 θάνατος,
2661 3494 2805 3549 οὕτω
2833 3496 2929 3549 καὶ
2962 3494 3144 3564 σφαγὴ
3176 3493 3374 3563 ψυχῆς.
3408 3492 3473 3545 Τί
3498 3491 3749 3560 σώματος

2180 3588 2361 3654 σφαγή
2380 3601 2395 3650 ;
2427 3584 2502 3639 Τὸ
2521 3580 2882 3653 νεκρωθῆναι,
2905 3581 2999 3634 καὶ
3020 3583 3117 3650 τῆς
3134 3580 3415 3650 ἐνεργείας
3433 3579 3751 3650 ἀπορραγῆ-

2179 3687 2267 3726 ναι
2282 3671 2379 3739 τῆς
2401 3668 2541 3723 κατά
2553 3667 2818 3738 ψυχήν.’ῐ“ί
2834 3669 2950 3719 ἐστι
2965 3666 3144 3737 ψυχῆς
3159 3667 3340 3736 σφαγή
3362 3682 3377 3732 ;
3399 3667 3507 3720 Καὶ
3527 3666 3660 3719 αὐτὸ
3671 3668 3751 3719 νέ-

2179 3776 2212 3811 κ
2219 3754 2474 3828 ρωσις.Τί
2484 3752 2541 3809 δὲ
2557 3754 2817 3824 νέκρωσις
2831 3753 3007 3824 ψυχῆς
3026 3753 3219 3820 ;’Ὢσπε
3225 3770 3259 3823 ρ
3269 3752 3340 3821 γά
3346 3770 3378 3825 ρ
3388 3754 3446 3806 τὸ
3458 3753 3616 3824 σῶμα
3628 3753 3749 3806 τότε

2180 3842 2488 3915 νεκροῦται,
2525 3841 2654 3894 ὅταν
2686 3840 2891 3911 ἔρημον
2923 3840 3055 3893 αὐτὸ
3087 3839 3360 3909 καταλίπῃ
3403 3840 3499 3910 τῆς
3544 3839 3750 3903 οἰκείας

2181 3930 2458 4001 ἐνεργείας
2482 3931 2516 3999 ἡ
2552 3929 2698 4002 ψυχή
2726 3944 2739 3958 ·
2774 3928 2916 3982 οὕτω
2950 3929 3046 3981 καὶ
3069 3930 3101 3998 η
3127 3928 3272 3999 ψυχὴ
3289 3929 3409 3982 τότε
3440 3929 3748 3999 νεκροῦται,

2180 4019 2309 4071 ὅταν
2335 4017 2431 4088 ἐρη
2442 4032 2537 4086 μον
2554 4016 2721 4086 αὐτὴν
2740 4015 3014 4086 καταλίπῃ
3031 4015 3129 4084 τῆς
3153 4015 3361 4077 οἰκείας
3382 4015 3666 4085 ἐνεργείας
3690 4013 3752 4066 τὸ

2185 4101 2403 4173 Πνεῦμα
2425 4102 2485 4155 τὸ
2509 4101 2682 4171 ἅγιον.
2708 4096 2875 4155 Αὗται
2908 4094 3144 4169 μάλιστα
3171 4100 3224 4151 αἱ
3257 4101 3461 4166 σφαγαὶ
3493 4099 3643 4167 παρά
3671 4097 3751 4167 τῷ

2185 4188 2356 4260 βωμῷ
2386 4189 2484 4259 τῆς
2537 4185 2853 4250 πλεονεξίας
2891 4185 3029 4236 εἰσίν
3054 4199 3069 4214 ο
3105 4185 3166 4235 ού
3200 4183 3552 4253 κορέννυνται
3576 4223 3590 4247 ,
3630 4182 3751 4234 οὐδὲ

2187 4278 2431 4329 ἵστανται
2473 4274 2635 4344 μέχρι
2663 4270 2757 4325 τοῦ
2784 4271 3014 4341 αἵματος
3046 4268 3155 4321 τῶν
3187 4268 3284 4321 ἀνθ
3296 4268 3515 4337 ρώπων,
3552 4267 3667 4320 ἀλλ’
3687 4266 3752 4321 ἂν

2191 4363 2264 4432 μὴ
2294 4363 2387 4415 καὶ
2419 4359 2517 4430 τὴν
2561 4359 2739 4429 ψυχὴν
2767 4357 2939 4427 αὐτὴν
2961 4353 3264 4425 καταθύσῃ,
3291 4355 3389 4408 οὐκ
3415 4355 3754 4426 ἐμπίπλαται

2186 4451 2216 4501 ό
2241 4447 2341 4516 τῆς
2375 4444 2685 4508 πλεονεξίας
2718 4442 2898 4512 βωμὸς
2925 4481 2939 4506 ,
2964 4442 3030 4494 ἂν
3068 4440 3143 4510 μὴ
3173 4440 3500 4512 ἀμφοτέρων
3523 4444 3621 4505 τὰς
3646 4443 3752 4511 ψυ-

2189 4538 2288 4605 χας
2330 4532 2549 4602 δέξηται
2575 4569 2590 4594 ,
2629 4529 2723 4581 τοῦ
2756 4545 2815 4580 τε
2862 4527 3104 4590 θύοντος,
3133 4526 3225 4579 τοῦ
3248 4544 3305 4579 τε
3334 4528 3621 4597 θυομένου.
3652 4531 3755 4582 Τὸν

2188 4623 2296 4691 γὰρ
2319 4619 2514 4673 θύοντα
2544 4616 2759 4687 πρῶτον
2783 4614 2996 4684 ἀνάγκη
3026 4614 3273 4682 τυθῆναι,
3305 4614 3401 4666 καὶ
3435 4612 3577 4665 οὕτω
3614 4613 3755 4677 θύει,

2191 4710 2285 4762 καὶ
2329 4709 2357 4759 ὁ
2396 4705 2588 4775 νεκρὸς
2628 4703 2745 4758 θύει
2772 4703 2861 4757 τὸν
2894 4702 3029 4765 τέως
3056 4700 3254 4767 ζῶντα.
3282 4702 3448 4755 Ὅταν
3478 4701 3586 4771 γάρ
3619 4702 3752 4771 εἴπῃ

2200 4794 2519 4865 βλάσφημα,
2555 4792 2681 4845 ὅταν
2729 4788 3053 4861 λοιδορῆται,
3099 4790 3227 4843 ὅταν
3264 4789 3611 4860 δυσχεραίνῃ,
3639 4789 3759 4857 οὐχί

2192 4882 2247 4935 al
2309 4879 2513 4950 πληγαί⁸
2570 4871 2729 4931 αὗται
2788 4875 2888 4945 τῆς
2954 4874 3131 4945 ψυχῆς
3181 4879 3319 4929 εἰσιν
3366 4876 3611 4941 άνίατοι;
3661 4873 3748 4926 Εἷ-

2191 4970 2279 5032 δες
2336 4969 2418 5020 ὅτι
2462 4966 2561 5035 οὐχ
2614 4963 2919 5037 ὑπερϐολῆς
2963 4964 3024 5016 τὸ
3078 4953 3232 5034 ῥῆμά
3286 4967 3441 5027 ὲστις

2270 5064 2459 5117 Βούλει
2487 5062 2581 5115 καὶ
2609 5062 2793 5133 ἕτερον
2826 5058 3076 5124 ἀκοῦσαι,
3102 5061 3196 5115 καὶ
3231 5060 3421 5129 μαθεῖν
3454 5058 3571 5120 πῶς
3605 5058 3757 5110 εἰδωρ

2194 5152 2541 5222 λολατρείαή
2590 5147 2891 5213 πλεονεξία,
2936 5147 3029 5198 καὶ
3062 5145 3442 5216 χαλεπώτερον
3477 5144 3760 5199 εἰδωλολα-

2193 5242 2408 5312 τρείας;
2433 5239 2494 5293 Οἱ
2520 5235 2897 5304 εἰδωλολάτραι
2917 5236 3025 5295 τοῖς
3044 5232 3137 5286 τοῦ
3159 5232 3292 5285 Θεοῦ
3316 5231 3575 5302 κτίσμασι
3597 5249 3761 5303 προσ-

2196 5327 2410 5382 κυνοῦσι
2445 5341 2459 5354 ο
2493 5322 2604 5375 Καὶ
2643 5320 3069 5385 ἐσεϐάσθησαν
3101 5317 3207 5389 γάρ
3230 5357 3244 5382 ,
3285 5318 3438 5389 φησί,
3483 5319 3579 5373 καί
3622 5320 3759 5373 ἐλά.

2198 5426 2458 5481 τρευσαν
2488 5407 2560 5475 τῇ
2587 5406 2780 5459 κτίσει
2813 5406 2971 5472 παρὰ
3001 5405 3107 5456 τὸν
3145 5405 3438 5458 κτίσαντα
3471 5421 3484 5434 ·
3513 5407 3577 5458 σὺ
3604 5407 3660 5458 δὲ
3686 5407 3765 5474 τῷ

2198 5501 2453 5568 κτίσματι
2483 5495 2559 5564 τῷ
2585 5492 2776 5546 σαυτοῦ
2800 5494 3141 5560 προσκυνεῖς.
3181 5492 3239 5545 ὐ
3267 5492 3376 5563 γὰρ
3406 5493 3537 5554 Θεδς
3568 5492 3767 5543 “law-

2199 5586 2347 5652 εξίαν
2379 5584 2477 5636 οὐκ
2507 5577 2955 5647 ἐδημιούργησεν,
2988 5577 3103 5629 ἀλλ’
3133 5579 3166 5648 ἡ
3194 5580 3291 5648 τῆς
3334 5579 3433 5646 σῆς
3461 5576 3764 5644 ἀπληστίας

2200 5672 2487 5738 ὲπεξεῦρεν
2521 5665 2772 5733 ἀμετρία.
2808 5663 2914 5714 Καὶ
2956 5664 3052 5717 θέα
3088 5666 3283 5737 μανίαν
3319 5666 3411 5717 καὶ
3430 5662 3664 5730 γέλωτα.
3700 5662 3764 5713 Ol

2204 5760 2271 5811 τὰ
2304 5755 2492 5809 εἴδωλα
2521 5746 2964 5817 προσκυνοῦντες,
2987 5752 3077 5803 καὶ
3100 5751 3329 5823 τιμῶσιν
3367 5746 3506 5803 αὐτὰ
3538 5744 3576 5799 ἃ.
3605 5760 3771 5815 προσ-
