4218 6266
463 411 562 480 125

461 539 652 593 adoras
683 535 1011 588 créat'ttram.
1044 522 1181 582 Deus
1206 522 1349 580 enim
1381 538 1486 579 non
1511 521 1710 578 creavit
1729 521 2028 584 avaritiam,

463 627 560 683 sed
602 640 721 681 eam
765 622 966 678 invenit
1007 616 1378 674 immoderatio
1427 624 1531 669 tua:
1579 613 2027 684 inexplebilitatis.

466 717 598 774 Vide
622 725 796 770 autent
842 711 1100 768 insaniam
1142 719 1197 765 et
1241 723 1355 764 rem
1385 687 1543 776 plane
1585 705 1883 760 ridiculam.
1930 703 2030 769 Qui

463 809 604 864 idola
646 807 877 861 adorant
901 843 920 868 ,
943 802 1107 859 etiam
1149 814 1212 854 ea
1239 815 1354 868 qua:
1396 797 1618 851 adorant
1647 797 1946 861 honorant,
1977 804 2032 849 et

462 900 574 953 sive
601 895 884 966 quisquam
911 891 1186 964 quidpiam
1233 891 1286 943 in
1315 903 1380 943 ea
1408 887 1638 953 dixerit,
1671 887 1784 940 sive
1814 885 2032 940 maledi-

463 991 567 1044 ctis
611 1003 675 1043 ea
713 985 876 1042 fuerit
922 986 1250 1048 insectatus,
1296 995 1360 1036 ea
1401 977 1730 1035 defendunt:
1755 985 1810 1031 tu
1853 987 2030 1031 autem

465 1094 731 1151 tamquam
757 1093 866 1149 pra:
890 1076 1117 1147 quadam
1138 1074 1394 1129 ebrietate
1417 1087 1530 1126 rem
1559 1069 1768 1136 adoras,
1787 1084 1903 1138 qua:
1927 1083 2032 1121 non

463 1172 634 1225 solum
664 1184 772 1224 non
801 1175 883 1223 est
925 1165 1088 1220 libera
1115 1179 1143 1215 a
1174 1161 1560 1232 vituperatione
1583 1200 1600 1225 ,
1629 1158 1721 1213 sed
1750 1157 1909 1212 etiam
1951 1167 2033 1212 est

466 1263 617 1332 plena
664 1258 962 1328 itnpietate.
989 1254 1346 1322 Quamobrem
1380 1261 1436 1306 tu
1475 1265 1536 1306 es
1563 1249 1641 1304 eis
1667 1250 1822 1319 longe
1849 1247 2030 1318 pejor:

466 1366 638 1422 neque
666 1351 811 1406 enim
839 1346 1206 1403 defensionem
1231 1344 1424 1399 aﬂerre
1452 1342 1650 1413 poteris
1675 1341 1817 1412 quod
1839 1355 1943 1396 non
1963 1340 2036 1395 sit

465 1441 686 1495 malttm.
714 1438 828 1492 Etsi
873 1437 948 1491 illi
989 1435 1218 1490 maxime
1246 1443 1372 1488 sunt
1415 1432 1831 1496 inexcusabiles,
1865 1441 1920 1485 tu
1951 1439 2033 1484 ta-

467 1546 591 1586 men
619 1529 787 1584 multo
811 1525 979 1597 magis
997 1565 1011 1590 ,
1040 1533 1098 1580 ut
1121 1523 1213 1595 qui
1238 1523 1512 1578 avaritiam
1543 1523 1738 1578 millies
1771 1537 1994 1577 accuses
2014 1561 2030 1586 ,

468 1631 524 1676 ct
547 1635 642 1676 eos
672 1619 938 1688 vituperes
963 1617 1052 1686 qui
1075 1630 1192 1670 eam
1218 1615 1402 1670 colunt
1420 1654 1435 1680 ,
1464 1624 1517 1668 et
1541 1612 1590 1667 ei
1633 1613 1874 1668 serviunt
1897 1621 1954 1667 et
1981 1613 2034 1667 ei

472 1726 672 1767 morem
697 1718 910 1780 gerunt.
939 1707 998 1763 Si
1021 1706 1180 1761 vultis
1208 1714 1382 1760 autem
1409 1745 1424 1769 ,
1452 1704 1826 1758 examinemus
1861 1703 2032 1758 unde-

469 1819 588 1857 nam
615 1803 685 1856 sit
711 1801 948 1870 ingressa
987 1796 1302 1852 idololatria.
1347 1794 1483 1848 Dicit
1523 1794 1736 1864 quidam
1782 1792 2033 1862 sapiens,

467 1889 605 1960 quod
634 1890 848 1960 quidam
894 1888 1044 1944 dives
1068 1886 1158 1957 qui
1204 1885 1540 1942 cruciabatur
1581 1884 1865 1938 immaturo
1894 1885 2034 1938 luctu

470 1979 597 2043 lilii,
629 1994 803 2049 neque
830 1979 1005 2033 luctus
1025 1977 1186 2030 ullam
1211 1974 1438 2029 habebat
1468 1974 1910 2039 consolationem,
1937 1973 2036 2029 hac

469 2070 714 2124 dolorem
743 2067 969 2131 leniens,
1000 2067 1138 2121 facta
1159 2064 1392 2119 inanima
1421 2064 1650 2133 imagine
1677 2063 1794 2132 ejus
1819 2063 1909 2132 qui
1938 2079 2032 2118 ex-

469 2167 725 2222 cesserat,
747 2167 1006 2227 perpetuo
1049 2169 1169 2209 eam
1209 2154 1456 2218 intuens,
1482 2153 1757 2207 videbatur
1786 2167 1878 2222 per
1902 2153 2035 2206 ima-

468 2251 646 2318 ginem
667 2258 792 2302 eum
815 2254 1074 2316 perpetuo
1115 2243 1309 2298 habere
1337 2243 1427 2312 qui
1455 2241 1780 2297 decesserat.
1810 2242 2035 2308 Quidam

474 2349 652 2404 autem
681 2337 1020 2402 adulatores,
1050 2350 1273 2403 quorum
1303 2334 1445 2389 Deus
1473 2343 1660 2389 venter
1687 2343 1770 2388 est
1795 2374 1812 2398 ,
1843 2333 1898 2387 in
1924 2332 2039 2403 ejus

475 2431 740 2484 honorem
769 2428 1007 2482 colentes
1035 2425 1352 2494 imaginem,
1386 2439 1508 2479 eum
1540 2437 1744 2478 morem
1773 2422 2039 2492 perduxe-

477 2529 604 2574 runt
625 2518 692 2572 ad
722 2514 1236 2584 idololatriam(Sap.
1261 2514 1346 2570 14.
1377 2512 1797 2582 15).Ιιιιι·οι1ιιςιιι
1817 2521 1892 2568 est
1919 2527 2044 2582 ergo

472 2613 540 2666 ab
568 2609 939 2665 imbecillitate
1000 2605 1192 2659 aniune
1212 2645 1228 2670 ,
1254 2621 1282 2658 a
1313 2604 1536 2658 rationis
1561 2615 1780 2674 experte
1818 2617 2043 2660 consue-

471 2703 654 2757 tudine
675 2740 691 2765 ,
723 2699 792 2754 ab
822 2696 1283 2752 immoderatione.
1313 2693 1427 2750 Non
1453 2695 1531 2749 sic
1569 2707 1744 2749 autem
1773 2696 1994 2750 avaritia
2023 2713 2037 2750 :

479 2807 596 2846 nam
627 2791 740 2860 ipsa
767 2802 982 2860 quoque
1008 2795 1092 2842 est
1120 2785 1422 2840 introducta
1447 2785 1515 2840 ab
1547 2784 1813 2840 imbecilla
1839 2787 2038 2850 anima,

477 2897 654 2940 verum
675 2898 706 2937 a
741 2882 964 2953 pejore:
991 2895 1097 2934 non
1123 2879 1300 2933 amisit
1341 2878 1623 2948 quisquam
1653 2878 1840 2944 hlium,
1873 2893 2046 2947 neque

480 2976 648 3029 luctus
663 2975 936 3042 quaerebat
955 2971 1228 3036 solatium,
1247 2984 1418 3038 neque
1435 2968 1797 3024 attrahehatur
1820 2970 1889 3025 ab
1912 2970 2044 3024 adu-

482 3064 776 3127 latoribus;
823 3061 915 3116 sed
968 3059 1273 3130 quomodo?
1318 3059 1429 3129 Ego
1487 3059 1634 3113 vobis
1675 3059 1872 3113 dicam.
1912 3059 2045 3113 Cain

481 3155 648 3209 Deum
675 3150 934 3206 fraudavit
960 3166 1052 3220 per
1072 3150 1347 3204 avaritiam
1382 3168 1395 3204 :
1425 3165 1546 3203 nam
1575 3149 1642 3204 iis
1668 3166 1784 3219 qua:
1813 3150 1890 3204 illi
1913 3151 2032 3205 dari

481 3244 758 3313 oportebat
785 3240 923 3312 apud
951 3256 1010 3296 se
1035 3241 1278 3305 retentis,
1303 3255 1421 3310 qua:
1452 3239 1628 3308 ipsum
1662 3241 1858 3295 habere
1884 3255 2046 3310 opor-

482 3338 646 3402 tebat,
675 3349 737 3390 ea
770 3334 846 3390 illi
871 3333 1080 3398 obtulit,
1109 3341 1164 3386 et
1190 3332 1386 3386 malum
1415 3346 1444 3384 a
1469 3331 1576 3386 Deo
1599 3332 1818 3401 incepit.
1842 3331 1972 3386 Nam
2000 3333 2045 3387 si

480 3437 578 3482 nos
619 3425 717 3481 Del
761 3437 984 3486 sumus,
1030 3422 1198 3476 multo
1239 3421 1408 3491 magis
1458 3421 1703 3490 primitiae
1743 3430 2046 3478 nostrarum

482 3516 906 3587 possessionum.
937 3513 1142 3568 Rursus
1167 3510 1236 3566 ab
1270 3512 1492 3566 avaritia
1523 3522 1636 3566 orta
1662 3521 1744 3567 est
1771 3513 2048 3566 mulierum

482 3607 734 3676 appetitio
763 3622 776 3655 :
808 3603 1050 3658 Viderunt
1071 3602 1206 3670 ﬁlias
1227 3602 1506 3667 hominum,
1525 3611 1571 3654 et
1599 3602 1816 3655 devoluti
1842 3613 1958 3656 sunt
1984 3605 2052 3656 ad

482 3696 932 3766 concupiscentiam
959 3692 1111 3761 (Gen.
1143 3693 1197 3748 6.
1222 3692 1280 3762 2)
1317 3709 1331 3744 :
1378 3693 1444 3747 ab
1471 3692 1553 3746 his
1580 3708 1768 3747 rursus
1793 3693 1859 3747 ad
1891 3709 2052 3764 pecu-

483 3787 623 3841 nias.
671 3785 804 3840 Nam
837 3785 973 3839 velle
1003 3784 1123 3854 plus
1166 3783 1366 3837 habere
1393 3798 1552 3852 quam
1582 3783 1857 3853 proximus
1887 3784 1940 3838 in
1988 3785 2053 3839 iis

485 3892 606 3947 quae
635 3875 701 3930 ad
731 3875 868 3928 hanc
894 3873 1056 3928 vitam
1084 3874 1366 3944 pertinent,
1401 3887 1506 3927 non
1536 3871 1750 3927 aliunde
1777 3882 1858 3927 est
1876 3883 2052 3928 ortum

483 3980 653 4035 quam
677 3980 741 4018 ex
768 3979 834 4018 eo
859 3963 997 4032 quod
1049 3964 1315 4020 refrixerit
1356 3964 1588 4018 caritas:
1616 3964 1751 4018 velle
1798 3965 1914 4032 plus
1958 3968 2053 4018 lta-

486 4048 618 4112 bere
645 4069 750 4110 non
784 4055 998 4110 aliunde
1019 4056 1186 4110 oritur
1214 4071 1370 4126 quam
1397 4071 1461 4111 ex
1488 4056 1788 4126 arrogantia
1813 4095 1828 4120 ,
1859 4065 1909 4110 et
1932 4056 2056 4111 odio

490 4146 766 4201 hominum
793 4155 848 4208 et
885 4155 1211 4216 contemptu.
1258 4146 1372 4200 Non
1400 4147 1546 4202 vides
1569 4155 1766 4216 quanta
1792 4146 1860 4200 sit
1891 4155 2051 4214 terra,

487 4247 544 4294 et
567 4238 835 4308 quomodo
851 4253 943 4293 aer
967 4247 1022 4294 et
1043 4238 1233 4294 caelum
1255 4239 1326 4293 sit
1353 4239 1518 4292 multo
1543 4237 1714 4306 majus
1737 4253 1894 4306 quam
1921 4253 2056 4306 opus

485 4329 587 4384 sit?
611 4329 745 4385 Nam
779 4339 836 4384 ut
867 4331 1007 4384 Deus
1034 4338 1182 4384 tuam
1213 4330 1575 4398 exstingueret
1618 4329 1896 4382 avaritiam
1922 4371 1937 4396 ,
1968 4345 2055 4385 res

485 4431 692 4478 creatas
710 4421 777 4476 ad
800 4431 906 4476 tam
937 4435 1181 4491 magnam
1212 4419 1395 4475 eduxit
1419 4433 1721 4474 mensuram
1747 4436 1764 4473 ι
1794 4428 1848 4474 ιιι
1877 4431 2053 4475 autem

487 4513 566 4568 sic
580 4527 790 4583 quoque
808 4511 970 4581 rapis,
990 4521 1044 4564 et
1067 4510 1217 4565 audis
1232 4509 1507 4563 avaritiam
1529 4523 1647 4563 esse
1667 4507 2012 4563 idololatriam
2040 4527 2053 4564 :

489 4610 546 4657 et
571 4617 638 4656 ne
661 4602 739 4656 sic
765 4601 981 4671 quidem
1009 4599 1232 4654 horres?
1264 4591 1353 4653 Vis
1380 4614 1500 4654 esse
1529 4598 1682 4654 heres
1727 4599 1920 4654 terrae?
1951 4598 2058 4653 Sed

491 4704 599 4745 non
643 4690 808 4746 habes
856 4691 908 4745 itt
949 4692 1081 4746 caelo
1116 4689 1465 4745 hereditatem
1495 4708 1511 4744 -:
1541 4689 1772 4744 studium
1804 4690 1958 4760 ponis
2002 4698 2060 4742 ut

493 4781 611 4835 aliis
636 4781 909 4851 relinquas
941 4780 1315 4846 hereditatem,
1349 4789 1400 4834 te
1429 4780 1601 4848 ipsum
1632 4787 1810 4834 autem
1841 4779 2060 4848 privas?

563 4875 616 4926 4.
651 4873 746 4928 Dic
772 4873 1111 4942 mihi,siquis
1131 4871 1283 4927 daret
1307 4871 1401 4927 tibi
1430 4880 1745 4942 potestatem
1767 4871 2060 4941 accipiendi

497 4962 707 5027 omnia,
739 4977 805 5016 an
852 4962 1065 5017 nolles?
1090 4961 1240 5017 Licet
1268 4977 1397 5031 ergo
1420 5004 1434 5027 ,
1468 4963 1511 5016 si
1541 4962 1694 5016 velis.
1740 4962 1899 5031 Atqui
1931 4977 2065 5015 non-

498 5053 626 5111 nulli
653 5054 837 5108 dicunt
882 5067 942 5108 sc
968 5053 1153 5108 dolere
1176 5084 1194 5118 ~,
1223 5053 1366 5122 quod
1409 5053 1762 5107 hereditatem
1793 5054 2067 5107 transmit-

499 5152 612 5198 tant
636 5143 702 5198 ad
740 5143 876 5198 alios
895 5182 911 5206 ,
937 5151 991 5197 et
1016 5142 1214 5196 vellent
1260 5143 1428 5211 magis
1453 5157 1570 5197 eam
1599 5142 1827 5198 exedere
1847 5183 1860 5207 ,
1906 5157 2065 5210 quam

502 5233 679 5289 videre
707 5233 842 5289 alios
881 5232 996 5301 ejus
1021 5232 1286 5286 dominos.
1335 5231 1520 5301 Neque
1564 5247 1665 5300 ego
1713 5244 1763 5287 te
1802 5234 1973 5288 libero
2002 5235 2069 5289 ab

502 5327 603 5384 hac
624 5323 987 5387 imbecillitate
1020 5342 1032 5376 :
1063 5339 1182 5378 nam
1227 5333 1309 5376 est
1339 5323 1440 5377 hoc
1473 5339 1684 5392 quoque
1714 5325 1992 5379 imbecilla:
2018 5335 2072 5380 et

504 5413 723 5476 infirma:
751 5413 966 5468 animai.
992 5412 1098 5467 Sed
1130 5423 1306 5467 tamen
1327 5404 1434 5467 hoc
1459 5412 1646 5467 saltem
1672 5415 1796 5466 liat:
1828 5413 1878 5466 itt
1913 5423 2073 5468 testa-

502 5513 682 5560 mento
711 5492 957 5572 relinque
981 5503 1254 5558 Christum
1303 5503 1580 5558 heredem.
1623 5503 1754 5556 Nam
1802 5514 2075 5572 Oporteret

505 5596 718 5666 quidem
758 5597 1020 5649 viventem
1046 5613 1060 5658 ;
1085 5596 1188 5650 hoc
1214 5596 1356 5648 enim
1385 5604 1528 5649 esset
1574 5605 1717 5648 recte
1758 5595 1978 5648 instituti
2011 5598 2074 5650 li-

507 5686 617 5753 beri
635 5683 868 5750 arbitrii;
887 5684 979 5738 sed
994 5693 1169 5739 tamen
1191 5686 1315 5739 vela
1336 5687 1653 5740 necessitate
1672 5687 1764 5739 tias
1785 5687 2074 5740 liberalior.

514 5775 728 5846 Ειοηὶιιι
758 5781 1048 5853 propterea
1069 5775 1321 5830 (Ihrislus
1347 5777 1499 5844 jussit
1543 5777 1671 5835 dare
1716 5777 2030 5844 pauperibus
2056 5819 2068 5841 ,

1331 402 1400 466 IN
1437 400 1648 466 EPIST.
1692 407 1783 464 AD
1822 397 2062 467 EPIIES.
2103 395 2253 461 CAP.
2296 401 2360 461 ν.
2401 397 2630 464 ιιοιιιι.
2671 400 2856 462 XVIII.

2143 529 2199 575 ut
2227 537 2325 576 nos
2351 520 2592 577 viventes
2613 521 2862 578 redderet
2882 512 3224 591 philosophos
3241 561 3255 586 ,
3281 529 3335 576 ιιι
3363 524 3707 592 persuaderet

2134 611 2414 684 despicere
2443 616 2728 684 pecunias,
2754 625 2813 668 ut
2837 614 3054 669 doceret
3082 623 3290 668 terrena
3336 625 3704 670 contemnere.
3753 602 3764 614 ’

2133 703 2250 758 Non
2277 714 2358 759 est
2385 705 2486 760 hoc
2516 707 2768 776 pecunias
2795 705 3072 774 despicere
3098 745 3113 770 ,
3161 705 3476 761 morientem
3515 716 3569 761 et
3597 717 3704 761 non

2135 795 2270 850 ultra
2291 796 2566 851 dominum
2595 797 2720 853 huic
2745 807 2801 853 et
2823 799 2895 853 illi
2919 799 3157 868 praabcre
3187 817 3201 854 :
3235 811 3338 853 nan
3360 799 3470 868 jam
3497 815 3564 854 ex
3593 802 3701 855 tuis

2133 884 2249 952 das,
2276 887 2368 942 sed
2395 903 2460 944 ex
2504 888 2617 959 ipsa
2651 892 2974 945 necessitate
2999 909 3014 945 :
3045 891 3202 946 morti
3233 900 3314 946 est
3361 893 3528 962 gratia
3550 932 3564 956 ,
3597 901 3705 946 non

2135 977 2229 1032 tibi
2254 994 2269 1031 :
2305 979 2406 1034 hoc
2433 991 2538 1034 neu
2564 989 2647 1036 est
2694 982 3085 1037 benevolentiae
3104 1024 3119 1046 ,
3148 983 3242 1038 sed
3273 984 3550 1038 irrisionis.
3578 977 3700 1040 Cte-

2136 1074 2306 1122 terum
2335 1068 2425 1124 vel
2464 1069 2542 1124 sic
2572 1070 2696 1137 fiat,
2728 1071 2812 1127 vel
2846 1080 2970 1128 tunc
3009 1073 3157 1128 Solve
3192 1075 3376 1128 vitium
3421 1085 3476 1130 et
3503 1076 3693 1129 malam

2133 1160 2295 1215 animi
2348 1161 2704 1217 affectionem.
2757 1162 2939 1234 Cogita
2998 1180 3158 1234 quam
3212 1166 3378 1220 multa
3429 1167 3708 1235 rapueris,

2133 1263 2291 1323 quam
2335 1253 2502 1308 multa
2551 1269 2646 1323 per
2685 1256 2969 1311 avaritiam
2999 1255 3334 1324 possederis;
3376 1257 3541 1312 redde
3584 1272 3704 1311 om.

2134 1342 2282 1397 nium
2308 1343 2697 1412 quadruplum;
2727 1345 2796 1398 ita
2823 1344 2963 1414 apud
3005 1345 3168 1400 Deum
3196 1359 3412 1400 causam
3445 1356 3586 1400 tuam
3613 1347 3708 1402 de-

2135 1431 2312 1486 fende.
2343 1433 2445 1486 Sed
2472 1442 2598 1487 sunt
2646 1435 2886 1489 nonnulli
2927 1436 3017 1504 qui
3049 1451 3114 1489 eo
3137 1435 3354 1490 veniunt
3400 1436 3621 1490 insania:
3649 1444 3704 1491 et

2135 1523 2408 1587 caecitatis,
2439 1531 2498 1576 ut
2531 1537 2599 1577 ne
2625 1531 2753 1578 tunc
2777 1523 2995 1592 quidem
3023 1524 3240 1579 videant
3281 1525 3423 1595 quod
3453 1533 3704 1594 Oportet,

2135 1613 2231 1669 sed
2259 1627 2323 1668 ac
2348 1614 2392 1667 si
2421 1612 2652 1668 studium
2684 1623 2923 1684 ponant,
2955 1624 3012 1668 ut
3043 1614 3135 1670 Dei
3157 1615 3413 1685 judicium
3439 1616 3543 1671 sibi
3573 1631 3697 1685 gra-

2137 1705 2254 1760 vius
2281 1705 2537 1770 efiiciant,
2565 1705 2637 1759 ita
2663 1715 2826 1775 agunt
2850 1706 3050 1760 omnia.
3078 1706 3371 1776 Propterea
3403 1706 3490 1762 hic
3515 1707 3705 1763 beatus

2137 1796 2348 1851 dicebat
2375 1795 2617 1850 scribens
2647 1813 2661 1850 :
2687 1793 2970 1864 Tamquam
2997 1797 3093 1866 ﬁlii
3117 1798 3243 1852 lucis
3261 1799 3533 1853 ambulate.
3563 1800 3707 1853 Ava-

2139 1901 2232 1940 rus
2256 1895 2433 1940 autcm
2461 1886 2691 1941 maxime
2721 1885 2850 1940 vivit
2898 1887 2950 1941 in
2991 1887 3228 1944 tenebris
3250 1930 3265 1955 ,
3293 1899 3347 1943 et
3391 1905 3611 1958 magnas
3643 1891 3694 1944 in

2139 1991 2326 2030 omnes
2353 1978 2552 2048 spargit
2579 1978 2846 2033 tenebras.
2879 1978 2966 2046 Et,
3005 1978 3182 2034 Nolite
3229 1983 3596 2036 communicare
3631 1983 3712 2036 inb

2140 2065 2411 2135 fructuosis
2437 2069 2672 2138 aperibus
2697 2069 3036 2134 tenebrarum,
3063 2071 3224 2140 magis
3250 2079 3415 2125 autem
3441 2073 3708 2143 redargui-

2141 2168 2188 2211 te
2210 2174 2228 2211 :
2242 2175 2356 2228 qua:
2370 2161 2501 2212 enim
2521 2161 2573 2213 in
2591 2161 2787 2214 occulto
2804 2162 2931 2229 ﬁunt
2946 2161 3008 2215 ab
3027 2163 3174 2232 ipsis,
3197 2173 3342 2233 turpe
3360 2173 3432 2217 est
3455 2176 3504 2219 et
3524 2165 3706 2219 dicere.

2145 2246 2329 2300 Omnia
2354 2258 2520 2303 autem
2547 2265 2661 2318 quae
2686 2260 2976 2320 arguuntur
3001 2268 3035 2303 α
3054 2251 3265 2319 lumine,
3299 2254 3708 2324 manifestantur.

2216 2337 2292 2390 De
2309 2340 2604 2409 corrigendo
2635 2341 2884 2408 proximo.
2916 2362 2987 2380 —-'-
3014 2342 3208 2397 Audite
3228 2383 3244 2409 ,
3274 2357 3405 2412 rogo
3423 2383 3438 2409 ,
3468 2344 3710 2413 quicum-

2143 2445 2246 2501 que
2271 2447 2376 2484 non
2407 2431 2573 2485 vultis
2597 2431 2716 2485 sine
2742 2446 2899 2484 causa
2928 2432 3112 2487 haberi
3135 2433 3278 2487 odio.
3313 2433 3490 2504 Rapit,
3521 2445 3572 2489 et
3604 2451 3710 2489 non

2145 2520 2364 2588 arguis?
2389 2523 2456 2573 At
2480 2520 2633 2574 times
2654 2520 2854 2574 odium.
2881 2521 3038 2590 Atqui
3072 2538 3175 2575 non
3197 2533 3278 2577 est
3295 2522 3396 2577 hoc
3415 2524 3534 2579 sine
3552 2539 3712 2580 causa

2145 2609 2271 2663 odio
2299 2609 2514 2675 haberi;
2561 2609 2654 2664 sed
2703 2609 2846 2679 juste
2871 2613 3048 2679 arguis
3071 2653 3087 2677 ,
3113 2619 3170 2665 et
3198 2613 3353 2667 times
3374 2613 3596 2668 odium?
3621 2630 3712 2668 are

2146 2715 2246 2769 gue
2263 2699 2502 2762 fratrem,
2526 2703 2737 2770 suscipe
2761 2701 3063 2755 inimicitias
3084 2711 3301 2772 propter
3325 2713 3467 2757 tuam
3493 2705 3544 2758 in
3560 2705 3714 2758 Chri-

2148 2803 2287 2844 stum
2316 2791 2614 2856 caritatem,
2649 2801 2865 2860 propter
2892 2801 3034 2845 tuam
3063 2792 3115 2846 in
3144 2793 3314 2862 ipsum
3339 2793 3712 2849 dilectionem:

2148 2879 2369 2948 prohibe
2393 2895 2458 2932 ne
2485 2881 2597 2949 ipse
2617 2881 2772 2934 abeat
2805 2881 2855 2934 in
2879 2881 3204 2936 barathrum.
3222 2882 3353 2936 Nam
3377 2898 3576 2938 mensa:
3596 2899 3716 2940 csse

2149 2969 2471 3039 participes,
2519 2978 2575 3023 et
2619 2969 2969 3039 benignorum
3015 2971 3299 3027 verborum
3325 3015 3340 3039 ,
3387 2983 3441 3028 et
3471 2974 3717 3043 jucunda:

2149 3059 2506 3130 eloquutionis
2530 3100 2545 3124 ,
2570 3069 2623 3115 ct
2647 3060 2984 3127 deliciarum,
3016 3076 3121 3116 non
3151 3072 3234 3117 est
3262 3063 3548 3118 admodum
3580 3066 3716 3119 ami~

2149 3152 2308 3206 citite.
2342 3152 2416 3206 Ea
2446 3153 2641 3207 nostris
2669 3153 2856 3206 amicis
2902 3153 3039 3207 dona
3084 3154 3372 3224 largiamur
3397 3195 3412 3220 ,
3441 3165 3496 3208 ttt
3521 3171 3705 3210 eorum

2151 3244 2380 3297 animam
2406 3242 2474 3298 ab
2519 3244 2594 3297 ira
2629 3243 2718 3298 Dei
2751 3243 3116 3311 extrahamus,
3144 3244 3198 3299 in
3230 3245 3344 3298 vitii
3393 3245 3606 3301 fornace
3633 3248 3715 3300 vi-

2151 3335 2338 3389 dentes
2367 3351 2460 3389 eos
2500 3335 2741 3405 jacentes
2786 3336 3074 3404 erigamus.
3125 3337 3194 3389 At
3238 3351 3343 3390 non
3392 3337 3719 3405 corrigitur,

2156 3426 2346 3495 inquit.
2377 3425 2483 3480 Sed
2530 3425 2613 3478 fac
2643 3435 2699 3478 tu
2729 3425 2872 3493 quod
2900 3434 3048 3478 tuum
3078 3433 3193 3488 est,
3224 3437 3276 3480 et
3302 3426 3441 3494 apud
3471 3426 3636 3480 Deum
3663 3442 3723 3481 es

2154 3524 2460 3569 excusatus.
2506 3513 2586 3568 Ne
2631 3514 2866 3567 occultes
2915 3513 3170 3567 talentum
3200 3531 3213 3566 :
3242 3523 3522 3583 propterea
3560 3515 3724 3569 habes

2156 3605 2440 3667 rationem,
2466 3612 2750 3672 prOpterea
2778 3602 3010 3672 linguam
3032 3612 3087 3657 et
3107 3618 3189 3670 os,
3215 3613 3272 3658 ut
3294 3604 3530 3675 corrigas
3552 3608 3725 3675 proxi-

2158 3708 2323 3747 mum.
2367 3692 2490 3747 Sola
2521 3693 2674 3746 bruta
2703 3709 2806 3747 non
2833 3702 3026 3762 gerunt
3051 3708 3230 3748 curam
3265 3696 3521 3765 proximi,
3553 3713 3726 3768 neque

2155 3786 2380 3839 aliorum
2409 3784 2570 3839 ullam
2598 3784 2796 3839 habent
2823 3785 3079 3839 rationem
3108 3804 3121 3839 :
3148 3796 3204 3840 ιιι
3235 3797 3413 3841 autem
3442 3787 3531 3857 qui
3559 3787 3723 3842 Deum

2156 3889 2314 3929 vocas
2351 3883 2572 3945 patrem,
2592 3884 2646 3928 et
2667 3875 2961 3943 proximum
2984 3874 3220 3943 fratrem,
3245 3877 3427 3931 videns
3446 3892 3568 3930 eum
3591 3880 3726 3932 mala

2156 3963 2437 4020 facientem
2481 3965 2792 4032 innumera,
2843 3967 2958 4035 ejus
2987 3969 3208 4038 gratiam
3251 3971 3516 4038 praeponis
3561 3970 3727 4039 ipsius

2158 4055 2409 4108 utilitati?
2439 4054 2516 4109 Ne
2540 4055 2641 4110 hoc
2669 4055 2832 4110 facias
2851 4072 3000 4126 rogo.
3024 4057 3238 4111 Nullum
3266 4068 3347 4113 est
3368 4069 3570 4113 tantum
3595 4061 3728 4113 ami-

2155 4146 2293 4200 citiae
2320 4145 2597 4210 indicium,
2618 4155 2871 4215 quantum
2905 4147 3096 4198 fratres
3116 4160 3402 4214 peccantes
3427 4165 3532 4201 non
3555 4149 3730 4217 ιΙρενὶι-

2157 4250 2300 4292 cere.
2326 4237 2508 4291 Vidisti
2533 4251 2626 4291 eos
2647 4250 2768 4290 esse
2790 4235 3066 4288 inimicos?
3092 4237 3393 4289 recoucilia.
3427 4236 3613 4291 Vidisti
3635 4255 3730 4294 eos

2158 4343 2252 4396 per
2279 4328 2554 4381 avaritiam
2591 4324 2835 4378 fraudare
2879 4335 2932 4378 et
2981 4323 3125 4391 plura
3172 4326 3485 4394 acquirere?
3516 4326 3728 4380 cohibe.

2163 4417 2351 4471 Vidisti
2403 4416 2594 4485 injuria
2619 4414 2798 4468 allici?
2830 4430 2922 4469 eos
2943 4414 3204 4468 defende:
3234 4431 3336 4470 non
3369 4418 3491 4483 illis,
3523 4419 3616 4474 sed
3641 4419 3731 4474 tibi

2161 4506 2324 4574 priori
2349 4520 2408 4559 es
2427 4505 2772 4574 gratilicatus.
2797 4503 3078 4570 Propterea
3101 4519 3284 4558 sumus
3307 4508 3462 4560 amici
3487 4548 3500 4571 ,
3525 4516 3580 4561 ut
3606 4524 3730 4576 pro-

2161 4597 2326 4650 simus
2372 4595 2508 4648 alter
2549 4593 2722 4647 alteri.
2766 4594 2935 4646 Aliter
2973 4593 3150 4647 audiet
3175 4596 3242 4646 ab
3265 4597 3472 4662 amico,
3521 4598 3672 4650 aliter
3698 4613 3727 4650 ιι

2164 4687 2392 4757 quolibet
2426 4703 2439 4738 :
2469 4683 2609 4738 hunc
2655 4684 2866 4738 habebit
2915 4684 3047 4736 forte
3093 4693 3393 4752 suspectum
3417 4725 3432 4749 ,
3459 4694 3512 4738 et
3540 4685 3729 4738 docto-

2165 4793 2278 4832 rem
2315 4776 2586 4838 similiter;
2634 4775 2862 4828 amicum
2887 4784 3062 4828 autem
3111 4790 3215 4829 non
3265 4774 3411 4828 item.
3447 4773 3572 4841 Quae
3604 4776 3734 4827 attint

2167 4869 2218 4921 in
2244 4869 2440 4921 occulto
2466 4867 2594 4935 ﬁunt
2633 4866 2694 4919 ab
2732 4866 2892 4935 ipsis,
2936 4873 3081 4933 turpe
3120 4876 3192 4919 est
3233 4875 3277 4918 et
3304 4866 3500 4932 dicere,
3544 4864 3735 4933 inquit.

2172 4960 2353 5014 Omnia
2374 4970 2540 5013 autem
2556 5001 2567 5022 ,
2595 4975 2707 5029 qua:
2732 4970 3012 5028 arguuntur
3039 4976 3070 5010 a
3088 4959 3305 5026 lumine,-
3331 4961 3736 5029 manifeslantur.

2169 5051 2304 5119 Quid
2335 5051 2420 5106 hic
2447 5051 2557 5106 vult
2601 5051 2820 5106 dicere?
2871 5050 2980 5104 lloc
3028 5049 3192 5103 dicit:
3225 5050 3326 5102 alia
3356 5050 3569 5118 quidem
3619 5065 3742 5117 pec-

2169 5155 2286 5198 cata
2339 5144 2475 5198 clam
2529 5142 2688 5207 ﬁunt,
2737 5142 2843 5196 alia
2891 5149 3066 5194 autem
3118 5141 3394 5194 manifeste
3437 5140 3592 5194 :illic
3644 5157 3738 5194 an-

2177 5243 2280 5288 tem
2311 5249 2414 5288 non
2444 5234 2522 5288 sic
2549 5234 2670 5286 erit.
2717 5231 2882 5285 Nemo
2931 5231 3071 5284 enim
3122 5238 3203 5282 est
3251 5230 3339 5296 qtti
3386 5232 3585 5298 peccati
3639 5242 3743 5284 nuit

2175 5328 2245 5382 sit
2281 5327 2382 5380 sibi
2421 5326 2685 5379 conscius.
2726 5324 3011 5391 Propterea
3061 5320 3208 5383 dicit,
3243 5319 3448 5384 Omnia,
3501 5338 3612 5391 qua:
3655 5339 3745 5375 ar—

2178 5427 2397 5487 guuntur
2448 5433 2480 5468 a
2529 5415 2755 5478 tantine,
2804 5411 3210 5478 manifestatum.
3262 5412 3396 5478 Quid
3441 5415 3604 5481 ergo?
3653 5429 3749 5466 an-

2183 5523 2286 5559 non
2327 5506 2445 5567 hic,
2489 5503 2731 5571 inquies,
2776 5501 2842 5553 de
2882 5500 3174 5554 idololatria
3225 5502 3496 5571 loquitur?
3543 5503 3749 5569 Nequa-

2185 5614 2363 5665 quam.
2407 5594 2508 5648 Sed
2560 5593 2627 5646 de
2680 5593 2782 5644 vita
2834 5599 2888 5644 et
2938 5596 3164 5658 peccatis
3218 5593 3378 5645 verba
3433 5590 3572 5642 facit.
3631 5592 3752 5642 0m-

2190 5704 2248 5739 ne
2277 5686 2405 5739 enim
2432 5683 2566 5752 quod
2598 5682 2948 5748 manifestatur
2972 5724 2983 5745 ,
3013 5683 3179 5751 inquit
3200 5724 3212 5746 ,
3246 5685 3415 5734 lumen
3445 5691 3534 5731 est.
3563 5682 3755 5745 Quant-

2189 5777 2407 5840 ohrem,
2442 5790 2605 5839 rugo,
2643 5788 2811 5843 neque
2862 5790 2953 5828 vos
3001 5774 3251 5828 dubitetis
3300 5786 3520 5838 arguere
3546 5811 3558 5835 ,
3591 5786 3758 5838 neque
