4218 6266
429 435 529 492 1‘29

430 557 520 612 sed
550 556 650 610 hoc
679 567 893 625 quoque
923 551 1144 622 impedit
1192 549 1580 604 immoderatio.
1641 546 1776 600 Audi
1825 555 2005 599 autem

432 651 574 707 hunc
601 663 811 720 quoque
840 647 1054 701 beatum
1100 643 1422 698 scribentem
1450 651 1500 697 ct
1528 641 1797 695 dicentem
1829 637 2009 691 Timo-

436 743 589 797 Iheo:
615 741 818 795 Modico
838 741 954 794 vino
979 748 1116 792 utere
1145 746 1350 807 propter
1377 736 1691 790 stomachum
1712 743 1759 788 et
1781 735 2011 803 frequento

426 849 500 890 tes
526 845 638 888 luas
667 832 989 900 inﬁrmitates
1016 830 1092 902 (Ι.
1114 828 1246 884 Tim.
1267 829 1322 882 5.
1351 827 1470 896 25).

495 925 550 979 2.
592 924 882 992 Pr0pterea
912 922 1059 977 enim
1087 919 1231 975 Deus
1257 919 1381 974 fecit
1411 925 1593 972 nostra
1617 928 1839 984 corpora
1867 912 2008 982 justa

431 1014 732 1086 symmetria
756 1011 999 1082 praedita,
1018 1019 1071 1064 et
1093 1009 1276 1080 paucis
1293 1007 1496 1072 satiari;
1517 1005 1638 1060 inde
1656 1019 1753 1059 nos
1763 1004 1870 1072 jam
1888 1017 2010 1055 eru-

429 1107 578 1160 diens
605 1145 620 1170 ,
646 1103 790 1176 quod
818 1117 916 1157 nos
945 1111 1100 1172 aptos
1129 1099 1315 1156 fecerit
1359 1097 1425 1153 ad
1455 1098 1678 1154 alteram
1718 1095 1900 1148 vitam.
1943 1091 2009 1148 Et

429 1197 639 1251 volebat
663 1195 879 1264 quidem
906 1193 1052 1248 illam
1075 1192 1204 1248 dare
1223 1192 1290 1247 ab
1316 1189 1491 1257 initio,
1513 1189 1604 1244 sed
1635 1189 1885 1259 quoniam
1920 1186 2007 1240 illa

429 1305 527 1343 nos
556 1287 890 1344 reddidimus
912 1285 1182 1356 indignos,
1201 1284 1408 1340 distulit
1437 1301 1450 1334 :
1479 1292 1534 1338 et
1555 1297 1620 1336 eo
1640 1291 1881 1349 tempore
1901 1292 2008 1348 quo

428 1381 652 1445 distulit,
678 1395 784 1438 non
817 1393 917 1434 nos
955 1376 1083 1432 sinit
1108 1375 1208 1430 frui
1241 1373 1526 1430 immodice
1554 1391 1568 1427 :
1599 1372 1706 1430 viui
1733 1371 1874 1428 enim
1908 1369 2005 1423 be-

430 1471 572 1524 mina
604 1478 657 1525 et
682 1483 821 1523 unus
845 1468 998 1538 panis
1025 1465 1300 1521 sufﬁciunt
1324 1465 1390 1519 ad
1414 1463 1740 1534 implendum
1765 1471 2005 1515 ventrem

430 1562 681 1617 hominis.
717 1560 784 1615 Et
813 1575 956 1626 eum,
986 1559 1075 1630 qui
1121 1559 1174 1612 in
1200 1558 1372 1612 omnia
1405 1557 1558 1611 bruta
1602 1555 1808 1610 obtinet
1829 1552 2004 1609 domi-

429 1663 611 1707 natum
640 1694 655 1718 ,
689 1649 814 1705 fecit
845 1649 1181 1720 paucioribus
1209 1647 1448 1720 indigere
1476 1661 1634 1716 quam
1670 1645 1755 1703 illa
1777 1687 1792 1711 ,
1828 1644 2006 1700 habita

427 1744 793 1812 proportione,
843 1751 896 1797 et
925 1755 1122 1809 corpus
1148 1739 1330 1806 breve,
1374 1739 1508 1795 nihil
1532 1737 1672 1792 aliud
1700 1736 2006 1807 significans

424 1849 584 1902 quam
608 1832 749 1904 quod
779 1832 845 1885 ad
874 1831 1036 1886 aliam
1068 1829 1229 1884 vitam
1262 1841 1630 1900 properamus.
1662 1826 1838 1881 Nolite
1857 1867 1873 1892 ,
1921 1825 2005 1881 in-

425 1926 556 2000 quit,
585 1925 826 1979 inebriari
852 1923 988 1986 uino,
1014 1923 1067 1976 in
1097 1938 1196 1993 quo
1221 1931 1292 1976 est
1311 1921 1534 1975 luxuria.
1557 1918 1674 1976 Non
1707 1920 1850 1978 enim
1877 1932 2006 1972 con-

423 2025 616 2079 servat.
637 2015 730 2070 sed
759 2014 955 2086 perdit,
988 2028 1093 2068 non
1126 2013 1299 2068 solum
1325 2027 1541 2081 corpus,
1575 2009 1668 2066 sed
1696 2010 1856 2065 etiam
1891 2009 2008 2062 aui.

424 2123 586 2162 mam.
621 2106 725 2162 Sed
755 2103 1038 2178 implemini
1069 2101 1291 2172 Spiritu,
1324 2101 1410 2156 l9.
1443 2102 1698 2170 loquentes
1740 2099 2005 2154 vobismet-

426 2196 629 2265 ipsisin
670 2195 877 2263 psalmis
905 2203 951 2246 et
978 2192 1190 2247 canticis
1215 2190 1599 2262 spiritualibus,
1645 2191 1913 2260 psallentes
1960 2200 2008 2246 et

420 2295 683 2338 cantantes
705 2284 759 2336 in
788 2281 1022 2337 cordibus
1055 2281 1227 2336 vestris
1254 2279 1495 2346 Domino,
1524 2279 1615 2334 20.
1643 2281 1833 2351 gratias
1856 2297 2008 2352 agen-

419 2387 492 2429 tes
521 2391 718 2445 semper
737 2390 829 2444 pro
867 2375 1117 2438 omnibus,
1160 2373 1213 2426 in
1235 2371 1437 2426 nomine
1472 2371 1677 2430 Domini
1702 2373 1860 2426 nostri
1883 2369 2008 2430 Jesu

419 2469 638 2534 Christi,
672 2465 780 2521 Dea
805 2475 851 2521 et
883 2465 1028 2525 Patri
1053 2482 1072 2522 :
1098 2464 1187 2520 21.
1245 2464 1456 2535 subjecti
1496 2465 1706 2518 invicem
1750 2466 1803 2518 in
1832 2465 2008 2523 timore

418 2558 625 2611 Clu-isti.
681 2556 778 2613 Vis
799 2597 813 2622 ,
849 2556 1055 2627 inquit,
1103 2555 1319 2615 lzetari?
1363 2556 1442 2613 vis
1471 2555 1611 2610 diem
1642 2555 2006 2616 consumere?

422 2649 529 2718 Ego
555 2648 626 2702 do
657 2647 750 2703 tibi
791 2655 975 2717 potum
1006 2646 1342 2716 spiritualem
1387 2662 1402 2699 :
1431 2645 1667 2703 ebrietas
1697 2647 1838 2704 enim
1867 2646 2003 2704 bene

416 2737 805 2807 significantem
834 2737 1028 2807 linguae
1048 2745 1246 2790 nostra:
1273 2735 1546 2792 exscindit
1571 2751 1780 2802 vocem,
1805 2746 1862 2792 ut
1891 2737 2002 2794 bal-

418 2826 685 2882 butiamus
714 2826 978 2892 efﬁciens,
1007 2825 1302 2896 oculosque
1327 2835 1384 2881 et
1410 2827 1612 2893 omnia,
1635 2837 1694 2881 ut
1730 2829 1893 2882 semel
1915 2827 2000 2883 di-

416 2931 564 2982 eam,
597 2926 931 2987 pervertens.
986 2916 1146 2972 Disce
1173 2917 1406 2986 psallere
1427 2957 1442 2983 ,
1474 2925 1528 2971 et
1565 2916 1773 2973 videbis
1802 2917 1879 2973 rei
1908 2933 2000 2973 vo-

417 3008 674 3078 luptatem
707 3026 720 3062 :
749 3024 870 3064 nam
898 3009 989 3080 qui
1038 3009 1296 3080 psallunt,
1328 3009 1620 3078 implentur
1650 3009 1850 3078 Spiritu
1877 3025 2001 3070 san-

416 3105 524 3164 cto,
554 3097 694 3152 sicut
717 3099 806 3168 qui
831 3099 1066 3154 satanica
1084 3106 1286 3158 canunt
1308 3099 1536 3164 cantica,
1555 3099 1744 3170 spiritu
1766 3101 2001 3155 immun~

416 3189 510 3242 do.
538 3188 679 3256 Quid
707 3198 790 3243 est
810 3231 826 3256 ,
876 3189 934 3250 In
976 3189 1210 3244 cordibus
1238 3195 1416 3245 vestris
1465 3189 1725 3252 Domino!
1752 3191 1864 3248 Hoc
1893 3202 1997 3260 est,

416 3281 692 3350 sapienter
710 3283 944 3340 anlmum
965 3281 1282 3337 adhibentes
1315 3298 1328 3334 :
1363 3297 1484 3341 nam
1507 3282 1594 3352 qui
1623 3283 1859 3340 animum
1891 3298 1998 3338 non

414 3372 690 3440 adhibent,
723 3382 926 3435 temere
951 3382 1148 3434 canunt
1178 3373 1338 3430 verba
1368 3373 1667 3449 loquentes,
1687 3376 1848 3432 corde
1873 3376 1999 3434 alibi

417 3473 659 3535 vagante.
710 3464 931 3530 Gratias,
967 3466 1160 3536 inquit,
1191 3482 1389 3536 semper
1422 3475 1621 3537 agentes
1654 3484 1746 3536 pro
1771 3469 2002 3529 omnibus

417 3555 472 3608 in
499 3556 703 3609 nomine
739 3555 950 3610 Domini
977 3557 1138 3610 nostri
1179 3554 1306 3609 Jesu
1345 3554 1552 3624 Christi,
1580 3555 1690 3611 Deo
1734 3567 1782 3612 et
1828 3557 1996 3624 Patri,

421 3645 630 3714 subjecti
677 3645 888 3700 invicem
925 3645 978 3699 in
1005 3646 1184 3700 timore
1212 3645 1422 3700 Christi.
1451 3645 1506 3701 Id
1551 3655 1670 3714 est,
1716 3648 2001 3717 petitiones

421 3743 608 3789 vestra:
625 3750 749 3791 cum
765 3736 1052 3805 gratiarum
1069 3735 1278 3790 actione
1299 3736 1636 3791 innotescant
1652 3737 1790 3806 apud
1810 3737 1997 3796 Deum:

421 3822 551 3877 nihil
576 3825 722 3879 enim
750 3839 902 3894 aeque
919 3825 1083 3880 Deum
1109 3825 1291 3880 laetitia
1321 3824 1508 3892 afﬁcit,
1536 3834 1594 3879 ut
1621 3826 1835 3896 quando
1856 3828 2002 3896 quis-

422 3913 563 3981 piam
627 3923 710 3969 est
759 3924 963 3989 gratus.
995 3915 1220 3975 Maxime
1262 3927 1440 3979 autem
1494 3932 1778 3988 possumus
1806 3921 2003 3989 gratias

420 4019 605 4073 agere,
634 4004 962 4062 abducentes
987 4008 1221 4063 animum
1251 4019 1490 4068 nostrum
1519 4011 1587 4063 ab
1613 4009 1676 4066 iis
1703 4026 1822 4080 quae
1853 4012 2001 4080 prius

418 4097 562 4153 dicta
616 4107 763 4166 sunt,
818 4107 874 4154 et
917 4113 1037 4156 eum
1067 4111 1424 4174 expurgantes
1472 4101 1536 4156 iis
1561 4117 1681 4172 qua:
1707 4101 1859 4159 dixit.
1894 4103 2002 4164 Sed

417 4191 727 4260 intplemini,
757 4192 948 4263 inquit,
977 4193 1197 4263 Spiritu.
1223 4194 1390 4254 Estne
1415 4193 1515 4248 hoc
1541 4195 1592 4248 in
1620 4203 1801 4250 nostra
1847 4205 2002 4265 pote-

420 4283 605 4337 state?
630 4283 730 4342 Est
757 4293 924 4340 certe.
971 4283 1199 4352 Quando
1229 4285 1373 4344 enim
1400 4285 1757 4352 mendacium,
1788 4287 2002 4358 quando

421 4373 770 4432 acerbitatem
798 4383 851 4429 et
879 4376 1288 4435 amarulentiam
1311 4417 1327 4442 ,
1355 4376 1569 4448 quando
1597 4378 1999 4447 scortationem,

424 4467 640 4534 quando
663 4467 1078 4536 immunditiam,
1099 4467 1316 4539 quando
1343 4468 1619 4524 avaritiam
1639 4483 1668 4523 a
1687 4477 1867 4525 nostra
1888 4471 2003 4524 ani-

427 4573 509 4611 ma
544 4559 909 4630 abegerimus,
933 4559 1145 4630 quando
1173 4559 1432 4615 fuerimus
1452 4558 1685 4630 benigni,
1705 4560 2006 4620 misericor-

425 4649 541 4714 des,
586 4650 743 4705 nobis
788 4651 917 4720 ipsis
944 4651 1328 4721 gratificantes,
1361 4651 1576 4722 quando
1623 4667 1728 4710 non
1777 4652 2007 4711 adfuerit

427 4740 747 4806 scurrilitas,
775 4741 989 4817 quando
1032 4756 1128 4797 nos
1157 4741 1556 4801 reddiderimus
1598 4741 1824 4813 dignos,
1880 4742 2005 4814 quid

427 4840 510 4886 est
547 4831 686 4901 quod
717 4831 1002 4905 prohibeat
1039 4847 1108 4889 ne
1140 4833 1362 4890 accedat
1410 4842 1468 4894 et
1516 4833 1729 4899 advolet
1775 4833 2010 4904 Spiritus

427 4921 684 4980 sanctus?
713 4921 898 4992 Neque
931 4923 1106 4978 solum
1152 4923 1393 4992 accedet,
1426 4925 1521 4981 sed
1563 4927 1722 4984 etiam
1771 4926 2012 4997 implebit

425 5027 520 5067 cor
557 5021 822 5068 nostrum.
856 5013 991 5068 Dum
1039 5022 1123 5069 est
1149 5023 1330 5070 autem
1361 5016 1684 5073 intrinsecus
1718 5017 1809 5072 lux
1841 5025 2007 5084 tanta,

429 5117 533 5159 non
575 5103 679 5162 crit
698 5103 766 5162 de
791 5113 988 5160 caetero
1011 5105 1229 5167 difﬁcile
1243 5121 1304 5162 se
1322 5120 1388 5162 ex
1411 5107 1605 5162 virtute
1620 5116 1765 5164 recte
1790 5123 1979 5178 gerere
1995 5147 2012 5174 ,

428 5196 522 5250 sed
554 5195 713 5252 facile
754 5207 810 5251 et
851 5197 1185 5268 expeditum.
1206 5197 1434 5265 Gratias,
1467 5199 1660 5269 inquit,
1690 5210 1894 5270 agentes
1920 5217 2013 5270 pro
2068 5265 2075 5272 ,

431 5289 680 5342 omnibus.
715 5287 855 5357 Quid
908 5290 1077 5362 ergo?
1124 5306 1222 5367 pro
1250 5291 1522 5356 omnibus,
1575 5305 1696 5358 qua:
1748 5291 2013 5359 accidunt,

433 5389 650 5450 oportet
693 5381 889 5449 gratias
926 5382 1132 5452 agere?
1187 5381 1347 5437 Certe
1380 5398 1394 5434 :
1427 5382 1633 5440 etiamsi
1679 5382 1748 5436 sit
1777 5383 2014 5449 morbus,

437 5471 646 5525 t'tiamsi
678 5480 980 5541 paupertas.
1028 5471 1084 5528 Si
1115 5473 1258 5532 enim
1292 5473 1344 5526 in
1373 5471 1554 5528 Veteri
1582 5471 1842 5528 suadebat
1867 5473 2015 5544 quis-

438 5561 576 5628 piam
603 5559 830 5631 Sapiens
853 5561 1076 5622 dicens:
1105 5563 1266 5617 Omne
1293 5561 1428 5634 quod
1455 5562 1542 5616 tibi
1559 5563 1818 5622 inductum
1847 5566 2018 5633 fuerit,

441 5651 667 5708 lubenter
706 5650 879 5719 accipe
909 5667 927 5705 :
955 5660 1000 5704 et
1028 5653 1081 5704 in
1110 5653 1470 5710 mutationibus
1511 5652 1876 5706 lmmiliationis
1925 5662 2024 5707 tua:

441 5754 541 5798 esto
557 5743 867 5815 longanimis
885 5743 1215 5814 (Eccli.2.l);
1231 5745 1400 5800 multo
1423 5748 1591 5815 magis
1616 5745 1664 5799 id
1685 5745 1795 5800 fieri
1815 5755 2026 5814 oportet

444 5835 496 5896 in
511 5833 686 5897 Novo.
713 5834 826 5892 Etsi
856 5849 984 5912 ergo
1008 5836 1272 5891 rationem
1296 5837 1523 5903 nescias,
1552 5851 1647 5914 age
1666 5837 1861 5908 gratias
1889 5852 1904 5892 :
1925 5835 2025 5891 hoc

1311 429 1375 487 ΙΝ
1416 427 1625 487 EPIST.
1665 429 1752 482 AD
1793 425 2028 486 EPIIES.
2067 425 2220 482 CAP.
2255 427 2318 484 V.
2362 429 2588 486 llOlllL
2633 431 2771 489 XIX.

3593 440 3698 496 "0

2119 544 2262 598 enim
2287 557 2368 600 est
2397 562 2582 601 revera
2611 549 2901 613 gratiarum
2929 549 3089 604 actio.
3120 549 3212 606 Sin
3254 558 3435 608 autem
3461 568 3582 610 cum
3621 559 3698 615 sis

2116 635 2392 690 beneficiis
2422 637 2644 692 affectus
2666 681 2679 701 ,
2718 640 3108 712 opulentusque
3132 651 3185 697 et
3214 643 3472 715 locuples,
3503 661 3698 716 resque

2118 735 2234 780 tuas
2263 727 2398 782 bene
2427 743 2582 798 geras
2601 770 2618 795 ,
2646 740 2700 783 et
2739 731 2916 786 omnia
2951 733 3044 786 tibi
3096 748 3352 805 prospere
3381 738 3694 808 succedant,

2114 832 2240 887 agas
2265 821 2484 888 gratias,
2503 835 2610 874 non
2637 831 2720 875 est
2751 837 3000 891 magnum
3031 840 3131 880 nec
3155 825 3568 884 admirandum:
3599 846 3690 888 ve-

2115 923 2232 963 rum
2259 909 2399 977 quod
2427 911 2688 979 quaeritur
2705 922 2810 976 est,
2847 923 2902 967 ut
2931 914 3134 982 gratias
3160 925 3283 987 agat
3309 918 3400 987 qui
3428 922 3585 978 estin
3619 923 3697 978 af-

2117 998 2440 1056 flictionibus
2471 1009 2524 1055 et
2555 1001 2607 1056 in
2633 1003 2906 1058 mmstitia.
2939 1004 3080 1059 Nihil
3110 1008 3258 1062 dicas
3283 1019 3409 1066 ante
3450 1011 3552 1068 hoc
3577 1029 3697 1070 ver-

2115 1091 2265 1158 bum,
2296 1091 2507 1148 Gratias
2536 1107 2638 1162 ago
2667 1093 2794 1160 tibi,
2837 1094 3080 1151 Domine.
3123 1097 3186 1152 Et
3211 1098 3340 1167 quid
3365 1101 3488 1156 dico
3514 1119 3610 1173 pro
3635 1106 3700 1162 iis

2115 1197 2235 1252 quae
2265 1182 2353 1237 hic
2378 1193 2501 1240 sunt
2523 1184 2940 1240 afﬂictionibus?
2967 1203 3063 1256 pro
3090 1188 3202 1259 ipsa
3225 1191 3468 1259 gebenna
3489 1207 3702 1265 oportet

2117 1275 2227 1328 Deo
2253 1289 2411 1344 agere
2431 1279 2652 1346 gratias,
2704 1293 2803 1347 pro
2831 1279 3001 1348 pmnis
3035 1289 3089 1334 ct
3116 1283 3392 1352 suppliciis
3421 1301 3542 1356 qua:
3571 1300 3698 1346 sunt

2115 1365 2224 1422 illic
2263 1381 2365 1423 :ea
2391 1368 2534 1422 enim
2564 1382 2653 1423 res
2698 1383 2794 1423 nos
2822 1370 2977 1425 valde
3004 1370 3151 1439 juvat
3185 1373 3275 1442 qui
3322 1373 3706 1434 animadverti.

2115 1473 2234 1514 mus
2265 1475 2279 1511 :
2312 1473 2408 1528 pro
2432 1459 2583 1514 freno
2620 1469 2795 1514 metus
2818 1462 3077 1530 gehenna-
3110 1464 3412 1534 imponatur
3446 1470 3698 1527 cordibus

2115 1551 2338 1609 nostris.
2360 1549 2438 1604 Ne
2455 1564 2584 1621 ergo
2612 1558 2813 1604 tantum
2840 1566 2936 1620 pro
2959 1553 3257 1610 manifestis
3277 1557 3572 1625 beneficiis,
3599 1563 3696 1618 sed

2113 1641 2273 1695 etiam
2303 1655 2400 1710 pro
2442 1641 2508 1694 iis
2537 1656 2655 1710 qua:
2683 1657 2787 1696 non
2816 1651 2939 1697 sunt
2971 1645 3284 1712 manifesta,
3315 1658 3370 1702 et
3394 1649 3590 1718 quibus
3611 1654 3697 1706 vel

2115 1732 2263 1788 inviti
2285 1731 2569 1797 afﬁcimur,
2590 1747 2811 1802 agamus
2828 1735 3028 1804 gratias
3053 1755 3066 1788 :
3096 1737 3277 1792 multis
3301 1739 3443 1794 enim
3470 1755 3568 1796 nos
3599 1758 3696 1798 no.

2115 1824 2285 1880 lentes
2305 1832 2359 1877 et
2389 1823 2692 1880 nescientes
2722 1823 2998 1880 beneﬁciis
3026 1824 3212 1882 afficit.
3262 1828 3320 1884 Si
3363 1841 3540 1886 autem
3589 1850 3695 1890 non

2112 1913 2353 1980 creditis,
2377 1913 2488 1982 jam
2512 1914 2663 1969 vobis
2691 1929 2804 1969 rem
2833 1916 3008 1984 palam
3041 1917 3251 1974 faciam.
3293 1919 3476 1992 Cogita
3499 1925 3642 1980 enim
3677 1943 3693 1983 :

2113 2005 2355 2061 scelerati
2377 2015 2432 2060 ct
2457 2004 2719 2060 increduli
2752 2005 2949 2072 Graeci,
2973 2022 3153 2066 nonne
3176 2010 3277 2068 soli
3297 2013 3474 2068 omnia
3496 2015 3696 2071 adseri-

2112 2098 2242 2154 bunt
2267 2107 2321 2152 et
2367 2098 2478 2153 suis
2505 2097 2707 2152 idolis?
2737 2099 2875 2164 Quid
2920 2103 3087 2155 vero?
3138 2118 3316 2158 annon
3347 2120 3443 2160 eos
3487 2123 3696 2179 quoque

2113 2187 2374 2244 beneﬁcio
2403 2187 2611 2246 afﬁcit?
2636 2203 2816 2244 annon
2842 2200 2926 2245 est
2975 2191 3120 2247 illius
3160 2196 3510 2262 providentia:
3551 2204 3697 2271 quod

2111 2281 2212 2350 ipsi
2242 2280 2424 2335 vivant
2453 2289 2509 2335 et
2538 2279 2646 2334 sint
2672 2281 2812 2348 sani,
2857 2291 2910 2336 et
2943 2283 3144 2339 liberos
3171 2299 3474 2356 procreent,
3501 2301 3555 2346 ct
3579 2309 3697 2364 qua:

2111 2382 2238 2426 sunt
2267 2370 2601 2440 bujusmodi?
2631 2370 2769 2438 Quid
2798 2387 2926 2427 vero
2952 2374 3348 2433 Marciunistre?
3377 2381 3504 2450 quid
3529 2383 3694 2440 Mani-

2110 2461 2284 2520 clm-i‘l
2311 2476 2489 2518 nonne
2512 2462 2662 2518 illum
2683 2463 3028 2534 blasphemiis
3054 2471 3348 2538 appetunt?
3373 2472 3510 2540 Quid
3536 2479 3692 2547 ergo?

2111 2571 2291 2610 nonne
2310 2569 2404 2611 eos
2425 2556 2664 2626 quotidie
2691 2555 2954 2614 beneﬁcio
2985 2557 3191 2616 afﬁcit?
3217 2562 3370 2630 Quod
3405 2565 3449 2620 si
3479 2569 3694 2624 nescius

2110 2645 2350 2717 quotidie
2375 2645 2644 2701 beneﬁcio
2666 2646 2854 2714 allicit,
2889 2648 3057 2703 multo
3087 2651 3255 2722 magis
3287 2660 3416 2710 nos.‘
3437 2657 3588 2724 Quod
3608 2672 3693 2715 cst

2109 2740 2252 2794 enim
2282 2738 2427 2794 aliud
2462 2737 2554 2799 Dei
2581 2753 2714 2808 opus
2736 2755 2895 2810 quam
2926 2741 3050 2809 hoc,
3085 2759 3278 2814 nempe
3303 2746 3578 2806 hominum
3604 2769 3698 2822 ge.

2110 2845 2212 2886 nus
2235 2827 2455 2885 afﬁcere
2477 2828 2738 2892 beneﬁcio
2757 2869 2774 2897 ,
2803 2839 2859 2886 et
2877 2846 2974 2902 per
2996 2834 3256 2904 supplicia
3283 2848 3336 2892 et
3364 2855 3459 2910 per
3485 2857 3694 2898 recrea-

2108 2919 2309 2974 tionem
2323 2919 2347 2974 ?

2180 3008 2372 3064 Gratiae
2390 3007 2499 3064 Deo
2519 3009 2728 3080 agenda
2752 3011 2902 3066 etiam
2929 3013 2982 3068 in
3007 3015 3250 3071 aduersis.
3275 3049 3346 3060 —
3364 3019 3481 3076 Non
3511 3026 3686 3082 solum

2109 3116 2237 3173 ergo
2262 3116 2483 3172 agamus
2508 3103 2729 3174 gratias,
2762 3103 2888 3160 dum
2932 3115 3058 3160 sunt
3089 3108 3247 3165 nobis
3281 3126 3369 3167 res
3397 3117 3647 3172 secunda:
3678 3139 3690 3172 :

2107 3207 2213 3249 non
2238 3202 2322 3248 est
2349 3195 2491 3250 enim
2521 3193 2622 3250 hoc
2648 3210 2918 3266 magnum.
2954 3197 3020 3252 Et
3067 3198 3172 3256 hoc
3217 3205 3364 3258 novit
3405 3205 3692 3274 diabolus;

2107 3283 2336 3354 ideoque
2367 3284 2576 3341 dicebat
2609 3302 2624 3338 :
2657 3284 2800 3340 Num
2821 3285 2922 3341 Job
2961 3289 3121 3358 gratis
3141 3291 3262 3345 colit
3288 3291 3498 3350 Deum?
3530 3316 3696 3354 nonne

2105 3375 2501 3430 circumvallasti
2521 3391 2636 3445 qute
2657 3386 2777 3430 sunt
2803 3379 2914 3448 ejus
2940 3379 3095 3443 intus,
3125 3390 3173 3434 et
3196 3399 3310 3451 qua:
3334 3387 3461 3452 [oris
3484 3389 3511 3441 ?
3535 3391 3695 3461 Aufer

2107 3481 2279 3520 omnes
2305 3468 2417 3535 ejus
2456 3466 2727 3534 facultates
2748 3507 2764 3531 ,
2815 3478 2948 3521 certe
2993 3469 3044 3522 in
3089 3472 3271 3538 faciem
3322 3475 3412 3529 tibi
3441 3477 3694 3534 benedicet

2108 3554 2128 3624 (
2157 3553 2254 3609 Job
2287 3555 2339 3609 l.
2371 3555 2423 3609 9.
2457 3556 2569 3623 10).
2600 3554 2706 3610 Sed
2747 3555 3012 3612 scelerato
3039 3559 3112 3616 illi
3164 3561 3296 3617 nihil
3339 3578 3405 3620 es
3451 3581 3518 3622 eo
3558 3567 3692 3625 lucri

2107 3643 2353 3710 accessit,
2382 3652 2437 3698 et
2463 3644 2602 3698 absit
2630 3653 2685 3698 ut
2712 3643 2780 3700 de
2801 3645 2954 3702 nobis
2981 3648 3030 3702 ei
3064 3649 3195 3709 lucri
3222 3651 3422 3724 aliquid
3441 3658 3685 3716 accedat.

2109 3735 2216 3790 Sed
2243 3743 2295 3790 et
2332 3735 2549 3805 quando
2588 3735 2846 3792 fuerimus
2885 3737 2938 3798 in
2986 3751 3331 3811 paupertate,
3381 3750 3596 3817 quando
3638 3753 3690 3808 in

2108 3826 2310 3882 morbis
2330 3837 2383 3883 et
2413 3827 2463 3882 in
2494 3829 2774 3892 molestiis.
2808 3840 2934 3885 tunc
2964 3833 3221 3902 majorem
3243 3851 3464 3906 agamus
3489 3844 3690 3911 gratia-

2112 3932 2230 3977 rum
2263 3917 2531 3977 actionem
2566 3935 2578 3970 :
2610 3919 2925 3987 gratiarum,
2959 3920 3213 3992 inquam,
3259 3928 3546 3995 actionem,
3586 3947 3696 3990 non

2109 4007 2308 4072 verbis,
2349 4023 2524 4078 neque
2551 4007 2752 4078 lingua,
2785 4010 2880 4068 sed
2912 4011 3071 4069 rebus
3095 4024 3148 4067 et
3179 4013 3354 4084 factis,
3395 4029 3450 4073 et
3495 4023 3695 4090 cogita-

2111 4097 2256 4152 tione
2283 4105 2339 4153 et
2361 4099 2544 4153 corde.
2575 4098 2704 4153 Tota
2732 4100 2908 4153 anima
2941 4102 2990 4155 ei
3017 4116 3237 4171 agamus
3261 4111 3478 4175 gratias.
3527 4112 3692 4183 Magis

2108 4188 2252 4242 enim
2282 4203 2380 4242 nos
2407 4188 2582 4258 diligit
2608 4202 2767 4258 quam
2798 4190 2889 4258 qui
2922 4205 3020 4243 nos
3049 4207 3389 4260 genuerunt;
3435 4209 3492 4252 et
3529 4217 3694 4270 qua"-

2112 4286 2220 4340 tum
2255 4279 2478 4333 interest
2509 4279 2649 4333 inter
2677 4279 2993 4347 pravitatem
3020 4292 3074 4335 et
3102 4281 3414 4354 bonitatem,
3443 4297 3585 4344 tanta
3613 4306 3694 4349 cst

2110 4368 2407 4424 differentia
2432 4369 2739 4425 dilectionis
2768 4370 2864 4426 Dei
2892 4385 2923 4425 a
2942 4371 3231 4430 dilectione
3251 4387 3460 4446 patrum
3483 4394 3694 4440 nostra.

2111 4473 2252 4512 rum.

2183 4552 2236 4611 5.
2277 4549 2460 4620 Neque
2485 4548 2599 4604 hazc
2622 4549 2789 4610 verba
2815 4559 2939 4612 sunt
2965 4567 3104 4614 mea.
3134 4557 3225 4609 sed
3265 4556 3430 4626 ipsius
3457 4560 3653 4622 Christi
3681 4609 3693 4631 ,

2113 4641 2322 4711 quinos
2340 4640 2550 4709 diligit:
2578 4640 2702 4696 audi
2723 4656 2845 4696 eum
2871 4641 3159 4711 dicentem,
3190 4645 3318 4711 Quis
3344 4663 3406 4700 ea:
3435 4651 3571 4704 vobis
3599 4655 3692 4707 lio-

2114 4749 2218 4800 mo,
2243 4732 2330 4803 qui
2358 4731 2404 4786 si
2427 4731 2565 4800 ﬁlius
2593 4731 2655 4787 ab
2677 4748 2735 4787 eo
2761 4733 2959 4804 petierit
2988 4750 3190 4805 panem,
3215 4752 3336 4790 num
3363 4737 3585 4809 lapidem
3607 4745 3700 4796 da.

2117 4825 2185 4878 bit
2210 4824 2300 4877 ei?
2327 4823 2387 4877 Si
2411 4833 2579 4876 autem
2601 4840 2688 4878 vos
2712 4841 2827 4878 cum
2867 4826 2976 4880 sitis
3022 4826 3144 4886 mali
3168 4868 3182 4886 .
3226 4828 3363 4883 scitis
3410 4831 3540 4884 bona
3577 4835 3700 4887 data

2117 4918 2238 4970 dare
2266 4915 2386 4984 ﬁliis
2410 4915 2581 4970 vestris
2612 4931 2630 4976 ξ
2654 4924 2840 4984 quanto
2871 4918 3030 4986 nmgis
3052 4915 3208 4974 Pater
3247 4930 3410 4973 vester
3433 4923 3518 4990 qui
3546 4932 3619 4975 est
3644 4924 3698 4977 in

2117 5007 2255 5070 cwlis
2296 5006 2427 5067 bona
2481 5005 2618 5062 dabit
2658 5007 2721 5060 iis
2767 5007 2853 5075 qui
2897 5009 2960 5060 ab
3003 5008 3114 5072 ipso
3144 5018 3314 5076 petunt
3367 5009 3591 5080 (Matth.
3644 5013 3699 5070 7.

2122 5099 2206 5155 10.
2237 5098 2370 5169 ll)?
2427 5107 2482 5153 et
2539 5113 2726 5152 rursus
2772 5097 2934 5163 alibi,
2989 5097 3126 5150 Num
3169 5097 3485 5169 obliviscetur
3521 5103 3705 5158 mulier

2120 5189 2345 5249 misereri
2365 5189 2590 5257 filiorum
2621 5188 2749 5241 uteri
2777 5185 2902 5240 sui?
2933 5186 2995 5241 Si
3037 5196 3206 5241 autem
3241 5201 3415 5239 eorum
3442 5188 3706 5244 oblivisca-

2126 5292 2208 5335 tur
2239 5282 2438 5344 mulier,
2489 5295 2580 5350 ego
2621 5289 2786 5333 tamen
2814 5279 2888 5330 tui
2934 5294 3034 5330 non
3083 5277 3371 5345 obliviscar,
3425 5280 3547 5337 dicit
3597 5281 3707 5336 Do.

2123 5376 2290 5429 minus
2319 5372 2470 5445 (Isai.
2502 5373 2592 5430 49.
2629 5373 2736 5441 15).
2764 5370 2896 5424 Nam
2925 5369 2967 5422 si
2998 5384 3104 5429 non
3151 5370 3348 5440 diligit,
3377 5389 3473 5431 cur
3497 5389 3596 5430 nos
3632 5377 3710 5431 fc.

2124 5467 2234 5520 cit?
2262 5479 2386 5519 num
2409 5463 2506 5517 fuit
2530 5463 2576 5517 ei
2605 5459 2865 5517 necesse?
2894 5475 3020 5512 nmn
3047 5460 3246 5531 aliquid
3272 5463 3496 5518 facimus
3520 5480 3626 5534 quo
3655 5468 3710 5524 ei

2128 5559 2199 5614 sit
2223 5572 2379 5628 opus,
2409 5565 2461 5610 et
2490 5556 2538 5611 ei
2568 5553 2838 5623 fungimur
2860 5553 3203 5609 ministerio?
3233 5571 3359 5609 num
3389 5555 3568 5622 aliquo
3593 5568 3713 5624 eget

2131 5667 2196 5706 ex
2222 5648 2460 5704 nostris?
2489 5645 2624 5700 Audi
2656 5643 2966 5714 prophetam
2989 5644 3257 5700 dicentem
3280 5663 3294 5698 :
3319 5643 3444 5696 Dixi
3472 5643 3714 5721 Domino,

2133 5739 2271 5793 Deus
2291 5753 2428 5791 meus
2453 5754 2504 5791 es
2542 5744 2615 5802 tu,
2657 5735 2896 5806 quoniam
2946 5738 3190 5790 bonorum
3218 5749 3447 5787 meorum
3475 5748 3578 5787 non
3603 5752 3720 5804 eges

2133 5833 2305 5904 (Psal.
2343 5831 2429 5887 15.
2457 5830 2534 5901 2).
2563 5830 2668 5885 Sed
2693 5829 2874 5891 dicunt
2903 5831 3092 5902 ingrati
3121 5839 3175 5888 et
3203 5827 3349 5891 nullo
3374 5841 3541 5889 sensu
3585 5845 3721 5898 μω,
