4218 6266
406 394 495 449 151

408 509 532 576 uiti,
559 505 752 561 llmcne
780 512 909 560 sunt
936 500 1030 557 Dei
1060 494 1343 559 bonitatis,
1375 500 1430 544 ιιι
1473 489 1543 543 sit
1571 482 1821 540 onmibns
1852 477 1991 576 pari-

414 608 493 649 tas
518 568 787 649 honoris?
812 591 905 648 ch
934 588 1085 653 mihi,
1115 586 1276 640 homo
1316 582 1543 650 ingrate,
1579 588 1822 645 quasnam
1862 568 1995 623 dicis

418 702 523 743 non
555 701 676 742 esse
723 685 814 740 Dei
859 681 1132 744 benitatis,
1178 688 1231 731 et
1266 684 1552 746 quamnam
1602 668 1737 722 dicis
1780 662 1997 717 honoris

421 772 824 847 :rqt'talitatcm?
852 773 947 828 llic
973 787 1002 825 a
1028 781 1192 841 puero
1223 766 1441 821 tnutilus
1469 770 1571 826 est,
1600 761 1737 814 alius
1780 753 1996 817 insanit,

423 843 723 923 et—vex'atur
748 870 781 918 a‘
805 864 1087 924 daemone;
1118 858 1254 911 alius
1292 855 1379 926 qui
1427 852 1493 905 ad
1526 858 1816 905 extremam
1855 843 2003 898 venit

424 964 790 1019 senectutem,
848 962 1019 1007 totam'
1061 951 1222 1003 vitam
1272 943 1529 1012 transegit
1578 942 1628 993 in
1668 942 1999 1009 paupertate,

423 1050 559 1102 alius
587 1048 638 1101 In
673 1042 874 1099 morbis
900 1039 1230 1112 gravissimis
1264 1055 1278 1092 :
1308 1036 1494 1090 haecne
1520 1028 1645 1085 sunt
1688 1038 1849 1096 opera
1882 1035 2005 1093 pro-

425 1139 673 1193 videntia».
698 1139 721 1191 .’
751 1136 846 1189 llic
871 1133 1087 1203 quidem
1112 1139 1195 1185 est
1222 1126 1417 1182 surdus
1446 1165 1461 1191 ,
1503 1123 1591 1177 ille
1635 1133 1762 1173 vero
1791 1123 2004 1179 mutus;

426 1230 515 1284 hic
541 1237 623 1283 εει
652 1230 871 1297 pauper,
899 1222 1036 1278 alius
1076 1230 1203 1275 vero
1230 1217 1522 1271 sceleratus
1558 1220 1731 1297 atque
1773 1205 2008 1297 seelera-

428 1293 667 1375 tissimus
692 1293 958 1384 etiplenus
989 1310 1142 1365 malis
1169 1306 1493 1367 innumeris,
1534 1296 1729 1356 fruitur
1772 1293 2011 1366 pecuniis

429 1423 482 1466 et
514 1412 607 1464 alit
641 1408 953 1463 meretrices
976 1416 1030 1458 et
1060 1401 1341 1471 parasitos,
1387 1395 1778 1466 prasclarasq'ue
1808 1397 1862 1441 et
1900 1392 2013 1439 nta-

431 1506 653 1574 gnificas
680 1501 823 1555 mdes
846 1498 1107 1569 possidet,
1137 1502 1187 1549 ct
1213 1494 1379 1547 vitam
1399 1489 1503 1558 agit
1531 1485 1761 1555 quietam
1789 1491 1843 1534 et
1867 1478 2013 1574 ontni

434 1570 649 1664 negotio
679 1598 917 1645 vacuam.
952 1586 1219 1654 Multaque
1269 1578 1533 1649 ejusmodi
1564 1574 1851 1643 colligunt,
1902 1570 2017 1664 lon-

434 1658 553 1755 gam
585 1690 935 1737 contexentes
960 1676 1261 1731 orationem
1308 1670 1566 1723 adversus
1609 1664 1702 1718 Dei
1737 1658 2017 1731 providen-

439 1750 587 1832 tiam.
620 1773 754 1842 Quid
782 1769 948 1840 ergo?
980 1762 1193 1822 nullane
1214 1771 1297 1818 est
1327 1752 1704 1831 providentia?
1733 1750 1857 1822 quid
1892 1756 2018 1842 ergo

438 1838 679 1922 dicemus
710 1862 776 1916 ad
804 1838 961 1915 illos?
993 1856 1051 1913 Si
1076 1859 1259 1911 essent
1297 1848 1513 1921 quidem
1540 1842 1734 1908 Graeci,
1785 1848 1842 1895 et
1878 1838 2020 1891 dice-

440 1969 560 2012 rent
591 1956 744 2010 nobis
785 1951 1039 2006 mundum
1085 1944 1152 2001 ab
1180 1946 1359 2013 aliquo
1401 1936 1760 1995 administrari
1791 1950 1803 1986 :
1838 1945 2021 1986 rursus

442 2062 542 2103 nos
568 2060 780 2116 quoque
806 2042 993 2097 eadem
1037 2039 1119 2093 eis
1144 2036 1445 2092 dieeremus
1473 2048 1487 2086 :
1532 2027 1670 2097 Quid
1700 2032 1850 2096 ergo,
1883 2022 2023 2077 nulla

444 2152 527 2195 est
558 2132 937 2209 providentia?
961 2129 1231 2203 quamodo
1259 2136 1391 2199 ergo
1416 2138 1513 2179 vos
1538 2123 1669 2177 deos
1695 2119 1888 2209 colitis,
1920 2116 2025 2170 dte-

446 2208 634 2285 mones
658 2239 712 2282 ct
739 2226 936 2281 heroas
961 2218 1238 2277 adoratis?
1269 2226 1389 2272 nam
1417 2214 1462 2270 si
1484 2222 1566 2269 est
1585 2208 1940 2283 providentia,
1964 2219 2027 2260 ea

447 2321 687 2374 omnium
707 2329 889 2371 curam
918 2312 1075 2384 gerit.
1104 2311 1163 2366 Si
1200 2310 1308 2365 sint
1345 2306 1511 2376 aliqui
1536 2304 1624 2373 qui
1664 2313 1806 2370 agre
1857 2297 2030 2351 ferant

449 2408 735 2464 Christiani
765 2406 847 2460 vel
875 2405 1037 2459 etiam
1061 2401 1255 2465 Grzeci,
1278 2406 1335 2455 et
1360 2398 1449 2467 qui
1477 2395 1769 2456 labascunt,
1801 2389 1931 2459 quid
1953 2387 2033 2442 eis

454 2495 731 2552 dicemus?
761 2495 890 2548 Tam
910 2492 1501 2557 multane.dic,qu:cso,
1526 2498 1653 2537 casu
1676 2480 1809 2534 facta
1836 2478 2036 2532 fuerint

457 2588 632 2642 bona?
655 2587 743 2639 lux
769 2582 1100 2652 quntidiana,
1125 2579 1264 2633 bene
1288 2575 1579 2645 dispositus
1612 2570 1746 2627 ordo
1773 2570 1824 2623 in
1852 2568 2032 2634 rebus,

457 2685 722 2729 astrorqu
745 2672 968 2737 chorea,
999 2670 1207 2725 dierum
1237 2674 1293 2721 et
1318 2666 1553 2720 noetium
1584 2676 1773 2717 cursus
1796 2674 1859 2713 ex
1882 2671 2036 2727 a‘quo

459 2767 782 2827 consistens,
808 2771 1013 2817 natura;
1027 2756 1413 2827 censequen'tia
1430 2763 1485 2808 et
1499 2755 1551 2808 in
1575 2752 1765 2821 plantis
1780 2758 1833 2804 et
1850 2750 1901 2802 in
1923 2747 2039 2801 ani-

464 2857 690 2909 malibus
720 2863 776 2908 ει
814 2853 865 2907 in
899 2850 1242 2907 hominibus?
1286 2847 1414 2912 Quis
1443 2854 1547 2909 est,
1576 2843 1681 2901 dic,
1696 2855 1907 2911 quzeso,
1950 2838 2039 2907 qui

466 2948 581 3000 Ιιωε
621 2940 1000 2999 administrat?
1031 2942 1085 2995 Si
1121 2941 1295 2995 nullus
1320 2944 1398 2991 est
1430 2935 1517 3005 qui
1550 2933 1749 3003 praesit,
1794 2929 1889 2984 sed
1913 2942 2041 2982 casu

464 3046 711 3093 constant
741 3036 917 3089 omnia
942 3050 959 3099 ;
988 3034 1109 3102 quis
1136 3031 1276 3084 hunc
1304 3037 1410 3083 tam
1458 3025 1760 3095 pulchrum,
1795 3032 1903 3076 tam
1932 3036 2043 3073 ma-

465 3145 625 3202 gnum
655 3130 931 3193 fornicem,
954 3138 1144 3193 nempe
1168 3123 1379 3186 calum,
1421 3117 1844 3174 circumductum
1884 3126 2046 3183 super

468 3233 684 3285 terram,
699 3221 964 3288 etiamque
979 3230 1137 3284 super
1151 3227 1315 3284 aquas
1330 3210 1553 3265 statuit?
1569 3208 1788 3279 quisdat
1805 3215 1909 3260 tem
1918 3219 2043 3274 pora

469 3312 669 3369 ferendi
699 3310 937 3365 fructus?
956 3308 1076 3378 quis
1102 3314 1298 3358 tantam
1323 3303 1430 3356 vim
1460 3300 1635 3370 posuit
1661 3303 1712 3352 in
1754 3296 2049 3352 seminibus

469 3414 524 3458 et
545 3402 769 3473 plantis?
784 3400 915 3455 Nam
938 3396 1082 3468 quod
1104 3394 1162 3449 fit
1182 3409 1331 3456 casu,
1358 3399 1445 3447 est
1471 3392 1626 3461 plane
1652 3388 2006 3444 inordinatum
2030 3402 2046 3441 :

474 3496 612 3565 quod
643 3504 819 3547 autem
846 3499 931 3547 est
951 3490 1093 3544 bene
1114 3487 1440 3552 ordinatum,
1466 3484 1523 3536 fit
1555 3491 1688 3537 arte.
1722 3480 1857 3547 Quid
1884 3482 2048 3546 enim,

471 3585 803 3655 dir,qua-so?
830 3596 892 3636 ea
919 3592 1041 3649 qua
1067 3579 1207 3648 apud
1239 3593 1335 3631 nos
1356 3589 1484 3630 casu
1512 3574 1663 3638 finiit,
1687 3587 1862 3627 nonne
1888 3572 2051 3625 multa

477 3677 632 3744 plena
664 3682 789 3728 sunt
810 3672 1141 3733 confusione,
1171 3668 1447 3735 multoque
1484 3665 1710 3718 tumultu
1740 3672 1795 3717 et
1842 3670 2052 3731 pertur-

477 3764 733 3819 batione?
760 3760 868 3816 Nec
893 3760 1014 3813 dico
1043 3759 1214 3812 solum
1239 3766 1387 3818 casu,
1409 3754 1502 3809 sed
1526 3754 1686 3807 etiam
1709 3753 1932 3807 faciente
1956 3752 2053 3804 ali-

477 3872 608 3926 quo,
638 3868 823 3907 verum
866 3851 1093 3904 faciente
1122 3848 1240 3902 sine
1260 3856 1395 3900 arte.
1437 3844 1679 3913 Exempli
1703 3856 1862 3897 causa
1891 3859 1905 3895 :
1951 3842 2060 3896 sint

480 3950 617 4017 ligna
646 3955 701 4000 et
724 3943 944 4012 lapides,
973 3946 1026 3995 et
1054 3941 1125 3995 sit
1144 3938 1283 4002 calx,
1311 3947 1367 3992 et
1400 3936 1466 3992 iis
1489 3936 1721 4005 acceptis
1750 3934 1909 3990 homo
1927 3935 2056 3989 tedi-

482 4037 673 4092 tieaudi
687 4033 1196 4105 imperitusasdilieet
1209 4039 1263 4085 et
1274 4037 1547 4100 operetur:
1564 4040 1741 4082 annon
1752 4027 1927 4081 omnia
1943 4040 2062 4095 per-

481 4130 561 4184 dit
574 4139 626 4183 et
646 4125 961 4195 corrumpit?
977 4124 1201 4185 Rursus,
1218 4123 1287 4175 sit
1304 4122 1453 4175 navis
1467 4120 1668 4189 absque
1687 4119 2059 4189 gubernatore,

483 4235 600 4290 qua
633 4220 809 4272 omnia
830 4216 1021 4270 habent
1059 4228 1176 4282 qum
1193 4220 1402 4283 Oportet
1426 4211 1621 4265 habere
1651 4222 1842 4264 navem
1870 4216 2065 4279 prteter

483 4310 913 4382 gubernatorem.
933 4319 1035 4359 non
1058 4306 1177 4359 dico
1194 4314 1300 4357 non
1318 4306 1591 4369 instructa,
1611 4302 1702 4357 sed
1727 4318 1793 4357 ne
1810 4304 2062 4356 instructa

486 4400 701 4470 quidem
724 4397 917 4468 poterit
943 4394 1225 4466 navigare?
1251 4394 1318 4449 Et
1335 4404 1473 4449 terra
1494 4408 1613 4463 qua:
1633 4402 1716 4447 est
1733 4400 1896 4457 tanta,
1920 4402 2068 4447 stans

488 4506 649 4561 super
674 4503 887 4558 aquam,
910 4487 1111 4556 absque
1137 4486 1313 4555 aliqua
1344 4498 1463 4555 qua
1487 4487 1755 4538 contineat
1784 4488 2064 4553 potestate,

491 4592 637 4637 tanto
662 4593 900 4649 tempore
914 4588 1019 4634 stat
1041 4578 1226 4631 firma?
1250 4576 1483 4630 hmccine
1503 4576 1662 4629 ullam
1693 4575 1888 4629 habent
1908 4574 2071 4628 ratio-

492 4672 646 4726 nem?
662 4680 711 4725 et
732 4671 849 4723 haec
868 4669 1100 4737 cogitare
1127 4676 1302 4720 nonne
1325 4675 1407 4720 est
1426 4667 1643 4720 omnino
1670 4664 1981 4720 ridiculum?
2006 4664 2072 4719 Et

491 4764 534 4818 si
556 4779 693 4832 aqua
708 4761 871 4814 etiam
886 4758 987 4813 fert
1006 4759 1217 4822 caelum,
1231 4766 1356 4811 ecce
1376 4757 1517 4811 aliud
1534 4773 1670 4812 onus
1690 4776 1703 4813 :
1723 4759 1766 4811 si
1788 4768 1963 4812 autem
1975 4772 2074 4813 ca:-

497 4856 605 4909 lum
632 4864 845 4923 quoque
872 4848 1073 4904 feratur
1098 4849 1149 4901 in
1180 4862 1338 4914 aqua,
1369 4854 1554 4901 rursus
1579 4848 1680 4901 alia
1710 4851 1951 4916 quzcstio.
1967 4846 2073 4903 Sed

497 4955 663 5001 totum
686 4959 817 5013 opus
846 4952 924 4997 est
958 4940 1321 5011 providentur.
1354 4938 1483 4993 Nam
1510 4955 1627 5009 qua:
1655 4938 1892 4994 feruntur
1915 4955 2075 5011 super

498 5051 690 5107 aquas,
720 5050 825 5089 non
847 5040 1191 5103 Oportetesse
1214 5031 1451 5093 incurva,
1477 5029 1568 5084 sed
1593 5038 1842 5085 concava.
1867 5032 2075 5099 Quare?

496 5127 754 5193 Quoniam
786 5138 984 5193 corpus
1018 5122 1232 5192 quidem
1271 5120 1492 5176 concavi
1538 5129 1704 5173 totum
1749 5120 2077 5192 immergitur

502 5219 556 5270 in
585 5217 738 5286 aquis
760 5225 1025 5283 tanuguam
1048 5214 1101 5268 in
1124 5227 1293 5267 nave:
1324 5213 1523 5266 incurvi
1550 5223 1724 5266 autem
1747 5227 1939 5282 corpus
1956 5213 2074 5284 qui-

498 5308 621 5361 dem
662 5314 828 5359 totum
877 5316 956 5359 εει
987 5319 1239 5375 superne,
1268 5314 1510 5358 extrema
1542 5316 1718 5357 autem
1760 5304 1932 5357 solum
1972 5305 2073 5358 im-

500 5395 734 5467 pendent
765 5404 819 5447 et
845 5396 1129 5463 attingunt.
1160 5396 1219 5447 Ei
1248 5408 1374 5463 ergo
1399 5408 1531 5464 opus
1563 5404 1641 5447 est
1672 5409 1895 5463 corpore
1918 5394 2073 5459 duro,

502 5486 805 5547 resistente,
831 5492 888 5539 et
919 5483 1059 5552 quod
1116 5485 1280 5551 possit
1320 5488 1615 5550 continere,
1668 5492 1724 5536 ut
1766 5485 1901 5538 ferat
1941 5499 2076 5538 onus

502 5578 833 5645 impositum.
875 5574 944 5629 At
971 5588 1063 5628 aer
1083 5574 1183 5628 fert
1205 5575 1431 5627 ca-lum?
1456 5576 1560 5630 Sed
1590 5577 1634 5629 is
1654 5582 1735 5631 est
1754 5592 1889 5645 aqua
1912 5576 2078 5629 multo

511 5667 721 5722 mollior
748 5677 805 5721 et
828 5667 1019 5729 laxior,
1046 5674 1101 5720 et
1134 5674 1203 5719 ne
1247 5664 1646 5721 subtilissimum
1690 5668 1899 5736 quidem
1928 5670 2079 5740 quid-

500 5775 660 5833 quam
704 5769 879 5829 potest
902 5755 1203 5823 continere,-
1232 5756 1425 5812 nedum
1467 5768 1663 5814 tantam
1710 5763 1920 5817 molem.
1949 5762 2078 5819 0m-

1168 382 1227 438 ε.
1267 373 1543 435 ιοΑΝΝιε
1577 358 2044 427 cunvsosront
2082 357 2395 414 ARCHIEP.
2438 354 2966 414 consummes.

3587 353 3686 407 I31

2100 475 2229 527 nino
2250 475 2291 526 si
2318 473 2540 526 velimus
2566 487 2687 541 qua:
2732 480 2857 523 sunt
2885 465 3234 537 providentiae
3279 474 3332 521 et
3361 465 3608 522 universe
3633 478 3688 523 et

2099 563 2364 632 sigillalim
2413 570 2476 615 ac
2524 561 2825 615 minutatim
2857 557 3135 627 perSequi,
3170 565 3339 609 totum
3368 570 3544 612 aevum
3588 573 3689 612 nos

2101 654 2335 708 deficiet.
2367 651 2709 720 [interrogabo
2737 650 2880 703 enini
2901 662 3024 701 eum
3053 647 3141 715 qui
3166 646 3254 699 illa
3278 661 3417 699 nunc
3447 646 3639 714 qua2rit
3672 665 3686 701 :

2108 744 2360 798 Ha'cciue
2390 752 2515 795 sunt
2566 739 2913 811 providentia:
2962 752 3031 790 an
3060 737 3174 790 sine
3216 734 3590 806 providentia?
3634 735 3692 791 Si

2104 835 2322 899 dixerit,
2352 832 2466 887 Non
2507 840 2633 885 sunt
2678 828 3026 899 providentia:
3054 844 3069 882 :
3102 843 3288 883 rursus
3315 842 3436 881 eum
3469 827 3691 897 rogabo,

2111 926 2393 994 Quomodo
2420 940 2548 995 ergo
2579 923 2713 978 facta
2742 922 2907 978 sunt?
2953 921 3059 977 Sed
3105 938 3209 976 non
3242 922 3434 991 poterit
3462 921 3694 989 ali-luam

2109 1020 2291 1075 dicere
2318 1018 2599 1072 rationem.
2638 1015 2798 1069 Multo
2836 1014 3004 1085 magis
3039 1026 3166 1083 ergo
3208 1028 3314 1067 non
3358 1012 3523 1067 debes
3551 1028 3696 1081 quae-

2110 1126 2230 1166 rere
2257 1124 2355 1165 nec
2385 1104 2595 1163 curiose
2620 1107 2872 1175 indagare
2900 1107 2965 1160 de
2993 1105 3153 1159 rebus
3179 1104 3446 1159 humanis.
3481 1104 3696 1172 Quare?

2112 1202 2373 1269 Quoniam
2416 1201 2575 1254 homo
2605 1209 2687 1255 εει
2733 1199 2816 1252 his
2845 1198 3093 1253 omnibus
3140 1197 3477 1267 ριιεειιιιιιὶοι·
3518 1206 3572 1251 ει
3598 1196 3697 1249 ho-

2113 1293 2423 1356 norabilior,
2452 1300 2506 1345 et
2534 1290 2647 1344 bare
2676 1294 2897 1359 propter
2920 1287 3068 1341 illum
3113 1285 3251 1341 facta
3280 1294 3421 1351 sunt,
3473 1300 3577 1341 non
3609 1286 3699 1341 ille

2118 1395 2333 1453 propter
2364 1383 2497 1436 lucc.

2191 1476 2244 1529 4.
2286 1473 2476 1528 Rerum
2512 1475 2825 1526 naturalia»:
2853 1487 3033 1524 causas
3078 1471 3388 1541 ignoramus.
3429 1468 3702 1523 Peccatum

2117 1567 2281 1620 solum
2315 1565 2524 1619 malum.
2547 1564 2694 1619 —Si
2726 1580 2855 1633 ergo
2881 1564 2998 1631 ejus
3024 1578 3143 1632 quae
3181 1562 3249 1617 de
3288 1562 3404 1632 ipso
3446 1569 3529 1615 est
3562 1576 3704 1616 cura:

2120 1668 2174 1714 et
2194 1657 2542 1728 providentia:
2567 1656 2740 1711 nescis
2761 1655 3076 1725 sapientiam
3100 1664 3152 1709 et
3168 1653 3702 1715 administrationem,

2119 1748 2387 1820 quomodo
2412 1748 2550 1803 seire
2576 1746 2774 1817 poteris
2792 1762 2911 1815 qua:
2936 1746 3045 1800 sint
3069 1745 3138 1801 de
3160 1745 3275 1817 ipso
3305 1743 3579 1800 rationes?
3614 1744 3708 1798 llic

2123 1841 2277 1907 mihi,
2310 1854 2406 1895 cur
2435 1841 2505 1894 ita
2536 1846 2755 1907 parvum
2785 1838 2933 1893 illum
2961 1837 3083 1892 fecit
3108 1876 3123 1903 ,
3160 1848 3214 1892 et
3236 1838 3305 1890 ita
3331 1837 3613 1891 distantem
3640 1835 3709 1889 ab

2124 1932 2402 1985 altitudine
2430 1930 2567 1996 creli,
2593 1937 2647 1983 ut
2674 1928 2741 1983 de
2769 1929 2833 1983 iis
2861 1944 2980 1998 qua:
3003 1943 3236 1998 superne
3272 1937 3532 1997 apparent
3556 1926 3712 1981 dubit-

2128 2022 2242 2079 tet?
2267 2039 2361 2077 cur
2388 2022 2631 2077 boreales
2656 2031 2712 2076 et
2739 2020 3005 2075 australes
3031 2019 3278 2089 regiones
3309 2029 3435 2073 sunt
3454 2018 3712 2073 inhabitat.

2128 2113 2303 2175 biles?
2326 2113 2416 2167 Dic
2436 2112 2583 2176 mihi,
2613 2126 2708 2165 cur
2728 2109 2864 2164 facta
2896 2120 2978 2165 est
3005 2126 3107 2163 nox
3150 2109 3324 2165 hieme
3348 2110 3560 2180 quidem
3598 2111 3713 2163 lon-

2128 2204 2265 2272 gior,
2294 2210 2480 2256 testate
2518 2210 2697 2255 autem
2741 2199 2988 2254 brevior?
3018 2216 3115 2253 cur
3141 2208 3345 2253 tantum
3381 2209 3465 2253 est
3507 2197 3712 2269 frigus?

2131 2310 2227 2349 cur
2254 2294 2453 2348 aestus?
2481 2308 2578 2367 cur
2607 2307 2801 2363 corpus
2828 2291 3092 2346 mortale?
3124 2291 3191 2346 Et
3236 2308 3266 2345 a
3314 2302 3364 2345 te
3403 2291 3714 2347 sciscitabor

2134 2388 2235 2442 alia
2264 2386 2669 2442 innumerabilia
2697 2402 2711 2450 ;
2739 2395 2791 2440 ει
2823 2384 2867 2439 si
2892 2386 3052 2448 velis,
3086 2399 3190 2437 non
3219 2383 3441 2437 cessabo
3472 2392 3523 2438 te
3551 2382 3715 2436 inter-

2134 2493 2343 2549 rogare,
2388 2487 2441 2532 et
2470 2477 2599 2532 mihi
2626 2476 2895 2531 dubitabis
2940 2476 2991 2529 in
3040 2477 3307 2530 omnibus.
3356 2474 3714 2542 Quamobrem

2136 2570 2240 2624 hoc
2267 2571 2506 2623 maxime
2533 2578 2616 2623 est
2644 2568 2993 2638 providentiae
3014 2608 3029 2631 ,
3063 2567 3203 2635 quod
3232 2582 3443 2621 arcanae
3478 2567 3585 2620 sint
3619 2580 3717 2621 no-

2140 2660 2221 2714 bis
2263 2661 2501 2713 ratioucs
2531 2669 2587 2713 et
2631 2657 2945 2713 ineffabiles.
2989 2658 3133 2710 Alias
3169 2657 3312 2711 enim
3362 2656 3721 2712 existimasset

2138 2756 2400 2825 quispiam
2428 2795 2442 2819 ,
2490 2755 2759 2808 hominem
2788 2768 2909 2809 esse
2933 2767 3148 2807 causam
3177 2751 3538 2808 universitatis
3559 2790 3577 2815 ,
3617 2749 3721 2805 nisi

2144 2844 2245 2898 hoc
2267 2858 2502 2898 nostram
2534 2843 2938 2914 compressisset
2966 2841 3387 2911 intelligentiam.
3415 2842 3505 2907 At,
3530 2840 3720 2912 inquit,

2142 2937 2232 2991 ille
2259 2946 2339 2989 est
2368 2951 2583 3005 pauper,
2625 2944 2681 2989 et
2711 2932 2906 2987 malum
2944 2944 3027 2987 est
3070 2942 3372 3003 paupertas.
3405 2931 3540 2999 Quid
3593 2948 3723 2987 vero

2143 3027 2393 3082 morbus?
2442 3027 2567 3098 quid
2603 3025 2857 3081 caecitas?
2887 3024 3027 3081 Nihil
3074 3025 3188 3079 haec
3240 3034 3398 3091 sunt,
3434 3040 3467 3080 o
3513 3024 3719 3079 homo:

2146 3136 2309 3174 unum
2340 3120 2512 3174 solum
2546 3118 2743 3172 malum
2770 3125 2872 3181 est,
2903 3131 3143 3186 peccare,
3177 3126 3231 3171 et
3255 3115 3358 3171 hoc
3388 3124 3590 3171 tantum
3629 3115 3723 3171 de-

2147 3213 2334 3267 bemus
2360 3211 2684 3265 examinare.
2714 3207 2821 3263 Sed
2852 3223 3039 3263 eorum
3087 3222 3205 3277 qua:
3251 3223 3376 3262 vere
3423 3219 3547 3262 sunt
3586 3207 3725 3262 mala

2148 3318 2337 3357 causas
2380 3302 2607 3356 scrutari
2656 3302 2951 3362 mittentes,
2998 3300 3100 3353 alia
3138 3300 3348 3355 curiose
3389 3301 3725 3370 inquirimus.

2151 3396 2257 3451 Cur
2284 3410 2442 3451 nemo
2470 3404 2709 3448 nostrum
2757 3408 3006 3461 umquam
3034 3393 3301 3447 examinat
3332 3408 3428 3448 cur
3454 3394 3728 3463 peccavit?

2151 3495 2303 3541 estne
2329 3487 2380 3539 in
2405 3500 2518 3539 mea
2551 3492 2814 3553 potestate
2839 3497 3077 3552 peccare,
3100 3485 3316 3537 annon?
3348 3485 3412 3537 lit
3442 3484 3573 3553 quid
3597 3498 3731 3554 opus

2154 3589 2235 3632 est
2264 3593 2452 3648 magna
2480 3578 2765 3632 verborum
2797 3576 2873 3630 uti
2902 3577 3255 3632 circuitione?
3289 3593 3401 3633 rem
3446 3578 3498 3632 in
3529 3579 3734 3646 meipso

2155 3684 2429 3738 quaeram:
2474 3666 2727 3737 numquid
2763 3666 3051 3737 aliquando
3076 3667 3176 3722 vici
3207 3668 3479 3722 animum?
3521 3684 3588 3723 an
3631 3669 3731 3723 ali-

2159 3758 2374 3827 quando
2402 3758 2501 3810 vici
2530 3758 2681 3822 iram,
2709 3766 2800 3811 aut
2822 3767 3039 3827 pr0pter
3069 3757 3345 3827 pudorem,
3383 3768 3476 3814 aut
3518 3768 3734 3829 propter

2158 3846 2448 3901 humanum
2488 3848 2726 3900 metum?
2770 3846 2969 3900 Deinde
2996 3857 3273 3918 postquam
3300 3848 3401 3903 hoc
3426 3846 3622 3904 factum
3650 3850 3734 3903 in.

2159 3950 2378 4001 venero,
2402 3937 2794 4006 deprehendam
2827 3953 2945 3991 esse
2972 3940 3021 3992 in
3047 3955 3162 3993 mea
3194 3949 3453 4010 potestate
3492 3956 3733 4011 peccare.

2160 4028 2331 4083 Nemo
2363 4030 2476 4082 hare
2503 4029 2813 4093 examinat,
2857 4045 3015 4083 nemo
3040 4030 3106 4085 de
3154 4032 3234 4085 his
3263 4032 3470 4086 curiose
3497 4020 3735 4103 inquirit,

2162 4121 2255 4176 sed
2288 4120 2696 4187 inconsiderate,
2731 4133 2789 4175 ιιι
2828 4132 2911 4175 εει
2944 4123 3079 4191 apud
3105 4123 3296 4178 Jobum
3320 4166 3335 4189 ,
3367 4123 3531 4181 Homo
3560 4137 3741 4182 (enters

2163 4222 2307 4267 nutat
2342 4213 2498 4267 verbis
2531 4211 2649 4285 (Job
2695 4213 2779 4267 Η.
2815 4208 2900 4268 12.
2952 4216 3003 4267 in
3048 4214 3269 4285 erco).
3306 4217 3441 4283 Quid
3472 4230 3551 4273 est
3596 4221 3740 4273 enim

2167 4304 2259 4358 tibi
2286 4319 2428 4357 cura:
2454 4320 2519 4357 an
2569 4305 2653 4357 hic
2699 4305 2766 4358 sit
2814 4310 3007 4370 ezecus,
3033 4316 3084 4359 et
3116 4307 3204 4360 ille
3258 4311 3498 4378 pauper?
3543 4310 3657 4364 Non
3692 4319 3745 4365 te

2162 4395 2321 4461 jussit
2352 4395 2492 4450 Deus
2518 4395 2619 4448 hoc
2644 4392 3002 4461 considerare,
3036 4396 3128 4449 Sed
3160 4399 3412 4466 quidnam
3442 4410 3494 4453 tu
3542 4417 3669 4471 agas
3700 4403 3739 4454 ¹.

2169 4483 2299 4538 Nam
2329 4485 2372 4537 si
2404 4494 2459 4539 tu
2485 4484 2698 4539 dubitas
2738 4486 3006 4540 mundonc
3038 4488 3217 4556 praesit
3263 4489 3437 4558 aliqua
3482 4500 3741 4559 petestas,

2168 4590 2228 4629 es
2254 4575 2490 4630 omnium
2517 4576 2911 4631 amentissimus
2943 4596 2957 4631 :
2987 4580 3069 4631 sin
3100 4586 3277 4631 autem
3308 4579 3407 4633 hoc
3431 4579 3596 4634 habes
3628 4598 3747 4649 per.

2172 4682 2410 4733 suasum,
2439 4668 2565 4737 quid
2615 4668 2825 4724 dubitas
2875 4669 3017 4740 quod
3056 4670 3167 4723 Deo
3216 4671 3425 4738 placere
3463 4674 3745 4738 Oporteat?

2174 4757 2397 4824 Gratias,
2432 4759 2621 4828 inquit,
2645 4776 2837 4830 semper
2857 4771 3055 4830 agentes
3079 4758 3185 4812 Deo
3215 4777 3305 4829 pro
3333 4762 3582 4814 omnibus.
3607 4762 3748 4816 Vade

2172 4848 2239 4904 ad
2267 4848 2536 4903 officinam
2568 4849 2781 4915 medici,
2807 4859 2859 4903 et
2886 4850 3093 4904 videbis
3124 4851 3292 4917 illum,
3323 4851 3536 4920 quando
3568 4853 3750 4907 inveu~

2176 4947 2261 4994 tus
2289 4938 2446 4994 fuerit
2470 4940 2658 5009 aliquis
2684 4941 2882 4993 habens
2909 4942 3118 5005 vulnus,
3148 4955 3330 4996 secare
3370 4952 3425 4999 et
3453 4958 3631 4997 urere.
3680 4946 3751 4998 De

2175 5042 2227 5088 te
2251 5042 2429 5086 autem
2458 5032 2559 5087 hoc
2602 5048 2705 5086 non
2732 5033 2871 5097 dico,
2906 5035 2999 5087 Sed
3028 5034 3111 5087 abi
3143 5034 3207 5089 ad
3252 5036 3519 5089 oflieinam
3569 5037 3701 5090 fabri
3735 5053 3748 5100 ;

2176 5138 2273 5179 nec
2301 5124 2371 5179 ibi
2414 5125 2636 5194 inquiris
2664 5126 2944 5188 rationem,
2980 5126 3079 5181 etsi
3108 5127 3239 5181 nihil
3267 5130 3371 5183 scis
3400 5144 3587 5183 eorum
3633 5146 3751 5199 qua:

2178 5214 2310 5269 fiunt
2336 5231 2351 5269 :
2379 5223 2433 5270 et
2464 5216 2627 5269 multa
2657 5216 2750 5269 tibi
2783 5216 3029 5269 videntur
3057 5229 3177 5270 esse
3208 5217 3365 5271 dubia
3403 5236 3415 5272 :
3456 5228 3512 5272 ut
3538 5220 3753 5288 quando

2178 5305 2378 5375 lignum
2412 5315 2607 5370 tornat,
2627 5303 2841 5375 quando
2869 5304 3209 5360 transformat
3230 5317 3285 5360 et
3314 5308 3363 5360 in
3396 5308 3554 5361 aliam
3587 5319 3755 5363 mutat

2179 5393 2424 5465 figuram.
2466 5393 2561 5449 Vel
2596 5396 2773 5465 potius
2804 5403 2856 5449 te
2896 5394 2962 5449 ad
2987 5396 3145 5449 aliam
3175 5392 3312 5449 duco
3349 5408 3519 5450 artem
3549 5397 3751 5453 facilio-

2179 5502 2312 5552 rem,
2346 5497 2402 5541 ut
2438 5487 2489 5541 in
2522 5489 2725 5556 pictura
2757 5496 2843 5541 :et
2870 5486 2978 5542 illic
3000 5486 3272 5557 caligabis.
3305 5488 3397 5542 Dic
3425 5492 3568 5543 enim
3598 5489 3745 5553 mihi,

2179 5592 2355 5632 annon
2404 5578 2496 5633 tibi
2545 5577 2938 5634 inconsiderate
2977 5578 3181 5633 videtur
3217 5578 3393 5634 facere
3430 5594 3549 5648 quae
3584 5579 3755 5633 facit?

2248 5718 2262 5747 ⁸
2289 5716 2339 5764 1η
2365 5728 2463 5763 uno
2486 5716 2660 5778 Codice
2685 5718 2967 5778 legitur.....
2994 5718 3081 5767 hoc
3106 5716 3431 5774 considerare,
3469 5729 3622 5776 neth
3657 5734 3685 5765 η
3710 5726 3756 5767 te

2181 5784 2361 5837 qua'rct
2385 5790 2471 5825 cur
2494 5776 2609 5827 talia
2631 5791 2721 5826 non
2738 5776 3067 5839 exquisivcris.
3094 5779 3179 5828 sed
3202 5792 3289 5827 cur
3312 5777 3413 5828 hac
3436 5779 3621 5840 feceris.
