4218 6266
439 411 562 449 τοτε
591 409 671 446 σοι
709 389 1014 461 φανεῖταιή
1051 389 1213 459 τέχνη
1249 387 1407 459 καλὴ,
1443 389 1534 440 καὶ
1567 388 1719 457 ὅμως
1743 388 1864 441 οὐδέ
1916 386 2011 440 οῦ-

448 494 559 540 τως
593 473 836 544 ἀκριϐῶς
865 473 1018 524 οὐδὲν
1059 472 1263 541 δυνήσῃ
1301 470 1660 540 καταμαθεῖν.
1714 470 1782 522 Τί
1830 471 1888 524 δὲ
1930 470 2023 523 ἐπὶ

453 558 723 612 τεκτόνων
753 556 898 622 λέγω
930 554 1022 608 καὶ
1051 555 1357 624 ζωγράφων
1402 553 1496 606 καὶ
1545 553 1653 605 τῶν
1685 552 2021 622 ὁμοδούλων;

463 640 529 693 Ἦ
564 641 786 710 μέλιττα
817 637 934 699 πῶς
961 635 1254 709 ἐργάζεται
1293 637 1418 699 τοὺς
1448 635 1730 704 σίμϐλους,
1756 636 1876 689 είπέ
1908 654 2020 707 μοι,

447 723 545 776 καὶ
564 723 684 775 τότε
721 720 972 794 καὶπερὶ
1027 718 1163 771 Θεοῦ
1217 720 1380 789 ἐρεῖς.
1417 718 1539 770 Τῶν
1576 720 1883 788 μυρμήκων
1925 717 2024 790 τὴν

443 804 708 876 ἐργασίαν
729 801 1033 873 κατάμαθε.
1057 801 1152 854 τοῦ
1179 801 1437 872 ἀράχνου,
1453 801 1554 870 τῆς
1571 800 1620 872 [1
1634 801 1723 874 40]
1739 802 2022 872 χελιδόνος,

445 893 538 950 καὶ
565 888 686 952 τότε
741 888 915 959 ἐρεῖς,
963 886 1058 939 καὶ
1097 888 1224 957 περὶ
1279 885 1436 942 Θεοῦ.
1478 889 1574 939 Ἂν
1601 884 1666 964 ᾗς
1698 887 1878 956 σοφὸς,
1903 886 2026 940 εἰπέ

449 991 538 1044 μοι
593 970 787 1024 ταῦτα·
823 969 940 1022 ἀλλ’
978 970 1079 1033 οὐκ
1111 970 1178 1024 ἂν
1215 969 1380 1044 έχοις.
1412 971 1485 1024 Οὐ
1536 970 1722 1044 παύσῃ
1777 966 1892 1031 οῦν,
1935 970 2027 1024 άν-

445 1056 653 1127 θρωπε,
703 1053 774 1112 τὰ
829 1052 1060 1123 περιττά
1137 1053 1349 1123 ζητῶν;
1408 1053 1643 1113 περιττά
1695 1053 1806 1122 γάρ
1857 1055 2027 1116 δντως

443 1137 640 1200 ταῦτα·
673 1137 735 1188 οὐ
772 1135 960 1208 παύσῃ
995 1135 1118 1204 είκῆ
1176 1135 1684 1210 πολυπραγμονῶν;
1731 1135 1899 1194 Οὐδὲν
1927 1136 2026 1204 τῆς

446 1219 688 1292 ἀμαθίας
719 1218 920 1288 ταύτης
948 1217 1253 1294 σοφώτερόν
1276 1220 1518 1282 ἐστιν,ἐν
1539 1212 1620 1281 οἷς
1650 1218 1698 1277 οἱ
1732 1217 1830 1288 μὲν
1856 1219 2028 1285 ἐπαγ-

445 1303 766 1372 γελλόμενοι
805 1300 970 1371 μηδὲν
1010 1300 1230 1362 εἰδέναι,
1266 1299 1568 1368 σοφώτατοι
1618 1301 1834 1353 πάντων
1861 1299 2024 1364 εἰσὶν,

444 1389 496 1440 οί
521 1388 576 1442 δὲ
598 1384 1120 1456 περιεργαζόμενοι,
1141 1383 1490 1455 ἀνοητότεροι
1508 1382 1614 1436 τῶν
1630 1383 1845 1436 πάντων
1863 1381 2022 1435 είσίν.

452 1472 613 1522 Ὥστε
639 1469 701 1522 οὐ
732 1465 1007 1536 πανταχοῦ
1034 1466 1094 1518 10
1123 1464 1554 1534 ἐπαγγέλλεσθαι
1574 1464 1788 1526 εἰδέναι,
1814 1463 2025 1532 σοφίας,

447 1552 562 1604 ἀλλ’
603 1551 750 1604 ἔστιν
780 1550 914 1602 ὅπου
954 1549 1048 1601 καὶ
1083 1547 1292 1621 μωρίας
1321 1547 1489 1600 ἐστίν.
1525 1545 1662 1600 Εἰπὲ
1699 1546 1806 1615 γάρ
1835 1561 1949 1614 μοι,
1979 1545 2029 1596 εί

446 1635 540 1687 δύο
583 1633 746 1686 τινῶν
787 1631 1088 1702 ἀνθρώπων
1121 1631 1290 1692 ὄντων
1318 1631 1346 1682 ὁ
1379 1629 1476 1697 μὲν
1507 1628 1893 1696 ἐπαγγέλλοιτο
1938 1627 2030 1680 τὸν

447 1717 556 1772 ἀπὸ
585 1717 686 1786 τῆς
723 1717 825 1784 γῆς
852 1707 930 1777 είς
963 1713 1056 1766 τὸν
1091 1713 1318 1781 οὐρανὸν
1341 1713 1478 1781 ἀέρα
1529 1712 1880 1788 διατρέχοντα
1935 1727 2032 1780 με·-

448 1804 622 1873 τρεῖν,
659 1800 898 1870 σχοίνους
935 1797 1200 1860 ἐκτείνας,
1234 1799 1262 1849 ὁ
1288 1797 1343 1850 δὲ
1373 1796 1690 1864 καταγελῶν
1729 1795 1823 1849 καὶ
1851 1795 1926 1866 μὴ
1951 1796 2030 1846 εί-

447 1885 594 1938 ὃέναι
612 1883 769 1953 φαίη,
785 1883 904 1934 τίνα
923 1880 1285 1950 γελασόμεθα,
1315 1879 1436 1932 εἰπέ
1466 1896 1556 1950 μοι
1577 1897 1590 1944 ;
1622 1877 1713 1930 τὸν
1731 1879 1926 1930 εἰδέναι
1948 1877 2033 1930 λέτ

449 1983 634 2035 γοντα.
679 1965 713 2034 ἦ
760 1963 850 2016 τὸν
884 1962 1182 2031 ἀγνοοῦντα
1205 1979 1218 2027 ;
1245 1960 1498 2032 Δηλονότι
1524 1960 1615 2013 τὸν
1636 1959 1866 2027 λέγοντα
1897 1960 2032 2012 εἰδέ-

447 2065 557 2102 ναι.
579 2044 789 2100 Οὐκοῦν
805 2045 834 2096 ὁ
859 2045 1068 2112 ἀγνοῶν
1122 2043 1217 2096 τοῦ
1245 2042 1615 2120 ὑποσχομένου
1638 2042 1836 2095 εἰδέναι
1859 2041 2033 2109 σοφώ-

445 2147 622 2202 τερος.
652 2129 717 2182 Τί
756 2129 835 2188 δὲ.
873 2127 1022 2191 είτις
1069 2125 1460 2199 ἐπαγγέλλοιτο
1501 2124 1679 2193 λέγειν
1716 2125 1872 2186 ὅσους
1919 2124 2031 2193 ἔχει

448 2213 728 2280 κυάθουςὴ
743 2212 1005 2269 θάλασσα.
1023 2209 1109 2262 ’έτε
1119 2227 1206 2278 ρος
1217 2209 1274 2262 δὲ
1290 2210 1523 2276 ἀγνοεῖν,
1541 2209 1600 2260 οὐ
1615 2208 1775 2260 πάλιν
1797 2208 1830 2278 ἠ
1844 2206 2032 2274 ᾅγνοια

447 2298 548 2367 τῆς
577 2293 833 2368 είδήσεώς
853 2296 970 2345 ἐστι
995 2293 1307 2363 σοφωτέρας
1345 2291 1557 2362 Σφόδρα
1587 2308 1671 2358 γε.
1705 2292 1770 2343 Τί
1803 2289 2028 2361 δήποτε;

465 2379 684 2447 Ἐπειδὴ
728 2375 956 2442 κάκείνη
979 2374 1174 2454 ἀγνοιά
1208 2376 1356 2427 ἐστιν
1406 2374 1793 2443 ἐπιτεταμένη.
1832 2373 1889 2426 Ὀ
1932 2373 2032 2454 μὲν

451 2461 561 2530 γὰρ
591 2459 767 2527 λέγων
785 2453 1022 2524 ἀγνοεῖν,
1040 2452 1148 2509 οἶδέ
1175 2473 1226 2509 τι
1247 2455 1431 2526 μέρος.
1451 2457 1608 2508 Ποῖον
1631 2455 1694 2527 δὴ
1707 2456 1863 2508 τοῦτο
1886 2452 2031 2521 ;’⁹Οτι

452 2542 835 2611 ἀκατάληπτον
856 2539 952 2593 ἀνθ
961 2538 1150 2613 ρώπῳ*
1171 2538 1392 2608 καὶγὰρ
1408 2538 1466 2590 οὐ
1489 2539 1684 2609 μικρὸν
1705 2537 1884 2592 τοῦτο.
1901 2539 1958 2590 ’0
1974 2538 2032 2600 δὲ

452 2625 628 2692 λέγων
653 2622 873 2688 εἰδέναι,
898 2623 1106 2684 ἐκεῖνος
1138 2620 1378 2690 μάλιστα
1400 2622 1501 2673 οὐκ
1537 2617 1677 2674 οἶδεν
1705 2621 1733 2673 ὃ
1771 2620 1918 2688 λέγει
1957 2622 2033 2673 εί-

453 2709 626 2770 δέναι,
666 2706 758 2759 καὶ
790 2705 879 2758 διὰ
911 2703 1070 2757 τοῦτο
1099 2702 1231 2767 αὐτό
1261 2702 1381 2754 ἐστι
1399 2702 1820 2769 καταγέλαστος.
1849 2703 2031 2772 Οίμοι,

453 2791 641 2853 πόσοις
667 2786 1032 2859 παιδευόμεθα
1048 2787 1150 2856 τὴν
1174 2786 1708 2856 πολυπραγμοσύνην
1741 2785 1840 2854 τὴν
1876 2785 2034 2840 άκαι-

458 2890 570 2947 ρον,
601 2873 697 2926 καὶ
711 2872 811 2941 τὴν
829 2869 1151 2947 περιεργίαν
1175 2867 1446 2945 χαλινοῦν,
1472 2867 1569 2920 καὶ
1583 2868 1682 2920 οὐκ
1697 2867 2030 2938 ἀνεχόμεθα,

453 2941 590 3018 ἀλλά
614 2955 741 3018 τοὺς
792 2941 1000 3024 ἐτέρων
1033 2941 1511 3026 περιεργαζόμεθα
1561 2951 1730 3020 βίους,
1768 2951 1859 3004 διὰ
1914 2951 1968 3004 τί
2001 2953 2030 3006 ὁ

453 3039 600 3098 δεῖνα
643 3037 839 3117 πηρδς,
874 3035 964 3098 διὰ
993 3035 1045 3088 τί
1074 3037 1246 3106 πένης
1266 3037 1294 3088 ό
1326 3035 1508 3102 δεῖνα;
1537 3033 1746 3117 Οὐκοῦν
1769 3033 1846 3104 τῷ
1887 3033 2031 3104 λόγῳ

454 3121 628 3192 τούτῳ
654 3116 752 3173 καὶ
801 3121 880 3183 είς
910 3120 1097 3187 ἕτερον
1145 3117 1528 3193 ἐκπεσούμεθα
1561 3116 1748 3187 λῆρον,
1793 3117 1880 3170 διά
1915 3117 1967 3170 τί
1997 3119 2030 3186 ή

454 3205 601 3257 δεῖνα
629 3203 788 3272 γυνὴ,
813 3203 906 3255 καὶ
931 3202 1007 3272 μὴ
1027 3202 1229 3264 πάντες
1255 3201 1467 3272 ἄνδρες,
1506 3199 1595 3254 διὰ
1616 3200 1668 3253 τί
1694 3201 1836 3264 ὕνος,
1865 3200 1954 3254 διὰ
1976 3199 2029 3252 τί

467 3287 615 3356 βοῦς,
637 3285 725 3338 διὰ
751 3285 802 3338 τί
827 3285 994 3350 κύων,
1024 3283 1113 3349 διά
1137 3283 1190 3337 τί
1218 3283 1379 3346 λύκος
1400 3301 1414 3349 ;
1436 3282 1525 3336 διὰ
1570 3282 1623 3334 τί
1669 3282 1838 3349 λίθος,
1864 3282 1952 3336 διὰ
1979 3280 2032 3334 τί

459 3369 589 3434 ξύλα
613 3385 627 3433 ;
659 3369 756 3422 καὶ
779 3369 858 3432 είς
876 3367 1100 3438 ἄπειρον
1126 3368 1439 3420 ἐκπεσεῖται
1471 3366 1645 3437 μῆκος
1670 3367 1698 3419 ό
1723 3365 1900 3433 λόγος.
1934 3363 2033 3418 Διά

456 3469 538 3505 τοι
563 3451 721 3505 τοῦτο
750 3451 927 3514 ὁΘεὸς
946 3451 1122 3522 μέτρα
1151 3450 1251 3520 τῆς
1281 3449 1537 3519 γνώσεως
1577 3451 1710 3520 ἡμῖν
1760 3446 2030 3520 ἀφώρισε,

459 3534 554 3588 καὶ⁸
569 3535 627 3586 ἐν
654 3535 724 3602 τῇ
757 3533 916 3602 φύσει
945 3532 1294 3586 κατεϐάλετο.
1333 3532 1443 3585 Καὶ
1480 3531 1579 3585 θέα
1625 3550 1717 3602 μοι
1747 3531 1846 3602 τὴν
1869 3532 2034 3584 πολυς

461 3615 854 3690 πραγμοσύνην
889 3615 986 3682 τὴν
1009 3613 1227 3682 πολλήψ
1252 3614 1333 3665 ὅτι
1359 3614 1611 3666 τοσοῦτον
1636 3612 1769 3682 ῦψος
1799 3614 2032 3684 ὁρῶντες

461 3697 568 3750 ἀπὸ
593 3697 691 3766 τῆς
721 3696 823 3763 γῆς
859 3697 936 3757 είς
965 3693 1056 3745 τὸν
1086 3693 1338 3764 οὐρανὸν,
1390 3696 1483 3758 καὶ
1525 3696 1676 3748 οὐδὲν
1709 3695 2029 3765 πάσχοντες,

460 3784 588 3838 ὅταν
617 3783 696 3843 είς
713 3780 921 3851 πύργον
947 3777 1260 3842 ἀνελθόντες
1275 3779 1478 3850 ὑψηλὸν
1509 3779 1828 3850 θελήσωμεν
1860 3798 2031 3835 κατα·-

461 3864 650 3918 νεῦσαι
675 3863 824 3916 κάτω
845 3862 1040 3930 μικρὸν
1065 3861 1507 3930 κατακύψαντες,
1534 3861 1742 3929 ἴλιγγός
1779 3878 1861 3925 τις
1887 3864 2032 3933 ἡμᾶς

460 3945 660 4010 ε’ῗθέως
693 3943 787 3998 καὶ
822 3943 1121 4008 σκοτοδινία
1167 3944 1452 4014 λαμϐάνει.
1495 3945 1627 3998 Εἰπέ
1659 3961 1751 4014 μοι
1792 3945 1856 4018 δὴ
1904 3947 2029 4012 τού-

458 4046 554 4082 του
591 4029 688 4100 τὴν
718 4028 918 4081 αίτίανο
950 4027 1065 4081 ἀλλ’
1089 4028 1190 4080 οὐκ
1238 4026 1303 4082 ἀν
1350 4026 1552 4099 εῦροις·
1589 4027 1679 4094 διὰ
1729 4027 1783 4079 τί
1811 4029 2032 4103 μείζονα

457 4113 731 4183 ὀφθαλμὸς
767 4111 879 4181 ἔχει
929 4112 1026 4183 τὴν
1069 4111 1242 4182 ίσχὺν,
1287 4112 1381 4166 καὶ
1413 4111 1517 4164 ὑπὸ
1549 4109 1658 4165 τῶν
1699 4112 2031 4186 πορρωτέρω

459 4196 751 4266 κατέχεται
773 4211 788 4260 ;

536 4361 598 4408 ε’.
627 4354 740 4417 Καὶ
766 4354 858 4407 ἐπὶ
879 4352 979 4426 τῆς
1011 4354 1177 4425 ἀκοῆς
1207 4354 1408 4426 ὁμοίως
1443 4354 1574 4409 αὐτὸ
1603 4355 1703 4408 ῐδοι
1727 4372 1809 4420 τις
1838 4356 1922 4411 άν.
1955 4356 2030 4409 Οὐ

468 4434 574 4505 γὰρ
618 4433 683 4490 ἄν
729 4449 810 4499 τις
847 4432 970 4486 οὐτε
1018 4432 1211 4504 βοῆσαι
1252 4435 1539 4504 δυνήσεται
1585 4434 1858 4494 τοσοῦτον,
1890 4436 2030 4489 ὥστε

461 4515 734 4586 ἐμπλῆσαι
761 4517 853 4570 τὸν
879 4518 1036 4587 ἀέρα,
1075 4518 1200 4571 δσον
1235 4517 1523 4587 δυνήσεται
1556 4519 1586 4570 δ
1635 4517 1909 4588 ὀφθαλμὸς
1932 4537 2032 4572 κα-

458 4601 698 4668 τασχεῖν,
737 4598 860 4651 οὔτε
890 4599 1116 4652 ἀκοῦσαι
1143 4601 1206 4652 ἐκ
1221 4599 1590 4668 διαστήματος
1620 4599 1896 4654 τοσούτου.
1931 4601 2031 4656 Διά

459 4682 511 4738 τί
547 4683 622 4752 μὴ
664 4683 838 4734 πάντα
867 4681 934 4732 τά
969 4681 1105 4750 μέλη
1157 4681 1374 4750 ἰσότιμά
1405 4683 1552 4739 ἐστι;
1583 4682 1670 4736 διὰ
1701 4684 1754 4735 τί
1791 4685 1864 4755 μὴ
1902 4684 2029 4754 μίαν

459 4764 620 4817 ἔλαϐε
651 4764 842 4833 χρείαν
877 4763 1010 4832 μηδέ
1047 4762 1270 4833 χώρανξ
1302 4765 1410 4816 Καὶ
1439 4763 1649 4826 Παῦλος
1670 4764 1842 4819 ταῦτα
1866 4767 2028 4835 ἠρεύο

459 4859 610 4913 νησε,
646 4842 846 4913 μᾶλλον
892 4841 947 4893 δὲ
982 4842 1080 4894 οὐκ
1109 4839 1378 4911 ἠρεύνησε
1411 4841 1594 4908 (σοφὸς
1624 4843 1752 4911 γὰρ)
1781 4884 1792 4904 ,
1821 4839 1889 4913 ἦν
1916 4846 2028 4897 ἀλλ’

458 4922 539 4982 είς
564 4918 722 4973 τοῦτο
740 4917 998 4988 ἐμπεσὼν
1027 4917 1088 4970 10
1116 4917 1334 4986 χωρίον,
1374 4918 1557 4986 φησίν·
1603 4919 1903 4972 Ἕκαστον
1931 4924 2033 4976 αὐ-

457 5000 577 5054 τῶν
603 5000 816 5073 [ἔθετο]
844 5000 1037 5066 καθὼς
1062 5000 1344 5066 ἠθέλησε’
1377 4999 1455 5069 τῷ
1482 5000 1746 5070 θελήματι
1777 5003 1941 5065 αὐτοῦ
1971 5005 2030 5057 10

457 5085 566 5135 πᾶν
614 5083 934 5152 ἐπέτρεψεν.
987 5081 1198 5136 Οὐκοῦν
1250 5083 1344 5135 καὶ
1399 5084 1557 5152 ἡμεῖς
1612 5083 1794 5152 ζητεῖν
1858 5085 2031 5140 ταῦτα

457 5163 707 5232 ἀφέντες,
755 5166 914 5232 μόνον
962 5163 1378 5236 εὐχαριστῶμεν
1422 5165 1562 5237 ὑπὲρ
1608 5166 1893 5220 ἁπάντων·
1929 5168 2030 5222 Διά

455 5240 633 5306 τοῦτο,
695 5244 878 5311 φησὶν,
940 5245 1310 5316 εὐχαριστεῖτε
1362 5245 1502 5316 ύπέρ
1554 5245 1700 5319 [Ml]
1752 5248 2026 5302 ἁπάντων.

455 5320 626 5380 Τοῦτο
647 5322 989 5391 εὐγνώμονος
1016 5328 1249 5390 οἰκέτου,
1282 5327 1442 5381 τοῦτο
1475 5328 1661 5397 σοφοῦ,
1685 5329 1842 5382 τοῦτο
1878 5346 2027 5382 συνεο

453 5402 568 5466 τοῦ·
599 5406 774 5457 ἐκεῖνο
798 5405 853 5457 δὲ
877 5406 1038 5459 λάλου
1085 5409 1178 5460 καὶ
1223 5409 1395 5480 ἀργοῦ
1440 5410 1532 5462 καὶ
1576 5413 1885 5484 περιέργου.
1916 5414 2028 5483 Οὐχ

452 5487 586 5556 δρᾷς
615 5489 674 5539 ἐν
722 5489 833 5550 τοῖς
887 5489 1146 5554 οἰκέταις,
1177 5491 1259 5543 ὅτι
1288 5494 1338 5544 οί
1376 5493 1476 5562 μὲν
1524 5497 1892 5548 κατάπτυστοι
1919 5495 2027 5550 τῶν

454 5568 678 5627 οἰκετῶν
700 5568 938 5639 οὐδαμοῦ
973 5571 1234 5641 χρήσιμοι
1262 5572 1412 5627 λάλοι
1433 5573 1492 5628 τέ
1520 5577 1624 5629 είσι
1655 5577 1746 5629 καὶ
1777 5577 2022 5650 φλύαροι,

457 5650 546 5712 καὶ
576 5651 642 5710 τὰ
681 5650 791 5711 τῶν
811 5651 1091 5712 δεσποτῶν
1127 5655 1598 5724 περιεργάζονται,
1639 5659 1780 5736 ἅπερ
1827 5662 2022 5714 ἐκεῖνοι

1131 272 1187 331 S.
1229 268 1519 329 JOANNIS
1554 254 2059 324 οιιῐιγδοδτσκι
2097 264 2431 324 ARCHIEP.
2470 267 3028 328 CONS’IANTINOP.

3605 280 3708 336 1M

2126 384 2392 457 κρύπτειν
2423 386 2730 440 ἐθέλουσιν⁹
2779 390 2829 440 οί
2882 390 2940 442 δὲ
2988 392 3201 445 συνετοὶ
3229 393 3326 446 καὶ
3361 391 3706 466 εὐγνώμονες

2123 469 2262 540 πρὸς
2289 469 2347 522 ἓν
2378 470 2540 542 μόνον
2585 472 2810 541 ὁρῶσιν,
2858 473 3008 537 ὅπως
3057 475 3236 532 αὐτῶν
3287 475 3386 546 τὴν
3434 477 3708 532 διακονίαν

2126 551 2448 620 πληρῶσιν;
2487 553 2546 605 '0
2575 554 2744 608 πολλά
2790 555 3162 626 φθεγγόμενος
3205 559 3358 613 οὐδὲν
3389 560 3702 630 ἐργάζεται·

2124 631 2318 704 ὥσπερ
2337 636 2366 687 ὁ
2393 635 2562 692 πολλὰ
2593 637 2962 706 ἐργαζόμενος
2993 640 3146 692 οὐδὲν
3200 640 3502 710 φθέγγεται
3549 645 3706 700 ἀκαιφ

2133 732 2246 786 ρον.
2283 716 2383 770 Διά
2416 718 2574 772 τοῦτο
2595 720 2622 770 ὁ
2647 719 2855 783 Παῦλος
2882 720 3034 790 έλεγε
3062 723 3189 793 περὶ
3214 725 3401 795 χηρῶν
3435 726 3663 796 γράφων
3688 743 3702 758 ο

2123 797 2206 850 Οὐ
2239 797 2436 866 μόνον
2463 796 2531 850 δὲ
2545 798 2719 868 ἀργαί
2736 799 3183 869 μανθάνουσιν,
3213 803 3491 858 ἀλλὰκαὶ
3510 807 3707 874 φλύα-

2122 895 2242 947 pm.

2209 1038 2343 1124 Είπέ
2374 1039 2435 1109 δή
2461 1057 2582 1124 μοι,
2607 1042 2758 1096 ποῖόν
2802 1043 2919 1104 ἐστι
2945 1043 3108 1103 πλέον
3161 1043 3223 1098 τδ
3283 1046 3468 1118 μέσον,
3502 1049 3562 1104 10
3606 1049 3707 1124 τῆς

2128 1121 2404 1198 ἡμετέρας
2424 1123 2637 1192 ἡλικίας
2670 1125 2805 1195 πρὸς
2829 1127 3049 1198 τὴντῶν
3073 1128 3296 1196 παίδων,
3323 1130 3430 1202 ἢτδ
3451 1130 3544 1193 τοῦ
3569 1121 3705 1195 Θεοῦ

2129 1205 2269 1276 πρδς
2297 1205 2396 1276 τὴν
2425 1207 2533 1264 τῶν
2568 1207 2903 1278 ἀνθρώπωνς
2937 1209 3000 1263 10
3030 1210 3302 1284 ἡμέτερον
3336 1213 3475 1285 πρὸς
3517 1215 3703 1276 κώνω⁹

2129 1286 2318 1356 πας,ἧ
2377 1287 2470 1350 τοῦ
2517 1288 2651 1341 Θεοῦ
2707 1289 2843 1360 πρὸς
2895 1293 3078 1364 ήμᾶς;
3134 1293 3366 1367 Εὔδηλον
3395 1297 3474 1350 ὅτι
3516 1297 3577 1350 10
3609 1297 3702 1350 τοῦ

2129 1367 2266 1451 θεοῦ
2300 1370 2438 1441 πρὸς
2460 1372 2628 1443 ἡμᾶς.
2663 1373 2728 1424 Τί
2769 1369 2863 1426 οῦν
2907 1376 2970 1428 σὺ
3010 1375 3266 1437 τοσοῦτον
3327 1379 3700 1451 περιεργάζῃ;

2132 1450 2460 1525 Εὐχαρίστει
2491 1455 2630 1525 ὑπὲρ
2683 1457 2960 1512 ἁπάντων.
3011 1459 3075 1511 Τί
3101 1454 3214 1522 οὖν,
3251 1458 3317 1513 ἂν
3355 1461 3550 1531 Ἕλλην
3577 1450 3704 1533 ἔρη-

2129 1549 2238 1599 ται,
2273 1538 2427 1610 φησὶ,
2453 1539 2568 1606 πῶς
2609 1540 3042 1612 ἀποκρινοῦμαι;
3076 1542 3322 1612 βούλεται
3358 1546 3550 1617 μαθεῖν
3573 1549 3702 1618 παρ’

2131 1619 2288 1692 ἐμοῦ,
2318 1622 2366 1673 εί
2399 1619 2512 1674 ἔστι
2544 1623 2791 1693 πρόνοια,
2827 1625 2987 1687 αὐτὸς
3018 1628 3125 1697 γὰρ
3147 1627 3206 1680 οὐ
3236 1646 3399 1698 φησιν
3420 1627 3558 1684 εἷναί
3582 1649 3702 1685 τινα

2131 1703 2226 1755 τὸν
2284 1705 2640 1775 προνοοῦντα.
2702 1709 2910 1761 Οὐκοῦν
2969 1713 3380 1785 μεταστρέψας,
3427 1714 3704 1785 ἐρώτησον

2132 1787 2296 1840 αὐτὸν
2323 1789 2417 1842 καὶ
2447 1788 2534 1845 σύ.
2585 1790 2726 1843 Ἀλλ’
2757 1789 2821 1868 06
2856 1809 3018 1861 φησιν
3075 1790 3215 1847 εἶναι
3261 1797 3534 1868 πρόνοιαν.
3579 1799 3702 1854 Ὅτι

2135 1870 2234 1949 μ’ὲν
2262 1870 2378 1933 ἐστι
2409 1873 2654 1951 πρόνοια,
2704 1873 2764 1937 ἐξ
2797 1867 2872 1926 ὧν
2913 1870 3094 1939 εἴπας,
3141 1867 3316 1948 δῆλονέ
3371 1880 3451 1942 ὅτι
3484 1881 3540 1934 δὲ
3571 1882 3704 1951 άλη-

2133 1948 2286 2020 πτος,
2311 1955 2371 2038 ἐξ
2400 1950 2474 2009 ῶν
2501 1957 2600 2027 οὐχ
2630 1957 2958 2029 εὑρίσκομεν
2981 1959 3071 2013 τὸν
3099 1960 3273 2029 λόγον.
3312 1963 3374 2022 El
3407 1965 3513 2038 γὰρ
3543 1966 3600 2018 ὲν
3622 1948 3702 2030 οἷς

2131 2037 2422 2100 διοικοῦσιν
2479 2039 2757 2108 ᾇνθρωποι
2818 2041 2916 2101 οὐκ
2969 2043 3128 2113 ἴσμεν
3186 2044 3274 2097 τὸν
3333 2046 3535 2116 τρόπον
3603 2048 3702 2115 τῆς

2131 2121 2451 2190 διοικήσεως
2483 2122 2767 2187 πολλάκις,
2820 2125 2997 2186 καίτοι
3054 2124 3114 2196 ἐξ
3148 2127 3327 2180 αὐτῶν
3359 2129 3530 2182 πολλά
3569 2132 3701 2200 ἡμῖν

2132 2199 2453 2264 εἶναιδοκεῖ
2499 2207 2591 2256 καὶ
2644 2204 2841 2263 ἄτοπα.
2896 2208 2992 2260 καὶ
3042 2210 3498 2281 παραχωροῦμεν,
3551 2199 3702 2280 πόσῳ

2137 2286 2336 2359 μᾶλλον
2367 2287 2457 2338 ἐπὶ
2479 2285 2647 2350 θεοῦς
2691 2286 2829 2340 Ἀλλ’
2858 2289 3009 2352 οὐδὲν
3056 2291 3147 2353 ἐπὶ
3193 2291 3327 2345 Θεοῦ
3357 2293 3556 2346 άτοπον
3579 2294 3699 2346 οὐττ

2132 2369 2300 2432 ἐστὶν,
2332 2367 2456 2422 οὔτε
2489 2369 2636 2430 δοκεῖ
2666 2371 2779 2434 τοῖς
2836 2375 3070 2436 πιστοῖς,
3128 2373 3218 2436 Διὸ
3261 2375 3402 2447 ὑπὲρ
3444 2377 3702 2436 ἁπάντων

2134 2453 2567 2523 εὐχαριστῶμεν,
2633 2453 2772 2524 ὑπὲρ
2829 2455 3085 2509 ἁπάντων
3137 2455 3446 2528 δοξάζωμεν
3517 2460 3699 2524 αὐτόν,

2144 2533 2666 2602 ’Υποτιισσόμενοι
2694 2535 3012 2603 ἀλλήλοις,
3036 2539 3219 2606 φησὶν,
3244 2539 3314 2592 ἐν
3339 2541 3500 2608 φόϐῳ
3529 2540 3697 2594 Θεοῦ.

2133 2615 2198 2668 Εί
2227 2615 2335 2686 γὰρ
2364 2616 2431 2668 δι’
2460 2615 2698 2696 ἄρχοντα
2733 2617 3029 2692 ὐποτάττῃ,
3060 2619 3094 2687 ἢ
3120 2620 3206 2680 διὰ
3239 2623 3516 2696 χρήματα,
3561 2623 3594 2695 ἢ
3635 2622 3702 2675 δι’

2137 2699 2293 2758 αίδὼ.
2323 2699 2500 2770 πολλῷ
2536 2691 2736 2770 μᾶλλον
2774 2700 2862 2754 διὰ
2889 2701 2978 2760 10v
3019 2702 3114 2762 τοῦ
3147 2691 3286 2757 Θεοῦ
3318 2704 3500 2782 φόϐον.
3522 2691 3702 2767 Ἔστω

2131 2783 2378 2845 δουλείας
2398 2785 2490 2836 καὶ
2512 2784 2792 2854 ὑποταγῆς
2825 2784 3110 2849 ἀντίδοσις·
3137 2785 3277 2848 οὓτω
3293 2787 3402 2860 γὰρ
3427 2789 3528 2841 οὐκ
3549 2787 3699 2851 ἔσται

2132 2863 2371 2927 δουλεία.
2405 2865 2496 2934 Μὴ
2521 2867 2549 2916 ό
2585 2865 2685 2934 μὲν
2713 2867 2771 2919 ἐν
2809 2866 2959 2930 τάξει
2990 2868 3300 2933 καθεζέσθω
3330 2870 3640 2944 ἐλευθέρου,
3672 2873 3701 2934 ὁ

2132 2945 2188 2998 δὲ
2214 2947 2272 2998 ἐν
2308 2945 2458 3012 τάξει
2489 2945 2699 3009 δούλου,
2736 2947 2872 3000 ἀλλά
2921 2949 3016 3003 καὶ
3057 2949 3324 3015 δεσπότας
3358 2952 3453 3004 καὶ
3479 2952 3702 3022 δούλους

2132 3028 2379 3100 ἀλληλοις
2426 3028 2698 3092 δουλεύειν
2749 3029 2957 3100 βέλτιον
2979 3047 2993 3061 ·
3049 3033 3229 3104 πολλῷ
3277 3033 3486 3104 βέλτιον
3527 3035 3700 3103 οὕτως

2133 3107 2270 3164 εἶναι
2289 3109 2498 3174 δοῦλον,
2525 3109 2558 3181 ἢ
2584 3112 2785 3182 ἑτέρως
2820 3113 3123 3185 ἐλεύθερον.
3143 3117 3254 3168 Καὶ
3281 3115 3437 3186 δῆλον
3465 3117 3695 3184 ἐκεῖθεν·

2132 3191 2273 3248 εστω
2302 3209 2386 3255 τις
2406 3193 2624 3256 οἰκέτας
2659 3195 2798 3274 ἔχων
2821 3195 3034 3262 ἑκατὸν.
3072 3197 3164 3250 καὶ
3208 3199 3396 3268 μηδεὶς
3433 3201 3490 3262 ἐν
3518 3200 3700 3264 αὐτοῖς

2131 3275 2471 3330 διακονείτω·
2517 3278 2697 3349 ἕτεροι
2733 3279 2790 3332 δέ
2847 3297 2990 3344 τινες
3038 3280 3280 3343 εστωσαν
3311 3283 3502 3344 ἐκατὺν
3532 3284 3696 3352 φίλοι,

2132 3358 2380 3430 ἀλλήλοις
2430 3360 2856 3432 διακονούμενον
2911 3364 3056 3427 τίνες
3107 3365 3327 3436 ἀμεινον
3378 3366 3696 3436 βιώσονταις

2131 3441 2273 3504 τίνες
2315 3441 2452 3512 μετά
2483 3443 2724 3508 πλείονος
2748 3444 2962 3521 ἡδονῆς,
2995 3445 3136 3516 μετὰ
3162 3447 3404 3514 πλείονος
3435 3443 3699 3522 εὐφροσύὲ

2131 3541 2229 3594 νης
2253 3541 2268 3594 ;
2296 3525 2410 3578 Οὐκ
2460 3524 2607 3579 ἐστιν
2663 3528 2779 3580 ἐκεῖ
2820 3525 2978 3599 ὀργὴ,
3027 3528 3150 3584 οὐδὲ
3185 3530 3549 3606 παροξυσμὸς,
3577 3534 3698 3586 οὐδὲ

2133 3607 2333 3677 θυμὸς,
2367 3609 2489 3662 οὐδὲ
2545 3609 2673 3664 ἀλλο
2720 3610 2828 3664 τῶν
2872 3613 3127 3666 τοιούτων
3173 3614 3358 3675 οὐδέν·
3391 3607 3491 3681 ὦδε
3535 3617 3696 3685 φόϐος

2131 3691 2226 3755 καὶ
2251 3691 2440 3744 δειλία·
2479 3692 2645 3745 κάκεῖ
2683 3694 2782 3764 μὲν
2835 3694 3102 3771 ἀνάγκης,
3143 3696 3375 3764 ἐνταῦθα
3405 3698 3460 3764 δέ
3507 3716 3695 3769 προαι-

2137 3773 2335 3845 ρέσεως
2360 3772 2422 3827 τὸ
2447 3775 2578 3827 πᾶν·
2638 3776 2798 3834 κάκεῖ
2827 3777 2923 3854 μὲν
2969 3777 3298 3854 βιαζόμενοι,
3351 3781 3586 3834 ἐνταῦθα
3635 3781 3692 3847 δᾷ

2131 3856 2288 3932 χάριν
2308 3855 2520 3927 ἔχοντες
2561 3851 2837 3928 ἀλλήλοις
2861 3851 3218 3927 δουλεύουσιν.
3259 3861 3413 3916 Οὕτω
3444 3863 3694 3933 βούλεται

2131 3937 2352 4023 ὁ-ρεόςο
2377 3938 2478 4023 Δδιὰ
2502 3940 2658 4023 τοῦτο
2691 3941 2838 4023 ἐνιψε
2877 3942 3002 4007 τοὺς
3040 3942 3202 4010 πόδας
3253 3943 3361 4001 τῶν
3409 3945 3690 4016 μαθητῶν.

2131 4018 2346 4072 Μᾶλλον
2371 4020 2448 4084 δὲ,
2474 4023 2522 4080 εί
2550 4022 2721 4086 θέλεις
2751 4018 2996 4092 ἀκριϐῶς
3030 4025 3302 4098 ἐξετάσαι,
3339 4027 3433 4089 καὶ
3489 4028 3582 4079 ἐπὶ
3609 4028 3692 4094 δετ

2133 4101 2343 4186 σποτῶν
2367 4105 2630 4169 ἀντίδοσίς
2657 4107 2770 4159 ἐστι
2813 4107 3082 4173 δουλείας,
3108 4107 3174 4174 Τί
3214 4109 3342 4179 γάρ,
3374 4110 3421 4174 εί
3451 4111 3479 4162 ό
3523 4111 3690 4186 τῦφος

2130 4185 2231 4238 οὐκ
2259 4187 2451 4255 ἀφίησι
2487 4188 2717 4258 φανῆναι
2740 4188 2837 4274 τὴν
2862 4189 3172 4274 ἀντίδοσινί
3196 4191 3366 4256 Ὅταν
3395 4193 3505 4274 γὰρ
3539 4189 3692 4255 οὗτος

2145 4268 2244 4338 μέν
2296 4269 2394 4340 τὴν
2449 4272 2763 4342 σωματικὴν
2818 4272 3091 4326 διακονίαν
3143 4268 3503 4351 παρέχῃ,’σὺ
3539 4276 3596 4328 δέ
3635 4276 3695 4330 τὸ

2133 4351 2292 4420 σῶμα
2324 4352 2548 4424 τρέφῃς.
2584 4354 2679 4406 καὶ
2707 4354 3012 4430 θεραπεύῃς
3034 4356 3126 4410 καὶ
3169 4361 3396 4428 τροφαῖς
3425 4359 3518 4426 καὶ
3545 4359 3693 4418 ἐνδύς

2133 4451 2265 4504 μασι
2288 4434 2380 4496 καὶ
2406 4435 2731 4505 ὑποδήμασι,
2780 4438 2874 4490 καὶ
2901 4433 3052 4502 οὗτος
3070 4439 3310 4503 δουλείας
3335 4441 3453 4506 ἐστὶ
3473 4443 3690 4514 τρόπος·

2130 4515 2334 4602 ὅτιέἀν
2358 4517 2432 4602 μὴ
2463 4518 2706 4602 παρέχῃς
2730 4521 2824 4572 καὶ
2851 4521 2914 4581 σὺ
2947 4522 3047 4592 τὴν
3075 4523 3172 4602 σὴν
3195 4523 3365 4602 μιῇ,
3396 4525 3693 4598 διακονίαν,

2129 4599 2250 4651 οὐδέ
2293 4600 2496 4664 ἐκεῖνος
2537 4601 2636 4672 τὴν
2679 4603 2894 4668 ἑαυτοῦ,
2943 4605 3057 4658 ἀλλ’
3085 4599 3238 4674 ἔσται
3261 4607 3563 4678 ἐλεύθερος,
3601 4611 3695 4676 καὶ

2130 4683 2302 4746 οὐδεὶς
2351 4683 2513 4736 αὐτὸν
2558 4685 2860 4754 ἀναγκάσει
2894 4689 3059 4758 νόμος
3082 4690 3177 4744 καὶ
3225 4691 3299 4762 μὴ
3355 4694 3694 4762 τρεφόμενον

2129 4765 2286 4818 τοῦτο
2315 4769 2506 4819 ποιεῖν.
2533 4768 2594 4820 El
2621 4770 2799 4823 τοίνυν
2827 4771 2922 4824 καὶ
2943 4772 3034 4824 ἐπὶ
3060 4772 3261 4826 δούλων
3289 4773 3444 4826 τοῦτό
3465 4776 3604 4835 ἐστι,
3634 4773 3686 4826 τί

2130 4847 2346 4912 ἄτοπον,
2374 4849 2469 4901 ἐὰν
2501 4851 2594 4903 καὶ
2623 4851 2717 4904 ἐπὶ
2743 4853 3046 4923 ἐλευθέρων
3091 4855 3249 4909 τοῦτο
3296 4857 3553 4926 γίνηται;
3600 4856 3695 4909 Ἐν

2129 4932 2309 5018 φόϐῳ,
2352 4931 2508 5018 φησι,
2572 4935 2829 5018 Χριστοῦ
2882 4940 3392 5006 ὑποτασσόμενοι.
3462 4940 3608 5009 Πόση
3657 4941 3692 5018 η

2129 5014 2308 5082 χάρις,
2349 5013 2474 5065 ὅταν
2535 5017 2628 5068 καὶ
2669 5017 2859 5086 μισθὸν
2890 5018 3130 5088 ἕχωμενς
3178 5021 3314 5072 Ἀλλ’
3342 5021 3403 5085 οὐ
3445 5013 3694 5090 βούλεταί

2131 5110 2214 5146 σοι
2265 5094 2632 5166 ὑποταγῆναις
2673 5099 2833 5151 Ἀλλά
2874 5101 2938 5152 σὺ
2995 5101 3316 5172 ὐποτάγηθι·
3369 5102 3445 5172 μὴ
3509 5102 3695 5170 άπλῶς

2130 5177 2463 5249 ὑπακούσῃς,
2485 5179 2598 5232 ἀλλ’
2621 5181 2941 5252 ὐποτάγηθιτ
2967 5183 3042 5246 ὡς
3059 5185 3196 5256 πρὸς
3223 5186 3488 5247 δεσπότας
3517 5186 3694 5239 ἀπαν-

2127 5277 2247 5323 τας,
2270 5259 2410 5312 οὓτω
2431 5261 2690 5323 διάκεισο·
2732 5264 2874 5318 οὕτω
2903 5267 3011 5336 γάρ
3043 5269 3244 5330 αὐτοὺς
3293 5267 3510 5330 δούλους
3553 5267 3695 5336 ἔξεις

2126 5343 2334 5412 ταχέως
2395 5346 2461 5414 τῇ
2515 5349 2958 5418 τυραννικωτάτῃ
3015 5349 3114 5418 τῆς
3167 5349 3410 5413 δουλείας
3465 5351 3695 5420 δυνάμει

2127 5420 2576 5494 δεδουλωμένους.
2619 5429 2834 5482 Μᾶλλον
2881 5430 2988 5511 γὰρ
3032 5423 3230 5492 αὐτοὺς
3260 5432 3532 5500 αἱρήσεις,
3567 5434 3694 5485 ὅταν

2127 5504 2336 5568 οὐδενὸς
2363 5507 2469 5560 τῶν
2498 5510 2628 5579 παρ’
2660 5511 2840 5564 αὐτῶν
2869 5504 3170 5581 τυγχάνων,
3226 5511 3386 5576 αὐτὸς
3435 5513 3500 5566 τά
3546 5518 3696 5583 παρά

2130 5589 2324 5642 σαυτοῦ
2353 5591 2616 5663 παρέχῃς.
2644 5593 2812 5647 Τοῦτὸ
2839 5597 3005 5661 ἐστιν,
3035 5597 3548 5666 Ὑποτασσόμενοι
3585 5599 3694 5650 ἀνι-ρ

2130 5669 2334 5738 λήλοις
2361 5673 2430 5726 ἐν
2449 5675 2609 5742 φόϐῳ
2625 5677 2901 5743 Χριστοῦ,
2924 5678 3010 5740 ἵνα
3033 5677 3246 5732 πάντων
3276 5678 3571 5748 κρατῶμεν
3589 5681 3697 5747 τῶν
