4218 6266
435 453 534 511 153

429 568 553 640 quid
586 565 687 621 sibi
727 563 914 620 velut
937 563 1043 618 illa:
1077 561 1264 626 linem,
1305 567 1360 614 et
1385 572 1568 612 earum
1596 553 2007 610 circumductio.

431 662 566 716 nes?
595 658 700 714 Sed
734 657 778 712 si
816 653 1131 724 imposuerit
1158 652 1392 715 colores,
1419 661 1544 703 tune
1574 647 1664 700 tibi
1698 645 1905 700 videtur
1924 658 2013 698 ars

433 752 657 821 pulchra
687 767 702 802 :
748 759 802 802 et
845 763 914 802 ne
957 747 1036 801 sic
1067 744 1284 814 quidem
1318 741 1517 810 poteris
1551 749 1735 792 exacte
1777 737 2008 790 discere.

428 844 566 908 Quid
597 851 777 894 autem
806 838 929 892 dico
956 836 1023 889 de
1047 835 1231 898 fabris,
1262 834 1330 886 de
1361 831 1672 898 pictoribus,
1704 839 1758 882 et
1786 841 2010 881 conser-

431 933 548 986 vis?
570 931 697 1000 Apis
718 929 985 999 quomodo
1017 926 1140 980 facit
1163 923 1341 988 favos,
1358 921 1466 987 dic,
1484 928 1841 988 rogo,ettunc
1866 917 2012 971 dices

431 1027 498 1080 de
530 1026 653 1077 Deo.
684 1022 1059 1077 Fet-micarum
1089 1017 1236 1071 disce
1271 1014 1672 1083 operationem,
1704 1024 1916 1063 aranea:
1957 1017 2013 1062 et

435 1116 752 1178 hirundinis,
797 1123 848 1168 et
877 1123 1006 1165 tunc
1029 1110 1179 1164 dices
1205 1107 1274 1162 de
1298 1107 1427 1161 Deo.
1458 1105 1515 1160 Si
1538 1105 1750 1173 sapiens
1769 1103 1866 1166 sis,
1896 1101 2013 1154 haec

433 1203 560 1256 mihi
587 1203 772 1264 dicas;
797 1199 892 1254 sed
921 1214 1027 1252 non
1052 1207 1229 1268 potes.
1258 1193 1374 1248 Non
1397 1193 1634 1248 cessabis
1660 1206 1804 1261 ergo,
1840 1206 1872 1241 ο
1912 1190 2011 1242 ho-

432 1310 540 1359 mo,
569 1308 812 1364 quaerere
832 1287 1269 1360 supervacanea?
1299 1295 1422 1340 sunt
1445 1285 1589 1338 enim
1616 1299 1800 1338 revera
1822 1297 2013 1349 super-

432 1401 662 1439 vat-anea
695 1401 710 1437 :
740 1400 844 1436 non
893 1380 1132 1435 cessabis
1178 1384 1390 1432 curiose
1429 1374 1696 1429 scrutari?
1739 1373 1880 1428 Nihil
1931 1383 2013 1427 est

432 1483 533 1531 hac
560 1475 894 1546 ignoratione
923 1484 977 1528 et
1007 1472 1275 1542 imperitia
1317 1469 1649 1538 sapientius,
1695 1467 1746 1520 in
1791 1481 1892 1536 qua
1924 1465 2013 1534 qui

431 1569 752 1636 profitentur
784 1566 996 1634 quidem
1028 1579 1087 1618 se
1130 1561 1262 1616 nihil
1293 1560 1432 1615 scire
1454 1597 1472 1624 ,
1504 1567 1629 1612 sunt
1655 1558 1890 1610 omnium
1921 1571 2010 1610 sa-

435 1657 787 1728 pientissimi;
815 1657 903 1726 qui
933 1665 1111 1710 autem
1144 1653 1353 1706 curiose
1377 1657 1705 1710 scrutantur,
1747 1655 1872 1702 sunt
1897 1662 2014 1700 om-

433 1754 583 1804 nium
623 1750 996 1805 amentissimi.
1027 1749 1205 1816 Quare
1255 1745 1489 1814 profiteri
1526 1758 1587 1797 se
1614 1743 1754 1796 scire
1785 1757 1888 1794 non
1931 1748 2013 1794 est

430 1860 645 1912 semper
665 1843 956 1912 sapientiae,
981 1839 1073 1895 sed
1105 1848 1187 1894 est
1208 1839 1366 1891 etiam
1389 1835 1579 1890 alicubi
1599 1834 1856 1887 stultitize.
1880 1831 2034 1898 Nam,

427 1933 520 1988 dic
549 1934 709 1998 milii,
751 1932 796 1986 si
826 1949 888 1986 ex
929 1932 1138 1985 duobus
1174 1929 1479 1983 hominibus
1515 1929 1650 1980 alter
1680 1919 2012 1993 profiteretur

429 2042 489 2078 se
513 2040 816 2080 mensurum
849 2039 1054 2086 aerem,
1086 2023 1176 2092 qui
1208 2036 1239 2075 a
1269 2031 1410 2074 terra
1441 2019 1683 2088 pervadit
1707 2016 1772 2070 ad
1798 2017 2008 2081 caelum,

427 2119 670 2171 extensis
713 2116 962 2176 funibus.
1022 2116 1160 2169 alter
1203 2122 1379 2166 autem
1428 2111 1654 2165 irridens
1705 2109 1906 2163 diceret
1953 2126 2012 2162 se

427 2209 676 2273 nescire,
709 2205 1434 2277 quem,qutc5o,ridebimus?
1458 2218 1652 2257 eumne
1682 2203 1768 2271 qui
1799 2202 1927 2255 dicit
1955 2217 2013 2256 se

425 2303 609 2366 scire,
641 2315 709 2353 an
748 2315 871 2353 eum
915 2299 1005 2366 qui
1054 2297 1297 2365 ignorat?
1345 2295 1443 2350 Est
1494 2296 1827 2364 perspicuum
1872 2294 2012 2363 quod

420 2411 559 2448 eum
583 2395 671 2463 qui
693 2393 823 2446 dicit
847 2407 905 2444 se
927 2394 1084 2444 scire.
1104 2391 1203 2456 Qui
1221 2405 1347 2458 ergo
1371 2389 1598 2458 ignorat,
1624 2397 1706 2442 est
1726 2387 2016 2454 sapientior

418 2503 495 2540 eo
523 2487 611 2552 qui
639 2484 912 2551 professus
929 2491 1011 2534 est
1031 2496 1089 2535 se
1115 2480 1272 2534 scire.
1295 2481 1430 2546 Quid
1457 2494 1660 2543 rursus,
1691 2479 1731 2532 si
1751 2477 2012 2548 quispiam

425 2575 781 2645 profiteretur
811 2588 870 2626 se
897 2572 1037 2625 scire
1058 2580 1189 2640 quot
1215 2571 1436 2642 cyathos
1467 2570 1653 2623 habeat
1683 2583 1851 2631 mare,
1879 2567 2014 2622 alius

423 2677 606 2718 autem
634 2680 691 2717 se
721 2666 988 2731 ignorare,
1025 2678 1130 2715 non
1164 2677 1346 2715 rursus
1392 2661 1650 2730 ignoratio
1678 2669 1758 2714 est
1798 2661 2010 2730 sapien-

426 2757 534 2808 tior
594 2755 931 2823 cognitione?
974 2753 1200 2807 Maxime
1249 2768 1265 2808 :
1308 2752 1513 2822 quare?
1563 2753 2007 2821 Quandoquidem

422 2850 521 2902 illa
551 2864 762 2918 quoque
789 2847 1054 2916 ignoratio
1082 2855 1164 2900 est
1193 2845 1422 2900 intensa.
1456 2845 1587 2899 Nam
1618 2846 1707 2915 qui
1736 2846 1864 2901 dicit
1889 2846 2008 2916 qui-

421 2942 553 2993 dem
602 2956 657 2993 se
709 2938 939 3004 nescire,
993 2938 1094 2991 scit
1134 2946 1336 3006 partem
1384 2937 1633 3006 aliquam.
1683 2937 2010 3002 Quamnam?

422 3031 581 3097 Quod
605 3031 806 3084 homini
847 3031 916 3084 sit
955 3029 1498 3097 incmuprehensibile
1530 3044 1543 3079 :
1584 3044 1688 3081 non
1737 3028 1878 3081 enim
1909 3027 2010 3082 hoc

425 3137 683 3190 parvum.
711 3121 811 3186 Qui
833 3129 1008 3174 autem
1038 3134 1096 3173 se
1119 3120 1248 3173 dicit
1278 3120 1437 3182 seire,
1474 3119 1558 3173 ille
1583 3119 1810 3172 maxime
1841 3121 2007 3173 nescit

422 3210 574 3279 quod
603 3226 660 3264 se
682 3211 808 3263 dicit
835 3211 1002 3274 scire;
1031 3219 1082 3264 et
1114 3219 1330 3280 prepter
1363 3210 1461 3264 hoc
1487 3211 1658 3278 ipsum
1698 3219 1780 3263 est
1809 3211 2004 3263 ridicu-

421 3303 532 3357 lus.
565 3302 658 3355 llei
684 3302 809 3355 mihi
834 3307 847 3355 ι
877 3318 1034 3372 quam
1068 3302 1248 3356 multis
1279 3301 1554 3355 erudimur
1581 3303 2007 3370 intempestivam

423 3392 706 3448 refrenare
743 3395 1108 3448 curiositatem
1141 3403 1194 3446 et
1219 3408 1672 3462 supervacaneam
1715 3394 2009 3463 indagatio-

424 3499 573 3549 nem,
624 3499 721 3538 nec
773 3484 1136 3548 sustinemus;
1182 3484 1276 3537 sed
1321 3485 1482 3536 vitam
1528 3484 1753 3538 aliorum
1799 3485 2010 3538 curiose

425 3574 773 3644 indagamus,
814 3590 909 3628 cur
950 3575 1041 3628 hic
1087 3589 1284 3639 camus,
1325 3574 1415 3628 ille
1463 3589 1590 3628 vero
1639 3589 1856 3643 pauper.
1901 3574 2009 3628 llac

427 3665 588 3732 igitur
609 3668 812 3720 ratione
836 3667 888 3719 in
916 3667 1050 3719 alias
1070 3669 1232 3718 etiam
1255 3680 1421 3734 nugas
1443 3665 1754 3728 incidemus,
1780 3681 1875 3719 cur
1898 3665 2010 3718 haec

429 3758 505 3809 sit
525 3757 744 3824 femina,
784 3767 838 3812 et
867 3775 973 3811 non
1005 3774 1191 3813 omnes
1221 3759 1341 3824 viri,
1371 3774 1468 3812 cur
1497 3760 1696 3822 asinus,
1741 3774 1837 3811 cur
1876 3759 1971 3812 bos
1992 3803 2005 3824 ,

420 3864 529 3901 cur
556 3851 724 3913 canis,
749 3864 844 3902 cur
871 3851 1045 3918 lupus,
1069 3866 1162 3904 cur
1183 3851 1333 3920 lapis.
1362 3867 1458 3904 cur
1479 3852 1641 3920 ligna,
1666 3861 1719 3903 et
1741 3853 1804 3902 ad
1836 3853 2010 3904 inlini-

418 3950 538 3993 tam
572 3940 930 4008 prolixitatem
960 3940 1167 3994 decidet
1191 3945 1380 3996 oratio.
1417 3944 1703 4012 l’r0pterea
1739 3943 1878 3995 Deus
1911 3958 2006 3995 no-

418 4032 517 4084 liis
547 4032 806 4085 terminos
837 4031 1155 4101 cognitionis
1183 4035 1480 4097 constituit,
1515 4045 1566 4087 et
1597 4035 1648 4086 in
1682 4045 1864 4087 natura
1891 4033 2010 4086 fun-

413 4124 594 4176 davit.
614 4122 991 4193 Contemplare
1014 4134 1188 4177 autem
1213 4125 1338 4176 mihi
1371 4126 1589 4178 multam
1620 4124 2006 4186 curiositatem,

407 4216 569 4282 quod
607 4217 848 4271 videntes
877 4226 1074 4270 tantam
1103 4233 1131 4270 a
1163 4227 1298 4271 terra
1327 4219 1390 4271 ad
1418 4219 1608 4271 creluni
1655 4217 2006 4282 altitudinem,

412 4328 452 4363 ιι
465 4329 478 4361 ι
491 4311 648 4374 inime
663 4311 924 4365 al'ficimur
940 4327 1036 4366 nec
1050 4326 1326 4366 movemur
1351 4324 1364 4363 :
1381 4311 1594 4380 quando
1619 4311 1722 4364 alta
1743 4311 1872 4363 turri
1891 4325 2010 4362 con-

407 4417 613 4456 scensa
645 4405 967 4458 voluerimus
983 4405 1233 4458 deorsum
1250 4404 1510 4472 aspicere,
1531 4404 1573 4456 si
1600 4418 1780 4471 parum
1812 4418 1906 4454 nos
1930 4402 2011 4454 lll-

404 4495 469 4546 cl
483 4493 818 4561 inaverimus,
834 4497 1009 4564 gravis
1029 4510 1124 4548 nos
1142 4495 1341 4548 invadit
1359 4496 1560 4564 vertigo
1573 4505 1626 4548 et
1648 4496 1896 4548 tenebrm.
1919 4494 2010 4548 Dic

408 4583 558 4636 mihi
577 4585 733 4654 lmjus
749 4587 824 4640 rei
841 4601 1076 4649 causam,
1096 4587 1188 4639 sed
1206 4602 1308 4641 non
1328 4586 1612 4650 inveneris,
1641 4603 1736 4640 cur
1755 4587 2007 4654 majorem

404 4673 920 4740 vimhabetoculus,
935 4677 1262 4732 etdetinetur
1273 4677 1340 4731 ab
1360 4677 1423 4730 iis
1435 4693 1550 4746 qua:
1563 4687 1684 4730 sunt
1699 4676 2006 4730 remotiora.

500 4767 552 4817 ὅ.
586 4767 648 4819 Et
673 4766 724 4820 id
750 4767 998 4822 similiter
1029 4769 1226 4824 videris
1267 4771 1315 4823 in
1358 4770 1563 4823 auditu.
1611 4770 1723 4824 Non
1777 4770 2010 4840 potuerit

399 4857 569 4912 enim
591 4859 853 4927 quispiam
889 4868 1091 4912 tantum
1142 4861 1376 4914 clamare
1421 4870 1480 4913 ut
1531 4861 1748 4929 impleat
1791 4876 2004 4920 aerem,

396 4959 681 5016 quantum
710 4948 903 5016 poterit
931 4949 1395 5016 comprehendere
1423 4949 1608 5014 oculos
1633 4991 1647 5015 ,
1699 4965 1870 5018 neque
1910 4965 2008 5001 au-

391 5040 542 5091 dire
579 5053 644 5091 ex
692 5049 838 5093 tanto
884 5040 1187 5094 intervallo.
1241 5039 1348 5094 Cur
1389 5057 1492 5096 non
1544 5043 1719 5095 omnia
1770 5044 2007 5095 membra

390 5139 553 5185 sunt
582 5131 785 5185 honore
816 5133 1002 5198 paria?
1031 5148 1126 5185 cur
1149 5148 1253 5186 non
1288 5149 1449 5186 unum
1482 5144 1800 5202 acceperunt
1827 5150 2004 5196 usum,

389 5234 526 5275 nec
569 5221 786 5275 locum?
817 5223 1011 5277 Paulus
1057 5239 1268 5292 quoque
1300 5225 1400 5279 hoc
1435 5234 1518 5278 est
1561 5235 1864 5289 scrutatus,
1899 5226 2007 5280 imo

387 5325 554 5364 vero
581 5325 687 5364 non
715 5320 800 5364 est
827 5322 1126 5379 scrutatus,
1161 5325 1277 5368 erat
1305 5317 1452 5369 enim
1480 5315 1694 5384 sapiens
1720 5358 1734 5379 ,
1765 5316 1858 5368 sed
1887 5332 2006 5370 cum

386 5405 458 5458 in
524 5401 666 5456 hunc
704 5402 879 5457 locum
911 5402 1214 5468 incidisset,
1253 5407 1421 5460 dicit:
1458 5406 1891 5476 Unumquodque,
1932 5408 2010 5459 in-

385 5492 566 5560 quit,
599 5508 772 5545 eorum
803 5495 972 5560 posuit
998 5496 1124 5548 sicut
1150 5497 1308 5550 voluit
1340 5496 1430 5567 (l.
1457 5497 1575 5550 Cor.
1612 5497 1698 5550 19..
1736 5497 1839 5565 18)
1872 5515 1884 5548 :
1912 5513 2003 5550 vo-

387 5581 613 5635 luutati
642 5582 757 5649 ejus
787 5592 954 5637 totum
988 5588 1273 5640 commisit.
1319 5586 1411 5641 llis
1443 5602 1570 5656 ergo
1603 5588 1780 5640 missis
1809 5588 2007 5656 gratias

389 5676 596 5730 solum
623 5691 846 5747 agamus
872 5695 968 5745 pro
1016 5681 1264 5735 omnibus
1300 5699 1312 5734 :
1345 5681 1503 5746 Ideo,
1558 5682 1758 5751 inquit,
1807 5683 2005 5750 gratias

389 5765 563 5835 agite
593 5782 690 5834 pro
715 5769 985 5821 omnibus.
1022 5770 1131 5824 Hoc
1157 5782 1238 5824 est
1260 5774 1394 5840 grati
1425 5771 1628 5837 famuli,
1665 5772 1766 5826 hoc
1793 5772 2006 5840 sapien—

389 5860 518 5922 tis,
551 5856 650 5910 hoc
681 5859 1058 5927 intelligentis;
1105 5863 1234 5917 illud
1282 5864 1554 5932 loquacis,
1601 5863 1755 5920 otiosi
1807 5873 1860 5919 et
1909 5879 2002 5920 cu.

764 5973 1033 6036 PATROL.
1081 5979 1193 6038 (in.
1249 5983 1377 6040 LXI
1394 5981 1433 6039 l.

1279 445 1345 502 lN
1382 445 1596 504 EPIST.
1639 447 1730 500 AD
1764 441 2006 500 EPHES.
2047 438 2202 496 CAP.
2249 439 2310 492 V.
2350 436 2580 493 llOlllL.
2624 437 2764 494 XIX.
3599 441 3694 497 (τί

2122 549 2271 604 riosi.
2319 535 2434 604 Non
2466 549 2614 606 vides
2642 553 2776 607 inter
2805 550 3034 607 famulos
3059 595 3071 618 ,
3102 553 3243 622 quod
3273 552 3363 622 qui
3411 563 3534 607 sunt
3575 557 3694 622 qui-

2125 640 2248 693 dom
2275 640 2468 710 abjeeti
2491 651 2544 696 et
2568 643 2725 713 plane
2754 643 3045 714 despuendi
3071 684 3085 709 ,
3116 652 3171 698 et
3211 643 3279 699 ad
3330 645 3459 697 nihil
3513 644 3696 709 utiles,

2118 744 2242 787 sunt
2273 735 2523 804 loquaces
2546 743 2600 788 et
2624 746 2929 804 nngatores,
2954 746 3007 791 et
3049 739 3260 792 curiose
3296 737 3570 808 inquirunt
3611 754 3695 794 res

2117 825 2456 878 dominorum
2481 867 2495 889 ,
2535 841 2666 894 quas
2709 827 2784 881 illi
2817 828 2998 882 volunt
3023 829 3206 885 celare
3237 847 3251 881 :
3289 830 3556 899 sapientes
3601 846 3696 884 au-

2117 923 2245 978 tem,
2275 915 2410 985 grati
2439 925 2494 970 et
2521 914 2793 982 benevoli,
2822 933 2984 971 unum
3010 920 3184 974 solum
3204 929 3452 988 spectant
3477 928 3697 974 tttsutun

2118 1007 2472 1062 ministerium
2506 1008 2802 1078 implent?
2829 1009 2929 1076 Qui
2973 1013 3199 1067 multum
3244 1013 3510 1083 loquitur,
3567 1015 3697 1069 nihil

2117 1110 2372 1170 operatur
2402 1122 2418 1157 :
2446 1103 2588 1156 sicut
2617 1104 2708 1172 qtti
2737 1107 2962 1160 multum
2991 1117 3263 1176 operatur,
3296 1108 3430 1162 nihil
3465 1109 3696 1178 loquitur

2120 1190 2574 1260 intempestivum.
2613 1193 2901 1264 PrOpterca
2925 1195 3136 1250 dicebat
3168 1197 3364 1252 Paulus
3385 1199 3614 1268 loquens
3639 1199 3705 1252 de

2118 1285 2290 1339 viduis
2323 1304 2335 1340 :
2368 1285 2489 1341 Non
2520 1287 2683 1341 solum
2703 1291 2876 1344 otiosa:
2904 1292 3102 1345 discunt
3131 1291 3154 1364 {
3177 1293 3364 1349 domos
3389 1294 3616 1350 circuire
3639 1295 3693 1368 j;

2118 1377 2207 1430 sed
2233 1378 2384 1431 etiam
2413 1379 2630 1434 verbosa
2653 1392 2701 1435 et
2736 1399 2952 1453 nugaces
2978 1383 3053 1454 (l.
3080 1383 3214 1437 Tim.
3241 1369 3294 1440 Β.
3327 1385 3394 1440 15
3417 1385 3457 1455 ).

2192 1467 2376 1522 Divina
2404 1487 2504 1523 non
2546 1470 2672 1526 adeo
2697 1473 2947 1527 incuriose
2979 1473 3292 1544 indaganda.
3325 1505 3396 1514 —
3428 1475 3520 1529 Dic
3547 1475 3695 1531 mihi.

2118 1558 2244 1627 quid
2272 1561 2394 1628 plus
2428 1561 2648 1616 interest
2675 1563 2815 1616 inter
2845 1573 3082 1618 nostram
3124 1574 3335 1619 a-tatem
3392 1576 3447 1620 et
3487 1576 3698 1620 mtatem

2119 1667 2431 1722 puerorum,
2463 1669 2529 1707 an
2560 1656 2699 1710 inter
2726 1657 2891 1710 Deum
2927 1665 2982 1711 et
3011 1657 3294 1711 ltotnines?
3323 1658 3464 1712 inter
3512 1673 3610 1713 nos
3648 1669 3700 1713 et

2117 1743 2338 1807 culices,
2364 1759 2430 1796 an
2459 1744 2597 1798 inter
2630 1746 2794 1799 Deum
2823 1756 2878 1801 et
2907 1747 3045 1801 nos?
3076 1747 3296 1802 Planum
3323 1758 3426 1814 est,
3459 1749 3578 1818 plus
3615 1751 3697 1803 in-

2118 1847 2321 1889 teresse
2361 1835 2498 1888 inter
2528 1837 2690 1890 Deum
2719 1845 2774 1892 et
2799 1853 2920 1894 nos.
2949 1838 3055 1892 Cur
3083 1853 3212 1907 ergo
3240 1848 3293 1892 tu
3333 1854 3393 1893 es
3431 1841 3566 1894 adeo
3602 1856 3700 1893 eu-

2117 1927 2328 1981 riosus?
2352 1927 2564 1984 Gratias
2584 1944 2681 1998 age
2709 1945 2804 1998 pro
2833 1931 3103 1985 omnibus.
3129 1931 3264 1999 Quid
3299 1948 3425 1986 vero
3445 1973 3461 1997 ,
3493 1933 3658 2002 inquit
3683 1974 3696 1993 ,

2116 2016 2160 2070 si
2187 2017 2860 2088 meinterrogetGrmcus,
2885 2020 3010 2089 quid
3043 2020 3420 2089 respondebo?
3467 2025 3576 2075 vult
3631 2038 3694 2075 ex

2116 2123 2201 2161 me
2226 2108 2366 2162 scire
2388 2124 2453 2162 an
2484 2113 2553 2163 sit
2576 2110 2954 2181 providentia:
2992 2112 3104 2181 ipse
3149 2113 3292 2166 enim
3333 2112 3462 2166 dicit
3494 2113 3694 2167 nullum

2114 2215 2234 2255 esse
2260 2202 2349 2271 qui
2379 2201 2676 2269 provideat.
2705 2201 2783 2256 Tu
2805 2218 2937 2273 ergo
2953 2220 3080 2258 eum
3108 2213 3293 2259 contra
3319 2205 3606 2275 interroga.
3631 2208 3699 2259 At

2114 2291 2242 2345 dicit
2262 2309 2370 2347 non
2393 2308 2513 2348 esse
2535 2293 2944 2363 providentiam.
2973 2297 3124 2364 Quod
3164 2298 3233 2352 sit
3279 2299 3492 2368 quidem
3525 2300 3698 2369 provi-

2114 2382 2314 2446 dentia,
2340 2400 2404 2438 ex
2441 2386 2505 2438 iis
2530 2402 2648 2454 quae
2676 2386 2857 2441 dixisti
2885 2397 2968 2442 est
2996 2391 3335 2459 perspicuum
3363 2405 3378 2454 ;
3411 2390 3555 2461 qttod
3599 2407 3695 2445 au-

2116 2481 2222 2527 tem
2251 2489 2355 2527 neu
2392 2476 2560 2542 possit
2593 2476 2976 2546 comprehendi
2999 2519 3012 2540 ,
3045 2495 3110 2533 ex
3137 2496 3202 2533 eo
3225 2479 3367 2550 quod
3404 2497 3509 2536 non
3551 2481 3695 2536 inve-

2117 2563 2322 2617 niamus
2352 2566 2634 2620 rationem.
2682 2566 2812 2621 Nam
2853 2569 2897 2622 si
2943 2569 2993 2622 in
3044 2567 3111 2624 iis
3160 2586 3280 2642 qua:
3323 2571 3700 2629 administrant

2116 2654 2396 2725 homines,
2445 2659 2710 2713 nescimus
2743 2673 2888 2730 smpe
2931 2661 3150 2716 modum
3196 2662 3694 2731 administrationis,

2115 2761 2435 2815 quamquam
2469 2749 2633 2802 multa
2665 2765 2730 2803 ex
2763 2749 2828 2805 iis
2851 2750 3007 2806 nobis
3030 2752 3279 2807 videntur
3303 2769 3423 2810 esse
3443 2754 3693 2824 absurda,

2113 2846 2170 2892 et
2197 2839 2436 2893 cedimus
2464 2858 2477 2893 :
2519 2850 2721 2910 quanto
2753 2843 2922 2913 magis
2954 2844 3004 2896 in
3039 2845 3311 2900 Deo?Scd
3340 2846 3391 2899 in
3428 2847 3537 2902 Deo
3563 2847 3694 2902 nihil

2113 2940 2196 2983 est
2221 2930 2544 2995 absurdum,
2571 2951 2743 3004 neque
2776 2935 2986 2991 videtur
3022 2952 3148 2991 esse
3191 2939 3452 2994 fidelibus.
3483 2940 3550 2994 Et
3576 2941 3694 2997 ideo

2117 3039 2212 3092 pro
2233 3025 2484 3079 omnibus
2509 3028 2710 3096 gratias
2733 3043 2952 3098 agamus
2974 3071 2987 3094 ,
3028 3046 3122 3099 pro
3148 3032 3395 3085 omnibus
3423 3048 3544 3086 eum
3578 3034 3695 3103 glo-

2114 3115 2402 3171 rificemus.
2429 3119 2677 3188 Subjecti,
2713 3121 2903 3190 inquit,
2936 3123 3143 3176 invicem
3165 3126 3218 3177 in
3261 3127 3439 3179 timore
3484 3121 3599 3180 Dei.
3639 3127 3695 3182 Si

2113 3208 2252 3261 enim
2279 3219 2495 3276 propter
2520 3213 2883 3280 magistratum
2914 3215 3227 3283 subjiceris,
3273 3227 3492 3287 propter
3535 3233 3696 3288 pecu-

2114 3302 2251 3366 nias,
2275 3314 2363 3355 aut
2388 3315 2602 3373 propter
2627 3305 2882 3373 pudorem
2909 3348 2924 3369 ,
2965 3307 3133 3360 multo
3163 3311 3330 3377 magis
3360 3320 3578 3380 propter
3601 3313 3694 3365 Dei

2114 3402 2335 3446 metum.
2365 3393 2446 3448 Sit
2471 3398 2742 3451 servitutis
2767 3405 2822 3451 et
2853 3398 3204 3466 subjectionis
3236 3410 3418 3454 mutua
3452 3417 3698 3456 remune-

2115 3483 2286 3547 ratio;
2319 3485 2396 3536 sic
2416 3486 2556 3537 enim
2581 3488 2806 3539 nouerit
2826 3489 3078 3541 servitus.
3102 3488 3217 3541 Non
3254 3490 3439 3544 sedeat
3475 3491 3691 3560 quidem

2115 3572 2205 3627 ille
2233 3571 2286 3626 in
2313 3574 2499 3628 ordine
2523 3583 2578 3628 et
2599 3576 2718 3629 loco
2743 3577 2893 3631 liberi
2916 3619 2930 3644 ,
2964 3578 3049 3632 hic
3079 3595 3209 3633 vero
3254 3581 3305 3634 in
3353 3582 3471 3634 loco
3514 3585 3650 3637 servi
3676 3602 3690 3649 ;

2114 3662 2209 3717 sed
2239 3664 2429 3718 melius
2455 3674 2537 3719 est
2566 3674 2624 3719 ut
2649 3675 2703 3719 et
2730 3667 2931 3722 domini
2957 3680 3012 3723 et
3035 3672 3174 3724 servi
3211 3671 3346 3726 alter
3385 3673 3536 3727 alteri
3577 3689 3694 3728 ser-

2115 3756 2259 3808 viant
2284 3773 2296 3808 :
2331 3755 2498 3809 multo
2523 3757 2712 3812 melius
2732 3767 2816 3813 est
2843 3761 2919 3814 sic
2944 3776 3063 3816 esse
3085 3777 3318 3831 servum,
3352 3780 3508 3834 quam
3543 3765 3698 3822 aliter

2114 3847 2360 3902 liberum.
2388 3847 2547 3915 quue
2580 3850 2701 3904 inde
2721 3861 2803 3906 est
2827 3853 3046 3910 evidens
3072 3872 3084 3908 :
3116 3856 3184 3909 sit
3206 3857 3467 3927 (leszlalll
3492 3857 3695 3913 habens

2113 3949 2324 3994 centum
2371 3941 2594 3997 famulos
2619 3985 2634 4010 ,
2677 3954 2731 3998 et
2775 3946 2951 4000 nullus
2993 3947 3090 4017 ipsi
3124 3950 3428 4016 ministret;
3462 3952 3570 4006 sint
3599 3951 3686 4003 alii

2115 4041 2326 4086 centum
2357 4034 2511 4088 amici
2537 4046 2596 4088 se
2626 4035 2850 4089 invicem
2879 4039 3175 4092 servientes
3203 4058 3216 4092 :
3250 4041 3463 4108 quinam
3503 4041 3694 4096 melius

2115 4123 2333 4176 vivent?
2359 4125 2572 4192 quinam
2597 4140 2716 4179 cum
2737 4125 2920 4193 majori
2953 4127 3224 4195 voluptate
3249 4137 3303 4181 et
3330 4129 3510 4182 lmtitia
3532 4131 3554 4182 ?
3576 4129 3690 4186 Non

2113 4222 2196 4266 est
2221 4213 2328 4266 illic
2362 4214 2438 4266 ira
2469 4229 2640 4282 neque
2668 4213 2958 4280 indignatio
2985 4230 3158 4284 neque
3189 4217 3334 4269 furor
3380 4233 3551 4286 neque
3591 4219 3692 4273 ali-

2113 4303 2239 4372 quid
2265 4303 2406 4357 aliud
2437 4302 2700 4372 ejusmodi
2733 4319 2748 4368 ;
2784 4303 2868 4357 hic
2893 4314 3070 4358 autem
3097 4314 3178 4359 est
3208 4308 3366 4362 timor
3388 4317 3442 4362 et
3474 4320 3645 4363 metus
3674 4328 3688 4365 :

2114 4402 2170 4447 et
2193 4394 2299 4447 illic
2323 4393 2536 4463 quidem
2567 4395 2936 4458 necessitatis,
2992 4395 3076 4447 hic
3116 4409 3296 4451 autem
3343 4408 3470 4453 sunt
3514 4401 3694 4455 omnia

2115 4489 2340 4542 instituti
2368 4497 2422 4542 et
2450 4489 2600 4541 liberi
2627 4487 2831 4541 arbitrii
2865 4503 2879 4540 :
2912 4499 2965 4541 et
2996 4489 3104 4542 illic
3151 4491 3363 4558 quidem
3412 4493 3462 4548 vi
3505 4494 3647 4548 iliata
3677 4513 3693 4559 ;

2118 4580 2204 4634 hic
2229 4588 2405 4632 autem
2437 4578 2696 4632 habentes
2725 4579 2948 4647 gratiam
2974 4618 2991 4641 ,
3045 4580 3180 4633 alter
3223 4582 3380 4634 alteri
3428 4588 3688 4641 serviunt.

2114 4669 2201 4724 Sic
2228 4669 2338 4722 vult
2368 4669 2506 4722 Deus
2539 4686 2552 4721 :
2584 4676 2861 4738 propterea
2907 4667 3032 4721 lavit
3082 4668 3244 4738 pedes
3292 4669 3692 4740 discipulorum.

2116 4759 2227 4814 lmo
2251 4773 2400 4821 vero,
2429 4759 2472 4812 si
2503 4759 2634 4811 velis
2661 4773 2771 4812 rem
2800 4769 3046 4814 accurate
3072 4759 3379 4814 examinare
3402 4800 3420 4826 ,
3451 4763 3610 4817 etiam
3639 4764 3694 4817 in

2113 4849 2342 4904 dominis
2367 4858 2451 4905 est
2475 4850 2742 4904 servitutis
2761 4858 2944 4904 mutua
2973 4854 3351 4906 remuneratio.
3373 4852 3510 4919 Quid
3525 4855 3692 4923 enim,

2114 4943 2158 4996 si
2187 4941 2356 4996 fastus
2383 4957 2486 4996 non
2515 4942 2641 4995 sinit
2668 4950 2726 4994 ut
2749 4951 3002 5012 appareat
3030 4943 3428 4998 remuneratio?
3466 4944 3690 5011 Quando

2114 5033 2255 5087 enim
2284 5030 2374 5088 hic
2393 5032 2605 5104 quidem
2633 5032 2851 5088 exhibet
2873 5035 3152 5103 corporale
3195 5035 3544 5088 ministerium
3566 5076 3580 5099 ,
3632 5047 3686 5090 to

2115 5133 2289 5179 autem
2315 5139 2508 5194 corpus
2540 5126 2708 5178 nutris
2733 5132 2786 5178 et
2813 5125 3256 5180 corasalimentis
3280 5133 3334 5179 et
3367 5123 3690 5182 indumentis

2118 5228 2169 5271 ct
2198 5219 2390 5272 calceis
2409 5259 2424 5282 ,
2455 5217 2576 5271 huic
2603 5232 2812 5286 quoque
2840 5217 3122 5270 exhibetur
3149 5217 3391 5284 quaedam
3438 5219 3688 5274 servitus.

2116 5309 2246 5363 Nam
2274 5311 2373 5362 nisi
2405 5319 2458 5362 tu
2491 5309 2565 5362 illi
2595 5320 2741 5362 tuum
2771 5308 3024 5363 exhibeas
3049 5308 3437 5375 ministerium,
3473 5326 3571 5366 nec
3601 5312 3688 5366 ilio

2116 5415 2292 5464 suum,
2324 5397 2418 5452 sed
2444 5398 2546 5451 erit
2570 5399 2725 5464 liber,
2757 5412 2855 5452 nec
2881 5397 2986 5452 ulla
3017 5399 3100 5453 lex
3127 5414 3247 5451 eum
3275 5409 3429 5470 coget
3471 5401 3572 5455 hoc
3611 5403 3688 5455 fa-

2115 5509 2240 5547 cere
2267 5491 2367 5546 nisi
2393 5491 2586 5544 alatur.
2615 5491 2669 5546 Si
2702 5506 2830 5560 ergo
2860 5494 2960 5546 hoc
2990 5494 3079 5546 fiat
3104 5493 3154 5546 in
3188 5494 3376 5560 servis,
3418 5495 3544 5564 quid
3597 5497 3688 5547 ab-

2116 5585 2356 5648 surdum,
2389 5582 2432 5635 si
2459 5582 2558 5635 hoc
2579 5584 2736 5635 etiam
2775 5583 2863 5635 fiat
2891 5586 2942 5637 in
2973 5584 3196 5639 liberis?
3221 5585 3473 5656 Snbjectt',
3498 5588 3679 5659 inquit.

2116 5678 2166 5730 in
2198 5678 2375 5729 timore
2407 5674 2610 5727 Christi.
2639 5674 2845 5738 Quanta
2870 5687 2952 5730 est
2978 5678 3143 5747 gratia
3166 5719 3179 5740 ,
3213 5678 3357 5748 quod
3399 5680 3556 5732 etiam
3598 5681 3686 5733 ha-

2115 5771 2336 5824 beamus
2363 5763 2703 5821 mercedem?
2739 5768 2806 5820 At
2843 5781 2948 5821 non
2984 5770 3095 5822 vult
3121 5770 3213 5822 tibi
3243 5769 3430 5840 subjici
3453 5770 3475 5821 ?
3501 5767 3604 5824 Sed
3625 5785 3678 5826 ιιι

2118 5862 2381 5930 subjicere
2410 5876 2422 5913 :
2461 5874 2566 5914 non
2592 5858 2764 5914 solum
2789 5860 3027 5919 obedias.
3060 5863 3152 5918 sed
3181 5863 3339 5914 etiam
3373 5860 3687 5928 sulijlclztt‘ls.

3330 5967 3368 6024 9
