4218 6266
487 277 590 331 138

489 391 562 446 Ita
587 393 661 447 sis
687 390 905 448 allectus
932 407 1056 464 erga
1079 408 1266 448 omnes
1294 404 1349 447 ut
1369 407 1494 463 erga
1515 390 1793 447 dominos:
1827 392 1898 446 ita
1923 390 2064 445 enim

487 487 593 540 cito
623 485 842 542 habebis
869 501 1056 542 servos
1086 487 1137 541 in
1182 487 1493 541 servitutem
1535 484 1781 541 redactos
1832 484 2063 538 maxime

488 580 763 649 tyrannica
789 580 1061 633 servitutis
1087 577 1344 647 polentia.
1377 577 1540 646 Magis
1562 577 1704 631 enim
1748 590 1842 630 eos
1883 575 2063 644 capies

487 681 541 722 et
568 671 913 741 expugnabis.
937 669 1146 740 quando
1171 670 1302 723 nihil
1343 668 1410 721 ab
1458 669 1536 722 eis
1580 680 1904 737 assequens,
1949 666 2063 734 ipse

488 778 606 828 qum
637 773 724 815 tua
749 773 874 816 sunt
907 762 986 815 eis
1028 762 1312 832 praebebis.
1361 761 1471 815 Hoc
1517 769 1598 814 est
1628 760 1752 814 illud
1785 778 1798 811 :
1832 758 2059 824 Subiecti

1200 277 1256 334 S.
1296 277 1571 334 JO.\NNIS
1607 274 2080 331 CliRYSOSTOMI
2118 275 2434 342 ARCHIEP.
2473 276 3000 333 CONSTANTINOP.

3652 284 3749 340 I36

2174 390 2384 445 inuicem
2413 391 2467 444 in
2496 391 2676 445 timore
2703 390 2888 445 Christi
2919 408 2938 445 :
2970 399 3026 446 ut
3055 391 3329 449 vincamus
3343 375 3543 451 omnes
3583 399 3748 454 animi

2173 482 2598 552 perturbationes
2624 492 2679 538 et
2706 483 2851 544 vitia,
2879 493 2937 537 ut
2962 484 3072 540 Deo
3101 487 3394 542 serviamus
3416 527 3431 552 ,
3467 497 3524 542 ut
3553 491 3747 544 carita-

2174 587 2277 630 tem
2311 575 2448 628 inter
2477 589 2574 628 nos
2597 589 2976 630 conservemus
3010 593 3024 629 :
3054 588 3108 631 et
3135 585 3260 632 tunc
3289 581 3580 647 poterimus
3607 581 3751 652 digni

2174 665 2359 720 haberi
2387 665 2474 734 qui
2504 679 2856 734 assequamur
2883 667 2978 721 Dei
3024 667 3408 738 benignitatem
3434 710 3450 735 ,
3497 672 3666 741 gratia
3698 683 3753 727 et

2171 756 2596 812 miserationibus
2611 790 2629 817 ,
2661 766 2764 813 etc.

3525 861 3745 875 —-—_

1853 894 2062 955 HOMI
2072 895 2196 955 LlA
2233 895 2392 956 XX.

487 1022 614 1077 Cur.
643 1025 695 1078 5.
723 1039 772 1077 ν.
790 1023 880 1078 22.
917 1023 1178 1086 Mulieres,
1196 1022 1316 1076 viris
1335 1020 1508 1074 vestris
1525 1019 1734 1073 subdita
1753 1026 1926 1084 estote,
1945 1016 2072 1068 sicut

565 1115 781 1169 Domino
811 1105 944 1170 εἶδέ
972 1123 1210 1186 quoniam
1235 1115 1312 1167 vir
1337 1122 1486 1179 caput
1514 1120 1585 1164 est
1632 1109 1856 1162 mulieris
1879 1148 1894 1173 ,
1943 1107 2072 1160 sicut

562 1210 793 1263 Christus
821 1187 971 1280 caput
1001 1218 1072 1262 est
1099 1207 1343 1261 Ecclesia?
1371 1221 1389 1260 :
1418 1214 1462 1258 et
1491 1204 1600 1272 ipse
1625 1202 1846 1256 salvator
1883 1214 2068 1267 corpo-

561 1301 632 1353 ris
659 1302 786 1372 ejus.
817 1299 908 1354 24.
938 1299 1044 1354 Sed
1069 1300 1196 1352 sicut
1227 1297 1458 1350 Ecclesia
1485 1294 1707 1363 subjecta
1734 1301 1806 1345 est
1830 1290 2026 1345 Christo
2051 1304 2071 1342 :

561 1393 632 1444 ita
658 1403 701 1444 et
731 1393 965 1445 mulieres
987 1392 1104 1444 viris
1127 1391 1232 1443 suis
1257 1389 1311 1441 in
1335 1379 1585 1440 omnibus.

563 1485 616 1537 1.
647 1482 790 1538 Beati
816 1484 1056 1554 coujuges
1081 1482 1175 1536 sibi
1198 1482 1406 1534 invicem
1435 1477 1816 1532 consentientes.
1869 1473 2071 1526 Amoris

494 1575 670 1629 ois.—-
691 1575 783 1628 Vir
809 1574 1022 1643 quidam
1044 1573 1257 1641 sapiens
1285 1585 1406 1625 cum
1435 1569 1486 1622 in
1538 1565 1921 1621 beatitudinum
1973 1579 2071 1617 uu-

494 1681 696 1720 mermn
723 1665 885 1717 multa
909 1663 1197 1724 retulisset,
1231 1661 1333 1714 hoc
1363 1673 1526 1713 unum
1551 1672 1765 1728 quoque
1794 1656 1969 1725 posuit
1999 1653 2074 1708 in-

495 1767 577 1810 ter
601 1754 997 1811 bcatitudines:
1038 1752 1099 1805 Et
1137 1752 1350 1815 mulier,
1395 1748 1607 1819 inquit,
1656 1761 1768 1816 quia
1809 1761 1923 1799 cum
1967 1743 2074 1797 viro

492 1849 719 1900 convenit
743 1857 788 1899 et
806 1844 1054 1899 consentit
1099 1842 1302 1913 (Eccli.
1347 1841 1436 1895 25.
1479 1840 1515 1892 2
1542 1839 1580 1906 ).
1628 1837 1696 1891 Et
1735 1850 1920 1891 rursus
1948 1834 2073 1888 alibi

495 1939 644 2007 ponit
668 1953 786 1991 cum
818 1935 1254 1997 heatitudinibus.
1285 1931 1428 2002 quod
1463 1946 1595 1985 uxor
1618 1929 1777 1982 simul
1815 1942 1932 1981 cum
1965 1942 2078 1980 ma-

493 2029 597 2082 rito
615 2026 824 2082 habitet
850 2040 969 2079 cum
991 2023 1294 2080 concordia.
1326 2021 1626 2089 Quinetiam
1652 2020 1719 2072 ab
1747 2018 1897 2071 initio
1938 2016 2076 2070 Deus

495 2119 708 2174 videtur
732 2133 974 2188 magnam
996 2131 1177 2171 curam
1209 2113 1439 2182 gessisse
1467 2113 1625 2182 hujus
1649 2108 2073 2179 conjunctionis;

498 2219 553 2264 et
577 2209 646 2265 de
671 2209 930 2263 ambobus
955 2218 1222 2278 tamquam
1251 2205 1316 2259 de
1333 2219 1440 2258 uno
1456 2203 1699 2274 loquens,
1727 2202 1804 2255 sic
1827 2199 2074 2254 diccbat:

498 2299 788 2356 Hasculum
813 2309 864 2352 et
885 2300 1124 2368 feminam
1156 2297 1274 2368 fecit
1303 2312 1386 2351 eos
1415 2295 1435 2365 (
1463 2293 1591 2350 Gen.
1625 2294 1676 2346 l.
1706 2291 1773 2346 27
1795 2293 1813 2360 )
1834 2307 1849 2354 ;
1871 2303 1928 2345 et
1957 2305 2076 2343 rur-

496 2408 612 2456 sus,
648 2388 767 2444 Non
793 2399 865 2444 est
890 2390 1161 2452 masculus,
1194 2402 1284 2440 nec
1315 2387 1502 2454 femina
1529 2385 1548 2454 (
1575 2383 1693 2437 Gal.
1723 2383 1775 2436 5.
1805 2381 1874 2436 28
1897 2383 1934 2449 ).
1962 2380 2077 2434 Non

497 2493 581 2539 est
609 2482 754 2538 enim
789 2492 932 2535 tanta
958 2479 1055 2533 viri
1079 2493 1200 2533 cum
1233 2477 1347 2530 viro
1375 2472 1712 2530 necessitudo
1755 2481 1809 2526 et
1853 2471 2076 2540 conjun-

499 2576 626 2640 ctio,
647 2583 842 2644 quanta
866 2569 1101 2625 mulieris
1126 2584 1246 2622 cum
1266 2567 1402 2632 viro,
1425 2566 1469 2619 si
1495 2568 1566 2620 sit
1583 2574 1727 2618 recte
1745 2562 2075 2632 coniugatus.

503 2666 792 2734 Propterea
819 2663 898 2715 vir
921 2660 1134 2730 quidam
1166 2659 1352 2712 beatus
1376 2669 1638 2709 summam
1668 2655 1970 2722 signiﬁcans
1994 2651 2079 2704 di-

504 2756 806 2814 lectionem.
843 2760 896 2805 et
924 2751 1111 2819 lugens
1140 2747 1422 2816 quemdam
1451 2760 1516 2799 ex
1542 2743 1653 2797 suis
1681 2742 1887 2806 amicis,
1917 2743 2078 2811 etqui

501 2855 654 2902 erant
673 2845 988 2910 unanimes,
1021 2858 1126 2896 non
1153 2840 1286 2894 dixit
1313 2849 1542 2906 patrem,
1568 2851 1672 2889 non
1701 2843 1948 2900 matrem,
1973 2849 2077 2886 non

504 2941 693 3004 lilium,
720 2953 823 2992 non
854 2934 1094 2998 fratrem,
1123 2947 1230 2984 non
1260 2929 1523 2992 amicum;
1555 2924 1649 2980 sed
1675 2924 1842 2994 quid?
1891 2922 2080 2976 Cecidit

501 3032 704 3085 dilectio
731 3038 817 3081 tua
839 3043 988 3096 super
1009 3041 1105 3088 me,
1139 3023 1346 3091 inquit,
1376 3029 1631 3086 tamquam
1673 3014 1872 3068 dilectio
1911 3015 2080 3067 mulie-

501 3139 615 3176 rum
644 3120 738 3192 (l.
770 3119 896 3188 Reg.
927 3119 974 3170 l.
1001 3114 1128 3184 26).
1162 3112 1369 3167 Revera
1395 3109 1536 3164 enim
1564 3149 1578 3171 ,
1619 3121 1807 3160 revera
1855 3104 1970 3160 hmc
1999 3103 2081 3157 di-

501 3213 658 3268 lectio
683 3220 766 3266 est
793 3209 961 3278 magis
1000 3206 1310 3278 tyrannica,
1358 3216 1518 3273 quam
1569 3199 1772 3270 quaevis
1817 3199 2076 3270 tyrannis.

500 3305 630 3359 Nam
659 3303 778 3357 alite
804 3299 1016 3370 quidem
1045 3306 1168 3351 sunt
1191 3294 1575 3358 vehementes;
1610 3291 1724 3346 haec
1767 3300 1943 3345 autem
1983 3304 2079 3344 cu-

505 3397 696 3466 piditas
727 3394 886 3449 habet
912 3401 966 3446 et
992 3389 1422 3454 vehementiam,
1473 3393 1528 3440 et
1576 3385 1718 3454 quod
1767 3398 1871 3438 non
1914 3382 2082 3453 possit

505 3499 834 3540 marcescere
867 3500 881 3535 :
914 3480 1052 3536 inest
1077 3481 1220 3534 enim
1246 3478 1459 3547 quidam
1484 3490 1636 3530 amor
1665 3474 1715 3528 in
1754 3483 1938 3528 natura
1987 3471 2082 3526 de-

503 3579 781 3638 litescens,
807 3581 861 3627 et
904 3588 1001 3626 nos
1029 3572 1201 3624 latens
1233 3568 1499 3623 connectit
1538 3568 1653 3621 haec
1681 3580 1923 3634 corpora.
1949 3565 2078 3618 Pro-

506 3678 687 3737 pterea
713 3677 768 3720 et
795 3665 862 3719 ab
889 3663 1039 3716 initio
1065 3677 1128 3715 ex
1147 3662 1261 3713 viro
1282 3660 1491 3721 mulier,
1507 3667 1560 3712 et
1585 3670 1767 3726 postea
1795 3675 1860 3712 ex
1887 3657 2000 3710 viro
2028 3664 2082 3710 et

505 3757 732 3812 muliere
760 3754 910 3808 viret
934 3753 1141 3805 mulier.
1172 3749 1330 3804 \‘ides
1349 3749 1775 3818 coniunctionem
1801 3760 1854 3802 et
1879 3763 2080 3802 conne-

507 3850 741 3913 sionem,
768 3856 822 3899 et
859 3841 1127 3913 quomodo
1159 3857 1263 3893 non
1310 3840 1495 3892 siverit
1541 3838 1698 3891 aliam
1743 3839 2081 3892 extrinsecus

501 3940 708 4011 ingredi
735 3933 1062 3992 essentiam?
1094 3931 1222 3985 Vide
1249 3940 1424 3984 autem
1465 3944 1622 3998 quam
1655 3928 1818 3980 multa
1859 3928 2081 3982 admini-

508 4031 694 4085 strarit
738 4037 792 4082 et
833 4025 1176 4094 dispensarit.
1223 4021 1416 4076 Passus
1451 4031 1534 4074 est
1573 4019 1742 4088 ipsum
1792 4033 1940 4072 suam
1989 4033 2080 4072 so-

498 4137 682 4178 rorem
730 4119 929 4173 ducere
987 4099 1251 4178 uxorem,
1296 4110 1381 4166 vel
1427 4109 1605 4180 potius
1644 4123 1749 4162 non
1795 4122 2034 4163 sororem
2061 4148 2077 4172 ,

507 4215 602 4268 sed
661 4213 858 4276 tiliam,
906 4208 988 4263 vel
1033 4207 1210 4277 potius
1255 4219 1363 4260 non
1394 4203 1578 4266 liliam,
1621 4201 1716 4257 sed
1756 4202 1877 4272 plus
1920 4216 2079 4272 quam

510 4305 710 4366 tiliam,
761 4315 953 4369 nempe
1012 4312 1162 4353 suam
1217 4310 1433 4351 carnem
1468 4315 1482 4349 :
1515 4304 1684 4350 totum
1729 4304 1906 4349 autem
1955 4293 2082 4348 fecit

503 4401 574 4453 ab
613 4399 722 4451 alto
771 4396 932 4466 petita
963 4393 1203 4464 origine,
1235 4392 1374 4447 sicut
1420 4389 1473 4445 in
1516 4389 1778 4460 lapidibus
1805 4429 1818 4455 ,
1867 4403 1962 4444 eos
1990 4404 2082 4443 co-

501 4504 634 4561 gens
661 4490 711 4543 in
742 4503 926 4542 unum.
960 4485 1076 4540 Non
1103 4485 1245 4540 enim
1267 4498 1389 4539 eam
1425 4481 1553 4539 fecit
1594 4482 1930 4540 extrinsecus
1954 4523 1970 4547 ,
2012 4496 2081 4536 ne

502 4596 770 4653 tamquam
795 4581 982 4634 aliena:
1011 4580 1058 4633 ei
1083 4577 1363 4632 adhiberet
1388 4577 1663 4644 animum;
1693 4591 1866 4647 neque
1893 4590 2079 4632 rursus

500 4663 570 4729 ad
621 4675 794 4743 ipsum
842 4685 1011 4738 usque
1053 4670 1202 4723 stetit
1239 4669 1675 4734 matrimonium,
1729 4684 1800 4724 ne
1843 4669 2079 4738 seipsum

499 4778 760 4820 coercens
792 4771 846 4819 et
872 4776 1069 4830 cogens
1093 4768 1430 4829 separaretnr
1455 4775 1486 4814 a
1515 4760 1741 4815 caeteris.
1778 4759 1849 4815 Et
1875 4761 2079 4815 sicutin

501 4855 700 4926 plantis
729 4853 832 4907 illae
870 4861 996 4905 sunt
1038 4851 1192 4920 longe
1233 4849 1449 4918 optimae
1486 4857 1543 4904 et
1583 4850 2036 4919 praestantissimae
2059 4889 2077 4916 ,

501 4963 621 5016 qua:
652 4945 849 4999 habent
872 4956 1035 4996 unum
1067 4941 1298 5010 stipitem
1326 4949 1380 4994 et
1415 4939 1774 4995 extenduntur
1801 4939 1867 4993 ad
1901 4954 2078 4994 ramos

503 5039 739 5103 multos;
770 5054 876 5106 quo
907 5034 962 5089 lit
994 5044 1050 5088 ut
1075 5034 1123 5088 si
1145 5035 1321 5088 omnia
1349 5041 1551 5088 temere
1587 5032 1759 5086 solum
1803 5042 2078 5086 vertantur

498 5128 643 5184 circa
671 5126 936 5192 radicem,
978 5136 1031 5180 et
1058 5124 1252 5179 multas
1274 5124 1432 5178 etiam
1461 5123 1688 5178 habeant
1715 5122 1938 5187 radices,
1972 5140 2075 5178 non

497 5233 586 5276 est
613 5222 793 5290 utique
816 5220 977 5275 arbor
996 5220 1155 5291 digna
1179 5218 1530 5273 admiratione
1561 5237 1572 5270 :
1602 5217 1670 5270 ita
1709 5216 1794 5270 hic
1828 5231 2040 5286 quoque
2059 5259 2074 5282 ,

501 5330 571 5369 es
603 5330 709 5367 uno
727 5311 1086 5385 Adamollecit
1110 5323 1167 5366 ut
1193 5311 1523 5380 plantaretur
1546 5309 1852 5362 universum
1885 5323 2072 5376 genus,

506 5406 561 5462 id
583 5407 649 5461 ad
675 5417 919 5475 magnam
960 5401 1206 5470 redigcns
1236 5400 1608 5457 necessitatem
1637 5412 1692 5453 ut
1723 5415 1827 5453 non
1857 5399 2076 5452 divelle-

498 5508 647 5552 retur
677 5510 776 5550 nec
804 5501 1165 5562 scpararetur.
1192 5492 1257 5544 Et
1277 5491 1446 5561 magis
1465 5489 1816 5553 coutrahens,
1868 5489 1992 5543 fecit
2020 5499 2076 5544 ut

506 5603 721 5642 sorores
747 5597 800 5640 et
829 5585 947 5638 lilia:
976 5599 1081 5638 non
1113 5581 1338 5650 amplius
1373 5581 1696 5636 ducerentur
1731 5594 1924 5636 uxores
1947 5621 1964 5648 ,
2005 5596 2072 5636 ne

500 5691 687 5732 rursus
711 5677 1051 5733 dilectionem
1081 5675 1133 5728 in
1164 5686 1325 5726 unum
1355 5671 1814 5734 contraheremus,
1837 5681 1888 5726 et
1917 5673 2070 5729 aliter

2174 1032 2551 1085 separaremur
2598 1032 2630 1072 a
2669 1017 2823 1072 nobis
2867 1019 3016 1088 ipsis.
3044 1019 3334 1090 Propterea
3363 1021 3572 1079 dicebat
3605 1043 3618 1080 :
3654 1027 3754 1091 Qui

2175 1108 2292 1176 fecit
2319 1107 2380 1159 ab
2410 1108 2572 1171 initio,
2606 1109 2886 1162 masculum
2906 1119 2953 1164 et
2980 1111 3221 1181 feminam
3245 1113 3363 1181 fecit
3402 1130 3486 1168 eos
3525 1116 3751 1186 (Matth.

2177 1198 2265 1254 i9.
2293 1200 2327 1254 4
2346 1196 2386 1270 ).
2430 1198 2615 1267 Magna
2641 1199 2783 1254 enim
2808 1215 2874 1254 ex
2898 1200 2981 1255 bis
3002 1211 3293 1257 nascuntur
3322 1205 3458 1258 mala
3486 1215 3540 1261 et
3563 1223 3750 1276 magna

2178 1289 2312 1343 bona
2339 1299 2393 1344 et
2419 1289 2665 1345 domibus
2693 1301 2749 1345 et
2777 1291 3104 1348 civitatibus.
3136 1293 3279 1349 Nihil
3328 1297 3470 1351 enim
3514 1309 3750 1353 nostram

2175 1380 2338 1435 vitam
2363 1398 2514 1452 mque
2542 1384 2858 1449 concinnat,
2894 1394 2952 1438 ut
2975 1401 3126 1441 amor
3153 1387 3252 1442 viri
3272 1397 3328 1444 et
3351 1391 3590 1446 mulieris
3618 1411 3631 1446 :
3657 1411 3752 1463 pro

2177 1488 2242 1528 eo
2269 1474 2418 1527 multi
2449 1489 2596 1528 arma
2624 1483 2866 1543 sumunt,
2896 1491 2992 1546 pro
3018 1492 3084 1532 eo
3113 1479 3271 1533 etiam
3302 1481 3588 1550 projiciunt
3631 1486 3752 1538 ani~

2177 1579 2338 1618 mam.
2363 1564 2476 1618 Non
2498 1565 2638 1619 enim
2664 1575 2864 1621 temere
2895 1567 3049 1636 hujus
3079 1568 3156 1623 rei
3183 1571 3402 1625 multam
3426 1588 3610 1628 curam
3629 1590 3753 1643 grs-

2177 1656 2248 1710 sit
2270 1655 2494 1721 Paulus,
2527 1667 2581 1712 et
2611 1657 2664 1712 in
2693 1673 2759 1712 eo
2789 1658 2966 1727 posuit
2994 1660 3225 1715 studium
3247 1701 3264 1728 ,
3295 1661 3482 1718 dicens
3519 1683 3531 1716 :
3565 1665 3752 1719 Mulie-

2178 1763 2258 1800 res
2287 1747 2405 1799 viris
2433 1747 2538 1801 suis
2567 1748 2778 1802 subdita:
2806 1750 2906 1803 sint
2933 1751 3061 1804 sicut
3087 1750 3324 1807 Domino.
3354 1755 3574 1822 Quare?
3608 1757 3754 1824 Quo-

2179 1839 2321 1892 niam
2343 1840 2386 1893 si
2410 1839 2462 1892 hi
2484 1838 2592 1893 sint
2630 1840 2684 1894 in
2728 1841 3045 1908 concordia,
3091 1853 3146 1898 et
3190 1854 3333 1901 recte
3367 1848 3579 1902 aluntur
3623 1849 3753 1913 lilii,

2179 1939 2324 1984 ret-te
2365 1930 2590 1984 ordinati
2637 1942 2761 1986 sunt
2815 1933 3031 1998 famuli,
3079 1943 3134 1990 et
3176 1935 3318 1991 bono
3363 1953 3547 1994 eorum
3592 1939 3756 1994 odore

2182 2019 2428 2075 fruuntur
2451 2022 2630 2087 vicini,
2659 2024 2922 2094 amicique
2951 2037 3005 2080 et
3025 2028 3237 2097 cognati
3267 2046 3281 2081 :
3312 2029 3392 2083 sin
3419 2043 3596 2086 autem
3621 2048 3753 2086 con-

2154 2121 2283 2176 -tra,
2306 2123 2616 2169 evertuntur
2643 2125 2698 2170 et
2721 2116 3122 2174 confunduntur
3145 2126 3343 2176 omnia.
3376 2123 3440 2178 Et
3469 2125 3605 2179 sicut
3632 2141 3754 2180 cum

2181 2205 2343 2260 duces
2369 2209 2634 2263 exercitus
2669 2209 2806 2264 inter
2835 2209 2895 2265 Se
2928 2226 3110 2280 pacem
3151 2223 3348 2282 agunt,
3388 2217 3565 2270 omnia
3606 2234 3754 2272 suam

2179 2307 2396 2352 serVant
2421 2301 2895 2368 consequentiam;
2928 2301 3046 2355 etsi
3089 2318 3274 2358 rursus
3324 2304 3399 2358 illi
3442 2308 3753 2368 turbentur.

2182 2401 2393 2442 sursum
2417 2397 2472 2443 et
2493 2389 2743 2443 deorsum
2765 2402 2994 2460 aguntur
3015 2393 3194 2447 omnia
3220 2410 3230 2445 :
3257 2394 3327 2447 ita
3357 2410 3496 2449 nunc
3521 2413 3753 2466 quoque.

2183 2476 2306 2532 Ideo
2336 2479 2439 2545 ait,
2472 2478 2717 2534 Mulieres
2737 2482 2858 2535 uiris
2886 2487 2994 2536 suis
3017 2482 3232 2537 subdita:
3251 2485 3349 2538 sint
3369 2525 3385 2551 ,
3427 2488 3555 2540 sicut
3581 2485 3762 2540 Domi-

2183 2586 2247 2623 no
2277 2573 2293 2639 (
2320 2569 2432 2624 Col.
2462 2572 2516 2626 5.
2551 2572 2618 2626 18
2641 2574 2681 2642 ).
2723 2573 2917 2643 Papze!
2948 2575 3216 2644 quomodo
3254 2592 3381 2646 ergo
3406 2577 3542 2634 dicis
3577 2581 3701 2635 alibi
3740 2598 3754 2633 :

2182 2661 2292 2715 Nisi
2320 2663 2440 2731 quis
2471 2665 2857 2719 renuntiaverit
2881 2667 3033 2721 uxori
3059 2675 3113 2721 et
3139 2669 3252 2723 viro
3278 2709 3295 2734 ,
3325 2685 3430 2724 non
3460 2680 3632 2740 potest
3670 2689 3759 2726 mo

2183 2757 2332 2825 sequi
2360 2756 2639 2827 (Lucan.
2690 2759 2841 2829 3'5)?
2880 2759 2933 2814 Si
2973 2761 3116 2815 enim
3157 2761 3346 2832 subjici
3377 2773 3587 2832 oportet
3628 2775 3761 2819 tant-

2191 2863 2345 2917 quam
2362 2848 2614 2919 Domino,
2636 2851 2904 2921 quomodo
2929 2852 3061 2908 dicit
3080 2853 3219 2923 quod
3238 2865 3458 2925 propter
3481 2858 3758 2913 Dominum

2189 2951 2432 3012 oporteat
2467 2944 2785 3000 discedere?
2806 2945 2874 2999 Et
2899 2961 3023 3001 vere
3041 2948 3260 3002 omnino
3281 2960 3489 3019 oportet
3515 2967 3528 3003 :
3557 2953 3648 3006 sed
3695 2955 3758 3005 il-

2184 3032 2270 3086 lud
2295 3073 2312 3098 ,
2357 3035 2522 3098 sicut,
2571 3050 2674 3088 non
2709 3046 2790 3088 est
2817 3051 3027 3106 semper
3047 3040 3264 3093 omnino
3283 3043 3619 3108 mqualitatis.
3654 3047 3758 3098 Aut

2186 3125 2286 3180 hoc
2313 3125 2480 3178 dicit:
2516 3127 2666 3181 Sicut
2689 3143 2808 3197 quae
2846 3129 3027 3184 sciatis
3055 3131 3196 3200 quod
3236 3131 3461 3189 Domino
3505 3137 3712 3190 servitis
3743 3155 3756 3191 :

2183 3216 2321 3285 quod
2345 3217 2504 3270 etiam
2542 3216 2670 3272 dicit
2701 3219 2847 3282 alibi,
2876 3220 3014 3289 quod
3036 3222 3080 3274 si
3108 3237 3212 3276 non
3239 3234 3456 3294 propter
3485 3227 3753 3290 maritum,

2183 3305 2274 3359 sed
2310 3306 2571 3374 inprimis
2594 3317 2810 3376 propter
2843 3309 3124 3364 Dominum
3158 3329 3170 3364 ε
3203 3322 3330 3379 aut,
3361 3315 3584 3380 Quando
3614 3317 3760 3372 cedis

2184 3396 2398 3460 marito,
2431 3406 2488 3449 ut
2517 3397 2738 3452 Domino
2767 3399 3030 3466 serviens,
3060 3409 3113 3456 te
3139 3402 3357 3473 obsequi
3387 3415 3532 3476 puta.
3562 3406 3693 3462 Nam
3716 3411 3757 3460 si

2185 3487 2261 3549 Is,
2281 3489 2366 3555 qui
2397 3489 2475 3541 his
2504 3490 2722 3543 externis
2751 3491 2979 3545 civilibus
3007 3494 3196 3548 resistit
3225 3497 3599 3567 magistratibus
3618 3541 3632 3561 ,
3668 3500 3759 3554 Dci

2188 3581 2367 3633 resistit
2395 3580 2706 3634 ordinationi
2734 3580 2920 3651 (Rom.
2954 3583 3041 3638 15.
3069 3583 3140 3655 2)
3164 3626 3178 3650 ,
3210 3589 3378 3642 multo
3426 3591 3591 3658 magis
3643 3607 3760 3659 quas

2186 3674 2376 3728 marito
2408 3690 2510 3727 non
2541 3675 2841 3743 subjicitur.
2876 3675 2964 3730 Sic
2997 3677 3137 3732 Deus
3164 3679 3331 3734 voluit
3353 3684 3421 3735 ab
3445 3682 3615 3737 initio.
3655 3683 3760 3738 Po-

2188 3778 2376 3817 namus
2402 3779 2528 3834 ergo
2556 3765 2726 3818 virum
2755 3765 2969 3834 quidem
2997 3767 3236 3823 ordinem
3264 3779 3319 3825 et
3363 3772 3536 3826 locum
3581 3783 3762 3827 tenete

2186 3856 2395 3926 capitis,
2427 3857 2708 3912 mulierem
2755 3867 2931 3913 autem
2977 3861 3239 3929 corporis.
3296 3862 3500 3918 Deinde
3535 3866 3695 3919 etiam
3730 3883 3758 3918 a

2188 3947 2483 4001 rationibus
2512 3948 2763 4010 ostendit,
2808 3949 2947 4018 quod
2979 3950 3058 4004 vir
3087 3953 3156 4004 sit
3189 3962 3348 4020 caput
3371 3955 3611 4010 mulieris
3631 3998 3646 4022 ,
3682 3957 3762 4009 in-

2185 4037 2319 4106 qnit,
2345 4036 2489 4091 Sicut
2519 4037 2748 4091 Christus
2773 4049 2926 4108 caput
2951 4052 3027 4094 est
3053 4040 3316 4108 Ecclesia,
3344 4053 3388 4096 et
3414 4045 3522 4113 ipse
3550 4056 3625 4100 est
3653 4048 3759 4100 sal-

2186 4139 2329 4182 vator
2351 4130 2594 4199 corporis.
2629 4129 2734 4185 Sed
2760 4133 2887 4185 sicut
2913 4131 3140 4187 Ecclesia
3164 4136 3387 4202 subjecta
3425 4149 3497 4192 est
3525 4139 3758 4205 Christo,

2185 4221 2257 4273 ita
2284 4229 2329 4273 et
2358 4219 2591 4274 mulieres
2621 4221 2738 4274 viris
2765 4224 2872 4276 suis
2897 4225 2949 4277 in
2974 4225 3223 4280 oumibus.
3251 4226 3453 4282 Deinde
3478 4239 3758 4300 postquam

2186 4308 2337 4373 dixit,
2376 4309 2466 4362 Vir
2487 4321 2637 4380 caput
2660 4321 2733 4366 est
2750 4313 2995 4379 mulieris,
3013 4315 3142 4369 sicut
3167 4325 3215 4369 et
3239 4315 3464 4372 Christus
3487 4317 3760 4386 Ecclesia;

2186 4401 2356 4464 addit,
2389 4398 2456 4454 Et
2497 4401 2604 4474 ipse
2638 4414 2709 4456 est
2748 4403 2969 4460 salvator
3005 4409 3235 4476 corporis
3257 4427 3276 4463 :
3299 4419 3459 4480 caput
3499 4412 3640 4466 enim
3678 4424 3760 4467 est

2187 4495 2332 4549 salus
2370 4497 2628 4565 corporis.
2663 4495 2778 4552 Jam
2811 4500 3003 4554 marito
3026 4506 3084 4555 et
3127 4503 3284 4556 uxori
3328 4503 3458 4571 jecit
3489 4513 3756 4574 tamquam

2186 4583 2590 4639 fundamentum
2614 4588 2886 4642 caritatem
2925 4597 2981 4644 et
3004 4591 3386 4659 providentiam
3413 4633 3428 4658 ,
3475 4595 3760 4663 unicuique

2187 4673 2362 4728 locum
2390 4675 2627 4730 tribuens
2656 4677 3066 4733 convenientem
3087 4719 3101 4743 ,
3141 4683 3332 4736 marito
3365 4681 3581 4750 quidem
3613 4687 3760 4754 prino

2185 4764 2392 4834 cipatus
2414 4773 2468 4819 ct
2496 4767 2843 4834 providentia:
2861 4808 2876 4833 ,
2909 4769 3057 4822 uxori
3081 4785 3207 4824 vero
3235 4771 3602 4839 subjeCIiOnis.

2255 4854 2308 4908 2.
2337 4855 2481 4910 Sicut
2508 4872 2626 4927 ergo
2658 4856 2890 4912 Ecclesia
2934 4861 3159 4929 subjecta
3190 4870 3260 4913 est
3289 4861 3529 4927 Christo;
3562 4863 3612 4919 id
3641 4875 3726 4920 est
3746 4907 3761 4931 ,

2188 4945 2283 5000 viri
2311 4956 2366 5000 et
2391 4947 2640 5003 mulieres
2665 4965 2679 5001 :
2711 4951 2782 5002 ita
2809 4952 2962 5004 etiam
2990 4955 3225 5006 mulieres
3251 4956 3446 5009 maritis
3471 4958 3600 5009 sicut
3629 4956 3761 5012 Deo.

2187 5036 2274 5091 25.
2321 5035 2457 5102 Viri,
2484 5037 2679 5109 diligite
2717 5056 2898 5093 mres
2929 5051 3116 5095 uestras
3135 5084 3148 5104 ,
3181 5043 3306 5096 sicut
3332 5054 3378 5098 et
3428 5045 3656 5102 Christus
3687 5049 3763 5100 di-

2195 5127 2316 5182 lexit
2377 5127 2682 5184 Ecclesium.
2741 5130 3004 5184 Audivisti
3065 5147 3327 5189 summam
3379 5136 3760 5201 dilectionem;

2188 5216 2413 5270 laudasti
2454 5227 2511 5273 et
2541 5218 2832 5274 admiratus
2858 5235 2918 5275 es
2962 5221 3179 5276 Paulum
3203 5265 3217 5287 ,
3248 5234 3306 5279 ut
3348 5227 3442 5295 qui
3487 5238 3760 5298 tamquam

2184 5309 2265 5362 vir
2305 5309 2631 5364 admirabilis
2657 5321 2711 5364 et
2757 5313 3055 5384 spiritualis
3100 5327 3336 5370 nostram
3366 5319 3526 5372 vitam
3556 5321 3761 5375 euasti--

2185 5409 2376 5455 tueret.
2409 5401 2593 5456 Recte.
2627 5402 2734 5457 Sed
2775 5405 2900 5458 audi
2970 5421 3090 5475 qua:
3135 5422 3164 5460 a
3213 5417 3263 5462 te
3309 5411 3522 5478 exigit:
3574 5427 3760 5465 rursus

2181 5492 2322 5544 enim
2355 5492 2542 5547 eodem
2571 5495 2738 5548 utitur
2779 5497 3068 5568 exemplo:
3105 5495 3243 5552 'i'iri.
3304 5499 3513 5569 Inquit,
3573 5502 3760 5572 iiligite

2180 5596 2363 5635 uxores
2407 5593 2629 5648 uestras,
2673 5585 2803 5640 sicut
2848 5597 2895 5641 et
2941 5587 3172 5644 Christus
3215 5591 3394 5644 dilexit
3443 5590 3755 5652 Ecclesium.

2181 5671 2376 5729 Vidisti
2399 5689 2703 5732 mensuram
2728 5679 3085 5735 obedientiar?
3107 5679 3243 5737 Audi
3266 5683 3424 5738 etiam
3447 5696 3760 5742 mensuram
