4218 6266
469 298 572 354 157

464 409 754 481 ἀγαπᾶτε,
791 407 948 479 φησὶ,
986 404 1092 473 τὰς
1120 405 1411 477 γυναῖκας
1439 404 1690 468 ἑαυτῶν,
1723 406 1919 472 καθὼς
1946 406 2043 459 καὶ

464 498 500 549 ό
522 491 777 562 Χριστὸς
799 489 1079 561 ἠγάπησε
1102 489 1217 557 τὴν
1254 488 1640 555 Ἐκκλησίαν.
1669 484 1823 550 Εἶδες
1851 490 2050 559 μέτρον

466 578 746 646 ὑπακοῆς;
780 575 1047 626 ’Ἄκουσον
1077 576 1170 624 καὶ
1202 572 1400 642 μέτρον
1444 570 1689 639 ἀγάπης.
1735 570 1923 623 Βούλει
1967 586 2049 622 σοι

464 661 565 733 τὴν
586 661 823 727 γυναῖκα
855 654 1178 718 ὑπακούειν,
1208 655 1282 717 ὡς
1316 653 1393 724 τῷ
1425 655 1645 726 Χριστῷ
1673 654 1772 725 τὴν
1817 653 2050 721 Ἐκκλη-

466 745 589 796 σίαν
611 759 624 806 ;
652 742 876 814 Προνόει
893 741 987 792 καὶ
1005 738 1166 799 αὐτὸς
1188 738 1383 807 αὑτῆς,
1400 738 1475 800 ώς
1505 738 1534 790 6
1552 737 1786 808 Χριστὸς
1801 737 1900 805 τῆς
1930 737 2052 789 Ἐκ-

465 825 695 895 κλησίας
715 840 729 854 ’
758 822 859 876 κᾶν
893 823 991 893 τὴν
1018 821 1196 892 ψυχὴν
1228 822 1369 891 ὑπὲρ
1407 821 1578 890 αὐτῆς
1608 820 1793 874 δοῦναι
1821 820 1920 883 δεῖ,
1949 819 2050 874 κᾶν

465 906 849 976 κατακοπῆναι
878 906 1158 976 μυριάκις,
1185 904 1287 958 κᾶν
1308 903 1486 958 ὁτιοῦν
1510 905 1802 974 ὑπομεῖναι
1831 905 1925 956 καὶ
1945 919 2053 955 πα-

465 993 601 1054 θεῖν,
625 990 700 1061 μὴ
730 988 1048 1062 παραιτήσῃ
1071 1004 1086 1017 ’
1114 986 1217 1041 κᾶν
1239 987 1413 1041 ταῦτα
1438 987 1638 1058 πάθῃς,
1662 986 1815 1039 οὐδὲν
1838 985 2052 1039 οὐδέπω

464 1076 794 1145 πεποίηκας,
818 1066 930 1126 οἷον
952 1074 979 1124 ὀ
994 1072 1250 1142 Χριστός.
1278 1071 1350 1124 Σὺ
1378 1069 1477 1140 μὲν
1498 1071 1608 1141 γὰρ
1630 1070 1733 1142 ἢδη
1758 1068 2051 1138 συναφθεὶς

462 1160 638 1213 ταῦτα
677 1157 875 1220 ποιεῖς,
910 1157 1119 1218 ἐκεῖνος
1155 1153 1213 1206 δὲ
1247 1154 1389 1226 ὑπὲρ
1422 1152 1910 1224 ἀποστρεφομένης
1952 1151 2051 1204 αὑ-

461 1245 555 1298 τὸν
583 1243 678 1296 καὶ
712 1239 997 1312 μισούσης.
1030 1239 1243 1309 ’Ὠσπερ
1275 1233 1368 1291 οὖν
1396 1235 1560 1299 αὑτὸς
1585 1236 1685 1309 τὴν
1713 1239 2053 1305 ἀποστρεφο-

467 1328 639 1399 μένην
658 1323 821 1379 αὑτὸν
842 1325 936 1377 καὶ
968 1321 1232 1394 μισοῦσαν
1253 1321 1349 1374 καὶ
1371 1318 1739 1373 διαπτύονσαν
1782 1318 1876 1372 καὶ
1923 1317 2053 1388 θρυ-

465 1409 744 1481 πτομένην
771 1406 900 1478 περ)⁸
927 1407 1054 1468 τοὺς
1086 1404 1254 1466 πόδας
1284 1401 1450 1457 αὑτοῦ
1472 1405 1538 1472 τῇ
1561 1401 1727 1473 πολλῇ
1754 1403 1929 1473 ἧγαγε
1951 1417 2055 1469 κη-

463 1491 690 1564 δεμονίᾳ
706 1529 722 1554 ,
745 1491 846 1543 οὑκ
872 1487 1146 1550 ἀπειλαῖς,
1169 1485 1291 1540 οὑδὲ
1313 1485 1557 1557 ὕϐρεσιν,
1580 1484 1703 1538 οὐδὲ
1734 1484 1905 1555 φόϐῳ,
1929 1482 2054 1536 οὑδὲ

466 1575 640 1647 ἑτέρῳ
679 1574 788 1627 τινὶ
815 1570 1042 1640 τοιούτῳ
1062 1587 1075 1600 ·
1118 1569 1261 1622 οὑτω
1294 1569 1388 1621 καὶ
1422 1569 1486 1621 σὺ
1520 1567 1657 1638 πρὸς
1683 1566 1783 1638 τὴν
1816 1568 2053 1635 γυναῖκα

464 1659 558 1730 ἔχε
596 1657 694 1729 τὴν
742 1658 875 1727 σήν·
919 1654 1023 1709 κᾶν
1056 1650 1604 1723 ὑπερορῶσαν,,κάν
1648 1649 2052 1721 θρυπτομένην,

465 1739 917 1811 καταφρονοῦσαν
960 1736 1098 1808 ῑδης,
1129 1736 1332 1806 δυνήσῃ
1363 1732 1534 1804 αὑτὴν
1573 1732 1678 1786 ὑπὸ
1710 1733 1839 1795 τοὺς
1885 1732 2053 1794 πόδας

464 1827 691 1894 ἀγαγεῖν
721 1824 846 1885 τοὺς
883 1823 1009 1884 σοὺς
1034 1823 1099 1890 τῇ
1136 1819 1304 1890 πολλῇ
1341 1818 1470 1889 περὶ
1500 1818 1670 1886 αὑτὴν
1701 1816 1945 1887 προνοίᾳ,
1983 1817 2052 1887 τῇ

462 1909 676 1978 ἀγάπῃ,
708 1909 775 1977 τῇ
812 1904 985 1975 φιλίᾳ.
1016 1902 1184 1956 Οὐδὲν
1215 1902 1324 1973 γὰρ
1358 1901 1561 1954 τούτων
1588 1899 2056 1970 τυραννικώτερον

462 1994 571 2045 τῶν
596 1990 833 2060 δεσμῶν,
856 1989 951 2041 καὶ
981 1986 1219 2054 μάλιστα
1242 1983 1397 2054 ἀνδρὶ
1428 1986 1524 2036 καὶ
1550 1982 1793 2051 γυναικί.
1819 1983 2055 2053 Οἰκέτην

467 2076 570 2147 μὲν
603 2076 716 2146 γὰρ
748 2073 899 2143 φόϐῳ
933 2088 1019 2135 τις
1050 2070 1119 2124 ἂν
1155 2069 1458 2140 καταδῆσαι
1496 2068 1810 2138 δυνήσεται,
1852 2067 2055 2139 μᾶλλον

462 2161 521 2213 δὲ
552 2157 675 2213 οὑδὲ
699 2158 907 2210 ἐκεῖνον
927 2171 940 2185 ⁸
970 2153 1181 2224 ταχέως
1205 2153 1313 2224 γὰρ
1341 2151 1706 2223 ἀποπηδήσας
1731 2151 2017 2221 οἰχήσεται
2035 2166 2051 2181 ο

462 2245 561 2316 τὴν
592 2243 649 2296 δὲ
691 2241 786 2294 τοῦ
820 2240 935 2310 βίου
961 2237 1240 2299 κοινωνὸν,
1288 2238 1389 2306 τὴν
1433 2236 1640 2289 παίδων
1677 2237 1913 2305 μητέρα,
1955 2234 2056 2305 τὴν

464 2329 649 2396 πάσης
688 2321 1031 2396 εὐφροσύνης
1065 2318 1346 2383 ὑπόθεσιν,
1381 2319 1442 2371 οὑ
1477 2318 1628 2389 φόϐῳ
1671 2319 1766 2371 καὶ
1804 2316 2056 2381 ἀπειλαῖς

465 2410 547 2463 δεῖ
576 2406 965 2475 καταδεσμεῖν,
997 2402 1111 2455 ἀλλ’
1142 2401 1334 2471 ἀγάπῃ
1358 2402 1453 2454 καὶ
1484 2399 1744 2453 διαθέσει.
1780 2399 1919 2454 Ποία
1948 2399 2057 2469 γὰρ

469 2490 726 2559 συζυγία,
763 2490 895 2542 ὅταν
939 2489 973 2557 ἡ
1009 2486 1145 2555 γυνὴ
1192 2485 1282 2537 τὸν
1317 2482 1487 2553 ἄνδρα
1529 2482 1743 2553 τρέμῃς
1794 2483 1955 2544 ποίας
1999 2482 2056 2535 δὲ

466 2575 629 2637 αὑτὸς
659 2577 687 2627 ὁ
725 2572 870 2641 ἀνὴρ
910 2566 1281 2623 ἀπολαύσεται
1308 2565 1527 2636 ἡδονῆς,
1563 2564 1639 2627 ὡς
1682 2564 1846 2636 δούλῃ
1875 2580 2055 2617 συνοι-

466 2659 581 2713 κῶν
621 2659 687 2728 τῇ
719 2655 962 2724 γυναικὶ,
1008 2653 1105 2705 καὶ
1132 2652 1230 2721 οὐχ
1265 2649 1341 2711 ὡς
1380 2648 1680 2718 ἐλευθέρὲιῖ
1723 2648 1843 2701 Κᾶν
1877 2646 2058 2717 πάθῃς

464 2761 519 2796 τι
548 2741 707 2810 ὑπὲρ,
739 2739 934 2807 αὐτῆς,
987 2735 1061 2807 μὴ
1093 2732 1361 2807 ὀνειδίσῃς
1386 2749 1399 2763 ’
1445 2732 1566 2784 οὑδὲ
1602 2731 1711 2799 γὰρ
1757 2732 1786 2783 6
1823 2730 2058 2803 Χριστὸς

464 2825 625 2879 τοῦτο
650 2808 875 2888 εποίησε
897 2838 911 2852 υ
939 2818 1049 2875 Καὶ
1077 2816 1319 2882 ἑαυτὸν,
1350 2815 1505 2886 φησὶ,
1528 2813 1876 2882 παρέδωκεν
1908 2812 2057 2880 ὑπὲρ

466 2906 679 2974 αὐτῆς,
711 2906 817 2959 ἵνα
866 2901 1064 2971 αὐτὴν
1100 2900 1436 2969 καθαρίσας
1461 2897 1705 2967 ἁγιάσῃ.
1744 2897 1888 2965 Ἀρα
1914 2896 2054 2949 ἀκά-

469 2993 669 3063 θαρτος
703 2986 793 3060 ἦν.
825 2988 932 3060 ἀρα
969 2986 1159 3057 μῶμον
1198 2981 1365 3055 εἶχεν,
1400 2982 1509 3050 ἄρα
1554 2981 1802 3063 ἄμορφος
1829 2975 1918 3051 ἦν,
1939 2978 2057 3063 ,ἀρα

466 3061 715 3145 εὐτελής.
753 3072 887 3126 Οἷσιν
923 3070 993 3123 ἂν
1018 3069 1192 3140 λάϐῃς
1230 3068 1489 3136 γυναῖκα,
1520 3061 1676 3136 [145]
1709 3063 1769 3115 οὑ
1798 3062 2055 3131 τοιαύτην

465 3159 615 3231 λήψῃ
647 3155 890 3227 νύμφην,
917 3154 1035 3207 οἵαν
1075 3154 1104 3206 6
1133 3149 1369 3222 Χριστὸς
1400 3149 1513 3231 τὴν,
1551 3145 1900 3231 Ἐκκλησίαν,
1932 3145 2056 3231 οὐδὲ

464 3229 724 3298 τοσοῦτόν
755 3256 848 3292 σου
877 3237 1211 3307 ἀπέχουσαν,
1237 3235 1363 3287 ὅσον
1391 3233 1425 3303 ή
1462 3229 1761 3301 Ἐκκλησία
1800 3229 1898 3282 τοῦ
1925 3230 2058 3300 Χριο

468 3328 619 3382 ατοῦ·
642 3325 758 3381 ἀλλ’
784 3326 935 3395 ὅμως
958 3322 1058 3375 οὑκ
1073 3316 1417 3383 ὲϐδελύξατο,
1441 3315 1561 3369 οὑδὲ
1593 3314 1822 3384 ἐμίσησε
1842 3313 1929 3367 διὰ
1956 3314 2056 3384 τὴν

467 3409 775 3483 ὑπερϐολὴν
809 3406 911 3477 τῆς
946 3402 1246 3476 ἀμορθίας.
1279 3399 1469 3454 Βούλει
1498 3397 1730 3483 ἀκοῦσαι
1755 3396 1928 3483 αὐτῆς
1958 3414 2056 3465 την

466 3477 775 3565 ἀμορφίανς
802 3492 968 3545 ἄκουε
1002 3486 1216 3541 Παύλου
1257 3483 1545 3552 λέγοντος’
1578 3477 1728 3565 τῌτε
1765 3479 2057 3565 γὰρλποτε

466 3562 713 3640 σκότος.
746 3572 902 3634 Εἶδες
934 3570 1105 3639 αὑτῆς
1134 3568 1195 3621 τὸ
1218 3567 1421 3638 μέλαν;
1455 3564 1509 3617 τί
1555 3564 1779 3627 σκότους
1813 3562 2057 3633 μελανώ-

466 3674 660 3728 τερον;
691 3655 807 3710 ἀλλ’
853 3656 956 3724 δρα
994 3653 1089 3705 καὶ
1136 3652 1199 3704 τὸ
1248 3649 1458 3721 θρασύο
1513 3649 1617 3702 Ἐν
1663 3649 1863 3714 κακίᾳ,
1896 3647 2053 3718 φησὶ,

472 3740 568 3798 καὶ
617 3739 821 3808 φθόνῳ
874 3735 1205 3804 διάγοντες.
1257 3732 1403 3801 Ὅρα
1451 3731 1546 3783 καὶ
1598 3729 1661 3782 τὸ
1706 3730 2050 3800 ἀκάθαρτον·

480 3819 793 3885 Ἀπειθεῖς,
827 3818 1091 3880 ἀνόητοι.
1138 3815 1204 3867 Τί
1224 3813 1281 3867 δὲ
1330 3813 1507 3881 λέγω;
1537 3813 1632 3865 καὶ
1663 3814 1822 3884 μωρὰ
1841 3810 1929 3883 ἦν,
1962 3813 2055 3865 καὶ

472 3906 795 3975 βλάσφημος
820 3919 833 3932 ·
875 3901 989 3956 ἀλλ’
1039 3900 1190 3971 ὅμως
1225 3896 1498 3952 τοσούτων
1545 3895 1735 3962 ὄντων,
1793 3897 1868 3960 ὡς
1914 3899 2055 3968 ὑπὲρ

472 3993 702 4063 ὡραίας,
727 3989 804 4053 ὡς
833 3987 971 4059 ὑπὲρ
1006 3983 1399 4055 ἀγαπωμένης,
1430 3981 1505 4046 ὡς
1540 3981 1680 4054 ὑπὲρ
1710 3983 2050 4053 θαυμαστῆς,

467 4075 640 4139 οὑτως
665 4072 859 4128 ἑαυτὸν
885 4070 1146 4135 ἐξέδωκεν
1174 4067 1315 4138 ὑπὲρ
1333 4066 1437 4137 τῆς
1471 4065 1742 4137 ἀμόρφου.
1767 4067 1877 4119 Καὶ
1897 4064 2056 4119 τοῦτο

469 4155 765 4228 θαυμάζων
787 4157 815 4209 ό
837 4152 1049 4215 Παῦλος
1074 4151 1225 4219 ἔλεγε
1250 4166 1263 4180 ’
1294 4151 1487 4215 Μόλις
1512 4149 1623 4218 γὰρ
1642 4147 1794 4216 ὑπὲρ
1817 4148 2054 4203 δικαίου

467 4259 559 4307 τις
596 4236 980 4294 ἀποθανεῖται
1005 4251 1020 4265 θ
1064 4236 1161 4288 καὶ
1201 4232 1386 4297 πάλιν,
1453 4235 1521 4286 Εἰ
1566 4232 1654 4285 ἔτι
1690 4231 2055 4301 ἁμαρτωλῶν

469 4323 643 4395 ἡμῶν
675 4322 867 4377 ὄντων
893 4323 927 4375 ὁ
960 4318 1215 4389 Χριστὸς
1244 4319 1398 4385 ὑπὲρ
1429 4314 1599 4385 ἡμῶν
1625 4315 1908 4372 ἀπέθανε.
1943 4318 2053 4371 Kal

468 4406 728 4478 τοιαύτην
773 4403 975 4467 λαϐὼν,
1014 4401 1345 4466 καλλωπίζει
1396 4401 1567 4469 αὑτὴν
1604 4400 1701 4453 καὶ
1737 4400 1905 4464 λούει,
1956 4403 2054 4455 καὶ

472 4492 595 4545 οὑδὲ
634 4488 790 4543 τοῦτο
819 4489 1188 4559 παραιτεῖται.
1218 4484 1354 4539 Ἵνα
1391 4483 1591 4551 αὐτὴν
1614 4482 1857 4552 ἁγιάσῃ,
1894 4483 2050 4555 φησὶ,

469 4574 804 4643 καθαρίσας
829 4568 909 4637 τῷ
934 4566 1167 4637 λουτρῷ
1192 4566 1301 4620 τοῦ
1322 4564 1541 4630 ὕδατος
1559 4567 1629 4619 ἐν
1652 4566 1886 4635 ῥήματι.
1918 4568 2053 4622 Ἵνα

468 4654 838 4727 παραστήσῃ
870 4651 1065 4717 αὐτὴν
1101 4647 1291 4713 ἑαυτῷ
1336 4647 1593 4711 ἔνδοξον
1638 4648 1754 4717 τὴν
1803 4651 2053 4717 Ἐκκλη-

466 4743 632 4802 σίαν,
677 4738 763 4807 μὴ
804 4737 1075 4806 ἔχουσαν
1109 4731 1357 4797 σπῖλον,
1420 4731 1459 4799 ἢ
1487 4732 1726 4801 ῥυτίδα,
1759 4733 1798 4804 ἡ
1838 4752 1893 4787 τι
1933 4734 2052 4788 τῶν

467 4825 772 4885 τοιούτων,
804 4817 942 4874 ἀλλ’
963 4819 1064 4871 ἵνα
1086 4811 1123 4889 ᾖ
1154 4816 1293 4884 ἁγία
1318 4814 1415 4868 καί
1441 4812 1698 4884 ἄμωμος.
1724 4816 1814 4887 Τῷ
1842 4817 2053 4890 λουτρῷ

468 4908 612 4961 λούει
656 4905 829 4976 αὑτῆς
882 4902 983 4973 τὴν
1039 4897 1401 4966 ἀκαθαρσίαν.
1463 4899 1561 4950 Ἑν
1600 4898 1844 4967 ῥήματι,
1890 4903 2046 4970 φησί.

470 4992 653 5063 Ποίῳ;
695 4990 784 5043 Ἑν
812 4988 1038 5058 ὀνόματι
1060 4982 1155 5038 τοῦ
1191 4981 1404 5051 Πατρὸς
1430 4982 1526 5034 καὶ
1555 4980 1648 5034 τοῦ
1679 4982 1810 5035 Υἱοῦ
1841 4985 2051 5039 καὶτοῦ

467 5076 625 5143 ἁγίου
665 5072 1001 5143 Πνεύματος.
1038 5069 1150 5123 Καὶ
1178 5068 1278 5136 οὑχ
1306 5064 1491 5129 ἁπλῶς
1526 5063 1695 5136 αὐτὴν
1721 5066 2048 5138 ἐκόσμησεν,

468 5156 585 5210 ἀλλ’
605 5155 811 5220 ἔνδοξον
837 5155 1079 5226 ἐποίησε,
1093 5151 1189 5218 Μὴ
1212 5150 1485 5218 ἔχουσαν
1500 5147 1799 5219 σπῖλον,ἢ
1809 5151 2049 5218 ῥυτίδα,

468 5239 510 5309 ἤ
553 5256 609 5293 τι
639 5237 756 5291 τῶν
787 5240 1087 5293 τοιούτων.
1125 5235 1234 5289 Καὶ
1268 5234 1428 5309 ἡμεῖς
1457 5231 1637 5284 τοίνυν
1672 5232 1833 5287 τοῦτο
1865 5236 2051 5305 ἐπιζη-

469 5307 654 5393 τῶμεν
705 5320 767 5373 τὸ
805 5320 1021 5384 κάλλος,
1069 5320 1161 5373 καὶ
1202 5307 1546 5387 δυνησόμεθα
1581 5315 1747 5369 αὑτοῦ
1795 5318 2050 5385 γενέσθαι

468 5402 812 5477 δημιουργοί.
865 5403 957 5471 Μὴ
988 5403 1140 5472 ζήτει
1177 5400 1242 5454 σὺ
1275 5399 1427 5471 παρά
1455 5397 1556 5468 τῆς
1585 5398 1866 5466 γυναικὸς,
1891 5400 1928 5455 ἃ
1973 5404 2047 5472 μή

470 5491 620 5543 ἐστιν
659 5486 848 5556 αὐτῆς.
892 5486 1056 5557 Ὁρᾷς
1091 5484 1175 5536 ὅτι
1230 5484 1407 5536 πάντα
1446 5483 1599 5553 παρά
1637 5482 1733 5535 τοῦ
1776 5485 2047 5538 Δεσπότου

469 5567 615 5640 εἶχεν
640 5573 674 5642 η
703 5568 1000 5640 Ἐκκλησία
1022 5583 1034 5595 ·
1066 5565 1196 5635 παρ’
1225 5564 1389 5618 αὑτοῦ
1416 5566 1641 5633 γέγονεν
1663 5565 1893 5634 ἔνδοξος,
1919 5571 2049 5641 παρ’

470 5652 635 5705 αὐτοῦ
677 5654 926 5722 ἄμωμος.
973 5650 1067 5719 Μὴ
1114 5651 1473 5719 ἀποστραφῇς
1518 5649 1584 5703 δι’
1613 5650 1896 5720 ἀμορφίαν
1948 5654 2047 5724 τὴν

472 5739 720 5802 γυναῖκα.
755 5734 951 5786 Ἀκουε
996 5736 1096 5803 τῆς
1138 5731 1361 5801 Γραφῆς
1401 5732 1699 5801 λεγούσης·
1746 5737 1937 5803 Μυείὰ
1978 5737 2048 5793 ἐν

1233 293 1291 347 S.
1328 290 1614 349 JOANNIS
1651 288 2145 347 CIIRYSOSTUMI
2188 292 2512 351 ARCHEEP.
2556 291 3112 353 CONSTANTINOP.

3633 300 3733 355 138

2152 409 2447 476 πετεινοῖς
2482 411 2521 478 ἠ
2555 411 2845 478 μέλισσα,
2887 409 2987 464 καί
3024 410 3181 479 ἁρχὴ
3223 411 3664 482 τλυκασμάτων
3701 419 3737 470 ὀ

2151 494 2378 560 καρπὸς
2417 491 2611 562 αὐτῆς
2671 494 2805 547 Θεοῦ
2861 493 3086 564 πλάσμα
3132 495 3314 548 ἐστίν’
3372 496 3471 550 οὑκ
3519 498 3737 570 ἐκείνην

2153 576 2414 645 ὑϐρίζεις,
2445 576 2580 630 ἀλλά
2603 577 2695 631 τὸν
2724 578 3119 650 ἐργασάμενον,
3150 579 3213 631 Τί
3244 579 3393 652 πάθῃ
3426 582 3460 652 ἡ
3490 584 3663 653 γυνή;

2222 724 2314 795 Μὴ
2350 725 2643 799 ἐπαινέσῃς
2689 726 2858 798 αὐτὴν
2905 726 2972 780 δι’
3029 729 3368 798 εὐμορφίαν·
3419 730 3740 784 ἀκολάστων

2149 807 2340 879 ψυχῶν
2365 810 2460 863 καὶ
2487 812 2515 862 6
2551 810 2795 876 ἔπαινος,
2828 813 2925 865 καὶ
2957 812 3017 865 τὸ
3055 815 3213 882 μῖσος
3242 815 3442 875 ἐκεῖνο,
3472 815 3568 868 καὶ
3598 816 3736 886 αὑτὴ

2150 894 2184 962 ἡ
2220 892 2429 962 ἀγάπη.
2476 894 2674 965 Ψυχῆς
2712 895 2960 963 ἐπιζήτει
2992 895 3220 959 κάλλοςο
3246 896 3338 949 τὸν
3369 897 3603 967 νυμφίον
3638 899 3739 967 τῆς

2165 975 2491 1046 Ἐκκλησίας
2529 976 2724 1046 μιμοῦ.
2753 977 2826 1031 Τὸ
2849 977 3048 1042 ἔξωθεν
3073 978 3265 1042 κάλλος
3293 978 3616 1044 ἀλαζονείας
3642 982 3739 1034 καὶ

2152 1058 2411 1122 ἀπονοίας
2440 1060 2605 1127 γέμει
2641 1059 2865 1131 πολλῆς,
2915 1061 3013 1114 καὶ
3042 1061 3124 1124 εἰς
3168 1060 3501 1133 ζηλοτυπίαν
3540 1062 3740 1133 ἐμϐάλ-

2151 1141 2255 1208 λει,
2302 1142 2396 1196 καὶ
2438 1141 2767 1197 ὑποπτεύειν
2817 1159 2876 1196 σε
2916 1142 3179 1206 πολλάκις
3212 1146 3360 1197 ποιεῖ
3399 1144 3461 1198 τὸ
3500 1139 3739 1217 πρᾶγμα

2151 1226 2348 1281 ἄτοπα.
2396 1225 2556 1279 Ἀλλά
2586 1225 2778 1298 ἡδονὴν
2805 1225 2949 1297 Exn;
2982 1227 3163 1298 Μέχρι
3188 1227 3284 1281 τοῦ
3308 1227 3537 1300 πρώτου-
3561 1228 3741 1300 μηνὸς

2151 1311 2248 1364 καὶ
2290 1310 2385 1365 τοῦ
2418 1311 2696 1383 δευτέρου,
2728 1310 2761 1382 ἢ
2791 1311 2854 1364 τὸ
2901 1312 3060 1373 πολὺ,
3104 1311 3202 1365 τοῦ
3234 1312 3509 1379 ἐνιαυτοῦ,
3547 1313 3739 1368 λοιπὸν

2150 1392 2210 1447 δὲ
2240 1394 2458 1460 οὑκέτι,
2490 1393 2609 1447 ἀλλ’
2639 1393 2747 1447 ὑπὸ
2773 1395 2874 1465 τῆς
2905 1393 3198 1465 συνηθείας
3226 1394 3287 1448 τὸ
3320 1393 3507 1466 θαῦμα
3536 1397 3738 1467 μαραί-

2151 1493 2300 1529 νεται
2320 1495 2333 1507 ·
2364 1476 2437 1530 τά
2462 1477 2644 1548 μέντοι
2672 1477 2763 1531 διά
2789 1479 2852 1530 τὸ
2915 1477 3112 1542 κάλλος
3151 1478 3561 1550 προσγενόμενα
3592 1479 3739 1534 κακά

2152 1561 2500 1630 ὲναπομένει,
2524 1563 2554 1614 6
2578 1559 2765 1628 τῦφος,
2790 1562 2825 1631 ἠ
2847 1561 3074 1614 ἀπόνοια
3097 1563 3190 1615 καὶ
3220 1563 3254 1633 ἡ
3282 1562 3577 1633 ὑπεροψία.
3616 1563 3740 1616 Ἐπὶ

2151 1644 2211 1697 δὲ
2238 1644 2344 1715 τῆς
2392 1645 2467 1716 μὴ
2514 1644 2798 1717 τοιαύτης,
2850 1645 3003 1699 οὐδὲν
3042 1645 3307 1699 τοιοῦτονο
3357 1647 3475 1700 ἀλλ’
3512 1648 3739 1712 εἰκότως

2154 1727 2456 1798 ἀρχόμενος
2501 1730 2530 1782 6
2571 1727 2712 1797 ἔρως
2746 1728 3053 1799 παραμένει
3091 1729 3340 1802 σφοδρὸς,
3371 1730 3563 1801 ἐπειδὴ
3608 1731 3741 1785 κάλ-

2154 1810 2279 1876 λους
2308 1812 2427 1865 ἐστὶ
2451 1812 2651 1883 ψυχῆς,
2684 1813 2780 1866 καὶ
2807 1813 2867 1866 οὑ
2902 1812 3176 1884 σώματος.

2223 1968 2296 2031 γ’.
2317 1962 2383 2016 Τί
2408 1962 2614 2034 βέλτιον
2639 1963 2734 2016 τοῦ
2754 1960 3008 2034 οὐρανοῦ,
3029 1964 3151 2018 είπέ
3179 1982 3290 2036 μοι,
3316 1965 3368 2019 τί
3390 1964 3598 2036 βέλτιον
3620 1965 3730 2019 τῶν

2155 2051 2375 2121 ἄστρων
2403 2069 2417 2119 ;
2452 2047 2578 2106 Οἷον
2627 2052 2692 2106 ἂν
2725 2053 2901 2116 εῐποις
2929 2051 3111 2124 σῶμα,
3141 2055 3413 2107 οὐκέστιν
3442 2053 3583 2108 οὑτω
3610 2054 3738 2108 λευ-

2160 2139 2274 2193 κόν·
2303 2136 2450 2202 οἴους
2480 2139 2546 2193 ἂν
2568 2138 2746 2202 εἴποις
2765 2138 3100 2211 ὀφθαλμοὺς,
3123 2142 3225 2195 οὑκ
3263 2141 3405 2197 εἰσιν
3441 2142 3584 2196 οὔτω
3614 2160 3742 2212 φαι-

2155 2225 2300 2298 δροί.
2342 2223 2492 2298 [146]
2526 2224 2745 2280 Τούτων
2794 2225 2853 2279 δὲ
2894 2226 3203 2298 γενομένων
3259 2229 3352 2282 καὶ
3410 2230 3460 2283 οί
3512 2228 3738 2298 ἄγγελοι

2156 2312 2501 2384 ἐθαύμασαν,
2557 2313 2654 2368 καὶ¹
2704 2314 2868 2384 ἡμεῖς
2916 2314 3013 2368 νῦν
3065 2314 3443 2386 θαυμάζομεν,
3493 2317 3610 2370 ἀλλ’
3639 2318 3739 2388 οὑχ

2155 2402 2376 2472 ὁμοίως,
2394 2401 2469 2467 ὡς
2492 2402 2645 2472 παρά
2658 2402 2756 2473 τὴν
2775 2403 2973 2473 ἀρχήν.
2991 2403 3241 2457 Τοιοῦτον
3264 2404 3373 2473 γὰρ
3389 2407 3422 2474 ἡ
3457 2404 3737 2476 συνήθειαο

2166 2491 2266 2560 οὐχ
2299 2490 2500 2560 ὁμοίως
2535 2490 2830 2562 ἐκπλήττει
2866 2507 2879 2520 ·
2910 2492 3064 2563 πόσῳ
3097 2492 3297 2564 μᾶλλον
3325 2493 3416 2545 ἐπὶ
3445 2495 3738 2561 γυναικόςς

2164 2580 2262 2631 “Av
2326 2579 2384 2633 δὲ
2441 2580 2538 2634 καὶ
2579 2579 2733 2644 νόσος
2778 2580 3102 2652 ἐπιγένηται
3131 2622 3147 2647 ,
3183 2582 3386 2645 εὐθέως
3424 2582 3644 2652 ἀπέπτη
3675 2585 3739 2637 τὸ

2158 2668 2298 2721 πᾶν.
2343 2665 2573 2721 Εὑνοιαν
2624 2667 2880 2739 ζητῶμεν
2910 2668 3062 2739 παρά
3087 2669 3346 2738 γυναικὸς
3365 2711 3380 2734 ,
3406 2687 3740 2742 μετριοφρο-

2158 2751 2349 2822 σύνην,
2396 2752 2697 2805 ἐπιείκειαν
2732 2768 2745 2783 ⁸
2778 2752 2951 2806 ταῦτα
3004 2752 3100 2806 τοῦ
3146 2753 3375 2817 κάλλους
3435 2757 3505 2809 τὰ
3539 2757 3740 2826 γνωρί-

2158 2857 2342 2909 σματα
2373 2855 2387 2869 ·
2418 2838 2672 2911 σώματος
2731 2841 2914 2911 μέντοι
2956 2840 3104 2912 ὥραν
3156 2841 3231 2914 μὴ
3271 2841 3558 2914 ζητῶμεν,
3603 2845 3740 2914 μηδὲ

2156 2926 2483 2997 ἐγκαλῶμεν
2542 2927 2680 2997 αὐτῇ
2718 2927 2847 2998 περὶ
2893 2928 3122 2993 τούτων,
3156 2922 3232 2982 ὧν
3261 2930 3362 2984 οὑκ
3396 2931 3512 2984 ἔστι
3544 2933 3735 3002 κυρία,

2158 3012 2362 3081 μᾶλλον
2389 3013 2444 3066 δὲ
2510 3013 2645 3085 μηδὲ
2675 3013 2815 3077 ὅλως
2857 3015 3183 3086 ἐγκαλῶμεν
3224 3016 3538 3088 (τολμηρῶν
3569 3019 3729 3089 γὰρ),

2160 3100 2294 3171 μηδὲ
2317 3099 2807 3171 ἀποδυσπετῶμεν,
2858 3102 2997 3173 μηδὲ
3035 3103 3499 3175 δυσχεραίνωμεν.
3539 3107 3608 3159 Ἣ
3636 3108 3735 3178 οὐχ

2154 3189 2317 3258 ὁρᾶτε
2348 3189 2505 3242 πόσοι
2542 3187 2790 3257 γυναιξὶν
2825 3188 3059 3259 ώραίαις
3085 3192 3530 3262 συνοικήσαντες,
3562 3193 3733 3247 ἐλεει-

2156 3275 2264 3339 νῶς
2296 3275 2387 3330 τὸν
2431 3275 2546 3347 βίον
2572 3276 2954 3348 κατέστρεψαν
2988 3295 3003 3345 ;
3042 3278 3199 3331 πόσοι
3226 3279 3282 3333 δὲ
3306 3280 3366 3333 οὑ
3400 3282 3607 3352 σφόδρα
3642 3284 3734 3336 εὑ-

2159 3363 2410 3435 μόρφοις,
2440 3365 2580 3434 μετά
2606 3363 2813 3433 πολλῆς
2833 3364 3028 3434 ἡδονῆς
3046 3367 3124 3429 εἰς
3149 3367 3378 3436 ἔσχατον
3412 3370 3585 3440 γῆρας
3611 3368 3734 3439 ἦλα-

2158 3469 2293 3516 σαν;
2321 3454 2426 3506 Τὸν
2466 3452 2653 3507 σπῖλον
2672 3453 2764 3506 τὸν
2800 3452 3003 3506 ἔσωθεν
3026 3453 3439 3526 ἀποσμήχωμεν
3463 3497 3477 3521 ,
3504 3459 3610 3521 τὰς
3644 3461 3735 3528 ρυ-

2156 3540 2303 3603 τίδας
2347 3540 2446 3603 τὰς
2478 3539 2626 3594 ἔνδον
2668 3539 3005 3610 ὲκτίλλωμεν
3025 3580 3039 3604 ,
3073 3543 3200 3603 τοὺς
3236 3542 3460 3614 μώμους
3481 3546 3606 3608 τοὺς
3638 3547 3733 3599 ἐπὶ

2158 3629 2259 3698 τῆς
2285 3628 2465 3699 ψυχῆς
2487 3627 2785 3699 ἀνέλωμεν.
2807 3628 3061 3681 Τοιοῦτον
3082 3631 3111 3682 6
3154 3629 3287 3693 Θεὸς
3320 3631 3570 3703 ἐπιζητεῖ
3596 3633 3731 3687 κάλ-

2154 3716 2244 3780 λος
2269 3734 2280 3744 ·
2317 3716 2394 3786 τῷ
2431 3714 2570 3786 Θεῷ,
2603 3717 2676 3787 μὴ
2711 3719 2868 3787 ἡμῖν,
2899 3716 3072 3787 καλὴν
3101 3716 3272 3788 αὑτὴν
3304 3721 3728 3785 κατασκευάζω-

2158 3822 2277 3876 μεν.
2306 3804 2400 3876 Μὴ
2424 3806 2685 3875 χρήματα
2711 3804 2987 3876 ζητῶμεν,
3019 3804 3151 3876 μηδὲ
3171 3807 3454 3875 εὐγένειαν
3477 3809 3580 3877 τήν
3600 3808 3733 3875 ἔξω·

2156 3893 2267 3956 θεν,
2295 3891 2411 3945 ἀλλ’
2434 3892 2715 3960 εὐγένειαν
2745 3891 2844 3962 τὴν
2887 3892 2945 3944 ὲν
2966 3892 3133 3963 ψυχῇ.
3167 3894 3375 3965 Μηδεὶς
3395 3894 3502 3947 ἀπὸ
3538 3912 3732 3962 γυναι-

2154 3980 2247 4044 κὸς
2295 3980 2613 4049 ἀναμενέτω
2665 3979 2919 4034 πλουτεῖν
2948 3997 2961 4010 ο
2988 3980 3213 4050 αἰσχρὸς
3244 3980 3354 4052 γὰρ
3380 3985 3475 4035 καὶ
3507 3983 3723 4037 ἐπονεί-

2153 4069 2330 4134 διστος
2378 4061 2535 4132 οὗτος
2567 4069 2597 4122 6
2631 4067 2864 4133 πλοῦτος
2886 4086 2902 4100 ·
2941 4069 3078 4142 μηδὲ
3104 4071 3241 4135 ὅλως
3264 4070 3499 4143 ζητείτω
3522 4089 3611 4135 τις
3639 4077 3729 4127 ὲν-

2152 4156 2344 4212 τεῦθεν
2402 4156 2671 4210 πλουτεῖν.
2709 4159 2774 4210 01
2833 4156 2946 4226 γὰρ
3000 4157 3373 4227 ,ϐουλόμενοι
3416 4160 3729 4225 πλουτεῖν,

2156 4244 2342 4316 φησὶν,
2372 4235 2778 4313 ἐμπίπτουσιν
2825 4247 2913 4310 εὶς
2978 4246 3314 4314 πειρασμὸν
3337 4286 3351 4310 ,
3392 4248 3492 4301 καί
3525 4248 3730 4305 ἐπιθυ-

2147 4337 2294 4404 μίας
2335 4331 2634 4397 ἀνοήτους
2684 4330 2785 4384 καί
2829 4331 3159 4398 βλαϐερὰς,
3196 4333 3295 4386 καί
3342 4335 3431 4399 είς
3465 4336 3729 4405 παγίδας

2153 4424 2249 4477 καί
2288 4421 2540 4488 ὄλεθρον
2568 4419 2669 4473 καί
2705 4419 3031 4477 ἀπώλειαν,
3073 4421 3210 4473 ’Δπὸ
3248 4422 3505 4489 γυναικὸς
3547 4423 3729 4477 τοίνυν

2157 4510 2232 4579 μὴ
2269 4508 2422 4579 ζήτει
2449 4506 2753 4578 χρημάτων
2774 4506 3116 4577 περιουσίαν,
3152 4508 3248 4561 καὶ
3268 4508 3444 4562 πάντα
3474 4510 3729 4581 εὑρήσεις

2152 4596 2224 4651 τά
2286 4595 2423 4650 ἀλλα
2469 4593 2728 4658 εὐκόλως.
2789 4594 3072 4659 Τίς,είπέ
3123 4612 3236 4663 μοι,
3286 4596 3355 4649 τά
3415 4597 3728 4668 κυριώτερα

2152 4685 2333 4755 ἀφεὶς,
2374 4683 2484 4737 τῶν
2508 4681 2806 4735 ἐλαττόνων
2846 4680 3239 4753 ἐπιμελήσεται
3272 4701 3289 4749 ;
3336 4683 3499 4748 Ἀλλ’,
3537 4686 3724 4757 οῖμοιί

2155 4770 2429 4843 πανταχοῦ
2460 4770 2618 4824 τοῦτο
2643 4770 2927 4840 πάσχομεν
2957 4785 2969 4798 ·
3015 4770 3121 4823 κᾶν
3162 4771 3327 4824 παῖδα
3366 4770 3725 4842 κτησώμεθα,

2151 4862 2213 4914 οὑ
2268 4856 2641 4928 σπουδάζομεν
2694 4859 2843 4921 ὅπως
2862 4857 3115 4927 ’γένηται
3148 4858 3353 4926 ἀγαθὸς
3374 4900 3389 4923 ,
3419 4858 3536 4912 ἀλλ’
3569 4860 3719 4924 ὅπως

2152 4948 2413 5003 πλουσίαν
2449 4945 2600 5017 αύτῷ
2642 4949 2877 5015 γυναῖκα
2901 4945 3157 5017 λάϐωμεν
3183 4962 3199 4978 °
3230 4948 3330 5018 οὑχ
3355 4948 3502 5011 ὅπως
3535 4947 3728 5018 εὔτρο-

2153 5054 2273 5099 πος.
2304 5036 2418 5089 ἀλλ’
2440 5035 2584 5099 ὅπως
2642 5033 2872 5105 εὔπορος
2896 5051 2912 5065 ⁸
2949 5034 3054 5087 κᾶν
3114 5035 3454 5104 ἐπιτήδευμα
3523 5036 3727 5104 μετίω-

2155 5140 2273 5194 μεν,
2294 5124 2393 5194 οὑχ
2416 5123 2562 5185 ὅπως
2610 5120 3023 5192 ἁμαρτημάτων
3051 5120 3471 5192 ἀπηλλαγμένον
3561 5162 3576 5188 ,
3615 5120 3730 5176 ἀλλ’

2151 5215 2299 5278 ὅπως
2326 5214 2459 5285 ἡμῖν
2480 5211 2671 5281 κέρδος
2693 5210 2959 5284 προσοίσῃ
2989 5210 3132 5280 μέγα
3156 5228 3171 5245 ·
3209 5212 3302 5265 καὶ
3334 5210 3513 5265 πάντα
3538 5212 3728 5280 γέγονε

2151 5302 2430 5374 χρήματα.
2462 5298 2562 5353 Διά
2615 5299 2777 5352 τοῦτο
2821 5299 3002 5353 πάντα
3032 5298 3374 5376 διέφθαρται,
3400 5300 3483 5352 ὅτι
3519 5301 3726 5362 ἐκεῖνος

2151 5391 2299 5460 ἡμᾶς
2332 5387 2552 5458 κατέχει
2579 5387 2610 5439 6
2655 5385 2816 5457 ἔρως.
2872 5386 3074 5452 Οὕτως
3123 5386 3465 5456 ὀφείλουσι,
3523 5387 3727 5458 φησὶν,

2150 5479 2206 5532 οί
2234 5476 2453 5545 ἄνδρες
2497 5472 2743 5545 ἀγαπᾷν
2772 5475 2880 5541 τὰς
2918 5474 3150 5529 ἑαυτῶν
3188 5476 3479 5545 γυναῖκας
3506 5517 3520 5540 ,
3548 5477 3628 5541 ὡς
3656 5477 3731 5529 τὰ

2149 5562 2380 5619 ἑαυτῶν
2416 5562 2679 5631 σώματα.
2734 5562 2800 5614 Τί
2858 5562 2923 5633 δὴ
2963 5561 3120 5615 τοῦτό
3146 5563 3338 5625 ὲστινς
3381 5562 3470 5623 Ὧς
3493 5563 3573 5624 είς
3602 5561 3723 5630 μεί-

2151 5652 2281 5716 ζονα
2320 5650 2526 5712 είκόνα.
2566 5651 2660 5702 καὶ
2695 5648 3062 5721 σφοδρότερον
3082 5645 3245 5719 ἦλθεν
3276 5646 3581 5718 ὑπόδειγμα
3618 5665 3632 5679 ·
3665 5648 3728 5699 εὖ

2150 5734 2306 5790 τοῦτο
2351 5733 2406 5787 δὲ
2461 5732 2641 5804 μόνον,
2674 5732 2808 5787 ἀλλά
2854 5733 2947 5787 καὶ
2974 5733 3051 5795 ὡς
3083 5731 3398 5804 ἐγγύτερον,
3428 5733 3525 5787 καὶ
3566 5731 3729 5801 σαφέ-
