4218 6266
458 562 552 620 ίῦἳ

450 671 765 727 dilectionis.
792 668 882 724 Vis
901 669 992 724 tibi
1016 667 1235 723 obedire
1257 681 1505 734 uxorem,
1524 664 1886 721 sicutChristo
1915 663 2017 718 Ec-

446 762 696 818 clesiain?
723 762 834 831 ipse
858 774 1069 830 quoque
1093 760 1209 828 ejus
1238 772 1420 814 curam
1448 772 1576 828 gere
1618 758 1755 811 sicut
1778 755 2023 810 Christus

448 854 728 910 Ecclesiae:
760 853 970 909 etiamsi
1021 853 1253 908 animam
1302 866 1398 921 pro
1434 850 1548 920 ipsa
1592 849 1720 906 dare
1753 857 2019 918 oporteat,

443 946 646 1001 etiamsi
678 945 875 1000 millies
903 943 1179 999 conscindi
1203 982 1222 1008 ,
1260 941 1471 997 etiamsi
1501 941 1726 1012 quodvis
1754 941 2021 995 sustinere

445 1049 499 1093 et
525 1038 669 1109 pati,
700 1051 806 1090 non
840 1034 1151 1098 recusabis;
1180 1043 1234 1087 et
1263 1034 1310 1088 si
1344 1033 1458 1086 hmc
1489 1045 1677 1101 passus
1705 1029 1870 1085 fueris
1892 1073 1909 1097 ,
1939 1029 2020 1084 ni-

446 1130 518 1186 hil
544 1131 720 1185 adhuc
746 1128 852 1183 tale
872 1126 1044 1182 fecisti
1072 1126 1233 1196 quale
1263 1124 1532 1180 Christus.
1560 1123 1694 1179 Nam
1721 1131 1774 1177 tu
1801 1122 2018 1193 quidem

440 1224 547 1296 jam
594 1228 916 1291 ennjunctus
944 1220 1061 1276 hmc
1089 1219 1257 1275 facis:
1291 1219 1381 1274 ille
1424 1230 1603 1274 autem
1653 1234 1752 1289 pro
1789 1234 1854 1273 ea
1898 1234 2016 1288 qua;

439 1317 617 1386 ipsum
646 1327 923 1369 aversatur
947 1325 1003 1370 et
1041 1313 1167 1368 odio
1196 1313 1372 1367 habet.
1403 1312 1859 1380 Quemadmodum
1889 1325 2019 1382 ergo

437 1409 555 1477 ipse
582 1424 704 1463 eam
734 1423 853 1476 qua:
902 1408 1078 1475 ipsum
1122 1405 1494 1470 aversabatur,
1521 1404 1814 1474 oderatque
1837 1414 1893 1460 et
1915 1404 2014 1459 de-

433 1498 669 1567 spicatui
700 1497 928 1552 habebat
966 1512 1028 1551 ac
1053 1496 1418 1565 conspuebat,
1447 1506 1501 1551 et
1529 1511 1624 1565 per
1661 1496 1934 1551 lasciviam
1964 1497 2015 1552 ei

434 1589 748 1652 insultabat,
783 1603 968 1656 magna
1011 1603 1106 1642 sua
1156 1602 1284 1644 cura
1330 1588 1444 1643 suis
1482 1587 1712 1656 subjecit
1756 1588 2012 1657 pedibus,

431 1695 542 1735 non
599 1679 759 1733 minis
789 1694 885 1733 nec
932 1677 1271 1732 contumeliis
1315 1693 1488 1748 neque
1526 1688 1669 1733 metu
1698 1693 1874 1746 neque
1905 1678 2014 1732 ullo

426 1771 541 1825 alio
563 1769 825 1839 ejusmodi
851 1787 864 1823 :
900 1771 972 1824 ita
1004 1778 1056 1823 tu
1082 1783 1293 1839 quoque
1322 1778 1372 1823 te
1399 1784 1526 1838 gere
1554 1784 1676 1839 erga
1709 1779 1851 1823 tuam
1879 1783 2011 1823 uxo-

425 1878 544 1917 rem
572 1879 584 1913 :
616 1862 823 1917 etiamsi
848 1875 965 1914 eam
998 1860 1195 1914 videris
1218 1859 1600 1928 despicientem
1624 1900 1640 1925 ,
1672 1859 1884 1913 etiamsi
1915 1874 2011 1927 per

420 1954 702 2009 lasciviam
731 1953 1112 2015 insultantem,
1157 1951 1367 2006 etiamsi
1413 1959 1878 2017 contemnentem,
1916 1966 2010 2020 po-

419 2045 553 2099 teris
605 2044 771 2098 multa
814 2041 932 2113 ejus
960 2056 1088 2097 cura
1119 2050 1174 2096 et
1217 2041 1591 2113 providentia,
1635 2041 1926 2096 dilectione
1954 2048 2008 2095 et

412 2135 663 2189 amicitia
713 2149 832 2188 eam
882 2133 988 2186 tuis
1037 2132 1261 2200 pedibus
1308 2130 1592 2201 subjicere.
1638 2130 1780 2185 Nihil
1811 2139 1896 2185 est
1923 2131 2009 2185 his

412 2228 654 2281 vinculis
701 2226 867 2294 magis
918 2224 1290 2294 tyrannicum,
1339 2231 1395 2277 et
1441 2223 1672 2278 maxime
1717 2224 1911 2277 marito
1955 2231 2010 2276 et

408 2321 605 2372 usuri.
639 2317 770 2371 Nam
808 2315 1062 2369 famulum
1092 2314 1304 2383 quidem
1340 2314 1533 2382 poterit
1558 2314 1817 2382 quispiam
1865 2323 2007 2367 metu

405 2411 666 2479 alligare,
698 2408 808 2462 imo
853 2422 979 2460 vero
1018 2421 1085 2460 ne
1130 2405 1275 2459 illum
1318 2403 1565 2473 quidem;
1599 2402 1823 2458 fortasse
1866 2404 2008 2457 enim

402 2505 633 2559 resiliet
672 2513 727 2557 et
776 2501 990 2555 abibit:
1033 2500 1151 2553 vita:
1196 2508 1375 2553 autem
1432 2496 1672 2561 sociam,
1718 2495 2005 2551 liberorum

403 2606 647 2650 matrem
668 2635 682 2655 ,
714 2602 768 2646 et
792 2608 912 2662 qua:
939 2603 1019 2645 es:
1047 2604 1206 2645 causa
1233 2599 1289 2644 et
1319 2587 1531 2642 occasio
1560 2586 1735 2641 omnis
1762 2586 1962 2641 lmtitite
1980 2627 2000 2652 ,

403 2702 518 2741 non
548 2694 767 2755 oportet
799 2694 943 2738 metu
974 2692 1027 2736 et
1072 2680 1231 2737 minis
1262 2680 1466 2750 ligare,
1499 2678 1594 2734 sed
1638 2678 1922 2733 dilectione
1949 2687 2006 2733 et

401 2779 722 2833 affectione.
749 2776 1005 2844 Quaenam
1027 2774 1171 2827 cnim
1193 2781 1277 2827 est
1297 2771 1621 2841 conjunctio,
1638 2769 1850 2840 quando
1870 2785 2004 2825 uxor

399 2868 754 2924 cahorrescit
780 2864 1064 2920 maritum?
1085 2865 1323 2931 Quanam
1349 2871 1527 2917 autem
1554 2861 1825 2932 voluptate
1854 2859 2001 2916 frue-

401 2970 497 3016 tur
529 2962 653 3031 ipse
681 2959 904 3013 maritus
922 3000 936 3022 ,
964 2973 1086 3012 cum
1118 2971 1283 3010 uxore
1309 2955 1556 3010 habitans
1586 2964 1855 3025 tamquam
1878 2970 1999 3009 cum

397 3050 611 3104 ancilla
635 3088 650 3112 ,
678 3058 733 3104 et
761 3064 865 3102 non
895 3060 1170 3119 tamquam
1198 3061 1318 3100 cum
1345 3045 1559 3102 libera?
1586 3046 1652 3100 Et
1676 3046 1720 3099 si
1749 3045 1874 3114 quid
1902 3059 2002 3114 pro

398 3156 470 3196 ea
518 3154 717 3209 passus
760 3138 924 3193 fueris
948 3180 964 3204 ,
996 3154 1062 3193 ne
1106 3138 1438 3206 esprobres:
1473 3153 1646 3204 neque
1675 3137 1817 3191 enim
1844 3136 2001 3191 Chri-

398 3241 532 3286 stus
580 3229 687 3284 hoc
729 3229 891 3284 fecit:
943 3228 1008 3282 Et
1051 3229 1271 3295 seipsum
1318 3229 1529 3282 tradidit
1578 3245 1670 3299 pro
1698 3246 1777 3283 ea.
1806 3227 1899 3283 ‘26.
1931 3227 1998 3283 Ut

398 3322 562 3375 illam
590 3320 950 3388 sanctiﬁcaret.
997 3319 1143 3373 Erat-
1170 3335 1298 3388 ergo
1327 3319 1600 3373 immunda
1621 3360 1636 3385 ,
1670 3327 1822 3373 erant
1851 3318 1903 3373 in
1933 3334 1996 3373 ea

404 3414 608 3468 sordes
634 3423 689 3468 et
717 3411 962 3474 maculae,
990 3420 1107 3466 erat
1135 3411 1307 3480 turpis
1332 3425 1395 3465 ac
1421 3410 1677 3465 deformis
1695 3452 1709 3474 ,
1742 3412 1862 3464 vilis
1882 3418 2000 3464 erat

401 3512 466 3558 et
515 3503 744 3574 abjecta.
791 3501 1194 3572 Quamcumque
1241 3517 1371 3572 ergo
1420 3503 1692 3571 acceperis
1738 3517 1994 3567 uxorem,

406 3611 527 3649 non
573 3597 728 3651 talem
774 3595 1003 3664 accipies
1044 3608 1336 3665 sponsam,
1376 3596 1592 3663 qualem
1617 3594 1863 3648 Christus
1894 3594 1995 3649 Ec-

405 3685 669 3753 clesiam,
693 3700 863 3755 neque
889 3701 1007 3756 quae
1032 3701 1061 3740 a
1087 3694 1139 3739 te
1169 3693 1375 3738 tantum
1405 3683 1582 3752 absit,
1612 3694 1867 3754 quantum
1893 3684 1998 3740 Ec-

412 3775 590 3829 clesia
618 3791 648 3830 a
683 3776 936 3831 Christo:
982 3775 1078 3832 sed
1131 3784 1307 3830 tamen
1356 3791 1463 3830 non
1502 3785 1584 3830 est
1623 3776 1994 3843 abominatus,

411 3881 531 3919 nec
557 3881 670 3919 eam
690 3867 814 3920 odio
835 3867 1016 3921 habuit
1046 3877 1262 3937 propter
1281 3883 1547 3923 summam
1573 3867 1991 3923 deformitatem.

409 3956 521 4010 Vis
540 3957 723 4012 audire
739 3956 853 4027 ejus
870 3957 1291 4014 deformitatem?
1307 3961 1428 4014 audi
1453 3960 1673 4015 l’aulum
1691 3959 1956 4014 dicentem
1979 3977 1994 4014 :

400 4050 600 4104 [iratis
623 4050 759 4104 enim
783 4050 1051 4118 aliquando
1078 4052 1286 4106 tenebra:
1322 4050 1538 4121 (Ephes.
1562 4052 1615 4106 5.
1642 4051 1721 4120 8).
1752 4050 1995 4105 Vidistin‘

397 4143 542 4212 ejus
591 4141 866 4195 atrorem?
915 4141 1038 4210 quid
1082 4149 1163 4196 est
1210 4142 1379 4196 atrius
1437 4142 1709 4197 tenebris?
1757 4142 1999 4197 Vidistin'

396 4231 731 4286 audaciam?
765 4229 831 4286 1η
874 4232 1151 4301 pravitate,
1205 4233 1407 4303 inquit,
1438 4242 1485 4286 et
1532 4233 1721 4286 invidia
1767 4234 1997 4305 degentes

395 4325 420 4392 (
459 4323 574 4378 Tit.
604 4326 655 4379 5.
686 4325 722 4380 '5
746 4336 767 4394 )
840 4322 973 4379 Vide
1024 4324 1453 4380 immunditiam:
1487 4322 1870 4389 luobedientes,
1918 4326 1997 4379 in-

395 4415 673 4483 sipientes.
719 4413 858 4482 Quid
897 4423 1075 4468 autem
1121 4414 1282 4469 dico?
1323 4425 1379 4469 et
1421 4416 1581 4469 stulta
1620 4424 1737 4470 erat
1781 4425 1836 4471 et
1878 4432 1994 4470 ma-

398 4505 591 4559 ledica
624 4523 638 4560 :
667 4514 721 4560 et
753 4515 929 4560 tamen
959 4521 1080 4560 cum
1129 4517 1235 4559 tam
1264 4507 1428 4560 multa
1459 4507 1510 4561 in
1540 4521 1600 4562 ea
1627 4517 1826 4571 essent,
1859 4514 1996 4561 tam-

393 4611 579 4667 quam
609 4612 704 4665 pro
732 4596 1004 4665 speciosa,
1034 4607 1303 4668 tamquam
1335 4613 1432 4668 pro
1456 4599 1649 4653 dilecta
1672 4640 1688 4667 ,
1723 4608 1993 4669 tamquam

396 4706 518 4759 pro
564 4689 912 4754 admiranda,
959 4691 1030 4742 ita
1062 4689 1299 4758 seipsum
1349 4690 1568 4745 tradidit
1606 4705 1706 4761 pro
1746 4690 1994 4745 deformi.

388 4784 537 4843 Huc
563 4782 759 4836 mirans
794 4781 1006 4837 dicebat
1041 4782 1272 4847 Paulus,
1312 4781 1412 4836 Vis
1439 4783 1573 4837 enim
1604 4799 1696 4853 pro
1715 4783 1860 4853 justo
1885 4784 1999 4853 quis

386 4873 662 4927 morietur
688 4869 706 4936 (
728 4871 880 4926 Rom.
911 4871 966 4927 5.
997 4871 1031 4941 ’Ζ
1058 4872 1077 4943 )
1100 4887 1116 4937 ;
1156 4881 1211 4926 et
1239 4887 1455 4939 rursus,
1491 4872 1552 4927 Si
1576 4889 1690 4926 cum
1716 4889 1806 4926 nos
1830 4873 1999 4926 adhuc

386 4971 703 5035 peccatores
747 4978 966 5016 essemus
987 5004 1002 5028 ,
1053 4962 1285 5017 Christus
1337 4979 1429 5032 pro
1474 4963 1616 5019 nobis
1657 4972 1731 5019 est
1773 4974 2000 5019 mortuus

388 5060 409 5125 (
442 5053 597 5108 Ibid.
634 5069 683 5108 υ.
710 5054 762 5109 8.
796 5055 888 5122 9).
921 5054 988 5109 Et
1016 5070 1137 5109 cmn
1170 5055 1334 5110 talem
1386 5058 1712 5126 accepisset,
1754 5072 1870 5111 eam
1914 5071 2004 5111 or-

388 5155 512 5200 nat
551 5156 604 5198 et
637 5146 805 5212 lavat,
838 5154 893 5200 et
939 5160 1007 5200 ne
1058 5146 1159 5201 hoc
1202 5146 1418 5216 quidem
1472 5156 1701 5203 recusat.
1740 5147 1807 5201 Ut
1851 5146 1993 5200 illaut

382 5236 760 5303 sanctiﬁcat-et
784 5276 800 5301 ,
840 5236 1092 5289 mandans
1118 5238 1320 5291 lavacra
1351 5254 1498 5308 aqua:
1530 5239 1583 5292 in
1611 5237 1788 5297 verba.
1818 5238 1909 5292 27.
1941 5246 1997 5291 ut

389 5327 670 5382 exhiberet
695 5329 803 5398 ipse
826 5327 922 5381 sibi
950 5329 1230 5396 gloriosam
1259 5328 1541 5383 Ecclesium
1562 5371 1577 5393 ,
1607 5347 1708 5383 non
1738 5331 2001 5385 habentem

387 5418 675 5473 ritaculam
696 5460 709 5480 ,
735 5429 822 5471 aut
847 5436 1025 5489 rugam
1048 5462 1065 5487 ,
1092 5430 1180 5473 aut
1205 5420 1402 5491 aliquid
1432 5420 1714 5492 ejusmodi,
1741 5420 1830 5473 sed
1854 5430 1906 5473 ut
1932 5421 1996 5474 'sit

388 5517 597 5566 sancta
640 5517 686 5560 et
715 5508 1065 5566 immaculata.
1110 5509 1350 5564 Lavacro
1393 5511 1534 5564 lavat
1572 5514 1687 5576 ejus
1719 5510 2001 5563 immundi-

391 5600 573 5653 tiam.
601 5597 667 5651 In
696 5599 877 5664 verbo,
933 5600 1125 5670 inquit.
1171 5601 1456 5669 Quonam?
1496 5602 1552 5656 In
1585 5602 1803 5655 nomine
1829 5600 2004 5655 Patris

389 5699 464 5744 et
524 5686 642 5743 Filii
672 5700 725 5744 et
769 5690 1005 5760 Spiritus
1043 5693 1240 5747 sancti.
1269 5694 1380 5749 Nec
1407 5695 1579 5748 solum
1607 5709 1725 5747 eam
1754 5696 2002 5763 ornavit,

392 5777 523 5832 sed
563 5779 689 5834 fecit
725 5780 1053 5851 gloriosam,
1105 5781 1230 5837 Non
1278 5784 1542 5838 habentem
1583 5785 1870 5852 maculam,
1920 5796 2007 5839 aut

394 5884 603 5938 rugam
621 5912 635 5933 ,
667 5880 755 5923 aut
781 5872 978 5941 aliquid
1021 5874 1291 5943 ejusmodi.
1324 5875 1389 5929 Et
1418 5890 1517 5929 nos
1545 5891 1672 5945 ergo
1699 5892 2003 5945 quaeramus

389 5964 563 6019 hanc
586 5963 1064 6034 pulchritudinem,
1089 5976 1143 6021 ct
1170 5968 1460 6037 poterimus
1483 5981 1603 6024 esse
1625 5968 1739 6040 ejus
1761 5968 1997 6040 opiﬁces.

1362 555 1426 611 IN
1467 556 1683 611 EPIST.
1726 555 1815 609 Al)
1856 552 2095 608 EPIIES.
2137 553 2288 609 CAP.
2332 554 2397 610 ν.
2440 557 2665 614 llOMlL.
2706 560 2823 616 XX.

3610 574 3710 629 138

2132 662 2209 718 Ne
2234 681 2442 734 quaeras
2466 669 2536 724 ab
2565 686 2732 728 uxore
2758 690 2879 743 qua:
2908 691 3012 731 non
3052 687 3178 735 sunt
3204 681 3339 750 ejus.
3368 682 3528 739 Vides
3562 688 3704 755 quod

2128 770 2158 809 a
2205 756 2432 814 Domino
2476 764 2655 817 omnia
2688 764 2936 823 habuerit
2979 770 3257 828 Ecclesia:
3289 775 3358 831 ab
3402 776 3518 846 ipso
3564 778 3702 836 facta

2127 853 2212 898 cst
2236 846 2464 915 gloriosa
2491 890 2507 915 ,
2535 850 2602 906 ab
2629 853 2746 924 ipso
2771 854 2908 911 facta
2935 869 3015 914 est
3043 862 3159 918 sine
3186 865 3413 920 macula.
3438 867 3516 922 Ne
3541 885 3700 925 avero

2126 937 2262 992 seris
2287 954 2515 1034 uxorem
2562 955 2780 1034 propter
2826 947 3247 1010 deformitatem.
3277 959 3413 1013 Audi
3451 962 3698 1034 Scriptu-

2124 1041 2239 1118 ram
2267 1027 2532 1087 dicentem
2559 1050 2573 1086 :
2605 1032 2777 1089 Parva
2822 1038 2875 1091 in
2904 1041 3190 1097 volum‘bus
3234 1047 3380 1118 apis,
3414 1060 3461 1103 et
3498 1027 3701 1107 iuilium

2124 1117 2445 1211 dulcediuum
2475 1133 2549 1177 est
2590 1125 2787 1195 fructus
2829 1131 2939 1199 ejus
2983 1132 3171 1206 (Eccli.
3222 1117 3309 1193 ii.
3355 1140 3438 1211 ὅ).
3482 1142 3572 1196 Dei
3618 1156 3703 1200 est

2124 1207 2468 1277 figmentum:
2503 1230 2610 1270 non
2665 1218 2810 1273 illam
2842 1228 3166 1279 contumelia
3216 1207 3426 1300 afficis',
3453 1233 3549 1289 sed
3575 1250 3699 1291 eum

2121 1298 2212 1367 qui
2235 1299 2404 1369 ipsam
2436 1303 2581 1360 fecit.
2613 1308 2751 1375 Quid
2782 1322 2903 1379 agat
2931 1314 3165 1369 mulier?

2191 1390 2444 1489 lit-amre
2470 1400 2595 1489 quid
2617 1394 2967 1470 gnari-cadum.
2988 1437 3062 1448 —
3079 1407 3156 1463 Ne
3187 1409 3330 1466 illam
3361 1414 3546 1473 laudes
3573 1434 3700 1489 pro-

2120 1491 2238 1550 pter
2262 1482 2449 1539 formaa
2474 1488 2792 1559 elegantiam
2822 1510 2835 1546 :
2866 1494 3257 1566 impudicarum
3285 1482 3589 1562 animarum
3611 1520 3696 1565 est

2117 1582 2171 1667 et
2201 1572 2323 1667 laus
2343 1584 2399 1630 et
2428 1576 2554 1632 illud
2585 1580 2762 1635 odium
2784 1623 2800 1647 ,
2830 1591 2886 1638 et
2933 1585 3046 1655 ipsa
3077 1587 3313 1646 dilectio.
3346 1593 3535 1662 Quare
3576 1602 3696 1667 pul-

2116 1664 2474 1723 chritudinem
2536 1672 2777 1727 animae:
2835 1675 3044 1732 imitare
3106 1696 3362 1750 sponsum
3415 1664 3689 1748 Ecclesia.

2115 1756 2352 1813 Externa
2382 1760 2719 1829 pulchritudo
2740 1764 2894 1836 plena
2923 1778 3007 1823 est
3032 1775 3354 1842 arrogantia:
3381 1787 3434 1832 et
3459 1779 3695 1837 insolen-

2116 1847 2236 1943 tiaz,
2265 1858 2320 1904 et
2350 1849 2515 1920 injicit
2549 1854 2599 1907 in
2630 1856 2982 1928 zelotypiam,
3016 1870 3071 1917 et
3099 1877 3242 1934 sa'pe
3273 1873 3330 1922 te
3362 1867 3486 1923 facit
3515 1874 3692 1943 δας»ρί-

2112 1940 2222 2033 cari
2249 1956 2363 1995 rem
2392 1944 2673 2019 absurdam
2701 1957 2755 2002 et
2786 1960 3019 2021 turpem.
3041 1954 3109 2009 At
3134 1957 3295 2014 habet
3319 1940 3687 2033 voluptatem?

2114 2029 2291 2101 Usque
2319 2032 2384 2088 ad
2417 2034 2645 2103 primum
2676 2048 2730 2093 et
2759 2043 3054 2100 secundum
3082 2061 3325 2105 mensem
3348 2093 3365 2119 ,
3397 2029 3489 2109 aut
3516 2057 3688 2125 pluri-

2112 2137 2256 2175 mum
2285 2139 2452 2193 usque
2480 2125 2546 2179 ad
2577 2142 2775 2184 annum
2797 2174 2812 2198 ,
2856 2133 3052 2191 deinde
3096 2153 3204 2194 non
3234 2144 3467 2213 amplius
3490 2188 3504 2211 ,
3535 2150 3628 2204 sed
3656 2168 3686 2206 a

2110 2214 2496 2269 consuetudine
2536 2222 2819 2275 marcescit
2847 2224 3161 2282 miraculum
3194 2248 3209 2284 :
3248 2248 3367 2302 qua:
3409 2251 3537 2292 vero
3566 2255 3688 2308 pro-

2109 2310 2227 2371 pter
2251 2304 2702 2373 pulchritudinem
2732 2312 2871 2368 mala
2898 2313 3250 2388 advenerunt,
3280 2304 3581 2393 remanent,
3608 2331 3685 2383 fa-

2109 2400 2257 2460 stus,
2308 2398 2612 2467 arrogantia
2658 2410 2713 2455 et
2756 2413 3115 2476 contemptus.
3149 2410 3206 2465 In
3253 2427 3314 2466 ca
3347 2428 3523 2471 autem
3568 2436 3687 2490 quae

2108 2500 2215 2541 non
2267 2498 2350 2542 est
2389 2491 2687 2559 ejusmodi,
2719 2495 2848 2551 nihil
2882 2499 3020 2566 tale;
3052 2502 3147 2557 scd
3192 2506 3385 2563 merito
3414 2525 3566 2565 amor
3595 2515 3683 2568 in-

2106 2576 2309 2678 cipiens
2336 2581 2489 2635 valde
2518 2595 2832 2653 permanet,
2866 2591 3119 2659 quoniam
3157 2602 3243 2650 est
3268 2598 3682 2666 pulchritudinis

2105 2677 2296 2722 anima:
2313 2709 2328 2733 ,
2362 2684 2467 2724 non
2506 2677 2775 2743 corporis.

2176 2758 2230 2849 ἒξ).
2264 2758 2450 2815 Uxoris
2478 2765 2681 2833 optimc:
2705 2767 2864 2822 dotes.
2897 2800 2969 2810 -
2998 2771 3093 2828 Dic
3136 2775 3267 2832 mihi
3292 2821 3307 2845 ,
3356 2781 3484 2849 qttid
3512 2792 3595 2838 est
3622 2784 3676 2840 in

2104 2847 2236 2903 caelo
2253 2850 2441 2905 melius
2460 2863 2513 2907 et
2530 2858 2904 2923 praestantius?
2931 2861 3066 2929 Quid
3093 2866 3280 2921 melius
3296 2847 3490 2926 astris?
3510 2873 3687 2942 Quod-

2104 2953 2332 3009 cumque
2370 2941 2570 3035 dixeris
2610 2962 2841 3017 corpus,
2873 2966 2978 3007 non
3005 2964 3086 3009 est
3111 2956 3246 3012 adeo
3269 2960 3482 3028 album;
3523 2941 3684 3035 quos-

2102 3044 2330 3101 cumque
2353 3034 2553 3090 dixeris
2579 3040 2786 3105 oculos,
2813 3058 2917 3098 non
2942 3057 3064 3100 sunt
3085 3048 3220 3103 adeo
3244 3051 3351 3106 laeti
3374 3063 3429 3108 et
3454 3034 3675 3115 hilares.

2105 3120 2199 3177 His
2230 3133 2409 3178 autem
2432 3128 2628 3182 creatis
2653 3130 2813 3185 etiam
2837 3136 3011 3205 angeli
3039 3147 3164 3192 sunt
3189 3139 3469 3209 admirati;
3500 3157 3556 3201 et
3582 3163 3681 3203 nos

2102 3230 2312 3284 quoque
2342 3233 2483 3273 nunc
2514 3221 2806 3290 miramur,
2849 3225 2944 3280 sed
2975 3242 3081 3281 non
3113 3232 3252 3285 sicut
3281 3232 3348 3286 ab
3378 3235 3546 3291 initio.
3577 3238 3680 3293 Ta-

2102 3305 2168 3360 lis
2188 3308 2329 3362 enim
2354 3325 2438 3363 res
2458 3321 2541 3365 est
2560 3316 2897 3369 consuetudo
2923 3335 2937 3372 :
2966 3334 3070 3373 non
3094 3320 3341 3379 similiter
3361 3326 3674 3396 stupefacit;

2100 3408 2298 3466 quanto
2322 3402 2489 3471 magis
2519 3404 2571 3456 iu
2605 3406 2866 3461 muliere?
2894 3407 2987 3463 Sin
3014 3420 3196 3466 autem
3233 3417 3450 3472 morbus
3476 3434 3668 3489 super-

2101 3490 2343 3556 venerit,
2378 3502 2544 3547 tutum
2575 3497 2755 3549 statim
2787 3499 2988 3553 evolat.
3031 3500 3347 3567 Quaeramus
3376 3524 3405 3560 a
3452 3512 3680 3568 muliere

2101 3576 2563 3649 benevolentiam,
2621 3586 2979 3655 modestiam,
3029 3593 3485 3668 moderationem,
3543 3602 3676 3656 leni-

2106 3678 2266 3764 tatem
2297 3681 2352 3764 et
2379 3672 2761 3764 benignitatem
2790 3695 2804 3731 :
2835 3678 2949 3736 hzec
2977 3693 3101 3737 sunt
3126 3685 3273 3757 signa
3303 3700 3356 3743 et
3384 3703 3524 3746 notae
3556 3695 3676 3764 pul-

2102 3758 2444 3816 chritudinis.
2465 3763 2580 3817 Non
2598 3782 2897 3836 quaeramus
2909 3780 3086 3827 autem
3103 3778 3343 3848 corporis
3358 3758 3674 3851 elegantiam

2101 3868 2163 3908 ac
2210 3864 2569 3923 venustatem,
2624 3874 2725 3916 nec
2777 3878 2895 3917 eam
2940 3867 3301 3935 vituperemus
3329 3888 3546 3946 propter
3576 3895 3671 3943 ea,

2101 3960 2221 4016 quae
2265 3962 2368 4000 nou
2403 3947 2564 4004 habet
2592 3950 2645 4004 in
2692 3962 2992 4022 potestate;
3024 3957 3131 4013 imo
3159 3978 3291 4018 vero
3318 3981 3416 4021 nec
3456 3975 3674 4028 omnino

2100 4039 2496 4107 vituperamus;
2538 4043 2819 4099 audacium
2865 4049 3008 4102 enim
3058 4050 3111 4104 id
3157 4064 3271 4119 est;
3319 4072 3491 4127 neque
3532 4079 3674 4131 a-gre

2101 4130 2353 4185 feramus.
2384 4136 2578 4187 Annon
2625 4135 2820 4190 videtis
2864 4154 3023 4207 quam
3052 4142 3203 4196 multi
3228 4183 3245 4208 ,
3276 4147 3364 4214 qui
3396 4163 3516 4204 cum
3565 4130 3677 4208 for-

2102 4220 2264 4275 mosis
2307 4223 2624 4277 mulieribus
2669 4224 3010 4292 habitarent,
3061 4232 3442 4290 miserabiliter
3469 4253 3500 4292 e
3538 4240 3671 4296 vivis

2100 4313 2476 4366 excesserunt?
2500 4330 2657 4383 quam
2686 4316 2839 4370 multi
2882 4327 3059 4372 autem
3091 4335 3212 4376 cum
3244 4340 3349 4379 non
3381 4328 3531 4384 valde
3562 4331 3670 4385 for-

2101 4401 2303 4467 mosis,
2335 4418 2456 4457 cum
2504 4405 2668 4458 multa
2721 4406 2992 4475 voluptate
3038 4410 3104 4463 ad
3152 4423 3449 4472 extremam
3502 4437 3671 4490 usque

2100 4502 2425 4548 senectutem
2459 4499 2858 4562 pervenerunt?
2888 4498 3087 4553 Sordes
3128 4503 3362 4559 internas
3409 4524 3673 4584 expurge-

2103 4598 2240 4648 mus,
2271 4599 2426 4653 rugas
2454 4601 2575 4654 qua:
2604 4595 2728 4639 sunt
2763 4587 2904 4641 intus
2931 4590 3246 4658 evellamus,
3283 4597 3529 4652 tollamus
3556 4619 3679 4657 ma-

2102 4676 2250 4729 culas
2275 4691 2394 4745 qua:
2419 4686 2543 4730 sunt
2573 4677 2627 4730 in
2667 4678 2866 4732 anima.
2898 4679 3080 4735 Talem
3131 4682 3272 4738 Deus
3301 4690 3518 4757 requirit
3555 4696 3674 4761 pul-

2103 4767 2496 4823 chritudinem:
2534 4768 2676 4835 Deo,
2726 4785 2832 4825 non
2881 4773 3033 4827 nobis
3074 4790 3193 4829 eam
3235 4777 3522 4836 reddamus
3549 4786 3673 4855 pul—

2104 4859 2309 4911 chram.
2341 4856 2454 4913 Non
2484 4875 2784 4929 quaeramus
2816 4864 3088 4931 pecunias,
3120 4880 3227 4921 non
3253 4880 3550 4941 externam,
3581 4877 3675 4929 sed

2105 4967 2223 5020 quae
2252 4959 2334 5005 est
2379 4951 2433 5005 in
2476 4953 2690 5019 anima,
2738 4954 3095 5011 nobilitatem.
3126 4957 3299 5015 Nemo
3349 4967 3579 5031 patiatur
3623 4978 3680 5022 ut

2107 5043 2305 5097 ditetur
2332 5059 2362 5098 a
2389 5044 2613 5100 muliere
2638 5062 2651 5098 :
2687 5052 2868 5116 turpes
2896 5048 3037 5102 enim
3063 5058 3118 5105 et
3146 5053 3418 5119 probrosae
3444 5066 3565 5109 sunt
3598 5058 3680 5111 hac

2107 5136 2341 5191 divitiae:
2374 5153 2547 5206 neque
2575 5141 2795 5192 omnino
2837 5150 3039 5208 quaerat
3085 5142 3347 5211 quispiam
3394 5146 3515 5202 hinc
3543 5148 3691 5204 dite-

2109 5242 2279 5282 scere.
2315 5225 2452 5280 Nam
2477 5229 2561 5297 qui
2588 5229 2757 5282 volunt
2784 5245 2889 5282 esse
2912 5229 3108 5296 divites,
3128 5232 3355 5286 incidunt
3374 5235 3427 5289 in
3449 5241 3689 5293 tentatio-

2110 5335 2219 5371 nem
2240 5359 2255 5383 ,
2280 5328 2325 5371 et
2352 5320 2405 5371 in
2452 5319 2699 5371 desideria
2742 5319 2943 5372 inutilia
2971 5330 3017 5373 et
3069 5322 3252 5386 noxia,
3280 5334 3325 5375 et
3365 5332 3417 5378 in
3446 5326 3654 5396 laqueos
3673 5371 3688 5391 .

2110 5424 2155 5466 et
2193 5414 2245 5464 in
2274 5412 2478 5466 exitium
2509 5422 2553 5464 et
2578 5413 2632 5464 in
2659 5412 2912 5464 interitum
2941 5412 3015 5480 (l.
3048 5412 3177 5466 Tim.
3209 5416 3263 5470 6.
3293 5416 3368 5487 9).
3399 5422 3479 5475 Ab
3521 5438 3693 5479 uxore

2111 5521 2239 5577 ergo
2260 5521 2328 5560 ne
2350 5521 2557 5574 qmeras
2586 5505 2793 5570 c0piam
2826 5504 3087 5573 pecunize,
3118 5516 3173 5559 et
3201 5507 3302 5562 alia
3332 5512 3508 5566 omnia
3538 5511 3688 5568 facile

2113 5597 2372 5653 invenies.
2399 5595 2550 5663 Quis,
2570 5595 2894 5661 dic,nuaeso,
2923 5594 3155 5651 dimissis
3181 5597 3246 5652 iis
3277 5615 3397 5669 quae
3421 5613 3542 5655 sunt
3564 5620 3692 5672 pra:-

2116 5690 2291 5760 cipua,
2323 5687 2593 5740 minorum
2628 5699 2811 5738 curam
2848 5688 3032 5756 geret?
3069 5689 3174 5743 Sed
3200 5729 3216 5754 ,
3252 5689 3338 5744 hei
3377 5692 3537 5746 mihi!
3578 5693 3693 5749 hrcc

2117 5783 2272 5838 nobis
2301 5793 2513 5846 semper
2536 5775 2860 5831 usuveniunt
2880 5820 2898 5843 ,
2926 5787 2981 5833 et
3019 5781 3088 5833 ita
3119 5779 3389 5835 aflicimnr
3419 5800 3432 5834 :
3475 5795 3527 5836 et
3558 5785 3599 5838 si
3630 5787 3694 5839 fi-

2116 5872 2245 5927 lium
2287 5870 2596 5932 habeamus,
2628 5882 2732 5920 non
2763 5869 2996 5924 studium
3023 5872 3270 5941 ponimus
3296 5882 3351 5926 ut
3375 5871 3567 5927 evadat
3596 5875 3693 5927 bn-

2124 5979 2221 6021 nus
2247 6003 2262 6032 ,
2304 5960 2399 6020 sed
2424 5969 2478 6016 ιιι
2507 5961 2554 6016 ei
2586 5959 2803 6015 divitem
2844 5963 3165 6036 accipiamus
3205 5981 3459 6030 uxorem;
3496 5980 3603 6018 non
3644 5976 3701 6019 nt
