4218 6266
434 450 538 508 139

441 565 595 620 bonis
616 562 685 617 sit
705 557 961 621 moribus,
993 551 1085 608 sed
1122 561 1180 606 ut
1216 543 1455 602 abundet
1478 538 1668 611 opibus
1702 553 1716 590 :
1745 543 1800 589 et
1823 522 1873 586 si
1896 530 2018 584 vitae

461 656 739 710 nstitutnm
769 658 1170 720 persequamur,
1200 654 1305 694 non
1331 633 1620 706 quaerimus
1647 637 1707 682 ut
1735 627 1857 682 sita
1898 635 1996 691 per.

442 745 576 798 catis
604 717 853 806 liberum,
880 737 975 792 sed
1006 744 1061 789 ut
1090 744 1341 800 magnum
1369 725 1525 782 nobis
1556 720 1743 776 alierat
1770 717 1975 771 lucrmn
2003 755 2019 765 .

443 846 499 893 et
527 834 703 889 omnia
730 832 785 887 in
816 826 1096 899 pecuniam
1117 837 1270 878 versa
1299 827 1441 875 sunt.
1470 814 1596 869 Ideo
1619 816 1871 876 corrupta
1896 811 2022 859 sunt

443 928 620 984 omnia
646 967 663 995 ,
705 920 955 994 quoniam
987 928 1231 975 tenemur
1260 914 1351 969 illo
1379 924 1582 965 amore.
1600 905 1693 961 28.
1728 901 1813 957 Ita
1836 909 1880 955 et
1906 896 2019 959 uiri,

444 1019 657 1091 inquit,
701 1014 878 1071 debent
919 1011 1133 1082 diligere
1175 1021 1360 1061 uxores
1401 1017 1558 1066 suas,
1588 1005 1644 1050 ut
1667 1007 1882 1062 corpora
1907 1003 2022 1043 sua.

444 1084 582 1178 Quid
612 1084 714 1162 hoc
741 1104 855 1160 est?
882 1101 1177 1170 Tamquam
1220 1095 1285 1149 ad
1316 1090 1572 1160 majorem
1605 1084 1887 1153 imaginem
1930 1092 2024 1130 ve-

447 1206 527 1258 nit
563 1211 618 1258 et
648 1196 1016 1255 vehementius
1057 1189 1360 1260 exemplum
1399 1204 1413 1241 :
1464 1196 1637 1251 neque
1680 1180 1783 1233 hoc
1828 1173 2024 1235 solum,

448 1295 543 1351 sed
572 1305 839 1362 tamquam
870 1288 937 1342 ad
962 1281 1310 1357 propinquius
1337 1289 1391 1333 et
1421 1270 1776 1331 manifestius,
1807 1277 1859 1321 et
1885 1261 2026 1334 quod

450 1389 608 1442 aliam
634 1361 827 1439 habeat
863 1379 1000 1450 juris
1028 1375 1313 1433 rationem.
1352 1371 1483 1425 Nam
1523 1364 1649 1422 illud
1680 1361 1893 1433 quidem
1921 1372 2028 1410 non

452 1485 569 1531 erat
606 1448 891 1530 admodum
922 1467 1307 1524 necessarium.
1338 1460 1417 1516 Ne
1444 1459 1564 1528 quis
1588 1456 1728 1511 enim
1757 1452 1914 1515 dicat,
1939 1448 2031 1502 Ille

450 1568 698 1623 Christus
716 1573 852 1629 erat,
881 1570 936 1617 et
963 1560 1102 1615 Deus
1128 1564 1244 1612 erat
1265 1595 1281 1620 ,
1308 1563 1364 1609 et
1391 1550 1626 1619 seipsnrn
1653 1542 1902 1606 tradidit;
1926 1537 2031 1592 alia

449 1661 560 1730 jam
578 1657 786 1713 ratione
802 1664 857 1709 et
874 1649 1126 1707 methodo
1148 1647 1199 1702 id
1221 1646 1431 1716 probat,
1453 1640 1637 1695 dicens
1665 1655 1678 1689 :
1703 1635 1791 1690 Sic
1811 1631 1991 1730 debent
2012 1642 2033 1682 :

457 1718 562 1806 non
595 1749 738 1806 enim
768 1763 853 1802 res
878 1753 1026 1815 grata
1047 1783 1062 1806 ,
1091 1739 1184 1795 sed
1222 1735 1482 1792 debitum.
1522 1729 1653 1785 Cum
1693 1724 1933 1786 dixiâ€˜set,
1965 1718 2034 1775 Ut

454 1859 548 1897 sua
570 1857 804 1913 corpora,
845 1836 1063 1906 adjecit,
1088 1833 1178 1889 29.
1209 1829 1376 1885 Nemo
1406 1827 1540 1883 enim
1565 1832 2037 1905 umquamfarnem

454 1952 601 1990 suam
648 1911 766 1987 odio
806 1929 1021 1991 habuit,
1062 1925 1150 1980 sed
1174 1920 1331 1977 nutrit
1378 1929 1424 1972 et
1462 1921 1595 1989 {ovet
1629 1929 1760 1968 eam.
1795 1911 1906 1965 Hoc
1928 1915 2034 1974 est,

458 2038 652 2095 magno
689 2020 866 2077 studio
890 2028 945 2074 et
970 2012 1244 2085 diligentia
1273 2024 1393 2066 eam
1437 2014 1609 2062 curat.
1651 1999 1931 2071 Quomodo
1957 2006 2040 2052 est

459 2132 586 2172 caro
615 2113 770 2184 ejus?
799 2109 933 2165 Audi
965 2127 980 2164 :
1010 2105 1122 2161 Hoc
1143 2120 1278 2159 nunc
1298 2119 1353 2156 os
1375 2116 1438 2155 ea:
1457 2098 1650 2152 ossibus
1674 2095 1818 2157 meis,
1847 2091 2038 2160 inquit,

459 2220 506 2263 et
531 2223 650 2262 caro
676 2221 738 2260 ea:
761 2218 913 2257 carne
936 2217 1046 2254 mea
1070 2196 1224 2266 (Gen.
1250 2194 1302 2248 2.
1323 2194 1438 2263 25).
1464 2189 1575 2245 Nec
1601 2188 1701 2241 hoc
1726 2185 1918 2249 solum,
1945 2180 2040 2236 sed

462 2300 623 2354 etiam
653 2316 668 2351 :
698 2294 865 2348 Erunt
887 2335 902 2354 .
945 2290 1150 2360 inquit,
1181 2288 1235 2340 in
1278 2300 1432 2339 carne
1469 2298 1572 2335 una
1602 2276 1818 2351 (Ephes.
1849 2277 1902 2330 5.
1927 2272 2040 2343 5i).

466 2394 611 2445 Sicut
640 2399 685 2443 et
714 2387 942 2442 Christus
968 2382 1144 2436 dilexit
1186 2375 1483 2431 Ecclesium.
1515 2372 1673 2425 Venit
1707 2367 1773 2422 ad
1811 2365 2043 2437 primum

464 2482 792 2550 exemplum.
824 2477 913 2532 50.
949 2473 1082 2540 Quia
1107 2470 1329 2523 membra
1349 2480 1522 2520 sumus
1548 2459 1776 2532 corporis
1805 2460 1944 2527 ejus,
1985 2455 2048 2509 de

468 2590 621 2629 turne
644 2574 753 2643 ejus
780 2579 826 2622 et
850 2566 1045 2643 assibus
1071 2563 1202 2633 ejus.
1230 2555 1549 2626 Quomodo?
1571 2553 1651 2608 Ex
1674 2561 1852 2605 nostra
1879 2547 2047 2601 factus

467 2676 550 2719 tesi.
577 2660 800 2718 materia
829 2701 842 2722 ,
876 2638 1015 2712 sicut
1043 2661 1098 2710 et
1120 2652 1226 2708 Eva
1255 2663 1382 2705 caro
1414 2656 1529 2700 erat
1556 2659 1620 2698 ex
1648 2656 1810 2695 carne
1833 2636 2044 2693 Adami.

470 2758 637 2812 Recte
678 2762 856 2806 autem
885 2762 1006 2803 ossa
1041 2753 1096 2800 et
1120 2755 1334 2798 carnem
1370 2736 1689 2792 memoravit
1720 2749 1734 2785 :
1769 2732 1884 2785 lucc
1906 2727 2049 2782 enim

472 2854 598 2902 sunt
643 2858 762 2914 qua:
805 2840 861 2895 in
909 2836 1063 2892 nobis
1106 2834 1455 2904 principatum
1501 2833 1722 2888 tenent,
1764 2835 1955 2877 carnes
1998 2825 2054 2873 et

473 2954 594 2992 ossa
625 2955 641 2991 :
671 2936 785 2989 haec
813 2929 1027 3002 quidem
1066 2926 1305 2995 subjecta
1356 2931 1623 2991 tamquam
1669 2914 1910 2986 quazdam
1959 2926 2053 2967 ca-

475 3029 613 3096 rina,
640 3027 728 3081 illa
771 3001 949 3078 autem
990 3029 1259 3088 tamquam
1290 3009 1598 3066 :ediiicinm.
1632 3006 1740 3062 Sed
1776 3002 1903 3059 illud
1934 3001 2051 3071 qui-

474 3094 606 3174 dem
648 3127 729 3173 est
780 3112 1158 3185 perspicuum;
1211 3106 1313 3159 hoc
1349 3111 1526 3156 autem
1571 3095 1883 3169 quomodo?
1909 3094 2058 3149 Sicut

475 3216 583 3271 iilic
607 3220 750 3265 tanta
781 3216 862 3262 est
889 3201 1254 3276 prOpinquitas
1274 3238 1289 3262 ,
1323 3195 1391 3248 ita
1412 3234 1433 3260 ,
1461 3191 1673 3261 inquit,
1707 3188 1793 3243 hic
1822 3200 2056 3256 quoque.

475 3307 612 3380 Quid
633 3314 734 3367 est,
765 3303 846 3358 Ea:
868 3317 1017 3356 carne
1041 3298 1149 3369 ejus
1174 3296 1198 3349 ?
1224 3294 1335 3349 Hoc
1364 3300 1467 3354 est,
1489 3302 1616 3362 vere
1635 3296 1688 3343 et
1713 3296 1965 3354 germane
1991 3294 2057 3333 ex

477 3371 617 3470 ipso.
645 3398 707 3451 Et
738 3391 1007 3465 quomodo
1037 3390 1115 3444 sic
1141 3383 1343 3441 Christi
1386 3379 1623 3435 tncmbra
1655 3389 1837 3431 smnus
1860 3372 1884 3426 ?
1910 3371 2056 3439 Quo-

479 3493 621 3544 niam
654 3485 777 3540 faeti
802 3496 987 3538 sumus
1016 3478 1155 3533 sicut
1194 3477 1327 3545 ipse.
1376 3472 1440 3525 Et
1468 3465 1738 3541 quomodo
1762 3479 1828 3518 ex
1857 3458 2059 3518 carne?

480 3579 643 3636 Scitis
686 3577 1006 3646 quicumque
1050 3567 1181 3623 estis
1223 3562 1511 3632 participes
1539 3557 1913 3629 mysteriorum
1943 3569 1957 3605 :
1989 3565 2057 3604 ex

486 3673 588 3726 hoc
613 3644 758 3724 enim
799 3663 978 3718 statim
1002 3654 1386 3714 ellâ€™ormamur?
1435 3651 1501 3706 Et
1525 3646 1834 3719 quomodo?
1862 3644 2063 3697 Rursus

484 3763 606 3818 andi
655 3760 797 3813 hunc
850 3758 1064 3810 beatum
1110 3749 1421 3803 dicentem:
1467 3741 1718 3809 Quoniam
1762 3752 1880 3807 ergo
1920 3732 2063 3803 pueri

484 3852 916 3911 comnmuicarunt
942 3844 1084 3899 carni
1111 3850 1156 3896 et
1195 3836 1454 3907 sanguini,
1477 3832 1707 3887 similiter
1733 3831 1838 3899 ipse
1870 3842 2065 3898 quoque

489 3961 660 4002 eorum
703 3942 801 4015 {uit
849 3938 1120 4011 particeps.
1148 3930 1253 3987 Sed
1291 3927 1376 3983 hic
1419 3928 1534 3997 ipse
1573 3923 1725 3978 nobis
1765 3918 2065 4004 communi-

489 4039 631 4094 cavit
655 4079 670 4099 ,
698 4052 803 4091 non
832 4048 929 4089 nos
958 4029 1059 4099 ipsi
1089 4045 1103 4080 :
1133 4022 1406 4095 quomodo
1445 4034 1572 4089 ergo
1598 4029 1783 4071 sumus
1809 4029 1872 4066 ex
1903 4028 2067 4069 carne

489 4134 609 4203 ejus
627 4138 682 4185 et
705 4144 772 4183 ex
800 4123 1012 4179 ossibus
1038 4118 1188 4191 ejus?
1213 4114 1437 4184 Quidam
1468 4110 1652 4167 dicunt
1678 4107 1986 4187 sanguinem
2013 4113 2070 4159 et

489 4237 704 4293 aquam,
735 4216 830 4274 sed
852 4230 957 4271 non
980 4220 1062 4265 est
1086 4227 1101 4275 ;
1126 4207 1218 4263 sed
1247 4207 1379 4260 sicut
1412 4202 1500 4257 ille
1528 4200 1868 4254 manifestare
1888 4195 2071 4249 volue-

493 4318 581 4377 tit,
602 4314 703 4367 hoc
723 4320 831 4375 est,
845 4301 1287 4375 quemadmodum
1307 4297 1507 4365 absque
1519 4295 1659 4348 coitu
1683 4290 1771 4345 ille
1795 4289 1962 4345 factus
1988 4296 2071 4342 est

492 4423 556 4464 ex
586 4405 785 4475 Spiritu
810 4408 995 4456 saneto
1017 4439 1031 4460 ,
1064 4398 1136 4450 ita
1176 4408 1272 4448 nos
1297 4404 1507 4462 quoque
1546 4387 1647 4441 hoc
1670 4398 1991 4456 generamur
2017 4381 2073 4435 in

495 4500 728 4554 lavacro.
759 4491 891 4546 Vide
919 4499 1047 4559 quot
1069 4486 1309 4553 exempla
1334 4522 1350 4546 ,
1382 4491 1437 4534 ut
1461 4478 1708 4534 credatur
1733 4476 1819 4529 illa
1849 4489 2073 4545 genera-

493 4593 587 4647 tio.
617 4590 662 4645 ÎŸ
690 4585 980 4642 amentiam
1021 4578 1394 4635 ha-reticorum
1422 4574 1441 4629 Î¹
1480 4571 1623 4642 quod
1647 4571 1759 4635 jam
1784 4579 1967 4621 natum
1991 4573 2073 4620 est

492 4702 557 4740 ex
585 4697 743 4752 aqua,
771 4675 913 4747 quod
945 4672 1199 4733 nascitur,
1230 4668 1466 4739 genitum
1499 4680 1680 4718 verum
1706 4662 2070 4723 coalitentnr;

495 4750 834 4841 quodautem
865 4764 982 4835 ejus
1002 4758 1533 4827 corpuseiliciamur,
1563 4753 1615 4807 id
1638 4768 1741 4806 non
1763 4750 2073 4805 admittunt.

493 4838 549 4921 Si
578 4878 709 4933 ergo
739 4874 838 4914 nos
869 4857 936 4909 ita
961 4853 1130 4908 iactos
1154 4864 1275 4904 esse
1299 4845 1517 4901 minime
1538 4843 1780 4899 credunt,
1809 4838 2079 4910 quomodo

494 4971 661 5021 ergo,
694 4952 776 5007 Ex
819 4962 974 5003 carne
1020 4945 1149 5009 eius,
1177 4952 1223 4995 et
1268 4956 1331 4994 ÎµÏ€
1371 4935 1563 4992 ossibus
1604 4934 1760 5004 eius?
1795 4931 1924 4986 Illud
1952 4946 2080 4985 vero

491 5048 628 5103 mihi
659 5042 941 5099 considera
971 5035 1265 5093 :formaltts
1299 5042 1384 5087 est
1421 5029 1611 5093 Adam,
1636 5036 1791 5080 natus
1815 5034 1897 5079 est
1922 5023 2080 5078 Chri-

496 5149 648 5193 stus:
673 5137 741 5190 de
764 5136 930 5189 latere
952 5128 1138 5186 Adami
1164 5139 1380 5196 egressa
1403 5133 1485 5178 est
1508 5118 1804 5188 corruptio,
1825 5117 1892 5172 de
1916 5117 2082 5170 latere

500 5227 698 5285 Christi
744 5236 861 5278 orta
887 5221 1101 5279 estvita
1134 5239 1147 5271 :
1184 5218 1237 5273 in
1283 5216 1532 5287 paradiso
1570 5210 1888 5283 germinavit
1915 5221 2081 5273 mors,

509 5323 564 5377 in
590 5333 751 5376 cruce
777 5332 922 5371 mors
951 5315 1158 5368 sublata
1184 5319 1285 5365 est.

577 5414 633 5468 4.
655 5409 789 5466 Unio
805 5408 1077 5477 conjugum
1098 5405 1295 5458 uuiouis
1324 5410 1510 5457 nostra:
1524 5415 1639 5454 cum
1664 5396 1862 5453 Christo
1878 5392 2086 5466 symbo-

507 5510 634 5559 lum.
665 5500 730 5556 In
768 5512 929 5554 uxore
952 5494 1185 5564 quedam
1211 5494 1331 5546 vitia
1374 5491 1599 5564 ferenda.
1624 5518 1697 5530 â€”
1726 5487 2089 5554 Quemadmo-

1196 436 1253 493 S.
1283 427 1555 487 103Nle
1591 415 2064 481 CHRYSOSTOMI
2104 411 2420 470 ARCIIIEP.
2460 402 2988 464 CONSTANTi-NOP.

3601 387 3699 444 MO

2121 527 2268 580 uxori
2294 539 2400 579 sua
2423 564 2438 589 ,
2485 535 2531 577 et
2559 527 2704 575 erunt
2731 519 2834 572 duo
2872 517 2925 570 in
2961 529 3112 568 carne
3158 526 3279 563 una.
3323 506 3464 561 Ecce
3492 504 3702 560 tertiam

2121 630 2338 672 causam
2369 632 2383 668 :
2420 612 2656 668 ostendit
2682 609 2824 664 enim
2846 648 2860 672 ,
2889 603 3031 675 quod
3053 602 3228 674 quivis
3278 596 3480 654 relictis
3506 610 3703 665 paren-

2125 707 2265 762 tibus
2289 721 2354 760 ex
2377 704 2569 775 quibus
2589 711 2673 758 est
2699 709 2875 762 natus,
2904 713 3024 752 cum
3047 696 3134 750 illa
3163 690 3534 761 conjungitur;
3561 696 3612 740 et
3636 684 3709 739 de

2124 808 2321 852 canoro
2345 810 2472 850 caro
2496 804 2579 849 eSt
2608 800 2760 863 pater
2793 799 2847 844 et
2886 795 3055 843 mater
3083 795 3140 841 et
3164 784 3305 837 [ilius
3332 797 3400 836 ex
3431 779 3709 846 utriusque

2125 888 2267 941 coitu
2297 904 2311 938 :
2343 885 2544 942 etenim
2580 883 2763 937 mixtis
2799 878 3093 935 seminibus
3123 874 3364 929 nascitur
3387 870 3529 924 (ilius
3556 885 3571 921 :
3603 868 3707 920 ita-

2128 993 2233 1048 que
2257 987 2367 1032 tres
2390 985 2513 1030 sunt
2540 989 2644 1029 una
2665 987 2813 1027 caro.
2838 971 2931 1025 Sic
2947 984 3079 1039 ergo
3100 981 3198 1021 nos
3224 979 3343 1018 cum
3368 961 3582 1017 Christo
3604 972 3710 1013 una

2128 1085 2257 1125 caro
2284 1069 2551 1125 eilicimur
2579 1082 2674 1137 per
2702 1062 3198 1136 participationem;
3229 1066 3285 1112 et
3315 1054 3486 1109 multo
3539 1050 3711 1120 magis

2133 1163 2230 1217 nâ€™os
2250 1205 2265 1228 ,
2296 1177 2454 1232 quam
2488 1175 2620 1229 puer
2646 1167 2821 1212 natus.
2851 1153 3066 1223 Quare?
3092 1149 3355 1219 Quoniam
3399 1148 3479 1201 sic
3508 1143 3607 1198 fuit
3642 1142 3715 1196 ab

2133 1254 2308 1308 initio.
2336 1252 2415 1308 Ne
2442 1251 2571 1307 mihi
2596 1250 2746 1304 dicas
2786 1261 2908 1302 eam
2951 1258 3072 1300 esse
3101 1241 3258 1297 talem
3287 1248 3343 1294 et
3369 1238 3546 1291 talem.
3593 1233 3715 1288 Non

2133 1347 2282 1402 vides
2310 1345 2453 1416 quod
2478 1346 2638 1399 etiam
2667 1343 2719 1397 in
2741 1355 2905 1397 carne
2927 1337 3124 1392 multos
3149 1335 3406 1388 habemus
3426 1328 3669 1385 defectus
3688 1326 3715 1380 ?

2134 1440 2222 1495 hic
2248 1438 2390 1494 enim
2422 1447 2505 1492 est
2529 1435 2771 1500 claudus,
2800 1433 2890 1488 ille
2917 1444 3046 1485 vero
3071 1428 3309 1483 detortos
3336 1423 3497 1477 habet
3526 1418 3712 1489 pedes,

2135 1532 2271 1584 alius
2316 1542 2508 1583 manus
2545 1525 2723 1582 aridas
2747 1565 2763 1592 ,
2799 1522 2938 1577 alius
2975 1517 3191 1587 aliquod
3223 1514 3364 1570 aliud
3414 1509 3716 1567 membrum

2136 1622 2407 1676 infirmum
2445 1628 2500 1674 et
2530 1615 2823 1672 invalidum
2856 1632 2871 1669 :
2903 1626 3079 1680 neque
3111 1620 3289 1667 tamen
3316 1605 3494 1668 dolet,
3544 1614 3718 1671 neque

2137 1712 2189 1767 id
2215 1710 2478 1768 exscindit
2497 1750 2512 1774 ,
2540 1707 2634 1764 sed
2662 1717 2717 1763 et
2746 1707 2920 1775 ipsum
2951 1718 3097 1773 saepe
3125 1698 3339 1770 prmiert
3366 1695 3457 1750 alii
3487 1714 3500 1747 :
3524 1702 3578 1749 et
3607 1706 3722 1746 me-

2139 1804 2284 1867 rito;
2336 1811 2420 1856 est
2465 1800 2607 1855 enim
2655 1811 2831 1852 suum.
2858 1793 3121 1862 Quantam
3170 1788 3313 1843 enim
3358 1783 3722 1853 unusquisque

2140 1895 2303 1951 habet
2331 1894 2384 1948 in
2407 1908 2466 1948 se
2494 1890 2834 1946 dilectionem
2860 1927 2876 1952 ,
2920 1891 3125 1940 tantam
3153 1880 3263 1935 vult
3292 1894 3390 1933 nos
3431 1875 3629 1930 habere
3666 1875 3720 1928 in

2141 2001 2363 2041 uxorem
2404 2003 2418 2039 :
2449 1999 2555 2039 non
2583 1981 2706 2051 quia
2734 1992 2918 2035 sumus
2959 1976 3118 2031 unius
3158 1983 3361 2028 natura:
3400 1969 3722 2041 participes,

2143 2078 2236 2133 sed
2264 2078 2524 2147 potiorem
2556 2075 2695 2127 hanc
2722 2070 2981 2125 habemus
3010 2066 3274 2122 rationem
3316 2063 3368 2116 in
3400 2061 3676 2116 mulierem
3704 2097 3722 2122 ,

2145 2169 2288 2239 quod
2334 2182 2437 2221 non
2468 2165 2574 2221 duo
2618 2163 2726 2218 sint
2771 2174 3033 2230 corpora,
3061 2156 3155 2211 scd
3204 2171 3390 2217 unum,
3421 2154 3558 2207 alter
3601 2166 3725 2205 cum

2146 2261 2216 2315 sit
2242 2268 2419 2328 caput,
2445 2257 2611 2312 altera
2640 2269 2769 2309 vero
2795 2267 3010 2321 corpus.
3032 2249 3099 2304 Et
3121 2240 3394 2319 quomodo
3420 2243 3549 2298 dicit
3573 2240 3723 2307 alibi,

2148 2355 2313 2423 Caput
2340 2363 2506 2404 autem
2532 2345 2719 2402 Christi
2759 2345 2897 2400 Deus
2923 2344 2943 2415 (
2968 2343 3017 2398 i.
3050 2341 3170 2396 Cor.
3198 2341 3287 2395 il.
3328 2337 3422 2402 '5)?
3456 2336 3567 2406 Ego
3593 2350 3728 2406 quo-

2148 2462 2254 2517 que
2284 2446 2384 2499 hoc
2426 2442 2569 2507 dion,
2598 2439 2741 2511 quod
2770 2439 2909 2493 sicut
2952 2450 3114 2490 unum
3145 2448 3339 2502 corpus
3383 2445 3481 2485 nos
3519 2442 3726 2492 smnus,

2149 2539 2220 2593 ita
2268 2537 2427 2592 etiam
2475 2532 2717 2589 Christus
2762 2539 2817 2585 et
2857 2529 3013 2584 Pater
3053 2541 3237 2581 unum.
3285 2523 3557 2579 Invenitur
3600 2533 3731 2589 ergo

2150 2630 2309 2686 etiam
2338 2626 2496 2683 Pater
2523 2638 2644 2680 esse
2671 2632 2912 2678 nostrum
2934 2628 3113 2689 caput.
3135 2618 3249 2671 Duo
3275 2616 3425 2686 ponit
3449 2611 3688 2680 exempta
3710 2649 3728 2672 ,

2153 2734 2346 2788 nempe
2397 2716 2639 2788 corporis
2689 2724 2744 2769 et
2790 2694 3002 2767 Christi
3056 2727 3070 2762 :
3115 2708 3341 2778 ideoque
3393 2700 3728 2774 subjnngit':

2154 2810 2244 2865 52.
2273 2809 2659 2864 Sacramentum
2686 2805 2783 2858 hoc
2824 2817 3063 2873 magnum
3089 2809 3158 2853 est
3189 2815 3209 2852 :
3233 2815 3323 2868 ego
3350 2807 3517 2849 autem
3542 2794 3654 2846 dico
3679 2792 3734 2845 in

2154 2901 2353 2959 Christo
2390 2910 2434 2954 et
2463 2901 2516 2954 in
2545 2898 2792 2952 Ecclesia.
2823 2894 2960 2963 Quid
2988 2903 3071 2948 est
3100 2891 3241 2945 hoc?
3264 2890 3507 2959 Magnum
3549 2901 3733 2941 sacra-

2156 3003 2395 3051 mentum
2420 2996 2531 3062 ipse
2563 2990 2692 3045 dicit
2716 3030 2732 3056 ,
2761 2989 2884 3058 quia
2913 2999 3159 3054 magnum
3190 2980 3316 3051 quid
3343 2990 3397 3034 et
3424 2976 3736 3033 admirabile

2160 3088 2319 3141 tacite
2356 3082 2676 3154 signiï¬cavit
2710 3080 2897 3134 beatus
2943 3075 3189 3146 Moyses,
3231 3072 3340 3126 imo
3380 3085 3508 3123 vero
3539 3067 3675 3122 Deus
3718 3080 3736 3118 :

2158 3178 2371 3234 interim
2403 3184 2580 3229 autem
2604 3173 2768 3234 dicit,
2815 3169 2883 3224 In
2940 3168 3141 3224 Christo
3186 3165 3335 3230 dico,
3385 3161 3639 3232 quoniam
3679 3168 3741 3214 et

2159 3271 2274 3340 ipse
2301 3268 2521 3322 dimisso
2551 3267 2711 3321 Patre
2739 3261 3015 3318 descendit
3038 3302 3053 3326 ,
3082 3270 3134 3314 et
3162 3256 3307 3311 venit
3346 3254 3410 3308 ad
3443 3267 3694 3323 spr-nsam
3718 3292 3734 3314 ,

2160 3374 2216 3417 et
2259 3362 2428 3415 factus
2468 3371 2551 3414 est
2598 3359 2649 3413 in
2692 3357 2936 3426 spiritum
2978 3369 3138 3408 unum
3172 3367 3186 3405 :
3223 3350 3323 3416 Qui
3347 3349 3567 3403 adliceret
3595 3346 3738 3400 enim

2161 3453 2411 3516 Domino,
2441 3462 2517 3507 est
2545 3467 2678 3504 unus
2706 3448 2916 3515 spiritus
2946 3447 3020 3504 (Î™.
3053 3445 3170 3498 Cor.
3201 3442 3253 3497 6.
3287 3442 3395 3507 17).
3431 3441 3494 3494 Î•Î™.
3521 3437 3741 3508 pulchre

2160 3544 2295 3600 dixit
2322 3565 2334 3600 :
2366 3544 2618 3615 Magnum
2644 3550 2718 3595 est
2745 3539 3073 3610 mysterium;
3103 3534 3321 3605 perinde
3349 3547 3413 3587 ac
3441 3530 3486 3586 si
3513 3531 3739 3593 diceret,

2164 3636 2234 3691 At
2257 3634 2510 3706 allegoria
2530 3648 2634 3687 non
2659 3630 2853 3686 evertit
2879 3628 3241 3683 dilectionem.
3266 3625 3356 3679 55.
3388 3622 3740 3677 Verumtamen

2163 3739 2211 3783 et
2237 3744 2322 3781 vos
2346 3725 2554 3797 singuli,
2585 3722 2926 3793 unusquisque
2963 3734 3170 3772 umorem
3194 3732 3337 3770 suam
3364 3715 3491 3767 sicut
3518 3713 3741 3780 seipsum

2165 3818 2343 3889 diligat
2370 3833 2389 3871 :
2417 3832 2545 3871 uxor
2563 3825 2731 3868 autem
2759 3813 2931 3866 timeat
2960 3811 3120 3863 virum
3146 3823 3314 3861 suum.
3342 3804 3550 3859 Revera
3575 3804 3741 3869 enim,

2164 3927 2354 3967 revera
2381 3919 2463 3965 est
2490 3907 2804 3980 mysterium
2829 3946 2846 3967 .
2891 3912 2946 3960 et
2973 3916 3219 3972 magnum
3247 3896 3593 3970 mysterium:
3620 3895 3744 3965 quia

2167 4018 2234 4057 eo
2259 4002 2346 4071 qui
2397 3998 2735 4069 procreavit,
2762 3995 2850 4066 qui
2882 3994 3101 4065 genuit,
3132 3989 3224 4061 qui
3276 3989 3553 4052 educavit,
3581 3997 3637 4040 et
3683 4001 3745 4039 ea

2168 4112 2287 4167 qua:
2309 4092 2575 4160 concepit,
2608 4106 2727 4160 qua:
2749 4103 2869 4144 cum
2900 4086 3086 4141 dolore
3118 4082 3323 4154 peperit
3348 4093 3403 4137 et
3437 4079 3745 4141 afï¬‚ictione,

2169 4188 2260 4258 qui
2287 4196 2364 4242 tot
2408 4194 2463 4240 et
2504 4184 2664 4239 tantis
2713 4181 3007 4237 affecerunt
3050 4176 3364 4241 beneï¬ciis,
3407 4189 3528 4229 cum
3559 4172 3751 4242 quibus

2170 4282 2452 4335 diuturnus
2482 4277 2579 4332 fuit
2612 4291 2738 4332 usus
2763 4284 2818 4330 et
2850 4272 3201 4336 consuetudo,
3234 4270 3455 4328 relictis.
3486 4268 3535 4322 ei
3569 4266 3751 4321 adluu-

2170 4381 2306 4436 reat,
2337 4385 2457 4440 qua:
2480 4383 2548 4423 ne
2575 4369 2685 4422 visa
2714 4365 2929 4436 quidem
2954 4365 3048 4418 fuit
3074 4375 3129 4417 et
3153 4378 3276 4417 eum
3303 4376 3368 4416 eo
3400 4358 3531 4413 nihil
3555 4357 3755 4412 habue-

2172 4474 2254 4521 rat
2283 4477 2567 4518 commune
2587 4502 2602 4527 ,
2633 4470 2687 4513 et
2712 4474 2831 4513 eam
2858 4457 3110 4512 omnibus
3141 4453 3409 4525 praeferat.
3438 4451 3643 4506 Revera
3672 4457 3754 4504 est

2175 4555 2509 4627 myserium.
2542 4553 2602 4607 Et
2642 4562 2889 4619 parentes
2911 4590 2924 4611 ,
2972 4563 3095 4602 cum
3123 4545 3236 4600 luce
3262 4545 3396 4599 liunt
3416 4584 3432 4607 ,
3462 4557 3567 4597 non
3616 4556 3756 4609 (egre

2176 4647 2385 4713 ferunt,
2415 4644 2511 4700 sed
2544 4644 2719 4714 potius
2756 4657 2896 4711 a-gre
2921 4639 3097 4695 ferunt
3126 4639 3169 4691 si
3198 4653 3304 4691 non
3340 4636 3500 4700 ï¬ant,
3554 4643 3609 4688 et
3637 4650 3758 4688 cum

2178 4738 2557 4807 impenduntur
2580 4735 2817 4806 pecunia:
2834 4742 2887 4787 et
2918 4733 2974 4785 fit
2989 4718 3538 4799 smnptus,ilzrtantur.
3555 4725 3761 4779 Revera

2180 4846 2429 4900 magnum
2458 4838 2540 4883 est
2570 4827 2880 4900 mysterium
2905 4866 2920 4892 ,
2949 4838 3199 4879 arcanam
3243 4818 3529 4891 quamdam
3561 4816 3764 4870 habens

2180 4922 2522 4993 sapientiam.
2575 4917 2688 4973 Hoc
2726 4916 2908 4971 nmltis
2956 4911 3245 4969 retroactis
3288 4908 3501 4964 saeculis
3554 4906 3766 4977 Moyses

2183 5013 2509 5081 prophetans
2550 5011 2713 5075 dicit;
2747 5008 2849 5063 hoc
2895 5017 2950 5062 et
2980 5005 3177 5061 Paulus
3214 5003 3455 5058 clamans
3498 4998 3704 5069 profert
3749 5014 3765 5051 :

2182 5105 2248 5160 In
2273 5105 2472 5160 Christo
2503 5112 2550 5157 et
2588 5100 2839 5155 Ecctesia.
2872 5098 2981 5153 Sed
3009 5111 3114 5150 non
3145 5104 3366 5164 propter
3389 5093 3562 5160 ipsum
3590 5089 3767 5143 solum

2186 5198 2288 5251 hoc
2312 5197 2509 5252 dictum
2532 5203 2645 5257 est,
2671 5191 2772 5248 sed
2795 5191 2957 5246 etiam
2984 5197 3200 5257 propter
3227 5198 3491 5247 uxorem;
3521 5180 3770 5250 utipsam

2188 5300 2455 5360 tamquam
2487 5286 2756 5356 propriam
2781 5296 2999 5337 carnem
3044 5279 3243 5342 foveat,
3275 5275 3417 5330 sicut
3439 5282 3493 5327 et
3523 5270 3773 5325 Christus

2188 5380 2504 5437 Ecclesiam.
2564 5375 2706 5431 Uxor
2750 5384 2919 5427 autem
2967 5372 3139 5425 timeat
3177 5371 3361 5423 uirum.
3390 5364 3505 5419 Non
3546 5360 3775 5428 amplius

2193 5473 2343 5543 ponit
2367 5487 2488 5539 quae
2515 5478 2638 5523 sunt
2664 5467 2839 5521 solum
2871 5464 3135 5528 caritatis,
3179 5458 3275 5515 sed
3302 5457 3428 5528 quid
3454 5456 3477 5509 Ï„
3509 5453 3578 5509 Ut
3605 5454 3776 5543 tii'neat

2193 5542 2377 5617 uirum.
2406 5561 2595 5616 Mulier
2621 5568 2705 5613 est
2735 5554 3006 5612 secundus
3028 5551 3376 5621 principatus.
3403 5545 3591 5615 Neque
3622 5542 3781 5612 igitur

2196 5659 2308 5725 ipsa
2332 5655 2508 5722 exigat
2534 5649 2896 5721 wqttalitatem
2916 5646 3173 5708 honoris;
3202 5639 3442 5701 estenim
3463 5637 3564 5691 sub
3579 5635 3782 5704 capite:

2198 5756 2372 5818 neque
2416 5745 2506 5799 ille
2550 5757 2667 5799 eam
2711 5740 2974 5810 despiciat
3018 5747 3286 5806 tamquam
3314 5730 3655 5800 subjectam;
3701 5731 3783 5775 est

2200 5842 2343 5900 enim
2367 5853 2596 5909 corpus:
2626 5836 2671 5892 si
2701 5836 2863 5905 capit
2890 5846 3088 5902 corpus
3116 5825 3410 5899 despiciat,
3445 5822 3620 5893 ipsum
3646 5828 3780 5887 quu-

512 5599 641 5651 dum
670 5608 800 5664 ergo
830 5590 922 5645 Dei
953 5586 1121 5644 Filius
1158 5597 1365 5640 natura:
1394 5592 1592 5639 nostrae
1644 5580 1816 5636 factus
1852 5587 1939 5635 est
1959 5620 1973 5640 ,
2015 5577 2088 5631 ita

515 5703 614 5741 nos
640 5684 755 5754 ejus
781 5679 1092 5737 substantia!
1113 5692 1129 5742 ;
1154 5684 1210 5730 et
1234 5680 1373 5729 sicut
1392 5674 1480 5728 ille
1504 5687 1603 5728 nos
1631 5671 1682 5724 in
1704 5672 1882 5741 seipso
1909 5668 2091 5733 habet,

515 5780 585 5833 ita
626 5787 678 5831 et
704 5788 826 5829 eum
868 5786 966 5826 nos
1013 5769 1275 5824 habemus
1308 5764 1362 5821 in
1413 5765 1589 5820 nobis.
1617 5763 1706 5818 51.
1740 5760 1958 5829 Propter
2002 5758 2095 5813 hoc

516 5872 755 5941 relinquet
788 5865 936 5923 homo
963 5870 1155 5936 patrem
1195 5868 1241 5915 et
1283 5867 1489 5914 matrem
1517 5871 1699 5925 suam,
1735 5864 1781 5911 et
1823 5852 2097 5909 adluercbit
