4218 6266
451 336 545 394 Il!

448 451 629 504 πάντα
666 445 804 517 μέλη
833 463 847 479 υ
883 446 1068 515 ἐκείνη
1122 445 1180 498 δὲ
1206 444 1373 499 αὑτοῦ
1400 444 1797 515 προνοουμένη,
1828 445 2014 496 πᾶσαν

449 539 507 587 ἐν
536 533 700 603 ἑαυτῇ
728 532 980 603 αἴσθησιν
1006 531 1220 602 ἔχουσα.
1242 531 1410 585 Οὐδὲν
1438 531 1638 602 ταύτης
1661 532 1881 600 ἄμεινον
1915 529 2016 598 τῆς

451 621 730 689 συζυγίας.
777 620 884 673 Καὶ
929 620 1047 683 πῶς
1075 618 1141 672 ἂν
1172 619 1382 688 γένοιτο
1409 619 1620 689 ἀγάπη,
1655 619 1810 688 φησὶ,
1850 616 2014 685 φόϐου

449 709 639 773 δντος;
667 708 917 763 Μάλιστα
949 707 1074 760 τότε
1129 707 1196 761 ἂν
1218 719 1222 722 ’
1243 707 1474 776 γένοιτο.
1514 706 1578 760 Ἣ
1602 704 1750 778 [149]
1781 705 1890 775 γὰρ
1931 723 2018 773 φο-

450 796 686 866 ϐουμένη
732 795 822 848 zeal
845 796 1035 865 ἀγαπᾷ
1058 812 1070 826 ·
1102 796 1135 864 ἡ
1170 794 1439 863 ἀγαπῶσα
1472 795 1716 863 φοϐεῖται
1739 794 1814 857 ὡς
1843 810 2014 861 κεφα-

449 886 573 957 λὴν,
598 884 693 938 zeal
745 883 933 953 ἀγαπᾷ
973 883 1048 946 ὡς
1091 883 1273 953 μέλος,
1311 885 1434 937 ἐπεὶ
1477 884 1573 936 zeal
1598 885 1631 953 ἡ
1671 881 1882 951 κεφαλὴ
1920 881 2014 951 μέ-

447 973 540 1036 λος
589 969 685 1024 τοῦ
739 970 939 1033 παντός
990 970 1106 1024 ἐστι
1165 970 1434 1038 σώματος.
1462 969 1562 1023 Διά
1599 969 1759 1023 τοῦτο
1791 969 1891 1039 τὴν
1918 969 2015 1037 μὲν

449 1057 719 1127 ὑπέταξε,
741 1058 835 1112 τὸν
876 1057 936 1111 δὲ
969 1056 1259 1129 ἐπέθηκεν,
1279 1058 1366 1112 ἵνα
1405 1059 1595 1129 εἰρήνη
1718 1057 1886 1110 Ἔνθα
1906 1056 2016 1127 γάρ

456 1146 715 1216 ἰσοτιμία,
749 1146 942 1217 εἰρήνη
968 1146 1069 1199 οὐκ
1091 1144 1157 1199 άν
1183 1162 1314 1197 ποτε
1343 1144 1574 1213 γένοιτο,
1595 1144 1716 1198 οὐδὲ
1737 1145 2016 1212 δημοκρα-

447 1233 719 1304 τουμένης
738 1232 938 1297 οἰκίας,
955 1233 1077 1287 οὐδὲ
1101 1233 1320 1288 πάντων
1337 1232 1631 1302 ἀρχόντων,
1646 1229 1781 1284 ἀλλά
1801 1229 2013 1298 ἀνάγκη

451 1322 581 1392 μίαν
611 1316 752 1375 εἶναι
781 1322 882 1394 τὴν
920 1322 1117 1394 ἀρχήν.
1154 1322 1266 1375 Kal
1298 1320 1471 1374 ταῦτα
1497 1319 1772 1390 πανταχοῦ
1793 1319 1886 1372 ἐπὶ
1907 1317 2017 1371 τῶν

451 1409 822 1480 σωματικῶνι
854 1425 868 1439 ⁸
907 1410 1031 1463 ἐπεὶ
1082 1410 1177 1463 ἐὰν
1222 1403 1357 1463 ὦσιν
1388 1409 1579 1479 ἄνδρες
1631 1405 2013 1478 πνευματικοὶ,

450 1496 605 1551 ἐσται
626 1498 839 1568 εἰρήνη.
866 1495 1307 1566 Πεντακισχίλιαι
1342 1493 1482 1566 ἦσαν
1506 1496 1694 1567 ψυχαί,
1714 1495 1808 1548 zeal
1842 1494 2016 1557 οὐδείς

449 1600 505 1636 τι
537 1582 646 1637 τῶν
687 1583 1042 1657 ὑπαρχόντων
1068 1583 1254 1651 ἔλεγεν
1283 1582 1413 1637 ἴδιον
1435 1580 1595 1646 εἶναι,
1630 1582 1744 1637 ἀλλ’
1777 1580 2015 1635 ὑπετάτ-

449 1686 605 1724 τοντο
641 1670 911 1741 ἀλλήλοις.
961 1669 1133 1724 Τοῦτο
1179 1669 1375 1739 δεῖγμα
1428 1669 1697 1732 συνέσεως
1731 1669 1825 1722 zeal
1848 1667 2015 1731 φόϐου

448 1756 608 1811 Θεοῦ.
650 1757 753 1811 Τὸν
774 1758 874 1828 μὲν
900 1752 997 1811 οῦν
1021 1757 1120 1826 τῆς
1154 1757 1372 1826 ἀγάπης
1402 1756 1602 1829 τρόπον
1623 1756 1814 1821 ἔδειξε,
1847 1755 1939 1809 τὸν
1959 1755 2016 1808 δὲ

447 1842 543 1897 τοῦ
571 1843 761 1914 φόϐου,
786 1843 989 1898 οὐκέτι.

519 1968 579 2015 ε’.
598 1962 710 2016 Kal
724 1963 827 2032 6pa
844 1961 935 2016 τὸν
960 1961 1059 2032 μὲν
1072 1961 1173 2030 τῆς
1190 1961 1413 2032 ἀγάπης
1429 1960 1780 2024 πλατύνοντα,
1793 1962 1861 2014 τά
1876 1958 2017 2014 κατά

450 2049 494 2101 Χ
505 2048 688 2119 ριστὸν
731 2046 1110 2118 διηγούμενον,
1138 2047 1206 2100 τά
1239 2048 1381 2100 κατά
1409 2047 1508 2116 τὴν
1530 2048 1709 2117 σάρκα
1729 2050 1829 2114 τὴν
1859 2047 2013 2113 ἰδίαν,

448 2134 527 2195 τὸ,
567 2134 715 2187 Ἀντί
782 2135 999 2187 τούτου
1036 2134 1387 2202 καταλείψει
1420 2132 1737 2201 ἄνθρωπος
1764 2134 1884 2200 τὴν
1903 2151 2018 2203 μη·-

446 2220 587 2290 τέρα
608 2221 794 2276 αὑτοῦ
832 2220 931 2273 καὶ
959 2221 1071 2274 τὸν
1090 2220 1314 2290 πατέρα
1342 2238 1357 2254 ο
1395 2220 1465 2274 τὰ
1492 2221 1551 2274 δὲ
1571 2220 1665 2274 τοῦ
1693 2221 1860 2289 φόϐου
1889 2222 2017 2274 οὐκ·

449 2308 532 2361 έτι
583 2306 861 2360 πλατύνει.
898 2306 963 2359 Τί
996 2308 1237 2378 δήποτε;
1270 2308 1394 2361 Ὅτι
1458 2307 1618 2361 τοῦτο
1667 2308 1866 2378 μᾶλλον
1889 2307 2013 2378 βού-

448 2395 598 2447 λεται
621 2395 861 2464 κρατεῖν,
879 2393 940 2446 τὸ
960 2393 1058 2464 τῆς
1074 2394 1312 2463 ἀγάπης.
1332 2392 1545 2463 Ταύτης
1557 2395 1665 2465 γὰρ
1679 2393 1863 2465 οὔσης,
1883 2395 2017 2448 πάν-

448 2498 517 2534 τα
550 2479 740 2533 ἕπεται
767 2478 835 2532 τά
860 2478 998 2532 ἄλλα
1021 2495 1042 2510 ⁸
1071 2479 1280 2532 ἐκείνου
1305 2480 1360 2533 δὲ
1386 2480 1558 2543 ὄντος,
1587 2481 1648 2533 ού
1679 2480 1914 2542 πάντως.
1957 2480 2015 2534 '0

453 2567 555 2635 μὲν
585 2565 696 2636 γὰρ
741 2565 968 2634 ἀγαπῶν
1021 2564 1117 2636 τὴν
1148 2569 1404 2632 γυναῖκα,
1439 2565 1541 2620 κᾶν
1567 2567 1639 2637 μὴ
1668 2567 1871 2636 σφόδρα
1916 2566 2013 2639 ἔχῃ

449 2652 764 2723 πειθηνίαν,
781 2653 961 2705 πάντα
984 2652 1135 2721 ὅμως
1159 2652 1529 2723 ὑποστήσεται
1555 2669 1569 2682 ’
1593 2653 1739 2706 οὕτω
1755 2653 2016 2707 δύσκολον

449 2741 545 2794 zeal
599 2740 892 2810 χαλεπὸνή
951 2739 1194 2810 ὁμόνοια,
1228 2740 1358 2792 ὅταν
1384 2739 1458 2809 μὴ
1486 2743 1549 2809 τῇ
1580 2740 1679 2810 τῆς
1705 2740 2015 2809 τυραννίδος

449 2828 641 2900 ἀγάπη
670 2821 773 2880 ὦσι
811 2826 1183 2898 συνδεδεμένοι
1213 2844 1228 2859 ο
1249 2828 1279 2879 6
1303 2826 1485 2897 μέντοι
1518 2827 1680 2896 φόϐος
1707 2828 1768 2880 ού
1798 2829 2015 2892 πάντως

446 2913 615 2967 τοῦτο
680 2911 1041 2983 κατορθώσει.
1088 2912 1187 2965 Διά
1250 2912 1409 2966 τοῦτο
1466 2914 1793 2985 ἐνδιατρίϐει
1838 2914 2015 2985 τούτῳ

450 3000 634 3060 πλέον,
665 3000 803 3070 ὅπερ
837 2999 987 3052 ἐστὶν
1017 2998 1256 3070 ἰσχυρόν.
1284 3000 1393 3053 Kal
1417 2998 1648 3053 δοκοῦσα
1677 3000 2016 3055 πλεονεκτεῖ-

451 3086 577 3139 σθαι
602 3085 792 3157 ήγυνὴ
818 3125 833 3147 ,
862 3085 946 3139 δτι
978 3085 1261 3153 φοϐεῖσθαι
1293 3087 1629 3156 προσετάγη,
1656 3087 1969 3140 πλεονεκτεῖ
1997 3105 2013 3120 ο

447 3175 510 3226 τὸ
548 3174 663 3246 γὰρ
688 3172 1025 3245 κυριώτερον
1044 3173 1074 3225 6
1104 3172 1241 3244 ἀνὴρ
1260 3172 1678 3241 προστέτακται,
1697 3173 1757 3225 τὸ
1772 3174 2013 3245 ἀγαπᾷν.

447 3262 516 3315 Τί
540 3257 653 3325 οὖν,
681 3262 749 3315 ἂν
780 3261 855 3332 μὴ
885 3259 1120 3329 φοϐῆται
1145 3299 1160 3323 ,
1196 3261 1383 3330 φησὶν,
1418 3261 1452 3331 ὴ
1481 3261 1618 3331 γυνή
1652 3277 1667 3327 ;
1700 3261 1772 3313 Σὺ
1802 3261 2013 3328 ἀγάπα,

447 3349 510 3402 τὸ
538 3349 738 3403 σαυτοῦ
781 3348 1017 3418 πλήροο.
1056 3346 1166 3400 Kal
1213 3348 1322 3417 γὰρ
1352 3346 1417 3400 ἂν
1438 3348 1505 3400 τά
1531 3346 1685 3417 παρά
1708 3346 1820 3399 τῶν
1842 3347 2016 3401 ἄλλων

452 3435 527 3506 μὴ
554 3436 778 3505 ἕπηται,
802 3437 870 3489 τά
899 3436 1030 3505 παρ’
1061 3434 1216 3504 ἡμῶν
1243 3433 1470 3488 ἕπεσθαι
1493 3433 1591 3487 δεῖ.
1624 3428 1750 3489 Οἷόν
1768 3451 1820 3488 τι
1850 3434 2014 3503 λέγον

459 3526 1000 3592 Ὑποτασσόμενοι,
1036 3523 1220 3592 φησὶν,
1253 3521 1547 3588 ἀλλήλοις
1579 3522 1647 3575 ἐν
1684 3524 1850 3591 φόϐῳ
1881 3526 2018 3593 Χρι-

450 3610 624 3663 στοῦ.
651 3610 716 3661 Τί
751 3606 864 3668 οὖν,
890 3607 956 3660 ἀν
988 3610 1016 3659 6
1043 3608 1229 3679 ἔτερος
1257 3606 1332 3676 μὴ
1358 3607 1726 3677 ύποτάσσηται
1751 3626 1766 3671 ;
1795 3610 1867 3661 Σὺ
1896 3610 2015 3662 πεί-

452 3697 549 3748 θου
599 3694 680 3764 τῷ
727 3694 883 3763 νόμῳ
930 3691 1028 3745 τοῦ
1073 3692 1231 3745 Θεοῦ.
1256 3692 1411 3745 Οὕτω
1438 3693 1501 3760 δὴ
1544 3694 1639 3746 zeal
1681 3695 1954 3749 ἐνταῦθα·
1980 3699 2013 3765 ἡ

453 3781 591 3849 γοῦν
632 3780 773 3851 γυνὴ
817 3779 923 3833 κᾶν
987 3778 1064 3849 μὴ
1109 3779 1413 3845 ἀγαπᾶται,
1438 3779 1587 3847 ὅμως
1613 3780 1902 3849 φοϐείσθω,
1931 3783 2017 3837 ἵνα

457 3867 629 3939 μηδὲν
726 3866 855 3937 παρ’
884 3866 1020 3937 αὐτῇ
1053 3866 1274 3935 γεγονός
1296 3865 1326 3905 δ
1349 3882 1363 3897 ’
1397 3865 1426 3918 6
1452 3881 1512 3917 τε
1547 3865 1704 3937 ἀνὴρ,
1730 3866 1797 3920 ἂν
1824 3870 1897 3938 μὴ
1921 3888 2017 3940 φο-

454 3958 623 4027 ϐῆται
646 3959 677 4026 ἡ
706 3955 865 4027 γυνὴ,
889 3956 1036 4025 ὅμως
1068 3953 1354 4022 ἀγαπάτω,
1385 3953 1473 4007 ίνα
1499 3954 1663 4025 μηδὲν
1691 3956 1852 4019 αὐτὸς
1868 3958 2021 4013 ύστε-

458 4048 526 4117 ρῇ
556 4062 570 4076 ·
609 4044 843 4107 ἕκαστος
884 4044 992 4114 γάρ
1037 4043 1099 4096 τὺ
1150 4041 1281 4095 [διον
1327 4040 1622 4097 ἀπέλαϐεν.
1653 4043 1795 4113 Ἀρά
1838 4046 2017 4115 γάμος

455 4130 604 4186 ἐστὶν
626 4127 782 4194 οὗτος
802 4131 1085 4202 γινόμενος
1116 4130 1258 4183 κατά
1285 4127 1539 4199 Χριστὸν,
1567 4128 1745 4200 γάμος
1769 4149 2018 4203 πνευμα-

454 4218 611 4280 τικὸς
662 4220 758 4271 zeal
794 4217 1048 4288 γέννησις
1099 4216 1465 4287 πνευματικὴ,
1511 4216 1610 4269 οὐκ
1665 4217 1725 4282 ἐξ
1748 4219 2014 4290 αἱμάτων,

453 4306 556 4359 οὐκ
595 4305 655 4371 ἐξ
684 4304 913 4359 ὠδίνων.
943 4303 1175 4375 Τοιαύτη
1226 4305 1323 4357 zeal
1350 4305 1389 4373 ἡ
1436 4302 1533 4356 τοῦ
1577 4304 1764 4359 Ἰσαάκ
1795 4324 1809 4339 ·
1844 4306 2014 4361 άκουε

452 4392 555 4460 τῆς
581 4390 804 4461 Γραφῆς
838 4390 1104 4462 λεγούσης
1127 4409 1143 4425 ⁸
1170 4390 1279 4445 Καὶ
1323 4390 1564 4456 ἐξέλιπε
1588 4394 2019 4463 παραγίνεσθαι

453 4478 654 4546 Σείρρῃ
685 4480 759 4532 τὰ
808 4477 1117 4547 γυναικεῖα
1144 4476 1358 4545 αὐτῆς.
1392 4479 1502 4531 Kal
1524 4479 1553 4530 6
1584 4480 1762 4550 γάμος
1792 4483 1893 4535 οὐκ
1912 4485 2019 4537 ἀπὸ

454 4564 661 4629 πάθους
712 4565 832 4618 οὐδὲ
893 4566 1161 4634 σωμάτων
1189 4574 1239 4629 α,
1278 4563 1415 4617 ἀλλά
1466 4567 1835 4634 πνευματικὸς
1876 4570 2017 4636 ὅλος,

452 4651 630 4721 ψυχῆς
661 4651 790 4721 πρὸς
817 4649 951 4703 Θεὸν
980 4649 1397 4718 συναπτομένης
1424 4651 1719 4718 συνάφειαν
1758 4654 2018 4725 ἄρρητον,

455 4740 549 4792 καὶ
581 4737 739 4809 μόνος
763 4733 903 4789 οἶδεν
931 4735 1115 4798 αὐτός.
1148 4736 1248 4789 Διά
1270 4736 1429 4788 τοῦτό
1456 4752 1620 4806 φησιν
1640 4755 1657 4769 ο
1705 4740 1768 4792 '0
1790 4742 2019 4796 κολλώ-

451 4842 636 4895 μενος
696 4821 784 4888 τῷ
837 4824 1050 4890 Κυρίῳ,
1101 4820 1172 4874 ἓν
1200 4821 1439 4889 πνεῦμά
1483 4822 1681 4878 ἐστιν.
1713 4825 1856 4896 Ὅρα
1902 4828 2022 4892 πῶς

458 4911 744 4975 σπουδάζει
796 4910 891 4963 zeal
943 4909 1043 4980 τὴν
1095 4909 1274 4978 σάρκα
1306 4908 1507 4960 ένῶσαι
1531 4912 1599 4979 τῇ
1626 4910 1814 4981 σαρκὶ,
1844 4914 1938 4967 zeal
1963 4915 2026 4968 τὸ

461 4998 673 5069 πνεῦμα
700 4997 784 5069 τῷ
825 4994 1119 5067 πνεύματι.
1150 4994 1260 5048 Ποῦ
1281 4996 1331 5048 οἰ
1359 4995 1627 5066 αἱρετικοί
1656 5014 1671 5062 ;
1708 4996 1824 5052 Οὐκ
1856 4998 1943 5064 ἂν,
1973 5003 2021 5054 εἰ

456 5083 565 5135 τῶν
589 5083 1077 5152 διαϐεϐλημένωνό
1104 5082 1285 5153 γάμος
1306 5078 1394 5153 ἦν,
1426 5081 1647 5153 νύμφην
1671 5085 1763 5137 καὶ
1791 5087 2022 5157 νυμφίον

462 5169 717 5223 ἐκάλεσεν
751 5186 769 5201 '
800 5171 902 5224 οὐκ
933 5170 1003 5224 ἂν
1056 5169 1382 5242 προτρέπων
1423 5169 1600 5224 ἐκεῖνο
1627 5172 1917 5243 παρήγαγε
1940 5175 2016 5240 τὺ,

459 5254 818 5322 {fatendi-ce
832 5254 1140 5325 ἄνθρωπος
1155 5257 1262 5311 τὸν
1284 5255 1510 5325 πατέρα
1524 5257 1623 5311 καὶ
1651 5258 1762 5324 τὴν
1775 5259 2010 5327 μητέρα

460 5339 618 5417 H50}
662 5341 758 5397 zeal
794 5342 955 5399 πάλιν
1018 5345 1317 5415 ιπήγαγεν,
1348 5345 1432 5398 ὅτι
1481 5343 1587 5412 Εἰς
1618 5346 1724 5398 τύν
1767 5348 2028 5414 Χριστὸν

525 5645 554 5679 ο
583 5638 722 5689 Alius
744 5639 892 5689 habet
913 5641 1169 5689 Βιωτικῶν.
1455 5668 1459 5672 -

524 5693 555 5765 ξ
576 5700 798 5765 pupum;
819 5693 1142 5765 probabiljtpr
1158 5701 1356 5765 conﬁcit
1372 5705 1563 5765 γεγονὸς
1593 5705 1794 5759 ἐλλιπές.

482 5812 489 5815 .
522 5757 549 5796 ⁸
575 5757 604 5811 \
617 5761 742 5811 νήει
760 5757 974 5813 Dtinzus
996 5759 1139 5824 adjici
1160 5757 1323 5825 μίδὶως
1340 5757 1419 5815 κ’ὀί
1440 5757 1736 5827 ονμὼλοκῆς.

1132 333 1191 393 S.
1230 333 1514 391 JOAN'N‘IS
1552 329 2045 389 CHRYSOSTOMI
2083 332 2412 393 ARCIIIEP.
2451 337 3010 398 CONSTANTINOP.

3587 341 3686 395 ΗΞ

2123 444 2354 512 εἴρηται
2394 448 2494 502 καὶ
2525 447 2641 515 τὴν
2669 450 3055 518 Ἐκκλησίαν.
3083 446 3218 516 Περὶ
3238 445 3347 518 γάρ
3366 445 3569 518 ταύτης
3591 452 3688 504 zeal

2119 532 2150 583 6
2185 533 2489 605 Ψαλμῳδός
2526 550 2689 605 φησιν
2714 551 2726 565 ·
2765 539 3096 602 Ἄκουσον,
3131 537 3404 605 θύγατερ,
3432 536 3533 588 καὶ
3566 537 3687 601 ίδε,

2122 618 2225 672 καί
2268 620 2483 674 κλῖνον
2506 621 2572 675 τὸ
2601 618 2710 689 οὖς
2748 639 2887 686 σου,
2929 623 3029 677 καὶ
3065 622 3358 676 ἐπιλάθου
3397 621 3506 676 τοῦ
3532 619 3688 679 λαοῦ

2122 722 2261 768 σου,
2284 706 2383 760 καί
2405 708 2511 761 τοῦ
2540 709 2712 763 οἴκου
2740 710 2846 764 τοῦ
2873 712 3093 780 πατρός
3115 706 3252 763 σοὺ·
3280 710 3377 762 καὶ
3410 710 3691 779 ἐπιθυμή-

2122 809 2217 845 σει
2245 797 2277 847 ὀ
2295 794 2596 859 βασιλεὺς
2626 795 2732 849 τοῦ
2764 797 3032 861 κάλλους
3047 814 3185 851 σου.
3217 796 3313 849 Διά
3342 796 3501 850 τοῦτο
3543 799 3636 850 zeal
3662 800 3691 852 6

2128 881 2361 950 Χριστὸς
2395 881 2578 951 ἔλεγεν
2611 899 2625 914 ’
2666 884 2810 954 Ἐγὼ
2825 886 2984 952 παρὰ
3004 885 3112 939 τοῦ
3136 885 3371 952 Πατρός
3398 883 3689 952 ἐξῆλθον,

2123 968 2219 1019 καὶ
2253 967 2400 1034 ἥκω.
2440 969 2580 1022 Ἀλλ’
2602 971 2729 1024 ὅταν
2755 971 2914 1037 εἴπω,
2934 972 3015 1025 δτι
3044 969 3135 1025 τὸν
3159 972 3377 1042 Πατέρα
3406 974 3691 1040 κατέλιπε,

2128 1055 2201 1122 μὴ
2229 1055 2468 1108 τοιοῦτον
2495 1058 2743 1130 νομίσῃς,
2767 1052 2878 1111 οἷον
2906 1061 2991 1112 ἐπ’
3033 1058 3353 1129 ἀνθρώπων,
3377 1060 3560 1113 τόπων
3593 1078 3690 1131 με-

2122 1139 2371 1196 τάϐασιν.
2411 1142 2625 1214 Ὠσπερ
2669 1143 2778 1215 γάρ
2816 1144 3046 1213 ἐκϐῆναι
3092 1145 3330 1213 λέγεται,
3358 1145 3459 1198 οὐκ
3503 1147 3689 1219 ἐπειδὴ

2124 1225 2368 1295 ἐξῆλθεν,
2419 1228 2557 1282 ἀλλά
2606 1230 2692 1283 διὰ
2724 1232 2822 1299 τὴν
2867 1232 3067 1303 σάρκα,
3097 1230 3240 1284 οὔτω
3269 1232 3364 1284 zeal
3408 1232 3490 1294 τὸ,
3532 1236 3684 1286 Κατ-

2126 1313 2298 1367 έλιπε
2329 1314 2438 1369 τὸν
2469 1317 2719 1383 Πατέρα.
2753 1318 2850 1370 Διά
2873 1318 2926 1370 τί
2964 1315 3057 1370 οὖν
3090 1318 3164 1388 μὴ
3194 1320 3287 1371 zeal
3312 1318 3557 1388 περὶτῆς
3585 1335 3688 1386 γυ-

2123 1402 2309 1464 ναικὸς
2357 1400 2515 1469 εἰπε,
2575 1405 3120 1475 ΙΙροσκολληθήσεται
3176 1405 3313 1476 πρὸς
3371 1405 3462 1458 τὸν
3517 1405 3690 1475 ἄνδρα

2123 1489 2331 1558 αὐτῆςς
2377 1490 2443 1542 Τί
2467 1491 2689 1562 Myrene;
2726 1494 2846 1546 Ὅτι
2876 1494 3005 1563 περὶ
3035 1493 3255 1565 ἀγάπης
3275 1493 3561 1560 διελέγετο,
3594 1493 3690 1547 zeal

2123 1577 2201 1646 τῷ
2253 1577 2406 1648 ἀνδρὶ
2441 1577 2731 1646 διελέγετο.
2785 1580 2995 1651 Ἐκείνῃ
3054 1579 3153 1650 μὲν
3203 1580 3312 1651 γὰρ
3360 1580 3488 1650 περί⁵
3522 1579 3689 1647 φόϐου

2122 1663 2522 1733 διαλεγόμενος,
2584 1665 2748 1736 φησίν
2782 1682 2798 1696 θ
2841 1668 3019 1735 Ἀνήρ
3074 1668 3207 1721 ἐστι
3277 1668 3513 1736 κεφαλὴ
3578 1665 3691 1735 τῆς

2122 1752 2410 1819 γυναικός
2438 1768 2451 1780 ⁸
2489 1752 2582 1806 καὶ
2630 1752 2814 1819 πάλιν,
2843 1754 2924 1807 δτι
2975 1755 3081 1808 Kal
3114 1758 3148 1808 ό
3175 1755 3432 1822 Χριστὸς
3453 1753 3688 1822 κεφαλὴ

2123 1837 2234 1906 τῆς
2265 1839 2631 1907 Ἐκκλησίας
2659 1858 2673 1872 ·
2705 1841 2833 1911 περὶ
2869 1841 2926 1894 δὲ
2954 1842 3172 1910 ἀγάπης
3188 1840 3339 1910 αύτῴ
3359 1841 3689 1909 διαλέγεται,

2126 1926 2218 1979 zeal
2271 1926 2418 1995 αύτῷ
2473 1926 2541 1979 τά
2599 1925 2799 1995 ταύτης
2853 1927 3169 1997 ἐνεχείρισε,
3204 1928 3300 1980 zeal
3326 1926 3394 1979 τά
3438 1927 3691 1996 περὶτῆς

2124 2012 2343 2082 ἀγάπης
2368 2012 2500 2082 πρὸς
2522 2013 2685 2066 αὑτὸν
2710 2013 3031 2081 ἐφθέγξατο,
3062 2013 3375 2082 συσφίγγων
3395 2014 3558 2066 αὐτὸν
3585 2015 3682 2066 zeal

2126 2098 2454 2166 συγκολλῶν.
2473 2101 2530 2153 '0
2547 2100 2655 2169 γὰρ
2678 2099 2772 2153 τὸν
2786 2102 2999 2172 πατέρα
3024 2101 3112 2154 διά
3133 2101 3229 2172 τὴν
3250 2104 3484 2170 γυναῖκα
3506 2103 3686 2169 ἀφεὶς,

2124 2186 2218 2239 καὶ
2252 2187 2421 2256 αὐτὴν
2448 2186 2505 2241 δὲ
2529 2186 2732 2257 ταύτην
2756 2188 2913 2241 πάλιν
2934 2190 3093 2257 ἀφεὶς
3119 2192 3212 2242 zeal
3234 2190 3686 2259 καταλιμπάνων,

2124 2275 2282 2338 ποίας
2341 2275 2408 2329 ἂν
2459 2275 2545 2345 εἴη
2578 2275 2729 2341 ἄξιος
2792 2264 3158 2348 συγγνώμης
3193 2279 3303 2348 Οὐχ
3336 2280 3468 2348 δρᾷς
3516 2278 3690 2348 πόσης

2123 2362 2293 2433 αὐτὴν
2341 2362 2636 2417 ἀπολαύειν
2666 2363 2910 2430 βούλεται
2943 2364 3106 2433 τιμῆς
3145 2366 3174 2416 6
3211 2364 3365 2426 Θεὸς,
3392 2364 3473 2416 ὅτι
3507 2380 3566 2416 σε
3589 2364 3686 2416 τοῦ

2124 2452 2329 2522 πατρὸς
2361 2453 2683 2520 ἀπαγαγὼν,
2710 2452 2882 2524 ταύτῃ
2913 2453 3268 2523 προσήλωσε;
3308 2454 3372 2507 Τί
3398 2451 3514 2518 οὖν,
3540 2453 3690 2507 ᾶντά

2123 2540 2255 2610 παρ’
2289 2539 2445 2609 ἡμῶν
2471 2541 2719 2610 γένηται,
2751 2541 2935 2609 φησὶν,
2966 2540 3147 2610 ἐκείνη
3174 2542 3231 2594 δὲ
3273 2541 3348 2611 μὴ
3378 2541 3685 2613 nomen;

2123 2630 2190 2681 Εἰ
2213 2626 2281 2679 δὲ
2308 2631 2340 2681 ό
2375 2627 2632 2692 ἄπιστος
2679 2626 2999 2695 χωρίζεται,
3031 2625 3374 2696 χωριζέσθω.
3398 2629 3472 2681 υύ
3506 2628 3689 2681 δεδούο

2122 2713 2288 2768 λωται
2313 2717 2341 2767 ὁ
2365 2714 2612 2781 ἁδελφὸς,
2640 2714 2673 2785 ἢ
2698 2717 2730 2783 ὴ
2762 2713 2962 2783 ἀδελφὴ
2992 2718 3049 2767 ἐν
3084 2717 3195 2776 τοῖς
3218 2715 3501 2779 τοιούτοις.
3543 2717 3690 2771 Ἀλλ’

2122 2802 2248 2854 ὅταν
2262 2800 2467 2872 dmin;
2487 2801 2669 2869 φόϐον,
2689 2801 2873 2854 ἐλευθέ
2882 2818 2950 2873 pa
2971 2803 3315 2871 προσήκοντα
3342 2803 3503 2871 φόϐον
3523 2804 3692 2858 ἀπαί-

2120 2905 2225 2952 τει,
2247 2888 2322 2959 μὴ
2339 2887 2520 2952 καθὼς
2540 2888 2686 2958 παρά
2698 2886 2910 2958 δούλης·
2930 2888 3086 2958 σῶμα
3107 2889 3214 2958 γάρ
3233 2890 3350 2943 ιστι
3374 2891 3483 2942 σόν·
3501 2889 3567 2944 ἂν
3582 2891 3692 2963 γάρ

2121 2974 2279 3027 τοῦτο
2294 2976 2542 3047 ποιήσῃς,
2568 2977 2763 3027 σαυτὸν
2782 2975 3149 3045 καθυϐρίζεις,
3163 2975 3224 3028 τδ
3235 2976 3394 3047 σῶμα
3409 2979 3690 3048 ἀτιμάζων

2122 3061 2184 3113 τὸ
2198 3062 2309 3115 σόν.
2323 3062 2480 3125 Ποῖος
2489 3062 2545 3114 δέ
2557 3064 2649 3116 έστ
2657 3078 2702 3114 ιν
2715 3064 2745 3113 6
2762 3062 2921 3130 φόϐος
2938 3063 3118 3126 ς”Ωστε
3135 3064 3208 3133 μὴ
3226 3065 3687 3133 ἀντιλέγειν,ὧστσ

2126 3148 2201 3219 μὴ
2223 3149 2634 3213 ἐπανίστασθαι,
2654 3149 2794 3202 ὥστε
2823 3149 2897 3220 μὴ
2930 3150 3038 3203 τῶν
3055 3151 3336 3219 πρωτείων
3353 3155 3482 3221 ὲρᾷν
3498 3169 3511 3182 ·
3533 3156 3694 3225 ἀρκεῖ

2126 3237 2288 3305 μέχρι
2316 3234 2518 3289 τούτων
2540 3237 2761 3290 ἑστάναι
2783 3237 2874 3290 τὸν
2897 3235 3083 3303 φόϐον.
3119 3239 3217 3290 Ἂν
3246 3238 3304 3290 δὲ
3337 3240 3556 3310 ἀγαπᾷς
3573 3282 3584 3298 ,
3609 3242 3686 3304 ὡς

2111 3321 2680 3393 δκελεύσθες,μείζονα
2712 3324 2923 3394 ἐργάσῃ
2957 3338 2971 3352 ’
3006 3323 3206 3394 μᾶλλον
3232 3324 3288 3377 δὲ
3316 3326 3499 3378 οὐκέτι
3536 3326 3689 3397 φόϐῳ

2122 3408 2278 3462 τοῦτο
2297 3409 2529 3482 ἐργάσῃ,
2548 3408 2684 3462 ἀλλά
2715 3409 2809 3462 zeal
2842 3410 2980 3479 αύτὴ
3011 3412 3045 3481 ἠ
3080 3411 3269 3480 ἀγάπη
3294 3413 3587 3481 ἐργάζεται
3612 3431 3686 3468 τι.

2138 3496 2548 3567 Ἀσθενέστερόν
2577 3514 2693 3558 πως
2730 3498 2791 3549 τὸ
2814 3496 2970 3564 γένος
3004 3498 3176 3560 ἐστὶν,
3205 3498 3402 3569 πολλῆς
3437 3500 3690 3569 δεόμενον

2122 3583 2222 3651 τῆς
2254 3582 2506 3652 βοηθείας
2530 3622 2545 3645 ,
2578 3583 2778 3653 πολλῆς
2806 3585 2904 3653 τῆς
2941 3585 3424 3652 συγκαταϐάσεως.
3449 3588 3514 3640 Τί
3538 3587 3596 3641 δὲ
3622 3590 3691 3642 ἀν

2123 3670 2324 3723 εἴποιεν
2352 3672 2400 3724 οἰ
2427 3670 2700 3742 δευτέροις
2735 3674 3131 3742 συναπτόμενοι
3158 3672 3354 3743 γάμοις
3378 3693 3394 3738 ;
3429 3674 3564 3744 Οὐχὶ
3585 3692 3685 3728 zea-

2123 3759 2393 3828 τακρίνων
2433 3759 2599 3827 λέγω,
2632 3760 2707 3830 μὴ
2742 3761 2954 3828 γένοιτο
2978 3781 2990 3793 ·
3025 3762 3120 3815 zeal
3154 3762 3263 3832 γάρ
3298 3765 3326 3815 ὁ
3369 3763 3690 3825 Ἀπόστολος

2126 3846 2500 3917 συνεχώρησεν
2523 3864 2536 3877 ·
2570 3848 2705 3901 ἀλλά
2779 3848 2872 3900 zeal
2923 3848 3128 3918 σφόδρα
3205 3849 3684 3915 συγκαταϐαίνων·

2125 3933 2304 3985 πάντα
2357 3935 2495 4004 αὐτῇ
2541 3934 2756 4004 πόριζε,
2795 3935 2973 3988 πάντα
3008 3934 3147 4006 ὑπὲρ
3180 3935 3395 4006 ἐκείνης
3431 3938 3639 4006 πρᾶττε
3664 3976 3679 3998 ,

2124 4020 2220 4071 zeal
2267 4017 2615 4089 ταλαιπωροῦ
2644 4036 2658 4049 ο
2688 4020 2903 4090 ἀνάγκη
2950 4037 3032 4073 σοι
3076 4020 3369 4078 ἐπίκειται.
3425 4023 3689 4076 Ἐνταῦθα

2124 4106 2224 4158 ούκ
2247 4104 2386 4169 ἀξιοῖ
2411 4106 2521 4158 ἀπὸ
2569 4106 2679 4159 τῶν
2704 4105 2901 4171 ἔξωθεν
2937 4108 3393 4179 παραδειγμάτων
3440 4111 3687 4179 εἰσάγειν

2124 4195 2224 4264 τὴν
2270 4193 2598 4265 συμϐουλὴν,
2649 4197 2787 4265 ὅπερ
2820 4195 3085 4265 πολλαχοῦ
3134 4199 3299 4250 ποιεῖ.
3339 4198 3537 4266 Ἤρκει
3581 4199 3690 4268 γὰρ

2129 4282 2272 4351 μέγα
2301 4283 2397 4334 zeal
2420 4282 2656 4353 σφοδρὸν
2690 4281 2748 4334 ὃν
2764 4282 2824 4334 τὸ
2845 4281 2938 4335 τοῦ
2968 4282 3202 4353 Χριστοῦ
3233 4301 3247 4314 ·
3289 4283 3488 4354 μᾶλλον
3511 4284 3567 4338 δὲ
3596 4285 3690 4337 zeal

2127 4369 2205 4432 εἰς
2239 4370 2514 4438 ὑποταγῆς
2544 4368 2719 4437 λόγον.
2745 4372 3127 4439 Καταλειψει,
3153 4370 3307 4441 φησὶ,
3334 4373 3440 4424 τὸν
3467 4372 3690 4439 πατέρα

2126 4457 2227 4509 zeal
2278 4457 2395 4525 τὴν
2426 4456 2674 4527 μητέρα.
2711 4458 2842 4512 Ἰδοὺ
2892 4457 3049 4511 τοῦτο
3105 4456 3303 4524 ἔξωθεν
3328 4498 3347 4513 .
3397 4458 3537 4512 Ἀλλ’
3592 4460 3691 4513 οὐκ

2126 4539 2269 4607 εἷπε,
2306 4544 2415 4595 Καὶ
2463 4544 2795 4614 συνοικήσει,
2824 4543 2985 4606 ἀλλά,
3029 4545 3647 4613 Προσκολληθήσεται
3671 4589 3688 4611 ,

2127 4632 2227 4701 τὴν
2271 4631 2476 4703 ἀκριϐῆ
2517 4632 2731 4696 ἕνωσιν,
2766 4633 2866 4704 τὴν
2898 4634 3035 4703 μετά
3077 4632 3437 4704 σφοδρότητος
3470 4635 3691 4705 ἀγάπην

2127 4718 2321 4789 δηλῶν.
2358 4721 2466 4772 Kal
2497 4721 2619 4773 οὐδὲ
2645 4720 2819 4791 τούτῳ
2875 4722 3139 4792 ἠρκέσθη,
3168 4722 3306 4776 ἀλλὰ
3344 4724 3438 4776 zeal
3488 4726 3555 4793 τῇ
3593 4725 3691 4775 έπ-

2128 4808 2320 4877 αγωγῇ
2374 4804 2539 4870 ἔδειξε
2576 4807 2674 4878 τὴν
2741 4808 3019 4877 ὑποταγὴν
3074 4809 3246 4873 οὕτως
3276 4848 3292 4873 ,
3339 4811 3414 4873 ὡς
3495 4811 3692 4881 μηκέτι

2128 4894 2255 4955 τοὺς
2312 4891 2408 4945 δύο
2438 4892 2721 4961 φαίνεσθαι
2771 4893 2888 4949 δύο.
2933 4896 3047 4947 Οὐκ
3100 4891 3273 4958 εἶπεν,
3332 4898 3422 4959 Εἰς
3453 4897 3690 4967 πνεῦμα,

2130 4976 2230 5029 ούκ
2281 4970 2433 5028 εἶπεν
2461 5017 2476 5040 ,
2511 4976 2606 5039 Εἰς
2644 4976 2823 5046 ψυχήν
2848 4991 2863 5006 ο
2896 4979 3070 5030 έκεῖνο
3107 4978 3206 5047 μὲν
3250 4978 3357 5048 γὰρ
3389 4979 3565 5047 δῆλον,
3597 4980 3692 5033 καὶ

2131 5062 2295 5115 παντὶ
2339 5061 2563 5117 δυνατόν
2603 5078 2618 5092 ’
2665 5064 2780 5117 ἀλλ’
2819 5063 3013 5129 οὕτως,
3059 5064 3137 5127 ὡς
3181 5067 3267 5131 εἰς
3316 5063 3515 5132 σάρκα
3544 5067 3696 5135 μίαν

2130 5145 2303 5205 εἶναι.

2205 5265 2280 5325 ς’.
2312 5257 2465 5333 [151]
2494 5261 2728 5333 Δευτέρα
2765 5261 2916 5315 ἐστὶν
2943 5260 3085 5333 ἀρχὴ
3107 5259 3270 5331 αὓτη,
3300 5259 3472 5331 ἀρχὴν
3497 5260 3694 5331 ἔχουσα

2134 5342 2226 5395 zeal
2248 5343 2445 5412 πολλὴν
2474 5344 2571 5415 τὴν
2597 5344 2903 5414 ὁμοτιμίανο
2936 5344 3052 5398 ἀλλ’
3079 5346 3228 5414 ὅμως
3266 5343 3380 5414 ἔχει
3404 5360 3457 5396 τι
3484 5345 3642 5397 πλέον
3665 5346 3695 5396 6

2134 5425 2292 5494 ἀνήρ.
2327 5426 2496 5479 Τοῦτο
2536 5427 2779 5497 σωτηρία
2838 5428 3066 5498 μεγίστη
3116 5427 3312 5489 οἰκίας.
3362 5424 3570 5479 Ἐκεῖνο
3597 5428 3694 5497 μὲν

2135 5508 2243 5578 γάρ
2270 5506 2445 5561 τὸτοῦ
2486 5509 2721 5578 Χριστοῦ
2752 5510 3078 5581 παρέλαϐεν,
3102 5510 3203 5563 οὐκ
3234 5511 3315 5573 εἰς
3337 5508 3399 5562 τὸ
3421 5509 3532 5563 δεῖν
3558 5513 3695 5577 ἀγα-

2137 5593 2244 5661 πᾷν
2276 5591 2455 5660 μόνον,
2489 5591 2624 5645 ἀλλά
2654 5593 2748 5645 zeal
2777 5592 3080 5663 ῥυθμίζειν.
3103 5593 3235 5647 Ἵνα
3255 5586 3315 5663 ᾖ,
3340 5593 3523 5661 φησιν,
3559 5593 3699 5663 ἀγ·ιά

2138 5674 2233 5727 καὶ
2254 5672 2513 5742 ἄμωμος·
2536 5674 2693 5740 τὸδὲ,
2722 5675 2833 5745 Τῆς
2864 5676 3087 5746 σαρκὸς,
3120 5676 3200 5736 εἰς
3231 5675 3291 5727 τὸ
3325 5675 3566 5743 ἀγαπᾷν,
3605 5676 3698 5728 zeal

2138 5755 2219 5821 τὸ,
2262 5757 2889 5827 Προσκολληθήσεται,
2921 5758 3120 5830 ὁμοίως
3147 5758 3226 5821 εἰς
3240 5756 3300 5809 τὸ
3327 5756 3571 5823 ἀγαπᾷν.
3601 5757 3699 5812 “Av
