4218 6266
553 498 646 551 Mi

551 626 658 682 que
682 609 916 681 peribit:
962 607 1058 665 sed
1085 605 1274 663 aﬂerat
1300 604 1640 661 dilectionem
1688 619 1809 675 qua:
1858 613 2129 671 tamquam

554 704 608 758 in
637 701 936 773 :equilibrio
962 696 1286 768 respondeat
1305 697 1643 752 obedientiam
1674 695 1823 750 Sicut
1852 703 2029 762 caput,
2057 693 2129 747 ita

551 804 608 851 et
629 808 861 865 corpus:
894 793 999 848 hoc
1029 792 1101 845 illi
1146 791 1215 845 ad
1263 790 1617 844 ministerium
1640 788 1875 858 praebeat
1905 801 2126 850 manus,

552 886 711 958 pedes
744 895 800 941 et
839 885 1044 952 reliqua
1088 883 1268 938 omnia
1296 882 1571 945 membra;
1605 879 1733 935 illud
1776 890 1953 934 autern
2004 880 2128 932 huic

553 978 786 1048 iuvigilet
836 977 982 1031 omni
1050 976 1369 1030 instructum
1427 973 1796 1042 intelligentia.
1849 969 1987 1025 Nihil
2044 977 2128 1025 est

554 1075 652 1126 hoc
683 1072 934 1141 coniugio
971 1068 1165 1124 melius
1210 1078 1264 1123 et
1302 1067 1663 1137 praestantius.
1719 1063 1789 1119 Et
1816 1062 2122 1134 quomodo,

549 1160 716 1233 inquit
735 1204 752 1228 ,
807 1164 966 1216 fuerit
992 1161 1211 1216 dilectio
1233 1201 1250 1225 ,
1297 1160 1342 1214 si
1370 1168 1453 1215 est
1480 1158 1698 1214 metus?
1742 1158 1969 1211 Maxime
1997 1168 2123 1210 tunc

546 1255 722 1310 fuerit.
772 1253 906 1309 Nam
935 1269 1060 1324 quae
1088 1254 1277 1316 timet,
1326 1253 1485 1307 etiam
1516 1252 1682 1321 diligit
1709 1267 1724 1316 ;
1757 1266 1876 1322 quae
1906 1249 2076 1319 diligit
2102 1290 2118 1313 ,

548 1347 699 1401 timet
728 1355 996 1416 ιτιιιιιιιιςιιιι
1019 1354 1180 1414 caput
1200 1387 1217 1412 ,
1271 1344 1444 1414 diligit
1474 1353 1742 1414 tamquam
1775 1343 2072 1397 membrum
2103 1359 2117 1396 :

548 1453 674 1490 nam
720 1446 880 1507 caput
920 1451 1136 1507 quoque
1179 1445 1265 1492 est
1304 1438 1603 1491 membrum
1652 1435 1813 1489 totius
1854 1437 2118 1504 corporis.

545 1529 838 1599 Propterea
866 1528 1011 1583 illam
1034 1528 1249 1597 quidem
1275 1528 1525 1598 subjecit,
1556 1527 1697 1581 hunc
1721 1541 1854 1581 vero
1884 1526 2122 1596 prmi'ecit

541 1631 598 1674 et
622 1634 781 1687 supra
811 1622 1026 1690 posuit,
1053 1630 1111 1674 ut
1135 1629 1277 1676 esset
1307 1635 1428 1689 pax.
1476 1618 1577 1675 Ubi
1605 1619 1747 1672 enim
1774 1628 1860 1673 est
1900 1620 2120 1672 honoris

539 1713 836 1780 arqualitas,
871 1727 968 1781 pax
1001 1728 1285 1783 numquam
1315 1712 1687 1783 fuerit,neque
1716 1712 1761 1766 si
1791 1713 1985 1767 domus
2010 1727 2114 1783 po-

540 1801 711 1871 pulari
740 1804 1212 1873 regaturimperio,
1237 1819 1410 1873 neque
1435 1805 1478 1857 si
1502 1820 1691 1858 omnes
1711 1804 1996 1873 imperent,
2019 1801 2113 1857 sed

543 1910 762 1950 necesse
803 1907 884 1951 est
913 1908 969 1950 nt
998 1899 1068 1951 sit
1096 1913 1230 1950 unus
1269 1898 1617 1967 principatus.
1675 1896 1741 1951 Et
1768 1896 1883 1950 huic
1919 1896 2116 1964 ubique

537 1988 588 2041 in
615 1988 1016 2056 corporalibus:
1043 2003 1166 2043 nam
1196 1989 1240 2042 si
1262 1989 1370 2043 sint
1395 1990 1494 2043 viri
1523 1989 1846 2057 spiritualcs,
1866 1988 1968 2043 erit
1990 2004 2111 2056 pax.

539 2081 707 2135 Erant
728 2082 1016 2151 quinquies
1036 2081 1186 2136 mille
1214 2082 1431 2145 animm,
1470 2091 1525 2135 et
1551 2096 1710 2136 nemo
1732 2081 2017 2150 quidquam
2046 2096 2109 2134 ex

535 2172 647 2226 suis
677 2171 1021 2225 facultatibus
1047 2172 1260 2227 dicebat
1286 2188 1407 2226 esse
1436 2174 1705 2242 propriqu
1735 2172 1871 2241 (Act.
1900 2174 1954 2226 4.
1982 2171 2052 2227 52
2070 2173 2107 2240 ),

533 2262 630 2317 sed
653 2263 791 2317 inter
816 2277 875 2316 se
901 2262 1129 2331 subjecti
1163 2274 1315 2316 erant
1342 2264 1484 2318 alter
1511 2265 1683 2317 alteri.
1733 2263 1845 2317 lloc
1872 2273 1953 2317 est
1976 2262 2114 2315 indi-

532 2356 674 2409 cium
706 2354 982 2422 sapientia:
1025 2364 1080 2409 et
1131 2354 1337 2408 timoris
1364 2355 1479 2409 Dei.
1537 2356 1710 2425 Atque
1736 2355 1968 2409 ostendit
1995 2355 2112 2425 qui-

532 2447 653 2500 dem
683 2446 901 2500 modum
923 2446 1247 2508 dilectionis,
1281 2446 1489 2500 timoris
1514 2457 1689 2499 autem
1721 2445 1977 2499 nondum.

601 2537 654 2591 5.
690 2537 751 2590 Et
779 2536 899 2590 vide
924 2536 1137 2606 quidem
1164 2552 1284 2591 eum
1309 2537 1533 2592 dilatare
1560 2549 1614 2592 et
1632 2539 1955 2608 ampliﬁcare
1988 2553 2107 2608 qua:

530 2635 652 2681 Sttltl
676 2626 998 2688 dilectionis.
1030 2627 1100 2682 de
1123 2626 1336 2682 Christo
1376 2637 1714 2694 narrantem,
1756 2641 1810 2683 et
1847 2629 1913 2684 de
1946 2645 2106 2685 carne

533 2721 761 2789 prepria,
789 2729 845 2775 et
869 2721 1137 2776 dicentem
1158 2763 1173 2787 ,
1207 2720 1429 2790 Propter
1449 2727 1541 2775 ltoc
1566 2723 1810 2791 relinquet
1842 2723 1989 2775 homo
2014 2739 2106 2792 pa-

533 2819 655 2864 trem
679 2820 726 2864 et
756 2820 965 2864 matrem
983 2827 1003 2864 :
1022 2826 1142 2881 quae
1169 2822 1293 2865 sunt
1319 2822 1497 2866 autem
1532 2814 1738 2869 timoris
1757 2830 1859 2869 non
1878 2816 2104 2870 dilatare

537 2914 634 2955 nec
671 2900 1020 2970 ampliﬁcare.
1069 2902 1310 2968 Quanam
1342 2903 1409 2958 de
1435 2905 1636 2958 causa?
1682 2905 1944 2972 Quoniam
1990 2908 2104 2961 vult

532 2994 869 3050 dilectionem
903 2995 1071 3067 magis
1101 2995 1349 3051 obtinere
1372 2998 1724 3052 dominatmn.
1756 2998 1886 3053 Nam
1919 3001 1963 3053 si
1989 2999 2101 3056 lucc

536 3085 641 3149 sit,
677 3099 971 3154 sequuntur
996 3089 1173 3141 omnia
1211 3088 1346 3152 alia;
1392 3090 1435 3142 si
1474 3090 1561 3144 ille
1589 3090 1684 3152 sit,
1723 3106 1826 3143 non
1858 3093 2097 3146 omnino.

533 3176 666 3232 Nam
690 3179 778 3249 qui
806 3180 977 3249 diligit
1005 3196 1247 3245 uxorem,
1275 3183 1375 3237 etsi
1410 3197 1515 3235 non
1546 3183 1835 3237 admodum
1870 3187 2101 3254 morige-

527 3284 662 3334 ram,
689 3270 866 3323 omnia
897 3279 1072 3325 tamen
1102 3272 1391 3327 sustinebit
1417 3291 1431 3326 :
1480 3275 1615 3329 adeo
1642 3291 1729 3329 res
1755 3284 1838 3331 est
1871 3277 2099 3333 difﬁcilis

526 3359 761 3413 etardua
791 3361 1098 3426 concordia,
1158 3363 1374 3432 quando
1405 3378 1513 3418 non
1540 3364 1735 3420 fuerint
1754 3367 1985 3435 colligati
2018 3378 2099 3437 ty-

527 3451 748 3504 rannide
772 3453 1111 3507 dilectionis:
1139 3455 1299 3508 timor
1325 3465 1503 3510 autem
1533 3472 1638 3510 non
1663 3462 1883 3513 omnino
1916 3462 1968 3514 in
1998 3461 2099 3515 hoc

526 3556 586 3595 se
609 3553 753 3598 recte
771 3553 942 3614 geret.
974 3546 1035 3599 Et
1067 3546 1186 3601 ideo
1221 3548 1717 3617 magisimmoratur
1738 3552 1787 3604 in
1818 3552 1938 3616 hoc,
1959 3553 2099 3622 quod

529 3641 613 3685 est
647 3634 783 3689 forte
816 3651 878 3690 ac
908 3637 1162 3691 validum.
1217 3639 1284 3692 Et
1305 3640 1496 3694 mulier
1519 3682 1534 3704 ,
1565 3643 1648 3694 cui
1686 3642 1895 3695 videtur
1921 3644 2096 3698 ali'crri

533 3723 805 3789 damnmn,
834 3730 973 3797 quod
1001 3731 1247 3798 juheatur
1268 3733 1478 3796 timere,
1512 3734 1783 3788 lucratur:
1816 3736 1930 3788 viro
1958 3737 2097 3789 enim

530 3826 611 3869 est
628 3802 946 3887 prmeéptum
972 3820 1179 3889 id'qlmd
1202 3833 1280 3877 est
1295 3825 1637 3893 prmeipuum,
1657 3827 2098 3896 nempediligcre.

527 3907 669 3971 Quid
704 3924 834 3962 vero
857 3949 872 3971 ,
927 3911 1123 3980 inquit,
1165 3914 1208 3967 si
1237 3931 1337 3968 non
1369 3915 1551 3969 timeat
1577 3918 1748 3970 uxor?
1804 3916 1883 3970 Tu
1910 3918 2096 3987 dilige,

524 3998 692 4068 imple
738 3999 881 4069 quod
926 4011 1068 4054 tuum
1108 4010 1208 4058 est.
1262 4003 1389 4058 Nam
1431 4008 1474 4059 si
1520 4023 1625 4059 non
1668 4017 1961 4075 sequantur
1984 4024 2100 4074 qua:

522 4092 826 4160 prmstanda
876 4103 1003 4148 sunt
1026 4094 1092 4149 ab
1128 4097 1279 4163 aliis,
1321 4108 1532 4167 oportet
1576 4108 1632 4151 ut
1662 4108 1951 4168 sequantur
1983 4116 2100 4167 qum

519 4185 825 4254 prmstanda
873 4196 997 4240 sunt
1042 4202 1070 4239 a
1120 4189 1292 4241 nobis.
1342 4189 1584 4258 Exempli
1607 4206 1805 4243 causa:
1841 4189 2095 4260 Subjccti,

526 4269 698 4338 inquit
722 4310 737 4334 ,
784 4271 995 4324 invicem
1021 4271 1073 4325 in
1103 4274 1280 4326 timore
1303 4273 1512 4327 Christi.
1556 4274 1689 4338 Quid
1722 4289 1867 4342 ergo,
1900 4276 1942 4327 si
1967 4275 2102 4327 alter

523 4376 627 4415 non
673 4362 1030 4430 subjiciatur?
1079 4363 1154 4418 'l‘u
1184 4380 1309 4432 pare
1334 4365 1433 4434 legi
1469 4365 1578 4418 Dei.
1625 4367 1698 4419 ita
1733 4365 1817 4419 hic
1846 4381 2054 4434 quoque
2085 4383 2098 4419 :

524 4450 710 4508 Mulier
737 4455 976 4523 quidem,
1005 4456 1217 4510 etiamsi
1246 4473 1350 4509 nou
1379 4456 1652 4525 diligatur,
1687 4458 1872 4510 timeat
1897 4466 2096 4520 tamen,

524 4562 590 4600 ne
618 4547 747 4600 nihil
776 4548 843 4601 ab
874 4548 987 4616 ipsa
1021 4549 1141 4609 ﬁat;
1198 4560 1252 4603 et
1288 4550 1544 4615 maritus,
1598 4549 1805 4602 etiamsi
1835 4566 1970 4602 uxor
1996 4566 2099 4602 non

526 4639 730 4701 timeat,
754 4645 929 4692 tamen
958 4639 1164 4708 diligat,
1187 4650 1243 4693 ut
1269 4640 1382 4709 ipse
1407 4640 1457 4694 in
1490 4641 1635 4693 nullo
1662 4641 1907 4695 deﬁciat:
1939 4656 2104 4694 unus-

524 4731 751 4797 quisque
780 4731 922 4783 cnim
966 4729 1173 4798 accepit
1202 4731 1342 4799 quod
1372 4741 1453 4785 est
1485 4733 1779 4800 proprium.
1834 4731 1946 4786 iioc
1975 4748 2102 4801 ergo

525 4823 923 4875 matrimonium
956 4833 1043 4876 est
1063 4821 1668 4884 sccnndumChristum,
1704 4825 2102 4877 matrimonium

525 4916 801 4983 spirituale
825 4957 838 4977 ,
882 4926 932 4971 et
963 4916 1244 4985 generatio
1272 4918 1490 4984 spiritus
1511 4959 1525 4979 ,
1581 4934 1688 4971 non
1715 4933 1780 4970 ex
1809 4917 2066 4986 sanguine
2087 4957 2100 4979 ,

529 5022 624 5061 nec
652 5023 715 5061 ex
744 5007 932 5061 dolore
971 5017 1175 5075 partus.
1206 5007 1355 5061 Talis
1382 5019 1463 5060 est
1491 5009 1650 5062 etiam
1683 5008 1845 5062 Isaaci
1882 5023 2106 5076 genera-

528 5100 597 5151 tiu
629 5116 641 5151 :
683 5098 809 5153 andi
841 5098 1170 5167 Scripturam
1216 5098 1504 5154 dicentem.
1555 5098 1622 5151 Et
1652 5100 1901 5153 desierunt
1931 5098 2106 5152 Sarra:

526 5189 634 5257 ﬁeri
662 5192 771 5259 ejus
802 5190 1107 5264 muliebria(
1139 5189 1264 5245 Gen.
1300 5192 1386 5246 18.
1417 5193 1473 5244 li
1503 5191 1546 5262 ).
1600 5192 1666 5244 Et
1705 5191 2104 5244 matrimonium

527 5301 628 5338 non
660 5301 725 5339 ex
757 5286 940 5339 sensili
987 5295 1132 5340 motu
1164 5302 1263 5341 nec
1307 5303 1371 5341 ex
1407 5286 1721 5355 corporibus
1743 5327 1757 5350 ,
1803 5285 1896 5338 sed
1937 5294 2103 5337 totum

522 5379 826 5446 spirituale,
862 5379 970 5433 ilco
995 5382 1280 5447 conjuncta
1313 5382 1488 5433 anima
1522 5380 1898 5447 conjunctione
1926 5378 2108 5432 ineii‘a-

523 5471 613 5523 hili
635 5512 648 5535 ,
682 5481 735 5523 et
765 5486 924 5539 quam
964 5472 1078 5540 ipse
1104 5473 1250 5525 solus
1281 5473 1450 5527 novit.
1484 5473 1774 5540 Propterea
1808 5470 1969 5533 dicit,
2007 5468 2107 5532 Qui

517 5564 747 5616 adhaeret
778 5561 1014 5628 Domino,
1039 5573 1110 5616 est
1141 5581 1270 5618 unus
1299 5565 1506 5633 spiritus
1533 5563 1734 5633 (LCor.
1753 5562 1804 5617 6.
1821 5563 1929 5632 i7).
1950 5562 2106 5615 Vides

513 5657 794 5727 quomodo
837 5659 986 5725 ponit
1021 5657 1256 5712 studium
1297 5667 1351 5710 ut
1399 5672 1614 5712 carnem
1649 5658 1794 5712 carni
1826 5657 2006 5721 uniat,
2053 5664 2108 5709 et

513 5748 769 5815 spiritum
797 5747 1033 5816 spiritui.
1067 5748 1162 5804 Ubi
1187 5756 1312 5802 sunt
1339 5747 1689 5805 bteretici?Si
1711 5749 2105 5802 matrimonium

513 5853 670 5895 esset
710 5856 775 5895 ex
827 5840 899 5894 iis
952 5855 1072 5909 qua:
1134 5841 1501 5910 vituperantur
1532 5883 1547 5906 ,
1581 5857 1686 5896 non
1751 5856 2004 5908 sponsum
2055 5852 2109 5893 et

510 5948 778 6005 sponsam
844 5929 1187 5999 vocavisset,
1246 5947 1351 5989 non
1407 5934 1698 5991 adhortans
1753 5933 1882 5990 illud
1942 5932 2106 5987 addu-

1364 488 1429 546 ΙΝ
1467 488 1685 545 EPIST.
1726 490 1818 543 Al)
1856 488 2092 545 EPHES.
2132 487 2284 546 CAP.
2330 491 2390 548 Υ.
2433 493 2663 551 HOMiL.
2706 497 2823 554 XX.

3715 512 3815 569 iii

2237 606 2419 673 xissct,
2452 608 2718 677 Relinqaet
2747 611 2898 665 homo
2923 620 3117 683 patrem
3158 624 3207 669 et
3250 602 3495 685 matrem;
3541 636 3639 676 ucc
3683 639 3812 680 rur-

2238 713 2332 754 sus
2358 701 2727 771 subjunxisset
2752 720 2766 757 :
2806 703 3010 759 Dictum
3037 716 3111 762 est
3129 749 3143 770 ,
3173 710 3225 762 in
3253 709 3452 765 Christo
3481 724 3527 768 et
3555 713 3807 774 Ecclesia.

2237 791 2311 847 De
2338 793 2437 847 hac
2461 796 2602 848 enim
2632 795 2764 850 dicit
2783 797 2944 852 etiam
2972 800 3454 871 psalmographus:
3487 808 3618 859 Audi
3637 852 3650 871 ,
3673 811 3805 877 ﬁlia,

2230 893 2278 936 et
2307 885 2448 949 vide,
2481 896 2527 939 et
2548 885 2736 940 inclina
2766 904 2938 942 aurem
2960 898 3100 943 tuam
3119 931 3134 956 ,
3170 901 3219 947 et
3246 895 3535 951 obliviscere
3567 902 3808 968 pupulum

2231 984 2392 1039 tuum,
2420 986 2467 1029 et
2488 977 2691 1030 domum
2713 980 2872 1048 patris
2902 981 3010 1033 tui:
3034 991 3079 1034 et
3107 986 3423 1047 concupiscet
3453 989 3561 1043 Rex
3582 996 3782 1061 pulchri

2229 1067 2453 1121 tudinem
2472 1079 2609 1121 tuam
2634 1069 2804 1140 (Psai.
2837 1071 2927 1125 44.
2958 1073 3047 1142 ii)
3100 1074 3386 1143 Propterea
3415 1086 3428 1122 I
3458 1080 3654 1134 hristus
3679 1100 3803 1151 quo-

2227 1174 2330 1227 que
2355 1158 2602 1214 dicebat:
2639 1159 2749 1230 Ego
2772 1160 2901 1216 exivi
2930 1180 2961 1215 a
2988 1162 3164 1229 Patre,
3189 1176 3235 1219 et
3251 1169 3360 1219 veni
3388 1167 3563 1239 (Joun.
3586 1174 3672 1225 16.
3691 1176 3779 1237 28)

2227 1251 2332 1308 Sed
2353 1254 2568 1323 quando
2585 1255 2705 1310 dzco
2730 1271 2852 1310 eum
2880 1259 3159 1326 reliquisse
3187 1261 3418 1322 Patrem.
3445 1280 3511 1317 ne
3549 1268 3649 1319 tab-
3679 1285 3802 1335 qtlltl

2225 1346 2515 1410 existimes,
2545 1348 2704 1416 quale
2732 1350 2869 1417 apud
2891 1349 3155 1413 homines,
3183 1354 3417 1409 locorum
3449 1363 3726 1413 transitum
3753 1372 3803 1414 et

2225 1443 2742 1492 transmutationem.
2756 1437 2905 1493 Sicut
2924 1441 3064 1493 enim
3082 1442 3311 1495 exivissc
3328 1444 3539 1508 dicitur,
3558 1463 3658 1499 neu
3681 1468 3801 1515 quo-

2224 1529 2365 1584 niam
2387 1531 2569 1594 exivit,
2589 1530 2680 1586 sed
2700 1542 2919 1600 prepter
2943 1547 3157 1586 carnem
3180 1550 3194 1591 :
3223 1535 3292 1587 ita
3315 1538 3474 1589 etiam
3492 1539 3640 1599 illud.
3665 1539 3803 1591 llr/i-

2220 1621 2329 1690 quit
2356 1620 2583 1674 Patrem.
2614 1621 2724 1675 Cur
2743 1636 2872 1690 ergo
2897 1638 3002 1674 non
3036 1623 3168 1676 dixit
3192 1623 3258 1677 de
3289 1639 3477 1686 uxore,
3497 1628 3800 1680 Acilia-rubi!

2220 1711 2414 1765 marito
2428 1726 2527 1765 suo
2541 1712 2566 1763 ἲ
2584 1727 2811 1781 quanam
2836 1712 2904 1767 de
2923 1727 3082 1767 causa
3099 1714 3395 1780 ?Quoniam
3412 1716 3620 1770 dicebat
3638 1720 3704 1770 de
3722 1721 3799 1771 lii-

2219 1801 2467 1865 lectione,
2487 1813 2538 1855 et
2556 1801 2871 1871 loquebatur
2886 1819 3007 1858 cum
3030 1804 3165 1858 viro.
3186 1805 3315 1859 Nam
3333 1823 3455 1861 cum
3473 1809 3558 1861 illa
3583 1811 3794 1877 quidem

2219 1892 2441 1960 loquens
2464 1891 2532 1947 de
2557 1891 2749 1948 timore
2773 1893 2922 1958 dicit,
2964 1892 3054 1947 Vir
3079 1904 3152 1949 est
3177 1907 3328 1965 caput
3367 1900 3541 1952 uxoris
3566 1916 3672 1954 sate
3690 1916 3709 1965 ;
3745 1914 3798 1955 ct

2216 1982 2447 2035 ttltristus
2475 1998 2680 2048 rursus,
2717 1993 2869 2053 caput
2898 1985 3136 2040 Ecclesitz
3154 2004 3174 2041 :
3205 2003 3322 2043 cum
3366 1990 3481 2043 viro
3526 2002 3701 2045 autem
3730 1995 3798 2048 de

2214 2075 2765 2147 dilectioneloqnitur,
2783 2087 2835 2134 et
2848 2093 2909 2132 ea
2926 2095 3043 2149 quae
3063 2081 3129 2132 ad
3150 2081 3315 2148 ipsam
3334 2094 3569 2147 spectant
3593 2084 3663 2137 illi
3689 2096 3796 2139 tra-

2214 2166 2326 2232 dit;
2356 2181 2419 2221 ac
2444 2168 2512 2223 de
2537 2168 2824 2223 dilectione
2868 2185 2989 2225 cum
3021 2170 3111 2225 illo
3141 2170 3302 2225 verba
3332 2172 3479 2236 facit,
3509 2190 3630 2227 eum
3661 2190 3795 2229 cou-

2213 2260 2480 2332 stringcns
2523 2270 2576 2315 et
2610 2263 2984 2332 conglutinans
3027 2273 3080 2317 et
3128 2265 3326 2320 faciens
3364 2266 3661 2322 adhaerere.
3692 2269 3794 2336 Qui

2212 2356 2352 2409 enim
2383 2363 2585 2424 patrem
2606 2355 2808 2410 dimisit
2834 2366 3055 2425 propter
3078 2373 3322 2424 uxorem,
3338 2369 3392 2414 et
3419 2360 3586 2429 ipsam
3610 2378 3795 2418 rursus

2212 2459 2393 2517 postea
2426 2447 2644 2505 dimittit
2664 2457 2718 2502 et
2751 2448 3021 2518 relinquit,
3044 2464 3203 2519 quam
3223 2451 3518 2506 merebitur
3546 2452 3794 2508 veniam?

2211 2540 2324 2594 Non
2347 2539 2496 2595 vides
2513 2548 2768 2609 quantum
2790 2540 2928 2595 Deus
2950 2542 3209 2597 honorem
3229 2558 3345 2597 eam
3370 2545 3493 2599 velit
3511 2547 3788 2617 Conscqui,

2209 2646 2329 2685 cum
2360 2640 2411 2686 te
2440 2645 2468 2683 a
2501 2642 2651 2700 patre
2670 2630 2957 2685 abductum
2984 2631 3030 2685 ei
3059 2630 3290 2686 al‘ﬁxerit
3310 2634 3335 2688 ?
3359 2633 3498 2700 Quid
3531 2651 3678 2701 vero,
3710 2637 3793 2689 iu-

2208 2724 2357 2794 quit,
2384 2724 2427 2777 si
2456 2722 2592 2777 facta
2612 2723 2721 2777 sint
2749 2737 2777 2777 a
2812 2723 2966 2777 nobis
2989 2738 3107 2793 qua:
3129 2734 3253 2778 sunt
3283 2724 3546 2789 facit-uda,
3576 2725 3661 2781 ῘΙΙί
3694 2744 3791 2780 au-

2211 2825 2315 2868 tem
2346 2830 2451 2869 non
2484 2814 2817 2884 sequantur?
2848 2814 2910 2867 Si
2938 2825 3107 2867 autent
3135 2815 3356 2883 inﬁdelis
3386 2816 3629 2880 discedit,
3677 2818 3787 2870 dis-

2207 2905 2350 2959 cedat
2379 2904 2794 2977 (l.Cor.7.15).
2823 2904 2939 2959 Non
2963 2905 3304 2960 estservituti
3327 2906 3783 2973 subjectusIrater

2206 3006 2300 3051 aut
2323 3013 2478 3052 Soror
2506 2997 2559 3050 in
2590 2995 2907 3066 huiusmodi.
2953 2996 3058 3051 Sed
3082 2995 3297 3065 quando
3324 2996 3475 3050 audis
3513 2998 3783 3063 timorem,

2205 3090 2357 3159 exige
2380 3090 2624 3143 timorem
2652 3088 2741 3157 qui
2767 3069 3020 3143 convenit
3041 3088 3246 3153 liberae,
3279 3103 3383 3167 non
3424 3098 3690 3157 tamquam
3720 3091 3786 3142 ab

2204 3180 2418 3235 ancilla:
2443 3188 2527 3235 est
2540 3181 2679 3235 enim
2704 3195 2899 3249 corpus
2925 3189 3071 3233 tuum
3095 3196 3108 3231 :
3129 3194 3250 3232 nam
3271 3178 3313 3231 si
3339 3178 3437 3231 hoc
3466 3177 3676 3238 feceris,
3702 3189 3783 3231 te-

2206 3274 2375 3342 ipsum
2400 3273 2595 3342 probro
2619 3273 2807 3336 alﬁcis,
2830 3281 2977 3326 tuum
2996 3286 3192 3339 corpus
3215 3268 3456 3325 afﬁciens
3473 3270 3782 3339 ignominia.

2203 3362 2333 3428 Quis
2349 3372 2430 3417 est
2448 3373 2623 3425 autem
2644 3363 2827 3417 timor?
2841 3362 2911 3418 Ut
2928 3377 3031 3415 non
3051 3360 3398 3421 contradicat,
3414 3369 3471 3413 ut
3486 3374 3589 3413 non
3613 3361 3784 3412 insur-

2203 3467 2311 3523 gat,
2340 3465 2397 3509 ut
2442 3457 2642 3525 primas
2672 3465 2848 3525 partes
2878 3472 2982 3509 non
3012 3462 3156 3508 amet
3184 3470 3199 3507 :
3225 3454 3289 3507 ad
3319 3453 3431 3506 hmo
3457 3469 3621 3519 usque
3654 3453 3785 3506 satis

2203 3558 2285 3601 est
2306 3548 2549 3601 timorem
2582 3546 2898 3601 consistere.
2921 3545 3013 3600 Sin
3030 3554 3207 3599 autem
3230 3544 3428 3614 diligis,
3448 3556 3505 3597 ut
3529 3544 3675 3612 jussa
3700 3560 3779 3611 es,

2204 3641 2363 3693 etiam
2386 3638 2587 3708 majora
2615 3637 2817 3702 facies;
2849 3636 2958 3691 imo
2983 3652 3111 3692 vero
3135 3652 3240 3691 non
3264 3635 3455 3691 timore
3472 3634 3574 3689 hoc
3599 3634 3779 3699 facies,

2204 3732 2299 3787 sed
2331 3731 2442 3801 ipsa
2471 3733 2631 3785 etiam
2661 3730 2878 3784 dilectio
2900 3728 3057 3785 faciet
3082 3728 3304 3798 aliquid.
3353 3728 3441 3781 Est
3469 3742 3629 3781 sexus
3662 3736 3781 3781 tuus

2201 3823 2593 3892 quodammodo
2618 3822 2949 3888 imbecillior,
2973 3823 3139 3876 multo
3162 3836 3326 3891 egens
3355 3820 3578 3887 auxilio,
3613 3821 3776 3872 multa

2205 3914 2525 3984 indulgentia
2549 3955 2564 3979 ,
2596 3923 2652 3966 ut
2682 3921 2784 3967 tute
2819 3912 3141 3967 inﬁrmitatis
3168 3910 3422 3966 habeatur
3454 3912 3609 3964 ratio.
3643 3909 3780 3975 Quid

2202 4006 2434 4060 dixerint
2455 4005 2543 4074 qui
2570 4003 2819 4059 secundis
2845 4003 3241 4073 conjunguutur
3257 4003 3457 4069 nuptiis
3480 4002 3504 4053 ?
3530 4002 3641 4054 Non
3659 4001 3782 4053 dico

2204 4096 2569 4151 condemnatis
2597 4135 2611 4157 ,
2642 4094 2815 4147 absit:
2858 4089 3140 4161 Apostolus
3185 4090 3327 4143 enim
3375 4090 3425 4142 id
3475 4092 3779 4151 concessit;

2204 4186 2296 4241 sed
2328 4186 2482 4241 valde
2510 4184 2645 4238 adeo
2687 4182 2753 4237 ad
2781 4182 2896 4250 ejus
2922 4181 3285 4234 inﬁrmitatem
3332 4194 3419 4234 me
3445 4180 3730 4233 dcmittens
3768 4198 3780 4233 :

2203 4279 2250 4331 ei
2282 4278 2457 4332 omnia
2490 4274 2668 4344 prtebe
2687 4314 2702 4336 ,
2756 4270 2932 4326 omnia
2959 4286 3056 4339 pro
3085 4270 3170 4324 illa
3200 4284 3325 4337 gere
3352 4278 3405 4322 et
3444 4278 3663 4337 patere:
3695 4271 3782 4323 in~

2204 4368 2403 4421 cumbit
2446 4365 2538 4419 tibi
2566 4363 2881 4418 necessitas.
2931 4360 3027 4414 ilic
3058 4376 3162 4413 non
3193 4361 3304 4413 vult
3330 4361 3568 4414 externis
3599 4376 3782 4415 exem-

2208 4462 2310 4529 plis
2340 4459 2760 4513 admonitionem
2785 4452 3058 4517 inducere,
3092 4453 3231 4521 quod
3264 4467 3408 4521 saepe
3439 4451 3581 4506 facit.
3614 4453 3778 4507 Sufﬁ-

2207 4554 2380 4608 ciebat
2403 4551 2543 4604 enim
2566 4545 2766 4603 Christi
2796 4544 3097 4613 exemplum
3124 4583 3139 4607 ,
3172 4554 3229 4597 ut
3253 4543 3392 4611 quod
3432 4546 3501 4596 sit
3534 4559 3781 4613 maguum

2207 4652 2260 4696 et
2281 4641 2574 4696 vehemens
2594 4678 2609 4704 ,
2640 4637 2875 4691 maxime
2901 4644 3077 4689 autem
3106 4633 3171 4687 ad
3201 4636 3459 4687 rationem
3490 4634 3783 4699 subjectio-

2208 4735 2311 4787 nis.
2352 4730 2653 4796 Relinquat,
2705 4727 2910 4797 inquit,
2955 4736 3148 4795 patrem
3177 4733 3225 4778 et
3258 4732 3488 4778 matrem.
3539 4723 3678 4778 Ecce
3716 4723 3785 4776 ab

2205 4824 2462 4880 externis.
2481 4820 2583 4875 Sed
2601 4837 2703 4874 non
2719 4819 2872 4881 dixit,
2893 4819 2956 4871 Et
2973 4815 3319 4880 cohabitabit,
3335 4815 3450 4881 sed,
3475 4815 3780 4876 Adita-nebit,

2206 4935 2298 4974 seu
2311 4914 2741 4988 agglutinahitur,
2758 4921 2997 4967 exactam
3012 4910 3315 4980 signiﬁcans
3328 4908 3779 4977 conjunctioueiu,

2206 5013 2540 5067 dilectionem
2573 5009 2752 5076 utique
2782 5006 3175 5059 vehementem.
3206 5001 3385 5068 Neque
3404 5001 3503 5054 hoc
3524 5000 3618 5073 fuit
3656 5014 3783 5050 con-

2210 5116 2404 5169 tentus,
2423 5102 2514 5157 sed
2533 5111 2585 5156 et
2604 5117 2695 5170 per
2717 5099 2767 5154 id
2789 5097 2929 5167 quod
2948 5095 3219 5165 subjungit
3245 5095 3321 5147 sic
3348 5092 3578 5145 ομιειιιιῖι
3606 5090 3779 5156 subje-

2207 5196 2457 5259 ctiouem,
2475 5193 2650 5246 utduo
2668 5207 2772 5244 non
2794 5188 3021 5255 amplius
3043 5187 3146 5238 duo
3169 5191 3474 5251 appareant.
3500 5180 3611 5234 Non
3630 5181 3783 5246 dixi',

2211 5290 2263 5342 lu
2291 5289 2506 5357 Spiritu;
2534 5300 2638 5338 non
2671 5283 2824 5344 dixit,
2850 5282 2903 5335 lu
2931 5279 3105 5331 anima
3124 5294 3138 5341 ;
3160 5292 3279 5328 nam
3304 5275 3430 5329 illud
3455 5284 3538 5329 est
3564 5275 3761 5329 monile

2208 5389 2369 5441 stum,
2383 5375 2552 5429 ethoc
2567 5382 2739 5443 potest
2756 5371 3007 5440 quilibet;
3034 5368 3126 5421 sed
3146 5367 3212 5419 ita
3231 5377 3284 5418 ut
3302 5366 3390 5428 sit,
3414 5364 3476 5420 In
3488 5383 3639 5419 carne
3658 5383 3761 5418 una

2281 5472 2333 5526 6.
2378 5469 2471 5523 llic
2491 5477 2572 5521 est
2602 5463 2867 5521 secundus
2893 5460 3246 5530 principatus,
3272 5459 3473 5512 habens
3501 5458 3783 5525 imperium

2211 5573 2264 5618 et
2293 5563 2514 5616 multam
2544 5556 2762 5612 honoris
2789 5552 3146 5622 aequalitatem
3173 5567 3188 5614 ;
3230 5550 3323 5603 sed
3354 5559 3529 5602 tatnen
3562 5548 3644 5599 vir
3688 5547 3783 5597 ha—

2213 5656 2302 5708 bet
2339 5651 2535 5721 aliquid
2562 5648 2810 5715 amplius.
2846 5645 2958 5698 lloc
2989 5654 3069 5698 est
3117 5643 3345 5696 maxima
3392 5638 3534 5692 salus
3573 5636 3784 5689 domus.

2212 5747 2342 5800 Nam
2375 5742 2502 5796 illud
2531 5741 2767 5809 quidem,
2797 5735 2938 5807 quod
2971 5736 3039 5789 sit
3064 5733 3284 5795 Christi,
3314 5728 3541 5797 accepit,
3574 5740 3676 5778 non
3704 5741 3789 5777 so-

2211 5839 2319 5891 lmu
2350 5844 2406 5888 ut
2430 5833 2623 5888 debeat
2655 5830 2898 5899 diligere,
2927 5827 3022 5882 sed
3049 5827 3209 5882 etiam
3241 5832 3299 5875 ut
3324 5834 3443 5874 eam
3473 5818 3710 5871 insutuat
3737 5826 3789 5866 ct

2213 5926 2514 5985 moderetur
2541 5942 2551 5977 :
2593 5921 2657 5978 Ut
2685 5922 2767 5987 sit,
2800 5921 2987 5990 inquit,
3017 5928 3193 5974 sancta
3221 5922 3266 5968 et
3289 5907 3615 5966 immaculata
3644 5921 3659 5958 :
3690 5911 3790 5955 hoc
