4218 6266
476 375 578 430 ηδ

480 505 625 549 vero,
667 484 880 552 Carnis,
910 482 974 538 ad
1028 479 1392 550 diligendum;
1432 487 1488 533 et
1523 475 1682 532 etiam
1723 473 1887 536 illud,
1939 471 2045 524 Ad-

477 581 720 643 luerebit,
776 577 841 632 ad
907 574 1254 646 diligendum.
1324 570 1454 626 Nam
1517 570 1562 624 si
1627 583 1744 622 eam
1807 565 2050 622 effeceris

477 679 716 724 sanctam
757 679 811 722 et
851 665 1267 729 immaculatam,
1313 668 1606 732 sequuntur
1632 659 1832 714 omnia.
1877 656 2051 723 Quare

477 774 598 829 qua:
641 767 766 812 sunt
797 757 908 818 Dei,
940 765 993 810 et
1033 765 1326 824 sequentur
1354 753 1582 807 humana
1613 766 1731 806 eum
1768 749 1930 803 multa
1970 746 2052 801 fa-

475 853 697 905 cilitate.
726 849 1001 917 Compone
1033 856 1088 901 et
1118 846 1398 900 moderare
1430 859 1672 907 uxorem,
1703 851 1756 896 et
1796 842 1873 896 sic
1900 856 2049 895 com-

476 947 696 1014 ponitur
721 945 932 999 domus.
962 945 1097 998 Audi
1131 944 1349 997 Paulum
1379 943 1643 996 dicentem
1670 958 1683 993 ε
1718 940 1780 993 Si
1807 937 1926 1006 quid
1953 953 2050 988 au-

473 1047 570 1089 tem
601 1037 769 1090 volunt
795 1037 1004 1097 discere,
1029 1035 1164 1087 denti
1192 1036 1323 1088 viros
1351 1050 1471 1087 suos
1499 1034 1804 1100 interrogent
1831 1027 1906 1097 (-l.
1929 1025 2047 1079 Cor.

474 1129 564 1182 ii.
608 1128 724 1196 55).
755 1127 810 1182 Si
855 1127 1044 1180 domos
1091 1136 1301 1179 nostras
1345 1125 1424 1178 sic
1462 1123 1916 1185 adtninistremus,
1943 1117 2049 1186 apti

475 1222 633 1274 etiam
663 1221 864 1273 erimus
899 1219 964 1272 ad
992 1219 1283 1272 Ecclesiam
1315 1213 1795 1269 administrandam
1821 1228 1833 1262 :
1858 1211 2050 1263 domus

476 1311 618 1365 enim
671 1319 754 1363 est
799 1325 959 1376 parva
1009 1308 1268 1362 Ecclesia.
1319 1307 1427 1367 Sic,
1459 1320 1577 1359 cum
1632 1304 1726 1356 viri
1757 1309 1811 1355 et
1856 1314 2051 1354 uxores

477 1403 630 1472 probi
687 1401 902 1466 fuerint,
954 1409 1177 1471 possunt
1226 1413 1412 1452 omnes
1469 1395 1812 1450 antecellere.
1865 1391 2048 1460 COgita

476 1494 859 1554 Abrahamum,
886 1492 1101 1548 Sarram
1129 1501 1182 1546 et
1212 1490 1376 1555 Isaac,
1395 1499 1448 1543 et
1476 1495 1746 1542 trecentos
1767 1485 1975 1546 decem,
1996 1491 2051 1536 et

473 1597 598 1640 octo
625 1601 837 1648 vernas,
880 1583 1152 1655 quomodo
1181 1591 1289 1637 tota
1333 1583 1523 1636 domus
1562 1579 1850 1634 constituta
1894 1574 2052 1628 fuerit

477 1683 536 1730 et
562 1677 880 1743 composita,
910 1674 1179 1743 quomodo
1211 1681 1317 1727 tota
1340 1671 1500 1725 fuerit
1527 1670 1678 1739 plena
1708 1668 1922 1738 pietate.
1955 1663 2048 1718 Illa

476 1777 799 1838 praeceptum
829 1767 1070 1836 implevit
1105 1765 1479 1835 apostolicum,
1511 1773 1566 1817 et
1596 1762 1767 1815 virum
1799 1757 2046 1812 timebat:

477 1860 601 1916 audi
657 1861 798 1915 enim
849 1861 1015 1929 ipsam
1063 1859 1363 1924 dicentem,
1431 1855 1677 1910 Nondum
1724 1853 1848 1906 mihi
1891 1851 2050 1904 euenit

474 1952 754 2005 hactenus:
787 1953 1020 2006 dominus
1048 1961 1214 2004 autem
1266 1967 1405 2004 meus
1431 1959 1503 2002 est
1548 1949 1715 2002 senior
1759 1945 1908 2018 (Gen.
1957 1943 2046 1998 18.

474 2044 565 2116 12)
591 2064 604 2098 :
632 2055 686 2098 et
720 2045 806 2098 ille
834 2045 1000 2115 ipsam
1030 2045 1108 2098 sic
1136 2042 1409 2112 diligebat,
1441 2052 1499 2095 ut
1540 2038 1745 2110 jnbenti
1777 2039 1830 2092 in
1875 2035 2048 2091 omni-

470 2135 572 2190 bus
606 2145 838 2204 pareret.
867 2137 923 2188 Et
954 2149 1088 2205 puer
1114 2143 1233 2189 erat
1261 2134 1455 2186 virtute
1484 2130 1757 2200 praeditus,
1780 2135 1835 2182 et
1869 2141 2047 2182 verme

470 2226 571 2295 ipsi
597 2242 806 2295 quoque
834 2235 988 2280 erant
1040 2223 1407 2290 admirabiles,
1451 2223 1540 2292 qui
1586 2235 1690 2275 non
1739 2218 2049 2273 dubitarunt

469 2316 631 2368 etiam
662 2315 954 2384 periculum
982 2313 1130 2368 adire
1157 2329 1277 2368 cum
1307 2312 1546 2376 domino,
1589 2325 1694 2364 non
1724 2309 2048 2364 distulerunt

477 2420 650 2473 neque
693 2419 908 2458 causam
956 2404 1344 2472 inquisierunt;
1396 2403 1490 2457 sed
1535 2415 1674 2455 unus
1723 2416 1786 2454 ex
1847 2401 1912 2454 iis
1957 2399 2046 2468 qui

475 2504 722 2563 prmerat,
747 2493 882 2548 adeo
907 2504 1023 2548 erat
1050 2493 1411 2558 admirandus,
1434 2503 1490 2547 ut
1515 2493 1631 2560 ejus
1658 2491 1776 2547 fidei
1807 2491 1878 2545 sit
1902 2505 2050 2544 com-

475 2585 698 2638 missum
730 2584 874 2638 unici
907 2583 998 2638 filii
1033 2582 1466 2648 matrimonium,
1499 2598 1704 2637 necnon
1734 2590 1882 2636 extra
1913 2579 2049 2634 ﬁnes

474 2675 710 2744 regionis
739 2675 1117 2745 peregrinatio.
1165 2675 1316 2730 Sicut
1358 2675 1500 2729 enim
1532 2677 1743 2744 quando
1785 2672 1886 2725 sub
1912 2671 2049 2726 duce

475 2767 600 2820 belli
629 2776 774 2820 recte
803 2767 1134 2834 compositus
1162 2766 1321 2820 fuerit
1342 2767 1631 2828 exercitus,
1668 2764 1861 2818 bellum
1903 2762 2046 2816 nulla

471 2872 537 2910 ex
571 2867 717 2925 parte
750 2857 983 2926 ingruit:
1019 2857 1090 2910 ita
1121 2857 1205 2910 hic
1225 2871 1468 2925 quoque,
1498 2854 1710 2924 quando
1751 2853 1971 2908 maritus
1995 2861 2049 2906 et

472 2963 608 3000 uxor
630 2956 684 3001 et
713 2945 803 3000 filii
831 2959 884 3001 et
913 2947 1092 3002 famuli
1135 2947 1321 3001 eadem
1357 2956 1566 3009 curant,
1595 2960 1783 3016 magna
1823 2952 1908 2999 est
1947 2943 2047 2998 do-

473 3053 591 3090 ntus
617 3038 925 3092 concordia.
946 3037 1156 3108 Alioqui
1183 3040 1225 3093 si
1249 3054 1354 3092 non
1386 3038 1454 3091 ita
1482 3039 1570 3098 sit.
1594 3053 1736 3105 szepe
1765 3053 1858 3106 per
1883 3051 2046 3090 unum

478 3144 704 3198 nequam
741 3144 953 3183 servum
985 3130 1291 3183 universum
1323 3128 1600 3192 evertitur,
1624 3138 1679 3182 et
1706 3127 2044 3193 dissolvitur;

476 3229 532 3270 et
576 3233 712 3271 unus
755 3233 899 3288 stupe
930 3227 1097 3272 totum
1129 3217 1273 3272 delet
1313 3227 1372 3272 et
1416 3217 1609 3287 perdit.
1639 3217 1879 3286 Magnam
1919 3229 2046 3287 ergo

472 3327 653 3364 curam
681 3326 926 3379 geramus
945 3321 999 3365 et
1025 3325 1249 3366 uxorum
1273 3320 1327 3364 et
1354 3311 1641 3364 liberorum
1666 3319 1719 3365 et
1744 3323 2043 3375 servorum,

473 3403 704 3458 scientes
740 3403 880 3472 quod
914 3403 1266 3472 principatum
1313 3403 1465 3456 nobis
1495 3403 1624 3471 ipsis
1653 3401 1937 3456 reddemus
1963 3399 2046 3454 fa—

472 3493 670 3546 cilem:
702 3493 1048 3562 clemensque
1093 3503 1148 3548 et
1195 3494 1423 3562 benigna
1470 3493 1573 3546 erit
1621 3493 1775 3546 nobis
1819 3492 2041 3546 rationis

475 3583 725 3646 redditio,
757 3590 813 3635 et
853 3584 1134 3636 dicemus:
1174 3583 1301 3636 Ecce
1344 3599 1436 3654 ego
1473 3593 1519 3636 et
1563 3586 1725 3652 pueri,
1765 3601 1890 3653 quos
1920 3583 2044 3636 mihi

473 3673 608 3724 dedit
623 3671 758 3725 Deus
776 3671 925 3741 (lsai.
941 3672 1127 3743 8.18).
1143 3672 1198 3727 Si
1220 3677 1287 3726 sit
1305 3674 1384 3726 vir
1399 3673 1762 3740 admirandus,
1780 3683 1836 3729 et
1851 3676 2044 3728 bonum

474 3775 651 3828 caput.
686 3764 946 3831 reliquum
980 3779 1191 3834 quoque
1217 3779 1413 3834 corpus
1439 3766 1633 3818 nullam
1665 3767 1767 3818 vim
1792 3768 2039 3835 patietur.

547 3853 813 3919 Quomodo
839 3871 894 3908 se
915 3870 1086 3922 gerere
1110 3855 1284 3907 debeat
1314 3856 1388 3908 vir
1413 3871 1532 3924 erga
1558 3871 1785 3909 uxorem.
1807 3886 1878 3896 -—
1903 3857 2046 3925 Quo-

477 3943 638 3997 modo
658 3943 873 4012 quidem
901 3953 1046 3999 recte
1072 3961 1131 3999 se
1161 3945 1392 4000 habeant
1418 3960 1506 3999 res
1537 3945 1721 4000 uxoris.
1737 3956 1790 4000 et
1810 3963 1897 4001 res
1924 3949 2044 4012 viri,

474 4047 660 4090 exacte
701 4046 753 4091 et
800 4049 1045 4092 accurate
1075 4037 1227 4103 dixit,
1257 4047 1315 4092 ut
1355 4039 1442 4108 qui
1475 4038 1548 4092 illi
1579 4038 1794 4108 quidem
1821 4041 2049 4093 suaserit

477 4137 535 4180 nt
584 4129 770 4183 timeat
814 4138 1081 4199 tamquam
1128 4140 1320 4198 caput;
1374 4129 1497 4184 huic
1541 4139 1717 4184 autem
1764 4139 1824 4184 ut
1866 4130 2050 4199 diligat

477 4232 742 4289 tamquam
773 4237 991 4276 uxorem
1015 4239 1027 4273 :
1056 4220 1172 4286 sed,
1201 4221 1500 4289 Quomodo,
1523 4221 1713 4291 inquit,
1746 4221 1859 4276 hmo
1888 4221 2048 4275 ﬁent?

476 4311 610 4366 Nam
637 4312 778 4380 quod
810 4320 1056 4381 oporteat
1081 4312 1328 4382 quidem,
1357 4312 1624 4377 ostendit;
1656 4311 1923 4382 quomodo
1952 4327 2048 4366 au-

480 4415 606 4466 tetn,
641 4419 740 4474 ego
765 4405 917 4457 vobis
950 4404 1122 4458 dicam
1157 4421 1169 4456 :
1222 4404 1266 4458 si
1318 4405 1570 4472 pecunias
1595 4405 1975 4474 despiciamns,
2003 4403 2047 4458 si

477 4512 637 4549 unum
663 4505 1069 4566 eXSpectemus,
1103 4512 1294 4564 nempe
1325 4498 1574 4551 virtutem
1619 4499 1832 4562 animm,
1865 4499 1910 4552 si
1957 4497 2047 4551 Dei

477 4597 677 4640 metum
721 4586 1012 4640 habeamus
1053 4594 1177 4640 ante
1220 4586 1426 4641 oculos.
1459 4586 1612 4654 Quod
1641 4587 1782 4642 enim
1814 4587 2042 4650 dicebat,

474 4691 594 4730 cum
623 4677 914 4731 dissereret
940 4677 1008 4731 de
1053 4677 1224 4730 servis
1250 4695 1263 4731 :
1299 4676 1657 4743 Quodcumque
1685 4679 1854 4748 fecerit
1889 4695 2046 4733 unus-

471 4772 681 4841 quisque
704 4770 887 4823 bonum
910 4778 998 4821 aut
1019 4770 1230 4834 malum,
1255 4769 1350 4821 hoc
1377 4769 1578 4836 recipiet
1608 4787 1639 4821 a
1665 4768 1923 4833 Domino;
1952 4771 2051 4826 hoc

478 4863 563 4916 hic
605 4875 837 4932 quoque.
871 4857 988 4914 Non
1019 4875 1149 4928 ergo
1192 4868 1408 4928 propter
1441 4860 1584 4913 illam
1628 4868 1853 4927 tantum,
1879 4879 2049 4931 quan-

475 4963 589 5008 tum
637 4963 856 5024 propter
901 4950 1173 5007 Christum
1219 4958 1431 5020 oportet
1478 4967 1596 5006 eam
1646 4952 1888 5020 diligere.
1940 4953 2050 5007 lloc

474 5060 602 5113 ergo
625 5059 837 5115 quoque
863 5041 1472 5109 subittdtcavil,dicens:
1497 5041 1779 5111 Tamquam
1809 5042 2046 5101 Domino.

473 5134 763 5203 Tamquam
797 5135 1020 5189 Domino
1045 5150 1174 5206 ergo
1200 5135 1521 5204 obsequens,
1549 5143 1604 5189 et
1633 5143 1847 5205 propter
1877 5138 2046 5208 ipsum

475 5225 654 5280 omnia
691 5226 913 5288 faciens,
937 5227 1014 5281 sic
1044 5242 1170 5294 gere
1198 5227 1376 5281 omnia
1403 5243 1418 5279 :
1449 5225 1550 5280 hoc
1575 5227 1771 5280 sufficit
1799 5227 1864 5281 ad
1895 5228 2050 5281 indu-

475 5315 702 5370 cendutn
746 5324 800 5370 et
846 5316 1306 5384 persuadendum,
1338 5325 1393 5372 et
1423 5332 1526 5370 non
1574 5317 1852 5372 sincndum
1899 5329 1955 5372 ιιι
1983 5325 2052 5373 sit

477 5409 581 5462 ulla
611 5407 674 5460 lis
695 5416 748 5461 et
771 5405 1053 5461 dissensio.
1075 5405 1262 5460 Nullus
1286 5407 1456 5460 ﬁdelis
1481 5407 1728 5460 maritum
1759 5408 1895 5476 apud
1922 5425 2051 5461 uxo-

477 5518 588 5554 rem
619 5497 1010 5552 calumnietur:
1041 5497 1134 5552 sed
1162 5513 1334 5566 neque
1360 5499 1438 5551 vir
1465 5497 1653 5552 leviter
1675 5508 1727 5551 et
1753 5499 2052 5553 inconside-

476 5605 591 5644 rate
612 5590 796 5644 credat
821 5589 1080 5644 adversus
1107 5603 1360 5653 uxorem;
1407 5603 1576 5658 neque
1608 5606 1740 5643 uxor
1772 5591 1960 5645 leviter
1998 5601 2050 5646 et

474 5682 687 5732 curiose
712 5688 976 5735 scrutetur
1003 5680 1276 5750 ingressus
1302 5689 1356 5732 ct
1382 5680 1555 5734 exitus
1580 5697 1593 5742 ;
1627 5682 1719 5735 sed
1763 5697 1859 5737 nec
1887 5683 2048 5737 mari-

474 5781 561 5825 ιυδ
593 5769 826 5837 scipsutn
870 5773 1101 5840 prmbcat
1131 5770 1344 5838 dignum
1391 5772 1710 5841 suspicione.
1738 5774 1839 5829 Cur
1872 5776 2034 5843 enim,

1213 367 1268 423 S.
1303 363 1578 422 JOANNIS
1615 356 2081 418 CHRYSOSTOMI
2119 356 2429 414 ARCIIIEP.
2471 359 3002 418 CONSTANTINOP.

3639 371 3736 426 ιιι

2163 469 2249 523 dic
2285 471 2436 534 mihi,
2471 480 2582 527 toto
2609 473 2696 530 die
2741 485 2792 529 te
2821 475 2917 530 das
2964 477 3171 544 amicis,
3219 481 3367 534 uxori
3417 493 3593 541 autem
3642 506 3737 545 ve-

2159 575 2315 628 spere
2339 579 2353 626 ;
2381 572 2434 617 et
2461 578 2558 618 nec
2582 565 2660 619 sic
2690 565 2786 634 ipsi
2814 576 2965 634 potes
2993 569 3300 627 satisfacere
3318 615 3332 638 ,
3362 591 3462 629 nec
3487 593 3737 636 amori-re

2158 652 2555 719 suspicionem?
2597 656 2662 710 Et
2691 657 2735 711 si
2766 667 2818 711 te
2847 669 3064 715 accuset
3093 677 3244 728 uxor,
3276 680 3344 719 ne
3373 681 3515 736 aegre
3560 668 3734 729 feras:

2157 753 2239 798 est
2281 745 2332 797 id
2369 747 2639 813 amicitiae,
2687 765 2792 804 non
2838 756 3201 823 arrogantiae:
3247 759 3493 817 ardentis
3535 769 3735 823 amoris

2157 845 2282 888 sunt
2309 835 2411 891 illa:
2435 840 2802 896 accusationes
2825 852 2874 896 et
2898 843 3152 900 ferventis
3174 847 3396 906 affectus
3418 868 3482 909 ac
3506 856 3738 915 timoris.

2156 924 2332 981 Timet
2362 928 2504 982 enim
2538 945 2605 984 ne
2632 932 2750 999 quis
2778 933 3068 990 snlfuretur
3095 939 3271 996 cubile
3312 956 3487 1011 suum,
3521 963 3589 1000 ne
3616 951 3736 1020 quis

2158 1016 2210 1070 in
2241 1017 2503 1075 bonorum
2535 1035 2742 1077 summa
2771 1026 2817 1079 ei
2843 1027 3222 1086 detrimentum
3250 1033 3457 1103 afferat,
3483 1055 3552 1095 ne
3575 1016 3735 1112 caput

2157 1109 2380 1176 auferat,
2412 1127 2478 1166 ne
2506 1112 2703 1169 lectum
2739 1117 3023 1185 perfodiat.
3052 1121 3142 1176 Est
3169 1124 3312 1179 aliud
3335 1143 3547 1200 quoque
3572 1109 3735 1205 argu—

2156 1211 2392 1254 mentum
2419 1202 2768 1261 dissensionis
2800 1225 2813 1262 :
2861 1225 3020 1267 nemo
3044 1224 3239 1282 pra-ter
3264 1221 3480 1276 modum
3507 1202 3735 1283 famulos

2155 1300 2326 1357 curet,
2355 1307 2456 1347 nec
2498 1297 2726 1363 puellam
2777 1302 3024 1368 maritus,
3054 1320 3227 1374 neque
3258 1325 3393 1364 uxor
3436 1313 3730 1373 famulum:

2155 1381 2272 1436 hzec
2300 1385 2443 1438 enim
2489 1389 2619 1440 satis
2645 1399 2769 1443 sunt
2797 1391 2862 1444 ad
2908 1395 3194 1461 pariendas
3222 1401 3578 1470 SttSpiciones.
3608 1407 3736 1463 Mitti

2154 1473 2296 1527 enim
2347 1477 2518 1544 cogita
2561 1477 2737 1546 justos
2779 1481 2899 1536 illos
2926 1499 2940 1536 :
2966 1485 3077 1554 ipsa
3103 1486 3260 1542 Sarra
3300 1491 3462 1560 jussit
3504 1497 3732 1565 patriar-

2154 1562 2306 1616 cham
2339 1565 2583 1634 accipere
2609 1572 2790 1640 Agar;
2841 1572 2952 1642 ipsa
2999 1575 3303 1646 imperavit,
3349 1562 3731 1657 nemo'coegit,

2155 1669 2257 1708 nec
2285 1671 2404 1710 eam
2435 1657 2628 1713 invasit
2657 1663 2919 1730 maritus;
2946 1667 3042 1721 sed
3067 1671 3310 1739 quamvis
3350 1673 3566 1745 longum
3599 1690 3734 1733 tem-

2155 1759 2253 1814 pus
2282 1750 2630 1815 protraxisset
2654 1753 2771 1808 sine
2812 1756 3016 1824 liberis,
3045 1760 3206 1830 elegit
3237 1765 3414 1832 potius
3444 1783 3730 1838 numquam

2153 1851 2273 1891 esse
2304 1849 2474 1906 pater,
2513 1857 2672 1910 quam
2715 1859 2834 1899 esse
2880 1849 3139 1904 molestus
3184 1855 3356 1910 uxori.
3400 1856 3503 1912 Sed
3554 1869 3730 1917 tamen

2155 1941 2272 1998 post
2301 1931 2415 1986 [nec
2439 1936 2613 1988 omnia
2643 1937 2768 2004 quid
2808 1939 2936 1994 dicit
2961 1941 3162 1996 Sarra?
3187 1946 3392 2002 Judt'cet
3437 1948 3576 2007 Deus
3605 1955 3734 2008 inter

2153 2037 2228 2072 me
2256 2031 2304 2074 et
2353 2034 2400 2075 te
2451 2022 2604 2094 (Gen.
2639 2026 2723 2081 16.
2770 2028 2848 2100 5).
2883 2031 3098 2097 Annon,
3143 2035 3188 2088 si
3240 2038 3424 2093 fuisset
3469 2042 3730 2113 quispiam

2154 2115 2310 2180 alius,
2342 2126 2520 2170 motus
2549 2127 2697 2173 esset
2735 2120 2800 2174 ad
2852 2121 3026 2176 iram?
3076 2141 3180 2180 non
3224 2131 3386 2183 etiam
3415 2147 3604 2188 manus
3632 2153 3728 2190 ex-

2155 2208 2433 2273 tendisset,
2466 2211 2850 2279 propemodum
2881 2213 3087 2283 dicens,
3116 2218 3250 2285 Quid
3275 2221 3449 2277 dicis?
3485 2228 3728 2282 nolebam

2152 2316 2251 2370 ego
2277 2304 2722 2360 consuetudinem
2746 2305 2946 2362 habere
2975 2323 3095 2362 cum
3123 2311 3350 2370 muliere
3379 2334 3391 2369 :
3423 2324 3592 2373 totum
3617 2335 3646 2373 a
3678 2329 3731 2375 te

2153 2391 2450 2460 profectum
2477 2405 2594 2461 est;
2619 2405 2672 2450 et
2701 2412 2888 2452 rursus
2909 2402 3171 2456 accusas?
3195 2401 3300 2458 Sed
3327 2405 3416 2461 ille
3444 2408 3576 2464 nihil
3597 2410 3729 2466 dixit

2151 2483 2412 2550 ejusmodi
2437 2500 2452 2548 ;
2499 2487 2593 2540 sed
2623 2488 2788 2555 quid?
2817 2488 2950 2543 Ecce
2975 2493 3164 2547 ancilla
3189 2496 3241 2547 in
3266 2497 3494 2552 manibus
3520 2502 3642 2568 tuis,
3669 2519 3734 2556 ea

2149 2583 2288 2628 utere
2327 2576 2513 2628 ut‘tibi
2561 2578 2807 2646 placuerit
2858 2580 3021 2651 (Ibid.
3055 2599 3102 2636 υ.
3150 2584 3227 2654 6).
3264 2587 3417 2642 Dedit
3463 2590 3585 2645 lecti
3634 2609 3730 2647 so-

2150 2665 2311 2729 ciam,
2342 2680 2410 2720 ne
2438 2666 2650 2721 Sarram
2681 2669 2922 2724 molestia
2971 2673 3231 2730 afﬁceret.
3261 2679 3418 2748 Atqui
3471 2682 3602 2738 nihil
3645 2694 3731 2739 est

2152 2754 2255 2811 hoc
2286 2757 2457 2826 majus
2483 2757 2548 2812 ad
2577 2759 2835 2815 rationem
2864 2762 3276 2822 benevolentiae.
3305 2769 3435 2825 Nam
3461 2773 3505 2826 si
3529 2789 3732 2830 mensze

2153 2845 2316 2903 fuisse
2345 2850 2542 2916 socios,
2571 2851 2736 2906 efficit
2764 2862 2820 2907 ut
2846 2856 3006 2909 etiam
3041 2856 3277 2914 latrones
3314 2863 3420 2918 sint
3450 2866 3734 2923 unanimes

2151 2954 2273 2994 cmn
2305 2941 2629 2999 adversariis
2661 2945 2681 3011 (
2699 2956 2751 3000 et
2777 2946 2906 3001 dicit
2937 2950 3374 3021 psalmographus
3405 2974 3418 3010 :
3453 2958 3554 3024 Qui
3578 2961 3728 3014 simul

2153 3031 2324 3085 dulces
2352 3049 2545 3086 mecum
2572 3036 2804 3104 cupiebas
2833 3037 2968 3091 cibos
2999 3037 3180 3111 [PsaL
3216 3044 3305 3098 54.
3341 3045 3442 3118 i5]
3468 3049 3522 3114 );
3567 3065 3736 3105 unam.-

2145 3123 2255 3194 jam
2288 3126 2480 3178 factam
2509 3141 2629 3181 esse
2654 3141 2870 3183 carnem
2920 3132 2938 3197 (
2957 3131 3059 3188 hoc
3097 3135 3240 3190 enim
3267 3147 3349 3191 est
3389 3140 3580 3193 cubitis
3608 3157 3727 3198 esse

2151 3214 2408 3287 sociam),
2456 3217 2624 3273 multo
2671 3221 2840 3291 magis
2893 3222 3091 3282 sufﬁcit
3140 3225 3204 3282 ad
3233 3228 3628 3288 attrahendum.
3659 3236 3729 3288 At

2151 3307 2281 3360 nihil
2327 3308 2589 3376 ejusmodi
2636 3310 2838 3379 justum
2892 3317 3064 3383 potuit
3105 3333 3428 3388 expugnare,
3472 3325 3565 3377 sed
3610 3341 3726 3380 eam

2151 3396 2370 3452 tradidit
2414 3400 2601 3463 uxori,
2653 3405 2947 3462 ostendens
2995 3407 3130 3462 nihil
3181 3410 3375 3466 factum
3424 3415 3587 3470 fuisse
3633 3431 3727 3471 sua

2151 3487 2434 3557 culpazet
2483 3491 2623 3560 quod
2675 3502 2760 3547 est
2811 3497 3004 3565 majus,
3033 3512 3152 3553 eam
3205 3502 3382 3556 emisit
3430 3503 3722 3573 gravidam.

2151 3577 2281 3644 Quis
2309 3596 2414 3634 non
2437 3591 2582 3636 esset
2607 3585 2861 3640 misertus
2884 3588 3021 3656 ejus,
3041 3605 3161 3658 qua:
3177 3607 3244 3645 ex
3273 3593 3387 3663 ipso
3407 3605 3732 3664 conceperat

2153 3671 2361 3724 illium?
2402 3672 2506 3727 Sed
2533 3689 2639 3728 non
2671 3677 2840 3731 flexus
2866 3690 2948 3733 est
2979 3681 3068 3736 ille
3089 3681 3265 3750 justus
3296 3701 3308 3738 :
3340 3701 3460 3739 nam
3485 3687 3728 3742 dilectio-

2151 3776 2276 3816 nem
2308 3763 2358 3816 in
2391 3778 2617 3819 uxorem
2659 3766 2979 3834 prmferebat
3005 3770 3276 3826 omnibus.

2225 3852 2276 3904 7.
2318 3853 2542 3907 Consilia
2565 3856 2635 3908 ad
2664 3858 2964 3928 conjugatos
2990 3878 3254 3933 pauperes.
3283 3863 3476 3920 Domus
3502 3877 3549 3922 et
3579 3871 3730 3939 fanti-

2153 3941 2222 3994 lia
2242 3945 2489 4012 quomodo
2514 3947 2852 4002 ornandte.—
2873 3950 3022 4006 Hune
3048 3967 3146 4007 nos
3175 3970 3388 4026 quoque
3407 3958 3684 4016 imitemur
3706 3979 3722 4015 :

2153 4050 2312 4089 nemo
2357 4039 2601 4105 proximo
2629 4041 2917 4109 exprobret
2970 4055 3360 4114 paupertatem,
3391 4066 3548 4106 nemo
3586 4064 3730 4108 amet

2155 4128 2444 4195 pecunias;
2490 4139 2545 4182 et
2591 4132 2763 4184 seluta
2796 4143 2921 4188 sunt
2970 4138 3172 4193 omnia.
3219 4138 3400 4210 Neque
3426 4142 3566 4197 dicat
3595 4161 3730 4199 uxor

2155 4218 2365 4284 marito,
2405 4218 2595 4288 Ignave
2633 4232 2688 4276 et
2732 4224 2938 4292 timide,
2971 4236 3187 4298 torpore
3231 4231 3387 4300 plene
3410 4244 3467 4288 et
3504 4234 3727 4290 hebetu-

2151 4309 2308 4376 dine,
2362 4311 2509 4382 piger
2559 4322 2612 4368 et
2663 4317 3040 4375 somnolente:
3086 4321 3174 4374 ille
3230 4322 3445 4379 humilis
3485 4336 3542 4380 et
3581 4327 3729 4397 abje‘

2155 4412 2273 4458 ctus
2299 4415 2354 4458 et
2396 4405 2583 4461 humili
2617 4407 2736 4463 loco
2776 4420 2952 4477 natus,
2999 4412 3159 4467 aditis
3189 4415 3448 4483 periculis
3473 4428 3527 4473 et
3552 4435 3736 4475 susce-

2156 4496 2260 4564 ptis
2285 4498 2828 4566 peregrinationibus,
2859 4517 3080 4572 magnas
3110 4507 3314 4574 paravit
3352 4507 3648 4572 facultates,
3676 4522 3731 4565 et

2156 4601 2291 4641 uxor
2335 4588 2451 4657 ejus
2480 4601 2656 4659 gestat
2684 4607 2896 4658 aurum,
2925 4604 2980 4648 et
3017 4597 3068 4650 in
3100 4611 3262 4652 curru
3292 4600 3555 4655 mulorum
3577 4602 3729 4658 albo-

2155 4693 2271 4731 rum
2325 4681 2679 4749 progreditur,
2730 4683 2781 4736 in
2829 4700 3042 4739 onmem
3091 4699 3296 4756 partem
3338 4692 3729 4758 circumfertur,

2155 4770 2316 4826 habet
2341 4788 2531 4842 greges
2572 4773 2893 4829 famulorum
2921 4785 2976 4831 et
2999 4780 3208 4847 agmina
3235 4782 3599 4837 cunuchorum
3629 4802 3642 4837 :
3677 4794 3731 4838 tu

2155 4872 2331 4918 autem
2370 4865 2583 4929 metuis,
2617 4865 2924 4937 frustraque
2950 4869 3086 4923 vivis
3115 4881 3169 4924 et
3199 4870 3476 4928 inutiliter.
3509 4873 3587 4930 Ne
3617 4874 3733 4931 hare

2158 4953 2241 5006 vel
2263 4953 2459 5008 similia
2488 4956 2632 5010 dicat
2672 4973 2839 5024 uxor;
2883 4969 2965 5014 est
2990 4962 3136 5014 enim
3164 4977 3383 5032 corpus,
3413 4981 3517 5018 non
3549 4975 3608 5020 ut
3635 4967 3736 5020 im-

2159 5055 2308 5114 peret
2327 5046 2506 5114 capiti,
2531 5047 2628 5100 sed
2653 5058 2708 5101 ut
2730 5057 2913 5118 pareat
2934 5059 2990 5105 et
3015 5051 3256 5106 obediat.
3278 5054 3556 5120 Quomodo
3581 5073 3738 5127 ergo,

2158 5137 2348 5206 inquit,
2381 5137 2516 5192 feret
2547 5143 2956 5208 paupertatem?
3005 5144 3147 5199 unde
3192 5146 3424 5200 inveniet
3453 5149 3738 5204 solatium?

2157 5228 2333 5297 Eligat
2361 5247 2480 5300 quae
2510 5241 2635 5285 sunt
2676 5246 2734 5286 se
2762 5234 3129 5302 pauperiores,
3156 5245 3367 5306 reputet
3394 5249 3524 5307 quot
3552 5257 3748 5296 rursus

2158 5323 2349 5390 puella:
2381 5325 2586 5379 nobiles
2616 5335 2671 5379 et
2698 5327 2864 5380 nobili
2894 5327 3012 5381 loco
3045 5339 3183 5382 natae
3221 5345 3325 5383 non
3354 5331 3527 5385 solum
3560 5348 3588 5384 a
3621 5349 3737 5387 ma-

2160 5414 2274 5468 ritis
2298 5413 2432 5467 nihil
2461 5425 2803 5483 acceperunt,
2833 5416 2927 5471 sed
2953 5419 3114 5471 etiam
3141 5420 3220 5472 eis
3245 5419 3532 5488 dederunt,
3560 5433 3610 5476 et
3641 5439 3736 5478 sua

2160 5503 2338 5557 omnia
2379 5515 2861 5574 consumpserunt;
2917 5509 3114 5577 cogitet
3153 5525 3274 5579 qum
3317 5526 3380 5565 ex
3417 5512 3498 5565 his
3539 5513 3739 5568 divitiis

2163 5603 2454 5648 nascuntur
2483 5596 2740 5664 pericula,
2775 5607 2828 5652 et
2856 5599 3220 5668 amplectetur
3244 5602 3402 5654 vitam
3434 5616 3552 5670 quas
3581 5603 3744 5658 nullis

2157 5686 2390 5753 agitatur
2441 5688 2689 5757 negotiis.
2725 5687 2779 5743 In
2812 5707 3043 5758 summa,
3097 5692 3139 5745 si
3168 5692 3238 5746 sit
3286 5693 3337 5745 in
3367 5694 3615 5748 maritum
3644 5693 3740 5748 be-

2168 5779 2351 5832 ucvolu
2379 5787 2430 5832 et
2460 5777 2593 5834 bene
2613 5779 2820 5848 affecta,
2840 5784 2966 5838 nihil
2995 5786 3134 5840 dicet
3168 5784 3429 5854 ejusmodi
3456 5827 3470 5850 ,
3499 5788 3590 5841 sed
3627 5804 3738 5840 tua-
