4218 6266
587 503 692 563 "-5

583 619 696 690 γὰρ
720 617 888 688 αὐτὴν
920 618 1335 693 κατασκευάσῃς
1369 618 1530 688 άγίαν
1560 621 1653 675 καὶ
1684 622 1948 693 ἄμωμον,
1974 626 2155 678 πάντα

583 702 794 756 ἐπεται.
828 704 989 773 Ζητει
1026 702 1097 757 τὰ
1121 702 1217 756 τοῦ
1240 702 1397 769 Θεοῦ,
1437 705 1534 758 καὶ
1571 704 1642 758 τὰ
1678 706 1996 778 ἀνθρώπινα
2024 710 2158 762 axo-

582 785 830 856 λουθήσει
869 786 1007 854 μετά
1039 785 1241 856 πολλῆς
1283 785 1386 855 τῆς
1434 787 1704 851 εὐκολίας.
1750 788 2009 859 Ῥύθμιζε
2052 789 2156 856 τὴν

584 870 833 935 γυναῖκα,
861 869 956 921 καὶ
983 867 1128 923 οὕτω
1151 871 1535 938 συγκροτεῖται
1564 873 1597 940 η
1621 871 1788 925 οἰκία.
1820 873 2017 926 ’Δκουε
2056 873 2154 925 τοῦ

584 954 795 1011 Παύλου
833 954 1102 1023 λέγοντος·
1134 955 1203 1009 Εἰ
1221 955 1291 1010 δέ
1310 973 1363 1009 τι
1391 957 1600 1022 μαθεῖν
1631 955 1932 1022 θέλουσιν,
1969 961 2039 1012 ἐν
2065 958 2155 1011 οι-

585 1055 669 1105 mp
696 1036 837 1102 τοὺς
859 1036 1050 1104 ἰδίους
1075 1036 1302 1106 ἄνδρας
1337 1037 1822 1106 ἐπερωτάτωσαν,
1880 1042 1977 1093 Ἂν
2011 1038 2154 1091 οὕτω

585 1124 681 1186 τὰς
708 1121 889 1186 οἰκίας
912 1122 1206 1193 διοικῶμεν
1234 1124 1334 1186 τάς
1366 1124 1597 1189 ἑαυτῶν,
1619 1127 1714 1179 καὶ
1748 1126 1884 1197 πρὸς
1927 1126 2157 1195 Ἐκκλη-

586 1204 706 1266 σίας
726 1205 1049 1258 ἐπιστασίαν
1087 1204 1324 1274 ἐσόμεθα
1352 1206 1668 1276 ἐπιτήδειοι·
1705 1209 1797 1260 καί
1825 1210 1858 1277 ή
1884 1209 2028 1261 οἰκία
2043 1208 2154 1276 γάρ

595 1285 891 1358 Ἐκκλησία
912 1288 1030 1340 ἐστὶ
1067 1286 1258 1357 μικρά.
1287 1285 1473 1351 Οὕτως
1504 1287 1584 1340 ἐνι
1612 1288 1813 1359 ἀνδρας
1842 1292 1933 1343 καὶ
1966 1292 2155 1357 γυναῖ-

584 1383 690 1429 κας
745 1369 1069 1438 γενομένους
1133 1369 1390 1437 ἀγαθοὺς,
1454 1370 1667 1434 πάντας
1726 1372 2152 1442 ὑπερϐαλέσθαι.

599 1448 879 1520 Ἐννόησον
908 1449 1002 1502 τὸν
1053 1449 1321 1521 Ἀϐραάμ,
1369 1451 1469 1523 τὴν
1515 1453 1757 1523 Σάρραν,
1813 1453 1905 1506 τὸν
1944 1455 2151 1519 Ἰσαάκ,

586 1534 715 1595 τοὺς
744 1532 1088 1603 τριακοσίους
1147 1532 1279 1586 δέκα
1333 1533 1431 1588 καὶ⁵
1479 1533 1627 1588 ὀκτὼ
1678 1536 1997 1603 οἰκογενεῖς·
2039 1535 2153 1598 πῶς

589 1617 793 1686 πᾶσαή
821 1613 966 1669 οἰκία
994 1615 1418 1687 συγκεκρότητο,
1454 1618 1574 1680 πῶς
1625 1618 1813 1671 ἀπασα
1867 1619 2154 1681 εὐλαϐείας

588 1697 802 1768 ἔγεμεν.
838 1697 1050 1768 Ἐκείνη
1087 1698 1181 1751 καὶ⁵
1210 1697 1272 1752 rb
1302 1699 1655 1755 ἀποστολικὸν
1671 1701 1911 1772 ἐπλήρου
1940 1701 2154 1771 παράγ-

587 1778 781 1850 γελμα,
810 1781 901 1834 καί
926 1780 1017 1835 τὸν
1041 1780 1208 1854 ἄνδρα
1233 1782 1479 1852 ἐφοϐεῖτο
1500 1797 1513 1811 ·
1555 1785 1719 1837 ἄκουε
1743 1784 1850 1856 γάρ
1877 1785 2046 1854 αὐτῆς
2069 1784 2153 1837 λε-

585 1861 808 1933 γούσης·
845 1862 1020 1919 Οὔπω
1033 1863 1153 1932 μέν
1166 1881 1268 1933 μοι
1292 1864 1542 1935 γέγονεν
1560 1865 1672 1932 ἕως
1692 1866 1799 1920 τοῦ
1832 1866 1969 1930 νῦν,
2012 1868 2045 1920 ὀ
2086 1866 2155 1920 δὲ

585 1945 785 2011 κύριός
814 1962 933 2014 μου
993 1947 1413 2016 πρεσϐύτερος·
1463 1948 1713 2013 κάκεῖνος
1757 1950 1928 2020 αὐτὴν
1980 1946 2154 2013 οῦτως

584 2026 795 2094 ἠγάπα,
826 2027 902 2090 ὡς
930 2027 1108 2082 πάντα
1140 2028 1435 2100 κελευούσῃ
1465 2030 1769 2084 πείθεσθαι.
1794 2033 1904 2085 Καὶ
1936 2032 1998 2085 rb
2022 2047 2150 2084 παι-

588 2108 699 2161 δίον
725 2109 976 2180 ἐνάρετον
1000 2106 1090 2181 ἦν,
1115 2113 1212 2165 καὶ
1237 2114 1284 2165 οἰ
1306 2114 1602 2181 οἰκογενεῖς
1627 2115 1723 2167 καὶ⁵
1759 2115 1914 2167 αὐτοὶ
1935 2114 2152 2185 θαυμα-

585 2191 723 2257 στοὶ,
766 2191 819 2244 οἵ
846 2208 909 2260 γε
947 2195 1043 2246 καὶ
1100 2195 1437 2248 κινδυνεῦσαι
1478 2198 1616 2265 μετά
1643 2198 1737 2251 τοῦ
1770 2198 2027 2252 δεσπότου
2056 2200 2155 2252 οὐκ

587 2274 865 2351 ῶκνησαν.
902 2276 1003 2328 οὐκ
1036 2276 1378 2342 ἀνεϐάλοντο,
1409 2278 1529 2331 οὐδὲ
1544 2279 1641 2350 τὴν
1663 2281 1842 2335 αἰτίαν
1866 2280 2151 2351 ἐζήτησαν·

583 2355 700 2408 ἀλλ’
727 2350 808 2419 εἷς
832 2356 1052 2411 αὐτῶνό
1082 2359 1434 2430 προεστηκὼς
1461 2359 1600 2414 οὕτω
1629 2350 2054 2434 θαυμαπὸςίῆν,
2083 2364 2156 2428 ('0;

582 2440 678 2490 καὶ
723 2438 899 2506 γάμον
946 2440 1375 2510 ἐμπιπευθῆναι
1414 2443 1508 2496 τοῦ
1576 2446 1891 2513 μονογενοῦς
1948 2446 2153 2513 παιδὸς,

584 2521 677 2573 καὶ
702 2521 1011 2590 ἀποδημίαν
1032 2522 1339 2594 ὑπερόριον.
1380 2524 1645 2596 Καθάπερ
1675 2528 1779 2597 γάρ
1814 2529 1905 2581 ἐπὶ
1960 2545 2155 2599 στρατ-

592 2602 749 2671 ηγοῦ,
780 2603 907 2657 ὅταν
934 2605 1027 2658 καὶ
1050 2607 1109 2658 rb
1138 2608 1527 2676 στρατιωτικὸν
1631 2612 2151 2683 συγκεκροτημένον,

584 2686 875 2757 οὐδαμόθεν
895 2689 924 2741 6
949 2689 1214 2758 πολέμιος
1243 2690 1641 2760 ἐπεισέρχεται·
1669 2693 1813 2746 οὕτω
1834 2692 1899 2764 δὴ
1932 2696 2025 2746 καὶ
2071 2696 2155 2747 ἐν-

584 2768 773 2843 ταῦθα,
804 2770 931 2823 ὅταν
960 2770 1099 2841 ἀνὴρ
1124 2773 1219 2823 καὶ
1251 2772 1385 2843 γυνὴ
1428 2774 1524 2826 καί
1584 2775 1769 2828 παιδία
1816 2777 1909 2829 καὶ
1945 2776 2154 2830 οἰκέται

584 2841 681 2902 ὦσι
709 2850 817 2905 τῶν
866 2851 1047 2905 αὐτῶν
1079 2841 1517 2924 ἐπιμελούμενοι,
1568 2857 1735 2928 πολλὴ
1763 2858 1860 2926 τῆς
1901 2859 2077 2921 οἰκίας
2119 2860 2154 2924 ἡ

582 2932 821 3001 ὁμόνοια·
857 2934 999 2996 ἐπεὶ,
1049 2936 1145 2988 ἐάν
1198 2937 1271 3005 μὴ
1308 2935 1480 2999 οὕτως
1511 2934 1567 3012 ᾖ,
1610 2940 1867 3003 πολλάκις
1918 2941 1984 2994 δι’
2037 2942 2154 3005 ἐνὸς

585 3014 793 3068 οἰκέτου
823 3016 1025 3083 φαύλου
1049 3017 1111 3070 τὸ
1134 3020 1243 3071 πᾶν
1266 3018 1630 3089 ἀνατρέπεται
1658 3023 1753 3074 καὶ
1803 3023 2149 3088 καταλύεται,

586 3099 677 3149 καὶ
707 3100 736 3151 6
785 3093 863 3162 εἷς
889 3099 1147 3164 πολλάκις
1198 3102 1259 3154 rb
1309 3104 1418 3155 πᾶν
1465 3104 1696 3172 ἠφάνισε
1736 3106 1827 3158 καὶ
1857 3107 2148 3177 διέφθειρε.

588 3180 794 3251 Πολλὴν
845 3177 942 3236 οὖν
994 3184 1245 3254 πρόνοιαν
1275 3186 1557 3254 ποιώμεθα
1597 3189 1691 3239 καὶ
1732 3190 2004 3254 γυναικῶν
2056 3191 2153 3243 καὶ

582 3264 791 3316 παίδων
824 3256 923 3318 καῖ’
941 3264 1159 3331 δούλων,
1188 3267 1383 3330 εἰδότες
1411 3268 1493 3320 ὅτι
1526 3269 1624 3338 τὴν
1680 3270 1857 3340 ἀρχὴν
1890 3272 2021 3340 ἡμῖν
2049 3272 2148 3324 αὐ-

583 3348 694 3407 τοῖς
739 3344 960 3400 εύκολον
998 3350 1437 3420 καταστήσομεν,
1484 3351 1576 3403 καὶ
1626 3351 1708 3404 ὅτι
1765 3353 1864 3416 τὰς
1922 3353 2151 3416 εὐθύνας

584 3428 821 3499 ἡμέρους
856 3431 952 3485 καὶ
1000 3432 1265 3495 ἐπιεικεῖς
1311 3430 1524 3502 ἐξομεν,
1566 3435 1659 3487 καὶ
1691 3435 1945 3504 ἐροῦμεν·
1992 3435 2150 3489 ἰδοὺ

584 3511 698 3577 ἐγὼ
731 3513 829 3566 καί
863 3514 933 3568 τὰ
968 3513 1192 3573 παιδία.
1219 3514 1258 3569 ᾶ
1281 3532 1384 3583 μοι
1414 3515 1639 3568 ἔδωκεν
1682 3520 1713 3569 ὀ
1759 3518 1923 3581 Θεός.
1970 3518 2095 3569 Ἐὰν
2124 3520 2151 3570 6

587 3591 724 3662 ἀνὴρ
751 3593 1080 3663 θαυμαστὸς,
1122 3597 1214 3649 καὶ
1253 3598 1287 3667 ἡ
1334 3596 1544 3667 κεφαλὴ
1572 3595 1731 3667 καλή,
1765 3598 1857 3651 καὶ
1882 3597 1941 3650 rb
1964 3598 2150 3652 λοιπὸν

591 3674 754 3745 σῶμα
789 3679 1041 3750 οὐδεμίαν
1073 3678 1435 3752 ὐποστήσεται
1464 3681 1604 3750 βίαν.

663 3808 743 3862 Τά
779 3809 876 3880 μὲν
897 3807 988 3865 οὖν
1007 3812 1146 3866 κατά
1162 3812 1258 3885 τὴν
1281 3817 1513 3882 γυναῖκα
1536 3814 1651 3877 πῶς
1675 3815 1740 3868 ἂν
1767 3815 1945 3880 καλῶς
1973 3817 2150 3871 διατε-

592 3889 712 3960 θείη
750 3893 846 3944 καὶ
871 3891 961 3945 τὸν
1008 3894 1198 3965 ἀνδρα,
1225 3897 1467 3967 ἀκριϐῶς
1522 3894 1667 3961 εἶπε,
1695 3896 1791 3967 τὴν
1825 3900 1922 3967 μὲν
1956 3900 2144 3967 φοϐεῖ-

586 3974 712 4029 σθαι
743 3976 1077 4047 παραινέσας
1112 3978 1187 4039 ὡς
1234 3981 1490 4052 κεφαλὴν,
1553 3981 1643 4034 τὸν
1700 3981 1756 4032 δέ
1792 3982 2012 4052 ἀγαπᾷν
2066 3984 2144 4045 ὡς

582 4062 839 4127 γυναῖκα.
881 4059 1003 4123 Πῶς
1022 4061 1067 4113 δ’
1095 4060 1160 4115 ἂν
1184 4063 1352 4117 ταῦτα
1379 4064 1621 4132 γένοιτο;
1665 4064 1829 4132 φησίν
1851 4080 1866 4095 ·
1896 4065 2018 4117 Ὅτι
2049 4066 2147 4135 μὲν

579 4143 689 4213 γάρ
714 4142 814 4206 δεῖ,
853 4141 1041 4208 ἔδειξε·
1066 4142 1125 4196 rb
1152 4144 1207 4198 δὲ
1230 4145 1366 4210 πῶς,
1406 4146 1517 4214 ἐγὼ
1559 4145 1688 4215 πρὸς
1727 4147 1871 4216 ὑμᾶς
1898 4147 2007 4217 ἐρῶ
2029 4163 2044 4178 ·
2077 4146 2145 4200 ἂν

580 4225 875 4296 χρημάτων
915 4228 1358 4297 καταφρονῶμεν,
1393 4229 1459 4281 ἂν
1479 4228 1613 4298 πρὸς
1638 4227 1696 4280 ἓν
1712 4228 1926 4299 ὁρῶμεν
1957 4230 2139 4299 μόνον,

579 4309 756 4378 ψυχῆς
805 4308 1027 4379 ἀρετὴν,
1071 4307 1137 4362 ἂν
1178 4311 1268 4363 τὸν
1296 4310 1390 4363 τοῦ
1427 4310 1564 4363 Θεοῦ
1600 4310 1759 4379 φόϐον
1792 4310 2002 4380 ἔχωμεν
2039 4313 2143 4381 πρὸ

578 4390 889 4461 ὀφθαλμῶν.
929 4392 1104 4462 Ὅπερ
1137 4392 1245 4462 γὰρ
1266 4396 1321 4446 ἐν
1348 4396 1457 4455 τοῖς
1485 4394 1619 4463 πρὸς
1644 4396 1767 4455 τοὺς
1793 4393 2007 4455 δούλους
2030 4394 2146 4446 δια-

578 4474 863 4544 λεγόμενος
892 4475 1095 4542 ἔλεγεν,
1131 4476 1204 4528 '0
1234 4493 1287 4528 τι
1343 4475 1421 4529 ἂν
1453 4475 1679 4541 ποιήσῃ
1720 4476 1978 4540 ἕκαστος
2009 4477 2145 4542 ἀγα-

580 4555 687 4608 θὸν
721 4555 871 4627 [152]
904 4557 940 4623 ἢ
960 4557 1171 4621 κακὸν,
1191 4559 1365 4611 τοῦτο
1391 4557 1671 4625 κομιεῖται
1710 4558 1867 4624 παρὰ
1905 4557 2008 4610 τοῦ
2032 4560 2147 4609 Ku-

575 4642 735 4710 ρίου,
766 4642 921 4695 τοῦτο
956 4647 1048 4697 καὶ
1074 4644 1325 4697 ἐνταῦθα.
1351 4643 1440 4713 Μὴ
1473 4643 1541 4695 δι’
1575 4645 1791 4712 ἐκείνην
1830 4643 2008 4695 τοίνυν
2058 4660 2147 4695 τοο

586 4723 794 4789 σοῦτον,
816 4727 934 4778 ὅσον
960 4727 1048 4779 διά
1070 4727 1158 4778 τὸν
1189 4727 1419 4795 Χριστὸν
1452 4725 1619 4796 αὐτὴν
1660 4726 1878 4795 ἀγαπᾷν
1905 4767 1918 4780 .
1979 4727 2148 4777 Τοῦτο

584 4806 715 4871 γοῦν
739 4809 830 4860 καί
855 4808 1072 4878 ᾐνίξατο
1111 4809 1306 4860 εἰπών·
1347 4809 1438 4872 Ὠς
1468 4807 1546 4871 τῷ
1573 4810 1779 4875 Κιιρίῳ.
1816 4838 1886 4848 -
1927 4810 2017 4873 Ὠς
2070 4807 2148 4872 τῷ

581 4891 779 4957 Κυρίῳ
798 4892 971 4944 τοίνυν
1002 4890 1339 4959 πειθόμενος,
1357 4892 1448 4941 καὶ
1478 4891 1542 4942 δι’
1570 4891 1729 4943 αὐτὸν
1755 4891 1930 4942 πάντα
1957 4890 2144 4954 ποιῶν,

581 4971 722 5025 οὕτω
755 4973 928 5026 πάντα
950 4977 1176 5041 πράττε·
1201 4972 1357 5025 τοῦτο
1380 4973 1562 5024 ἰκανὸν
1593 4975 1877 5039 ἐναγαγείν
1909 4974 2000 5024 καὶ
2031 4975 2149 5023 πεῖ-

586 5072 697 5117 σαι,
734 5056 828 5107 καὶ
879 5055 954 5124 μὴ
1004 5058 1221 5122 ἀφεῖναι
1252 5055 1567 5124 ἐρεσχελίαν
1598 5057 1718 5107 τινὰ
1746 5056 1841 5107 καὶ
1886 5054 2146 5122 διχόνοιαν

581 5132 733 5189 εἶναι.
767 5137 972 5206 Μηδεὶς
1006 5136 1144 5188 ἔστω
1170 5137 1360 5199 πιστὸς
1395 5137 1746 5203 συκοφαντῶν
1776 5138 1869 5187 ἐπὶ
1909 5135 2009 5202 τῆς
2045 5153 2144 5200 γυ-

581 5218 763 5279 ναικὸς
789 5219 882 5269 τὸν
904 5217 1087 5286 ἄνδρα
1117 5218 1252 5270 ἀλλὰ
1275 5219 1410 5287 μηδέ
1439 5222 1466 5271 ό
1490 5220 1627 5287 ἀνὴρ
1648 5219 1830 5279 ἁπλῶς
1848 5217 2148 5269 πιστευέτω

584 5300 721 5353 κατά
771 5301 872 5370 τῆς
908 5301 1179 5368 γυναικὸς,
1233 5302 1367 5371 μηδὲ
1419 5303 1452 5370 ή
1508 5301 1644 5370 γυνὴ
1708 5298 2148 5369 περιεργαζέσθω

582 5383 817 5444 εἰσόδους
850 5382 945 5435 καὶ
975 5381 1185 5446 ἐξόδους
1219 5383 1425 5445 ἁπλῶς·
1472 5383 1603 5451 μηδὲ
1648 5384 1753 5451 μὴν
1782 5381 1915 5449 μηδέ
1945 5383 1972 5433 6
2011 5381 2148 5451 ἀνὴρ

582 5464 728 5529 ἄξιον
760 5465 1049 5534 παρεχέτω
1077 5466 1269 5518 ἐαυτόν
1295 5482 1441 5526 τινος
1470 5464 1724 5531 ὑποψίας.
1756 5463 1819 5513 Τί
1850 5462 1979 5532 γάρ,
2027 5464 2149 5516 εἰπέ

587 5563 698 5613 μοι,
721 5548 900 5599 πᾶσαν
929 5547 1027 5615 τὴν
1053 5549 1265 5616 ἡμέραν
1296 5550 1407 5609 τοῖς
1433 5547 1608 5615 φίλοις
1660 5545 1815 5606 δίδως
1843 5545 2056 5610 σαυτὸν,
2082 5548 2147 5616 τῇ

588 5628 641 5680 δὲ
691 5631 911 5696 γυναικὶ
961 5630 1059 5698 τὴν
1097 5630 1357 5699 ἐτπέραν,
1413 5630 1506 5681 καὶ
1570 5628 1690 5681 οὐδὲ
1751 5628 1921 5690 οὕτως
1974 5627 2146 5698 αὐτὴν

584 5710 707 5784 δύνῃ
740 5712 1130 5783 πληροφορεῖν,
1175 5714 1270 5765 καὶ
1313 5712 1468 5773 ἐκτὸς
1509 5711 1742 5780 ὑποψίας
1790 5713 1999 5777 ποιεῖν;
2030 5712 2150 5764 Κᾶν

584 5791 784 5864 ἐγκαλῇ
833 5795 869 5863 ή
911 5793 1070 5863 γυνὴ,
1114 5793 1188 5861 μὴ
1235 5793 1570 5863 δυσχέραινε·
1613 5793 1791 5862 φιλίας
1830 5793 1997 5855 ἐστὶν,
2049 5793 2149 5846 οὐκ

586 5874 858 5939 ἀπονοίας·
894 5873 1076 5945 φιλίας
1122 5874 1240 5928 ἐστὶ
1292 5876 1518 5946 ζεούσης
1570 5877 1634 5929 τὰ
1691 5875 2007 5947 ἐγκλήματα
2050 5876 2141 5927 καὶ

1486 493 1553 558 ΙΝ
1596 500 1817 560 EPIST.
1859 505 1950 560 AD
1991 505 2238 564 EPHES.
2282 508 2438 566 CAP.
2483 510 2547 568 ν.
2591 512 2821 571 ΠΟΠΠ..
2864 515 2983 572 XX.

3708 513 3819 575 ἸΗ

2260 627 2552 694 διαθέσεως
2581 634 2981 703 πεπυρωμένης
3004 632 3099 685 καὶ
3141 630 3328 701 φόϐουι
3357 630 3573 685 Δέδοικε
3601 629 3708 700 γὰρ
3742 632 3817 702 μή

2252 724 2338 772 τις
2370 711 2540 781 αὐτῆς
2570 712 2762 783 ἔκλεψε
2815 716 2916 785 τήν
2962 715 3143 785 εὐνὴν,
3195 716 3267 786 μή
3298 731 3381 778 τις
3406 714 3573 784 αὐτὴν
3602 713 3731 786 περὶ
3757 714 3821 767 rb

2253 793 2545 861 κεφάλαιον
2571 795 2681 848 τῶν
2710 798 2930 865 ἀγαθῶν
2953 799 3247 867 ἐζημίωσε,
3281 798 3354 868 μή
3396 815 3480 860 τις
3527 798 3694 866 αὐτῆς
3720 796 3820 864 τὴν

2254 877 2496 946 κεφαλὴν
2521 879 2794 946 ἀφείλετο,
2834 882 2906 950 μή
2938 897 3023 943 τις
3049 880 3276 950 διώρυξε
3313 880 3410 949 τὴν
3441 881 3621 949 εὐνήν.
3664 880 3819 934 Ἐστι

2253 956 2346 1008 καὶ
2379 958 2514 1029 άλλη
2562 963 2925 1032 μικροψυχίας
2976 963 3255 1026 ὑπόθεσις·
3291 964 3477 1033 μηδεὶς
3530 962 3673 1029 πέρα
3724 959 3818 1012 τοῦ

2254 1041 2457 1114 μέτρου
2484 1048 2594 1099 τῶν
2618 1048 2844 1101 οἰκετῶν
2875 1048 3277 1111 ἀντιποιείσθω,
3317 1049 3451 1118 μήτε
3477 1048 3572 1117 τῆς
3602 1047 3767 1116 κόρης
3790 1046 3819 1098 6

2251 1126 2411 1197 ἀνὴρ,
2441 1130 2576 1198 μήτε
2606 1130 2701 1183 τοῦ
2721 1131 2932 1184 οἰκέτου
2961 1134 2992 1201 ὴ
3016 1132 3175 1201 γυνή·
3196 1131 3288 1184 καὶ
3315 1134 3425 1202 γὰρ
3453 1130 3626 1183 ταῦτα
3660 1128 3818 1181 ἰκανά

2251 1213 2431 1263 τεκεῖν
2471 1213 2727 1283 ὑποψίας.
2785 1215 3067 1282 Ἐννόησον
3099 1216 3209 1284 γάρ
3269 1232 3358 1285 μοι
3411 1216 3537 1273 τοὺς
3583 1212 3819 1275 δικαίους

2252 1292 2515 1358 ἐκείνους·
2572 1297 2710 1369 αὐτὴ
2759 1300 2792 1369 ή
2833 1298 3021 1369 Σάρρα
3067 1299 3321 1352 ἐκέλευσε
3378 1296 3456 1366 τῷ
3508 1296 3821 1366 πατριάρχῃ

2251 1373 2433 1429 λαϐεῖν
2451 1379 2548 1447 τήν
2579 1380 2756 1450 Ι’Δγαρ
2774 1399 2789 1413 ·
2820 1381 2957 1450 αὐτὴ
2997 1379 3349 1449 προσέταξεν,
3377 1378 3553 1440 οὐδεὶς
3576 1378 3821 1446 ἠνάγκα-

2254 1472 2367 1518 σεν,
2401 1458 2523 1510 οὐδὲ
2563 1461 2795 1530 ἐπῆλθεν
2815 1464 2843 1515 6
2875 1463 3033 1532 ἀνήρ·
3066 1462 3201 1514 ἀλλά
3230 1461 3407 1514 καίτοι
3443 1470 3654 1529 μακρόν
3693 1459 3822 1527 χρό-

2251 1557 2341 1593 νον
2365 1540 2599 1606 ἑλκύσας
2626 1546 2686 1596 ἐν
2710 1545 2961 1616 ἀπαιδέᾳ,
3025 1546 3200 1598 είλετο
3255 1545 3525 1615 μηδέποτε
3567 1541 3820 1611 γενέσθαι

2253 1625 2459 1694 πατὴρ.
2493 1625 2526 1694 ἧ
2564 1625 2663 1697 τήν
2697 1630 2934 1694 γυναῖκα
2978 1628 3241 1696 λυπῆσαι.
3290 1626 3431 1680 ’Δλλ’
3484 1626 3634 1695 ὅμως
3685 1625 3823 1691 μετά

2250 1706 2427 1759 ταῦτα
2455 1709 2650 1768 πάντα.
2683 1709 2736 1762 τί
2792 1727 2957 1779 φησιν
2995 1712 3028 1780 ή
3085 1711 3308 1783 Σάρρας
3356 1710 3564 1777 Κρίναι
3605 1710 3639 1760 ό
3678 1707 3823 1771 Θεὸς

2250 1789 2368 1845 ἀνὰ
2389 1791 2586 1860 μέσον
2610 1792 2757 1861 ἐμοῦ
2796 1792 2892 1846 καὶ
2933 1793 3069 1848 σοῦ.
3106 1790 3255 1863 Ἀρα
3306 1792 3359 1846 εῐ
3382 1809 3465 1853 τις
3489 1787 3557 1861 ἦν
3587 1789 3699 1843 τῶν
3726 1790 3823 1843 ἀλ-

2250 1871 2381 1935 λων,
2415 1874 2517 1926 οὐκ
2544 1873 2612 1927 ἂν
2636 1874 2715 1938 εἰς
2746 1874 2918 1945 ὀργὴν
2945 1875 3170 1946 ἐκινήθη
3196 1893 3210 1939 ;
3259 1874 3361 1928 οὐκ
3398 1873 3465 1926 ἀν
3494 1872 3588 1925 καὶ
3632 1873 3823 1941 χεῖρας

2252 1955 2502 2022 ἐξέτεινε,
2530 1959 2814 2028 μονονουχί
2864 1958 3107 2028 φάσκων·
3141 1959 3205 2011 Τί
3234 1958 3442 2024 λέγεις;
3482 1957 3581 2008 οὐκ
3611 1954 3824 2007 ἐϐουλέ-

2255 2055 2363 2109 μην
2387 2038 2498 2108 ἐγὼ
2534 2040 2890 2110 συγγενέσθαι
2919 2045 2985 2113 τῇ
3008 2042 3251 2109 γυναικὶ,
3287 2042 3378 2094 σὺν
3400 2040 3461 2092 rb
3476 2041 3583 2092 πᾶν
3605 2038 3819 2106 γέγονε,

2252 2123 2345 2173 καὶ
2394 2121 2557 2177 πάλιν
2614 2124 2906 2192 ἐγκαλεῖς;
2971 2125 3109 2177 Ἀλλ’
3154 2125 3305 2178 οὐδὲν
3360 2122 3600 2176 τοιοῦτον
3668 2117 3823 2173 εἶπεν

2252 2203 2653 2279 ἐκεῖνοςχάλλά
2682 2206 2735 2258 τί
2759 2225 2771 2265 ;
2817 2206 2973 2261 Ἰδοὺ
3000 2207 3038 2273 ἡ
3066 2208 3360 2273 παιδίσκη
3391 2207 3461 2258 ἐν
3492 2203 3621 2268 ταῖς
3648 2203 3824 2271 χερσί

2251 2303 2390 2340 σου·
2415 2286 2539 2356 χρῶ
2582 2287 2758 2356 αὐτῇ,
2793 2289 2873 2353 ὡς
2904 2290 2982 2342 ἄν
3011 2305 3109 2343 σοι
3154 2289 3412 2357 ἀρεστὸν
3552 2287 3664 2356 Τὴν
3694 2302 3814 2338 κοι-

2253 2368 2418 2422 νωνὸν
2443 2372 2543 2439 τῆς
2569 2369 2733 2439 εὐνῆς
2772 2372 3054 2437 ἐξέδωκεν,
3082 2372 3170 2425 ἴνα
3214 2373 3286 2441 μὴ
3316 2371 3535 2439 λυπήσῃ
3564 2368 3664 2438 τὴν
3685 2367 3824 2437 Σάρ-

2255 2453 2374 2522 ραν.
2402 2451 2594 2504 Καίτοι
2625 2468 2689 2521 γε
2728 2453 2883 2506 οὐδὲν
2909 2454 3101 2507 τούτου
3141 2454 3323 2525 μεῖζον
3349 2455 3429 2516 εἰς
3478 2451 3692 2513 εὐνοίας
3730 2450 3821 2502 λό-

2251 2550 2347 2602 γον
2367 2533 2533 2588 ἐστίν.
2567 2535 2630 2588 Εἰ
2664 2535 2772 2605 γάρ
2798 2538 2859 2591 rb
2889 2537 3172 2608 τραπέζης
3216 2539 3544 2605 κοινωνῆσαι
3588 2534 3683 2587 καὶ
3728 2532 3823 2603 λῃ-

2254 2620 2409 2679 σταῖς
2458 2618 2762 2688 όμοψυχίαν
2820 2622 2966 2672 ποιεῖ
3020 2618 3153 2691 «pb;
3186 2619 3312 2681 τοὺς
3347 2618 3621 2679 ἐναντίους
3653 2617 3766 2685 (καὶ
3794 2618 3823 2668 6

2252 2701 2556 2772 Ψαλμῳδός
2582 2719 2765 2772 φησιν·
2797 2705 2903 2769 ὐς
2940 2703 3038 2757 ἐπί
3065 2703 3130 2756 τὸ
3176 2700 3322 2756 αὐτὸ
3360 2699 3700 2769 ἐγλύκανάς
3722 2716 3823 2766 μοι

2249 2783 2592 2853 ἐδέσματα)·
2630 2786 2692 2839 rb
2752 2786 2882 2856 μίαν
2924 2789 3101 2858 σάρκα
3129 2784 3380 2853 γενέσθαι
3417 2782 3605 2836 λοιπὸν
3638 2781 3823 2852 (τοῦτο

2252 2868 2362 2937 γάρ
2388 2869 2504 2921 ἐστι
2534 2873 2859 2940 κοινωνῆσαι
2884 2871 2983 2938 τῆς
3007 2869 3214 2938 εὐνῆς),
3263 2866 3445 2936 πολλῷ
3475 2866 3677 2937 μᾶλλον
3703 2867 3822 2919 ἰκα-

2262 2949 2353 3002 νδν
2406 2951 2838 3009 ἐπισπάσασθαι.
2884 2951 3192 3004 ’Λλλόὐδέν
3242 2949 3449 3004 τούτων
3491 2948 3675 3018 ἴσχυσε
3730 2947 3825 3000 τὸν

2250 3031 2457 3085 δίκαιον
2502 3032 2662 3099 ἐλεῖν,
2706 3034 2822 3086 ἀλλ’
2865 3033 3095 3100 ἐξέδωκε
3125 3036 3188 3103 τῇ
3222 3032 3459 3101 γυναικὶ,
3496 3032 3709 3093 δεικνὺς
3738 3032 3820 3083 ὅτι

2253 3116 2312 3165 οὐ
2349 3115 2500 3186 παρά
2529 3114 2628 3186 τὴν
2660 3114 2825 3169 αὐτοῦ
2861 3117 3041 3170 αἰτίαν
3061 3134 3113 3168 τι
3161 3118 3473 3185 γεγένηται·
3510 3117 3602 3167 καὶ
3653 3114 3714 3166 rb
3754 3113 3819 3183 δὴ

2253 3198 2453 3265 μεῖζον,
2483 3195 2718 3251 κύουσαν
2748 3199 3055 3269 ἐξέπεμψεν
3076 3199 3264 3267 αὐτήν.
3299 3198 3393 3261 Τίς
3418 3198 3518 3249 οὐκ
3536 3197 3602 3249 ἀν
3619 3195 3817 3263 ἠλέησε

2250 3279 2527 3348 κυήσασαν
2574 3279 2633 3346 ἐξ
2686 3280 2851 3333 αὐτοῦ
2902 3281 3148 3347 παιδίον;
3187 3279 3329 3332 Ἀλλ’
3375 3278 3473 3345 οὐχ
3525 3279 3554 3329 6
3601 3277 3809 3336 δίκαιος

2248 3361 2598 3431 ἐπεκάμφθη·
2627 3363 2845 3415 πάντων
2870 3363 2978 3433 γάρ
3004 3363 3103 3433 τὴν
3141 3363 3364 3431 ἀγάπην
3397 3361 3683 3431 προύτίθει
3714 3359 3815 3427 τὴν

2249 3444 2386 3511 πρὸς
2408 3444 2508 3511 τὴν
2536 3447 2794 3512 γυναῖκα.

2319 3571 2385 3635 ζ’.
2414 3571 2616 3625 Τοῦτον
2644 3571 2941 3642 μιμώμεθα
2970 3574 3062 3626 καὶ
3081 3574 3259 3643 ἡμεῖς·
3301 3571 3488 3642 μηδείς
3516 3571 3821 3636 όνειδιξέτω

2248 3652 2439 3705 πενίαν
2467 3652 2545 3723 τῷ
2594 3654 2844 3725 πλησίον,
2882 3655 3068 3725 μηδεὶς
3120 3654 3415 3726 χρημάτων
3466 3655 3663 3723 ἐράτω,
3720 3656 3817 3708 καὶ

2248 3735 2426 3788 πάντα
2450 3734 2684 3790 λέλυται.
2723 3737 2872 3807 Μηδὲ
2894 3737 3101 3806 λεγέτω
3128 3737 3264 3808 γυνὴ
3297 3736 3431 3806 πρὸς
3487 3735 3578 3789 τὸν
3626 3735 3816 3806 ἀνδρα·

2248 3816 2395 3890 [155]
2430 3821 2691 3891 Ἀνανδρε
2737 3822 2832 3873 καί
2874 3821 3033 3885 δειλὲ,
3067 3821 3228 3874 ὄκνου
3253 3819 3438 3890 γέμων
3462 3820 3552 3872 καί
3590 3820 3822 3881 νωθείας

2244 3903 2337 3953 καὶ
2364 3901 2531 3956 ὕπνου
2553 3901 2771 3966 πολλοῦ,
2794 3904 2823 3955 6
2841 3903 2988 3957 δεῖνα
3021 3903 3274 3966 ταπεινὸς
3309 3905 3398 3957 καὶ
3430 3903 3493 3955 ἐκ
3523 3903 3817 3966 ταπεινῶν,

2243 3984 2515 4049 κινδύνους
2543 3986 2815 4057 ἀράμενος
2842 3988 2937 4040 καὶ
2958 3986 3265 4055 ἀποδημίας
3291 3985 3658 4055 στειλάμενος,
3687 3986 3818 4038 πολ-

2243 4065 2339 4136 λὴν
2363 4068 2461 4139 τὴν
2484 4068 2671 4121 οὐσίαν
2692 4068 2936 4136 ἐποίησε,
2968 4067 3063 4119 καὶ
3103 4069 3135 4135 ἡ
3161 4068 3301 4136 γυνὴ
3346 4069 3691 4137 χρυσοφορεῖ,
3728 4070 3820 4119 καί

2242 4150 2334 4202 ἐπὶ
2349 4148 2571 4219 ζεύγους
2583 4150 2787 4204 λευκῶν
2804 4150 3040 4219 ἡμιόνων
3057 4149 3291 4218 πρόεισι,
3308 4148 3662 4218 περιφέρεται
3687 4166 3817 4201 παν-

2242 4232 2429 4302 ταχοῦ,
2454 4231 2678 4285 οἰκετῶν
2703 4232 2899 4299 ἀγέλας
2921 4230 3032 4301 ἔχει
3053 4232 3146 4283 καὶ
3167 4230 3433 4299 εὐνούχων
3452 4232 3617 4299 ἐσμόν
3633 4247 3647 4260 ·
3673 4232 3735 4284 σύ
3760 4232 3817 4284 δὲ

2243 4315 2610 4384 κατέπτηχας,
2638 4315 2731 4366 καὶ
2757 4314 2879 4382 εἰκῆ
2917 4313 3034 4383 ζῇς.
3063 4313 3155 4383 Μὴ
3204 4312 3405 4379 λεγέτω
3451 4312 3621 4365 ταῦτα
3660 4313 3816 4383 γυνὴ,

2243 4396 2336 4449 καὶ
2359 4399 2426 4450 τά
2450 4397 2657 4459 τούτοις
2686 4397 2845 4466 ὃμοια
2866 4411 2879 4424 ·
2912 4397 3068 4464 σῶμα
3106 4397 3212 4467 γάρ
3238 4398 3404 4461 ἐστιν,
3435 4396 3531 4465 οὐχ
3570 4396 3658 4448 ἵνα
3697 4396 3813 4447 δια-

2243 4480 2410 4549 τάττῃ
2432 4482 2498 4549 τῇ
2527 4479 2756 4549 κεφαλῇ,
2773 4478 2989 4531 ἀλλ’ἵνα
3014 4477 3261 4546 πείθηται
3289 4479 3382 4529 καὶ
3407 4477 3673 4549 ὑπακούῃ.
3695 4477 3817 4538 Πῶς

2244 4559 2336 4615 οὖν
2357 4563 2512 4624 οἴσει,
2548 4560 2702 4631 φησί,
2731 4559 2830 4629 τὴν
2852 4559 3078 4623 πενίαν;
3108 4560 3271 4611 πόθεν
3300 4561 3521 4627 εὑρήσει
3557 4577 3809 4627 παραμυ-

2246 4645 2366 4696 θίαν
2385 4659 2400 4708 ;
2437 4642 2770 4710 Ἐκλεγέσθω
2791 4659 2903 4713 παρ
2918 4642 2932 4660 ‘
2953 4644 3119 4711 ἐαυτῇ
3141 4642 3234 4703 τὰς
3253 4640 3475 4693 πενεστέ
3482 4657 3602 4710 ρας,
3630 4642 3812 4693 ἀναλο·

2243 4725 2479 4794 γιζέσθω
2518 4725 2680 4777 πόσαι
2710 4726 2873 4777 πάλιν
2905 4726 3141 4792 εὐγενεῖς
3175 4725 3269 4777 καὶ
3303 4723 3360 4788 ἐξ
3387 4723 3624 4791 εὐγενῶν
3661 4725 3815 4794 κόραι

2244 4810 2304 4861 οὐ
2329 4808 2486 4879 μόνον
2506 4807 2564 4872 ἐξ
2579 4808 2786 4879 ἀνδρῶν
2808 4807 2959 4862 οὐδὲν
2981 4807 3333 4876 προσέλαϐον.
3354 4807 3491 4860 ἀλλά
3518 4808 3616 4859 καὶ
3647 4823 3785 4877 προσ
3802 4838 3813 4845 -

2247 4891 2467 4955 ἐδωκαν,
2492 4892 2585 4944 καὶ
2613 4892 2679 4943 τὰ
2720 4890 2896 4944 αὐτῶν
2935 4889 3146 4942 ἅπαντα
3196 4890 3513 4944 ἀνάλωσαν·
3569 4889 3817 4942 ἐννοείτω

2246 4976 2369 5036 τοὺς
2390 4975 2453 5026 ἐκ
2484 4974 2737 5025 τοιούτων
2762 4971 3004 5026 πλούτων
3029 4972 3326 5037 κινδύνους,
3362 4975 3453 5024 καὶ
3480 4971 3571 5023 τὸν
3592 4971 3809 5041 ἀπραγ-

2251 5071 2385 5122 μονα
2415 5056 2718 5108 ἀσπάσεται
2754 5056 2886 5124 βίον.
2926 5056 3030 5105 Καὶ
3055 5055 3189 5116 ὅλως
3214 5057 3261 5106 εί
3290 5053 3657 5123 φιλοστόργως
3682 5053 3816 5123 πρὸς

2247 5138 2337 5187 τὸν
2367 5137 2535 5207 ἄνδρα
2565 5137 2852 5203 διακέοιτο,
2886 5138 3041 5191 οὐδὲν
3074 5136 3313 5189 τοιοῦτον
3349 5138 3481 5205 ἐρεῖ,
3513 5136 3629 5187 ἀλλ’
3652 5136 3814 5205 αἰρή-

2251 5237 2399 5274 σεται
2436 5221 2659 5290 πλησίον
2702 5221 2870 5291 αὐτῆς
2904 5220 3047 5289 ἔχειν
3082 5219 3244 5272 αὐτὸν
3282 5219 3448 5287 μηδὲν
3502 5217 3811 5288 πορίζοντα,

2247 5304 2280 5372 ἢ
2308 5303 2475 5373 μυρία
2505 5304 2741 5356 τάλαντα
2781 5303 2979 5372 χρυσοῦ
3011 5303 3147 5370 μετά
3184 5303 3456 5371 μερίμνης
3476 5302 3568 5353 καὶ
3594 5303 3813 5370 φροντίη

2247 5387 2334 5448 δος
2368 5386 2466 5453 τῆς
2491 5386 2555 5438 ἐκ
2585 5385 2693 5438 τῶν
2712 5384 3024 5454 ἀποδημιῶν
3052 5386 3169 5439 ταῖ;
3188 5383 3434 5450 γυναιξὶν
3460 5386 3815 5453 ἐγγινομένης

2249 5470 2354 5521 ἀεί.
2373 5466 2532 5519 Ἀλλὰ
2560 5466 2693 5537 μηδέ
2709 5470 2736 5519 6
2757 5466 2894 5535 ἀνὴρ
2910 5465 3077 5517 ταῦτα
3103 5466 3313 5518 ἀκούων
3343 5467 3417 5527 ὡς
3456 5468 3630 5535 ἀρχὴν
3653 5467 3810 5535 ἔχων,

2251 5554 2342 5605 ἐπὶ
2376 5550 2560 5619 ὕϐρεις
2583 5550 2866 5620 τρεπέσθω
2904 5550 2998 5600 καὶ
3025 5550 3257 5619 πληγὰς,
3291 5551 3424 5604 ἁλλά
3456 5552 3810 5618 παραινεῖ-ιω,

2250 5637 2566 5688 νουθετείτω
2586 5676 2599 5695 ,
2631 5634 2706 5695 ὡς
2732 5630 3088 5701 ἀτελεστέραν
3116 5634 3393 5702 λογισμοῖς
3442 5631 3810 5697 ἀναπειθέτω,

2251 5722 2434 5787 χεῖρας
2461 5716 2728 5784 μηδέποτε
2768 5715 3073 5768 ἐντεινέτω·
3106 5717 3294 5786 πόρρω
3320 5713 3609 5781 ἐλευθέρας
3635 5714 3814 5784 ψυχῆς

2250 5802 2440 5855 ταῦτα·
2468 5798 2600 5851 ἀλλὰ
2619 5796 2751 5866 μηδὲ
2768 5795 2972 5863 ὖδρεις,
2988 5799 3120 5869 μηδέ
3144 5798 3344 5865 ὀνείδη,
3372 5795 3503 5864 μηδέ
3522 5793 3811 5863 λοιδορίας·

2256 5885 2366 5938 αλλ’
2398 5883 2469 5945 ὡς
2495 5880 2841 5951 ἀνοητότερον
2892 5880 3238 5954 διακειμένην
3283 5877 3609 5950 ῥυθμιζέτω.
3650 5880 3815 5930 Πόθεν
