4218 6266
450 373 554 428 Hb

445 484 503 539 δέ
539 483 696 537 τούτο
718 482 905 549 ἐσταις
949 485 1074 537 Ἐάν
1101 486 1191 538 τὸν
1232 484 1406 555 άληθῆ
1442 484 1671 538 πλοῦτον
1731 484 2001 553 μανθάνῃ,

445 568 543 621 ἐάν
574 568 671 637 τὴν
704 567 813 620 ἄνω
836 567 1172 637 φιλοσοφίαν,
1198 568 1351 621 οὐδὲν
1376 566 1660 637 ἐγκαλέσει
1686 566 1795 621 τῶν
1831 565 2010 619 τοιού-

442 659 610 705 των“.
673 650 978 704 Διδασκέτω
1004 651 1190 722 αὐτὴν,
1216 653 1296 704 ὅτι
1322 652 1477 705 πενία
1494 650 2011 705 7.02063106696160—

445 733 641 792 σκέτω.
686 732 758 801 μὴ
789 733 855 785 δι’
892 726 965 786 ὧν
999 734 1147 801 λέγει
1181 735 1361 805 μόνον,
1387 734 1523 788 ἀλλὰ
1550 735 1644 788 καὶ
1665 734 1730 786 δι’
1751 727 1824 785 ὧν
1847 734 2008 784 ποιεῖ·

441 815 735 868 διδασκέτω
763 815 919 885 δόξης
942 822 1324 888 καταφρονεῖν,
1366 820 1461 873 καὶ
1512 819 1664 873 οὐδὲν
1716 816 2010 885 τοιοῦτονή

441 897 577 968 γυνὴ
602 898 721 950 οὔτε
751 901 868 967 ἐρεῖ
895 899 1016 952 οὔτε
1074 902 1425 971 ἐπιθυμήσει.
1480 900 1747 971 Καθάπερ
1788 899 2011 967 ἄγαλμα

440 980 747 1049 δεχόμενος,
777 981 945 1045 οὕτως
979 983 1086 1036 ἀπὸ
1135 984 1232 1053 τῆς
1279 984 1519 1051 ἑσπέρας
1568 983 1809 1052 ἐκείνης,
1838 979 1908 1052 ἦς
1943 980 2010 1033 ἂν

442 1062 608 1131 αὐτὴν
632 1064 711 1126 εἰς
739 1065 829 1117 τὸν
868 1066 1109 1135 θάλαμον
1135 1067 1378 1136 δέχηται,
1406 1066 1704 1119 διδασκέτω
1730 1063 2011 1135 σωφροσύ-

442 1163 559 1213 νην.
590 1146 909 1207 ἐπιείκειαν,
962 1150 1109 1210 ὅπως
1144 1150 1408 1218 βιὼσηται
1440 1150 1676 1220 σεμνῶς,
1729 1151 1792 1201 ἐκ
1824 1164 2009 1217 προοιο

445 1227 579 1297 μίων
606 1230 807 1294 εὐθέως
843 1233 936 1284 καὶ
970 1233 1030 1297 ἐξ
1059 1234 1236 1286 αὐτῶν
1285 1234 1392 1285 τῶν
1420 1233 1709 1305 προθύρων
1737 1230 2007 1285 καταϐάλ-

442 1310 550 1364 λων
603 1311 710 1365 τῶν
763 1315 1061 1384 χρημάτων
1125 1316 1217 1368 τὸν
1273 1316 1490 1386 ἔρωτα·
1551 1317 1644 1370 καὶ
1694 1314 2011 1382 φιλοσοφίαν

444 1396 764 1458 παιδευέτω,
817 1400 911 1451 καὶ
962 1401 1299 1469 παραινείτω
1343 1402 1490 1463 ὅπως
1550 1402 1625 1470 μὴ
1676 1399 1762 1469 εἴη
1812 1398 2010 1469 χρυσία

444 1479 768 1548 κρεμάμενα
797 1482 891 1533 ἐπὶ
924 1482 1032 1534 τῶν
1069 1480 1222 1535 ὤτων
1254 1484 1347 1536 καὶ
1371 1483 1509 1536 κατά
1527 1483 1635 1535 τῶν
1654 1482 1896 1551 παρειῶν
1916 1481 2010 1533 καὶ

443 1563 536 1614 ἐπὶ
568 1562 659 1614 τοῦ
696 1564 965 1634 τραχήλου
1020 1566 1402 1635 περικείμενα,
1459 1569 1596 1638 μήτε
1638 1565 2011 1634 κατακείμενα

443 1647 571 1715 περὶ
594 1646 681 1699 τὸν
698 1647 963 1717 θάλαμον,
996 1650 1135 1718 μήτε
1177 1651 1370 1719 ἱμάτια
1396 1652 1573 1721 χρυσᾶ
1600 1653 1695 1703 καὶ
1743 1649 2008 1718 πολυτελῆ

441 1728 798 1797 ἀποκείμενον
843 1730 959 1783 ἀλλ’
994 1730 1134 1784 ἔστω
1167 1734 1265 1802 μὲν
1310 1733 1532 1802 φαιδρὸς
1576 1735 1604 1786 6
1648 1733 1871 1801 κόσμος,
1935 1729 2010 1800 μὴ

444 1811 553 1878 μὴν
594 1813 673 1872 εἰς
722 1810 879 1881 ὕϐριν
907 1814 939 1882 ἡ
969 1814 1265 1884 φαιδρότης
1307 1815 1642 1869 ἐκπιπτέτω·
1675 1814 1811 1867 ἀλλὰ
1835 1811 2009 1865 ταῦτα

439 1894 597 1961 ἀφεὶς
621 1897 732 1957 τοῖς
762 1896 855 1947 ἐπὶ
880 1896 978 1965 τῆς
1010 1900 1235 1967 σκηνῆς,
1267 1899 1432 1963 αὐτὸς
1492 1898 1631 1968 μετά
1680 1897 1881 1965 πολλῆς
1910 1897 2010 1965 τῆς

439 1977 795 2045 κοσμιότητος
866 1978 1174 2044 καλλώπιζε
1248 1981 1341 2033 τὸν
1435 1977 1617 2047 οἷκον,
1652 1978 2010 2049 σωφροσύνης

437 2060 672 2112 πνέοντα
705 2062 927 2129 μᾶλλον,
959 2062 992 2132 ἢ
1022 2062 1190 2133 ἄλλης
1220 2064 1363 2127 τινὸς
1388 2065 1636 2127 εὐωδίας.
1671 2063 1776 2116 Δύο
1815 2063 1924 2133 γὰρ
1947 2065 2010 2116 ἐκ

435 2141 626 2195 τούτου
665 2142 834 2207 ἔσται,
862 2145 956 2197 καὶ
996 2145 1122 2217 τρία
1157 2147 1226 2199 τὰ
1278 2148 1441 2201 καλά·
1473 2147 1688 2219 πρῶτον
1735 2146 1855 2215 μὲν,
1908 2146 2009 2200 οὐκ

438 2224 665 2294 ἀλγήσει
723 2228 756 2294 ἡ
814 2226 1023 2297 νύμφη.
1065 2227 1328 2283 λυθεισῶν
1382 2230 1490 2283 τῶν
1543 2230 1864 2294 παστάδων,
1913 2229 2008 2281 καὶ

436 2308 914 2378 ἀποπεμπομένων
972 2310 1188 2380 ἑκάστῳ
1234 2313 1328 2364 καί
1371 2312 1481 2363 τῶν
1512 2312 1741 2381 ἱματίων
1778 2310 2008 2365 καὶτῶν

435 2394 672 2462 χρυσίων
706 2394 801 2446 καὶ
830 2394 939 2446 τῶν
970 2394 1179 2447 σκευῶν
1202 2394 1311 2447 τῶν
1335 2395 1612 2465 ἀργυρῶν·
1636 2394 1906 2465 δεύτερον.
1943 2395 2005 2447 ού

437 2476 713 2545 φροντίσει
755 2476 783 2528 6
814 2476 1047 2545 νυμφίος
1095 2478 1236 2548 ύπέρ
1285 2479 1385 2547 τῆς
1442 2478 1741 2541 ἀπωλείας,
1784 2478 1878 2531 καί⁵
1908 2478 2007 2546 τῆς

436 2558 683 2629 φυλακῆς
715 2559 822 2612 τῶν
872 2560 1374 2631 συμπορισθέντων.
1436 2562 1633 2631 Τρίτον
1687 2561 1849 2615 πάλιν
1871 2561 2007 2630 πρὸς

433 2642 665 2705 τούτοις.
694 2642 755 2695 τὸ
784 2642 1081 2710 κεφάλαιον
1109 2642 1219 2695 τῶν
1252 2643 1492 2711 ἀγαθῶν,
1515 2643 1773 2709 ἐξαύτῶν
1803 2643 2009 2696 τούτων

435 2726 728 2791 ἐνδείξεται
752 2726 850 2795 τὴν
880 2724 1045 2778 06:06
1085 2727 1330 2797 γνώμην,
1359 2727 1443 2780 ὅτι
1466 2727 1532 2798 δὴ
1587 2727 1794 2781 τούτων
1831 2726 2007 2781 οὐδενὶ

433 2810 613 2879 χαίρει
645 2808 815 2881 [ιδ-11.
856 2810 947 2863 καὶ
963 2811 1045 2863 ὅτι
1074 2810 1165 2862 καὶ
1192 2809 1261 2862 τὰ
1289 2810 1452 2863 λοιπά
1479 2812 1654 2879 πάντα
1690 2810 2005 2876 καταλύσει,

434 2892 529 2946 καὶ
570 2893 707 2962 μήτε
727 2892 1036 2962 ὀρχήματα,
1082 2896 1217 2963 μήτε
1262 2893 1533 2963 ἀσέμνους
1579 2893 1722 2964 ᾠδὰς
1752 2892 2007 2961 γενέσθαι

434 2977 779 3044 συγχωρήσει
814 2974 963 3029 ποτέ.
1000 2976 1111 3030 K01
1138 2972 1253 3029 οἶδα
1286 2976 1385 3045 μέν
1409 2978 1490 3031 ὅτι
1520 2976 1661 3030 δοκῶ
1704 2976 2006 3044 καταγέλα-

434 3075 558 3119 στος
581 3055 720 3112 εἶναι
747 3057 877 3121 ἴσως
905 3059 1037 3119 τισὶ,
1067 3059 1137 3113 τά
1194 3058 1424 3113 τοιαῦτα
1478 3059 1788 3130 νομοθετῶν
1819 3075 1833 3089 ·
1866 3059 2006 3128 πλὴν

432 3140 547 3196 ἀλλ’
598 3141 692 3194 ἐὰν
727 3140 984 3210 πεισθῆτέ
1027 3158 1139 3211 μοι,
1185 3142 1280 3195 :06
1335 3143 1529 3213 χρόνου
1563 3142 1865 3211 προϊόντος,
1910 3142 2007 3195 καὶ

430 3224 530 3292 τῆς
555 3224 659 3277 άπὸ
685 3224 777 3279 τού
812 3225 1135 3294 πράγματος
1158 3223 1523 3287 ἀπολαύοντες
1562 3224 1850 3293 ὡφελείας.
1883 3224 2006 3277 τότε

430 3308 489 3362 τὸ
517 3307 705 3378 κέρδος
756 3308 985 3361 εἴσεσθε·
1026 3308 1119 3361 καὶ
1162 3310 1190 3362 6
1243 3310 1340 3376 μὲν
1380 3309 1553 3373 γέλως
1604 3310 1886 3380 ρυήσεται,
1911 3309 2004 3363 καὶ

430 3391 868 3462 καταγελάσεσθε
896 3390 990 3444 :06
1009 3389 1105 3444 v6v
1140 3391 1315 3455 ἔθους,
1352 3394 1447 3447 καὶ
1494 3392 1692 3461 ὄψεσθε
1729 3392 1811 3445 ὅτι
1836 3390 2006 3453 ὄντως

432 3474 638 3527 παίδων
663 3474 927 3544 ἀνοήτων.
960 3474 1055 3526 καὶ
1109 3474 1319 3544 ἀνδρῶν
1350 3474 1653 3545 μεθυόντων
1682 3474 1800 3527 ἐστὶ
1821 3475 1888 3527 τά
1920 3490 2007 3543 γι-

430 3557 630 3626 νόμενα
657 3557 773 3609 νῦν·
804 3555 841 3609 ά
862 3556 919 3607 δὲ
955 3557 1228 3623 παραινῶ,
1262 3557 1617 3628 σωφροσύνης
1661 3559 1755 3611 καί
1786 3558 2003 3627 φιλοσοο

432 3640 579 3707 φίας,
601 3640 696 3691 καὶ
728 3639 827 3707 τῆς
852 3639 1112 3691 ἀνωτάτω
1150 3638 1426 3701 πολιτείας
1454 3639 1589 3692 ἐστί·
1624 3640 1690 3692 Τί
1719 3636 1812 3692 οὖν
1861 3658 2003 3710 φημι

431 3723 572 3788 δεῖν;
598 3722 781 3774 Πάντα
798 3720 867 3774 τά
896 3722 1119 3793 ᾅσματα
1147 3722 1213 3773 τά
1242 3723 1465 3791 αἰσχρά,
1489 3721 1555 3774 τά
1581 3724 1871 3783 σατανικά,
1902 3725 2004 3788 τὰς

433 3804 702 3874 άσέμνους
726 3803 889 3875 ᾠδάς,
908 3805 1003 3867 τάς
1027 3804 1332 3874 συνδρομάς
1348 3804 1457 3856 τῶν
1485 3804 1799 3858 ἀκολάστων
1818 3805 1844 3845 δ
1866 3808 2003 3860 νέων

433 3887 651 3958 περίελε
684 3887 777 3940 τοῦ
808 3888 1008 3957 γάμου,
1055 3888 1150 3941 καὶ
1183 3888 1356 3940 ταῦτα
1399 3887 1499 3957 τὴν
1535 3889 1755 3959 νύμφην
1791 3906 2003 3961 σωφρο-

432 3972 577 4023 νίσαι
609 3971 913 4043 δυνήσεται.
948 3970 1162 4034 Εὐθέως
1191 3973 1299 4041 γὰρ
1337 3975 1462 4040 παρ’
1512 3972 1677 4043 ἑαυτῇ
1714 3972 1998 4042 λογιεῖται,

431 4054 807 4118 Βαϐαίίποῖος
839 4049 993 4119 οὗτος
1025 4058 1051 4108 6
1084 4055 1255 4126 άνήρ;
1294 4054 1586 4125 φιλόσοφός
1635 4056 1803 4116 ἐστιν,
1849 4057 2001 4110 οὐδὲν

429 4138 520 4191 τὸν
543 4137 785 4208 παρόντα
812 4140 1024 4209 ἡγεῖται
1063 4138 1197 4209 βίον,
1244 4140 1336 4192 ἐπὶ
1369 4139 1717 4193 παιδοποιίαν
1741 4142 1834 4194 καὶ
1870 4159 1999 4194 παι-

426 4220 716 4291 δοτροφίαν
750 4238 815 4290 με
852 4222 1058 4292 ῆγαγεν
1078 4224 1158 4285 εἰς
1187 4221 1286 4292 τὴν
1315 4221 1496 4275 οἰκίαν
1522 4223 1622 4292 τὴν
1654 4223 1871 4283 ἐαυτοῦ.
1907 4224 2002 4277 ἐπὶ

424 4302 727 4373 οἰκουρίαν.
763 4303 900 4357 Ἀλλ’
938 4305 1078 4374 ἀηδῆ
1116 4305 1289 4359 ταῦτα
1320 4308 1384 4377 τῇ
1426 4304 1655 4377 νύμφῃς
1691 4306 1870 4377 Μέχρι
1898 4307 1998 4377 τῆς

427 4388 655 4459 πρώτης
709 4388 945 4459 ἡμέρας,
973 4389 1066 4442 καὶ
1095 4391 1192 4459 τῆς
1225 4389 1507 4460 δευτέρας·
1554 4389 1742 4442 λοιπὸν
1768 4390 1825 4443 δὲ
1874 4392 1996 4454 οὐκ,

427 4471 565 4525 ἀλλὰ
613 4473 704 4526 καὶ
742 4471 1003 4542 μεγίστην
1033 4473 1387 4542 καρπώσεται
1422 4474 1521 4544 τὴν
1565 4472 1781 4545 ἡδονὴν,
1818 4474 2000 4543 πάσης

426 4555 627 4625 ἑαυτὴν
653 4555 889 4623 ὑποψίας
918 4554 1359 4609 άπαλλάττουσα.
1397 4555 1458 4609 ὐ
1504 4555 1614 4627 γάρ
1653 4559 1791 4627 μήτε
1817 4557 1998 4611 αὐλῶν

430 4638 566 4708 μήτε
596 4636 942 4707 ὀρχουμένων
978 4638 1112 4706 μήτε
1139 4638 1401 4708 ᾀσμάτων
1446 4639 1835 4709 κεκλασμένων
1866 4642 1996 4694 ἀνα-

426 4720 707 4789 σχόμενος,
749 4717 1042 4793 καὶταῦτα
1088 4719 1240 4789 παρὰ
1288 4720 1381 4773 τὸν
1411 4719 1505 4773 τοῦ
1556 4722 1735 4791 γάμου
1780 4723 1992 4793 καιρὸν,

426 4801 589 4872 σχολῇ
623 4800 674 4869 γ’
695 4800 761 4854 ἂν
819 4792 974 4864 οὗτος
1008 4800 1256 4866 ἀνέξεταί
1281 4819 1409 4855 ποτε
1437 4803 1640 4873 πρᾶξαι
1671 4804 1701 4872 ἢ
1733 4792 1906 4860 εἰπεῖν
1941 4825 1993 4861 τι

424 4885 670 4956 αἰσχρόν.
707 4880 862 4937 Μετὰ
900 4882 956 4936 δὲ
982 4881 1158 4947 τοῦτο,
1185 4885 1314 4938 ὃταν
1336 4885 1513 4939 πάντα
1545 4887 1803 4958 περιέλῃς
1821 4890 1995 4943 ταῦτα

422 4967 515 5020 τοῦ
555 4966 754 5035 γάμου.
793 4964 1121 5037 παραλαϐὼν
1148 4966 1337 5038 αὐτὴν,
1361 4967 1562 5022 πλάττε
1596 4968 1793 5033 καλῶς,
1814 4970 1874 5022 τὸ
1895 4972 1994 5041 μὲν

424 5049 776 5121 αἰσχυντηλόν
808 5049 901 5103 ἐπὶ
934 5049 1069 5103 πολὺ
1114 5048 1207 5103 τοῦ
1251 5050 1443 5120 χρόνου
1496 5050 1726 5120 ἐξάγων.
1779 5052 1873 5105 καὶ
1919 5053 1994 5125 μὴ

421 5132 652 5185 διαλύων
676 5133 909 5202 ταχέως.
938 5132 1059 5187 Κᾶν
1089 5132 1198 5204 γὰρ
1236 5131 1738 5207 ἀναισχυντοτέραῇ
1772 5136 1804 5205 ή
1829 5137 1992 5205 κόρη,

426 5216 588 5284 μέχρι
612 5216 802 5284 καιροῦ
824 5218 983 5287 σιγᾷν
1013 5214 1171 5280 οἶδεν,
1206 5217 1505 5288 αἰδουμένη
1542 5217 1633 5271 τὸν
1677 5219 1865 5289 ἄνδρα,
1900 5222 1996 5273 καὶ

426 5297 740 5368 ξενιζομένη
795 5300 932 5369 πρὸς
978 5299 1046 5352 τά
1078 5302 1401 5370 πράγματα.
1439 5301 1510 5355 Σὺ
1539 5303 1717 5356 τοίνυν
1748 5302 1906 5356 τοῦτο
1933 5304 1994 5356 τὸ

420 5381 776 5453 αἰσχυντηλδν
802 5383 876 5451 μὴ
905 5382 1055 5433 διαλύ
1068 5400 1163 5451 σῃς
1195 5384 1427 5454 ταχέτος,
1457 5385 1592 5456 ὅπερ
1612 5385 1662 5437 οἰ
1703 5386 1993 5439 ἀκόλαστοι

421 5465 634 5520 ποιοῦσι
656 5462 766 5518 τῶν
792 5461 1024 5533 ἀνδρῶν,
1054 5465 1169 5518 ἀλλ’
1198 5467 1505 5537 ἐπεξάγαγε
1538 5468 1629 5521 ἐπὶ
1656 5467 1821 5523 πολὺν
1862 5468 1994 5540 χρό-

478 5731 506 5797 α
532 5730 687 5797 Vnus.
712 5729 1069 5797 ἑνῶν-τοιούτων
1098 5731 1439 5797 φιλοσοφώσαι

479 5792 505 5835 ιο
534 5794 685 5856 λίπε.
708 5791 882 5852 Sa\'il.,
910 5792 1206 5856 ἀκαθάρτων.

1157 369 1216 425 S.
1251 369 1536 428 JOANNIS
1572 366 2061 426 CHRYSOSTOMI
2100 365 2424 425 ABCHIEP.
2465 368 3021 426 (ΙοΝδΤλδΤιΝορ.

3595 368 3693 423 ηδ

2115 497 2227 534 νον·
2263 482 2408 553 μέγα
2434 483 2543 551 γάρ
2575 501 2659 538 σοι
2674 483 2834 538 τοῦτο
2849 484 3001 538 ἔσται
3025 484 3235 556 κέρδος.
3267 485 3381 539 Οὐκ
3407 482 3695 552 ἐγκαλέσει

2111 565 2270 627 τέως,
2297 566 2357 618 οὐ
2392 566 2668 637 μέμψεται
2701 568 2785 637 ἐφ’
2810 562 2892 631 οἷς
2915 567 3283 640 διατυπὼσῃς.

2179 654 2249 717 η’.
2273 649 2457 702 Πάντα
2479 649 2657 703 τοίνυν
2682 651 2800 704 κατ’
2834 652 3039 704 ἐκεῖνον
3068 652 3345 725 νομοθέτει
3365 650 3456 703 τὸν
3479 649 3692 719 χρόνον,

2112 735 2354 807 καθ’ὃνὴ
2379 738 2629 810 αἰσχύνη,
2647 739 2900 812 καθάπερ
2918 757 3002 803 τις
3023 740 3238 809 χαλινὸς
3259 737 3604 808 ἐπικείμενος
3624 738 3691 808 τῇ

2110 823 2276 894 ψυχῇ.
2299 825 2399 878 ούκ
2416 827 2638 895 ἀφίησιν
2654 827 3161 898 ούδέν⁶μέμφεσθαι,
3178 827 3300 882 ούδέ
3318 825 3567 895 ἐγκαλεῖν
3580 827 3693 889 τοῖς

2112 912 2439 980 γινομένοις.
2474 915 2640 968 Ὅταν
2668 915 2776 985 γάρ
2805 917 3118 987 παρρησίας
3152 914 3477 984 ἐπιλάϐηται
3496 953 3511 977 ,
3555 913 3693 983 μετά

2114 999 2316 1067 πολλῆς
2347 1000 2447 1069 τῆς
2474 1002 2657 1067 ἀδείας
2684 1003 2864 1057 πάντα
2893 1005 3194 1074 ἀνατρέπει
3219 1005 3315 1057 καὶ
3345 1005 3554 1071 συγχεῖ.
3594 1001 3695 1054 Πό-

2110 1102 2171 1137 τε
2193 1086 2371 1139 τοίνυν
2396 1088 2541 1140 ἐστὶν
2568 1089 2754 1159 ἕτερος
2776 1088 2919 1143 οὕτω
2942 1090 3127 1161 καιρὸς
3148 1089 3454 1159 ἐπιτήδειος
3477 1087 3611 1159 πρὸς
3632 1085 3693 1139 τὸ

2114 1171 2369 1226 πλάττειν
2415 1178 2671 1241 γυναῖκα,
2717 1175 2790 1239 ὡς
2823 1178 3051 1239 ἐκεῖνος,
3089 1176 3226 1230 καθ’
3261 1174 3319 1228 δν
3349 1174 3572 1229 αἰδεῖται
3602 1172 3692 1226 τὸν

2112 1258 2301 1328 ἄνδρα,
2332 1260 2426 1312 καὶ
2453 1259 2689 1314 δέδοικεν
2722 1261 2803 1315 ἔτι
2832 1263 2926 1315 καὶ
2971 1262 3337 1319 δυσωπεῖταις
3386 1259 3518 1313 Τότε
3551 1259 3688 1328 αύτῇ

2112 1346 2249 1399 τίθει
2282 1347 2407 1409 τοὺς
2427 1346 2627 1417 νόμους
2652 1347 2921 1410 ἅπαντας,
2945 1350 3039 1402 καὶ
3066 1348 3280 1411 πάντως
3314 1347 3690 1416 πεισθήσεται,

2113 1432 2205 1485 x01
2236 1433 2435 1487 ἐκούσα
2458 1435 2553 1487 x01
2582 1434 2809 1490 ἄκουσα.
2844 1436 2968 1500 Πῶς
2997 1436 3055 1490 δὲ
3087 1437 3187 1506 τὴν
3221 1433 3484 1506 αἰσχύνην
3508 1434 3569 1487 ού
3597 1432 3691 1486 λύ-

2113 1537 2259 1587 σειςς
2289 1523 2455 1576 Ὅταν
2477 1523 2641 1595 φαίνῃ
2676 1526 2770 1578 καὶ
2796 1526 2957 1589 αὐτὸς
2988 1525 3141 1579 ούδέν
3168 1520 3329 1596 ἦττον
3363 1524 3576 1591 ἐκείνης
3607 1523 3693 1575 αἰ·

2113 1610 2466 1679 σχυνόμενος,
2503 1610 2657 1679 ὀλίγα
2706 1612 2806 1682 μὲν
2839 1612 3381 1683 προσδιαλεγόμενος,
3433 1612 3523 1664 καί
3555 1610 3693 1662 αύτὲι

2110 1694 2167 1747 δὲ
2199 1696 2336 1765 μετὰ
2368 1697 2569 1766 πολλῆς
2615 1700 2715 1767 τῆς
2746 1698 3063 1770 ἐμϐριθείας
3093 1699 3186 1752 καὶ
3216 1699 3319 1767 τῆς
3350 1696 3690 1767 συστροφῆς·

2110 1782 2232 1836 τότε
2259 1785 2392 1855 αὐτῇ
2424 1785 2551 1848 τοὺς
2581 1789 2709 1856 περὶ
2740 1786 3058 1856 φιλοσοφίας
3087 1786 3318 1848 κατάθες
3350 1784 3541 1853 λόγους
3567 1800 3581 1814 ·
3612 1782 3696 1836 δέ-

2108 1887 2259 1940 χεται
2281 1871 2440 1943 γάρὴ
2462 1871 2604 1942 ψυχή
2625 1890 2638 1904 ·
2657 1875 2736 1935 εἰς
2753 1873 2852 1942 τὴν
2879 1873 3168 1945 καλλίστην
3197 1872 3310 1936 ἐξιν
3335 1873 3505 1939 αὐτὴν
3522 1872 3693 1924 κατά-

2110 1974 2324 2025 στησον,
2361 1958 2459 2029 τὴν
2503 1957 2765 2030 αἰσχύνην
2808 1959 2970 2028 λέγω.
3030 1961 3093 2014 Εἰ
3148 1960 3204 2012 δέ
3245 1958 3535 2029 βούλεσθε,
3597 1959 3693 2011 καὶ

2109 2044 2505 2116 ύποδείγματος
2537 2046 2722 2099 ἐνεκεν
2760 2046 2894 2114 ἐρῶ,
2928 2047 3050 2100 τίνα
3077 2048 3213 2117 πρὸς
3248 2046 3420 2116 αὐτὴν
3449 2045 3691 2111 διαλέγεο

2110 2132 2234 2185 σθαι
2265 2134 2391 2203 χρή.
2445 2134 2507 2186 Εἰ
2529 2134 2636 2203 γὰρ
2660 2134 2870 2197 Παῦλος
2892 2133 2954 2187 ού
2978 2135 3333 2206 παρῃτήσατο
3361 2135 3554 2193 εἰπεῖν,
3584 2135 3640 2185 Μ
3648 2131 3681 2198 ὴ

2108 2219 2126 2289 [
2143 2219 2259 2291 155]
2276 2220 2659 2291 ἀποστερεῖτε
2673 2223 3004 2288 ἀλλήλους,
3021 2222 3184 2275 καὶνυ
3194 2238 3363 2289 μφευτ
3374 2218 3691 2289 ρίαςέφθέγ-

2109 2306 2237 2370 ξατο
2256 2308 2474 2378 ῥήματα
2486 2348 2500 2373 ,
2528 2308 2725 2376 μᾶλλον
2739 2307 2794 2361 δὲ
2809 2309 2869 2361 ού
2888 2326 2948 2359 νυ
2958 2308 3276 2379 μφευτρίας.
3297 2308 3432 2362 άλλά
3450 2322 3691 2375 πνευμα-

2106 2396 2263 2465 τικῆς
2292 2395 2496 2465 ψυχῆς·
2528 2396 2710 2467 πολλῷ
2740 2396 2937 2467 μᾶλλον
2956 2399 3115 2467 ἡμεῖς
3138 2398 3198 2450 ού
3235 2393 3691 2466 παραιτησόμεθα

2107 2483 2304 2537 εἰπεῖν.
2350 2482 2414 2534 Τί
2452 2482 2629 2535 τοίνυν
2668 2483 2803 2553 αὐτῇ
2837 2483 3179 2551 διαλέγεσθαι
3208 2484 3345 2553 χρή;
3373 2482 3526 2536 Μετὰ
3557 2481 3687 2533 πολ-

2106 2566 2203 2637 λῆς
2231 2568 2414 2639 μέντοι
2436 2569 2656 2639 χάριτος
2669 2569 2847 2637 λέγειν
2864 2571 2999 2642 πρὸς
3022 2573 3214 2641 αὐτήν·
3252 2570 3467 2638 Ἡμεῖς,
3486 2563 3531 2622 ὦ
3560 2584 3689 2620 παι-

2105 2655 2237 2718 δίον,
2268 2656 2361 2709 τοῦ
2387 2657 2502 2725 βίου
2530 2674 2589 2710 σε
2618 2658 2872 2710 κοινωνὸν
2900 2658 3165 2728 ἐλάϐομεν
3196 2660 3292 2712 καὶ
3321 2659 3687 2726 εἰσηγάγομεν

2106 2742 2164 2794 ἐν
2193 2744 2305 2805 τοῖς
2337 2745 2686 2813 τιμιωτέροις
2719 2746 2811 2797 καὶ
2849 2745 3298 2814 άναγκαιοτέροις
3332 2746 3463 2814 ἡμῖν
3493 2759 3686 2795 κοινω-

2104 2828 2392 2898 νήσουσαν,
2426 2832 2484 2882 ἐν
2517 2829 2860 2902 παιδοποιίᾳ,
2897 2830 2993 2884 καὶ⁵
3027 2832 3204 2894 οἰκίας
3251 2830 3576 2899 προστασίᾳ.
3620 2826 3686 2880 Τί

2107 2910 2201 2969 οὖν
2224 2916 2287 2987 δή
2320 2932 2377 2968 σε
2403 2916 2866 2986 παρακαλοῦμενς
2916 2918 3131 2971 Μᾶλλον
3165 2917 3222 2970 δὲ
3258 2918 3362 2988 πρὸ
3392 2916 3579 2969 τούτου
3616 2913 3686 2969 τά

2104 3004 2207 3073 τῆς
2237 3003 2459 3071 ἀγάπης
2492 3002 2740 3071 διαλέγου
2763 3022 2775 3035 ·
2810 3004 2963 3058 οὐδὲν
2992 3005 3101 3075 γὰρ
3133 3003 3275 3057 οὕτω
3312 3003 3679 3061 συμϐάλλεται

2103 3091 2238 3155 πρὸς
2280 3091 2341 3142 τὸ
2377 3093 2561 3144 πεῖσαι
2586 3091 2679 3144 τὸν
2707 3091 2973 3146 ἀκούοντα
3013 3092 3267 3157 δέξασθαι
3304 3093 3368 3145 τὰ
3393 3091 3682 3159 λεγόμενα,

2101 3176 2174 3235 ὡς
2207 3175 2268 3227 τὸ
2305 3176 2517 3247 μαθεῖν.
2548 3179 2631 3232 ὃτι
2671 3178 2808 3249 μετὰ
2840 3178 3039 3248 πολλῆς
3070 3180 3168 3250 τῆς
3197 3180 3416 3247 ἀγάπης
3446 3177 3682 3243 λέγεται.

2104 3261 2229 3326 Πῶς
2255 3259 2347 3317 οὖν
2380 3264 2569 3330 δείξεις
2595 3265 2694 3335 τὴν
2724 3265 2981 3335 ἁγάπηνς
3019 3267 3117 3318 ’Ἂν
3148 3266 3329 3338 εῐπῃς,
3364 3267 3446 3318 ὃτι
3476 3262 3682 3328 Πολλὰς

2104 3349 2223 3403 ἐνὸν
2251 3350 2466 3412 λαϐεῖν,
2507 3351 2601 3405 καὶ
2635 3352 3022 3423 εύπορωτέρας
3064 3353 3157 3407 καὶ
3190 3353 3378 3419 γένους
3404 3349 3679 3422 λαμπροῦ,

2104 3437 2203 3507 οὐχ
2221 3437 2467 3507 εἱλόμην,
2499 3437 2634 3491 άλλά
2661 3438 2755 3492 σοῦ
2786 3441 2879 3493 καὶ
2902 3440 2999 3510 τῆς
3026 3441 3124 3510 σῆς
3153 3439 3397 3510 ἠράσθην
3422 3441 3685 3509 ἀναστροο

2106 3524 2232 3593 φῆς,
2262 3524 2362 3591 τῆς
2383 3525 2756 3594 κοσμιότητος,
2787 3526 2885 3594 τῆς
2915 3527 3232 3589 ἐπιεικείας,
3264 3526 3361 3597 τῆς
3399 3524 3681 3595 σωφροσύ-

2103 3628 2219 3675 νης.
2252 3606 2383 3664 Εἶτα
2413 3612 2520 3664 ἀπὸ
2547 3612 2754 3665 τούτων
2790 3613 2952 3676 εὐθὺς
2980 3614 3399 3684 παρασκεύασον
3434 3614 3548 3666 ὁδὸν
3576 3611 3681 3664 τῶν

2102 3695 2275 3763 λόγων
2300 3696 2409 3749 τῶν
2436 3697 2564 3767 περὶ
2587 3698 2925 3766 φιλοσοφίας,
2960 3701 3055 3752 καὶ
3079 3701 3374 3771 κατηγόρει
3399 3699 3494 3753 :06
3520 3699 3680 3751 πλού-

2099 3801 2195 3837 του
2227 3785 2366 3855 μετά
2389 3803 2532 3850 τινος
2563 3786 2832 3856 περιόδου.
2880 3787 3093 3851 Ἀπλῶς
3131 3789 3233 3858 μὲν
3261 3792 3371 3857 γάρ
3394 3789 3484 3841 ἐάν
3508 3804 3677 3841 κατα-

2101 3892 2158 3928 τε
2168 3874 2282 3947 ίνῃς
2300 3873 2457 3942 λόγον
2474 3876 2615 3929 κατὰ
2638 3876 2891 3939 πλούτου,
2921 3878 3174 3949 φορτικὸς
3204 3878 3301 3948 ἔσῃ
3325 3895 3338 3910 ·
3368 3878 3432 3931 ἂν
3455 3877 3510 3930 δὲ
3545 3879 3677 3929 ὐπο-

2103 3962 2304 4025 θέσεως
2322 3962 2641 4032 λαϐόμενος,
2672 3965 2849 4018 πάντα
2877 3965 3113 4029 ἀνύσεις.
3161 3968 3342 4031 Δόξεις
3367 3966 3475 4035 γὰρ
3504 3968 3560 4017 ἐν
3584 3965 3679 4018 τά·

2104 4049 2183 4114 ξει
2201 4049 2493 4117 ἀπολογίας
2526 4050 2587 4103 τὸ
2607 4054 2839 4123 πρᾶγμα
2862 4055 3054 4108 ποιεῖν.
3088 4053 3186 4123 οὐχ
3207 4052 3283 4115 ὡς
3307 4053 3575 4123 αὐστηρός
3595 4069 3678 4115 τις

2102 4137 2197 4190 καὶ
2226 4136 2422 4208 ἄχαρις
2453 4137 2548 4191 καὶ
2584 4138 2907 4210 μικρολόγος
2932 4182 2947 4205 ,
2977 4139 3091 4193 ἀλλ’
3121 4141 3247 4193 ὅταν
3284 4143 3347 4193 ὲκ
3371 4139 3478 4193 τῶν
3508 4140 3679 4209 αὐτῆς

2100 4226 2198 4294 τὴν
2231 4224 2485 4278 ὑπόθεσιν
2511 4224 2683 4299 λάϐῃς
2704 4268 2719 4291 ,
2759 4228 2852 4281 καὶ
2881 4228 3192 4299 ἡσθήσεται.
3232 4228 3403 4299 Ἐρεῖς
3429 4224 3518 4281 οὖν
3547 4230 3675 4299 (πά⁹

2100 4311 2182 4363 λιν
2224 4309 2331 4383 γάρ
2355 4312 2446 4364 τὸν
2488 4312 2643 4381 λόγον
2686 4313 2976 4368 ἀναλαϐεῖν
3008 4316 3350 4383 ἀναγκαῖον),
3397 4316 3478 4368 ὅτι
3503 4314 3676 4386 παρόν

2101 4399 2362 4452 πλουσίαν
2390 4399 2562 4469 γῆμαι
2590 4401 2685 4453 καὶ
2714 4400 2964 4470 εὔπορον,
2991 4402 3091 4454 ούκ
3125 4403 3455 4472 ἠνεσχόμην.
3488 4403 3555 4456 Τί
3582 4403 3677 4475 δή·

2100 4502 2269 4553 ποτε;
2304 4486 2416 4557 Ούχ
2460 4486 2665 4550 ἁπλῶς,
2706 4488 2825 4542 ούδέ
2867 4488 3015 4558 εἰκῆ,
3053 4488 3170 4541 ἀλλ’
3209 4490 3535 4559 ἐπαιδεύθην
3566 4489 3675 4558 ἐγὼ

2099 4572 2298 4635 καλῶς,
2347 4574 2429 4626 ὃτι
2454 4573 2683 4639 πλοῦτος
2713 4574 2865 4629 οὐδὲν
2907 4577 3092 4645 κτῆμά
3114 4578 3283 4641 ἐστιν,
3327 4577 3463 4631 ἀλλὰ
3498 4580 3674 4647 πρᾶγ-

2104 4678 2181 4731 μα
2202 4661 2694 4732 εὐκαταφρόνητον,
2726 4664 2817 4716 καί⁵
2851 4663 3072 4737 λῃσταῖς
3092 4664 3294 4734 προσὸν
3321 4665 3413 4717 καὶ
3447 4666 3674 4735 πόρναις

2096 4746 2312 4815 γυναιξὶ
2340 4747 2435 4799 καὶ
2466 4747 2864 4818 τυμϐωρύχοις.

2165 4833 2256 4887 Διὸ
2314 4833 2486 4887 ταῦτα
2523 4834 2711 4903 ἀφεὶς,
2768 4837 2862 4889 ἐπὶ
2900 4837 3001 4907 τὴν
3037 4836 3136 4907 τῆς
3188 4837 3289 4907 σῆς
3334 4839 3536 4908 ἀρετὴν
3581 4834 3676 4911 ἦλ-

2096 4920 2186 4973 θον
2241 4919 2450 4991 ψυχῆς,
2506 4921 2575 4992 ἢν
2631 4922 2832 4985 παντὸς
2875 4923 3126 4993 προτιμῶ
3170 4925 3415 4995 χρυσίου.
3472 4926 3673 4997 Συνετὴ

2094 5009 2202 5077 γὰρ
2245 5008 2337 5061 καὶ
2378 5008 2638 5079 ἐλευθέρα
2690 5010 2824 5081 κόρη
2874 5011 3009 5078 νέα,
3064 5012 3161 5065 καὶ
3206 5014 3490 5077 εὐλαϐείας
3550 5017 3674 5069 ἐπι-

2099 5095 2421 5165 μελουμένη,
2477 5097 2658 5167 πάσης
2691 5100 2788 5167 τῆς
2845 5098 3172 5168 οἰκουμένης
3223 5102 3373 5153 ἐστὶν
3423 5100 3670 5166 άνταξία.

2094 5182 2192 5235 Διὰ
2229 5181 2293 5251 δὴ
2340 5181 2514 5236 ταῦτά
2564 5200 2625 5237 σε
2658 5185 2754 5237 καὶ
2781 5186 3119 5256 ὴσπασάμην
3153 5187 3247 5241 καὶ
3274 5188 3431 5255 φιλῶ,
3456 5190 3674 5258 καὶτῆς

2094 5267 2327 5339 ἐμαυτοῦ
2371 5269 2667 5340 προτίθημι
2699 5271 2898 5343 ψυχῆς.
2947 5274 3114 5327 Ούδέν
3142 5275 3251 5344 γάρ
3280 5276 3309 5328 6
3335 5274 3523 5347 παρὼν
3563 5277 3677 5346 βίος

2093 5356 2229 5420 ἐστὶ,
2264 5357 2357 5408 καὶ
2397 5354 2627 5427 εὔχομαι
2665 5358 2759 5411 καὶ
2806 5360 3109 5430 παρακαλῶ
3142 5362 3239 5414 καὶ
3284 5364 3461 5417 πάντα
3512 5364 3669 5422 ποιῶ,

2092 5441 2233 5496 ὥστε
2259 5445 2407 5513 ἡμᾶς
2438 5443 2579 5497 οὕτω
2624 5445 3025 5516 καταξιωθῆναι
3067 5447 3159 5501 τὸν
3196 5448 3438 5520 παρόντα
3480 5452 3673 5521 στῆσαι

2095 5530 2232 5601 βίον,
2266 5529 2407 5583 ὥστε
2443 5531 2735 5603 δυνηθῆναι
2775 5534 2869 5587 καὶ
2908 5535 3027 5587 ἐκεῖ
3057 5535 3211 5606 ἐντῷ
3242 5537 3487 5606 μέλλοντι
3517 5539 3673 5591 αἰῶνι

2096 5617 2235 5688 μετὰ
2249 5616 2449 5686 πολλῆς
2469 5619 2568 5689 τῆς
2589 5619 2774 5683 ἀδείας
2793 5621 3044 5689 ἀλλήλοις
3068 5624 3326 5677 συνεῖναι.
3364 5626 3423 5676 ’0
3446 5624 3544 5694 μὲν
3564 5625 3671 5697 γάρ

2092 5706 2284 5776 χρόνος
2312 5698 2465 5769 οὗτος
2488 5707 2693 5778 βραχὺς
2716 5711 2809 5763 καὶ
2828 5709 2991 5781 ἐπίκη
3002 5726 3093 5781 ρος
3118 5724 3131 5739 ·
3155 5712 3202 5763 εἰ
3223 5710 3298 5772 δὲ,
3319 5713 3673 5777 καταξιωθεμ

2099 5809 2238 5863 ημεν
2280 5791 2740 5862 εύαρεστήσαντες
2777 5796 2856 5866 τῷ
2886 5796 3006 5866 Θεῷ
3032 5796 3173 5850 οὕτω
3211 5797 3300 5851 τὸν
3333 5796 3444 5868 βίον
3475 5800 3670 5869 μετελ-
