4218 6266
1670 19 2365 83 β

63 78 1671 158 ,ιδ-,Ἀ

423 468 524 524 HS

424 589 496 636 let
537 594 665 636 eum
714 575 917 633 habere
948 585 1116 644 prepe
1158 584 1220 626 se
1258 569 1392 624 nihil
1423 567 1812 639 acquirentem,
1839 578 1998 635 quam

423 671 606 726 decies
650 666 796 723 mille
840 665 1038 720 talenta
1065 677 1187 717 cum
1231 660 1377 715 euris
1422 666 1477 714 et
1523 655 1997 721 sollicitudinibus,

423 777 544 827 quae
569 773 784 830 semper
808 756 1002 810 adsunt
1023 750 1339 808 mulieribus
1363 765 1431 804 ex
1459 745 1996 819 peregrinationibus.

426 852 530 908 Sed
559 865 734 920 neque
762 848 988 903 maritus
1016 844 1134 900 haec
1171 843 1418 907 audiens,
1448 851 1502 896 ιιι
1527 840 1618 911 qui
1665 840 1823 895 habet
1851 842 2001 908 prin-

428 944 683 1012 cipatum,
708 946 1065 994 convertatur
1101 935 1168 990 ad
1198 933 1553 989 contumelias
1582 940 1637 985 et
1680 931 1882 1000 plagas,
1907 929 2001 983 sed

431 1043 691 1095 hortetur,
718 1033 1029 1095 admoneat,
1060 1037 1331 1098 tamquam
1370 1023 1750 1094 imperfectiori
1778 1022 2002 1076 rationi-

432 1127 526 1180 lms
556 1123 898 1199 persuadeat,
919 1135 1111 1175 manus
1141 1119 1197 1173 in
1229 1133 1346 1173 eam
1377 1131 1482 1170 non
1510 1114 1794 1171 extendat:
1822 1113 2003 1183 procul

400 1264 403 1265 ν
435 1216 548 1271 haec
570 1230 600 1268 a
641 1215 806 1270 libera
837 1213 1013 1267 anima
1038 1228 1054 1277 ;
1105 1211 1199 1265 sed
1231 1224 1330 1263 nec
1358 1208 1731 1268 contumelias.
1756 1220 1856 1260 nec
1882 1221 2005 1274 pro-

430 1308 524 1364 bra
552 1323 649 1362 nec
672 1305 955 1361 maledicta
988 1305 1215 1374 ingerat,
1239 1301 1332 1357 sed
1356 1312 1411 1354 ut
1432 1316 1550 1370 quae
1570 1300 1640 1354 sit
1667 1297 2004 1367 insipientior

429 1415 550 1454 eam
575 1405 883 1467 componat.
918 1394 1198 1464 Quomodo
1224 1402 1402 1448 autem
1443 1392 1545 1446 hoc
1566 1391 1713 1447 erit?
1756 1390 1812 1446 Si
1852 1405 2006 1443 veras

430 1490 604 1545 discat
631 1489 866 1551 divitias,
898 1487 943 1542 si
983 1499 1268 1555 supernam
1296 1482 1718 1553 philosOphiam,
1750 1480 1880 1535 nihil
1911 1495 2005 1533 eo-

433 1597 554 1635 rum
591 1579 886 1636 damnabit.
933 1578 1129 1633 Doceat
1150 1591 1268 1630 eam
1293 1572 1432 1644 quod
1476 1582 1758 1644 paupertas
1807 1571 2005 1625 nullum

434 1682 508 1725 snt
533 1672 765 1736 malum;
806 1670 996 1725 doceat
1024 1684 1129 1722 non
1154 1667 1327 1722 solum
1368 1680 1465 1736 per
1487 1679 1551 1719 ea
1577 1680 1695 1731 qua:
1722 1663 1872 1723 dicit,
1913 1661 2005 1715 sed

406 1771 494 1819 .et
525 1777 622 1832 per
650 1777 711 1817 ea
735 1778 855 1831 quae
898 1760 1064 1825 facit;
1116 1759 1308 1814 doceat
1346 1757 1623 1827 despicere
1663 1754 1908 1825 gloriam,
1953 1761 2009 1807 et

438 1854 568 1908 nihil
604 1852 907 1921 lmjusmodi
935 1853 1081 1906 dicet
1124 1851 1318 1905 mulier
1343 1864 1442 1903 nec
1464 1847 1824 1916 concupiscet.
1856 1846 1932 1898 Ae
1963 1844 2007 1897 si

436 1944 718 2013 imaginem
744 1942 1035 2010 acciperet,
1060 1940 1128 1994 ab
1163 1941 1251 1995 illa
1278 1953 1498 2008 vespera
1521 1952 1623 2008 qua
1664 1950 1781 1991 eam
1812 1935 2011 2003 excipit

437 2036 688 2100 thalamo,
711 2049 830 2088 eam
861 2034 1056 2087 doceat
1097 2030 1523 2099 temperantiam,
1567 2027 1902 2089 modestiam,
1930 2024 2008 2078 le-

439 2126 681 2190 nitatem,
712 2134 770 2179 ut
806 2125 985 2178 statim
1016 2123 1085 2176 ab
1110 2122 1354 2185 exordio,
1387 2130 1441 2174 et
1478 2119 1547 2173 ab
1581 2119 1710 2187 ipsis
1737 2115 2011 2171 vestibulis

442 2219 668 2270 honeste
693 2218 858 2278 vivat,
886 2213 1128 2284 pecunia:
1157 2226 1393 2266 amorem
1416 2209 1675 2277 dejiciens
1700 2226 1714 2262 :
1737 2215 1794 2261 et
1817 2207 1868 2258 io
1891 2204 2011 2273 phi-

440 2307 685 2377 losophia
711 2305 922 2361 erudiat
943 2313 1000 2358 et
1026 2303 1250 2358 suadeat
1277 2318 1346 2357 ne
1383 2302 1453 2356 sit
1476 2301 1525 2356 ei
1550 2315 1739 2353 aurum
1777 2297 2015 2367 pendens

442 2416 508 2455 ex
533 2398 775 2465 auribus,
802 2412 902 2452 nec
931 2413 998 2451 eo
1031 2404 1252 2450 ornetur
1291 2395 1342 2448 in
1382 2393 1536 2463 genis
1559 2402 1616 2446 et
1642 2390 1803 2455 collo,
1828 2404 1925 2443 nec
1963 2387 2017 2442 id

443 2478 737 2558 repositum
763 2487 959 2542 habeat
985 2487 1038 2540 in
1072 2485 1328 2551 thalamo,
1359 2499 1532 2553 neque
1554 2494 1726 2537 vestes
1747 2494 1936 2535 aureas
1964 2490 2019 2534 et

444 2587 825 2650 sumptuosas;
859 2578 953 2632 sed
992 2577 1063 2631 sit
1090 2577 1303 2647 quidem
1328 2575 1547 2644 elegans
1566 2585 1806 2639 ornatus,
1833 2583 1888 2627 at
1912 2588 2017 2627 non

447 2671 511 2725 ad
557 2670 809 2741 probrum
838 2678 893 2724 et
921 2669 1305 2723 contumeliam
1335 2666 1538 2722 recidat
1579 2667 1876 2736 elegantia;
1920 2680 2016 2720 ve-

448 2776 563 2814 rum
591 2761 671 2814 his
692 2760 930 2814 dimissis
955 2759 1304 2813 histrionibus
1334 2759 1385 2812 in
1410 2758 1786 2820 sceniea,orna
1802 2756 2016 2810 domum

449 2868 567 2907 cum
598 2854 762 2906 multa
809 2851 1090 2906 honestate
1134 2866 1197 2904 ae
1223 2851 1441 2914 decore,
1477 2850 1769 2918 spirantem
1814 2860 2020 2918 tempe-

453 2945 671 2997 tautiam
699 2943 896 3012 potius,
920 2957 1080 3012 quam
1103 2941 1266 2995 alium
1297 2956 1512 2996 suavem
1536 2941 1779 2996 odorem.
1804 2941 1884 2995 Ex
1922 2940 2022 2994 hoc

452 3035 591 3088 enim
620 3045 778 3089 erunt
796 3034 901 3088 duo
926 3043 1019 3089 aut
1051 3034 1151 3088 tria
1181 3033 1321 3087 bona
1360 3052 1373 3087 :
1407 3033 1636 3102 primum
1662 3032 1876 3102 quidem
1915 3047 2020 3085 non

456 3126 651 3179 dolebit
682 3140 901 3195 sponsa,
927 3126 1052 3181 dum
1086 3126 1276 3180 solutis
1316 3126 1644 3194 nuptialibus
1674 3124 1918 3179 thalamis
1940 3139 2025 3177 re-

454 3219 735 3272 mittuntur
762 3218 829 3274 ad
863 3220 1101 3289 singulos
1121 3229 1300 3273 vestes
1325 3228 1381 3272 et
1408 3234 1530 3273 vasa
1562 3234 1721 3272 aurea
1746 3228 1800 3272 et
1835 3233 2025 3286 argen—

458 3321 537 3362 tea
570 3328 581 3362 :
615 3310 874 3376 secundo,
900 3310 1041 3379 quod
1079 3325 1308 3379 sponsus
1353 3325 1456 3364 non
1503 3310 1606 3364 erit
1652 3309 1912 3362 sollicitus
1957 3323 2025 3362 ne

455 3400 707 3468 pereant,’
728 3411 779 3455 et
806 3409 862 3454 ut
887 3400 1258 3455 custodiantur
1287 3416 1405 3469 quae
1430 3411 1553 3454 sunt
1576 3410 1902 3469 comparata.
1932 3399 2025 3454 llis

453 3479 651 3544 accedit
683 3492 928 3556 tertium,
958 3492 1101 3560 quod
1126 3500 1209 3544 cst
1252 3507 1457 3544 summa
1498 3491 1759 3545 bonorum
1788 3509 1800 3543 :
1834 3507 1897 3544 ex
1946 3490 2027 3544 his

457 3579 583 3647 ipsis
610 3582 856 3636 ostendet
900 3591 1136 3636 mentem
1174 3596 1347 3645 suam,
1372 3598 1430 3636 sc
1473 3583 1621 3636 nullo
1660 3582 1850 3635 horum
1878 3581 2026 3633 dele-

458 3672 606 3736 ctari,
637 3682 692 3724 et
716 3687 774 3726 se
797 3673 957 3727 etiam
988 3684 1178 3726 camera
1203 3672 1379 3725 omnia
1418 3672 1822 3733 dissoluturum,
1855 3686 2029 3739 neque

464 3778 708 3829 umquam
732 3778 1108 3818 concessurum
1141 3773 1198 3817 ut
1241 3765 1368 3818 ﬁant
1407 3764 1715 3818 saltationes
1742 3772 1796 3817 et
1833 3779 2029 3816 canan—

470 3861 553 3903 tur
579 3852 837 3920 impudica
866 3856 1091 3907 cantica.
1124 3855 1190 3908 Et
1213 3857 1327 3909 scio
1348 3855 1562 3924 quidem
1590 3870 1674 3908 me
1715 3853 1881 3906 videri
1912 3854 2029 3921 qui—

462 3941 688 3995 busdam
714 3957 833 3997 esse
862 3944 1159 4008 ridiculum,
1182 3946 1269 4014 qui
1296 3946 1393 3999 has
1437 3946 1580 4014 leges
1612 3946 1814 4009 feram;
1861 3945 1951 3997 sed
1984 3945 2029 3998 si

459 4033 591 4085 mihi
621 4032 977 4097 credideritis,
1013 4036 1328 4103 procedente
1355 4045 1611 4105 tetnpore,
1636 4046 1689 4090 et
1710 4036 2030 4095 succedente

453 4127 532 4180 rei
580 4128 826 4191 utilitate,
862 4137 985 4182 tunc
1028 4128 1231 4184 lucrum
1265 4129 1488 4184 scietis:
1530 4138 1584 4182 et
1610 4130 1789 4182 efﬁuet
1815 4127 2026 4196 quidem

452 4222 614 4281 risus,
647 4228 702 4274 et
746 4221 1033 4275 irridebitis
1072 4238 1190 4276 eam
1219 4239 1339 4291 qua:
1387 4238 1527 4276 nunc
1557 4231 1637 4276 est
1681 4221 2027 4276 consuetudi-

456 4325 575 4363 nem
599 4325 614 4374 ;
658 4318 712 4363 et
741 4310 988 4365 videbitis
1013 4327 1074 4366 ea
1098 4328 1215 4380 quae
1252 4327 1395 4365 nunc
1422 4313 1572 4378 ﬁunt,
1597 4327 1714 4366 esse
1742 4326 2028 4380 puerorum

459 4399 821 4469 insipientium
848 4410 898 4455 et
937 4403 1174 4456 virorum
1208 4403 1513 4466 ebriorum;
1543 4419 1659 4470 quze
1688 4412 1862 4455 autem
1908 4416 2026 4454 sua-

457 4493 578 4555 deo,
603 4509 724 4548 esse
760 4495 1038 4550 modestiae
1076 4504 1132 4550 et
1159 4495 1511 4564 philosophiae
1538 4504 1594 4548 et
1635 4509 1880 4563 superine
1908 4495 2031 4548 vita:

459 4584 675 4653 agendae
704 4587 989 4639 rationem.
1016 4587 1152 4654 Quid
1191 4582 1328 4656 ‘ergo
1365 4585 1486 4640 dico
1514 4587 1800 4653 eportere?
1842 4586 2030 4640 Omnia

463 4680 630 4747 turpia
654 4681 859 4733 cantica
887 4696 1006 4748 qua:
1031 4691 1153 4733 sunt
1180 4680 1435 4741 satanica,
1470 4678 1782 4733 inhonestas
1803 4678 2029 4731 cantile-

461 4786 575 4834 nas,
609 4770 1007 4824 itmnundorum
1033 4770 1291 4839 juvenum
1314 4771 1661 4824 circuitiones
1690 4769 1840 4823 aufer
1876 4785 1904 4821 a
1937 4785 2034 4821 nu-

464 4863 603 4929 ptiis,
635 4872 691 4915 et
728 4863 845 4916 lucc
886 4872 1139 4932 poterunt.
1171 4864 1435 4930 castigare
1480 4877 1730 4931 sponsam
1761 4871 1815 4913 et
1845 4859 2032 4912 mode-

461 4963 595 5006 stam
645 4955 892 5010 reddere.
921 4956 1114 5009 Statim
1160 4957 1303 5009 enim
1349 4956 1488 5023 apud
1533 4970 1592 5008 se
1633 4952 2029 5007 considerabit:

460 5041 636 5110 Papae,
658 5045 830 5113 qualis
850 5055 933 5099 est
956 5045 1040 5098 hic
1062 5046 1168 5098 vir!
1199 5057 1278 5099 cst
1308 5046 1689 5114 philosophus:
1717 5044 1853 5098 hanc
1873 5045 2032 5095 vitam

462 5135 611 5188 nihili
648 5134 828 5200 ducit;
875 5135 941 5188 ad
985 5136 1348 5204 procreandos
1394 5137 1591 5190 liberos
1634 5145 1687 5188 et
1732 5134 2037 5188 educandos

460 5240 543 5278 me
571 5224 626 5279 in
653 5226 801 5280 ardes
821 5227 991 5292 duxit,
1024 5237 1077 5282 et
1117 5229 1184 5283 ad
1226 5229 1443 5283 domum
1475 5227 1900 5282 custodiendam.
1932 5225 2035 5280 Sed

463 5316 575 5372 haec
615 5333 828 5386 sponsae
858 5329 1014 5373 erunt
1043 5321 1370 5390 injucunda?
1404 5321 1480 5374 Ad
1511 5322 1741 5388 primum
1791 5334 1957 5387 usque
1984 5328 2037 5372 et

461 5408 760 5464 secundum
793 5410 956 5472 diem,
979 5429 1084 5466 non
1115 5422 1293 5466 autem
1323 5413 1610 5481 deinceps;
1642 5410 1735 5464 sed
1766 5421 1820 5464 et
1861 5412 2033 5463 maxi-

458 5516 601 5554 mam
626 5503 800 5568 capiet
822 5503 1170 5572 voluptatem,
1212 5519 1271 5558 se
1315 5504 1382 5557 ab
1407 5505 1548 5557 omni
1578 5503 1886 5570 suspicione
1910 5501 2040 5554 libe-

458 5606 605 5644 rans.
639 5591 769 5645 Nam
807 5594 896 5661 qui
924 5608 1097 5662 neque
1131 5595 1310 5659 tibias,
1349 5610 1520 5663 neque
1561 5595 1839 5657 saltantes,
1871 5607 2040 5660 neque

454 5680 657 5736 fractos
676 5695 868 5737 cautus
893 5686 1227 5748 susﬁuucrit,
1257 5686 1414 5754 idque
1439 5696 1680 5754 tempore
1712 5684 2037 5753 nuptiarum,

453 5772 543 5826 vix
568 5772 685 5842 ipse
701 5774 753 5827 io
776 5774 1014 5828 animum
1034 5776 1303 5830 induxerit
1322 5787 1376 5829 ut
1399 5786 1550 5846 turpe
1569 5775 1766 5844 aliquid
1786 5789 2038 5844 umquam

451 5872 552 5917 aut
595 5863 749 5918 faciat
798 5873 891 5917 aut
920 5865 1079 5920 dicat.
1128 5866 1256 5922 Post
1303 5867 1405 5922 hoc
1448 5880 1645 5933 autem,
1677 5865 1891 5938 quando
1925 5866 2036 5919 lure

1270 453 1339 511 IN
1376 452 1593 509 EPIST.
1635 453 1728 508 AD
1766 450 2013 508 EPHES.
2052 449 2202 507 CAP.
2247 452 2310 508 ν.
2353 453 2583 509 llOJlIL.
2625 453 2743 509 XX.

3583 460 3685 515 N6

2107 564 2287 619 omnia
2316 565 2602 621 abstuleris
2645 580 2677 621 a
2717 563 3083 632 matrimonio,
3110 577 3257 622 recte
3294 577 3345 624 te
3374 583 3549 639 geras,
3576 588 3682 645 pu-

2106 654 2291 711 dorem
2321 657 2534 726 quidem
2564 657 2615 711 in
2643 657 2860 729 longum
2900 667 3113 730 tempus
3150 661 3470 732 extendens,
3500 676 3550 719 et
3577 681 3682 724 nou

2106 746 2213 800 cito
2257 746 2577 802 dissolvens.
2608 748 2740 803 Nam
2784 750 2885 804 etsi
2941 752 3346 810 inverecundior
3375 757 3445 811 sit
3483 759 3680 829 puella,

2106 838 2210 892 scit
2236 839 2301 892 ad
2327 849 2535 909 tempus
2561 840 2742 907 silere,
2767 843 2944 897 mariti
2986 854 3126 899 mota
3155 851 3451 904 reverentia
3470 893 3486 918 ,
3520 861 3574 908 et
3600 870 3685 908 re-

2109 945 2227 983 rum
2253 932 2443 999 quibus
2475 949 2580 987 non
2624 936 2857 989 assuevit
2888 940 3143 994 novitate.
3179 941 3334 997 llnnc
3360 960 3488 1012 ergo
3516 947 3686 1015 pudo-

2109 1036 2223 1073 rem
2266 1035 2373 1074 non
2417 1022 2525 1078 cito
2548 1023 2837 1091 dissolvas,
2867 1027 3009 1095 quod
3056 1028 3258 1084 faciunt
3289 1034 3383 1087 viri
3414 1034 3687 1103 impudici,

2110 1109 2203 1165 sed
2229 1111 2487 1167 extendas
2515 1113 2580 1168 ad
2614 1113 2830 1185 longum
2861 1126 3071 1187 tempus
3098 1137 3109 1175 :
3143 1120 3246 1176 hoc.
3276 1124 3419 1178 enim
3452 1126 3543 1180 tibi
3570 1143 3686 1179 ma-

2112 1218 2272 1272 gnum
2295 1204 2482 1261 aﬁ'eret
2509 1207 2735 1262 lucrum.
2751 1209 2968 1265 Interim
2992 1228 3097 1267 non
3127 1216 3533 1280 accusabit,uec
3558 1235 3691 1289 que-

2112 1305 2262 1348 retur
2290 1295 2358 1350 de
2382 1297 2447 1350 iis
2469 1313 2591 1368 qua-
2619 1309 2675 1353 tu
2706 1302 2979 1358 statueris.

2181 1385 2234 1440 8.
2276 1386 2445 1458 Leges
2488 1405 2616 1460 ergo
2660 1394 2926 1449 constitue
2980 1404 3093 1449 toto
3142 1397 3232 1450 illo
3273 1406 3553 1469 tempore,
3583 1418 3692 1471 quo

2112 1477 2285 1546 pudor
2315 1488 2581 1551 tamquam
2621 1484 2886 1552 quoddam
2919 1486 3123 1543 frenum
3151 1491 3341 1544 animm
3384 1494 3687 1563 impositus,

2114 1583 2219 1621 non
2264 1569 2391 1624 sinit
2430 1571 2497 1626 de
2537 1573 2717 1644 aliquo
2742 1578 2995 1645 conqueri
3021 1620 3035 1639 .
3070 1594 3169 1634 nec
3194 1595 3257 1635 ea
3287 1598 3406 1652 quae
3438 1584 3570 1638 ﬁunt
3599 1601 3692 1640 re-

2113 1657 2393 1729 darguere.
2419 1661 2547 1716 Nam
2569 1665 2782 1733 quando
2801 1666 3043 1722 ﬁduciam
3070 1678 3125 1724 et
3152 1670 3360 1726 dicendi
3391 1674 3687 1730 libertatem

2113 1750 2546 1819 apprehenderit,
2574 1770 2694 1808 eum
2737 1757 2900 1811 multa
2945 1761 3233 1815 securitate
3279 1765 3455 1818 omnia
3499 1769 3694 1823 evertit

2114 1848 2169 1894 et
2197 1843 2488 1896 confundit.
2523 1844 2746 1911 Quando
2788 1863 2916 1919 ergo
2945 1852 3045 1904 erit
3092 1852 3236 1907 aliud
3288 1864 3492 1925 tempus
3540 1874 3692 1927 :rque

2115 1940 2296 2000 aptum
2344 1933 2409 1986 ad
2452 1933 2752 2003 ﬁngendum
2785 1948 2838 1992 ct
2882 1939 3212 1997 formandam
3261 1961 3503 2014 uxorem,
3535 1959 3694 2019 atque

2118 2023 2246 2078 illud
2276 2041 2381 2094 quo
2411 2040 2686 2084 reveretur
2714 2033 2964 2087 maritum
3006 2044 3060 2089 et
3103 2037 3277 2093 adhuc
3322 2040 3472 2095 timet
3515 2053 3569 2096 et
3601 2059 3695 2111 pu-

2117 2112 2247 2168 dore
2273 2116 2579 2171 detinetur?
2603 2118 2752 2175 Tunc
2793 2123 2841 2176 ei
2876 2124 3087 2194 impone
3118 2127 3260 2195 leges
3281 2143 3489 2195 onmes,
3517 2141 3573 2185 et
3600 2148 3693 2201 pa-

2118 2205 2276 2269 rebit,
2308 2216 2360 2261 et
2387 2207 2575 2263 lubens
2601 2220 2655 2263 et
2681 2210 2865 2267 invita.
2889 2213 3167 2280 Quomodo
3184 2228 3358 2271 autem
3389 2236 3494 2274 non
3523 2224 3697 2278 solves

2120 2297 2417 2366 pudorem?
2441 2300 2664 2368 Quando
2696 2307 2936 2360 cerneris
2977 2306 3092 2375 ipse
3121 2325 3331 2380 quoque
3373 2327 3478 2367 non
3521 2315 3698 2371 minus

2119 2403 2278 2457 quam
2307 2389 2393 2443 illa
2421 2391 2778 2460 embescens,
2811 2410 2976 2464 pauca
3007 2397 3221 2467 quidem
3255 2400 3499 2470 loquens,
3530 2422 3700 2473 eaque

2121 2495 2242 2534 cum
2272 2496 2459 2552 magna
2497 2485 2756 2553 gravitate
2789 2497 2843 2541 et
2870 2490 3332 2548 animadversione
3364 2513 3377 2549 :
3410 2506 3532 2551 tunc
3557 2499 3695 2566 apud

2123 2587 2240 2627 eam
2269 2573 2617 2645 philosophia:
2643 2579 2804 2633 verba
2834 2579 3076 2650 depone;
3102 2599 3164 2638 ea
3192 2585 3334 2639 enim
3362 2588 3554 2658 accipit
3586 2592 3700 2644 ani-

2123 2678 2208 2716 ma
2240 2682 2253 2716 :
2281 2664 2347 2718 ad
2389 2666 2800 2734 pulcherrimum
2831 2680 2886 2725 et
2926 2673 3183 2740 Optimum
3214 2675 3470 2741 habitum,
3498 2695 3691 2751 nempe

2125 2755 2533 2823 pudorem,eam
2567 2759 2837 2830 redige.Si
2866 2762 3047 2830 vultis,
3075 2766 3235 2820 etiam
3262 2772 3506 2839 exempli
3538 2787 3697 2828 causa

2124 2848 2298 2904 dicam
2318 2865 2560 2920 quantam
2580 2853 2653 2906 illi
2672 2854 2850 2910 dicere
2869 2866 3131 2924 oporteat.
3155 2857 3286 2913 Nam
3310 2861 3352 2915 si
3376 2861 3568 2917 Paulus
3592 2881 3700 2920 non

2126 2942 2393 2995 recusavit
2418 2940 2616 3027 dicerg,
2649 2942 2827 3001 Nolite
2867 2947 3109 3012 fraudare
3141 2950 3349 3005 invicem
3380 2952 3471 3022 (1.
3496 2953 3613 3010 Cor.
3645 2958 3699 3013 7.

2128 3030 2205 3101 5),
2228 3041 2278 3084 et
2301 3034 2555 3101 pronuba:
2580 3036 2741 3089 verba
2771 3046 2850 3091 est
2880 3037 3149 3107 loquutus,
3170 3040 3277 3094 imo
3292 3057 3421 3098 vero
3449 3062 3552 3099 non
3585 3064 3705 3114 pro-

2130 3123 2305 3189 nubas,
2335 3124 2426 3179 sed
2453 3126 2743 3195 spiritualis
2770 3129 2959 3182 animae
2987 3145 3003 3193 ;
3036 3132 3202 3184 multo
3244 3134 3411 3203 magis
3456 3151 3553 3192 nos
3596 3152 3702 3193 non

2129 3215 2489 3270 recusabimus
2516 3216 2711 3271 dicere.
2738 3218 2874 3286 Quid
2901 3229 2983 3273 est
3005 3236 3133 3289 ergo
3155 3223 3201 3276 ei
3227 3221 3547 3280 dicendum?
3570 3228 3704 3283 Cum

2131 3307 2293 3360 multa
2318 3308 2485 3376 gratia
2514 3318 2725 3377 oportet
2748 3313 2794 3364 ei
2823 3311 3004 3366 dicere
3029 3329 3041 3364 :
3068 3312 3197 3377 Nos,
3223 3330 3256 3365 o
3287 3315 3469 3382 ﬁliola,
3504 3328 3555 3373 Ie
3584 3322 3706 3375 vita:

2130 3402 2329 3453 sociam
2355 3401 2657 3470 accepimus
2676 3443 2691 3465 ,
2719 3411 2774 3456 et
2800 3413 2850 3455 te
2883 3403 3275 3459 introduximus
3305 3407 3371 3460 ad
3400 3410 3705 3465 societatem

2132 3489 2184 3543 in
2212 3489 2278 3542 iis
2303 3506 2420 3558 quae
2448 3503 2572 3544 sunt
2593 3494 3028 3559 pra-stantissima
3057 3509 3109 3549 et
3132 3497 3362 3551 maxime
3384 3503 3705 3565 necessaria,

2135 3594 2326 3648 nempe
2350 3595 2403 3633 m
2436 3580 2722 3634 liberorum
2759 3586 3127 3650 procreatione
3152 3627 3166 3651 ,
3194 3597 3249 3642 et
3289 3590 3477 3643 domus
3501 3607 3627 3646 cura
3654 3603 3711 3649 et

2134 3669 2612 3724 administratione.
2641 3670 2777 3739 Quid
2808 3688 2935 3743 ergo
2957 3684 3006 3727 te
3033 3679 3320 3743 rogamus?
3347 3680 3456 3734 lmo
3479 3697 3602 3738 vere
3620 3700 3710 3736 an-

2134 3768 2218 3814 tea
2244 3760 2464 3828 loquere
2480 3776 2598 3830 quzn
2628 3764 2893 3830 pertinent
2918 3764 2983 3818 ad
3006 3766 3343 3823 dileCtionem
3374 3790 3386 3824 :
3416 3772 3545 3827 nihil
3566 3774 3705 3828 enim

2134 3866 2284 3921 aeque
2311 3850 2516 3905 confert
2542 3851 2606 3906 ad
2634 3855 3062 3924 persuadendum
3090 3859 3316 3914 auditori
3344 3870 3397 3915 ut
3423 3874 3636 3931 accepta
3659 3866 3708 3919 ei

2133 3946 2236 3997 sint
2278 3959 2396 4013 quae
2441 3944 2704 4012 dicuntur,
2746 3955 2904 4017 atque
2933 3949 3070 4004 scire
3098 3951 3237 4020 quod
3279 3968 3340 4009 ea
3372 3954 3616 4011 dicantur
3642 3972 3708 4012 ex

2134 4035 2297 4090 multa
2353 4035 2635 4092 dilectione
2697 4046 2752 4092 et
2807 4039 3197 4095 benevolentia.
3255 4044 3534 4110 Quomodo
3582 4062 3711 4116 ergo

2133 4127 2383 4183 ostendes
2407 4128 2746 4183 dileCIioncm
2768 4130 2792 4183 ?
2816 4130 2870 4183 Si
2900 4132 3117 4194 dixeris,
3149 4132 3277 4186 Cum
3309 4135 3502 4189 multas
3528 4137 3712 4191 ﬁet-ret

2134 4222 2378 4290 accipere
2405 4230 2462 4275 et
2495 4221 2717 4275 ditiores
2745 4229 2799 4273 et
2824 4235 2890 4275 ex
2921 4222 3110 4275 illustri
3158 4238 3354 4291 genere
3398 4235 3547 4279 natas
3566 4268 3579 4291 ,
3606 4244 3709 4282 non

2134 4325 2224 4364 eas
2249 4311 2406 4380 elegi,
2435 4311 2527 4365 sed
2546 4312 2718 4363 amavi
2742 4320 2882 4362 tuam
2913 4309 3035 4363 vitm
3060 4312 3276 4379 agendw
3299 4315 3579 4381 rationem,
3613 4316 3711 4370 ho-

2134 4410 2393 4455 nestatem
2418 4441 2433 4465 ,
2466 4400 2810 4459 modestiam,
2847 4401 3271 4466 temperantiam.
3307 4403 3504 4459 Deinde
3532 4409 3709 4461 statim

2136 4491 2203 4543 ab
2233 4489 2315 4543 his
2348 4504 2472 4557 para
2501 4490 2637 4542 viam
2663 4489 2726 4542 ad
2756 4489 3038 4543 dicendum
3070 4490 3137 4543 de
3162 4492 3514 4560 philosophia.
3543 4509 3597 4553 et
3624 4514 3711 4553 re-

2138 4580 2407 4649 prehemle
2427 4579 2635 4632 divitias
2663 4594 2780 4633 cum
2808 4579 3035 4645 quadam
3055 4581 3275 4649 ambage
3303 4592 3357 4636 et
3378 4585 3710 4640 circuitione.

2139 4671 2267 4726 Nam
2298 4672 2340 4723 si
2364 4670 2659 4724 orationem
2690 4670 2861 4724 solum
2888 4670 3143 4725 extendas
3170 4671 3222 4725 in
3251 4673 3616 4741 vituperandis
3636 4677 3714 4729 di-

2138 4763 2313 4828 vitiis,
2346 4763 2451 4816 eris
2484 4762 2658 4831 gravis
2700 4774 2754 4817 et
2802 4761 3132 4830 importunus
3165 4781 3179 4817 :
3210 4764 3291 4817 sin
3323 4773 3531 4834 arrepta
3557 4780 3713 4818 occa-

2139 4855 2289 4909 sione
2314 4896 2326 4914 ,
2359 4853 2535 4906 omnia
2586 4851 2786 4906 efﬁcies
2819 4871 2832 4906 :
2860 4852 3054 4906 videris
3096 4855 3237 4908 enim
3294 4854 3345 4909 id
3396 4854 3571 4910 facere
3620 4871 3717 4926 pro

2139 4946 2449 5002 defensione
2496 4954 2549 4999 et
2593 4945 2971 5010 excusatione,
3006 4962 3109 4998 non
3160 4956 3427 5016 tamquam
3475 4959 3718 5002 austerus

2141 5041 2421 5111 quispiam,
2451 5038 2872 5107 injucundusqne
2917 5048 2968 5091 et
3011 5038 3281 5093 illiberalis
3325 5048 3381 5093 et
3427 5040 3716 5105 sordidus;

2143 5133 2234 5188 sed
2265 5133 2475 5203 quando
2504 5146 2570 5185 ex
2599 5129 2663 5183 iis
2688 5145 2805 5199 quae
2834 5138 2957 5183 sunt
2982 5130 3116 5198 ejus,
3159 5133 3451 5198 sumpseris
3478 5133 3719 5186 occasio-

2144 5239 2263 5278 nem
2288 5265 2303 5287 ,
2335 5224 2493 5276 etiam
2535 5220 2803 5290 gaudebit.
2836 5221 2987 5273 Dices
3031 5234 3159 5288 ergo
3185 5223 3206 5291 (
3233 5220 3534 5276 necessario
3577 5221 3719 5276 enim

2145 5331 2327 5370 rursus
2357 5311 2642 5382 repetenda
2673 5320 2755 5365 est
2782 5311 2952 5364 oratio
2974 5311 2993 5380 )
3013 5327 3027 5365 :
3051 5311 3183 5364 Cum
3209 5311 3392 5365 liceret
3419 5311 3613 5368 ducere
3639 5315 3719 5368 di-

2143 5407 2303 5460 vitem
2345 5413 2399 5457 et
2436 5402 2772 5470 locupletem,
2806 5416 2912 5454 non
2941 5400 3121 5454 induxi
3155 5399 3206 5453 in
3235 5399 3490 5456 aninmm.
3521 5403 3717 5471 Quam-

2144 5495 2363 5550 obrem?
2407 5494 2523 5547 Non
2574 5502 2774 5547 temere
2827 5508 2925 5546 nec
2968 5492 3393 5556 inconsiderate;
3435 5494 3527 5547 sed
3575 5505 3721 5549 recte

2144 5589 2430 5642 didiceram
2459 5585 2669 5639 divitias
2690 5583 2885 5636 nullam
2909 5598 3027 5638 esse
3050 5584 3463 5653 possessionem,
3488 5583 3579 5636 sed
3608 5598 3720 5636 rem

2145 5676 2606 5739 contemnendam,
2638 5686 2688 5729 et
2733 5688 2849 5744 quae
2875 5675 3027 5730 adest
3060 5687 3111 5730 et
3142 5674 3434 5728 latronibus
3469 5683 3523 5727 et
3549 5690 3723 5728 mere-

2146 5770 2366 5825 tricibus
2396 5780 2450 5823 ct
2476 5768 2840 5838 sepulcrorum
2870 5768 3234 5822 ell'ossoribus.

2219 5863 2401 5916 Puella
2444 5878 2671 5931 qua‘nam
2718 5859 2908 5927 Optima
2950 5858 3180 5912 habenda
3220 5865 3352 5910 est.-
3392 5886 3396 5891 ~
3442 5853 3727 5922 Propterea

4093 1201 4110 1244 ’ἓ

4095 1259 4104 1284 .'

4095 1365 4110 1402 δι

4157 2283 4168 2324 ι

4157 2371 4170 2418 ὲ
4195 2417 4202 2424 ε

4141 2467 4178 2644 ,ι
4206 2602 4218 2621 ε

4143 2645 4184 2860 ἦ
4208 2632 4218 2655 1

4155 2719 4160 2722 “
4214 2720 4218 2733 l

4143 2865 4184 2912 ξε

4128 2945 4160 2993 ‘.

4130 3088 4209 3171 gi
