4218 6266
452 267 551 322 H7

455 382 538 436 his
566 381 741 437 missis
761 378 884 436 veni
913 377 978 435 ad
1009 385 1116 434 tua:
1155 379 1348 434 anima:
1378 378 1651 442 virtutem,
1681 391 1837 444 quam
1863 375 2032 428 cuivis

455 488 587 526 auro
611 471 858 541 praefero.
888 469 1111 540 Sapiens
1136 470 1278 524 enim
1309 477 1362 522 et
1389 468 1611 536 ingenua
1640 465 1836 536 puella,
1867 465 2034 532 pieta-

458 568 528 622 tis
556 582 738 622 curam
765 582 976 636 gerens,
1007 565 1099 618 toti
1136 563 1249 617 orbi
1291 571 1447 617 terra:
1489 560 1662 630 pretio
1683 566 1769 612 est
1797 556 2034 625 aequipa-

458 660 647 716 randa.
675 659 959 727 Propterea
990 667 1042 710 et
1069 666 1118 710 te
1147 670 1262 709 sum
1293 655 1568 724 amplexus
1607 661 1661 707 et
1690 661 1742 706 te
1770 650 1952 719 diligo,
1981 655 2036 701 et

460 768 595 806 mea:
636 752 794 805 etiam
823 751 1013 803 animae
1055 749 1298 817 pra-fero.
1321 747 1461 801 Nihil
1487 753 1569 800 est
1593 744 1734 798 enim
1762 744 1865 795 vita
1897 754 2036 810 prat-

463 857 608 906 sens,
637 855 839 909 oroque
869 849 924 894 et
960 841 1143 891 hortor
1168 847 1222 892 et
1250 840 1426 890 omnia
1461 836 1617 900 facio,
1651 844 1708 886 ut
1734 847 1832 886 nos
1860 830 1932 884 ita
1959 828 2042 883 di-

461 933 548 1001 gni
582 931 876 985 habeamur
903 931 992 1000 qui
1027 938 1341 998 prmsentem
1386 941 1604 995 agamus
1633 924 1814 988 vitam,
1849 929 1907 976 ut
1934 920 2042 1000 illic

463 1026 623 1079 etiam
651 1025 916 1093 possimus
947 1023 1000 1075 in
1031 1021 1206 1074 futuro
1231 1020 1427 1074 seculo
1454 1033 1573 1072 cum
1606 1029 1792 1084 magna
1837 1009 2041 1067 securi-

465 1127 575 1171 tate
600 1115 756 1170 simul
790 1115 1012 1169 versari.
1043 1113 1174 1167 Nam
1217 1126 1451 1181 praesens
1478 1108 1690 1178 quidem
1727 1117 1935 1173 tempus
1963 1112 2045 1156 est

468 1211 649 1274 breve,
680 1208 937 1261 caducum
954 1216 1010 1260 et
1047 1205 1230 1274 fragile
1256 1222 1269 1258 :
1303 1204 1383 1257 sin
1414 1209 1588 1255 autem
1620 1198 1762 1267 digni
1792 1195 2046 1249 fuerimus

470 1299 632 1352 habiti
657 1309 708 1350 ut
739 1297 844 1351 Deo
867 1304 1136 1363 acceptam
1161 1295 1320 1348 vitam
1345 1293 1428 1347 hic
1451 1291 1822 1358 transigamus,
1837 1299 2050 1353 semper

471 1390 672 1442 erimus
721 1397 774 1442 et
813 1403 933 1442 cum
961 1386 1174 1440 Christo
1217 1393 1271 1440 et
1311 1399 1433 1439 cum
1463 1381 1614 1436 nobis
1663 1379 1887 1434 invicem
1928 1389 2049 1430 cum

475 1479 663 1548 majori
687 1478 974 1546 voluptate.
990 1476 1102 1544 Ego
1123 1475 1459 1529 dilectionem
1480 1483 1622 1526 tuam
1640 1467 1863 1540 praefero
1883 1465 2056 1519 omni-

475 1571 611 1637 bus;
643 1586 812 1639 neque
832 1579 913 1623 est
936 1567 1222 1637 quidquam
1253 1565 1380 1620 mihi
1410 1580 1560 1634 atque
1589 1562 1869 1617 molestum
1895 1571 2053 1626 quam

478 1678 510 1716 a
554 1673 603 1717 te
642 1676 890 1728 umquam
923 1659 1184 1712 dissidere
1217 1675 1232 1711 :
1260 1656 1465 1712 etiamsi
1498 1669 1584 1709 me
1612 1659 1856 1722 oporteat
1878 1647 2057 1702 omnia

479 1755 756 1814 amittere,
787 1752 994 1808 etiamsi
1027 1750 1109 1805 lro
1139 1765 1261 1806 esse
1301 1749 1674 1818 pauperiorem
1696 1787 1712 1810 ,
1739 1753 1787 1797 et
1819 1751 2059 1796 extrema

479 1845 662 1898 subire
705 1843 958 1912 pericula,
987 1852 1039 1896 et
1068 1840 1276 1910 quidvis
1305 1839 1444 1908 pati,
1479 1837 1606 1891 mihi
1635 1843 1758 1890 sunt
1781 1834 1955 1887 omnia
1987 1830 2062 1884 fe-

481 1933 644 1989 renda
671 1942 726 1987 et
755 1931 1052 1996 toleranda,
1085 1930 1257 1985 donec
1286 1941 1338 1983 tu
1371 1931 1422 1983 in
1454 1943 1540 1983 me
1584 1928 1719 1982 bene
1748 1925 1910 1980 fueris
1934 1923 2063 1977 alie-

482 2035 684 2090 cta;et
731 2024 859 2079 mihi
905 2034 1031 2078 tunc
1084 2022 1345 2092 optabiles
1388 2028 1546 2076 erunt
1591 2020 1743 2074 liberi
1771 2015 1982 2087 quando
2009 2023 2065 2070 tu

487 2117 743 2172 benevole
770 2116 819 2168 in
848 2131 932 2170 me
950 2114 1134 2168 affecta
1157 2113 1341 2168 fueris.
1361 2111 1636 2182 Oportebit
1660 2119 1835 2163 autem
1859 2117 1910 2162 te
1929 2121 2067 2177 quo-

487 2223 592 2276 que
619 2208 720 2260 hoc
760 2205 953 2260 fact-re.
985 2204 1183 2259 Deinde
1210 2203 1443 2257 admisce
1471 2202 1631 2256 etiam
1658 2199 1819 2254 verba
1849 2208 2066 2266 aposto-

490 2299 614 2364 lica,
645 2297 784 2367 quod
813 2297 954 2351 Deus
993 2297 1070 2350 sic
1104 2296 1217 2348 vult
1262 2309 1383 2349 esse
1413 2294 1752 2362 c0ujunctam
1800 2291 1941 2345 inter
1971 2304 2067 2343 nos

494 2388 938 2443 benevolentiam.
991 2387 1126 2440 Audi
1180 2387 1322 2440 enim
1387 2385 1711 2453 Scripturam
1756 2382 2067 2436 dicentem:

497 2477 720 2547 PrOpter
749 2479 842 2532 hoc
867 2478 1110 2547 relinquet
1140 2477 1289 2530 homo
1315 2485 1508 2545 patrem
1535 2484 1582 2527 et
1611 2483 1818 2526 matrem
1843 2512 1858 2537 ,
1886 2481 1932 2525 et
1978 2471 2070 2523 ad-

498 2569 702 2623 Iurrebit
736 2569 882 2622 uxori
907 2583 1015 2622 stuc
1044 2566 1062 2638 (
1089 2565 1274 2634 Epltes.
1299 2566 1352 2619 5.
1395 2565 1454 2618 5i
1491 2564 1530 2632 ).
1559 2562 1708 2616 Nulla
1735 2562 1805 2615 sit
1830 2561 1982 2615 nobis
2003 2561 2074 2614 si-

500 2659 736 2714 multatis
764 2657 974 2713 occasio
999 2676 1012 2710 :
1046 2657 1253 2711 valeant
1282 2655 1542 2725 pecuniae,
1572 2665 1626 2708 et
1655 2651 1936 2706 multitudo
1961 2665 2076 2705 ser-

501 2767 686 2807 vorum
713 2793 726 2815 ,
774 2759 828 2804 et
870 2751 1101 2804 honores
1146 2748 1357 2803 externi
1385 2765 1398 2800 :
1433 2746 1534 2800 hoc
1563 2745 1688 2799 mihi
1720 2753 1804 2800 est
1830 2744 2076 2798 omnibus

505 2840 916 2912 put-ferendum.
943 2843 1060 2908 Quo
1099 2855 1202 2893 nou
1238 2853 1388 2904 auro,
1425 2837 1616 2906 quibus
1661 2851 1765 2889 non
1816 2833 2078 2888 thesauris

505 2944 664 2988 erunt
711 2934 822 2986 hate
861 2933 1018 2987 verba
1063 2931 1211 2985 uxori
1261 2931 1425 2999 magis
1468 2927 1880 2985 desiderabilia?
1909 2927 1985 2982 Ne
2016 2927 2081 2981 ti-

505 3043 672 3092 meas,
699 3042 765 3080 ue
800 3025 1023 3100 quando
1050 3023 1240 3078 dilecta
1277 3023 1531 3076 adversus
1558 3030 1608 3076 te
1637 3019 1956 3081 insolescat,
1985 3017 2081 3073 sed

507 3117 762 3172 conﬁtere
813 3126 864 3171 te
907 3132 1022 3170 eam
1077 3115 1314 3184 diligere.
1343 3112 1475 3168 Nam
1511 3111 1823 3168 meretrices
1866 3109 2082 3182 quidem

507 3224 627 3278 qua:
673 3223 814 3263 nunc
856 3223 976 3262 cum
1029 3207 1314 3272 hoc,nuuc
1361 3220 1482 3259 cum
1533 3203 1623 3258 illo
1667 3203 2082 3272 coniunguntur,

509 3297 702 3354 merito
731 3298 1051 3353 extollentur
1079 3298 1335 3352 adversus
1375 3304 1643 3350 amatores
1666 3335 1681 3360 ,
1713 3293 1925 3364 quando
1972 3292 2086 3348 ham

510 3391 673 3445 verba
717 3390 979 3445 audierint
1009 3409 1023 3445 :
1053 3390 1244 3444 mulier
1269 3397 1443 3442 autem
1471 3386 1640 3442 libera
1665 3393 1720 3440 et
1748 3385 1916 3455 puella
1941 3385 2083 3454 iuge-

512 3495 617 3534 nua
644 3481 725 3533 his
752 3481 929 3534 verbis
961 3496 1244 3550 numquam
1276 3479 1578 3542 extolletur,
1609 3477 1704 3533 sed
1730 3477 1897 3531 multo
1923 3477 2091 3546 magis

515 3573 598 3626 his
629 3571 946 3627 iuliectetur.
978 3571 1213 3626 Ostende
1259 3581 1310 3626 te
1359 3571 1536 3641 magni
1585 3569 1762 3624 facere
1805 3583 1928 3624 cum
1979 3569 2090 3636 ipsa

515 3664 978 3728 consuetudinem,
1011 3673 1067 3718 et
1089 3662 1245 3716 malle
1273 3671 1324 3717 te
1353 3662 1496 3716 dotui
1522 3676 1642 3716 esse
1683 3669 1902 3730 propter
1923 3661 2090 3728 ipsam

516 3768 676 3823 quam
721 3753 771 3806 in
819 3751 962 3810 foro:
994 3762 1048 3806 et
1090 3767 1206 3805 eam
1241 3766 1487 3820 praspone
1534 3750 1783 3804 omnibus
1819 3750 2007 3804 amicis
2040 3759 2096 3805 et

521 3844 721 3910 liberis,
753 3857 886 3913 quos
907 3859 969 3898 ex
989 3858 1050 3898 ea
1072 3842 1349 3911 suscepisti
1375 3858 1390 3906 ;
1422 3849 1476 3896 et
1497 3840 1595 3909 ipsi
1617 3855 1827 3910 quoque
1846 3855 1874 3892 a
1904 3849 1954 3894 te
1975 3855 2096 3909 pro-

518 3943 637 4005 pter
659 3935 823 4003 ipsam
841 3934 1144 4003 diligantur.
1159 3931 1215 3988 Si
1248 3933 1372 3986 boni
1392 3931 1514 4002 quid
1533 3930 1736 3994 fecerit,
1758 3929 1908 3984 lauda
1927 3939 1981 3985 et
2004 3929 2102 3984 ad-

520 4027 748 4090 mirare;
778 4027 822 4080 si
849 4027 971 4094 quid
997 4026 1268 4094 contingat
1290 4022 1528 4088 absurdi,
1556 4029 1610 4076 et
1631 4019 1773 4092 quod
1800 4020 1985 4090 puellis
2008 4034 2098 4074 ac-

520 4119 702 4174 cidere
725 4121 913 4183 soleat,
933 4117 1096 4173 suade
1123 4128 1176 4173 et
1201 4117 1449 4172 admone.
1467 4113 1624 4170 Omni
1652 4129 1718 4168 ex
1739 4120 1889 4182 parte
1905 4127 2098 4167 accusa

525 4212 777 4281 pecunias
810 4218 865 4266 et
887 4220 1129 4280 sumptus
1170 4209 1501 4280 magniﬁcos,
1531 4217 1586 4262 et
1611 4205 1746 4262 doce
1781 4221 1900 4260 eam
1937 4221 2100 4260 orna-

525 4311 764 4356 mentum
789 4301 930 4372 quod
959 4302 1159 4371 paritur
1182 4315 1245 4355 ex
1273 4299 1468 4355 decore
1493 4305 1548 4353 et
1575 4296 1856 4361 modestia,
1886 4304 1940 4351 et
1961 4295 2101 4366 quod

525 4410 591 4449 ex
618 4395 896 4449 honestate
926 4409 939 4446 :
975 4403 1029 4448 et
1053 4393 1265 4448 assidue
1293 4392 1426 4447 doce
1455 4406 1518 4447 ea
1545 4406 1664 4460 qua:
1693 4389 1991 4444 conferunt.

597 4486 649 4541 9.
696 4485 836 4541 Uxor
863 4487 1111 4557 quomodo
1140 4485 1438 4539 erudienda.
1465 4512 1536 4525 -ο
1560 4483 1679 4539 Sint
1727 4496 1914 4552 preces
1952 4482 2102 4535 vobis

524 4592 874 4641 communes;
911 4578 1272 4646 unusquisque
1314 4582 1402 4630 eat
1441 4575 1507 4630 ad
1558 4573 1838 4628 ecclesiam
1871 4591 1884 4627 :
1929 4581 1980 4627 et
2007 4587 2103 4626 eo-

527 4685 646 4723 rum
673 4682 791 4738 quzn
819 4666 928 4720 illic
953 4666 1202 4720 dicuntur
1219 4675 1273 4720 et
1300 4665 1565 4733 leguntur,
1595 4666 1817 4719 maritus
1843 4665 1911 4718 ab
1939 4678 2105 4717 uxore

529 4767 732 4828 partem
754 4756 897 4810 clomi
923 4757 1098 4826 exigat
1115 4764 1169 4809 et
1191 4755 1276 4809 illa
1294 4770 1323 4810 a
1341 4755 1551 4810 marito.
1574 4754 1628 4809 Si
1660 4755 1852 4824 premit
1880 4769 2106 4824 pauper-

531 4861 645 4918 tas,
670 4849 873 4920 produc
912 4847 964 4903 in
996 4847 1226 4903 medium
1257 4854 1472 4901 sanctos
1501 4846 1642 4901 viros
1672 4845 1894 4900 Paulum
1923 4853 1978 4900 et
2002 4845 2104 4900 Pe-

530 4950 690 5004 trum,
710 4941 799 5011 qui
827 4938 879 4993 in
911 4938 1095 5008 majori
1114 4937 1326 4991 fuerunt
1340 4935 1730 4990 existimatione
1744 4951 1903 5004 quam
1919 4951 2107 4990 omnes

528 5049 682 5101 reges
709 5042 762 5087 et
783 5032 974 5086 divites
995 5071 1013 5096 ,
1037 5038 1091 5084 et
1114 5027 1380 5100 quomodo
1408 5029 1564 5082 vitam
1605 5037 1830 5097 egerunt
1873 5028 1925 5081 in
1967 5025 2108 5080 fame

529 5137 583 5180 et
612 5125 702 5180 siti
736 5143 750 5179 :
783 5125 931 5180 erudi
961 5141 1078 5180 eam
1105 5123 1234 5178 nihil
1268 5123 1320 5176 in
1346 5123 1452 5176 vita
1478 5137 1597 5177 esse
1620 5121 1855 5176 terribile
1883 5129 2106 5188 praeter-

532 5230 690 5284 quam
747 5216 910 5269 Deum
955 5215 1244 5269 offendere.
1279 5213 1335 5268 Si
1361 5213 1479 5284 quis
1507 5214 1586 5268 sic
1620 5222 1674 5267 et
1724 5221 1942 5282 propter
1994 5211 2108 5266 haec

531 5321 752 5362 uxorem
775 5306 1014 5370 duxerit,
1033 5306 1310 5361 monachis
1339 5320 1446 5360 non
1468 5305 1570 5360 erit
1599 5303 1751 5358 valde
1778 5303 1980 5368 minor,
2011 5317 2109 5356 nec

530 5400 575 5456 is
601 5401 691 5472 qui
727 5413 945 5453 uxorem
975 5399 1145 5464 duxit,
1175 5400 1240 5453 iis
1268 5399 1356 5468 qui
1388 5413 1493 5452 non
1541 5397 1826 5451 duxerunt.
1855 5394 1910 5449 Si
1947 5394 2108 5447 etiam

532 5495 705 5547 lacere
731 5489 972 5561 prandia,
999 5498 1054 5544 et
1081 5489 1319 5544 convivia
1341 5489 1613 5544 celebrare
1629 5487 1781 5551 velis,
1805 5485 2006 5539 nullum
2026 5485 2108 5537 iu-

529 5583 832 5648 bonestum,
849 5584 1115 5637 neminem
1139 5581 1468 5645 indecorum,
1486 5581 1577 5635 sed
1592 5580 1635 5634 si
1658 5589 1901 5633 sanetum
1925 5593 2110 5647 quem-

531 5678 671 5745 piam
719 5673 1002 5737 inveneris,
1032 5672 1119 5742 qui
1149 5672 1315 5740 possit
1342 5671 1522 5725 domui
1551 5681 1738 5724 vestrae
1771 5669 2105 5735 benedicere,

1205 257 1263 317 s.
1303 246 1578 317 JOANNtS
1601 257 2068 317 cunvsos'ront
2108 254 2422 314 metuar.
2459 252 2987 311 consumma.

3613 251 3717 308 4-28

2142 383 2194 427 et
2227 373 2416 441 pedum
2445 375 2683 442 ingressu
2701 371 2874 426 valeat
2898 369 3196 424 universam
3220 366 3419 422 inferre
3439 362 3534 421 Dei
3556 366 3720 421 bene-

2138 463 2446 527 dictionem,
2475 478 2596 518 eum
2621 477 2775 516 voca.
2805 461 2984 516 Dicam
3015 461 3175 515 etiam
3219 456 3366 512 aliud
3397 475 3411 511 :
3441 472 3602 513 nemo
3623 474 3720 511 ve-

2141 565 2306 608 strum
2351 555 2562 609 studeat
2606 567 2826 607 uxorem
2870 551 3068 605 ducere
3107 548 3377 614 ditiorem,
3409 547 3504 603 sed
3545 548 3723 618 potius

2143 647 2533 716 pauperiorem.
2564 645 2679 699 Non
2705 645 2847 699 enim
2876 641 3207 713 ingredietur
3231 641 3462 696 alferens
3490 655 3556 695 ex
3583 638 3724 695 divi-

2143 737 2228 790 tiis
2257 746 2454 790 tantam
2480 736 2816 791 occasionem
2857 733 3163 804 voluptatis,
3195 741 3449 803 quantam
3478 732 3723 787 introdu-

2143 839 2229 883 cet
2255 829 2552 884 molestiam
2591 843 2658 884 ex
2698 827 2939 897 probris,
2968 843 3033 880 ex
3062 842 3128 880 eo
3171 825 3311 897 quod
3357 825 3505 894 plura
3549 825 3728 891 exigat

2146 936 2304 989 quam
2332 919 2586 985 intulerit,
2616 934 2681 973 ex
2707 918 3062 981 contumeliis,
3095 933 3166 973 ex
3196 919 3402 986 magnis
3427 917 3729 986 sumptibus

2148 1022 2201 1066 et
2244 1010 2518 1081 impensis,
2561 1025 2629 1064 ex
2659 1009 2834 1064 verbis
2866 1008 3104 1064 molestis
3129 1019 3183 1064 et
3224 1009 3542 1078 importunis
3594 1007 3727 1062 For-

2152 1109 2292 1155 tasse
2331 1100 2472 1153 enim
2517 1099 2658 1152 dicet
2688 1117 2702 1154 :
2732 1099 2870 1152 Nihil
2916 1098 3091 1153 adhuc
3132 1100 3437 1167 consumpsi
3475 1114 3541 1154 ex
3582 1101 3685 1152 tuis
3710 1139 3726 1163 ,

2150 1191 2284 1244 meis
2301 1189 2474 1244 adhuc
2505 1189 2716 1254 induor,
2745 1205 2811 1244 ex
2843 1190 2905 1244 iis
2930 1205 3053 1259 qua:
3082 1190 3208 1243 mihi
3239 1189 3505 1244 donarunt
3530 1205 3730 1260 paren-

2157 1290 2254 1336 ws.
2295 1281 2432 1347 Quid
2477 1281 2631 1344 dicis,
2664 1272 2697 1334 ο
2724 1282 2950 1336 mulier?
2979 1283 3082 1336 tuis
3120 1297 3180 1337 es
3225 1281 3399 1336 adhuc
3428 1282 3648 1336 induta?
3676 1293 3731 1337 ct

2156 1374 2279 1443 quid
2320 1374 2422 1428 ltoc
2458 1375 2619 1429 verbo
2647 1374 2804 1429 fuerit
2853 1375 3141 1429 miserius?
3172 1391 3368 1444 corpus
3412 1390 3517 1429 non
3568 1376 3733 1431 habes

2159 1466 2450 1535 proprium,
2482 1477 2535 1522 et
2557 1467 2806 1535 pecunias
2833 1466 2997 1520 habes
3027 1467 3308 1536 proprias?
3330 1466 3444 1522 Non
3467 1471 3597 1523 estis
3624 1485 3737 1522 am-

2160 1557 2300 1626 plius
2324 1557 2442 1611 dum
2481 1573 2673 1613 carnes
2717 1567 2836 1628 post
2879 1559 3304 1625 matrimonium,
3334 1560 3426 1618 sed
3458 1560 3580 1614 facti
3609 1561 3738 1615 estis

2162 1648 2214 1702 in
2244 1663 2434 1712 unam;
2464 1659 2518 1703 et
2562 1648 2682 1703 duae
2724 1659 2848 1703 sunt
2885 1648 3186 1713 facultates,
3215 1665 3320 1704 non
3367 1665 3490 1704 una.
3520 1651 3564 1706 0
3592 1665 3742 1705 amor

2164 1741 2401 1811 pecuniae
2426 1743 2438 1796 ι
2473 1757 2612 1796 unus
2637 1742 2817 1805 homo,
2837 1759 3000 1797 unum
3031 1744 3188 1797 ambo
3215 1743 3336 1797 facti
3367 1744 3494 1797 estis
3521 1744 3741 1809 animai,

2167 1842 2222 1887 et
2269 1832 2443 1886 adhuc
2485 1832 2619 1888 dicis
2668 1834 2823 1888 mea?
2857 1834 3250 1888 Exsecrandum
3282 1833 3384 1889 hoc
3423 1835 3644 1888 verbum
3692 1844 3746 1888 et

2167 1924 2482 1978 sceleratum
2511 1940 2540 1978 a
2571 1924 2782 1979 diabolo
2811 1934 2894 1979 est
2919 1925 3206 1980 invectum.
3225 1926 3365 1980 Deus
3391 1927 3568 1980 omnia
3597 1925 3744 1981 nobis

2169 2014 2296 2070 fecit
2336 2017 2662 2080 communia,
2692 2033 2811 2086 qua:
2843 2025 2967 2071 sunt
2997 2017 3079 2071 his
3108 2017 3282 2086 magis
3323 2018 3623 2072 necessaria
3649 2059 3663 2083 ,
3694 2027 3747 2072 et

2173 2107 2285 2162 hare
2311 2124 2416 2162 non
2444 2118 2569 2164 sant
2596 2109 2902 2164 communia
2925 2110 2948 2164 Ἰ
2975 2108 3089 2164 Νοη
3118 2109 3244 2164 licet
3283 2109 3484 2175 dicere,
3514 2110 3626 2164 Lux
3667 2119 3752 2165 est

2172 2218 2311 2269 mea,
2340 2201 2432 2258 Sol
2474 2213 2557 2258 est
2601 2217 2771 2268 meus,
2816 2203 2966 2273 Aqua
3010 2217 3126 2257 mea
3156 2219 3170 2255 :
3200 2217 3319 2272 qum
3357 2210 3481 2257 sunt
3527 2202 3747 2272 majora,

2173 2297 2350 2350 omnia
2399 2295 2553 2350 nobis
2597 2303 2720 2349 sunt
2747 2294 3088 2358 communia,
3124 2296 3360 2362 pecuniae
3414 2304 3590 2350 autem
3645 2309 3752 2349 non

2174 2394 2332 2442 erunt
2359 2387 2717 2442 communes?
2748 2387 2971 2441 Pereant
3000 2386 3193 2440 millies
3213 2385 3472 2456 pecuniae,
3493 2385 3600 2439 imo
3626 2401 3754 2440 vero
3851 2440 3857 2446 _

2176 2493 2282 2532 non
2308 2477 2582 2546 pecuniae,
2613 2476 2706 2531 sed
2755 2478 2915 2531 animi
2958 2477 3219 2540 instituta,
3243 2492 3362 2546 qua:
3393 2476 3635 2530 nesciunt
3678 2475 3756 2530 ιιιί

2177 2569 2439 2638 pecuniis,
2467 2567 2561 2622 sed
2589 2583 2682 2622 eas
2720 2569 2969 2623 omnibus
3015 2567 3324 2637 prreferunt.
3355 2567 3422 2621 Et
3469 2567 3583 2622 hmc
3625 2567 3760 2623 doce

2178 2676 2300 2714 cum
2330 2659 2471 2721 aliis,
2503 2659 2596 2713 sed
2624 2675 2744 2714 cum
2776 2660 2942 2714 multa
2969 2659 3161 2729 gratia.
3194 2659 3324 2713 Nam
3368 2659 3618 2727 quoniam
3647 2659 3757 2728 ipsa

2181 2765 2278 2820 per
2303 2765 2362 2804 se
2391 2750 2454 2804 ad
2484 2750 2730 2804 virtutem
2753 2750 3056 2805 exhortatio
3075 2750 3298 2803 multum
3324 2749 3481 2804 habet
3510 2750 3757 2816 tristitizr,

2183 2841 2416 2896 maxime
2431 2840 2569 2910 apud
2587 2841 2814 2910 puellam
2836 2851 3072 2895 teneram
3094 2851 3143 2895 et
3166 2841 3500 2909 juveneulam
3517 2859 3532 2907 ;
3551 2841 3762 2912 quando

2184 2935 2343 2990 verba
2371 2934 2500 2990 ﬁent
2522 2933 2590 2989 de
2611 2933 2965 3004 philosophia,
2992 2935 3210 2988 multam
3234 2934 3475 3004 excogita
3505 2934 3758 3003 gratiam;

2185 3034 2242 3081 et
2270 3025 2371 3080 hoc
2400 3027 2631 3080 maxime
2656 3041 2720 3080 ex
2744 3025 2885 3080 illius
2907 3026 3079 3079 anima
3108 3025 3401 3080 cxtermina
3434 3034 3487 3078 et
3517 3024 3761 3092 amanda,

2187 3133 2364 3173 meum
2393 3128 2448 3172 et
2473 3129 2641 3173 tuum.
2667 3118 2722 3173 Si
2753 3118 2986 3183 dixerit,
3015 3118 3128 3172 Mea
3155 3159 3168 3181 ,
3197 3117 3283 3172 dic
3307 3135 3322 3170 :
3349 3117 3603 3184 Qumnam
3633 3116 3766 3171 dicis

2191 3211 2317 3264 tua?
2345 3212 2525 3264 nescio
2553 3210 2718 3275 enim,
2749 3224 2868 3263 cum
2900 3225 2999 3280 ego
3027 3208 3155 3262 nihil
3189 3209 3410 3262 habeam
3443 3208 3712 3278 proprium
3743 3222 3760 3261 :

2191 3299 2461 3369 quomodo
2488 3315 2617 3370 ergo
2642 3299 2950 3365 dieis,Mea,
2983 3314 3106 3353 cum
3133 3300 3312 3353 omnia
3343 3298 3450 3352 sint
3481 3308 3568 3352 tua
3588 3299 3611 3352 ?
3631 3298 3768 3353 Con-

2192 3391 2330 3446 dona
2360 3392 2409 3446 ei
2439 3391 2539 3446 hoc
2563 3391 2806 3446 verbum.
2836 3391 2951 3446 Non
2982 3390 3156 3456 vides,
3185 3390 3322 3460 quod
3348 3391 3398 3444 in
3431 3392 3609 3460 parvis
3637 3405 3767 3461 pue-

2195 3484 2270 3538 ris
2312 3484 2413 3538 hoc
2462 3481 2962 3551 facimus?quando
3009 3481 3166 3536 nobis
3211 3483 3517 3537 tenentibus
3573 3481 3767 3552 aliquid

2197 3590 2328 3644 puer
2357 3575 2592 3643 rapuerit
2616 3614 2632 3640 ,
2659 3582 2712 3628 et
2737 3573 2850 3627 vult
2881 3573 3079 3643 aliquid
3105 3573 3244 3628 aliud
3273 3575 3514 3644 accipere
3534 3614 3550 3639 ,
3580 3589 3771 3628 conce-

2195 3664 2373 3720 dimus
2393 3675 2445 3720 et
2471 3665 2699 3720 dicimus
2731 3681 2744 3716 :
2773 3664 2934 3719 Uerte
2963 3673 3108 3719 tuum
3137 3673 3221 3718 est
3251 3665 3353 3719 hoc
3399 3673 3454 3718 et
3481 3664 3631 3719 illud.
3661 3663 3772 3719 Hoc

2197 3754 2358 3810 etiam
2387 3753 2641 3809 faciamus
2668 3754 2719 3808 in
2749 3754 2972 3808 muliere
3003 3771 3016 3807 :
3050 3762 3136 3809 est
3162 3755 3304 3808 enim
3337 3769 3488 3808 meus
3517 3757 3631 3823 ejus
3661 3769 3773 3808 ma-

2199 3846 2280 3915 gis
2310 3846 2527 3915 puerilis
2556 3860 2568 3897 :
2602 3855 2657 3898 et
2681 3845 2726 3899 si
2760 3845 2931 3910 dicat,
2962 3845 3105 3911 Mea,
3141 3845 3226 3899 dic
3252 3886 3267 3912 ,
3295 3844 3484 3900 Omnia
3511 3857 3636 3899 sunt
3662 3855 3771 3913 tua,

2200 3945 2256 3992 et
2295 3952 2394 4008 ego
2422 3945 2562 3992 tuus.
2591 3935 2704 3991 Non
2731 3946 2813 3992 est
2838 3937 3058 3992 verbum
3099 3936 3440 4003 adulationis,
3472 3938 3566 3993 sed
3595 3938 3775 3992 multie

2203 4029 2518 4100 prudentiae.
2547 4029 2633 4083 Sic
2675 4029 2876 4097 poteris
2915 4029 3034 4097 ejus
3071 4029 3200 4082 iram
3229 4028 3542 4098 reprimere,
3571 4029 3775 4082 exstin-

2203 4137 2366 4193 guere
2388 4120 2549 4174 animi
2580 4119 2970 4189 aegritudinem.
2998 4119 3090 4173 Est
3113 4119 3255 4172 enim
3285 4117 3539 4182 adulatio,
3565 4117 3778 4189 quando

2207 4225 2422 4285 propter
2471 4213 2667 4269 malum
2707 4212 2904 4282 aliquid
2947 4212 3135 4267 feceris
3178 4212 3484 4267 indecorum
3515 4221 3568 4268 et
3610 4212 3780 4268 illibe-

2206 4307 2356 4372 rale;
2388 4307 2486 4360 hoc
2517 4313 2694 4360 autem
2730 4313 2812 4360 est
2840 4305 3068 4359 maxima
3098 4304 3452 4373 philosophia.
3487 4304 3577 4359 Dic
3615 4319 3775 4374 ergo,

2209 4399 2321 4469 Ego
2345 4412 2556 4467 quoque
2581 4412 2698 4450 sum
2726 4406 2866 4460 tuus,
2889 4412 2922 4450 o
2947 4395 3127 4450 ﬁliola.
3157 4395 3268 4449 Hoc
3294 4395 3422 4449 mihi
3450 4395 3617 4450 suasit
3643 4395 3778 4450 Pau-

2206 4490 2312 4554 lus,
2334 4488 2519 4544 dicens
2545 4505 2558 4542 :
2601 4487 2689 4541 Vir
2717 4489 2910 4559 proprii
2930 4488 3156 4558 corporis
3182 4495 3472 4556 potestatem
3511 4503 3610 4540 non
3635 4487 3780 4541 habet

2209 4580 2284 4651 (1.
2316 4578 2434 4634 Cor.
2466 4581 2520 4634 7.
2549 4577 2629 4649 4),
2658 4578 2747 4632 sed
2773 4578 2968 4631 mulier.
3001 4576 3057 4633 Si
3083 4577 3188 4631 mei
3210 4577 3453 4646 corporis
3476 4592 3580 4631 non
3613 4575 3783 4630 habeo

2208 4677 2550 4741 potestatem,
2596 4668 2691 4723 sed
2736 4677 2792 4722 tu
2840 4668 3008 4722 multo
3061 4668 3229 4738 magis
3275 4669 3534 4737 pecuniae.
3564 4667 3784 4723 Sedabis

2209 4778 2352 4828 eam,
2384 4762 2429 4816 si
2457 4763 2537 4816 sic
2564 4763 2725 4816 fueris
2744 4761 3015 4831 loquutus,
3040 4761 3306 4816 flammam
3333 4761 3785 4831 exstingues,dia-

2211 4852 2389 4906 bolum
2437 4852 2634 4922 probro
2672 4850 3180 4918 afﬁcies,ancillam
3219 4852 3386 4920 magis
3424 4866 3542 4905 eam
3586 4850 3782 4914 facies,

2210 4959 2369 5013 quam
2399 4958 2519 5012 qua:
2558 4951 2642 4996 est
2687 4950 2868 5012 empta
2899 4942 3121 5008 pecunia
3148 4957 3160 4992 :
3192 4940 3273 4994 his
3301 4941 3485 4994 verbis
3514 4957 3632 4995 eam
3672 4942 3786 4995 alli-

2209 5035 2379 5105 gabis.
2427 5033 2784 5100 Quamobrem
2827 5049 2894 5088 ex
2942 5033 3007 5087 iis
3045 5048 3164 5102 quae
3208 5033 3461 5100 loqueris,
3489 5031 3625 5087 doce
3671 5047 3783 5087 eam

2213 5141 2497 5196 numquam
2525 5125 2706 5180 dicere
2727 5165 2742 5189 ,
2771 5123 2939 5178 Meum
2976 5133 3029 5177 et
3069 5133 3236 5176 tuum.
3267 5122 3376 5176 Nec
3404 5137 3521 5177 eam
3552 5122 3785 5177 inconsi-

2213 5217 2397 5272 derate
2421 5231 2580 5271 voces
2606 5256 2619 5280 ,
2647 5214 2742 5269 sed
2779 5229 2900 5268 cum
2931 5212 3220 5276 blanditiis,
3251 5219 3374 5266 cum
3417 5213 3645 5276 honore,
3668 5227 3785 5267 cum

2214 5308 2378 5361 multa
2421 5304 2728 5360 dilectione.
2759 5304 2970 5358 llonora
3009 5319 3127 5358 eam
3149 5345 3164 5368 ,
3193 5313 3248 5359 et
3276 5320 3380 5357 non
3412 5318 3550 5372 opus
3577 5302 3788 5357 habebit

2217 5407 2274 5451 ut
2302 5398 2594 5452 honoretur
2622 5397 2690 5450 ab
2716 5396 2833 5449 aliis
2862 5412 2876 5449 :
2909 5409 3014 5449 non
3041 5395 3215 5463 egebit
3245 5394 3411 5462 gloria
3432 5395 3499 5447 ab
3521 5393 3640 5446 aliis
3668 5393 3789 5446 dan-

2216 5487 2302 5554 da,
2335 5487 2379 5540 si
2401 5502 2461 5540 ea
2491 5485 2692 5540 fruatur
2718 5501 2822 5554 qua
2858 5495 2910 5539 tu
2939 5500 3056 5540 eam
3084 5485 3348 5538 effeceris.
3382 5485 3506 5538 Eam
3541 5495 3790 5553 praepono

2216 5577 2463 5631 omnibus
2482 5617 2497 5642 ,
2527 5587 2745 5645 propter
2768 5577 2968 5640 omnia,
3001 5584 3055 5629 et
3097 5583 3314 5644 propter
3343 5572 3788 5642 pulchritudinem

2218 5678 2271 5722 et
2300 5667 2632 5736 sapientiam,
2665 5676 2716 5720 el
2744 5680 2862 5720 eam
2885 5681 3013 5721 orna
3041 5664 3300 5719 laudibus.
3336 5665 3406 5717 lta
3430 5671 3480 5716 et
3503 5662 3796 5729 prrsuatltu-
