4218 6266
466 435 568 492 HJ

466 553 548 605 bis
589 560 649 606 ut
681 550 810 604 nulli
858 557 1112 605 extraneo
1158 547 1392 602 animum
1447 546 1719 610 adhibeat,
1766 545 1863 601 sed
1914 545 2047 600 alias

464 660 653 699 omnes
681 644 919 698 irrideat.
953 641 1095 695 Doce
1134 639 1226 694 Dei
1258 640 1502 694 timorem
1527 680 1544 702 ,
1596 647 1652 694 et
1683 640 1861 693 omnia
1907 647 2047 693 tam-

465 751 623 805 quam
650 751 680 787 a
712 734 857 788 fonte
884 732 1105 786 afﬂuent
1132 773 1147 796 ,
1176 732 1384 801 eritque
1424 731 1617 786 domus
1656 732 1848 786 referta
1893 730 2046 784 bonis

467 824 963 879 innumerabilibus.
990 822 1044 877 Si
1069 822 1487 890 incorruptibilia
1514 836 1836 892 quieramus,
1863 836 2047 887 corru-

468 916 667 989 ptibilia
709 929 923 989 quoque
967 914 1295 989 advenient:
1329 912 1549 979 Quaerite
1620 912 1764 968 enim
1791 952 1806 976 ,
1838 911 2009 982 inquit
2030 965 2043 977 ,

467 1007 681 1078 primum
726 990 934 1074 regnum
982 1003 1094 1068 Dei,
1130 988 1173 1058 et
1219 1003 1325 1058 lucc
1363 1003 1531 1056 omnia
1569 1002 1873 1084 adjicientitr
1910 1003 2048 1077 vobis

467 1096 677 1163 (Hatth.
698 1100 751 1152 6.
779 1098 895 1166 55).
914 1096 1111 1165 Quales
1137 1094 1355 1165 putandi
1377 1105 1503 1153 sunt
1529 1095 1621 1149 lilii
1651 1095 1831 1149 talium
1856 1110 2050 1165 parens

466 1188 617 1259 tum?
648 1189 835 1259 quales
863 1198 1283 1265 consentaneum
1326 1196 1410 1241 est
1446 1202 1569 1242 esse
1605 1187 1834 1240 famulos
1861 1186 2044 1251 talium

464 1281 840 1349 dominorum?
868 1281 1056 1355 quales
1102 1296 1198 1335 eos
1243 1295 1452 1346 omnes,
1480 1279 1569 1350 qui
1609 1279 1713 1339 illis
1761 1281 2047 1357 appropin-

464 1371 669 1439 quant?
694 1386 871 1426 annon
899 1371 1168 1440 continget
1194 1384 1290 1431 eos
1312 1384 1523 1440 quoque
1542 1383 1664 1424 esse
1680 1369 1868 1439 plenos
1892 1368 2047 1423 bonis

464 1463 977 1539 innumerabilibus?
1008 1462 1135 1540 l‘iam
1171 1461 1399 1516 maxima
1427 1477 1494 1539 es
1533 1470 1686 1533 parte
1713 1476 1777 1539 es
1806 1460 2046 1534 moribus

1334 430 1401 490 1N
1443 432 1653 488 lil’lST.
1696 434 1786 487 AD
1826 432 2062 487 EPllES.
2104 432 2255 487 CAP.
2301 426 2388 489 Ἤ.
2430 435 2656 494 ιιυλιιι.
2703 439 2846 499 XXI.

1098 1599 2807 1623 mm

3641 454 3737 506 l7é0

2153 546 2493 605 dominorum
2523 555 2663 609 servi
2707 572 2885 612 mores
2914 572 3039 613 suos
3063 572 3413 629 componunt,
3445 572 3497 616 ct
3522 565 3730 618 assimi-

2152 638 2332 693 lantur
2364 657 2550 697 eorum
2581 643 2859 702 desideriis
2893 665 2905 700 :
2935 650 3122 705 eadem
3161 660 3375 716 amant,
3405 652 3592 708 eadem
3616 670 3735 727 quas

2154 730 2439 787 didicerint
2467 735 2774 805 loquuntur,
2808 739 2858 793 in
2903 740 3089 796 iisdem
3123 752 3424 798 versantur.
3456 742 3510 805 Si
3533 745 3611 800 sic
3639 763 3736 800 nos
3787 803 3796 828 1

2155 822 2299 889 ipsos
2322 839 2725 893 cnmponamus,
2750 842 2802 883 et
2828 832 3118 903 Scripturis
3139 835 3494 903 attendamus,
3511 837 3734 907 plurima

2151 913 2219 975 ab
2246 914 2351 995 illis
2376 916 2707 983 docebimur.
2741 922 2810 987 Ita
2840 928 3132 994 poterimus
3166 930 3273 984 Deo
3307 931 3515 1000 placere
3536 972 3551 997 ,
3582 942 3635 988 et
3657 943 3737 986 tn-

2154 1014 2258 1067 tam
2286 1008 2447 1083 vitam
2480 1025 2795 1081 prmsentcttt
2838 1034 2960 1072 cum
2995 1020 3187 1098 virtute
3228 1025 3542 1095 transigere,
3569 1035 3623 1081 et
3649 1042 3733 1080 as-

2152 1098 2299 1196 sequi
2350 1097 2487 1159 bona
2537 1105 2797 1179 promissa
2854 1108 2920 1163 iis
2965 1112 3050 1179 qui
3105 1112 3278 1181 ipsum
3327 1100 3736 1193 diliguntzqum

2154 1195 2350 1239 utinam
2383 1206 2479 1259 nos
2515 1207 2705 1249 omnes
2734 1211 3148 1268 consequamur,
3183 1219 3277 1270 per
3304 1207 3530 1275 gratiam
3557 1217 3609 1263 et
3638 1207 3728 1262 be-

2153 1277 2465 1347 nignitatem
2490 1284 2695 1339 Domini
2728 1292 2893 1359 nostri
2916 1291 3041 1346 Jesu
3068 1294 3291 1359 Christi,
3311 1299 3395 1350 cui
3424 1280 3734 1367 ριξηιῬειιΓθ

2150 1377 2204 1444 et
2249 1369 2449 1440 Spiritu
2480 1386 2665 1452 sancto
2701 1379 2899 1457 gloria,
2933 1384 3211 1455 imperium
3231 1429 3244 1446 .
3276 1387 3449 1459 honor
3474 1430 3488 1455 ,
3516 1406 3654 1459 nunc
3681 1401 3737 1445 ct

2149 1475 2383 1535 semper,
2410 1476 2460 1518 et
2487 1466 2538 1520 in
2565 1470 2756 1542 smcula
2784 1475 3121 1547 seculorum.
3147 1478 3338 1553 Amen.

2812 1618 3035 1625 Η

3188 1620 3541 1627 Μ

3547 1621 3587 1628 -
3604 1619 3723 1626 -.κν-

1848 1672 2194 1763 ΗοΜιιιΑ
2226 1679 2403 1755 xxx.

463 1822 590 1895 μιν.
612 1823 662 1877 6.
683 1840 728 1882 ν.
760 1825 809 1877 l.
834 1822 978 1887 Filii,
996 1823 1188 1878 obedite
1204 1821 1495 1893 parentibus
1515 1821 1685 1875 restria
1709 1820 1759 1873 in
1789 1818 2037 1874 Domino:

534 1915 628 1967 hoc
656 1915 784 1968 enim
798 1916 999 1985 justum
1023 1924 1116 1967 est.
1142 1913 1194 1967 9...
1236 1912 1448 1967 Honora
1474 1922 1667 1983 patrem
1698 1924 1838 1985 liram
1862 1920 1910 1979 et
1931 1926 2036 1961 mav

534 2017 657 2083 irem
690 2015 826 2059 tuam
850 2047 867 2073 ,
896 2008 1032 2083 quod
1069 2016 1139 2059 est
1176 2005 1471 2078 "laudatum
1499 2005 1717 2072 primunt
1740 2004 1791 2057 in
1823 2002 2041 2072 prornis-

532 2078 671 2161 aione
703 2138 718 2161 ,
756 2099 810 2153 3.
852 2088 913 2167 ἰιι
952 2078 1073 2151 bene
1114 2098 1202 2157 tibi
1241 2098 1346 2162 sit,
1381 2107 1427 2150 ct
1456 2080 1537 2157 Isis
1581 2096 1836 2165 longterus
1887 2110 2040 2164 super

534 2202 739 2244 terram.

536 2284 562 2336 l
578 2322 591 2335 .
610 2281 1067 2348 Quemadmodum
1084 2280 1343 2352 quispiam
1362 2295 1555 2351 corpus
1569 2282 1792 2351 fingens,
1812 2280 2036 2350 primum

463 2372 682 2449 quidem
707 2372 854 2443 ponit
880 2380 1044 2443 caput
1072 2412 1089 2441 ,
1122 2371 1314 2440 deinde
1338 2373 1534 2426 collum
1559 2413 1575 2439 ,
1604 2371 1796 2426 deinde
1829 2369 1990 2441 pedes
2020 2384 2036 2449 ς

462 2448 537 2530 ita
581 2465 743 2518 etiam
788 2465 976 2518 beatus
1022 2463 1220 2517 Paulus
1258 2463 1500 2535 procedit
1542 2462 1594 2521 in
1639 2477 1734 2517 sua
1772 2448 2035 2517 oratione.

465 2559 605 2631 Dixit
645 2556 714 2611 de
756 2557 876 2611 viro
906 2598 920 2621 ,
953 2555 1095 2629 dixit
1133 2555 1199 2608 de
1234 2556 1456 2609 muliere
1480 2597 1496 2621 ,
1526 2555 1613 2623 qui
1656 2563 1738 2610 est
1775 2552 2039 2607 secundus

464 2648 832 2722 principatus:
854 2647 966 2715 jam
999 2647 1174 2715 pergit
1198 2645 1264 2699 ad
1295 2646 1505 2700 tertium
1531 2663 1546 2708 ;
1580 2646 1622 2699 is
1653 2653 1831 2699 autem
1860 2653 1943 2698 est
1971 2644 2029 2695 li-

465 2738 834 2815 lioruiu.'Nam
862 2738 1011 2813 usori
1034 2738 1248 2809 quidem
1274 2738 1499 2807 imperat
1524 2738 1765 2801 maritus,
1795 2735 1916 2813 ﬁliis
1942 2750 2038 2807 au-

466 2838 571 2893 tem
605 2837 660 2884 et
701 2829 782 2883 vir
825 2837 880 2883 et
925 2829 1138 2884 mulier.
1187 2828 1320 2884 Vide
1360 2843 1488 2897 ergo
1530 2818 1656 2898 quid
1698 2827 1875 2882 dicat:
1913 2827 2061 2894 Filii,

464 2922 654 2986 obedite
694 2920 986 2990 parentibus
1033 2921 1205 2976 vestris
1251 2922 1304 2975 in
1344 2919 1565 2975 Domino
1596 2937 1615 2974 :
1643 2922 1736 2975 hoc
1784 2923 1919 2975 enim
1965 2903 2051 2976 est

464 3012 681 3085 primum
711 3020 1015 3081 praeceptum
1035 3011 1090 3088 in
1113 3011 1547 3089 promissioni‘bus.
1572 3011 1712 3087 Nihil
1742 3011 1831 3083 hic
1861 3013 2033 3080 loqui-

465 3082 548 3156 ὶητ
568 3100 637 3155 de
657 3099 889 3172 Christo,
904 3082 1040 3167 tum
1060 3101 1126 3156 de
1148 3082 1378 3167 excelsis
1399 3116 1415 3166 ;
1434 3082 1615 3173 sum
1635 3100 1775 3177 enim
1804 3101 2036 3171 loquitur

462 3209 583 3247 cum
615 3193 816 3257 teneris
846 3193 1114 3253 mentibus
1147 3211 1161 3247 :
1193 3202 1246 3247 et
1277 3192 1396 3247 ideo
1435 3194 1650 3270 brevem
1682 3192 1810 3270 facit
1836 3194 2029 3263 exhor-

464 3285 716 3341 tationem
746 3326 762 3351 ,
790 3294 975 3355 utpote
1017 3284 1161 3361 quod
1201 3300 1307 3338 non
1354 3268 1561 3363 possint
1586 3268 1736 3357 pueri
1771 3285 2030 3357 prolixam

461 3379 672 3449 assequi
720 3363 1039 3455 orationem.
1080 3377 1369 3451 Propterea
1416 3365 1517 3449 nec
1555 3376 1754 3446 aliquid
1800 3376 1928 3429 dicit
1965 3375 2033 3429 de

462 3484 623 3538 regno
650 3485 667 3533 ;
696 3484 801 3523 non
829 3476 913 3523 est
942 3468 1084 3539 enim
1129 3467 1269 3527 illius
1313 3467 1486 3521 aetatis
1527 3466 1643 3521 haec
1671 3466 1855 3520 audire
1889 3484 1904 3531 ;
1937 3465 2031 3520 sed

461 3575 578 3628 qua:
607 3560 838 3624 maxime
862 3559 1010 3627 cupit
1036 3558 1223 3613 audire
1249 3558 1470 3628 puerilis
1499 3559 1729 3620 animus,
1760 3573 1820 3612 ea
1853 3557 1988 3611 dixit
2013 3599 2028 3621 ,

464 3667 649 3722 nempe
671 3653 811 3722 quod
835 3652 938 3708 erit
961 3652 1259 3721 longtevus.
1290 3650 1343 3707 Si
1367 3652 1485 3721 quis
1508 3651 1649 3705 enim
1675 3650 1910 3719 inquirit,
1936 3665 2033 3704 cur

464 3742 533 3821 de
554 3759 713 3813 regno
730 3760 832 3798 non
848 3744 1119 3813 disseruit,
1147 3743 1240 3799 sed
1261 3744 1340 3798 eis
1367 3744 1540 3815 posuit
1564 3741 1868 3796 mandatum
1889 3740 2029 3816 quod

469 3833 630 3887 situm
660 3834 819 3888 estin
844 3835 999 3903 lege;
1026 3835 1263 3890 dicemus
1289 3835 1367 3889 eis
1407 3834 1460 3909 id
1497 3832 1692 3910 fecisse
1722 3840 1780 3907 ut
1808 3832 1895 3901 qui
1922 3833 2032 3910 sint

466 3925 782 3994 pueriliores
806 3967 821 3988 ,
855 3935 911 3980 ut
939 3928 1028 3996 qui
1056 3928 1185 3993 sciat
1209 3928 1348 3997 quod
1375 3929 1490 3992 viro
1516 3937 1570 3982 et
1596 3926 1819 3992 muliere
1850 3928 1920 3980 ita
1944 3924 2025 3991 af-

458 4016 615 4095 fectis
656 4017 1036 4095 convenienter
1072 4017 1170 4089 legi
1214 4016 1371 4088 Quam
1415 4019 1575 4088 tulit,
1605 4032 1710 4070 non
1740 4024 1819 4079 est
1852 4016 2026 4093 magni

456 4109 659 4187 laboris
686 4109 940 4182 puerulos
959 4096 1242 4177 subjicere.
1274 4109 1501 4183 Quando
1528 4109 1671 4186 enim
1702 4122 1791 4162 res
1819 4108 2024 4162 initium

450 4198 717 4278 acceperit
741 4209 795 4254 et
814 4198 1215 4280 fundamentum
1254 4200 1470 4264 bonum,
1489 4199 1824 4275 validumque
1850 4208 1907 4266 et
1927 4200 2025 4277 ho-

456 4304 662 4348 nestum
689 4335 702 4356 ,
736 4294 914 4365 omnia
942 4293 1198 4363 deinceps
1230 4293 1313 4345 via
1354 4302 1409 4347 et
1434 4294 1552 4367 iege
1583 4280 1877 4369 procedunt
1904 4306 2026 4355 eum

455 4387 617 4462 multa
663 4373 918 4447 facilitate
944 4372 963 4440 :j
986 4395 1069 4441 est
1111 4386 1255 4441 enim
1299 4384 1570 4441 difﬁcilius
1606 4385 1791 4454 jacere
1832 4382 2025 4455 funda-

455 4487 690 4549 mentum
711 4520 727 4542 ,
757 4485 815 4543 et
854 4477 1023 4551 basim
1047 4477 1315 4549 subjicere
1346 4477 1591 4531 validam.
1615 4474 1743 4544 Filii
1769 4518 1784 4542 ,
1817 4476 1984 4556 inquit
2010 4515 2024 4534 ,

452 4571 647 4635 obedite
678 4570 965 4637 parentibus
1010 4571 1188 4624 vestris
1226 4572 1280 4623 in
1315 4569 1573 4633 Domino;
1617 4569 1718 4645 hoc
1766 4577 1848 4624 est
1892 4582 2026 4622 eon-

452 4671 708 4730 gruenter
735 4662 981 4733 Domino.
1013 4661 1337 4737 Deusenim,
1372 4648 1561 4730 inquit,
1593 4660 1669 4714 sic
1688 4658 1868 4733 jussit.
1889 4657 2022 4727 Quid

455 4768 600 4816 vero,
633 4754 678 4807 si
698 4753 960 4823 jusserint
990 4753 1224 4827 absurda
1266 4762 1320 4808 ct
1357 4769 1460 4807 non
1496 4752 1768 4818 honesta?
1798 4750 2028 4819 Maxime

454 4842 666 4912 quidem
693 4859 982 4911 numquam
1014 4852 1166 4917 pater
1199 4843 1440 4912 prmcipit
1464 4841 1695 4897 absurda
1725 4853 1777 4895 ct
1805 4841 2028 4894 inhone-

454 4944 555 4997 sta,
585 4935 796 5009 etiamsi
837 4935 951 5006 ipse
991 4933 1061 4993 sit
1088 4934 1264 4995 minus
1306 4934 1560 4988 honestus
1592 4951 1605 4986 :
1645 4941 1900 4994 extorum
1950 4932 2029 4985 sic

453 5041 661 5096 quoque
703 5025 947 5101 adhibuit
988 5027 1291 5101 cautionem
1316 5068 1331 5092 ,
1373 5028 1561 5082 dicens
1594 5025 1701 5080 ειη
1759 5023 1978 5078 Domino
2008 5042 2027 5076 .-

455 5118 554 5186 hoc
583 5126 701 5182 ests,
726 5116 779 5170 in
807 5118 874 5171 iis
895 5118 947 5171 in
968 5118 1163 5193 quibus
1195 5118 1360 5172 Deum
1394 5134 1500 5172 non
1529 5117 1790 5172 offendas.
1823 5116 1955 5171 Nam
1984 5117 2025 5169 si

452 5210 520 5265 sit
545 5210 767 5264 Grarcus
797 5219 889 5273 aut
917 5208 1220 5281 hiercticus,
1255 5226 1358 5263 non
1391 5210 1568 5277 utique
1596 5209 1884 5292 parendum
1912 5218 2027 5262 est:

453 5316 536 5354 res
564 5302 709 5356 enim
742 5316 847 5355 non
876 5311 958 5355 est
986 5302 1036 5355 in
1072 5302 1316 5380 Domino.
1342 5301 1623 5369 ρειοηιοάο
1654 5308 1831 5353 autem
1853 5299 1983 5353 dicit
2013 5340 2028 5361 ,

456 5392 601 5458 Quod
626 5401 698 5446 est
718 5393 939 5464 priurum
962 5393 1300 5463 inundamur?
1332 5394 1560 5463 primum
1594 5401 1679 5445 est
1705 5391 1845 5444 enim
1876 5389 2023 5455 illud,

459 5480 575 5536 Non
605 5482 930 5538 nmliaberis
956 5524 970 5550 ,
1017 5493 1073 5539 et
1103 5526 1120 5550 ,
1156 5484 1274 5537 Non
1302 5485 1516 5537 occides.
1550 5482 1664 5535 Non
1697 5482 1866 5555 ipsum
1892 5481 2030 5535 dixit

452 5573 678 5641 primum
722 5574 912 5630 ordine
938 5616 952 5640 ,
984 5575 1079 5630 sed
1137 5575 1517 5645 promissione.
1565 5573 1675 5627 Illis
1718 5573 1873 5641 igitur
1922 5589 2028 5626 non

450 5652 767 5735 preponitur
787 5681 996 5722 merces
1022 5709 1037 5731 ,
1065 5676 1122 5721 ut
1147 5682 1265 5736 qua:
1286 5669 1576 5721 constituta
1604 5667 1711 5728 sint
1740 5665 1806 5719 de
1833 5666 1984 5719 malis
2011 5704 2026 5726 ,

444 5755 596 5823 etde
616 5771 835 5813 recessu
865 5773 895 5812 a
920 5759 1110 5824 malis;
1139 5760 1192 5813 in
1223 5759 1305 5812 his
1337 5769 1512 5815 autem
1542 5801 1558 5824 ,
1594 5768 1777 5828 utpote
1804 5774 1924 5811 cum
1958 5759 2027 5811 sit

442 5843 708 5927 bonorum
739 5849 1001 5918 operatio,
1017 5848 1230 5916 ponitur
1256 5850 1414 5917 etiam
1447 5851 1742 5934 promissio.
1768 5847 1901 5903 Vide
1928 5863 2026 5901 au-

795 5956 1066 6016 PATBOL.
1113 5955 1231 6038 Ge.
1281 5957 1473 6018 LXII.

2151 1829 2255 1891 tem
2276 1828 2545 1894 quomodo
2572 1829 2739 1886 basim
2766 1833 3134 1894 admirabilem
3165 1838 3401 1909 posuerit
3431 1840 3529 1911 vim
3558 1841 3731 1895 virtu-

2150 1915 2216 1970 tis
2242 1957 2257 1981 ,
2289 1933 2482 1988 nempe
2513 1920 2563 1974 in
2598 1934 2848 1991 parentes
2877 1926 3136 1983 honorem
3169 1940 3222 1983 et
3253 1932 3647 1997 reverentiam;
3672 1944 3729 1986 et

2142 2004 2263 2072 jure
2282 2008 2517 2077 quidem.
2548 2011 2677 2067 Cum
2709 2015 3020 2073 abduxisset
3047 2034 3076 2071 a
3109 2021 3263 2074 malis
3289 2022 3593 2089 actionibus
3620 2066 3635 2089 ,
3667 2034 3723 2079 et

2147 2096 2285 2190 bona
2310 2109 2453 2154 esset
2475 2101 2831 2172 ingressurus,
2865 2107 2965 2163 hoc
2996 2110 3221 2178 primum
3245 2113 3439 2189 posuit,
3466 2113 3721 2190 honorem

2148 2185 2198 2251 in
2229 2200 2498 2257 parentes,
2531 2196 2781 2263 quoniam
2812 2206 2868 2253 et
2894 2210 3018 2255 ante
3048 2202 3227 2256 omnia
3256 2183 3356 2272 ipsi
3399 2183 3526 2273 post
3556 2206 3720 2260 Deum

2148 2277 2360 2332 fircruut
2388 2292 2639 2338 auctores
2668 2286 2808 2363 vitae.
2839 2287 3017 2359 Quare
3045 2291 3237 2347 merito
3265 2296 3421 2363 primi
3461 2296 3721 2351 bonorum

2146 2379 2450 2429 nostrorum
2492 2375 2719 2430 fructum
2771 2382 3108 2451 perceperint
3130 2426 3144 2448 ,
3173 2394 3228 2453 et
3259 2394 3383 2457 tunc
3409 2386 3497 2457 alii
3538 2402 3725 2442 omnes

2147 2459 2410 2531 homines.
2439 2464 2570 2539 Nam
2599 2467 2642 2535 si
2671 2469 2791 2538 quis
2819 2470 2917 2525 hoc
2942 2490 3046 2527 non
3076 2456 3602 2545 habeat,numquam
3622 2479 3726 2531 erit

2144 2551 2314 2617 bonus
2334 2565 2388 2625 et
2408 2558 2670 2626 :equusin
2693 2568 2999 2618 extraneos.
3023 2564 3153 2619 Cum
3176 2581 3303 2639 ergo
3330 2565 3449 2645 [iliis
3466 2567 3723 2643 suasisset

2142 2660 2262 2715 qua:
2288 2648 2611 2715 oportebat,
2645 2653 2835 2706 transit
2864 2654 2930 2708 ad
2960 2667 3210 2726 parentes
3240 2698 3255 2721 ,
3288 2637 3342 2711 et
3369 2637 3499 2713 dicit
3525 2676 3539 2712 :
3570 2658 3624 2713 4.
3654 2658 3717 2712 Et

2144 2752 2248 2803 vos,
2281 2750 2467 2807 patres,
2498 2742 2649 2795 nolite
2672 2743 2741 2796 ad
2768 2745 2897 2799 iram
2929 2762 3201 2815 provocare
3224 2750 3357 2818 filios
3386 2761 3606 2817 vestros;
3630 2750 3720 2805 srd

2143 2829 2351 2882 educato
2377 2830 2491 2885 illos
2526 2831 2579 2885 in
2619 2834 2888 2902 disciplina
2915 2846 2962 2893 et
2986 2824 3297 2913 correptione
3342 2839 3567 2895 Domini.
3601 2839 3718 2896 Non

2140 2918 2271 2972 dicit
2298 2961 2314 2985 ,
2362 2920 2467 2976 Eos
2494 2922 2700 3001 diligite
2734 2941 2749 2991 ;
2789 2926 2891 2982 hoc
2919 2929 3062 2983 enim
3092 2932 3172 2985 eis
3200 2932 3290 2987 vel
3318 2933 3498 2989 invitis
3528 2944 3716 2988 natura

2140 3009 2378 3077 attrahit,
2409 3020 2464 3077 et
2485 3013 2808 3083 superﬂuum
2841 3027 2986 3073 esset
3009 3018 3077 3074 de
3106 3020 3185 3074 eis
3213 3021 3385 3091 legem
3415 3008 3555 3078 ferre
3580 3040 3593 3076 :
3622 3021 3720 3078 sed

2140 3100 2265 3170 quid
2292 3101 2463 3157 dicit?
2504 3103 2681 3160 Nolite
2704 3124 2978 3176 provocare
3006 3112 3073 3164 ad
3096 3113 3228 3165 iram
3257 3114 3391 3183 ﬁlios
3413 3126 3639 3179 vestros;
3664 3125 3721 3171 ut

2141 3192 2287 3246 inulti
2302 3192 2497 3250 faciunt
2511 3210 2603 3251 eos
2618 3198 3002 3256 exheredantes
3019 3212 3072 3257 et
3089 3203 3476 3265 abdicantes.et
3490 3222 3581 3261 eos
3602 3222 3723 3276 gra-

2140 3295 2322 3339 vantes
2364 3295 2419 3341 et
2446 3300 2752 3357 prementes
2782 3334 2795 3354 ,
2826 3308 2930 3347 non
2961 3303 3019 3348 ut
3046 3295 3244 3349 liberos
3270 3337 3285 3360 ,
3315 3296 3411 3351 sed
3445 3308 3712 3366 tamquam

2138 3377 2420 3447 mancipia.
2455 3380 2742 3449 Propterea
2766 3383 2893 3437 dicit
2919 3425 2932 3446 ,
2978 3382 3155 3455 Nolite
3185 3403 3457 3455 provocare
3485 3388 3554 3440 ad
3580 3388 3711 3441 iram

2137 3466 2273 3554 filios
2298 3480 2506 3522 vestros.
2542 3472 2741 3554 Deinde
2783 3473 2927 3542 quod
2962 3485 3045 3530 est
3076 3485 3239 3549 caput
3278 3485 3333 3531 et
3361 3493 3568 3531 summa
3598 3493 3716 3532 om-

2139 3550 2282 3602 nium
2308 3591 2323 3615 ,
2357 3552 2591 3619 ostendit
2616 3550 3018 3632 qubquosiut
3046 3558 3309 3613 obedituri
3341 3601 3356 3623 ,
3410 3570 3515 3615 tota
3554 3577 3713 3616 eau~a

2137 3636 2362 3719 deducta
2388 3641 2453 3720 ad
2483 3654 2642 3717 caput
2670 3654 2723 3699 et
2755 3646 2960 3720 initium
2988 3665 3001 3702 :
3028 3659 3081 3703 et
3109 3648 3246 3704 sicut
3272 3652 3577 3707 ostenderat
3602 3669 3716 3707 ma-

2137 3729 2294 3807 ritum
2324 3746 2443 3787 esse
2471 3748 2685 3812 causam
2722 3746 2778 3789 ut
2821 3737 3036 3803 obediat
3066 3754 3200 3793 uxor
3229 3782 3243 3805 ,
3280 3751 3333 3794 et
3375 3741 3496 3797 ideo
3529 3745 3714 3797 multis

2134 3835 2256 3897 eum
2284 3836 2349 3876 eo
2380 3823 2527 3892 agit,
2557 3824 2850 3881 adhortans
2905 3835 2963 3882 ut
3004 3814 3139 3883 eam
3168 3832 3402 3885 attrahat
3435 3834 3714 3905 tyrannide

2135 3912 2473 3991 dilectionis;
2508 3917 2576 3971 ita
2623 3920 2708 3974 hic
2747 3936 2958 3991 qunque
2985 3937 3172 3978 rursus
3204 3924 3251 3979 ei
3279 3940 3496 3993 causam
3530 3929 3716 3983 tribuit

2137 4006 2322 4084 dicens
2355 3996 2375 4061 ε’
2401 4009 2505 4063 Sed
2532 4012 2740 4089 educato
2776 4013 2890 4067 illos
2930 4014 2981 4068 in
3023 4016 3295 4095 disciplina
3322 4029 3368 4071 et
3394 4021 3712 4090 correptione

2138 4096 2364 4165 Domini.
2393 4100 2553 4155 Vides
2580 4104 2739 4171 quod,
2776 4104 2818 4156 si
2852 4104 3027 4187 adsint
3054 4107 3348 4176 spiritualia
3374 4150 3389 4174 ,
3423 4122 3714 4179 sequentur

2137 4192 2294 4266 etiam
2326 4192 2557 4272 carnalia
2583 4194 2605 4251 _?
2632 4192 2722 4246 Vis
2754 4193 2917 4247 lilium
2946 4208 3068 4249 esse
3095 4188 3434 4251 obedientem
3466 4201 3490 4249 ἲν
3515 4202 3581 4253 ab
3606 4201 3709 4253 ini-

2138 4270 2210 4341 tio
2237 4304 2357 4343 eum
2398 4270 2563 4343 educa
2597 4288 2647 4341 in
2676 4288 2958 4363 disciplina
2987 4297 3040 4343 et
3063 4288 3428 4356 admonitione
3457 4291 3665 4347 Domini
3697 4312 3712 4350 :

2138 4398 2203 4436 ne
2229 4382 2502 4435 existimes
2529 4396 2647 4435 esse
2674 4395 3129 4457 supervaCaneum
3153 4424 3167 4447 ,
3202 4384 3341 4455 quod
3369 4386 3481 4454 ipse
3507 4385 3715 4440 divinas

2131 4468 2561 4555 Literasaudiat:
2591 4489 2710 4528 nam
2740 4476 2845 4528 illic
2876 4479 2975 4529 hoc
2994 4475 3222 4545 primum
3244 4478 3482 4548 audient,
3506 4479 3715 4534 Honora

2137 4574 2330 4633 patrem
2357 4573 2403 4618 et
2429 4573 2659 4617 matrem.
2686 4566 2866 4636 Itaque
2891 4556 3109 4637 propter
3140 4579 3190 4624 te
3218 4569 3321 4624 hoc
3349 4571 3424 4623 iit.
3444 4571 3521 4625 Ne
3545 4571 3709 4636 dicas,

2138 4655 2248 4710 lloc
2265 4666 2347 4711 est
2371 4656 2750 4710 monachorum
2774 4674 2788 4724 ;
2809 4674 2933 4712 num
2957 4674 3055 4728 ego
3069 4675 3189 4714 eum
3216 4640 3351 4716 facio
3371 4662 3712 4716 monachum?

2134 4747 2249 4801 Neu
2272 4756 2354 4801 est
2378 4761 2596 4801 necesse
2619 4756 2675 4801 ut
2697 4748 2784 4802 liat
2813 4751 3128 4818 monachus.
3152 4751 3288 4819 Quid
3310 4751 3360 4806 id
3381 4753 3555 4815 times,
3573 4755 3713 4821 quod

2135 4849 2218 4916 est
2240 4840 2405 4893 multo
2431 4839 2578 4893 lucro
2608 4840 2866 4908 plenum?
2893 4842 3000 4898 Fac
3028 4859 3150 4899 eum
3182 4844 3568 4900 Christianum.
3599 4844 3712 4899 Man

2139 4932 2277 4997 xime
2303 4930 2444 5004 enim
2476 4932 2757 4985 mundanis
2781 4974 2797 4999 ,
2846 4948 3040 5003 nempe
3066 4937 3412 5007 saecularibus
3445 4977 3460 5001 ,
3494 4950 3715 4989 necesse

2138 5032 2219 5075 est
2253 5022 2463 5096 discere
2502 5038 2619 5092 quae
2650 5023 2756 5077 illic
2784 5033 2909 5080 sunt
2936 5024 3257 5080 documenta
3283 5069 3296 5089 ,
3333 5026 3501 5094 magis
3529 5034 3711 5079 autem

2138 5114 2337 5189 pueris.
2371 5114 2529 5168 Multa
2557 5123 2639 5167 est
2664 5115 2805 5168 enim
2832 5115 2884 5168 in
2915 5116 3001 5174 illa
3026 5126 3181 5169 (etate
3201 5116 3495 5185 ignorantia
3520 5131 3534 5179 ;
3558 5118 3713 5185 igno-

2139 5207 2324 5270 rantia:
2353 5216 2528 5279 autem
2560 5205 2616 5262 (it
2642 5190 2878 5275 accessio
2914 5209 3072 5261 etiam
3111 5224 3175 5261 ex
3219 5208 3432 5275 scriptis
3460 5217 3711 5263 externo-

2138 5314 2253 5351 rnm
2284 5314 2298 5361 ;
2327 5296 2537 5365 quando
2569 5312 2664 5365 per
2700 5313 2761 5350 ea
2791 5296 3077 5351 didicerint
3115 5312 3208 5351 eos
3236 5299 3323 5367 qui
3366 5308 3490 5353 sunt
3516 5299 3710 5355 heroes

2140 5388 2322 5443 haberi
2350 5389 2399 5440 in
2425 5387 2795 5457 admiratione,
2823 5402 2942 5441 cum
2965 5387 3226 5441 sintscrvi
3250 5390 3410 5444 animi
3438 5393 3709 5460 perturba-

2139 5481 2339 5533 tionum
2367 5486 2422 5530 et
2453 5477 2723 5543 vitiorum,
2752 5485 2807 5529 et
2835 5488 3064 5530 mortem
3095 5479 3315 5534 timeant
3347 5498 3358 5533 :
3395 5491 3449 5533 ut
3478 5480 3712 5537 Achilles

2137 5569 2349 5640 quando
2370 5584 2490 5638 eum
2517 5566 2758 5635 pmnitet,
2781 5566 2993 5636 quando
3020 5569 3246 5622 moritur
3269 5586 3361 5638 pro
3386 5571 3707 5633 concubina;

2138 5662 2354 5731 quando
2386 5661 2521 5711 alius
2543 5667 2624 5712 est
2654 5659 2836 5712 ebrius
2864 5700 2881 5723 ,
2913 5668 2968 5713 et
2996 5661 3159 5714 multa
3190 5661 3293 5715 alia
3321 5660 3603 5731 ejusmodi.
3635 5661 3713 5714 illi

2139 5771 2265 5823 ergo
2295 5769 2429 5821 opus
2453 5760 2535 5803 est
2572 5750 2652 5803 his
2682 5751 3109 5807 medicamentis.

2208 5846 2261 5897 Si.
2289 5841 2565 5909 Quomodo
2597 5840 2737 5895 cnim
2768 5859 2874 5896 non
2902 5854 2984 5900 est
3009 5841 3304 5910 absurdum
3333 5841 3399 5895 ad
3425 5849 3566 5895 artes
3597 5842 3717 5910 qui-

3330 5956 3404 6014 ω
