4218 6266
571 400 664 466 lsi

569 531 689 579 dem
719 525 1102 592 1111111-10,01.1(1
1126 528 1303 581 ludum
1335 529 1646 595 literarium,
1675 536 1726 582 et
1752 541 1846 597 pro
1873 541 1937 581 eo
1963 525 2142 580 omnia

572 619 748 675 facere
778 637 792 683 ;
827 620 878 674 in
909 619 1184 689 disciplina
1234 628 1409 675 autem
1439 627 1494 675 et
1519 620 1609 674 Dei
1636 618 2149 688 1111111001ιί01101111οι

566 724 655 764 ros
679 725 782 765 11011
810 708 1085 766 educare?
1115 710 1403 781 Propterea
1433 726 1531 766 nos
1560 711 1713 781 primi
1744 711 1943 766 fructus
1972 710 2144 780 perci-

568 805 742 873 pimus
765 845 782 870 ,
808 803 1037 858 audaces
1061 844 1076 869 ,
1109 803 1529 874 intemperantes
1547 845 1563 870 ,
1593 804 1962 874 immorigeros
1982 844 1997 868 ,
2027 815 2143 856 sor-

567 894 763 959 didos,
810 903 865 949 et
919 894 1207 949 illiberales
1254 895 1463 949 alentes
1518 895 1676 949 filios.
1730 893 1807 948 Ne
1859 909 1987 963 ergo
2039 893 2142 948 hoc

565 986 839 1051 faciamus,
869 984 964 1040 sed
994 984 1116 1040 huic
1143 985 1298 1041 beato
1327 1000 1604 1055 pareamus
1630 985 1871 1041 suadenti
1898 1003 1910 1038 :
1939 984 2138 1040 educe-

562 1091 678 1132 mus
703 1091 796 1132 eos
842 1078 893 1132 in
936 1077 1218 1148 disciplina
1258 1088 1311 1133 et
1347 1078 1715 1133 admonitione
1764 1075 2136 1132 001111111εά0-

565 1183 681 1220 mus
719 1167 798 1223 eis
826 1167 1128 1237 exemplum
1160 1209 1174 1232 ,
1206 1168 1275 1222 ab
1325 1169 1540 1223 ineunte
1582 1176 1745 1223 :etate‘
1765 1176 2014 1222 curantes
2040 1181 2136 1222 eos

561 1259 869 1314 incumbere
921 1260 1136 1314 lectioni
1189 1258 1607 1328 Scripturarum.
1660 1258 1757 1315 l'lei
1808 1258 1977 1312 mihil
2019 1256 2135 1313 11ωο

557 1349 770 1404 assidue
818 1349 1002 1405 dicens
1057 1349 1243 1405 videor
1289 1349 1559 1416 delirare;
1604 1357 1971 1404 verumtamen
2027 1355 2130 1403 non

553 1440 778 1496 eessabo
805 1439 979 1496 facere
1006 1441 1147 1510 quod
1177 1451 1261 1497 est
1292 1456 1491 1497 meum.
1536 1441 1643 1496 Cur
1666 1482 1681 1504 .
1709 1440 1796 1495 dic
1821 1440 1956 1495 mihi”
1978 1481 1993 1505 ,
2024 1456 2130 1495 non

555 1531 779 1586 imitaris
802 1542 1010 1587 veteres
1035 1534 1057 1583 ‘I
1087 1532 1314 1587 Maxime
1341 1547 1455 1597 vos.
1480 1533 1754 1596 mulieres;
1786 1530 1903 1585 illas
1934 1530 2128 1585 mulie-

553 1637 641 1677 res
670 1624 1006 1678 admirandas
1028 1625 1367 1679 armulamini.
1392 1624 1651 1693 Peperisti
1675 1623 1838 1677 [ilium
1865 1624 1889 1676 ?
1920 1622 2128 1678 Imitare

551 1714 760 1767 Annam
791 1756 806 1780 ,
834 1715 978 1769 disce
1003 1715 1130 1785 qttid
1165 1716 1251 1769 illa
1286 1715 1469 1770 fecerit
1497 1732 1511 1779 ;
1542 1730 1663 1770 eum
1696 1715 1873 1769 statim
1906 1714 2127 1769 deduxit

550 1805 601 1859 111
635 1808 906 1875 templum.
935 1807 1187 1874 Quzenam
1215 1818 1450 1864 vestrum
1477 1822 1593 1883 11011,
1609 1808 1854 1864 maluerit
1881 1823 2037 1862 suum
2071 1808 2125 1861 li-

550 1891 674 1950 liu‘m
735 1913 853 1953 esse
900 1898 1429 1969 Samuclem,quam
1481 1900 1674 1954 millies
1727 1915 1905 1970 regem
1960 1900 2124 1954 totius

546 1985 692 2043 Orbis
723 2001 878 2046 terrae
902 1990 936 2045 ’ἴ
958 1991 1024 2046 Et
1049 1993 1339 2062 quomodo,
1369 1993 1578 2062 inquit,
1617 1994 1728 2048 lieri
1760 2002 1934 2063 potest
1970 2004 2025 2048 ut
2053 1995 2124 2048 sit

545 2081 708 2136 talis?
736 2082 910 2150 Quare
937 2094 1046 2138 non‘
1074 2088 1248 2155 potest
1275 2085 1387 2141 fieri
1409 2084 1435 2139 ?
1459 2086 1721 2153 Quoniam
1750 2103 1853 2141 non
1891 2088 1991 2153 vis,
2023 2103 2120 2143 nec

542 2186 663 2226 eum
693 2173 857 2229 tradis
884 2175 948 2230 iis
979 2175 1064 2245 q‘ui
1101 2185 1325 2247 possunt
1346 2192 1466 2231 emn
1493 2177 1648 2233 talem
1677 2176 1876 2233 facere.
1907 2178 1974 2233 Et
2001 2180 2121 2249 quis

542 2263 587 2317 is
613 2273 712 2327 est,
748 2265 961 2336 inquit?
992 2266 1132 2323 Deus
1159 2286 1172 2323 :
1204 2278 1323 2322 nam
1353 2268 1466 2338 ipsa
1498 2269 1649 2324 illum
1669 2270 1716 2324 ei
1745 2268 1980 2325 tradidit.
2010 2269 2116 2325 Ne.

539 2369 643 2422 quc
681 2355 821 2410 enim
848 2356 964 2411 Heli
991 2367 1108 2412 erat
1134 2374 1198 2413 ex
1227 2359 1294 2413 iis
1314 2361 1404 2429 qui
1435 2359 1723 2415 admodum
1747 2368 1972 2430 possent
1992 2376 2113 2415 eum

542 2444 742 2513 lingere
767 2455 819 2500 et
847 2446 1134 2502 cll‘ormare
1166 2466 1179 2501 :
1213 2442 1482 2518 quomodo
1512 2450 1655 2504 enim
1687 2491 1702 2517 ,
1746 2451 1837 2520 qui
1865 2459 1964 2506 nec
1989 2465 2115 2505 suos

541 2533 710 2601 potuit
751 2533 1058 2590 tilios?sed
1104 2536 1236 2592 ﬁdes
1281 2537 1519 2592 mulieris
1562 2548 1616 2594 et
1661 2539 1905 2594 alacritas
1952 2541 2114 2595 animi

541 2633 706 2678 totum
737 2624 931 2681 effecit.
966 2627 1200 2683 Primum
1231 2631 1440 2699 peperit
1468 2640 1524 2685 et
1546 2633 1744 2698 solum,
1775 2642 1949 2688 etnec
1977 2633 2115 2689 scie-

540 2715 628 2770 bat
655 2731 721 2770 an
751 2717 884 2774 alios
908 2731 1053 2775 esset
1083 2721 1336 2790 paritura.
1359 2721 1543 2792 Neque
1573 2724 1742 2789 dixit,
1777 2719 2112 2793 Exspectaho

536 2806 661 2861 dum
689 2818 895 2864 crescat
923 2811 1116 2878 infans,
1149 2821 1206 2867 ut
1235 2822 1413 2868 utatur
1441 2814 1603 2869 rebus
1630 2831 1747 2885 quae
1778 2815 1842 2870 ad
1873 2816 2007 2870 hanc
2028 2816 2109 2869 vi-

537 2906 643 2952 tam
673 2901 939 2968 pertinent
974 2919 987 2956 :
1014 2903 1305 2958 concedam
1339 2914 1394 2959 ut
1424 2906 1538 2975 ipse
1567 2921 1752 2975 parum
1787 2917 2030 2962 versetur
2057 2909 2107 2962 in

536 2999 693 3045 a-tate
733 2993 921 3061 puerili
952 3011 966 3047 :
996 2995 1087 3050 sed
1135 2995 1217 3051 his
1248 2996 1495 3054 omnibus
1539 2999 1859 3068 propulsatis
1884 3041 1898 3062 ,
1930 3000 1980 3054 in
2010 3001 2110 3055 hoc

529 3078 650 3133 solo
682 3081 799 3146 fuit,
826 3083 1092 3153 quomodo
1114 3085 1180 3138 ab
1198 3086 1348 3141 initio
1364 3086 1538 3157 imago
1562 3088 1851 3158 spiritualis
1878 3089 1987 3144 Deo
2011 3089 2109 3145 de-

533 3164 802 3228 dicaretur
827 3174 904 3244 (l.
938 3172 1064 3245 Reg.
1099 3174 1179 3246 2).
1212 3174 1423 3232 Pudore
1447 3176 1743 3233 afﬁciamur
1772 3179 1869 3234 viri
1900 3179 1968 3234 de
1993 3194 2112 3234 mu-

532 3259 679 3319 lieris
726 3265 1057 3335 phil050phia
1092 3284 1104 3319 :
1139 3283 1261 3323 eum
1297 3268 1405 3324 Deo
1431 3269 1664 3337 obtulit,
1713 3280 1767 3325 et
1810 3271 1916 3327 illic
1956 3272 2098 3327 sivit.

533 3355 829 3426 Propterea
845 3353 1004 3412 etiam
1023 3358 1355 3428 splendidius
1368 3359 1566 3415 factum
1589 3370 1672 3416 est
1686 3363 2106 3429 matrimonium,

530 3449 651 3519 quia
675 3449 821 3519 prius
839 3450 1131 3519 spiritualia
1161 3451 1427 3521 quaesivit,
1451 3451 1574 3522 quia
1588 3452 1783 3507 obtulit
1826 3453 2104 3524 primitias:

530 3551 808 3611 propterea
839 3540 1027 3597 fertilis
1058 3541 1153 3596 fuit
1182 3526 1299 3611 ejtis
1324 3553 1509 3598 uterus
1532 3585 1547 3610 ,
1577 3553 1632 3598 et
1661 3543 1797 3599 alios
1827 3544 2097 3599 1111111111ῐί-

532 3630 633 3684 lios
665 3652 678 3684 :
710 3641 991 3701 propterea
1035 3641 1089 3687 et
1119 3634 1171 3686 in
1204 3629 1403 3688 mundo
1429 3650 1553 3690 eum
1585 3635 1718 3691 vidit
1748 3634 2027 3691 ﬂorentem
2053 3645 2109 3692 et

530 3720 583 3773 in
613 3721 748 3775 bona
771 3737 890 3777 esse
909 3723 1328 3780 existimatione.
1353 3722 1406 3781 Si
1422 3727 1561 3781 cnim
1588 3727 1834 3784 homines
1859 3728 2105 3785 honorati

531 3813 764 3868 vicissim
785 3805 1067 3880 honorant,
1087 3831 1266 3871 annon
1290 3818 1457 3872 multo
1473 3825 1641 3889 magis
1665 3815 1822 3886 Deus,
1841 3824 1928 3892 qui
1946 3824 2105 3878 etiam

531 3898 653 3959 licet
675 3919 780 3959 non
811 3904 1105 3960 honoratus
1133 3908 1234 3962 hoc
1262 3907 1429 3963 facit?
1461 3909 1750 3982 Quousque
1773 3928 1958 3972 sumus
1989 3931 2109 3971 car-

532 4012 627 4051 nes
648 3990 673 4051 ?
696 4012 973 4069 quousque
995 4000 1046 4055 in
1074 4008 1269 4056 terram
1294 4002 1638 4059 incurvamur
1652 3997 1684 4058 7'
1697 4005 1883 4062 Omnia
1905 4024 1934 4063 a
1954 4010 2107 4065 nobis

535 4099 921 4161 postponantur
939 4107 1086 4149 curas
1114 4092 1343 4150 filiorum
1367 4136 1383 4163 ,
1415 4104 1469 4152 et
1499 4110 1688 4153 eorum
1716 4084 2021 4157 educationi
2054 4104 2105 4159 in

533 4170 809 4251 disciplina
840 4192 893 4238 et
919 4184 1285 4242 admonitione
1318 4187 1546 4243 Domini.
1599 4188 1652 4245 Si
1692 4190 1759 4245 ab
1788 4192 1940 4248 iuitio
1965 4192 2106 4249 didi-

533 4272 667 4325 cerit
707 4285 827 4326 esse
866 4262 1214 4344 philosOphus
1244 4316 1261 4343 ,
1292 4278 1575 4348 acquisivit
1620 4279 1833 4336 divitias
1877 4282 2107 4353 majores

535 4361 811 4430 quibusvis
830 4362 1049 4432 divitiis,
1080 4375 1135 4420 et
1161 4367 1519 4436 potentiorem
1546 4369 1793 4440 gloriam.
1814 4368 1959 4427 Nihil
1990 4382 2108 4428 tan.

531 4462 642 4507 tum
673 4452 873 4508 efficies
901 4454 1102 4511 docens
1131 4466 1305 4515 artem
1331 4468 1386 4515 et
1422 4459 1755 4532 disciplinam
1787 4473 2061 4519 externam
2088 4508 2104 4533 ,

534 4560 628 4615 per
673 4562 831 4616 quam
879 4550 1120 4619 acquiret
1147 4548 1360 4607 divitias
1392 4592 1407 4618 ,
1441 4568 1601 4624 quam
1631 4557 1675 4611 si
1704 4571 1825 4611 eum
1857 4557 2105 4615 docueris

527 4648 696 4694 artem
729 4655 824 4709 per
848 4656 1007 4712 quam
1035 4642 1296 4712 despiciet
1325 4643 1560 4704 divitias.
1592 4643 1649 4703 Si
1681 4650 1813 4705 velis
1857 4664 1980 4706 eum
2020 4651 2106 4707 di-

533 4732 695 4786 vitem
721 4735 918 4797 facere,
943 4736 1020 4787 sic
1042 4732 1219 4787 facito.
1250 4733 1347 4789 Est
1373 4736 1515 4790 enim
1544 4737 1695 4794 dives
1717 4754 1823 4795 non
1854 4741 1943 4810 qui
1972 4742 2107 4796 mul-

528 4825 595 4874 tis
621 4828 742 4889 eget
769 4820 970 4876 divitiis
999 4862 1013 4885 ,
1052 4824 1105 4876 et
1130 4822 1312 4878 multis
1338 4834 1419 4879 est
1443 4826 1803 4885 circumdatus
1833 4871 1849 4897 ,
1881 4830 1974 4885 sed
2013 4833 2102 4901 qui

529 4910 727 4967 nullius
760 4912 975 4983 indiget.
1004 4909 1117 4969 Hoc
1142 4915 1278 4972 doce
1304 4915 1493 4982 lilium,
1529 4919 1629 4974 hoc
1655 4922 1807 4976 erudi
1836 4939 1849 4975 :
1882 4923 1963 4977 ha:
1995 4939 2110 4977 ma-

530 5004 686 5057 xima:
716 5011 838 5058 sunt
862 5000 1082 5059 divitiae.
1115 4999 1192 5060 Ne
1218 5021 1427 5075 quaeras
1454 5008 1723 5077 quom’odo
1748 5026 1870 5065 eum
1914 5012 2107 5069 reddas

527 5093 809 5154 ﬂorentem
831 5107 886 5153 et
913 5112 1119 5169 magna:
1134 5096 1548 5155 existimationis
1577 5102 1627 5155 in
1648 5101 1907 5157 doctrinis
1927 5112 2107 5159 exter-

532 5192 613 5245 nis
631 5231 647 5256 ,
676 5200 731 5247 et
757 5192 949 5247 reddas
978 5191 1144 5263 gloria
1170 5191 1467 5262 insignem;
1495 5192 1587 5248 sed
1616 5206 1742 5248 cura
1775 5203 1833 5248 ut
1859 5208 1980 5249 eum
2009 5196 2107 5251 do-

528 5296 649 5336 ceas
670 5277 945 5352 despicere
973 5284 1128 5355 hujus
1155 5282 1279 5338 vita:
1306 5284 1530 5354 gloriam
1566 5300 1581 5339 :
1611 5284 1733 5339 inde
1760 5283 1851 5338 llet
1869 5286 2106 5355 splendi-

532 5360 652 5429 dior
679 5382 734 5428 et
761 5374 931 5444 gloria
960 5374 1234 5432 illustrior.
1265 5376 1389 5432 111110
1409 5386 1463 5432 et
1493 5379 1710 5448 pauperi
1738 5388 1792 5433 et
1814 5379 1960 5433 diviti
1985 5379 2108 5433 licet

528 5463 707 5521 facere
733 5483 745 5519 :
775 5466 887 5521 111110
923 5482 1027 5521 11011
1053 5484 1083 5522 a
1114 5468 1334 5524 dectore
1357 5469 1515 5525 discit
1540 5470 1733 5539 aliquis
1758 5510 1774 5535 ,
1807 5485 1982 5538 neque
2010 5486 2106 5539 per

526 5567 718 5623 artem,
749 5552 843 5612 sed
872 5572 966 5627 per
986 5552 1161 5613 divina
1185 5561 1412 5630 eloquia.
1440 5560 1555 5616 Non
1580 5569 1789 5631 quaeras
1814 5571 1869 5614 ut
1897 5561 2106 5630 longam

528 5641 615 5704 hic
636 5642 776 5704 vivat
797 5649 978 5713 vitam,
1003 5650 1094 5704 sed
1114 5660 1169 5704 ut
1192 5651 1297 5706 illic
1320 5652 1580 5706 infinitam
1603 5660 1657 5706 et
1680 5668 1799 5720 qua:
1817 5666 2115 5722 numquam

524 5743 754 5798 desinat.
788 5743 974 5813 Magna
1019 5733 1094 5797 illi
1141 5744 1458 5812 largiremou
1487 5760 1646 5814 parva
1676 5763 1689 5800 :
1721 5745 1843 5800 audi
1878 5745 2101 5799 Paulum

526 5834 831 5899 diretttem,
868 5834 1091 5889 Educatc
1119 5851 1201 5889 eos
1243 5837 1293 5889 in
1343 5837 1612 5904 disciplina
1656 5846 1707 5890 et
1752 5836 2117 5892 admonitione

1258 414 1313 469 s.
1352 396 1627 471 JOANNIS
1661 392 2131 469 cuhvsbsrovit
2171 410 2485 468 menter.
2525 406 3054 478 CONSTANTINOP.

3735 423 3833 486 l5!

2255 525 2479 581 Domini.
2511 529 2587 585 Ne
2623 533 2856 589 studium
2886 551 3050 605 ponas
3096 546 3151 591 ut
3178 553 3298 595 eum
3329 540 3488 597 facias
3518 554 3785 600 oratorem
3813 590 3829 612 ,

2247 617 2340 672 sed
2367 618 2515 674 erudi
2544 629 2601 676 ut
2624 623 2692 678 sit
2718 624 3090 696 philosophus.
3113 627 3243 683 Nam
3266 631 3310 685 si
3338 631 3465 686 illud
3487 634 3699 703 quidem
3723 642 3830 694 non

2246 708 2351 776 sit,
2385 709 2517 767 nihil
2559 722 2642 769 est
2688 714 2866 771 damni
2896 732 2911 783 ;
2941 719 2984 772 si
3041 718 3142 774 hoc
3167 730 3342 776 autem
3382 724 3563 789 absit,
3619 729 3828 786 nullum

2244 799 2346 854 erit
2395 800 2600 858 lucrum
2645 805 2928 863 rhetorica:
2959 813 3304 878 quantumvis
3328 814 3530 869 multae.
3561 814 3709 886 Opus
3743 828 3825 875 est

2245 891 2500 957 moribus,
2526 909 2628 948 non
2659 895 2868 952 dicendi
2899 899 3190 968 facultate;
3221 903 3344 957 vitae
3374 904 3635 961 mo'desua
3668 948 3683 972 ,
3716 911 3823 965 non

2244 981 2498 1037 orationis
2540 985 2876 1043 vehementia
2907 1005 2920 1055 ;
2954 990 3107 1046 factis
3129 1028 3145 1058 ,
3180 998 3293 1047 n‘on’
3317 995 3516 1049 verbis.
3562 996 3688 1053 Haec
3728 1012 3819 1056 re-

2238 1086 2397 1140 gnum
2441 1077 2730 1132 conciliant
2758 1119 2773 1145 ,
2809 1078 2923 1136 haec
2952 1081 3155 1136 donant
3182 1082 3343 1138 etiam
3372 1084 3495 1155 quae
3523 1098 3646 1142 sunt
3690 1102 3818 1146 vere

2239 1160 2395 1215 bona.
2424 1163 2500 1218 Ne
2530 1165 2763 1235 linguam
2789 1182 2972 1237 acuas,
2999 1171 3097 1227 sed
3119 1184 3384 1245 expurges
3410 1177 3664 1233 animam.
3695 1180 3810 1237 Non

2239 1249 2351 1306 haec
2389 1252 2508 1308 dico
2540 1256 2828 1324 prohibens
2855 1261 3092 1330 erudire,
3115 1264 3209 1319 sed
3237 1265 3527 1334 prohibens
3551 1269 3657 1325 illis
3681 1273 3812 1328 solis

2235 1340 2488 1399 adhibere
2516 1348 2772 1403 animum.
2803 1350 2879 1406 Ne
2908 1352 3182 1410 existimes
3212 1356 3353 1426 quod
3375 1358 3504 1412 solis
3532 1363 3815 1418 monachis

2233 1445 2368 1501 Opus
2388 1435 2459 1488 sit
2482 1435 2565 1492 his
2584 1437 2939 1506 documentis,
2955 1457 3071 1512 quas
3092 1455 3372 1502 sumuntur
3392 1462 3455 1502 ex
3479 1448 3764 1519 Scriptnris
3786 1469 3805 1515 :
3842 1469 3847 1473 ‘

2232 1527 2460 1583 maxime
2489 1531 2629 1585 enim
2661 1530 2744 1587 his
2768 1549 2900 1605 opus
2919 1546 3002 1591 est
3032 1537 3097 1592 iis
3118 1540 3316 1608 pueris,
3349 1543 3437 1611 qui
3458 1547 3660 1599 venturi
3682 1552 3810 1603 sunt

2231 1617 2295 1670 ad
2325 1617 2462 1675 hanc
2489 1624 2671 1677 mundi
2701 1626 2884 1680 vitam.
2928 1627 2998 1684 Ut
3024 1631 3167 1685 cnim
3199 1633 3347 1688 navis
3373 1634 3724 1692 iustructione
3750 1646 3805 1695 et

2226 1710 2582 1778 gubernatore
2610 1724 2664 1770 et
2693 1726 2971 1773 nautarum
3009 1720 3157 1790 justo
3185 1731 3240 1778 et
3265 1726 3536 1795 completo
3580 1716 3804 1786 munero

2228 1815 2330 1855 11011
2359 1803 2554 1875 indiget
2584 1807 2630 1861 is
2655 1809 2742 1878 qui
2773 1820 3028 1880 perpetuo
3053 1820 3159 1867 stat
3188 1815 3240 1869 in
3268 1818 3429 1885 portu’
3448 1859 3462 1881 ,
3511 1820 3604 1875 se'd
3635 1822 3680 1876 is
3708 1823 3799 1892 qui

2224 1904 2436 1962 semper
2466 1908 2707 1953 versatur
2734 1901 2784 1954 in
2815 1902 2948 1957 mari
2993 1921 3006 1956 :
3052 1905 3121 1958 ita
3154 1907 3312 1961 etiam
3356 1910 3658 1966 mundanus
3703 1929 3797 1968 seu

2223 1987 2495 2042 saecularis
2541 2000 2595 2044 et
2639 1993 2953 2049 monachus.
2986 1994 3117 2050 Nam
3160 1997 3247 2052 hic
3288 2001 3502 2068 quidem
3530 2013 3610 2057 est
3637 2006 3795 2059 veluti

2223 2075 2274 2129 in
2326 2089 2477 2146 portu
2521 2096 2684 2151 agens
2733 2083 2893 2138 vitam
2946 2087 3106 2143 nullis
3143 2090 3394 2158 agitatam
3422 2092 3669 2148 ﬂuctibus
3698 2137 3711 2159 ,
3744 2105 3799 2151 et

2221 2168 2402 2235 procul
2430 2184 2459 2222 a
2489 2173 2711 2241 negotiis
2740 2214 2754 2238 ,
2789 2185 2843 2229 et
2871 2175 2939 2229 ab
2968 2179 3113 2231 omni
3149 2182 3381 2247 procella
3414 2182 3636 2237 liberam
3663 2202 3674 2237 :
3710 2186 3797 2239 illo

2228 2265 2403 2312 autem
2434 2270 2690 2330 perpetuo
2717 2264 2824 2334 agit
2850 2267 2900 2319 in
2934 2268 3120 2338 pelago
3152 2279 3204 2324 et
3232 2271 3283 2323 iu
3313 2273 3494 2327 medio
3518 2276 3647 2329 mari
3678 2293 3797 2331 ver-

2218 2355 2365 2405 satur
2390 2367 2405 2419 ;
2435 2369 2555 2408 cum
2585 2356 2765 2412 multis
2805 2358 2979 2430 iisque
3025 2362 3328 2433 ingentibus
3348 2381 3590 2437 pugnans
3617 2369 3793 2425 1111011-

2217 2439 2332 2501 bus.
2363 2450 2417 2496 et
2444 2444 2488 2497 si
2521 2444 2633 2513 ipse
2665 2462 2769 2501 non
2799 2463 2933 2518 opus
2963 2450 3125 2507 habet
3151 2493 3164 2516 ,
3197 2460 3441 2523 paratum
3472 2466 3645 2515 tamen
3672 2468 3797 2518 esse

2215 2537 2426 2600 oportet
2450 2536 2757 2591 ut'aliorum
2782 2539 2998 2609 linguas
3020 2542 3283 2598 obstruat.

2285 2622 2338 2678 ὅ.
2371 2625 2515 2680 Aula:
2539 2629 2691 2697 regia:
2713 2631 3283 2699 vitim—Quamobrem
3305 2652 3410 2704 quo
3432 2637 3588 2693 fuerit
3613 2638 3665 2694 111
3693 2640 3803 2696 hac'

2214 2715 2316 2768 vita
2341 2717 2554 2787 majoris
2575 2721 2980 2778 existimationis
3003 2766 3017 2790 ,
3046 2740 3111 2780 eo
3142 2728 3310 2798 magis
3333 2730 3384 2784 ei
3415 2744 3548 2798 opus
3575 2742 3658 2787 est
3692 2733 3803 2788 hac'

2212 2805 2663 2863 eruditione.Nam
2682 2812 2778 2865 etsi
2802 2813 2973 2869 alatur
2991 2814 3041 2868 in
3059 2816 3176 2870 aula
3195 2818 3357 2887 regia,
3380 2820 3529 2873 multi
3546 2831 3668 2876 sunt
3686 2823 3793 2878 illic

2212 2895 2448 2953 et'Grzeci
2463 2909 2514 2953 et
2533 2900 2854 2972 philosophi,
2869 2914 2923 2960 et
2934 2905 3001 2959 ob
3016 2917 3329 2976 praesentem
3342 2909 3561 2979 gloriam
3580 2913 3786 2978 tumidi,

2214 2997 2480 3059 tamquam
2505 2992 2554 3046 in
2584 2992 2701 3048 loco
2721 2995 2807 3063 qui
2830 2995 2899 3049 sit
2915 2997 3149 3065 repletus
3165 2998 3490 3069 hydropicis.
3510 3000 3637 3055 Tale
3662 3003 3799 3071 quid‘

2211 3088 2292 3135 est
2308 3081 2424 3134 aula
2444 3082 2586 3152 regia
2611 3100 2625 3136 :
2649 3099 2836 3141 omnes
2858 3097 2981 3142 sunt
2998 3087 3240 3143 1111101101·
3262 3090 3479 3157 tumidi;
3503 3093 3589 3161 qui
3610 3104 3787 3148 autem

2212 3188 2317 3226 non
2348 3182 2490 3239 sunt,
2518 3175 2750 3230 studium
2778 3186 2980 3246 ponunt
3007 3187 3062 3233 ut
3091 3180 3237 3234 ﬁant.
3262 3178 3443 3251 Cogita
3469 3197 3596 3252 ergo
3621 3198 3790 3253 quan-

2212 3270 2323 3317 tum
2340 3264 2428 3328 sit,
2449 3264 2613 3320 ﬁlium
2641 3275 2787 3321 tuum
2818 3268 2942 3323 illuc
2964 3268 3281 3339 ingressum,
3301 3271 3790 3342 ingredi'tamquam

2210 3355 2466 3423 optimum
2495 3366 2548 3411 ct
2578 3359 3085 3427 praestantissimum
3123 3360 3561 3429 medicum,~eum
3594 3363 3793 3417 instru-

2210 3434 2401 3501 mentis
2425 3462 2543 3517 qua:
2572 3448 2777 3518 possint
2796 3449 3211 3520 uniuscujusque
3240 3459 3502 3507 tumorem
3553 3453 3792 3523 compri-

2210 3551 2357 3592 mere
2376 3577 2392 3601 ,
2421 3547 2477 3593 et
2503 3538 2568 3593 ad
2596 3554 3030 3611 unumquemque
3056 3541 3313 3597 accedere
3338 3551 3393 3597 et
3420 3541 3706 3608 disserere,
3734 3550 3794 3598 et

2208 3641 2401 3697 corpus
2421 3628 2559 3698 quod
2589 3629 2792 3685 laborat
2817 3646 3003 3686 sanum
3032 3630 3208 3687 facere
3226 3673 3243 3700 ,
3271 3632 3661 3687 medicamenta
3689 3632 3795 3687 im-

2208 3728 2492 3788 ponentem
2521 3735 2585 3776 ex
2616 3721 2924 3791 Scripturis,
2949 3732 3004 3778 et
3029 3723 3377 3794 philosophiae
3421 3721 3795 3780 infundentem

2209 3809 2392 3865 verba.
2422 3811 2710 3867 Monachus
2736 3812 2876 3868 enim
2907 3827 3027 3867 cum
3056 3828 3163 3883 quo
3193 3813 3458 3869 disseret?
3482 3829 3603 3869 cum
3634 3829 3803 3870 muro

2206 3908 2262 3956 et
2286 3902 2467 3956 tecto?
2490 3917 2556 3957 an
2579 3918 2699 3958 cum
2731 3902 2956 3958 desertis
2979 3914 3033 3958 et
3060 3905 3402 3961 nemoribus?
3423 3920 3490 3958 an
3518 3920 3641 3960 cum
3671 3907 3805 3961 avi-

2208 3993 2308 4049 bus
2335 4004 2389 4049 et
2413 3994 2731 4051 arboribus?
2759 3996 3030 4066 Ejusmodi
3057 4012 3187 4068 ergo
3212 3998 3452 4053 doctrina
3475 4012 3581 4053 non
3604 4005 3687 4054 est
3707 3999 3798 4056 illi

2208 4086 2492 4141 admodum
2537 4090 2874 4156 necessaria;
2922 4097 3148 4144 conatur
3178 4098 3354 4144 tamen
3396 4089 3497 4145 hac
3534 4088 3589 4144 in
3632 4106 3691 4146 re
3719 4105 3797 4148 se

2210 4187 2353 4233 reete
2380 4192 2588 4249 gerere,
2622 4194 2726 4235 non
2754 4191 2813 4235 ut
2837 4180 2972 4235 alios
3002 4188 3206 4234 tantum
3231 4179 3461 4248 erudiat,
3491 4180 3589 4236 sed
3618 4190 3676 4236 ut
3701 4196 3811 4238 se—

2208 4270 2402 4341 ipsnm.
2429 4268 2539 4324 Hac
2562 4284 2690 4341 ergo
2712 4270 2956 4326 doctrina
2982 4272 3212 4327 maxime
3239 4285 3374 4342 opus
3402 4279 3486 4326 est
3508 4269 3593 4336 iis,
3616 4272 3706 4342 qui
3740 4271 3817 4328 in

2212 4359 2310 4415 hac
2339 4359 2444 4414 vita
2466 4370 2747 4415 versantur
2777 4378 2793 4416 :
2822 4362 2923 4417 iste
2951 4361 3093 4417 enim
3125 4361 3380 4431 peccandi
3409 4361 3669 4431 majorem
3699 4362 3825 4417 ha-

2209 4451 2300 4508 bet
2332 4451 2705 4506 necessitatem
2731 4467 2888 4522 quam
2917 4453 3024 4508 ille.
3053 4451 3109 4507 Si
3131 4453 3213 4508 vis
3234 4461 3412 4508 autem
3441 4466 3822 4522 cognoscere,

2209 4542 2366 4597 etiam
2394 4541 2448 4596 in
2477 4542 2674 4597 mundo
2696 4543 2815 4613 ipso
2837 4544 2940 4599 erit
2965 4544 3162 4614 aptior.
3187 4542 3388 4598 Omnes
3407 4543 3552 4598 enim
3576 4557 3645 4597 ex
3671 4558 3829 4597 ver-

2211 4635 2291 4689 bis
2316 4634 2419 4689 illis
2445 4650 2569 4690 eum
2596 4636 3003 4701 reverebuntur,
3031 4633 3247 4705 quando
3271 4634 3507 4691 viderint
3534 4635 3705 4705 ipsum
3744 4635 3826 4691 in

2209 4725 2329 4796 igne
2352 4742 2457 4782 non
2483 4729 2587 4792 uri,
2610 4742 2784 4797 neque
2813 4727 3164 4797 principatum
3208 4725 3592 4796 concupiscere
3622 4741 3635 4777 :
3664 4732 3833 4782 tunc

2209 4829 2367 4874 etum
2412 4819 2557 4874 illum
2610 4831 3000 4890 consequetur,
3017 4818 3233 4889 quando
3257 4834 3364 4874 non
3389 4816 3730 4888 concupierit.
3763 4829 3849 4877 et

2208 4909 2321 4978 regi
2354 4909 2455 4964 erit
2490 4911 2656 4980 magis
2683 4910 3027 4965 reverendus.
3070 4908 3187 4964 Non
3218 4918 3396 4979 potest
3421 4908 3565 4964 enim
3595 4908 3719 4964 fieri
3767 4921 3859 4968 ut

2215 5004 2262 5058 is
2286 5005 2460 5058 lateat.
2489 5003 2622 5058 Nam
2647 5006 2781 5058 inter
2798 5003 2997 5057 multos
3024 5015 3186 5057 sanos
3209 5000 3398 5056 latebit
3418 5002 3462 5054 is
3486 4999 3576 5069 qui
3601 5009 3685 5055 est
3722 5015 3859 5057 sa-

2213 5109 2332 5157 nus,
2362 5095 2501 5148 inter
2530 5094 2722 5147 multos
2747 5104 2924 5149 autem
2963 5102 3193 5163 :rgrotos
3231 5090 3444 5162 quando
3478 5090 3637 5144 luerit
3661 5105 3869 5149 unus

2211 5201 2395 5252 sanus,
2422 5187 2530 5240 cito
2581 5187 2740 5240 etiam
2785 5185 2926 5239 [atria
2973 5184 3248 5254 perveniet
3271 5183 3341 5237 ad
3368 5197 3525 5236 aures
3551 5180 3733 5251 regis,
3783 5197 3871 5246 ει

2213 5279 2468 5352 11111111οἰ01
2511 5294 2631 5331 eum
2678 5278 2861 5331 multis
2908 5276 3174 5346 gentibus.
3204 5275 3332 5330 11100
3374 5287 3503 5343 ergo
3545 5272 3878 5341 scientes,

2212 5374 2434 5428 educate
2461 5372 2598 5425 filios
2625 5375 2676 5425 in
2703 5370 2984 5439 disciplina
3008 5377 3063 5424 et
3082 5366 3446 5423 admonitione
3474 5362 3736 5419 Domini.
3788 5370 3896 5424 At

2210 5473 2292 5519 est
2316 5464 2579 5534 quispiam
2610 5463 2853 5534 pauper?
2879 5462 2957 5518 Sit
3003 5462 3193 5517 iterum
3245 5473 3481 5530 pauper;
3509 5454 3601 5511 sed
3633 5456 3900 5518 nihilo

2213 5567 2294 5613 est
2326 5558 2480 5611 vilior
2507 5568 2558 5610 et
2583 5555 2843 5625 abjectior
2871 5570 2936 5609 eo
2964 5553 3056 5624 qui
3082 5561 3323 5609 versatur
3361 5551 3416 5605 in
3457 5549 3627 5619 regia,
3687 5563 3890 5612 cum

2215 5666 2318 5704 non
2340 5650 2407 5704 sit
2430 5649 2480 5702 in
2504 5648 2676 5718 regia;
2701 5647 2796 5703 sed
2827 5647 3106 5701 habebitur
3125 5644 3179 5699 in
3199 5641 3577 5703 admiratione.
3600 5646 3673 5693 et.
3719 5645 3897 5703 cito

2211 5742 2386 5796 veniet
2428 5742 2587 5796 etiam
2628 5740 2695 5794 ad
2737 5740 3129 5809 principatum,
3159 5737 3249 5806 qui
3298 5742 3383 5789 est
3428 5732 3859 5796 voluntarius
3900 5787 3926 5811 ν

2216 5852 2320 5902 non
2348 5845 2530 5891 autem
2563 5835 2649 5907 qui
2682 5834 2843 5888 datur
2870 5832 3150 5891 electione.
3182 5828 3237 5886 Si
3266 5825 3608 5884 enim‘Grceei
3652 5868 3681 5893 ,
3729 5846 3934 5895 cum
