4218 6266
497 413 602 498 ίὸὂ
1194 437 1252 490 S.
1292 433 1575 490 JOANNIS
1614 426 2105 486 CI'IRYSOSTOMI
2145 426 2466 483 ARCIHFJ‘.
2508 429 3058 485 CONSTANI'INOP.
3648 431 3746 486 ικι

472 560 596 632 -χὴν
625 560 744 630 ἥξει
776 558 872 629 τὴν
903 555 1168 616 ἑκούσιον,
1203 553 1264 606 οὑ
1309 551 1404 622 τὴν
1431 549 1833 621 χειροτονητήν.
1870 545 1930 596 Εἰ
1961 545 2067 613 γάρ

499 629 756 714 Ἕλληνες
784 641 972 710 ἄνδρες
1000 635 1403 705 τριωθίολλμαῖοί
1453 649 1596 694 τινες
1635 632 1728 682 καὶ
1751 629 1932 690 κύνες,
1985 645 2070 694 φι-

493 711 749 796 λοσοφίαν
769 721 1022 792 τοιαύτην
1070 717 1454 788 ἀναδεξάμενοι
1503 711 2070 788 τριωσολιμαῖον(τοι-

498 793 645 880 αύτην
675 809 783 878 γὰρ
813 808 844 874 ἡ
883 803 1208 875 Ἑλληνικὴ),
1248 801 1447 873 μᾶλλον
1475 801 1533 854 δέ
1571 798 1692 852 οὑδέ
1731 796 1923 867 αὐτὴν,
1948 793 2068 880 ἀλλ’

497 878 666 962 ὄνομα
695 889 882 960 αὑτῆς,
931 887 1024 940 καὶ
1059 885 1296 956 τρίϐωνα
1352 883 1718 954 περιθέμενοι,
1753 880 1848 962 καὶ
1896 878 2073 962 κόμην

499 960 812 1046 θρέψαντες,
849 969 1075 1033 πολλοὺς
1107 967 1432 1021 δυσωποῦσιδ
1487 965 1636 1035 πόσῳ
1673 961 1870 1046 μᾶλλον
1915 961 1944 1013 6
1995 960 2075 1046 6v-

499 1041 620 1118 1t‘0;
638 1053 960 1124 φιλόσοφος;
997 1053 1058 1105 Εἰ
1089 1053 1274 1121 σχῆμα
1294 1048 1504 1120 ψευδὲς,
1525 1049 1574 1100 εί
1603 1047 1730 1100 σκιά
1763 1041 2075 1113 φιλοσοφίας

504 1137 801 1208 φαινομένη
831 1135 1004 1197 οὕτως
1035 1136 1201 1204 αἱρεῖ,
1228 1132 1280 1185 τί
1317 1131 1410 1185 ἐάν
1439 1131 1538 1200 τὴν
1554 1129 1740 1212 ⁸ἀληθῆ
1759 1127 2074 1212 φιλοσοφίαν

504 1223 877 1291 ἀγαπήσωμεν
905 1220 999 1273 καὶ
1017 1219 1112 1289 τὴν
1133 1217 1428 1287 εἰλικρινῆ;
1453 1210 1573 1286 οὑχῖ
1591 1213 1792 1276 πάντες
1817 1210 2078 1281 θεραπεύ-

507 1323 658 1360 σουσι
683 1321 698 1372 ;
730 1305 824 1358 καὶ
849 1303 1026 1364 οἰκίας
1043 1301 1138 1356 καὶ
1155 1305 1419 1370 γυναῖκας
1437 1300 1528 1353 καὶ
1557 1299 1753 1360 παῖδας
1782 1299 1882 1359 τοῖς
1901 1293 2077 1348 τοιού-

504 1404 619 1447 τοις
643 1385 782 1456 μετά
809 1384 1010 1454 πολλῆς
1042 1385 1141 1453 τῆς
1158 1384 1339 1448 ἀδείας
1355 1383 1781 1454 ἐγχειρίσουσιν;
1817 1379 1955 1432 Ἀλλ’
1979 1377 2078 1431 οὑκ

509 1469 675 1528 ἐστιν.
711 1468 812 1520 οὐκ
826 1467 940 1520 ἐστι
961 1467 1200 1530 τοιοῦτος
1220 1466 1504 1534 φιλόσοφος
1533 1465 1647 1520 νῦν.
1676 1463 1774 1515 Διὰ
1788 1460 1944 1514 τοῦτο
1959 1459 2081 1512 οὑδὲ

508 1552 570 1604 τὸ
595 1551 894 1620 ὑπόδειγμα
918 1549 1062 1602 ἐστιν
1101 1549 1296 1620 εὑρεῖν.
1332 1548 1454 1602 Είσὶ
1485 1547 1584 1616 μὲν
1611 1547 1717 1615 γάρ
1738 1547 1794 1598 ἐν
1823 1545 2081 1615 μονάζου-

514 1652 619 1698 σιν,
642 1636 699 1686 ἐν
717 1634 771 1688 δὲ
783 1635 1064 1702 κοσμικοῖς
1079 1632 1280 1687 ούκέτι.
1301 1632 1410 1684 Καὶ
1433 1632 1514 1684 ὅτι
1536 1631 1592 1682 ἐν
1617 1628 1934 1700 μονάζουσίν
1952 1629 2081 1690 είσι,

512 1717 734 1770 δυνατὸν
759 1715 988 1776 πολλοὺς
1010 1717 1368 1784 παραγαγεῖν’
1395 1715 1542 1784 ὅμως
1578 1713 1675 1766 ἕνα
1695 1711 1802 1764 ἀπὸ
1827 1711 2082 1764 πλειόνων

517 1799 646 1872 ἐρῶ.

591 1935 732 1986 Ἴστε
761 1933 822 2002 δή
835 1951 954 1992 που,
981 1935 1072 1988 καὶ
1097 1936 1390 2006 ἀκηκόατε,
1427 1937 1478 1988 οἱ
1507 1933 1564 1987 δέ
1602 1934 1695 1988 καὶ
1743 1935 2085 2004 ἐθεωρήσατε

517 2017 609 2070 τὸν
629 2016 886 2085 ἄνδρα,ὃν
911 2017 1087 2086 μέλλω
1109 2017 1202 2070 νῦν
1224 2019 1388 2089 ἐρεῖνο
1405 2016 1690 2072 Ἰουλιανόν
1706 2016 1846 2084 λέγω
1857 2016 1947 2071 τὸν
1965 2015 2088 2068 θαυ-

522 2101 734 2169 μάσιον.
765 2092 932 2164 Οὗτος
953 2096 1021 2172 ἦν
1043 2101 1182 2172 ἀνὴρ
1203 2101 1480 2172 ἄγροικος,
1508 2100 1762 2162 ταπεινὸς
1791 2101 1884 2154 καὶ
1906 2102 1970 2152 ἐκ
1993 2117 2088 2152 ται-

518 2181 739 2236 πεινῶν·
755 2181 875 2236 οὐδὲ
893 2183 1027 2247 ὅλως
1043 2184 1139 2255 τῆς
1156 2184 1353 2248 ἔξωθεν
1382 2183 1630 2247 παιδείας
1651 2183 1930 2255 ἔμπειρος.
1954 2181 2090 2236 ἀλλά

517 2265 620 2335 τῆς
649 2265 924 2318 ἀπλάστου
951 2265 1263 2336 φιλοσοφίας
1299 2266 1742 2338 πεπληρωμένος.
1776 2265 1976 2320 Τούτου
2010 2265 2090 2328 εἰς

519 2348 618 2412 τὰς
649 2347 830 2411 πόλεις
842 2348 1198 2418 ἐμσάλλοντος
1217 2349 1530 2419 (σπανιάκις
1573 2349 1630 2401 δὲ
1659 2349 1816 2402 τοῦτο
1838 2349 2088 2417 ἐγίνετο),

521 2427 647 2482 οὔτε
683 2431 944 2500 ῥητόρων,
973 2428 1097 2482 οὔτε
1125 2431 1414 2498 σοφιστῶν,
1446 2431 1569 2484 οὗτε
1597 2431 1756 2486 ἀλλον
1787 2431 1930 2493 τινος
1981 2433 2092 2482 εἰσ-

523 2511 1092 2580 ελαύνοντος,τοιαύτη
1115 2529 1198 2576 τις
1221 2513 1430 2580 ἐγίνετο
1461 2513 1893 2585 συστροφή.Τίδέ
1913 2513 2088 2582 λέγω;

523 2595 645 2664 οὐχὶ
674 2595 889 2648 πάντων
919 2593 1180 2663 βασιλέοιν
1210 2597 1304 2648 καὶ
1329 2595 1391 2648 16
1421 2595 1591 2666 ὄνομα
1615 2595 1782 2650 αὐτοῦ
1843 2596 2090 2665 λαμπρό-

523 2693 681 2748 τερον
707 2677 890 2748 ᾄδεται
919 2677 997 2730 ἐτι
1030 2678 1124 2730 καὶ
1175 2677 1268 2730 νῦν
1293 2694 1307 2742 ;
1337 2679 1400 2731 Εἰ
1426 2677 1484 2732 δέ
1513 2681 1569 2732 ἐν
1594 2678 1674 2745 τῷ
1702 2679 1889 2750 κόσμῳ
1922 2679 2096 2749 τούτῳ

525 2760 722 2825 ταῦτα,
751 2758 904 2830 ἐντῷ
933 2759 1144 2831 κόσμῳ,
1170 2763 1226 2814 ἐν
1274 2754 1318 2828 ᾧ
1355 2761 1520 2832 μηδὲν
1565 2764 1698 2833 ἡμῖν
1733 2763 2096 2832 ἐπηγγείλατο

527 2841 730 2910 ἀγαθον
757 2845 786 2896 6
810 2844 1108 2912 Δεσπότης,
1137 2845 1195 2896 ἐν
1225 2837 1270 2912 ᾧ
1317 2843 1498 2912 ξένους
1541 2845 1690 2916 ἡμᾶς
1748 2840 1900 2898 εἶπεν
1931 2841 2093 2910 εἶναι,

529 2927 875 2997 ἐννοήσωμεν
901 2929 959 2980 ἐν
988 2930 1099 2991 τοῖς
1127 2929 1374 2998 οὐρανοῖς
1397 2929 1538 2984 πόσα
1579 2931 1728 2984 ἔσται
1774 2927 1842 2982 τά
1869 2927 2097 2982 ἀποκεί-

534 3027 670 3081 μενα
699 3010 878 3080 ἀγαθά
901 3027 916 3043 ·
961 3014 1012 3064 εἰ
1033 3010 1159 3065 ἔνθα
1205 3011 1454 3082 πάροικοι
1481 3007 1642 3083 ἦσαν,
1673 3011 1942 3083 τοσαύτης
1995 3015 2099 3066 ἀπ-

533 3093 721 3146 έλαυον
757 3095 944 3164 τιμῆς,
978 3095 1108 3148 ἔνθα
1146 3097 1202 3148 αί
1237 3095 1418 3158 πόλεις
1461 3097 1591 3159 εἰσὶ,
1646 3097 1818 3165 πόσης
1863 3095 2098 3150 ἀπολαύ-

535 3193 687 3230 σουσι
716 3176 912 3248 δόξης;
951 3180 998 3232 εἰ
1031 3177 1159 3233 ἔνθα
1190 3179 1368 3249 θλίψιν
1424 3178 1810 3249 ἐπηγγείλατο,
1865 3176 2100 3246 τοσαύτη

534 3261 820 3331 θεραπεία,
878 3261 1006 3316 ἔνθα
1059 3263 1229 3327 ὅντως
1284 3261 1451 3334 τιμάς
1500 3263 1911 3331 ἐπαγγέλλεται,
1960 3262 2100 3332 πόση

536 3345 686 3397 ἔσται
717 3347 750 3416 ἡ
775 3345 990 3410 ἀνεσις;
1023 3345 1184 3399 Ἀλλά
1215 3346 1468 3414 βούλεσθε
1491 3347 1586 3399 καὶ
1637 3346 1932 3415 κοσμικοὺς
1987 3346 2104 3397 ἐπι-

535 3426 827 3494 δείξωμενς
858 3426 972 3481 Νῦν
1005 3428 1102 3498 μέν
1137 3429 1246 3500 γὰρ
1286 3431 1386 3482 οὑκ
1415 3429 1630 3499 ἔχομεν·
1662 3429 1803 3500 πλήν
1852 3430 1958 3481 εἱσι
2007 3427 2104 3496 μὲν

538 3508 691 3582 ιίϋῦ]
722 3511 852 3574 ἴσως
877 3513 969 3565 καὶ
997 3511 1248 3582 κοσμικολ¹
1281 3515 1560 3576 ἐπιεικεῖς,
1589 3511 1701 3565 ἀλλ’
1720 3513 1800 3575 είς
1820 3511 1919 3583 τὴν
1935 3511 2107 3582 ἄκραν

539 3591 636 3660 οὐχ
667 3592 892 3660 ἥκοντες
939 3595 1276 3663 φιλοσοφίαν.
1317 3595 1406 3647 Διὸ
1446 3595 1552 3647 ἀπὸ
1583 3593 1691 3649 τῶν
1733 3595 1976 3648 παλαιῶν
2017 3595 2110 3647 καὶ

542 3673 712 3740 ἀγίων
758 3674 868 3744 ἐρῶ
901 3674 1028 3742 ὑμῖν
1082 3676 1147 3727 τά
1198 3676 1588 3746 ὑποδείγματα.
1637 3677 1800 3732 Πόσοι
1847 3679 2110 3745 γυναῖκας

543 3755 777 3822 ἔχοντες,
807 3757 899 3808 καὶ
927 3756 1122 3818 παῖδας
1156 3756 1466 3826 τρέφοντες,
1495 3757 1602 3810 τῶν
1631 3759 1933 3828 εἰρημένων
1961 3759 2112 3812 οὐδὲν

547 3836 786 3896 ἔλαττον.
811 3836 960 3889 οὐδὲν
991 3837 1208 3891 ἔλαττον
1235 3839 1420 3908 ἔσχονς
1459 3839 1622 3892 Ἀλλά
1665 3841 1758 3892 νῦν
1787 3839 1968 3892 οὑκὲτι
1998 3841 2113 3893 ἐστὶ

544 3919 634 3971 διὰ
653 3919 749 3990 τὴν
775 3921 1076 3974 ἐνεστῶσαν
1107 3921 1371 3992 ἀνάγκην,
1393 3921 1574 3985 καθώς
1600 3939 1764 3991 φησιν
1793 3923 1822 3972 6
1846 3923 2114 3994 μακάριος

544 3994 724 4065 οὗτος.
783 4002 914 4056 Τίνα
975 3999 1068 4058 οὖν
1122 4003 1376 4074 βούλεσθε
1435 4007 1604 4070 εῖπω;
1651 4005 1742 4058 τὸν
1794 4005 2114 4078 Νῶε,ῆτὸν

563 4087 844 4160 Ἀϐραάμ;
875 4089 968 4143 τὸν
996 4091 1184 4144 τούτου
1208 4091 1395 4154 παῖδα,
1418 4092 1450 4161 ἢ
1479 4092 1566 4143 τὸν
1591 4089 1798 4142 ἐκείνου
1823 4107 1838 4156 ;
1869 4089 2003 4143 ἀλλά
2027 4089 2118 4144 τὸν

562 4171 790 4240 Ἰωσήφ;
810 4171 970 4226 Ἀλλά
1001 4173 1254 4243 βούλεσθε
1278 4173 1370 4226 ἐπὶ
1397 4174 1520 4237 τοὺς
1544 4173 1826 4245 προφήτας
1845 4172 2115 4246 ἔλθωμεν;

548 4256 641 4308 τὶν
674 4255 910 4308 Μωῦσέα
942 4255 1084 4326 λέγω
1104 4295 1118 4322 ,
1154 4257 1246 4310 τὸν
1286 4257 1530 4310 Ἡσαΐαν.

628 4409 690 4463 δ’.
717 4408 880 4474 ’Δλλ’,
899 4410 949 4463 εἰ
969 4409 1132 4476 δοκεῖ,
1153 4411 1244 4464 ἐπὶ
1269 4410 1359 4463 τὸν
1389 4409 1638 4481 Ἀϐραὰμ
1667 4409 1929 4480 τὸνλόγον
1960 4411 2122 4466 ἐλκύ-

557 4508 759 4562 σωμεν,
777 4492 837 4546 ὃν
863 4493 1096 4562 μάλιστα
1120 4493 1318 4557 πάντες
1339 4492 1700 4564 προφέρουσιν
1717 4495 1845 4564 ἡμῖν
1867 4495 1972 4549 ἀεί.
1989 4497 2124 4566 Οὐχὶ

551 4577 788 4645 γυναῖκα
815 4571 986 4644 εἷχεν;
1022 4577 1143 4644 οὐχὶ
1187 4576 1381 4638 παῖδας
1404 4593 1417 4636 ;
1454 4578 1548 4630 καὶ
1575 4577 1682 4646 γάρ
1707 4578 1799 4630 καὶ
1829 4577 1939 4644 ἐγὼ
1967 4577 2125 4630 τοῦτο

552 4657 698 4726 λέγω
728 4659 863 4729 πρὸς
891 4660 1064 4728 ὑμᾶς,
1093 4660 1229 4728 ὅπερ
1250 4661 1405 4728 ὑμεῖς
1429 4659 1566 4728 πρὸς
1593 4661 1760 4730 ἡμᾶς.
1793 4661 2034 4714 Γυναῖκα
2056 4657 2126 4712 εἶ-

558 4757 672 4811 χεν,
707 4740 820 4792 ἀλλ’
849 4740 950 4792 οὑκ
987 4741 1172 4811 ἐπειδὴ
1217 4744 1446 4808 γυναῖκα
1501 4738 1634 4810 εἶχε,
1675 4743 1981 4813 θαυμαστὸς
2034 4739 2122 4814 ἦν·

556 4825 664 4896 χρή
675 4839 814 4893 ματα
839 4817 1006 4893 εἶχεν,
1027 4821 1142 4876 ἀλλ’
1167 4823 1267 4875 οὑκ
1288 4823 1471 4892 ἐπειδὴ
1501 4825 1761 4894 χρήματα
1791 4821 1954 4896 εἶχεν,
1999 4826 2128 4896 ἡρεο

561 4923 622 4962 σε
651 4906 732 4977 τῷ
759 4905 895 4976 Θεῷ·
935 4904 1131 4966 παῖδας
1179 4904 1384 4966 ἔτεκεν,
1418 4905 1532 4958 ἀλλ’
1568 4907 1668 4958 οὑκ
1700 4909 1885 4977 ἐπειδὴ
1935 4909 2128 4970 παῖδας

560 4989 766 5056 ἔτεκεν,
795 4989 1182 5060 ἐμακαρίζετο·
1221 4988 1564 5057 τριακοσίους
1591 4988 1720 5042 δέκα
1750 4990 1844 5042 καὶ
1882 4990 2025 5044 ὀκτὼ
2051 4994 2130 5044 οἰ·

563 5075 806 5143 κογενεῖς
836 5073 1115 5142 ἐκέκτητο,
1137 5070 1252 5124 ἀλλ’
1277 5074 1336 5123 οὑ
1367 5071 1556 5124 τούτου
1587 5073 1744 5142 χάριν
1772 5073 2129 5142 ἐθαυμάζετο.

576 5157 736 5211 Ἀ).λά
763 5156 940 5226 βούλει
980 5155 1169 5226 μαθεῖν
1192 5156 1383 5218 πόθεν;
1417 5155 1524 5208 ἀπὸ
1543 5156 1643 5225 τῆς
1672 5155 1994 5225 φιλοξενίας,
2026 5157 2134 5210 ἀπὸ

563 5244 662 5310 τῆς
681 5241 790 5294 τῶν
819 5241 1115 5312 χρημάτων
1143 5238 1460 5310 ὑπεροψίας,
1495 5239 1602 5292 ἀπὺ
1628 5241 1726 5310 τῆς
1755 5242 2131 5311 κοσμιότητος.

567 5323 633 5374 Τί
651 5323 760 5392 γάρ
787 5324 953 5385 ἐστιν,
987 5322 1106 5376 εἰπέ
1140 5340 1251 5393 μοι,
1281 5321 1607 5391 φιλοσόφους
1643 5323 1762 5393 οὐχὶ
1795 5326 1888 5377 καί
1915 5327 2134 5396 χρημά-

570 5422 676 5458 των
707 5405 798 5458 καὶ
815 5405 972 5476 δόξης
1000 5408 1397 5474 καταφρονείνς
1425 5409 1518 5458 καὶ
1547 5407 1740 5474 φθόνου
1787 5408 1878 5460 καὶ
1940 5411 2136 5474 παντὸς

572 5489 778 5554 πάθους
809 5488 1079 5559 ἀνώτερον
1119 5485 1297 5556 εἷναι;
1351 5491 1486 5559 Φέρε
1516 5485 1628 5551 οὖν,
1663 5491 1824 5544 αὑτὸν
1863 5495 1943 5554 είς
1976 5495 2138 5562 μέσον

571 5573 871 5641 ἀγαγόντες
907 5570 1280 5641 ἀποδύσωμεν,
1307 5574 1400 5626 καὶ
1413 5571 1671 5642 δείξωμεν
1703 5575 1827 5642 ὑμῖν
1849 5568 1958 5637 οἶος
1993 5575 2142 5642 φιλό-

578 5673 738 5718 σοφος
748 5650 836 5724 ἦν.
855 5654 1020 5707 Οὐδὲν
1036 5656 1219 5723 ἡγεῖτο
1237 5657 1470 5726 πατρίδα
1496 5657 1982 5726 πρῶτον’”Εξε..ῖθε
2000 5659 2068 5722 γά
2076 5677 2128 5728 ρ,

577 5747 828 5816 ἧκουσεν,
865 5748 932 5798 ἐκ
968 5744 1074 5811 τῆς
1099 5743 1206 5813 γῆς
1238 5760 1373 5807 σου,
1417 5745 1514 5798 καὶ
1556 5746 1622 5798 ἐκ
1650 5745 1761 5813 τῆς
1791 5749 2144 5816 συγγενείας

579 5845 718 5884 σοιν
773 5829 864 5880 καὶ
892 5829 1088 5889 εὐθέως
1133 5826 1372 5896 ἐξῆλθεν.
1416 5827 1488 5879 Οὑ
1520 5827 1864 5896 προσεδέδετο
1911 5826 2143 5900 οἰκίαιοῆ

2180 542 2285 610 γάρ
2319 544 2382 596 ἓν
2414 546 2513 596 οὑκ
2543 544 2784 614 ἐξῆλθεν·
2837 545 2896 596 ού
2927 543 3212 614 συνηθείας
3243 541 3410 613 φιλία,
3469 542 3570 594 οὑκ
3611 542 3754 610 ἄλλῳ

2176 624 2370 680 οὐδενί.
2409 623 2540 679 Εἶτα
2566 627 2723 696 δόξης
2761 627 2994 698 μάλιστα
3017 628 3229 680 πάντων
3255 626 3460 687 ἐκεῖνος
3491 626 3757 696 κατεφρό-

2179 722 2309 776 νησε
2345 709 2556 780 καὶχρη
2567 710 2770 778 μάτων·
2802 710 2896 762 καὶ
2925 709 3032 780 γὰρ
3061 708 3294 776 πόλεμον
3309 706 3750 776 τροπωσάμενος,

2177 800 2275 852 καὶ
2301 799 2516 870 λάφυρα
2548 800 2865 870 ἀξιούμενος
2893 801 3100 864 λαϐεῖν,
3152 798 3513 853 κατέπτυσεν.
3557 795 3698 850 Ἀλλ’
3727 798 3758 848 6

2179 885 2306 946 παῖς
2326 885 2353 936 6
2379 883 2588 948 τούτου,
2623 885 2682 936 οὑ
2707 884 2792 938 διὰ
2829 883 2898 936 τά
2917 885 3171 954 χρήματα
3203 879 3364 934 πάλιν
3395 876 3754 946 ἐθαυμάζετο,

2177 964 2316 1018 ἀλλά
2348 965 2434 1019 διά
2455 965 2553 1036 τὴν
2584 965 2908 1036 φιλοξενίαν,
2939 965 3000 1018 ού
3025 963 3113 1018 διά
3145 963 3216 1017 τά
3243 962 3452 1024 παιδία,
3477 961 3614 1014 ἀλλά
3670 960 3756 1012 διὰ

2179 1047 2282 1118 τὴν
2313 1039 2581 1120 ὑπακοὴν,
2604 1049 2665 1102 οὑ
2685 1049 2775 1102 διά
2793 1048 2891 1120 τὴν
2919 1050 3170 1116 γυναῖκα,
3203 1044 3340 1099 ἀλλά
3370 1044 3460 1098 διὰ
3489 1043 3588 1113 τὴν
3617 1042 3758 1096 στείε

2180 1144 2350 1205 ρωσιν
2399 1130 2498 1202 τὴν
2543 1133 2634 1184 ἐπὶ
2693 1135 2757 1202 τῇ
2811 1131 3054 1200 γυναικί.
3109 1129 3272 1182 Οὑδέν
3317 1128 3414 1198 τὴν
3479 1123 3757 1196 παροῦσαν

2182 1211 2409 1282 ἡγοῦντο
2435 1213 2600 1284 ζωὴν,
2627 1215 2726 1267 οὑκ
2758 1213 3206 1284 ἐχρηματίζοντο,
3234 1207 3562 1280 ὑπερεώρων
3584 1206 3759 1260 ἀπάνε

2183 1313 2311 1352 των.
2339 1297 2472 1350 Εἰπὲ
2497 1298 2606 1368 γάρ
2639 1315 2748 1368 μοι,
2804 1300 2933 1350 ποῖα
2959 1296 3067 1350 τῶν
3103 1295 3284 1366 φυτῶν
3318 1296 3464 1346 ἐστιν
3516 1292 3758 1362 ἀρίστας

2184 1379 2282 1448 οὑχ
2310 1378 2452 1450 ἀπερ
2474 1380 2540 1433 ἂν
2559 1379 2770 1433 οἴκοθεν
2791 1377 2890 1453 ἐχῃ
2905 1378 3004 1451 τὴν
3031 1379 3202 1448 ἰσχὺν,
3225 1377 3322 1432 καὶ
3348 1375 3484 1446 μήτε
3509 1371 3758 1443 δμὸροιςο

2190 1464 2326 1533 μήτε
2353 1462 2635 1532 χαλάζαις,
2671 1463 2807 1532 μήτε
2841 1461 3055 1532 ἀνέμων
3075 1459 3293 1532 ῥύμαις,
3334 1458 3468 1529 μήτε
3495 1453 3628 1526 ἄλλῃ
3653 1454 3762 1506 τινὶ

2187 1543 2413 1618 τοιαύτῃ
2454 1544 2741 1618 ἀνωμαλίᾳ
2785 1543 3106 1614 βλάπτηται,
3142 1542 3276 1596 ἀλλά
3329 1537 3512 1610 γυμνὰ
3563 1538 3763 1606 ἔστηκε

2190 1629 2406 1680 πάντων
2427 1629 2888 1698 καταφρονοῦντα,
2925 1630 3062 1698 μήτε
3085 1625 3369 1697 θριγκίων,
3405 1623 3542 1694 μήτε
3585 1636 3764 1692 φραγο

2193 1712 2308 1781 μῶν
2340 1711 2604 1782 δεόμενα;
2640 1711 2890 1776 Τοιοῦτος
2935 1715 2962 1765 ὁ
3007 1709 3296 1780 φιλόσοφός
3327 1708 3466 1769 ἐστι,
3525 1703 3768 1766 τοιοῦτος

2189 1796 2218 1848 6
2241 1795 2464 1858 πλοῦτος
2507 1796 2730 1858 ἐκεῖνος’
2755 1795 2906 1848 οὐδὲν
2939 1793 3072 1864 ἔχει,
3101 1793 3196 1846 καὶ
3221 1793 3396 1845 πάντα
3421 1789 3554 1858 ἔχει’
3588 1787 3766 1840 πάντα

2193 1876 2325 1948 ἔχει,
2368 1879 2464 1930 καὶ
2486 1877 2638 1931 οὑδέν
2671 1877 2803 1946 ἔχει.
2834 1877 2891 1932 Ὀ
2941 1875 3051 1947 γὰρ
3078 1877 3254 1946 τοῖχος
3276 1874 3376 1926 οὑκ
3429 1871 3597 1935 ἔνδον,
3650 1869 3766 1924 ἀλλ’

2193 1961 2392 2027 ἔξωθέν
2413 1963 2581 2023 ἐστιν,
2639 1962 2668 2012 6
2725 1961 2950 2032 θριγκὸς
2975 1961 3035 2012 οὑ
3085 1959 3183 2028 τῆς
3209 1956 3422 2027 φύσεώς
3454 1957 3622 2016 ἐστιν,
3655 1951 3770 2006 ἀλλ’

2194 2043 2393 2113 ἔξωθεν
2415 2043 2888 2114 περιϐαλλόμενος.
2915 2043 2979 2096 Τί
3005 2042 3084 2103 δὲ,
3108 2041 3226 2094 είπέ
3261 2055 3374 2110 μοι;
3412 2041 3564 2091 ποῖον
3611 2036 3770 2106 σῶμα

2197 2127 2412 2198 ἰσχυρόν
2438 2127 2618 2192 ἐστιν;
2641 2129 2739 2198 οὑχ
2763 2127 2899 2198 ὅπερ
2945 2126 3012 2180 ἂν
3045 2127 3286 2194 ὑγιαῖνον
3307 2117 3362 2197 ᾖ,
3393 2124 3488 2176 καὶ
3513 2123 3651 2192 μήτε
3691 2119 3773 2174 λι-

2199 2211 2305 2280 μῷ,
2355 2212 2494 2281 μήτε
2551 2211 2857 2281 πλησμονῇ,
2900 2209 3036 2278 μήτε
3095 2207 3278 2278 ψύχει,
3340 2207 3478 2276 μήτε
3531 2202 3776 2274 καύματι

2199 2292 2505 2362 ἁλίσκηται·
2535 2293 2568 2362 ἦ
2598 2293 2658 2345 16
2684 2291 2818 2362 7:96;
2853 2293 3030 2345 πάντα
3059 2290 3232 2344 ταῦτα
3256 2287 3640 2356 ὑποκείμενον,
3677 2285 3774 2339 καὶ

2201 2375 2348 2447 [164]
2377 2374 2785 2444 τραπεζοποιῶν
2817 2374 2910 2428 καὶ
2955 2371 3204 2441 ὑφαντῶν
3232 2371 3328 2424 καὶ
3351 2369 3628 2440 θηρευτῶν
3678 2367 3775 2420 καὶ

2202 2457 2400 2528 ἰατρῶν
2436 2456 2708 2526 δεόμενον,
2759 2456 2844 2508 ἵνα
2888 2455 3140 2528 ὑγιαίνω
3195 2452 3438 2516 Ἐκεῖνός
3471 2455 3587 2504 ἐστι
3614 2449 3780 2503 πλού,

2202 2547 2334 2603 σιοζ,
2365 2539 2394 2591 6
2425 2539 2590 2602 ὅντως
2619 2539 2925 2608 φιλόσοφος,
2951 2539 2980 2591 6
3011 2537 3234 2606 μηδενὸς
3267 2535 3472 2588 τούτων
3502 2533 3776 2604 δεόμενος.

2201 2623 2299 2676 Διά
2321 2621 2478 2674 τοῦτο
2501 2624 2530 2674 6
2555 2623 2824 2693 μακάριος
2857 2613 3011 2684 οὗτος
3033 2619 3238 2687 ἔλεγεν·
3259 2617 3603 2686 Ἐκτρέφετε
3623 2617 3789 2670 αὐτὰ

2200 2713 2270 2766 ἐν
2297 2709 2534 2778 παιδείᾳ
2567 2711 2662 2764 καὶ
2693 2711 2979 2778 νουθεσίᾳ
3001 2711 3240 2780 Κυρίου.
3278 2710 3370 2780 Μὴ
3395 2709 3576 2762 τοίνυν
3624 2707 3788 2778 θριγ-

2203 2793 2296 2848 κία
2321 2792 2520 2860 ἔξωθεν
2550 2793 2924 2865 περιϐάλλετε⁹
2977 2792 3132 2847 τοῦτο
3157 2792 3263 2864 γὰρ
3287 2794 3316 2846 6
3349 2791 3598 2852 πλοῦτος,
3622 2787 3794 2843 τοῦτο

2204 2878 2238 2948 ἡ
2267 2876 2410 2942 δόξα.
2469 2877 2636 2930 Ὅταν
2665 2877 2773 2948 γάρ
2795 2875 2966 2930 ταῦτα
2991 2875 3296 2948 καταπέσῃ,
3333 2871 3671 2932 καταπίπτει
3701 2871 3788 2937 δὲ,

2205 2961 2407 3032 γυμνὸν
2451 2959 2650 3030 ἕστηκε
2679 2959 2772 3013 καὶ
2797 2960 3062 3014 εὐάλωτον
3091 2959 3150 3012 16
3189 2959 3374 3028 φυτὸν,
3397 2958 3457 3011 οὑ
3491 2955 3649 3026 μόνον
3693 2955 3794 3010 οὐ·

2205 3043 2294 3100 δέν
2315 3043 2578 3114 κερδᾶναν
2612 3045 2668 3095 ἐν
2694 3040 2772 3112 τῷ
2799 3041 3122 3111 παρελθόντι
3156 3042 3352 3112 χρόνῳ,
3385 3037 3522 3092 ἀλλά
3543 3037 3636 3090 καὶ
3663 3035 3800 3107 βλαο

2208 3125 2317 3178 δέν.
2349 3125 2566 3179 Ἐκεῖνα
2587 3123 2694 3195 γὰρ
2715 3124 2784 3177 τά
2810 3123 3030 3195 θριγκία
3054 3123 3123 3176 τά
3149 3122 3426 3176 κωλύοντα
3455 3119 3584 3174 αὑτὸ
3625 3119 3802 3188 ἐγγυο

2213 3207 2510 3279 μνάζεσθαι
2543 3206 2681 3277 πρὸς
2727 3206 2826 3270 τάς
2885 3206 2994 3266 τῶν
3049 3205 3266 3276 ἀνέμων
3315 3200 3641 3274 προσϐολάς,
3694 3201 3805 3256 νῦν

2211 3291 2404 3363 ἀθρόον
2434 3291 2762 3344 καταπεσεῖν
2786 3287 3216 3359 παρεσκεύασεν.

2287 3423 2451 3480 Ὥστε
2509 3425 2737 3496 βλάπτει
2794 3424 2994 3496 μᾶλλον
3033 3425 3062 3476 6
3103 3421 3360 3486 πλοῦτος,
3421 3418 3811 3490 ἀμελετήτους

2217 3509 2647 3582 παρασκευάζων
2671 3507 2806 3580 πρὸς
2833 3509 2932 3570 τὰς
2968 3505 3280 3578 ἀνωμαλίας
3303 3503 3396 3557 τοῦ
3440 3502 3574 3573 βίου.
3603 3499 3816 3556 T0105-

2217 3610 2342 3658 τους
2407 3593 2586 3646 τοίνυν
2638 3589 3147 3662 παρασκευάζωμεν
3197 3588 3322 3650 τοὺς
3380 3585 3594 3648 παῖδας,
3650 3584 3819 3638 ὥστε

2216 3674 2472 3729 δύνασθαι
2498 3674 2631 3746 πρὸς
2661 3674 2836 3728 πάντα
2851 3673 3117 3742 ἀντέχειν,
3140 3671 3234 3724 καὶ
3255 3668 3331 3741 μὴ
3354 3667 3661 3734 ξενίζεσθαι
3692 3669 3824 3732 τοῖς

2221 3757 2482 3810 ἐπιοῦσιν·
2549 3755 2902 3826 ἐκτρέφωμεν
2955 3755 3153 3818 αὐτοὺς
3214 3755 3271 3806 ἐν
3306 3747 3524 3822 παιδεία
3556 3749 3655 3803 καὶ
3691 3767 3829 3803 νου-

2221 3839 2378 3910 θεσία
2402 3841 2629 3910 Κυρίου,
2663 3840 2756 3892 καὶ
2783 3837 2948 3900 πολὺς
2980 3838 3106 3908 ἡμῖν
3131 3837 3159 3888 6
3186 3833 3376 3902 μισθὸς
3415 3831 3828 3888 ἀποκείσεται.

2222 3923 2287 3976 Εἰ
2307 3923 2416 3994 γὰρ
2441 3922 2716 3995 ἄνθρωποι
2743 3921 3035 3990 ἀγάλματα
3063 3917 3342 3979 ποιοῦντες
3376 3915 3670 3986 βασιλέων,
3719 3919 3836 3969 καὶ

2224 4005 2438 4066 εἰκόνας
2497 4005 2832 4075 γράφοντες,
2891 4001 3158 4072 τοσαύτης
3217 3997 3548 4052 ἀπολαύουσι
3606 3998 3838 4068 τιμῆς·

2225 4089 2386 4158 ἡμεῖς
2436 4087 2536 4157 τὴν
2588 4084 2868 4156 βασιλικὴν
2903 4083 3086 4137 εἰκόνα
3126 4080 3558 4146 καλλωπίζοντες
3617 4078 3845 4150 (εἰκὼν

2225 4170 2332 4242 γὰρ
2353 4169 2445 4223 τοῦ
2470 4167 2649 4222 Θεοῦό
2679 4157 3006 4239 ἄνθρωπος),
3067 4165 3127 4218 οὑ
3166 4162 3376 4235 μυρίων
3418 4161 3850 4234 ἀπολαύσομεν

2225 4253 2334 4310 τῶν
2353 4251 2594 4319 ἀγαθῶν,
2610 4249 2670 4304 τὸ
2693 4250 2814 4304 καθ’
2833 4248 3088 4319 ὁμοίωσιν
3108 4245 3478 4311 ἀποδιδόντεςς
3497 4244 3691 4297 Τοῦτο
3715 4247 3848 4317 γάρ

2228 4339 2376 4392 ἐστιν
2406 4337 2612 4404 ὅμοιον,
2647 4336 2680 4405 ή
2703 4333 2802 4402 τῆς
2829 4325 3005 4404 ψυχῆς
3025 4331 3214 4400 ἀρετὴ,
3237 4331 3367 4383 ὅταν
3396 4327 3650 4396 ἀγαθοὺς
3683 4323 3854 4382 εἶναι

2229 4415 2607 4485 παιδεύσωμεν
2663 4417 2788 4479 τοὺς
2833 4416 3046 4479 παῖδας,
3099 4414 3226 4466 ὅταν
3282 4413 3632 4482 ἀοργήτους,
3705 4411 3863 4464 ὅταν

2231 4501 2659 4574 ἀμνησικόαουςο
2695 4497 2868 4560 ταῦτα
2898 4497 3076 4552 πάντα⁸
3111 4494 3248 4549 Θεοῦ
3280 4493 3409 4558 ἴδια,
3441 4494 3572 4547 ὅταν
3600 4495 3865 4565 565975-

2231 4586 2438 4648 τικοὺς,
2474 4585 2602 4637 ὅταν
2663 4581 3099 4652 φιλανθρώπους,
3149 4579 3276 4632 ὅταν
3309 4576 3722 4646 παιδεύσωμεν
3788 4580 3873 4633 τὰ

2235 4669 2474 4740 παρόντα
2505 4665 2670 4737 μηδὲν
2723 4664 2994 4734 ἡγεῖσθαι.
3054 4663 3098 4718 Τ
3100 4661 3226 4716 οῦτο
3263 4660 3441 4714 τοίνυν
3489 4661 3643 4728 ἡμῖν
3681 4660 3873 4731 ἔργον

2234 4753 2374 4806 ἔστω
2397 4751 2490 4804 καὶ
2532 4749 2778 4811 ἑαυτοὺς,
2809 4746 3096 4808 κάκείνους
3118 4744 3375 4802 πλάττειν
3405 4743 3495 4797 καὶ
3527 4745 3876 4814 ῥυθμίζειν

2235 4837 2314 4897 εἰς
2347 4834 2482 4887 δέονο
2525 4831 2647 4884 ἐπεὶ
2684 4829 2814 4900 ποίᾳ
2837 4829 3120 4900 παρρησίᾳ
3143 4823 3450 4898 στησόμεθα
3501 4824 3882 4898 ἔμπροσθεν

2235 4918 2328 4970 τοῦ
2353 4917 2593 4986 βήματος
2615 4913 2708 4967 τοῦ
2736 4911 3000 4984 Χριστοῦς
3045 4913 3104 4964 Εἰ
3125 4911 3237 4980 γὰρ
3262 4907 3576 4978 ἐπισκοπῆς
3620 4911 3881 4979 ἀνάξιος

2236 5001 2265 5053 6
2293 4999 2486 5062 παῖδας
2523 4997 2930 5057 ἀνυποτάκτους
2962 4994 3121 5064 ἔχων,
3148 4991 3326 5069 πολλῷ
3359 4989 3572 5061 μᾶλλον
3609 4993 3736 5062 τῆς
3767 4995 3886 5065 βα..

2241 5081 2444 5144 σιλείας
2475 5078 2583 5133 τῶν
2617 5077 2880 5148 οὐρανῶν.
2915 5076 2980 5129 Τί
3013 5077 3226 5144 λέγεις;
3272 5074 3378 5128 κᾶν
3415 5075 3693 5142 γυναῖκα.
3729 5077 3886 5130 ἄτα-

2241 5179 2368 5216 κτον
2401 5162 2634 5232 ἐχωμεν,
2671 5160 2774 5214 κᾶν
2807 5159 3024 5222 παῖδας,
3055 5158 3285 5220 εὑθύνας
3321 5155 3657 5226 ὑφέξομεν;
3737 5161 3893 5226 Ναὶ,

2240 5247 2336 5298 ἐὰν
2367 5245 2441 5316 μὴ
2471 5244 2608 5314 μετὰ
2647 5242 2932 5314 ἀκριϐείας
2963 5241 3196 5312 τά’παρ’
3243 5238 3451 5294 ἑαυτῶν
3488 5239 3899 5308 εἰσενέγκω-

2247 5347 2366 5401 μεν·
2395 5330 2454 5382 οὑ
2488 5327 2597 5398 γὰρ
2629 5329 2790 5398 ἀρκεῖ
2817 5329 2949 5398 ἡμῖν
2983 5327 3016 5396 ἡ
3049 5325 3228 5378 οἰκεία
3253 5321 3424 5393 ἀρετὴ
3468 5323 3644 5392 πρὸς
3693 5345 3906 5400 00011;.-

2247 5415 2388 5484 ρίαν.
2414 5414 2476 5466 Εἰ
2503 5411 2612 5484 γάρ
2635 5413 2663 5464 6
2697 5412 2756 5465 τὸ
2777 5412 3033 5466 τάλαντον
3062 5411 3124 5465 τὸ
3155 5407 3214 5460 ἓν
3255 5409 3331 5478 μὴ
3358 5406 3909 5482 καταϐαλόμενος,

2245 5497 2394 5551 οὐδὲν
2425 5495 2730 5566 ἐκέρδανεν,
2758 5494 2892 5549 ἀλλά
2930 5493 3020 5548 καὶ
3047 5492 3190 5546 οῦτω
3223 5489 3556 5554 κολάζεται·
3591 5491 3782 5565 δῆλον
3817 5497 3913 5552 ὅτι

2246 5580 2347 5632 οὐκ
2375 5579 2534 5648 ἀρκεῖ
2558 5579 2591 5649 ἡ
2619 5579 2796 5632 οἰκεία
2833 5575 3000 5648 ἀρετὴ
3029 5577 3109 5638 εἰς
3131 5574 3424 5642 σωτηρίαν,
3460 5571 3632 5629 ἀλλά
3669 5577 3768 5631 δεῖ
3799 5582 3915 5634 καὶ

2249 5660 2350 5728 τῆς
2381 5659 2588 5730 ἐτέρου.
2625 5659 2832 5730 Πολλὴν
2861 5659 3040 5712 τοίνυν
3074 5653 3356 5724 ποιώμεθα
3381 5651 3493 5706 καὶ
3525 5655 3662 5713 τῶν
3682 5677 3915 5731 γυναι-

2251 5742 2364 5796 κῶν
2391 5743 2664 5813 φροντίδα,
2698 5741 2897 5812 πολλὴν
2927 5737 3146 5794 καὶτῶν
3177 5735 3380 5788 παίδων
3421 5740 3748 5809 πρόνοιαν
3805 5751 3919 5804 καὶ

2251 5824 2360 5879 τῶν
2379 5825 2837 5897 οἱκετῶν,πολλὴν
2857 5825 2950 5880 καὶ
2980 5821 3135 5895 ήμῶν
3159 5817 3358 5881 αὐτῶν,
3386 5821 3506 5903 ’ξολ
3541 5824 3614 5879 ἐν
3646 5829 3743 5904 ’τῷ
3773 5831 3922 5888 ιαυ-

4106 1147 4134 1300 ί

4125 2351 4134 2496 ἱ
