4218 6266
556 503 654 572 153

553 635 655 690 sint
685 633 784 688 viri
813 631 1130 689 triobolares
1157 640 1214 687 et
1241 645 1421 698 canes,
1441 629 1542 685 hac
1571 636 1817 696 suscepta
1860 625 2130 680 triobolari

551 725 877 798 philosophia
904 725 1067 797 (talis
1112 733 1197 780 est
1241 723 1383 778 enim
1427 721 1690 791 Graeca),
1729 721 1837 774 imo
1866 733 1993 773 vero
2025 733 2129 770 non

550 819 681 889 ipsa,
699 818 794 874 sed
813 818 928 888 ejus
949 821 1168 873 nomine
1187 833 1202 882 ;
1227 815 1396 872 induti
1419 814 1580 885 pallio
1595 821 1657 886 et
1668 813 1874 868 alentes
1893 825 2124 875 comam,

548 911 742 967 multos
782 910 990 982 pudore
1031 908 1278 966 afﬁciunt
1304 926 1318 962 :
1351 918 1549 978 quanto
1580 909 1746 977 magis
1775 907 1864 978 qui
1894 915 1976 962 est
2003 919 2130 961 vere

552 995 926 1072 philosophus?
952 999 1010 1057 Si
1039 999 1204 1056 falsus
1233 999 1468 1066 habitus,
1487 999 1530 1053 si
1560 997 1910 1068 phiIOSOphia!
1937 995 2125 1052 umbra

545 1109 804 1166 apparens
828 1095 899 1148 ita
921 1093 1132 1150 extollit
1157 1111 1172 1147 :
1200 1091 1327 1162 quid
1345 1133 1361 1158 ,
1391 1091 1436 1146 si
1465 1106 1642 1147 veram
1671 1099 1724 1145 et
1750 1089 2010 1146 sinceram
2039 1088 2122 1142 di-

545 1187 763 1256 ligamus
784 1185 1214 1256 philosophiam?
1230 1198 1406 1238 annon
1428 1197 1616 1238 omnes
1633 1182 1850 1237 colent?
1867 1195 2044 1234 annon
2068 1189 2122 1234 et

539 1280 731 1333 domos
757 1287 812 1334 et
839 1291 1034 1333 uxores
1062 1285 1117 1331 et
1143 1276 1338 1331 liberos
1367 1275 1432 1330 iis
1461 1274 1550 1346 qui
1575 1283 1700 1330 sunt
1723 1272 2118 1343 ejusmodi'tra-

541 1371 670 1424 dent
696 1379 752 1425 et
782 1369 1118 1424 committeut
1153 1382 1271 1422 cum
1319 1368 1484 1421 multa
1529 1365 1852 1420 securitate?
1877 1363 1980 1418 Sed
2012 1379 2118 1416 non

539 1473 620 1516 est
640 1503 652 1524 ,
685 1477 792 1516 non
839 1470 921 1516 est
961 1475 1100 1514 nunc
1127 1459 1387 1528 ejusmodi
1418 1457 1764 1528 philosophus
1793 1473 1806 1509 :
1838 1465 2115 1525 propterea

541 1565 640 1608 nec
667 1552 967 1620 exemplum
996 1553 1117 1605 licet
1143 1552 1399 1605 invenire.
1424 1548 1553 1606 Nam
1581 1557 1707 1602 sunt
1732 1547 1947 1617 quidem
1978 1547 2116 1600 inter

539 1644 852 1706 monachos,
885 1647 1024 1697 inter
1048 1641 1344 1696 mundanas
1371 1651 1548 1694 autem
1573 1656 1668 1693 seu
1696 1638 1979 1692 saeculares
2005 1652 2112 1690 non

535 1743 664 1788 sunt
687 1735 932 1804 amplius.
965 1734 1031 1788 Et
1063 1733 1204 1804 quod
1243 1733 1349 1786 sint
1383 1732 1521 1786 inter
1552 1731 1862 1792 monachos,
1891 1736 2114 1804 possunt

533 1827 690 1881 multi
717 1825 955 1896 produci,
985 1825 1159 1879 dicam
1201 1834 1376 1878 tamen
1407 1837 1568 1877 unum
1594 1836 1663 1877 ex
1696 1821 1896 1874 multis.

597 1917 804 1972 Iuliani
829 1918 1060 1972 monachi
1081 1903 1513 1970 laudes.——Scitis
1539 1900 1718 1982 utique
1740 1922 1793 1968 et
1812 1911 2108 1974 audivistis,

518 2013 576 2064 et
609 2010 818 2064 vidistis
839 2009 997 2064 etiam
1026 2008 1288 2070 nonnulli,
1316 2007 1488 2060 virum
1519 2021 1676 2076 quem
1699 2020 1817 2058 sum
1833 2001 2108 2068 dicturus;

513 2093 800 2156 lulianum
823 2101 944 2156 dico
973 2101 1123 2155 illum
1153 2097 1545 2154 admirandum.
1595 2096 1691 2151 Hic
1717 2104 1832 2150 erat
1856 2095 2106 2160 rusticus,

519 2192 750 2246 humilis
773 2201 828 2246 et
855 2191 1040 2245 humili
1071 2191 1189 2244 loco
1212 2200 1386 2255 natus,
1417 2199 1471 2244 et
1501 2203 1598 2244 nec
1631 2197 1867 2243 externae
1895 2187 2107 2256 quidem

505 2283 844 2337 eruditionis
871 2283 1090 2337 omnino
1122 2283 1344 2351 peritus,
1367 2281 1460 2335 sed
1492 2297 1595 2334 non
1627 2281 1748 2334 [icta
1787 2288 1842 2334 et
1865 2264 2106 2334 simulata

508 2375 862 2445 philosophia
909 2375 1160 2444 repletus.
1195 2373 1307 2428 lloc
1337 2371 1668 2442 ingrediente
1705 2371 1946 2425 civitates
1971 2369 2108 2440 (hoc

501 2479 700 2523 autem
735 2450 854 2522 raro
877 2467 1035 2520 liebat
1051 2467 1092 2536 ),
1117 2481 1287 2536 neque
1311 2464 1614 2518 oratoribus
1636 2478 1806 2533 neque
1830 2461 2103 2532 Sophistis,

511 2573 695 2630 neque
747 2557 856 2612 ullo
907 2559 1014 2612 alio
1062 2556 1423 2627 ingrediente,
1465 2564 1642 2609 tantus
1683 2554 1840 2608 tiehat
1875 2567 2106 2608 concor»

507 2667 621 2704 sus.
662 2650 797 2716 Quid
825 2659 1003 2703 autem
1031 2648 1151 2702 dico
1175 2648 1198 2702 ?
1227 2663 1404 2702 nonne
1434 2662 1628 2702 nomen
1659 2645 1774 2714 ejus
1802 2660 1943 2699 nunc
1965 2657 2099 2714 quo-

501 2757 612 2808 que
643 2740 844 2794 clarius
873 2741 1188 2794 dccautatur
1227 2755 1386 2810 quam
1433 2739 1742 2809 quorumvis
1783 2737 2014 2808 regum?
2042 2736 2097 2792 Si

496 2843 695 2887 autem
732 2831 845 2886 hate
886 2833 1019 2886 ﬁunt
1053 2835 1105 2887 in
1145 2831 1246 2887 hoc
1293 2831 1519 2898 mundo,
1553 2833 1603 2886 in
1651 2831 1850 2886 mundo
1897 2831 1946 2884 in
1987 2845 2098 2900 quo

505 2925 657 2979 "licus
688 2924 817 2978 nihil
847 2924 1000 2978 nobis
1029 2923 1150 2978 boui
1187 2923 1450 2994 promisit,
1481 2925 1532 2976 in
1574 2937 1678 2991 quo
1703 2936 1802 2976 nos
1827 2921 1957 2975 dixit
1977 2935 2098 2975 esse

499 3017 786 3086 1m5pites;
815 3019 1108 3088 Cogitemus
1135 3018 1186 3071 in
1219 3017 1365 3070 caelis
1412 3016 1628 3085 quan-ta
1656 3025 1812 3070 erunt
1843 3015 1978 3069 bona
2007 3029 2091 3070 re-

508 3112 685 3176 losita
718 3129 732 3165 :
764 3110 808 3164 si
834 3111 919 3164 ubi
947 3119 1098 3164 erant
1127 3110 1368 3176 advenae,
1399 3119 1599 3163 tantum
1646 3120 1966 3181 acceperunt
1993 3107 2092 3161 ho-

505 3217 729 3267 norem;
775 3202 861 3256 ubi
905 3211 1027 3256 sunt
1077 3201 1350 3265 civitates,
1395 3211 1647 3270 quantam
1698 3208 2093 3268 consequentur

504 3294 774 3358 gloriam?
799 3294 840 3348 si
872 3293 956 3347 ubi
986 3293 1232 3362 promisit
1269 3289 1636 3358 afﬂictiouem,
1672 3301 1844 3345 tantus
1872 3299 1952 3344 est
1978 3289 2089 3344 eul-

499 3389 626 3448 tus;
658 3383 741 3436 ubi
773 3382 909 3437 bona
944 3397 1070 3437 vere
1106 3391 1190 3437 est
1225 3382 1514 3452 pollicitus,
1545 3392 1742 3452 quanta
1769 3382 1871 3436 erit
1898 3381 2089 3451 quies?

503 3475 609 3527 Sed
637 3475 790 3531 vultis
833 3475 1130 3530 mundanos
1167 3476 1326 3530 etiam
1369 3477 1464 3530 seu
1508 3477 1794 3529 szeculares
1833 3473 2087 3528 ostenda-

507 3569 660 3622 mus?
695 3568 842 3624 Nuuc
867 3569 1080 3639 quidem
1112 3585 1218 3622 non
1248 3567 1536 3624 habemus:
1571 3583 1688 3622 nam
1721 3578 1842 3622 sunt
1869 3567 2083 3636 quidem

512 3659 734 3714 l'ortasse
771 3662 1020 3716 mundani
1053 3663 1173 3715 boni
1202 3671 1255 3716 et
1283 3662 1452 3728 probi,
1485 3661 1576 3715 sed
1607 3661 1694 3730 qui
1727 3665 1790 3714 ad
1823 3674 2081 3714 summam

506 3765 623 3803 non
663 3755 973 3820 perveniunt
1016 3753 1420 3824 philosophiam.
1453 3755 1808 3820 Quamobrem
1841 3768 1902 3806 ex
1937 3763 2082 3806 vele-

509 3839 662 3894 ribus
701 3850 754 3895 et
792 3843 986 3897 sanctis
1031 3843 1199 3898 dicam
1239 3845 1388 3899 vobis
1431 3845 1695 3914 exempla.
1730 3845 1895 3910 Quam
1931 3843 2078 3896 multi

499 3931 595 3999 qui
629 3947 819 3987 uxores
863 3933 1154 4002 habebant,
1194 3945 1246 3990 et
1281 3935 1420 3990 lilios
1447 3937 1683 4001 alebant,
1721 3935 1848 3988 nihil
1881 3937 2076 3996 minus,

497 4023 679 4090 nihil,
729 4027 976 4095 inquam,
1024 4027 1198 4082 minus
1250 4027 1552 4082 habuerunt
1601 4043 1759 4097 quam
1809 4027 1896 4096 qui
1955 4027 2076 4080 dicti

489 4125 623 4170 sunt
648 4119 668 4169 ?
693 4117 795 4172 Sed
833 4133 974 4172 nunc
1014 4135 1117 4173 non
1155 4120 1282 4174 licet
1324 4130 1538 4189 prepter
1579 4120 1864 4172 instantem
1896 4133 2078 4171 neces-

485 4211 736 4274 sitatem,
783 4211 927 4264 sicut
965 4210 1096 4265 dicit
1138 4211 1222 4264 hic
1264 4211 1472 4265 beatus.
1529 4209 1694 4276 Quem
1741 4225 1868 4278 ergo
1917 4209 2074 4262 vultis

485 4303 706 4357 dicam?
728 4304 862 4370 Noe,
892 4319 958 4358 an
985 4305 1294 4358 Abraham?
1325 4319 1390 4357 an
1423 4303 1578 4372 hujus
1609 4303 1867 4364 lilium,au
1901 4301 2074 4354 illius?

483 4411 552 4448 an
597 4395 842 4466 Joseph?
874 4396 978 4452 Sed
1011 4398 1169 4450 vultis
1193 4397 1472 4450 veniamus
1505 4395 1568 4448 ad
1601 4394 1928 4464 prophetas?
1961 4392 2071 4445 Mo-

431 4495 438 4499 '
482 4505 624 4555 sem,
657 4490 888 4560 inquam,
923 4491 1132 4544 lsaiam.

555 4583 612 4636 4.
645 4583 780 4650 Sed,
812 4586 854 4639 si
893 4584 1084 4648 vultis,
1118 4585 1412 4638 orationem
1448 4585 1773 4638 attrahamus
1803 4585 1866 4636 ad
1907 4584 2072 4636 Abra-

483 4675 614 4726 ham
641 4717 656 4736 ,
685 4692 836 4744 quem
879 4679 1109 4731 maxime
1149 4693 1334 4730 omnes
1381 4677 1533 4730 nobis
1573 4693 1784 4746 semper
1821 4677 2068 4730 all'eruut.

475 4767 684 4819 Annon
709 4767 930 4821 habebat
955 4785 1199 4828 uxorem,
1225 4785 1400 4822 annon
1430 4769 1658 4824 liberos?
1683 4786 1779 4838 ego
1801 4769 1942 4822 enim
1971 4769 2072 4822 hoc

473 4858 640 4911 vobis
679 4859 796 4912 dico
822 4902 836 4925 ,
877 4861 1016 4929 quod
1061 4877 1156 4914 vos
1200 4861 1372 4915 nobis.
1422 4861 1656 4914 llabebat
1689 4877 1944 4925 uxorem;
1977 4861 2068 4915 sed

470 4966 585 5003 non
622 4952 870 5018 quoniam
905 4953 1128 5006 habebat
1163 4969 1404 5012 uxorem.
1434 4964 1548 5008 erat
1575 4955 1906 5008 admirabilis
1935 4972 1946 5006 :
1979 4954 2072 5006 ha—

469 5040 642 5094 bebat
675 5044 951 5109 pecunias;
977 5045 1068 5097 sed
1103 5060 1208 5097 non
1241 5045 1364 5114 quia
1399 5047 1650 5114 pecunias
1679 5045 1924 5106 habebat,
1961 5045 2071 5113 pla-

461 5136 580 5188 cuit
613 5135 722 5189 Deo
747 5156 761 5191 :
791 5137 1020 5190 habebat
1053 5137 1189 5190 lilios
1214 5155 1226 5200 ;
1257 5138 1348 5190 sed
1378 5153 1479 5190 nun
1509 5139 1626 5206 quia
1658 5139 1792 5191 lilios
1821 5137 2066 5200 habebat,

463 5227 798 5280 Censebatur
845 5229 1072 5282 beatus:
1107 5239 1376 5282 trecentos
1415 5230 1596 5283 decem
1639 5239 1688 5282 et
1731 5239 1852 5281 octo
1890 5228 2066 5280 habuit

463 5330 708 5378 vernas;
739 5319 832 5373 sed
869 5337 974 5371 non
1009 5321 1129 5373 ideo
1161 5321 1450 5373 habebatur
1483 5323 1534 5373 in
1567 5321 1934 5372 :ulmiratioue.
1964 5319 2064 5372 Sed

450 5397 545 5462 vis
591 5411 736 5464 scire
779 5411 1046 5464 undenam
1093 5411 1420 5464 haberetur"!
1453 5413 1525 5466 Ex
1574 5412 1968 5480 hospitalitate,
2003 5427 2064 5464 ex

461 5501 715 5568 pecunia.-
743 5501 1020 5570 despectu,
1055 5521 1116 5556 ex
1163 5505 1416 5556 niodestia
1447 5517 1497 5558 et
1531 5504 1898 5574 temperantia.
1931 5503 2064 5570 Quid

459 5593 633 5653 enirn,
671 5591 986 5660 tlie,qu:c.~'o,
1023 5595 1360 5662 pllilnSOpltl?
1387 5612 1560 5648 annon
1603 5597 1851 5662 lCClllllitS
1877 5607 1922 5649 et
1954 5597 2066 5664 glo-

457 5682 599 5734 riatu
629 5682 934 5750 dvspirere,
965 5685 1160 5738 invidia
1190 5695 1242 5738 et
1270 5689 1452 5754 quavis
1479 5690 1636 5740 animi
1667 5689 2064 5755 perturbatione

459 5782 512 5823 et
556 5775 884 5833 argritudine
930 5791 1049 5829 esse
1095 5778 1466 5844 superiorem?
1513 5783 1621 5849 Age
1667 5796 1792 5850 ergo
1839 5796 1958 5832 eum
2010 5779 2060 5832 in

460 5865 704 5918 medium
733 5867 1022 5920 adductum
1049 5883 1328 5930 eruamus,
1355 5880 1405 5921 et
1433 5871 1577 5922 vobis
1599 5873 1941 5926 ostendamus
1967 5889 2060 5924 eu-

455 5953 699 6018 jusmodi
730 5967 878 6012 esset
905 5957 1281 6030 philosophus.
1313 5959 1548 6013 Primum
1575 5962 2059 6018 nibilexi~timabat

1429 506 1497 570 IN
1534 505 1749 569 EPIST.
1791 505 1883 566 AD
1921 500 2164 564 EPllES.
2205 501 2356 561 CAP.
2401 506 2487 563 Vl.
2528 503 2757 566 HOMIL.
2792 506 2934 568 XXI.

3714 523 3822 580 ’151

2238 638 2358 676 esse
2387 626 2610 692 patriam
2637 642 2652 680 :
2682 625 2932 696 Egredere
2959 627 3122 692 enim,
3156 628 3376 697 audivit,
3408 646 3472 686 ea:
3497 640 3630 687 terra
3659 649 3746 689 tua
3775 649 3823 692 et

2236 707 2298 767 ea:
2325 715 2620 786 cognatione
2646 725 2734 770 tua
2759 717 2778 782 (
2796 716 2923 772 Gen.
2955 717 3042 772 12.
3075 719 3099 775 1
3127 720 3182 789 ﬂ);
3225 728 3279 776 et
3317 723 3494 777 statim
3526 735 3608 780 est
3635 739 3818 796 egres-

2234 820 2345 862 sus.
2373 807 2488 862 Non
2516 806 2614 862 fuit
2638 808 2820 864 domui
2851 809 3096 881 alligatus
3125 830 3139 866 :
3168 827 3352 868 revera
3380 815 3523 871 enim
3548 832 3652 872 non
3677 830 3820 875 esset

2232 913 2507 968 egressus;
2537 915 2643 953 non
2671 901 2920 955 amicitize
2946 902 3372 968 consuetudinis,
3406 920 3510 960 non
3542 907 3634 961 ulti
3663 909 3816 962 alteri

2233 991 2333 1046 rei.
2365 990 2534 1046 Porro
2563 991 2794 1047 maxime
2831 993 3070 1048 omnium
3113 994 3336 1064 gloriam
3374 995 3618 1067 despexit
3643 1008 3697 1054 ct
3727 1017 3818 1069 pe~

2229 1085 2416 1141 cunias
2449 1103 2461 1138 :
2489 1085 2736 1140 confecto
2769 1088 2911 1141 enim
2951 1087 3111 1157 bello,
3143 1086 3378 1159 fusisque
3408 1105 3470 1144 ac
3499 1089 3692 1162 fugatis
3719 1091 3815 1145 ho-

2227 1175 2420 1242 stihus,
2449 1191 2569 1230 cum
2599 1188 2876 1255 rogaretur
2904 1179 3145 1248 accipere
3171 1180 3363 1250 spolia,
3394 1184 3676 1237 recusavit.
3707 1183 3810 1238 Sed

2225 1267 2341 1337 ejus
2373 1267 2511 1324 ﬁlius
2543 1285 2728 1324 rursus
2759 1285 2864 1325 non
2896 1269 3192 1325 habebatur
3217 1271 3270 1324 in
3299 1272 3654 1330 admiratione
3687 1290 3810 1344 pro-

2225 1369 2347 1430 pter
2376 1362 2649 1430 pecunias,
2679 1361 2778 1417 sed
2813 1372 3040 1434 propter
3067 1362 3514 1432 hospitalitatem;
3549 1379 3652 1418 non
3685 1381 3808 1434 pro-

2222 1462 2340 1521 pter
2369 1452 2568 1508 liberos
2591 1493 2606 1518 ,
2637 1452 2730 1508 sed
2771 1462 2989 1523 propter
3015 1452 3374 1509 obedientiam
3399 1471 3414 1521 ;
3445 1471 3549 1510 non
3587 1466 3808 1526 preptcr

2214 1559 2442 1600 uxorem
2471 1585 2484 1608 ,
2515 1543 2606 1600 sed
2636 1555 2856 1615 propter
2890 1545 3225 1600 sterilitatem
3258 1545 3310 1600 in
3342 1561 3527 1602 uxore.
3559 1547 3804 1602 Prarsen-

2221 1645 2326 1692 tem
2371 1639 2530 1692 vitam
2564 1637 2693 1692 nihil
2733 1637 2999 1694 docebant
3021 1680 3036 1705 ,
3071 1641 3310 1708 pecunia:
3341 1656 3444 1695 non
3477 1641 3760 1696 studebant
3785 1684 3801 1709 ,

2217 1728 2396 1788 omnia
2435 1728 2823 1804 despiciebant.
2869 1729 3042 1794 Nam,
3075 1731 3162 1786 die
3201 1731 3330 1786 mihi
3356 1774 3370 1797 ,
3399 1747 3642 1801 qua-nam
3679 1742 3804 1786 sunt

2216 1823 2410 1892 plantae
2436 1825 2651 1892 optima:
2677 1831 2731 1878 ct
2763 1825 3257 1894 prmstantissimw?
3285 1840 3462 1879 annon
3487 1841 3568 1880 ea:
3592 1842 3708 1896 qua:
3733 1843 3798 1881 ex

2215 1933 2274 1972 se
2301 1917 2500 1972 habent
2526 1917 2686 1984 vires,
2716 1929 2768 1972 et
2797 1934 2895 1972 nec
2923 1917 3182 1972 imbribus
3207 1933 3308 1974 nec
3329 1919 3672 1989 grandinibus
3700 1935 3800 1974 nec

2214 2019 2492 2063 ventorum
2522 2009 2744 2078 impetu,
2769 2025 2944 2078 neque
2969 2009 3072 2064 ulla
3095 2009 3195 2064 alia
3223 2009 3486 2078 ejusmodi
3511 2019 3799 2080 tempesta-

2215 2109 2324 2154 tum
2358 2100 2623 2154 heduulur
2665 2101 3065 2172 inzequalitate,
3105 2101 3200 2156 sed
3239 2110 3383 2156 stant
3425 2101 3582 2156 nuda:
3617 2103 3796 2157 omnia

2211 2191 2598 2261 despicientes,
2630 2202 2683 2249 et
2714 2209 2886 2264 neque
2923 2193 3076 2248 vallis
3117 2209 3289 2264 neque
3335 2194 3582 2250 maceriis
3625 2211 3797 2266 neque

2210 2285 2379 2352 septis
2409 2285 2690 2354 indigent?
2715 2285 2860 2340 Talis
2884 2295 2963 2341 est
3007 2285 3380 2355 philosophus,
3412 2287 3542 2341 tales
3578 2286 3684 2341 illa:
3712 2287 3794 2341 di-

2210 2375 2349 2429 viti:e
2383 2394 2394 2428 :
2423 2375 2551 2429 nihil
2583 2375 2760 2442 habet,
2791 2385 2845 2431 et
2875 2375 3034 2430 habet
3059 2377 3238 2430 omnia
3265 2391 3279 2442 ;
3313 2377 3490 2432 omnia
3531 2377 3711 2443 habet,
3739 2389 3795 2434 et

2208 2469 2338 2524 nihil
2365 2469 2544 2525 habet.
2575 2470 2756 2524 Murus
2786 2470 2928 2525 enim
2953 2485 3060 2524 non
3086 2477 3174 2525 est
3197 2470 3541 2536 intrinsecus,
3569 2470 3662 2525 sed
3691 2486 3788 2526 ex-

2209 2561 2471 2615 trinsecus
2495 2579 2509 2624 ;
2536 2562 2704 2616 vallus
2729 2574 2836 2615 non
2859 2569 2941 2616 est
2963 2570 3186 2628 natum,
3209 2560 3302 2616 sed
3327 2571 3408 2616 est
3431 2561 3787 2616 extrinsecus.

2204 2653 2340 2720 Quid
2371 2653 2528 2706 vero?
2552 2651 2865 2722 dic,qua:so,
2895 2653 3163 2723 quodnam
3195 2669 3390 2723 corpus
3415 2665 3496 2709 est
3519 2655 3787 2708 validum?

2205 2746 2326 2800 idne
2365 2745 2502 2816 quod
2540 2755 2622 2800 est
2663 2761 2881 2810 sanum,
2913 2755 2967 2801 et
2994 2763 3167 2817 neque
3201 2747 3372 2812 laute,
3406 2763 3580 2816 neque
3611 2748 3787 2817 reple-

2204 2839 2366 2903 tione,
2393 2853 2563 2908 neque
2586 2837 2799 2908 frigore,
2823 2853 2997 2908 neque
3017 2845 3148 2892 :estu
3169 2849 3503 2908 expugnatur
3523 2857 3536 2892 :
3555 2854 3620 2893 an
3643 2838 3784 2909 quod

2199 2929 2454 2983 adversus
2486 2928 2596 2982 lucc
2623 2929 2800 2982 omnia
2828 2941 2880 2982 et
2911 2944 3112 2983 mensa:
3151 2930 3502 2984 structorilnts
3527 2938 3582 2984 et
3611 2939 3784 2984 texto-

2201 3021 2346 3074 ribus
2372 3029 2425 3076 et
2455 3021 2796 3076 venatoribus
2823 3030 2876 3075 et
2901 3022 3123 3075 medicis
3154 3021 3356 3090 indiget
3380 3032 3430 3076 ut
3458 3023 3528 3076 sit
3555 3026 3784 3076 sanum?

2199 3115 2288 3166 Ιιῐθ
2317 3123 2397 3166 est
2427 3113 2596 3178 dives,
2627 3113 2713 3183 qui
2747 3128 2872 3166 vere
2904 3112 3276 3182 philosOphus,
3310 3113 3456 3166 nullo
3484 3112 3670 3166 horum
3702 3115 3782 3166 iu-

2196 3206 2356 3275 (liget.
2403 3205 2690 3274 Propterea
2720 3206 2931 3260 dicebat
2975 3205 3061 3259 hic
3103 3206 3324 3272 beatus,
3357 3203 3588 3258 Educate
3614 3221 3699 3259 eos
3726 3205 3779 3259 in

2195 3297 2466 3362 disciplina
2500 3307 2546 3350 et
2594 3297 2801 3350 Domini
2839 3297 3202 3350 admonitione.
3243 3296 3318 3351 Ne
3357 3311 3486 3364 ergo
3521 3297 3688 3350 vallos
3724 3306 3780 3350 et

2193 3400 2341 3458 septa
2385 3391 2716 3442 extrinsecus
2755 3389 3171 3456 circumponatis
3202 3404 3216 3438 :
3247 3387 3348 3440 hoc
3371 3387 3512 3440 enim
3541 3395 3664 3440 sunt
3692 3386 3777 3440 di-

2193 3479 2350 3543 vitim,
2384 3478 2483 3532 hoc
2509 3487 2591 3532 est
2617 3479 2803 3548 gloria.
2832 3475 3057 3543 Quando
3081 3477 3222 3530 enim
3248 3491 3309 3529 ea
3337 3475 3654 3542 deciderint,
3684 3475 3776 3530 de-

2191 3569 2374 3622 ι’ἰιΙιιιιι
2399 3580 2598 3634 autem,
2627 3569 2802 3636 planta
2829 3575 2912 3621 est
2950 3566 3112 3631 nuda,
3136 3574 3200 3620 et
3240 3573 3546 3635 expugnato
3579 3563 3772 3630 facilis,

2191 3671 2246 3714 ut
2270 3678 2388 3731 qo;e
2417 3662 2686 3729 przL-lel'ilo
2715 3670 2952 3728 tempore
2980 3675 3086 3714 non
3111 3659 3280 3713 solum
3306 3657 3438 3712 nihil
3465 3657 3592 3712 lucri
3619 3672 3774 3711 acce-

2191 3754 2344 3822 perit,
2375 3751 2466 3806 sed
2497 3753 2654 3805 etiam
2683 3751 2878 3805 damno
2906 3752 2984 3806 sic
3009 3749 3199 3806 allecto
3231 3768 3244 3805 :
3275 3749 3352 3804 illi
3391 3749 3530 3804 enim
3567 3749 3689 3802 valli
3717 3757 3770 3803 ct

2185 3854 2328 3914 septa
2381 3861 2500 3915 quae
2560 3845 2839 3914 prohibent
2888 3844 3170 3913 queiniuus
3220 3843 3458 3900 decertet
3509 3843 3764 3897 adversus

2185 3937 2410 3992 insultus
2439 3949 2754 4003 ventorum,
2796 3939 3032 3993 cilicium
3070 3948 3125 3992 ut
3164 3954 3304 3992 nunc
3345 3947 3566 4008 repente
3606 3935 3763 3989 simul

2179 4033 2441 4086 cencidat.

2255 4124 2452 4178 Divitiae
2481 4127 2804 4193 quandomnn
2833 4125 3040 4178 licitam.
3068 4153 3138 4163 --
3161 4123 3324 4190 Magis
3355 4123 3530 4189 itaque
3567 4121 3764 4174 heduut

2179 4219 2394 4282 divitiae,
2428 4226 2486 4270 ut
2513 4234 2628 4284 qu:e
2659 4215 2884 4268 reddant
2913 4214 3201 4280 imparatos
3227 4221 3280 4264 et
3309 4211 3526 4264 minime
3555 4211 3761 4264 exerci-

2176 4318 2316 4362 tatos
2345 4309 2601 4362 adversus
2631 4309 2751 4359 vita:
2783 4307 2992 4374 iniquos
3018 4319 3194 4357 casus.
3227 4303 3386 4356 Tales
3413 4315 3540 4370 ergo
3570 4301 3758 4354 redda-

2180 4417 2294 4454 mus
2320 4402 2476 4463 lilios,
2502 4410 2556 4451 ut
2583 4400 2785 4466 possint
2809 4397 3066 4450 adversus
3087 4393 3263 4447 omnia
3291 4393 3562 4455 resistere,
3589 4407 3760 4460 neque

2179 4509 2309 4546 nova
2343 4503 2394 4544 et
2431 4491 2601 4542 aliena
2646 4489 2928 4542 videantur
2963 4503 3081 4556 quze
3125 4486 3402 4539 incurrunt
3431 4503 3443 4538 :
3469 4485 3758 4540 educamus

2177 4586 2226 4638 in
2255 4583 2528 4649 disciplina
2553 4590 2606 4634 et
2631 4579 2994 4633 admonitione
3025 4577 3228 4630 Domini
3255 4617 3268 4638 ,
3301 4585 3353 4628 et
3384 4591 3570 4644 magna
3600 4575 3753 4629 nobis

2175 4684 2462 4744 reponetur
2489 4687 2713 4726 merces.
2744 4671 2874 4725 Nam
2897 4670 2939 4724 si
2967 4671 3206 4724 homines
3233 4667 3320 4738 qui
3351 4681 3532 4735 regum
3561 4664 3758 4718 faciunt

2175 4767 2475 4829 simulacra,
2507 4773 2558 4816 et
2591 4765 2808 4832 pingunt.
2835 4763 3109 4831 imagines,
3140 4768 3340 4813 tantum
3379 4757 3636 4812 honorem
3665 4770 3753 4808 as-

2173 4867 2466 4926 scqttuttiltt'
2496 4873 2508 4908 :
2543 4870 2639 4908 nos
2669 4856 2758 4924 qui
2791 4853 2989 4924 regiam
3019 4867 3271 4906 ornamus
3309 4851 3591 4918 imaginem
3624 4847 3752 4919 (Dei

2172 4951 2310 5002 enim
2347 4950 2518 5018 imago
2546 4958 2625 5002 est
2657 4947 2874 5015 homo),
2909 4961 3012 4998 non
3045 4943 3198 4998 bonis
3239 4942 3476 4997 fruemur
3506 4945 3752 4993 innume-

2175 5041 2458 5106 rabilibus,
2489 5039 2538 5092 id
2583 5039 2866 5092 reddentes
2903 5035 3042 5106 quod
3087 5045 3167 5089 est
3207 5034 3271 5088 ad
3307 5031 3703 5086 similitmliuem
3727 5029 3752 5080 ’ἔ

2174 5131 2300 5184 Nam
2329 5132 2427 5184 hoc
2455 5141 2532 5184 est
2563 5131 2756 5192 simile,
2792 5129 2956 5182 virtus
2981 5127 3190 5188 animm,
3223 5121 3434 5192 quando
3466 5121 3598 5174 ﬁlios
3628 5135 3750 5174 cru-

2171 5225 2425 5279 d'erimus
2463 5235 2518 5276 ut
2561 5227 2666 5276 sint
2708 5221 2828 5276 boui
2852 5261 2871 5288 ,
2902 5216 3114 5288 quando
3157 5226 3212 5268 ut
3255 5230 3356 5266 non
3387 5215 3490 5266 sint
3517 5213 3582 5265 ad
3617 5213 3745 5266 iram

2175 5319 2398 5384 prompti
2426 5359 2438 5376 ,
2469 5315 2681 5380 quando
2713 5322 2766 5364 ιιι
2797 5326 2900 5364 ιιοιι
2932 5312 3031 5362 sint
3065 5307 3270 5374 injuria:
3301 5319 3601 5367 memores;
3637 5303 3748 5357 lure

2171 5425 2343 5458 manna
2378 5415 2498 5457 sunt
2531 5407 2636 5458 Deo
2671 5401 2877 5469 propria
2911 5397 3155 5469 :quantlu
3188 5408 3238 5450 ul
3271 5395 3374 5449 sint.
3405 5395 3658 5458 beneﬁci,
3693 5403 3750 5446 ut

2171 5501 2269 5551 sint
2308 5499 2513 5564 benigni
2539 5537 2550 5554 ,
2587 5495 2796 5564 quando
2827 5489 3180 5544 erudierimus
3213 5487 3359 5541 nihili
3387 5487 3580 5539 duc.mt
3609 5499 3746 5552 prte-

2169 5595 2358 5644 sz-mh.
2395 5592 2502 5643 llue
2535 5605 2658 5656 ergo
2695 5595 2931 5638 nostrqu
2960 5584 3028 5638 sit
3059 5597 3210 5650 opus,
3245 5596 3342 5634 nos
3374 5581 3516 5646 ipsos
3547 5585 3599 5630 et
3629 5576 3747 5629 illo;

2170 5691 2367 5750 lingere
2397 5699 2458 5734 ac
2488 5695 2808 5746 mmpom-re
2840 5687 2894 5730 ut
2922 5685 3154 5744 Oportet.
3189 5672 3396 5739 Alioqui
3426 5685 3524 5736 qua
3559 5668 3746 5720 liducia

2168 5778 2420 5829 stabimus
2458 5783 2580 5826 ante
2624 5770 2846 5824 tribunal
2877 5769 3112 5824 Christi?
3141 5766 3271 5820 Nam
3308 5765 3350 5817 si
3390 5762 3637 5828 indiguus
3667 5770 3750 5814 est

2165 5869 2468 5936 episcopatu
2498 5863 2582 5930 qui
2615 5863 2750 5914 tilios
2775 5861 2931 5915 habet
2959 5877 3062 5913 nou
3092 5857 3354 5919 subditos,
3385 5853 3552 5908 multo
3581 5852 3752 5918 magis

2165 5973 2326 6026 regno
2354 5955 2626 6008 caelorum.
2660 5952 2793 6019 Quid
2829 5953 2993 6006 dicis?
3025 5953 3067 6008 si
3107 5950 3360 6004 habemus
3395 5956 3623 5996 osorem
3650 5940 3755 5991 int-
