4218 6266
452 531 553 586 135

452 647 748 724 strodegtant
774 686 791 719 ,
820 654 873 719 et
897 647 941 701 si
972 643 1137 713 lilias,
1166 641 1452 697 reddendae
1484 640 1672 694 rationi
1707 638 1907 694 erimus
1936 639 2033 692 ob-

454 724 904 805 noxiifMaxime,
936 735 1036 790 nisi
1063 743 1246 788 exacte
1273 742 1325 788 et
1354 739 1601 787 accurate
1630 729 2034 800 praestiterimus

451 844 571 897 qua:
596 836 720 900 sunt
748 843 776 880 a
808 825 961 901 nobis
1003 824 1300 894 praestanda
1332 843 1346 878 :
1379 840 1484 878 non
1512 823 1652 876 enim
1686 821 1893 891 propria
1922 819 2030 873 vir-

451 931 535 973 tus
563 919 715 973 nobis
742 915 939 995 sufficit
966 916 1029 993 ad
1053 916 1304 970 salutem.
1329 914 1459 969 Nam
1488 913 1533 967 si
1561 913 1645 983 qui
1675 928 1832 965 unum
1864 910 2031 995 talen-

450 1026 561 1064 tum
593 1027 697 1089 non
729 987 1002 1087 deponens
1045 1009 1174 1089 nihil
1214 1020 1295 1062 est
1338 1009 1609 1093 lucratus,
1642 1004 1736 1083 sed
1765 1004 1925 1085 etiam
1954 1003 2032 1057 sic

451 1104 687 1172 punitur,
710 1112 791 1158 est
822 1101 1159 1177 perspicuum
1184 1099 1323 1171 quod
1352 1100 1517 1152 virtus
1546 1097 1757 1183 propria
1788 1109 1892 1148 non
1921 1094 2028 1148 Suf-

451 1194 558 1247 ticit
587 1193 652 1247 ad
679 1194 903 1269 salutem
930 1233 948 1258 ,
973 1192 1066 1245 sed
1097 1190 1315 1257 alterius
1355 1190 1513 1244 etiam
1547 1188 1740 1240 virtute
1765 1200 1896 1254 opus
1926 1193 2026 1237 est.

447 1284 691 1358 Magnam
710 1299 838 1354 ergo
863 1300 1044 1339 curam
1071 1296 1318 1353 geramus
1339 1291 1391 1336 et
1413 1295 1636 1334 uxorum
1665 1287 1718 1332 et
1742 1276 2025 1331 liberorum

446 1387 502 1430 et
531 1376 847 1433 famulorum
882 1386 937 1432 et
963 1376 1128 1431 nostri
1156 1376 1421 1446 ipsorum,
1450 1383 1503 1430 et
1544 1373 1595 1427 in
1631 1371 1785 1425 nobis
1817 1369 1945 1439 ipsis
1975 1376 2029 1422 et

447 1468 553 1523 illis
577 1469 961 1539 componendis
991 1468 1153 1523 Deum
1184 1482 1451 1537 rogemus,
1480 1477 1532 1519 ut
1559 1463 1624 1518 ad
1646 1478 1762 1518 eam
1792 1476 1901 1516 rem
1931 1474 2027 1512 na-

447 1559 528 1613 bis
553 1576 708 1631 Opem
740 1560 873 1616 ferat
923 1558 977 1616 Si
1010 1560 1200 1616 viderit
1243 1574 1340 1613 nns
1377 1560 1477 1612 hoc
1514 1572 1701 1611 curare
1738 1565 1789 1608 et
1820 1552 1887 1608 de
1923 1551 2024 1605 hoc

450 1682 814 1693 m

818 1683 1113 1695 __——.._.—

1189 532 1243 585 S.
1284 524 1558 605 J0.\N.\"lS
1595 523 2062 582 Clllllt'SOSTOMl
2105 526 2419 581 ARCHIEP.
2460 524 2992 584 CONSTANTINOP.

1867 1666 3158 1682 .m—

3632 530 3735 588 158

2142 655 2263 695 esse
2289 639 2569 707 sollicitos,
2600 655 2754 705 opem
2786 640 2959 707 feret;
2992 639 3074 695 sin
3114 641 3313 696 nullam
3345 640 3545 697 habere
3573 642 3729 713 hujus

2142 732 2219 785 rei
2262 731 2558 798 rationem,
2598 746 2815 785 manum
2853 745 2958 785 non
2997 733 3247 802 porriget.
3276 732 3393 788 Non
3426 733 3568 789 enim
3596 734 3725 791 dor-

2142 822 2429 877 mientibus
2457 822 2611 877 nobis
2638 822 2729 877 dat
2757 824 3010 877 auxilium
3042 823 3202 889 Deus,
3233 825 3326 880 sed
3359 825 3487 895 ipsis
3512 842 3728 899 quoque

2139 914 2501 969 laborantibus
2535 931 2547 968 :
2576 929 2697 968 nam
2742 914 2953 984 adjutor
2997 930 3103 970 non
3139 926 3219 971 est
3259 917 3450 980 otiosi,
3485 917 3587 985 sed
3608 919 3725 988 ejus

2138 1006 2225 1074 qui
2247 1005 2359 1074 ipse
2378 1021 2589 1076 quoque
2608 1014 2881 1075 operatur.
2904 1006 3100 1063 Potens
3122 1018 3204 1064 est
3224 1019 3401 1066 autem
3427 1010 3568 1066 Dens
3588 998 3724 1087 opus

2139 1112 2232 1166 per
2257 1111 2317 1169 se
2342 1096 2407 1152 ad
2438 1096 2685 1153 ell‘eetum
2714 1097 3010 1166 deducere,
3041 1110 3099 1154 ut
3131 1114 3319 1157 omnes
3351 1101 3494 1174 digni
3524 1103 3721 1161 habes.

2136 1202 2255 1241 mur
2280 1187 2370 1263 qui
2399 1187 2538 1243 bona
2569 1189 2829 1258 promissa
2858 1204 3268 1260 consequamur,
3301 1208 3394 1262 per
3417 1197 3639 1265 gratiam
3666 1208 3720 1253 et

2136 1273 2515 1349 benignitatem
2562 1280 2771 1336 Domini
2809 1282 2978 1337 nostri
3021 1282 3146 1338 Jesu
3192 1282 3427 1349 Christi,
3468 1287 3552 1343 cui
3594 1303 3717 1345 cum

2134 1369 2293 1424 Patre
2312 1380 2364 1425 et
2383 1354 2582 1440 spiritu
2609 1380 2798 1427 saneto
2813 1372 3004 1442 gloria,
3032 1373 3336 1444 imperium,
3363 1376 3551 1445 honor,
3577 1396 3716 1436 nunc

2132 1471 2187 1529 et
2214 1461 2446 1532 semper,
2475 1472 2525 1539 et
2554 1463 2604 1516 in
2630 1449 2830 1531 seacula
2851 1464 3194 1520 sreculorum.
3223 1469 3416 1522 Amen.

3690 1677 3717 1693 ⁴

1861 1731 2213 1830 nemus
2262 1730 2473 1791 xxu.

439 1885 571 1945 Cm.
596 1887 648 1942 6.
679 1902 729 1940 ν.
759 1887 813 1943 5.
845 1887 1008 1950 Servi,
1038 1886 1232 1942 obcdite
1254 1885 1468 1940 dominis
1501 1880 1785 1939 carnalibus
1816 1894 1928 1942 cum
1956 1879 2018 1942 ti-

511 1967 650 2030 more
684 1986 731 2030 et
763 1972 1016 2043 tremore,
1057 1978 1107 2030 in
1147 1975 1465 2046 simplicitate
1492 1971 1658 2027 cordis
1685 1970 1863 2031 vestri,
1899 1969 2025 2021 sicut

509 2068 710 2123 Christo
740 2084 761 2123 :
783 2067 834 2123 6.
864 2085 962 2123 non
987 2068 1056 2122 ad
1079 2068 1278 2122 oculum
1300 2068 1561 2121 servientes
1580 2066 1721 2132 quasi
1743 2061 2025 2125 hominibus

508 2152 758 2229 placentes
778 2203 793 2227 ,
819 2162 909 2215 sed
937 2170 991 2214 ut
1021 2161 1151 2215 servi
1179 2158 1397 2223 Christi,
1437 2158 1674 2229 facientes
1716 2156 2021 2221 voluntatem

509 2248 608 2304 Dei
634 2238 696 2305 ea:
721 2250 911 2317 animo,
937 2252 990 2305 7.
1014 2244 1129 2305 cum
1157 2250 1287 2304 bona
1311 2250 1564 2305 voluntate
1584 2247 1867 2322 servientes,
1895 2244 2021 2311 sicut

505 2330 731 2395 Domino
768 2351 814 2395 et
862 2358 963 2395 non
1006 2340 1327 2404 hominibus;
1358 2340 1411 2395 8.
1452 2328 1825 2406 scientcs'quod
1858 2351 2018 2388 unus-

507 2435 717 2503 quisque
757 2434 1101 2504 quodcumque
1139 2434 1315 2500 fecerit
1361 2434 1541 2485 bonum
1566 2471 1582 2495 ,
1623 2431 1716 2483 hoc
1757 2428 1960 2496 recipiet
1989 2443 2021 2481 α

507 2523 753 2592 Domino,
779 2526 883 2579 sive
909 2540 1096 2590 servus,
1115 2526 1220 2580 sive
1237 2523 1378 2578 liber.

512 2608 561 2661 l.
597 2606 670 2661 De
692 2624 948 2662 servorum
979 2610 1172 2679 ofﬁciis.
1199 2638 1272 2649 --
1296 2608 1409 2662 Non
1437 2607 1610 2662 solum
1650 2607 1828 2676 itaque
1855 2605 2016 2660 mari-

437 2710 520 2752 tus
540 2741 554 2766 ,
587 2715 760 2770 neque
788 2716 922 2755 uxor
943 2741 958 2765 ,
991 2716 1163 2771 neque
1205 2700 1296 2754 lilii
1318 2742 1333 2765 ,
1367 2700 1457 2754 sed
1490 2715 1767 2755 servorum
1805 2714 2018 2770 quoque

436 2795 603 2844 virtus
638 2791 845 2847 confert
882 2793 948 2849 ad
990 2792 1206 2847 domum
1239 2794 1668 2867 constituendam
1704 2804 1757 2848 et
1786 2794 2014 2850 admini—

433 2882 728 2937 strandam.
772 2883 1059 2954 Propterea
1093 2884 1278 2939 beatus
1311 2885 1601 2942 Paulusne
1640 2885 1775 2951 hanc
1800 2884 2013 2956 quidem

433 2984 638 3043 partem
666 2976 893 3046 neglexit
920 2993 934 3043 ;
965 2976 1059 3033 sed
1090 2986 1360 3046 postremo
1383 2977 1596 3048 quidem
1623 2977 1688 3032 ad
1719 2993 1836 3043 eam
1865 2992 2016 3043 acce-

430 3065 529 3128 dit,
552 3067 801 3134 quoniam
829 3066 1083 3136 dignitate
1105 3083 1316 3139 quoque
1342 3069 1441 3124 sita
1465 3077 1547 3124 est
1573 3077 1859 3138 postrema.
1885 3068 2012 3124 Mulv

434 3157 501 3211 tis
527 3170 705 3212 autem
734 3174 854 3223 cum
886 3159 964 3217 eis
991 3160 1121 3229 agit,
1153 3174 1263 3230 non
1302 3168 1567 3230 tamquam
1598 3175 1717 3215 cum
1747 3158 1887 3227 filiis,
1918 3158 2013 3214 sed

433 3249 601 3304 multo
627 3248 948 3320 perfectius:
970 3266 1075 3311 non
1096 3251 1238 3306 enim
1261 3251 1353 3307 dat
1373 3250 1459 3311 hic
1478 3251 1554 3306 eis
1581 3251 2010 3323 promissionem,

430 3340 522 3395 sed
553 3341 603 3396 in
630 3341 829 3398 futuro.
855 3341 1106 3410 Scientes,
1128 3344 1316 3414 inquit,
1342 3344 1480 3414 quod
1498 3343 1837 3413 unusquisque
1854 3345 2016 3410 quod-

429 3448 640 3503 cumque
655 3436 826 3505 fecerit
846 3435 1032 3489 bonum
1054 3435 1129 3491 vel
1148 3436 1359 3501 nmium,
1383 3436 1478 3497 hoc
1501 3437 1705 3505 recipiet
1725 3451 1756 3487 a
1773 3434 2011 3491 Domino.

432 3524 496 3576 Et
517 3524 625 3592 jam
649 3524 807 3581 docet
844 3525 1227 3597 philosophari.
1258 3526 1388 3580 Nam
1420 3528 1517 3587 etsi
1549 3527 1865 3597 auctoritate
1889 3534 2012 3581 sunt

433 3613 666 3669 minores
686 3614 830 3677 ﬁliis,
855 3617 935 3670 sui
956 3626 1129 3671 tamen
1153 3617 1404 3686 opinione
1425 3626 1548 3672 sunt
1571 3618 1821 3687 majores.
1843 3616 2008 3683 Servi,

433 3706 641 3774 inquit,
676 3707 873 3760 obedite
910 3708 1128 3761 dominis
1168 3709 1475 3763 carnalibus.
1514 3709 1738 3765 Mmrore
1767 3709 2009 3766 allectam

432 3795 608 3848 statim
655 3797 826 3849 erexit
865 3797 1096 3850 animam
1118 3839 1132 3862 ,
1165 3808 1217 3851 ct
1245 3799 1420 3852 sttim
1457 3811 1539 3854 est
1574 3800 1898 3854 consolatus.
1934 3799 2011 3855 Ne

430 3886 632 3950 doleas,
659 3886 849 3956 inquit,
876 3889 1015 3957 quod
1044 3889 1217 3942 minus
1244 3887 1437 3943 habeas
1459 3906 1614 3956 quam
1638 3905 1770 3944 uxor
1795 3899 1847 3944 et
1874 3890 1965 3944 lilii
1994 3909 2007 3944 :

432 3977 602 4030 solum
630 3986 711 4031 est
738 3993 931 4033 nomen
974 3978 1278 4044 servitutis;
1317 3979 1534 4034 carnale
1568 3988 1649 4035 est
1680 3980 2006 4047 dominium,

433 4069 726 4138 temporale
755 4078 808 4124 et
836 4070 999 4125 breve
1028 4086 1043 4122 :
1075 4070 1328 4141 quidquid
1359 4071 1501 4126 enim
1538 4080 1620 4126 est
1658 4070 1901 4136 carnale,
1928 4079 2012 4126 est

431 4161 686 4216 caducum
727 4170 780 4216 et
819 4177 923 4226 non
963 4161 1291 4221 diuturnum.
1324 4160 1451 4217 Cum
1486 4163 1697 4228 timore,
1730 4162 1934 4232 inquit,
1964 4172 2010 4216 et

432 4263 663 4307 tremore.
698 4252 858 4307 Vides
884 4253 1025 4321 quod
1063 4268 1166 4319 non
1194 4252 1440 4317 eumdem
1473 4254 1714 4315 timorem
1743 4253 1918 4322 exegit
1943 4252 2011 4307 ab

433 4358 600 4398 uxore
638 4348 692 4397 εἰ
736 4343 938 4397 servis?
968 4342 1097 4397 Nam
1143 4343 1249 4405 illic
1294 4343 1508 4414 quidem
1553 4344 1687 4401 dixit
1725 4344 2007 4415 absolute,

438 4432 626 4488 Mulier
662 4434 833 4489 timeat
874 4436 1110 4493 utarimnt
1143 4451 1160 4488 :
1189 4434 1274 4496 hic
1312 4445 1488 4490 autem
1530 4450 1651 4504 cum
1691 4436 2009 4515 infensione,

432 4522 559 4580 Cum
600 4525 776 4579 timore
813 4535 860 4579 ct
895 4534 1128 4580 tremore.
1172 4525 1239 4580 In
1276 4527 1596 4597 simplicitate
1624 4528 1790 4601 cordis
1821 4511 2009 4593 vestri,

431 4618 559 4672 sicut
580 4616 800 4671 Christo.
830 4617 942 4673 lloc
962 4617 1092 4677 dicit
1119 4616 1443 4688 l‘requenter.
1468 4619 1604 4692 Quid
1628 4620 1783 4687 dicis,
1804 4637 1834 4675 ο
1858 4620 2011 4680 beate

433 4707 637 4762 l‘aule?
664 4718 745 4763 cst
772 4706 955 4772 frater,
988 4708 1172 4767 eadem
1200 4717 1281 4779 est
1303 4720 1684 4783 consequutus,
1715 4721 1797 4766 est
1836 4712 1886 4766 in
1914 4726 2008 4767 eo-

431 4801 553 4854 dem
584 4812 849 4867 corpore;
878 4799 986 4853 imo
1023 4797 1192 4858 factus
1229 4809 1312 4868 cst
1340 4800 1505 4865 frater
1531 4816 1635 4871 non
1667 4802 1745 4857 sui
1773 4802 2011 4873 domini,

432 4888 524 4943 εει]
565 4887 702 4943 adeo
731 4888 849 4943 Filii
884 4888 972 4948 Dei
998 4906 1012 4954 ;
1044 4889 1233 4947 fruitur
1263 4890 1449 4944 iisdem
1479 4893 1745 4965 omnibus,
1774 4905 1824 4948 et
1857 4874 2010 4961 dicis,

436 4981 644 5037 Obcdite
663 4981 886 5041 dominis
903 4982 1190 5041 carnalibus
1214 4998 1329 5036 cum
1351 4984 1529 5048 titnore
1547 4992 1593 5037 et
1618 4987 1873 5053 tremore!
1895 4986 2016 5047 Pro-

438 5089 614 5135 pterea
641 5074 807 5141 enim,
838 5073 1026 5145 inquit,
1056 5073 1195 5130 dico.
1230 5073 1359 5128 Nam
1388 5074 1432 5134 si
1454 5073 1639 5146 jubeo,
1668 5057 1858 5145 inquit,
1885 5075 2017 5130 libe-

435 5180 524 5218 ros
548 5165 770 5219 invicem
793 5174 913 5221 esse
932 5164 1204 5235 subjectos
1232 5175 1448 5234 propter
1469 5165 1714 5231 timorem
1742 5166 1856 5233 Dei,
1880 5166 2016 5245 sicut

432 5254 642 5309 dicebat
659 5257 923 5324 superius,
948 5256 1175 5328 Subjecti
1194 5257 1405 5325 invicem
1421 5257 1474 5313 in
1492 5257 1669 5322 timore
1686 5256 1776 5333 Dei
1800 5257 2013 5329 (Ep/tes.

433 5347 486 5400 5.
518 5344 648 5415 2i);
675 5346 720 5399 si
742 5346 906 5415 jubeo
936 5364 1155 5405 uxorem
1187 5349 1375 5416 timere
1409 5349 1688 5427 maritum,
1720 5349 1929 5427 etiamsi
1954 5366 2015 5404 ea

434 5440 505 5494 sit
549 5454 644 5510 par
685 5439 887 5496 honore
913 5458 926 5495 :
956 5444 1122 5498 multo
1151 5443 1317 5513 magis
1346 5458 1581 5505 servum.
1623 5425 1737 5497 Non
1766 5454 1846 5497 est
1874 5425 2017 5511 enim

436 5532 537 5586 hoc
559 5531 896 5603 ignobilitas,
927 5534 1018 5587 sed
1060 5536 1225 5603 prima
1254 5536 1536 5601 nobilitas,
1564 5536 1704 5594 scire
1731 5550 1850 5591 esse
1880 5533 2017 5589 infe-

437 5627 658 5692 riorem,
687 5635 742 5682 et
771 5625 1012 5682 modeste
1036 5642 1095 5682 se
1119 5643 1328 5697 gerere,
1361 5638 1414 5682 ct
1439 5629 1632 5685 crdere
1661 5644 1921 5699 proximo.
1954 5629 2018 5697 Et

438 5719 593 5774 liberi
624 5720 958 5777 Iiberis‘cum
992 5719 1158 5775 multo
1186 5722 1374 5775 timore
1400 5731 1453 5775 ει
1485 5729 1716 5776 tremore
1755 5721 2011 5775 serviunt.

440 5809 865 5878 In'siruplicitate
893 5811 1093 5874 cordis,
1125 5810 1311 5880 inquit.
1356 5810 1516 5867 Recte
1556 5811 1717 5877 dixit;
1760 5813 2011 5882 quoniam

442 5900 554 5956 εἰει-ἰ
602 5908 775 5971 potest
814 5910 870 5954 ut
906 5902 1167 5955 serviatur
1192 5916 1312 5957 cum
1343 5903 1534 5958 timore
1568 5913 1621 5957 et
1660 5912 1891 5959 tremore
1915 5946 1928 5969 ,
1960 5913 2013 5971 at

440 6007 542 6075 non
574 6006 639 6048 ex
664 5992 1049 6069 benevolentia,
1086 5994 1177 6051 sed
1210 5994 1650 6065 utcutnquelicct.
1678 5995 1789 6051 Non
1821 5998 2012 6052 anim—

2135 1873 2482 1929 advertuntur
2525 1876 2666 1930 enim
2706 1878 2852 1933 multi
2906 1879 3068 1933 multa
3111 1896 3270 1949 prave
3323 1894 3572 1960 gerentes
3618 1889 3712 1954 ad-

2134 1979 2317 2019 versus
2361 1965 2628 2020 dominos.
2678 1967 2840 2037 igitur
2880 1969 3017 2024 hanc
3062 1984 3274 2040 quoque
3321 1988 3534 2041 pravam
3578 1976 3711 2032 tollit

2132 2056 2420 2124 nequitiam
2443 2098 2456 2120 ,
2488 2055 2673 2112 dicens
2692 2099 2707 2125 ,
2745 2057 2810 2112 In
2848 2060 3169 2128 simplicitate
3199 2064 3368 2117 cordis
3406 2067 3555 2119 vestri
3581 2068 3720 2132 sicut

2130 2146 2370 2202 Domino.
2419 2147 2537 2202 Non
2578 2151 2645 2202 ad
2685 2151 2886 2204 oculum
2931 2154 3195 2207 servientes
3236 2156 3381 2233 quasi
3425 2136 3711 2218 hominibus

2130 2239 2403 2311 placentes,
2436 2240 2524 2315 sed
2549 2251 2600 2302 ut
2627 2242 2757 2295 servi
2784 2239 2992 2319 Clu-isti,
3020 2243 3258 2311 facientes
3282 2247 3585 2301 voluntatem
3618 2247 3709 2302 Dei

2130 2349 2193 2386 ex
2219 2334 2408 2397 animo,
2440 2350 2554 2390 cum
2580 2333 2917 2399 benevolentia
2951 2336 3214 2412 servientes
3239 2338 3364 2420 sicut
3395 2338 3632 2421 Omnino,
3663 2350 3709 2422 et

2129 2440 2228 2477 non
2260 2424 2560 2480 hominibus.
2594 2425 2754 2481 Vides
2783 2442 2939 2497 quant
2967 2428 3145 2482 multis
3172 2444 3306 2499 opus
3346 2430 3622 2507 habuerit,
3652 2443 3709 2486 ιιι

2129 2512 2231 2568 Ιιοε
2257 2513 2451 2569 honmn
2476 2524 2536 2570 ct
2566 2516 2845 2572 honestum
2875 2518 3156 2585 insereret,
3186 2519 3313 2574 Cum
3347 2522 3704 2593 benevolentia,

2127 2604 2374 2676 inquam,
2420 2618 2465 2661 et
2509 2624 2572 2661 ea:
2611 2609 2826 2664 animo?
2869 2608 3001 2664 Nam
3044 2610 3170 2664 illud
3213 2611 3425 2681 quidem
3468 2598 3709 2691 videmus

2127 2696 2323 2752 multos
2358 2697 2615 2753 exhibere
2658 2699 2925 2765 dominis,
2954 2698 3082 2756 Cum
3121 2705 3334 2764 timore,
3381 2702 3627 2771 inquam,
3661 2716 3709 2758 et

2126 2796 2378 2853 tremore;
2417 2798 2470 2843 et
2515 2790 2581 2855 ad
2626 2790 2750 2844 illud
2796 2791 2959 2845 multa
3001 2790 3242 2846 ciliciunt
3272 2793 3426 2846 tninzt-
3454 2793 3654 2848 domini
3688 2811 3701 2846 :

2125 2878 2231 2932 Sed
2257 2880 2497 2945 ostende,
2533 2881 2720 2961 inquit,
2754 2891 2805 2963 te
2831 2883 3035 2963 servire
3071 2893 3336 2963 tamquam
3362 2884 3557 2963 Christi
3586 2899 3704 2941 sere

2124 2984 2270 3035 vum,
2297 2986 2401 3043 non
2432 2951 2697 3052 tamquam
2723 2951 2956 3054 hominis
2989 2991 3003 3027 :
3033 2972 3113 3045 fac
3136 2984 3189 3029 ιιι
3212 2960 3350 3041 quod
3375 2960 3404 3028 a
3430 2984 3480 3028 te
3506 2960 3710 3054 geritur

2122 3059 2191 3128 εἰς
2223 3068 2367 3114 tuum
2395 3075 2529 3133 opus
2554 3102 2567 3127 ,
2595 3078 2702 3144 non
2746 3063 3101 3145 necessitatis.
3131 3062 3285 3118 Sicut
3313 3063 3359 3117 ei
3388 3065 3476 3132 qui
3504 3063 3572 3118 ab
3600 3065 3708 3120 alio.

2124 3153 2261 3226 male
2289 3153 2484 3221 patitur
2510 3134 2698 3209 suadet
2722 3195 2736 3221 ,
2765 3134 3007 3210 et'docet‘
3039 3170 3133 3225 per
3161 3170 3220 3209 ea
3253 3172 3371 3226 quae
3396 3155 3590 3212 deinde
3614 3171 3703 3213 se-

2121 3256 2357 3316 quuntur
2376 3287 2391 3309 ,
2420 3255 2477 3301 ut
2502 3261 2659 3323 suum
2683 3261 2806 3323 esse
2838 3246 2995 3302 faciat
3023 3247 3164 3323 quod
3207 3257 3352 3323 recte
3390 3249 3621 3323 geritur,
3651 3259 3707 3304 et

2120 3351 2240 3409 esse
2286 3337 2439 3405 liberi
2486 3337 2571 3412 sui
2612 3321 2816 3397 arbitrii
2852 3356 2865 3392 :
2900 3328 2971 3415 ita
2999 3321 3058 3394 et.
3086 3321 3245 3417 hunc.
3286 3321 3575 3417 Nam-quia,
3614 3342 3708 3417 qui

2121 3427 2392 3501 maxillam
2436 3429 2734 3497 percussit,
2762 3420 2872 3484 non
2900 3430 2964 3484 ad
2996 3430 3097 3484 hoc
3124 3414 3271 3485 venit
3295 3426 3357 3487 ex
3387 3441 3564 3486 mente
3587 3408 3706 3500 ejus

2119 3518 2207 3588 qui
2246 3526 2329 3573 est
2364 3534 2648 3587 percussus
2672 3561 2686 3585 ,
2715 3521 2807 3575 sed
2847 3536 2876 3574 a
2914 3537 3007 3576 sua
3050 3523 3308 3592 pravitate
3330 3564 3345 3588 ,
3384 3523 3508 3592 quid
3539 3508 3706 3582 dicit!

2120 3610 2301 3663 Prwbe
2337 3609 2414 3685 illi
2438 3621 2483 3664 et
2512 3612 2724 3664 alteram
2753 3610 2969 3682 (Matth.
2999 3613 3050 3668 5.
3084 3612 3214 3683 59);
3247 3614 3536 3669 ostendens
3561 3617 3705 3685 quod

2119 3716 2225 3765 non
2256 3701 2455 3781 invitus
2481 3688 2598 3757 eam
2629 3702 2837 3775 alapam
2883 3703 3220 3759 sustinueris.
3254 3704 3383 3758 Nam
3413 3706 3501 3774 qui
3542 3707 3608 3760 ad
3652 3690 3707 3791 id;

2117 3791 2258 3860 quod
2284 3802 2366 3857 est
2397 3793 2534 3858 male
2563 3808 2777 3865 passum
2804 3808 2924 3871 esse
2942 3833 2958 3861 ,
2987 3794 3187 3871 allatirn
3215 3796 3377 3850 etiam
3415 3808 3707 3865 superera-

2117 3884 2292 3953 gavit;
2323 3885 2373 3939 id
2401 3886 2541 3956 quod
2570 3901 2677 3943 non
2712 3868 2825 3941 erat
2865 3868 3058 3953 suum.
3090 3868 3246 3967 suum
3291 3876 3601 3969 essei'lecit,
3636 3904 3707 3944 eo

2116 3975 2260 4047 quod
2289 3978 2441 4033 alteri
2468 3978 2694 4032 maxilla:
2719 3978 2788 4032 sit
2815 3977 3008 4031 inflicta
3036 3978 3210 4047 alapa,
3236 3994 3341 4033 non
3366 3966 3536 4049 solum
3560 3966 3701 4048 quod

2119 4070 2319 4125 tulerit.
2350 4068 2462 4124 lloe
2491 4071 2632 4125 enim
2669 4069 2894 4126 fortasse
2921 4070 3188 4126 videbitur
3213 4054 3371 4127 etiam
3399 4056 3521 4127 esse
3549 4060 3704 4149 timo}

2118 4161 2227 4226 ris;
2269 4160 2398 4215 illud
2433 4170 2609 4216 autem
2652 4162 2832 4215 multa:
2870 4171 2953 4217 est
2996 4160 3369 4233 phi1050phim.
3410 4146 3707 4245 Ostendisti

2119 4252 2276 4323 igitur
2306 4252 2446 4323 quod
2483 4252 2584 4308 hoc
2612 4255 2772 4308 etiam
2805 4254 2991 4309 tuleris
3036 4265 3252 4325 propter
3287 4254 3701 4326 philosophiam.

2118 4346 2301 4417 Itaque
2327 4362 2468 4410 nunc
2494 4362 2703 4417 quoque
2730 4348 2972 4410 ostende,
3005 4348 3146 4425 quod
3175 4362 3366 4419 sponte
3399 4350 3538 4405 feras
3566 4350 3709 4404 hanc

2118 4441 2428 4496 servitutem
2451 4481 2466 4506 ,
2496 4456 2600 4496 non
2633 4450 2685 4495 ut
2713 4440 3019 4497 hominibus
3047 4443 3277 4512 placeas.
3306 4444 3406 4512 Qui
3437 4458 3565 4514 ergo
3592 4453 3704 4497 stu-

2119 4532 2207 4593 det
2225 4530 2528 4599 homiuibus
2555 4531 2785 4602 placere,
2812 4548 2918 4612 non
2943 4541 3026 4589 est
3049 4548 3236 4599 servus
3256 4534 3487 4612 Christi;
3512 4535 3707 4609 quiest

2119 4633 2295 4685 autem
2327 4638 2516 4703 servus
2540 4623 2760 4703 Christi,
2793 4606 2898 4703 non
2938 4624 3117 4680 studet
3142 4606 3353 4695 placere
3377 4608 3703 4703 hominibus.

2120 4714 2253 4780 Quis
2278 4714 2442 4791 enim,
2467 4702 2593 4770 cum
2628 4701 2699 4769 Sit
2732 4701 2829 4771 Dei
2870 4731 3058 4771 servus
3079 4758 3094 4783 ,
3125 4717 3231 4771 vult
3262 4704 3568 4772 hominibus
3596 4702 3707 4788 pla;

2120 4792 2283 4871 cere"!
2308 4815 2361 4860 et
2389 4807 2509 4878 quis
2547 4794 2850 4884 hominibus
2875 4807 3108 4889 placens,
3136 4817 3309 4877 potest
3330 4823 3450 4863 esse
3476 4808 3573 4863 Dei
3595 4824 3711 4863 scr.

2123 4899 2251 4953 vus?
2277 4898 2358 4975 Ea;
2383 4900 2573 4966 aninto,
2608 4899 2812 4969 inquit,
2838 4915 2953 4953 cum
2978 4901 3108 4953 bona
3138 4900 3393 4967 voluntate
3417 4901 3704 4975 servientes.

2122 4990 2285 5065 Recte
2309 4972 2385 5044 sic
2407 4990 2569 5045 dixit:
2590 5005 2710 5044 nam
2733 4991 2981 5061 quoniam
3005 4999 3057 5045 et
3082 4991 3133 5065 in
3156 4992 3497 5060 simplicitate
3519 4972 3709 5046 serviri

2123 5093 2319 5153 potest,
2338 5093 2391 5137 ct
2416 5097 2520 5137 non
2544 5098 2706 5154 prave
2731 5098 2793 5136 ac
2811 5083 3060 5153 maligne,
3080 5082 3173 5138 sed
3197 5097 3301 5136 non
3332 5082 3454 5136 totis
3483 5083 3706 5146 viribus,

2123 5173 2216 5227 sed
2240 5183 2439 5227 tantum
2470 5174 2678 5243 impleri
2695 5173 2833 5245 quod
2856 5174 3081 5229 debetur
3110 5193 3123 5229 :
3151 5184 3431 5245 propterea
3450 5173 3601 5239 dicit,
3631 5160 3709 5237 lix

2124 5266 2284 5337 animi
2312 5265 2584 5341 alacritate
2608 5307 2623 5332 ,
2656 5281 2762 5319 non
2792 5281 2856 5320 ex
2899 5267 3251 5334 necessitate;
3282 5282 3349 5322 ex
3394 5266 3561 5321 libera
3599 5266 3713 5320 elc-

2124 5357 2321 5435 otione,
2343 5374 2445 5411 non
2465 5373 2528 5411 ex
2554 5359 2829 5435 prtvitate.
2850 5357 2906 5412 Si
2928 5359 3006 5412 sic
3029 5359 3254 5426 servias,
3279 5373 3383 5413 non
3407 5373 3467 5413 es
3486 5371 3707 5412 servus:

2120 5449 2172 5525 ai,
2192 5432 2258 5505 ex
2282 5448 2447 5523 libero
2474 5432 2694 5526 arbitrio
2718 5432 2778 5504 et
2799 5450 3060 5517 instituto,
3084 5452 3128 5505 si
3153 5466 3274 5506 cum
3312 5449 3707 5518 bcneVuIentia,

2126 5554 2175 5599 ιι
2194 5555 2257 5596 ex
2285 5557 2481 5615 animo,
2505 5542 2549 5619 si
2573 5552 2787 5611 prepter
2813 5541 3107 5609 Christum.
3137 5543 3286 5597 lianc
3310 5542 3452 5597 enim
3477 5542 3712 5596 servitu-

2127 5643 2233 5701 tem
2258 5636 2422 5689 servit
2458 5634 2617 5690 etiam
2647 5634 2843 5696 Paulus
2884 5635 2975 5689 ille
3010 5621 3177 5700 liber,
3202 5644 3257 5689 et
3281 5635 3474 5689 clamat
3500 5633 3711 5693 dicens.

2130 5722 2250 5778 Non
2276 5726 2406 5778 enim
2432 5742 2522 5779 nos
2552 5729 2687 5795 ipsos
2730 5726 3064 5795 prwdtcamus
3087 5766 3100 5789 ,
3132 5725 3222 5779 set!
3249 5725 3505 5780 Christum
3533 5724 3714 5778 Iesum

2128 5814 2421 5881 Dominum,
2443 5832 2532 5870 nos
2557 5825 2722 5879 autem
2741 5815 2875 5886 ipsos
2897 5804 3067 5870 servos
3093 5808 3276 5869 vestras
3300 5823 3510 5885 propter
3533 5813 3715 5867 Jesum

2130 5905 2204 5978 (2.
2239 5905 2355 5960 Cor.
2385 5907 2437 5961 t.
2468 5906 2546 5978 5).
2770 5888 2783 5911 ’

2179 5998 2250 6051 '2.
2304 5997 2434 6053 Vide
2463 5996 2732 6068 quomodo
2763 5996 2854 6052 tibi
2903 5994 3073 6053 aufert
3118 5990 3707 6077 ignobilitatettt
