4218 6266
440 508 536 580 i537

434 625 582 694 iutis.
634 636 784 692 Sicut
835 632 977 688 enim
1023 631 1069 685 is
1094 671 1108 696 ,
1139 629 1222 684 cui
1269 637 1395 682 sunt
1437 626 1627 680 ablatae
1659 624 1897 693 pecunia:
1922 664 1938 690 ,
1967 621 2015 676 si

432 732 592 785 ‘etiam
622 728 756 782 alias
784 724 995 780 dederit
1033 723 1083 777 ei
1129 721 1219 791 qui
1249 719 1497 782 abstulit,
1528 734 1634 772 non
1665 715 1896 772 refertur
1937 714 2019 768 in-

434 822 519 876 lcr
564 798 656 875 eos
685 818 879 888 quibus
928 823 1011 870 est
1038 813 1311 877 ablatum,
1355 810 1448 863 sed
1493 808 1632 862 inter
1673 805 1925 860 liberales
1964 812 2020 859 et

434 910 773 980 magniﬁcos;
803 923 910 961 non
951 907 1090 959 inter
1113 918 1208 958 eos
1234 903 1322 972 qui
1361 900 1500 954 male
1525 907 1649 952 sunt
1676 897 1852 950 allecti
1879 935 1896 955 ,
1924 894 2017 948 sed

441 1003 578 1058 inter
602 1016 697 1056 eos
722 1000 810 1069 qui
836 999 974 1052 bene
992 995 1195 1051 faciunt
1217 1011 1231 1059 ;
1251 1004 1302 1049 et
1329 994 1448 1063 plus
1474 991 1651 1061 probri
1675 989 1726 1043 in
1748 1004 1868 1043 eum
1892 1003 2018 1040 con-

435 1095 597 1164 gessit
622 1080 761 1163 quod
811 1090 1052 1155 donarit,
1104 1103 1262 1159 quam
1306 1085 1504 1155 probro
1534 1085 1647 1152 ipse
1688 1082 1757 1135 sit
1799 1080 2021 1135 allectus

433 1180 572 1256 quod
601 1185 700 1253 ipsi
740 1184 811 1238 sit
838 1182 1075 1236 ablatum
1103 1198 1116 1234 :
1146 1180 1218 1233 ita
1251 1179 1334 1232 hic
1375 1191 1587 1247 quoque
1611 1172 1675 1229 ei
1722 1172 2016 1227 abundanti

430 1276 741 1348 erogatione
786 1274 1068 1344 apparebit
1115 1272 1275 1327 etiam
1319 1263 1633 1324 eicelsioris
1703 1266 1909 1329 animi,
1965 1273 2020 1319 et

433 1370 727 1425 ostendens
757 1368 897 1439 quod
925 1366 1165 1436 rapinam
1205 1379 1310 1417 non
1343 1362 1569 1418 senserit
1598 1404 1611 1425 ,
1642 1362 1787 1415 illum
1817 1359 2020 1429 pudore

431 1461 655 1515 afficiet.
683 1459 827 1528 Ergo
857 1466 1075 1527 propter
1103 1454 1375 1508 Christum
1419 1452 1716 1506 serviamus
1745 1449 1976 1503 dominis
1997 1488 2014 1514 ,

438 1553 685 1615 Scientes,
722 1550 909 1620 inquit,
936 1546 1072 1613 quod
1091 1544 1432 1615 unusquisque
1451 1542 1585 1612 quod
1609 1542 1781 1611 fecerit
1806 1541 2013 1606 bonum,

438 1647 535 1698 hoc
577 1645 780 1712 recipiet
825 1660 854 1694 a
898 1640 1122 1711 Domino
1147 1682 1160 1698 .
1192 1634 1294 1692 sive
1332 1636 1502 1691 sereni
1531 1678 1545 1700 ,
1575 1636 1678 1688 sive
1703 1633 1850 1687 liber.
1882 1632 2013 1686 Nam

436 1737 687 1805 quoniam
716 1742 829 1788 erat
853 1731 1145 1787 verisimile
1184 1729 1383 1783 multos
1412 1727 1659 1782 dominos
1683 1767 1698 1792 ,
1742 1736 1863 1779 cum
1909 1723 2015 1776 sint

440 1828 711 1894 i'nlideles,
740 1826 945 1897 pudore
984 1840 1089 1877 non
1116 1821 1291 1887 affici;
1326 1835 1425 1875 nec
1464 1832 1653 1873 servos
1682 1814 2011 1871 remunerari

435 1910 655 1989 propter
678 1912 1081 1980 'obe'di'entiam;
1117 1914 1239 1969 vide
1280 1910 1550 1983 quomodo
1589 1924 1683 1964 eos
1726 1908 1796 1963 sit
1819 1921 2014 1962 conso-

440 2016 574 2066 latus
594 2054 609 2078 ,
639 2021 693 2065 ut
729 2021 1034 2079 Stlspcclnm
1079 2024 1183 2061 non
1213 1998 1448 2060 habeant
1474 2000 1964 2058 remunerationem
1993 2039 2010 2064 ,

436 2107 528 2160 sed
572 2104 726 2159 valde
755 2102 1028 2157 conlidant
1051 2099 1120 2155 de
1150 2092 1606 2167 compensatione.
1648 2092 1720 2149 Ut
1747 2091 1889 2147 enim
1920 2090 2011 2159 qui

434 2189 700 2251 benelicio
739 2194 1046 2248 afficiuntur
1069 2234 1084 2258 ,
1117 2189 1329 2260 quando
1358 2205 1463 2243 non
1510 2188 1747 2242 referunt
1786 2183 2009 2255 gratiam

433 2276 913 2349 benefactoribus,
943 2283 1023 2338 eis
1075 2280 1240 2335 Deum
1289 2278 1487 2333 faciunt
1534 2277 1828 2332 debitorem
1875 2291 1890 2327 :
1941 2274 2010 2327 ita

434 2379 596 2429 etiam
646 2375 886 2440 domini,
915 2375 959 2427 si
1003 2389 1031 2427 a
1065 2382 1118 2427 te
1159 2371 1419 2427 beneﬁcio
1463 2369 1639 2425 allecti
1671 2369 1761 2423 tibi
1787 2367 2009 2437 gratiam

438 2484 540 2519 non
570 2465 845 2532 referant,
876 2464 1046 2534 magis
1080 2465 1352 2527 referunt,
1397 2462 1488 2514 tibi
1518 2454 1813 2515 debitdretn
1845 2456 2007 2512 Deum

428 2550 839 2613 constituentes.
865 2556 920 2610 9.
941 2554 1011 2609 Et
1025 2551 1367 2622 vos,domim,
1385 2552 1558 2606 eadem
1582 2552 1731 2622 facile
1754 2547 1875 2603 iiiis.
1906 2548 2008 2602 Eo-

432 2650 544 2702 dem
565 2690 579 2712 ,
611 2645 901 2718 quamam?
928 2640 1138 2701 Servite
1164 2659 1288 2698 cum
1337 2641 1733 2704 benevolentia,
1778 2641 1869 2694 sed
1902 2656 2005 2693 non

434 2740 593 2803 dixit,
640 2732 855 2794 Servil‘c
879 2776 895 2803 ,
927 2736 1135 2791 etiathsi
1190 2736 1408 2801 dicens,
1440 2733 1628 2787 Eadem
1652 2775 1666 2797 ,
1710 2733 1810 2787 hoc
1839 2734 2007 2801 signi-

432 2827 708 2889 iicaverit:
741 2848 861 2887 nam
891 2831 1141 2885 dominus
1171 2843 1382 2898 quoque
1409 2827 1594 2881 servit.
1622 2825 1699 2880 Ne
1738 2836 2004 2895 tamquam

428 2925 705 2980 studentes
736 2924 947 2993 placere
979 2920 1289 2975 hominibus
1313 2961 1328 2985 ,
1353 2920 1550 2988 inquit,
1578 2933 1699 2971 cum
1733 2918 1923 2970 timore
1950 2926 2006 2971 et

431 3016 701 3081 'tremore,
736 3015 787 3069 id
818 3023 934 3078 est,
965 3028 1089 3083 erga
1138 3011 1308 3067 Deum
1332 3053 1347 3076 ,
1391 3012 1638 3065 timentes
1669 3025 1735 3062 ne
1763 3010 1882 3078 quis
1910 3024 2006 3062 vos

433 3117 648 3161 accuset
703 3119 920 3176 propter
976 3108 1208 3160 vestram
1262 3104 1313 3156 in
1369 3101 1555 3155 servos
1603 3098 2004 3170 negligentiam.

434 3197 761 3251 'liemittentes
788 3197 970 3250 minas.
1002 3195 1116 3248 Non
1146 3192 1462 3264 importuni,
1494 3192 1665 3260 inquit
1691 3233 1704 3255 ,
1735 3200 1782 3243 et
1816 3196 2008 3257 graves

426 3294 624 3343 ‘estote.
670 3289 894 3343 Scientes
924 3287 1057 3356 quod
1103 3296 1261 3337 vester
1306 3293 1351 3336 et
1396 3283 1599 3335 illorum
1638 3280 1887 3333 Dominus
1934 3286 2008 3333 e8!

429 3382 482 3433 in
511 3380 646 3433 caelis
668 3378 883 3450 (Matth.
914 3378 967 3431 7.
991 3375 1046 3429 2.
1075 3386 1119 3428 el
1148 3375 1231 3430 l8.
1262 3373 1374 3442 5‘2).
1401 3373 1588 3441 Papm,
1616 3384 1867 3442 quantam
1892 3378 2005 3425 rem

433 3468 819 3523 subindicavit!
851 3464 1124 3537 quo‘m‘odo
1166 3464 1386 3519 terruit!
1423 3464 1532 3517 lloc
1561 3471 1643 3515 est
1670 3505 1682 3525 ,
1713 3462 1825 3528 Qua
1854 3475 2006 3514 men-

428 3558 554 3614 sura
583 3560 787 3614 metiris
812 3601 825 3623 ,
860 3558 1048 3613 eadem
1083 3557 1175 3610 tibi
1223 3555 1473 3610 reddetur
1502 3568 1772 3607 mensura.
1805 3550 1879 3605 Nc
1905 3566 2003 3603 au-

428 3653 549 3705 ‘ilias
573 3693 588 3717 ,
613 3650 766 3707 Serve
791 3667 1041 3719 nequam,
1071 3665 1218 3703 omne
1260 3648 1391 3701 illud
1418 3647 1635 3700 debitum
1676 3646 1847 3698 remisi
1897 3643 2004 3698 tibi.

445 3744 505 3794 Et
540 3759 861 3811 personarum
886 3743 1107 3811 acceptio
1134 3746 1233 3794 non
1266 3751 1340 3794 est
1378 3739 1677 3809 ameeum.
1710 3736 1787 3791 Ne
1816 3737 2006 3790 existi-

436 3838 554 3888 ‘tnes
578 3876 592 3898 ,
624 3835 792 3903 inquit
817 3876 830 3897 ,
858 3834 998 3903 quod
1021 3850 1133 3903 qua:
1165 3835 1215 3887 in
1244 3828 1457 3887 servum
1491 3834 1622 3885 liunt
1642 3874 1656 3895 ,
1693 3831 1927 3884 remittet
1953 3838 2009 3884 ut

438 3927 489 3979 in
521 3941 736 3979 servum
778 3923 935 3977 facta.
969 3924 1094 3977 Nam
1139 3936 1372 3978 externa:
1419 3923 1631 3993 quidem
1663 3923 1807 3991 leges
1835 3922 2010 3975 sciunt

435 4021 628 4071 liorum
661 4033 918 4086 generum
949 4017 1295 4072 differentiam
1319 4059 1333 4081 ,
1369 4026 1425 4069 ut
1455 4032 1574 4085 quae
1601 4016 1709 4069 sint
1737 4015 1882 4083 leges
1907 4014 2006 4068 ho—

423 4105 631 4164 minum
664 4129 678 4164 :
710 4111 792 4166 lex
841 4120 1016 4165 autem
1054 4111 1257 4164 Domini
1288 4112 1587 4165 communis
1635 4110 1830 4162 nullam
1863 4109 2009 4163 novit

419 4202 804 4263 ‘dill'erentiam,
839 4212 898 4256 ut
923 4202 1010 4271 qni
1033 4202 1388 4257 communiter
1414 4202 1662 4255 omnibus
1686 4200 2002 4266 benefaeiat,

418 4290 478 4350 iet
507 4295 760 4349 omnibus
788 4293 976 4348 eadem
1008 4284 1305 4362 impertiat.

497 4386 579 4441 Ea:
608 4396 815 4456 peccato
842 4386 1034 4455 {uetant
1075 4394 1127 4437 nt
1154 4385 1245 4438 alii
1271 4384 1380 4438 lteri
1402 4425 1415 4447 ,
1445 4381 1535 4437 alii
1563 4385 1692 4437 s‘erri
1716 4394 1897 4437 essent.
1950 4384 2005 4439 Si

426 4479 542 4548 quis
567 4488 744 4532 autem
775 4488 926 4548 roget
956 4478 1218 4532 undenam
1259 4477 1524 4539 servitus,
1554 4486 1605 4530 et
1643 4493 1738 4530 cur
1765 4477 2005 4545 ingressa

418 4566 505 4624 ‘esl
529 4571 581 4624 in
607 4571 768 4623 vitam
795 4570 1081 4623 humanam
1109 4569 1241 4641 (scio
1282 4571 1423 4623 enim
1447 4569 1645 4622 multos
1684 4578 1735 4623 ct
1759 4568 2004 4622 lubenter

430 4661 544 4715 haec
560 4676 768 4731 rogare,
792 4670 844 4715 et
861 4662 1000 4715 velle
1022 4661 1284 4731 discere);
1305 4676 1404 4730 ego
1425 4661 1574 4713 vobis
1599 4661 1792 4713 dicam.
1816 4662 2004 4713 Avari-

431 4753 500 4804 tia
530 4752 733 4820 peperit
752 4753 1086 4812 servitutem,
1105 4768 1310 4805 necnon
1332 4752 1522 4805 invidia
1544 4759 1593 4804 et
1616 4751 2003 4803 insatiabilitas.

428 4842 559 4895 Nam
590 4840 703 4897 Noe
755 4859 858 4897 non
888 4843 1075 4897 habuit
1103 4858 1313 4897 servum
1338 4887 1352 4907 ,
1398 4860 1570 4913 neque
1619 4845 1751 4896 Abel
1784 4885 1796 4905 ,
1831 4859 2005 4913 neque

426 4935 555 4987 Seth
577 4976 591 5000 ,
617 4948 713 4989 nec
742 4935 774 4988 ii
804 4934 893 5004 qui
921 4935 1134 4989 fuerunt
1170 4944 1369 5003 postea.
1401 4936 1678 4989 Peccatum
1727 4950 1842 4988 eam
1891 4951 2002 4989 rem

428 5029 665 5096 peperit,
696 5029 1016 5082 contumelia
1042 5029 1093 5080 in
1119 5038 1386 5097 parentes.
1412 5028 1643 5082 Audiant
1679 5029 1769 5082 lilii
1797 5044 1855 5082 se
1886 5036 2006 5082 esSe

413 5120 612 5189 "dignos
657 5119 747 5189 qui
779 5118 908 5173 fiant
945 5119 1088 5173 servi
1118 5162 1131 5183 ,
1164 5120 1377 5189 quando
1409 5122 1459 5174 in
1506 5130 1756 5189 parentes
1806 5120 2005 5175 fuerint

425 5214 640 5281 ingrati.
681 5212 782 5278 Qui
813 5222 894 5267 est
937 5212 1238 5282 ejusmodi,
1284 5216 1381 5267 sibi
1428 5213 1644 5268 abstulit
1675 5216 2005 5271 nobilitatem

422 5307 639 5374 generis
667 5323 680 5359 :
713 5321 833 5358 nam
864 5307 952 5376 qui
980 5317 1187 5377 patrem
1212 5309 1536 5361 contumelia
1566 5307 1762 5371 allicit,
1793 5324 1895 5363 non
1923 5320 2007 5365 est

424 5399 653 5468 amplius
685 5397 844 5451 lilius.
893 5398 947 5453 Si
981 5413 1111 5452 vero
1141 5399 1230 5467 qui
1280 5410 1482 5468 patrem
1519 5400 1835 5454 :ontumelia
1882 5399 1991 5454 alii-

423 5490 512 5551 i-it,
540 5503 646 5543 non
668 5499 750 5542 est
772 5489 948 5554 ﬁlius;
975 5492 1063 5558 qui
1087 5490 1412 5545 contumelia
1442 5491 1603 5544 allicit
1624 5506 1744 5544 eum
1768 5491 1855 5561 qui
1883 5507 2007 5546 vere

424 5590 501 5633 est
543 5589 700 5650 pater
744 5591 931 5634 noster
957 5622 971 5643 ,
1006 5580 1275 5648 quomodo
1301 5582 1401 5633 erit
1434 5580 1609 5634 lilins?
1658 5581 1927 5636 descendit
1978 5601 2005 5636 a

424 5672 635 5737 generis
660 5671 975 5736 nobilitate,
1001 5682 1245 5724 naturam
1270 5670 1444 5726 aﬁecit
1477 5674 1817 5726 contumelia.
1852 5674 2009 5726 Dein-

415 5759 489 5815 ’ἀρ
514 5771 569 5817 et
596 5761 741 5816 bella
769 5772 821 5815 et
851 5761 1031 5832 praelii
1063 5772 1318 5829 ceperunt
1349 5764 1610 5832 captivos.
1646 5768 1710 5816 At
1740 5764 2004 5816 Abraham

424 5850 609 5907 habuit
660 5868 854 5907 servos
874 5894 889 5918 ,
933 5853 1126 5921 inquit.
1157 5852 1262 5906 Sed
1315 5870 1414 5907 non
1464 5871 1590 5908 usus
1617 5866 1696 5908 est
1728 5867 1782 5907 ιιι
1812 5857 2008 5909 servis.

429 5930 564 5999 Vide
613 5944 891 6016 quomodo
940 5944 1117 5997 ontnia
1170 5944 1322 6011 capiti
1379 5956 1643 6015 tamquam
1699 5947 2010 6015 appenditns

1276 488 1342 568 in
1381 485 1596 568 EPlS'l‘.
1639 512 1730 565 At)
1770 486 2009 565 spites.
2050 490 2203 564 ese.
2253 486 2339 566 vi.
2382 500 2609 568 HOMIL.
2656 490 2817 569 iisti.

3608 524 3706 581 153

2122 624 2339 694 adaptet
2365 645 2379 681 :
2409 643 2630 683 uxorem
2651 671 2666 695 ,
2696 629 2765 685 Ut
2790 645 2906 686 eam
2928 673 2944 698 ,
2976 632 3175 703 inquit,
3201 634 3417 705 diligat;
3449 637 3605 704 lilios,
3635 640 3701 695 Ut

2122 728 2218 768 eos
2237 717 2472 771 enutriat
2499 719 2550 771 in
2573 718 2854 789 disciplina
2895 734 2952 776 et
2981 724 3345 780 admonitione
3374 727 3579 782 Domini
3605 745 3621 794 ;
3651 741 3705 785 et

2122 819 2324 871 servos,
2362 808 2593 863 Scientes
2635 811 2773 879 quod
2801 823 2963 867 vester
3009 830 3206 886 quaque
3252 816 3503 873 Dominus
3528 830 3600 874 est
3646 823 3702 875 in

2119 901 2277 955 crelis.
2312 901 2401 957 Sic
2422 943 2436 969 ,
2481 902 2687 971 inquit.
2721 920 2816 959 vos
2856 924 3067 977 quoque
3088 950 3103 976 ,
3143 920 3196 963 ut
3237 911 3327 980 qui
3368 912 3485 966 sitis
3511 915 3650 968 servi
3681 956 3697 981 ,

2118 990 2236 1043 sitis
2255 990 2466 1061 benigni
2485 1002 2539 1046 et
2560 995 2852 1050 clementes
2870 1007 2919 1051 et
2942 1001 3192 1069 propensi
3210 1002 3276 1054 ad
3300 1001 3700 1070 ignoscendum.

2120 1078 2175 1134 Si
2206 1093 2384 1135 autem
2415 1082 2574 1137 vultis
2615 1083 2831 1150 audire,
2862 1088 3052 1143 eadem
3095 1091 3337 1146 dicemus
3376 1093 3443 1147 de
3485 1095 3656 1149 servis
3681 1136 3701 1164 ,

2118 1180 2236 1243 qine
2262 1175 2408 1244 prius
2437 1176 2672 1232 diximus
2700 1179 2768 1232 de
2796 1178 2921 1234 filiis
2946 1198 2959 1234 :
3009 1182 3204 1237 Docete
3232 1199 3326 1238 eos
3355 1200 3479 1239 esse
3506 1187 3620 1253 pios
3649 1197 3704 1241 ct

2118 1264 2434 1334 religiosos;
2459 1276 2515 1321 et
2539 1269 2760 1322 omnino
2785 1280 3086 1340 sequuntur
3111 1275 3313 1327 omnia.
3339 1274 3490 1329 Nunc
3521 1289 3698 1332 autem

2116 1355 2421 1412 ascendens
2446 1360 2708 1429 quispiam
2736 1361 2787 1416 in
2822 1362 3091 1418 theatrum
3121 1406 3135 1429 ,
3165 1375 3214 1419 et
3262 1368 3463 1421 vadens
3491 1368 3557 1421 ad
3590 1360 3703 1424 bai-

2119 1463 2277 1502 neum
2304 1490 2319 1515 ,
2352 1462 2536 1503 secum
2596 1452 2762 1506 trahit
2808 1468 2997 1508 Omnes
3048 1470 3280 1524 pueros;
3314 1475 3363 1510 ιιι
3414 1460 3697 1515 ecclesiam

2117 1552 2295 1596 autem
2328 1558 2434 1597 non
2465 1544 2590 1597 item
2617 1586 2631 1607 ,
2665 1560 2842 1614 neque
2881 1548 3023 1617 cogit
3050 1562 3147 1604 eos
3174 1549 3362 1604 adesse
3407 1561 3459 1604 et
3487 1553 3695 1606 audire.

2117 1632 2398 1700 Quomodo
2418 1646 2596 1690 autem
2627 1638 2807 1692 audiet
2832 1652 3039 1702 servus,
3064 1656 3185 1694 cum
3216 1650 3272 1696 tu
3301 1642 3551 1698 dominus
3577 1646 3700 1700 aliis

2118 1724 2360 1779 animum
2392 1726 2688 1780 adhibeas?
2713 1728 2899 1783 Emisti
2926 1770 2942 1795 ,
2966 1732 3288 1799 comparasti
3320 1747 3531 1788 servum
3555 1735 3578 1787 ?
3600 1736 3700 1790 iiii-

2116 1829 2243 1884 pera
2272 1817 2319 1869 ei
2352 1819 2470 1886 quze
2497 1832 2562 1872 ex
2590 1819 2701 1873 Deo
2729 1828 2855 1873 sunt
2874 1862 2890 1887 ,
2925 1831 2981 1874 ut
3012 1822 3083 1875 sit
3112 1823 3258 1877 mitis
3289 1824 3341 1877 in
3368 1840 3695 1893 conservos,

2118 1915 2172 1957 ut
2205 1905 2417 1960 virtutis
2450 1922 2697 1976 magnam
2728 1908 2921 1964 habeat
2951 1912 3234 1966 rationein.
3269 1912 3699 1988 Uniuscujusque

2113 1992 2307 2050 domus
2335 2006 2418 2051 est
2461 1997 2649 2051 civitas
2671 2038 2686 2063 ,
2720 2000 3086 2071 unusquisque
3111 2014 3194 2057 est
3221 2005 3473 2076 princeps
3514 2017 3568 2062 et
3612 2025 3697 2064 rc-

2112 2095 2230 2140 ctor
2252 2101 2365 2143 sua:
2402 2088 2614 2143 domus.
2663 2090 2732 2145 Et
2762 2090 2814 2145 id
2841 2094 3057 2163 quidem
3087 2105 3169 2151 est
3200 2097 3421 2152 evidens
3452 2099 3506 2153 in
3533 2101 3697 2155 domo

2112 2177 2369 2245 divitum,
2405 2178 2492 2233 tibi
2519 2189 2646 2234 sunt
2671 2190 2725 2235 et
2751 2184 2861 2252 agri
2893 2193 2946 2238 et
2973 2197 3350 2253 procuratores
3375 2200 3429 2244 et
3457 2192 3693 2259 pra-fecti

2111 2282 2269 2339 supra
2302 2271 2585 2339 prmfectos
2607 2291 2621 2327 :
2651 2289 2752 2343 ego
2771 2284 2949 2331 autem
2972 2278 3135 2331 etiam
3158 2279 3375 2334 domtun
3400 2297 3693 2352 pauperum

2110 2361 2231 2417 dico
2256 2378 2376 2418 esse
2404 2365 2698 2419 civitatem.
2726 2365 2865 2422 Sunt
2894 2369 3039 2423 enim
3073 2370 3158 2425 hic
3186 2388 3397 2443 quoque
3428 2377 3694 2445 principa-

2111 2462 2453 2524 tuszutputa,
2486 2459 2707 2512 maritus
2741 2460 3093 2530 principatum
3127 2464 3330 2519 obtinet
3360 2466 3410 2520 in
3449 2484 3688 2533 uxorem,

2109 2553 2243 2599 nitor
2259 2549 2308 2599 in
2322 2562 2522 2613 servos,
2542 2549 2681 2603 servi
2699 2550 2750 2603 in
2767 2566 2960 2606 uxores
2976 2567 3119 2605 suas:
3139 2569 3322 2608 rursus
3340 2556 3433 2610 viri
3452 2568 3506 2611 et
3520 2560 3698 2615 mulie-

2109 2653 2195 2691 res
2217 2639 2269 2691 in
2298 2653 2510 2708 pueros.
2531 2642 2722 2695 Annon
2742 2642 2835 2697 tibi
2867 2643 3079 2698 videtur
3099 2659 3219 2701 esse
3239 2647 3401 2702 veluti
3430 2665 3519 2703 rex
3550 2652 3695 2720 quis-

2110 2732 2271 2799 piam,
2290 2746 2409 2786 eum
2431 2741 2507 2786 tot
2525 2732 2828 2789 habeatsibi
2846 2736 3114 2805 subjeCtos
3134 2738 3433 2809 principes;
3454 2751 3507 2795 et
3527 2757 3692 2812 opor-

2111 2832 2216 2877 teat
2249 2840 2371 2877 eum
2402 2835 2521 2879 esse
2560 2826 2797 2880 omnium
2840 2828 3219 2897 peritiSsimum
3259 2831 3694 2890 administranda:

2107 2914 2299 2969 donius
2319 2926 2372 2969 et
2392 2917 2651 2971 civitatis?
2671 2915 2803 2973 Nam
2822 2919 3025 2989 quiscit
3044 2921 3186 2977 varie
3208 2930 3262 2977 et
3279 2924 3588 2980 dil'fercnter
3610 2928 3695 2982 his

2111 3010 2205 3075 uti,
2226 3011 2325 3064 scit
2352 3014 2505 3079 aptos
2532 3013 2730 3081 eligere
2753 3014 3044 3083 principes,
3068 3023 3120 3069 et
3139 3017 3353 3085 quidem
3376 3018 3529 3087 eliget
3551 3034 3692 3088 pne-

2108 3102 2303 3155 clar‘OS.
2335 3101 2476 3172 Ergo
2514 3118 2649 3156 uxor
2676 3104 2779 3159 erit
2805 3105 2950 3159 domi
2989 3121 3082 3160 rex
3111 3107 3249 3160 alius
3276 3148 3290 3171 ,
3322 3108 3540 3179 dempto
3569 3110 3688 3165 dia-

2109 3194 2362 3247 demate:
2413 3193 2505 3262 qui
2555 3194 2656 3247 scit
2703 3195 2844 3248 lumc
2873 3212 3049 3265 regem
3081 3198 3317 3266 eligere,
3364 3200 3466 3254 alia
3513 3203 3691 3257 omnia

2113 3295 2261 3339 recte
2306 3293 2454 3354 reget
2490 3296 2543 3339 et
2573 3286 2925 3355 dispensabit.
2957 3289 3045 3343 10.
3082 3287 3160 3341 De
3211 3301 3389 3345 «πίει-ο
3414 3331 3428 3357 ,
3472 3293 3643 3361 inquit
3673 3334 3691 3361 ,
3777 3294 3787 3306 ‘

2116 3376 2320 3446 fratres,
2352 3378 2708 3446 confortmnini
2740 3379 2789 3429 in
2821 3376 3064 3431 Domino.
3094 3380 3318 3446 Quando
3351 3382 3580 3436 linicnda
3608 3385 3693 3439 est

2115 3468 2288 3522 oratio
2315 3509 2328 3530 ,
2360 3468 2460 3519 hoc
2489 3470 2646 3521 modo
2668 3484 2885 3536 semper
2910 3471 3094 3524 utitur.

2181 3559 2253 3612 3.»
2276 3559 2469 3610 Annon
2503 3567 2645 3613 recte
2672 3559 2913 3612 dicebam
2942 3561 3009 3613 ab
3037 3561 3225 3628 initio,
3259 3564 3403 3633 quod
3445 3567 3694 3625 uniuscu-

2108 3648 2298 3719 jusque
2324 3647 2515 3701 domus
2556 3649 2624 3702 sit
2652 3648 2857 3718 integer
2880 3653 3187 3708 exercitus?
3221 3655 3360 3711 Ecce
3388 3661 3535 3714 enim
3579 3677 3695 3717 om-

2112 3741 2268 3795 nibus
2293 3743 2596 3797 constitutis
2628 3744 3007 3814 principatihus
3028 3788 3042 3813 ,
3073 3764 3168 3803 cos
3206 3751 3461 3823 deinceps
3486 3764 3657 3810 armAt
3677 3798 3691 3819 .

2111 3844 2166 3888 ct
2213 3833 2392 3887 educit
2420 3835 2485 3888 ad
2519 3836 2739 3890 bellum.
2782 3837 2914 3892 Nam
2944 3840 2987 3893 si
3034 3857 3191 3896 nemo
3222 3845 3445 3913 arripiat
3474 3849 3693 3903 alterius

2114 3925 2465 3995 principatum
2488 3968 2502 3990 ,
2531 3929 2624 3982 sed
2657 3932 3019 4001 unusquisque
3062 3946 3276 3989 maneat
3305 3938 3355 3990 in
3392 3939 3509 3993 loco
3549 3955 3648 3993 suo
3670 3982 3685 4005 ,

2111 4019 2286 4072 omnia
2319 4028 2460 4074 recte
2510 4021 2799 4076 habebunt.
2831 4024 3230 4094 Confortamini,
3264 4030 3427 4097 inquit
3449 4072 3462 4094 ,
3503 4034 3554 4084 in
3585 4031 3693 4086 Do-

2112 4113 2285 4179 mino,
2314 4123 2360 4165 et
2404 4114 2454 4165 in
2479 4116 2703 4183 potentia
2746 4117 2939 4169 virtutis
2967 4119 3077 4186 ejus
3099 4135 3118 4172 :
3145 4118 3247 4172 hoc
3277 4133 3355 4173 cst
3375 4163 3389 4179 .
3422 4123 3472 4175 in
3504 4139 3599 4193 Spe
3641 4128 3691 4179 in

2116 4203 2287 4270 ipsum
2321 4220 2417 4272 per
2446 4205 2561 4272 ejus
2591 4205 2869 4257 auxilium.
2900 4206 3029 4258 Nam
3055 4210 3304 4275 quoniam
3339 4212 3502 4264 multa
3534 4213 3695 4281 jussit

2113 4310 2230 4363 quae
2260 4294 2374 4348 fieri
2403 4303 2702 4362 oporteret,
2733 4295 2935 4359 Nolite,
2968 4297 3171 4365 inquit,
3207 4299 3394 4354 timere
3414 4342 3427 4365 ,
3459 4316 3607 4369 spem
3638 4305 3690 4359 in

2117 4385 2398 4437 Dominum
2430 4384 2682 4452 conjicite
2705 4425 2720 4447 ,
2753 4395 2802 4437 et
2835 4385 3013 4438 omnia
3045 4387 3231 4441 reddet
3262 4388 3453 4444 facilia.
3498 4393 3582 4447 ll.
3625 4394 3692 4448 Et

2113 4474 2308 4525 induite
2336 4490 2421 4526 vos
2469 4484 2781 4526 armaturam
2826 4473 2943 4541 Dei,
2978 4486 3033 4527 ut
3059 4479 3261 4545 possitis
3288 4490 3424 4534 stare
3451 4484 3693 4540 adversm

2113 4565 2324 4618 insidias
2353 4564 2560 4617 diaboli.
2594 4565 2707 4618 Non
2750 4566 2879 4618 dixit
2905 4608 2916 4628 ,
2948 4567 3219 4621 Adversus
3251 4587 3448 4639 pugnas
3468 4616 3483 4637 ,
3516 4591 3712 4647 neque,

2115 4656 2369 4709 adversus
2398 4656 2536 4709 bella
2565 4698 2578 4721 ,
2606 4656 2698 4711 scd
2727 4699 2739 4719 ,
2777 4656 3027 4711 Adversus
3068 4660 3279 4713 insidias
3300 4678 3319 4713 :
3351 4679 3522 4732 neque
3548 4669 3690 4721 enim

2116 4752 2326 4804 incaute
2352 4755 2405 4804 et
2429 4760 2613 4820 aperte
2635 4751 2909 4805 nobiscum
2934 4752 3128 4805 bellum
3150 4753 3288 4821 gerit
3310 4755 3573 4817 inimicus.
3597 4762 3691 4815 sed

2115 4860 2177 4897 CX
2228 4843 2453 4897 insidiis.
2497 4843 2631 4910 Quid
2661 4852 2743 4897 est
2769 4854 2946 4897 autem
2976 4846 3233 4908 μεθοδείαῖ
3277 4852 3568 4903 Μεθσὸεῦσαι
3612 4862 3695 4905 est

2114 4936 2361 5005 decipere
2384 4977 2399 5001 ,
2430 4943 2484 4989 et
2515 4950 2608 5004 per
2637 4934 2913 4989 machinas
2954 4950 3144 5003 capi-rc
3174 4954 3186 4990 :
3219 4938 3357 5005 quod
3388 4939 3602 5008 quidem
3633 4940 3694 4995 lit

2115 5036 2167 5080 et
2210 5027 2261 5080 in
2289 5027 2569 5088 artibus,et
2604 5028 2655 5079 in
2683 5026 3028 5089 orationibus,
3060 5028 3172 5079 etin
3222 5027 3373 5080 factis
3400 5071 3411 5086 .
3441 5040 3499 5083 'et
3528 5030 3579 5082 in
3615 5031 3697 5083 ln-

2116 5131 2197 5174 cla
2222 5162 2235 5182 ,
2270 5135 2363 5188 per
2392 5133 2483 5172 eos
2506 5118 2593 5187 qui
2627 5133 2723 5171 nos
2746 5118 3027 5171 seducunt.
3065 5118 3300 5184 Exempli
3326 5132 3487 5172 causa
3517 5120 3637 5174 dico
3676 5140 3690 5176 :

2119 5230 2404 5283 numquam
2431 5222 2610 5279 aperta
2659 5206 2907 5279 proponit
2939 5219 3150 5278 peccata
3180 5226 3192 5261 :
3225 5227 3327 5262 non
3359 5211 3487 5264 dicit
3519 5214 3692 5267 idolo-

2117 5305 2326 5358 latriam
2360 5318 2452 5356 seu
2497 5303 2696 5354 cultum
2731 5301 2990 5354 idolorum
3015 5340 3029 5363 ,
3076 5300 3168 5351 sed
3201 5300 3356 5355 aliter
3397 5303 3446 5356 id
3482 5306 3696 5360 instruit

2117 5415 2178 5451 ex
2232 5396 2471 5463 insidiis,
2520 5395 2623 5448 hor:
2667 5405 2781 5458 est,
2827 5392 3163 5461 probabilem
3219 5394 3445 5450 reddens
3499 5401 3697 5452 oratio-

2119 5505 2237 5542 nem
2265 5530 2278 5552 ,
2313 5498 2367 5540 ct
2421 5495 2576 5539 utens
2627 5484 2932 5537 involucris.
2964 5483 3074 5537 Hoc
3117 5500 3244 5554 ergo
3293 5490 3451 5541 modo
3487 5494 3693 5543 excita-

2118 5582 2193 5632 vit
2238 5579 2431 5631 milites
2455 5618 2470 5642 ,
2500 5585 2553 5628 cl
2605 5574 2777 5628 echcil
2810 5585 2864 5627 ιιι
2911 5587 3089 5629 essent
3129 5579 3331 5640 sobrii,
3365 5582 3697 5648 persuadens

2122 5680 2167 5721 et
2203 5670 2403 5722 docens
2433 5666 2674 5732 prailium
2707 5665 2862 5718 nobis
2895 5667 3179 5721 iucundum
3209 5671 3467 5724 adversus
3500 5674 3707 5728 reibc’i-

2121 5762 2234 5814 lica:
2259 5760 2484 5829 peritum
2513 5767 2565 5809 et
2593 5772 2695 5809 non
2720 5758 2927 5813 incaute
2956 5776 3053 5812 nec
3078 5771 3262 5829 aperte
3288 5761 3479 5812 bellum
3506 5779 3700 5830 geren-

2121 5865 2248 5917 tem,
2273 5851 2364 5904 Sed
2394 5866 2455 5902 ex
2488 5848 2691 5903 insidiis
2717 5860 2769 5903 et
2798 5852 3096 5905 methodiea
3127 5853 3353 5904 ratione.
3385 5852 3449 5905 Et
3472 5855 3697 5920 ptimum

2120 5948 2185 6000 ab
2209 5945 2323 6012 ejus
2355 5953 2487 6005 arte,
2523 5942 2755 5994 secundo
2784 5960 2808 5995 a
2849 5952 3028 5997 natura
3062 5955 3111 5998 et
3143 5941 3483 5998 multitudine
3507 5944 3705 5997 excitat
