4218 6266
417 434 520 490 ιῖιθ

417 549 726 618 discipulos.
763 543 962 599 Nolens
1006 541 1236 610 dejicere
1267 540 1493 604 milites,
1523 537 1611 606 qui
1643 550 1823 590 secum
1856 539 1998 586 stant

419 643 680 694 adversus
713 640 914 709 ipsum,
947 634 1038 688 sed
1067 634 1305 686 excitare
1331 641 1385 685 et
1412 631 1618 700 erigere
1640 669 1653 693 ,
1686 627 1819 680 dixit
1854 635 1997 678 astu-

426 735 526 787 tias
574 741 625 786 et
666 729 880 784 subtilia
932 726 1195 794 cogitata,
1231 733 1284 777 et
1332 722 1507 776 effecit
1554 730 1608 773 ιιι
1656 720 1763 773 sint
1809 715 1992 771 sobrii.

424 822 557 878 Nam
603 822 645 876 si
687 820 856 874 solum
888 817 1116 870 narrantis
1145 830 1330 869 eorum
1383 813 1581 866 viribus
1621 812 1778 864 linem
1822 809 1994 876 impo-

420 917 616 972 suisset
654 911 878 967 orationi
905 951 919 976 ,
943 925 1036 964 eos
1065 908 1347 978 dejecisset
1371 924 1383 959 :
1415 907 1458 959 si
1486 915 1662 958 autem
1685 913 1738 957 et
1763 911 1916 955 antea
1943 908 1994 953 et

415 1014 595 1076 postea
623 1002 854 1059 ostendit
880 1015 1000 1056 eum
1027 1014 1183 1070 posse
1206 999 1322 1067 capi
1353 1007 1408 1052 et
1431 995 1739 1065 expugnari,
1761 1007 1853 1048 eos
1884 1006 1995 1044 ma-

422 1097 503 1168 gis
531 1096 747 1149 excitat.
798 1091 932 1146 Nam
972 1094 1110 1144 vires
1151 1089 1579 1142 adversariorum
1621 1100 1726 1154 quo
1770 1099 1800 1138 a
1841 1081 1995 1136 nobis

414 1186 651 1256 apertius
700 1182 1073 1238 renuntiantur
1120 1179 1348 1243 nostris,
1383 1193 1449 1232 eo
1506 1187 1719 1230 nostros
1766 1172 1992 1228 reddunt

413 1277 801 1348 diligentiores.
861 1273 948 1329 12.
1003 1272 1285 1339 Quoniam,
1333 1269 1539 1338 inquit,
1587 1285 1686 1321 non
1733 1275 1802 1319 est
1853 1265 1993 1318 nobis

413 1370 702 1438 colluctatio
731 1367 967 1421 adversus
995 1365 1288 1434 sanguinem
1332 1371 1377 1416 et
1407 1376 1645 1424 carnem,
1677 1358 1768 1411 sed
1806 1356 1989 1409 adver-

412 1439 500 1518 sus
526 1461 776 1533 principes
797 1468 841 1511 et
874 1465 1138 1527 potestates
1161 1496 1176 1521 ,
1203 1453 1441 1507 adversus
1468 1449 1644 1503 mundi
1671 1458 1885 1502 rectores
1913 1456 1988 1498 te-

414 1557 680 1611 nebrarum
699 1550 878 1603 harum
897 1589 914 1616 ,
937 1556 1110 1600 contra
1130 1544 1423 1614 spiritualia
1453 1542 1687 1608 nequitia:
1707 1540 1758 1592 in
1782 1537 1992 1592 cretati-

413 1649 524 1701 bus.
555 1645 840 1712 Postquam
865 1657 894 1695 a
920 1654 1116 1710 genere
1143 1652 1329 1707 pugna:
1358 1636 1602 1690 hortatus
1631 1641 1713 1688 est
1733 1672 1748 1697 ,
1785 1629 1978 1685 deinde

411 1752 441 1789 a
491 1734 720 1804 prmmiis
760 1731 1046 1803 prepositis
1084 1744 1178 1784 eos
1218 1727 1439 1788 excitat.
1489 1721 1809 1791 Quomodo?
1855 1719 1989 1775 Cum

410 1827 639 1889 dixisset
668 1824 847 1879 hostes
889 1837 1012 1878 esse
1060 1823 1406 1876 vehementes
1425 1861 1438 1884 ,
1468 1817 1741 1886 subjunxit
1769 1829 1864 1869 eos
1891 1827 1989 1868 nos

420 1919 626 1987 magnis
645 1917 868 1985 privare.
890 1914 1214 1981 Quibusnam
1232 1911 1255 1965 τέ
1270 1911 1449 1981 Pugna
1474 1920 1555 1964 est
1577 1910 1628 1961 in
1644 1907 1942 1962 caelestibus
1970 1923 1982 1959 :

417 2025 520 2071 non
546 2017 779 2064 certatur
809 2021 901 2075 pro
944 2003 1180 2075 pecuniis
1203 2044 1219 2068 ,
1249 2018 1356 2057 non
1385 2016 1483 2071 pro
1515 2000 1710 2070 gloria,
1743 1997 1838 2052 sed
1868 2011 1988 2051 cer-

412 2111 552 2155 tatur
582 2115 648 2154 ne
697 2097 1002 2168 redigamur
1050 2096 1102 2150 in
1150 2093 1458 2148 servitutem
1508 2100 1562 2146 et
1604 2090 1984 2159 captivitatem.

411 2193 762 2261 Quamobrem
808 2187 1096 2243 inimicitia:
1141 2195 1266 2241 sunt
1313 2182 1824 2239 irreconciliabiles:
1855 2195 1986 2234 con-

413 2285 577 2339 tentio
607 2292 658 2337 et
688 2296 858 2350 pugna
887 2288 969 2335 est
1003 2277 1376 2332 vehementior
1401 2315 1416 2341 ,
1445 2275 1656 2343 quando
1683 2287 1778 2341 pro
1823 2270 1988 2326 rebus

414 2378 617 2443 magnis
642 2373 925 2440 suscipitur
949 2389 961 2424 :
991 2369 1120 2424 illud
1151 2371 1290 2422 enim
1316 2407 1329 2430 ,
1376 2365 1443 2419 In
1472 2364 1752 2419 cetestibus
1777 2405 1792 2429 ,
1820 2363 1984 2432 signi-

414 2468 536 2519 tieat
559 2505 573 2530 ,
607 2479 702 2532 pro
733 2461 1062 2516 caelestibus.
1111 2458 1225 2512 Non
1261 2464 1318 2509 ut
1358 2456 1456 2524 ipsi
1500 2455 1775 2509 victoriam
1807 2451 1983 2520 adepti

413 2556 609 2625 aliquid
640 2563 1066 2622 Consequantur,
1098 2550 1191 2604 sed
1215 2559 1270 2602 ut
1299 2563 1392 2600 nos
1422 2547 1649 2615 privent.
1679 2545 1746 2600 Ut
1770 2545 1814 2598 si
1843 2544 1988 2597 dice-

413 2658 488 2704 ret
515 2689 527 2712 ,
559 2653 767 2715 paetum
820 2650 1140 2696 conventum
1190 2650 1270 2692 est
1323 2640 1371 2690 in
1418 2637 1594 2704 aliquo
1619 2675 1634 2700 ,
1670 2634 1794 2688 illud
1824 2635 1876 2687 in
1907 2641 1988 2689 est

413 2753 504 2806 pro
524 2778 537 2799 ,
568 2745 622 2789 et
651 2735 702 2798 in
743 2741 825 2788 cst
854 2741 1077 2801 prOpter.
1109 2729 1242 2783 Vide
1287 2727 1552 2797 quomodo
1598 2726 1739 2779 vires
1786 2723 1984 2778 inimici

413 2842 510 2882 nos
557 2827 823 2886 excitant,
873 2832 928 2878 et.
973 2822 1175 2876 faciunt
1203 2831 1257 2875 ιιι
1291 2817 1645 2878 simussobrii
1675 2857 1691 2883 ,
1737 2831 1800 2872 eo
1844 2814 1985 2885 quod

410 2919 639 2972 sciamus
672 2915 738 2970 de
766 2915 928 2970 rebus
957 2913 1161 2982 magnis
1193 2925 1313 2966 esse
1343 2909 1631 2980 periculum
1653 2948 1667 2973 ,
1697 2917 1748 2963 et
1775 2907 1841 2961 de
1870 2921 1984 2960 ma-

409 3011 530 3080 gnis
560 3009 668 3063 fore
701 3008 978 3062 victoriam
1005 3023 1018 3058 :
1050 3004 1225 3058 studet
1250 3003 1388 3057 enim
1421 3017 1518 3055 nos
1546 3017 1575 3054 e
1601 3000 1732 3054 ca-lo
1763 2999 1978 3067 ejicere.

410 3105 678 3168 Quasnam
726 3099 854 3154 dicit
882 3096 1150 3167 principes
1190 3104 1242 3149 et
1275 3103 1560 3162 potestates
1594 3100 1649 3146 et
1691 3089 1872 3144 mundi
1902 3105 1985 3144 re-

410 3207 586 3250 ctores
618 3192 774 3262 hujus
801 3191 980 3245 surculi
1014 3188 1350 3242 tenebrarum
1381 3186 1606 3238 harum?
1634 3197 1985 3253 quarumnam

411 3283 793 3340 tenebrartun?
825 3279 1080 3349 numquid
1114 3278 1327 3332 noctis?
1355 3276 1731 3344 Nequaquam,
1760 3273 1853 3326 sed
1887 3287 1983 3326 ne-

409 3380 632 3448 quitia):
677 3376 901 3430 Eramus
945 3375 1086 3428 enim
1114 3412 1128 3433 ,
1178 3370 1378 3439 inquit,
1422 3366 1704 3436 aliquando
1749 3363 1985 3418 tenebrae

409 3469 622 3540 (Ep/tes.
655 3469 708 3522 5.
739 3468 830 3538 8);
863 3464 1147 3534 nequitiam
1193 3461 1376 3516 dicens
1401 3467 1455 3514 et
1499 3458 1834 3528 pravitatem,
1867 3470 1984 3524 qua:

409 3571 489 3616 est
512 3561 562 3613 in
588 3560 688 3613 vita
712 3556 980 3627 prtesenti.
1003 3554 1117 3608 Non
1141 3552 1357 3607 habebit
1376 3552 1516 3606 enim
1542 3550 1763 3605 ulterius
1783 3549 1979 3614 locum,

409 3668 515 3708 non
543 3652 594 3704 in
622 3650 753 3704 caelo
775 3690 788 3712 ,
823 3663 926 3702 non
957 3648 1007 3700 iu
1040 3645 1235 3699 sacculo
1263 3643 1461 3697 futuro.

484 3741 710 3796 Mundus
740 3740 791 3792 in
842 3738 1112 3805 Scriptura
1161 3735 1321 3787 malos
1350 3733 1575 3786 homines
1605 3730 1879 3801 aliquando
1910 3731 1982 3782 si—

408 3835 640 3906 gniﬁcat.
677 3859 748 3870 —
774 3829 880 3882 Eos
907 3837 1082 3880 autem
1110 3824 1238 3878 dicit
1264 3823 1442 3876 mtmdi
1473 3832 1709 3877 rectores
1733 3862 1747 3886 ,
1783 3837 1886 3874 non
1928 3830 1986 3875 ιιι

409 3924 500 3994 qui
532 3922 583 3975 in
626 3917 824 3974 mundo
853 3917 1127 3971 obtineant
1155 3914 1514 3976 dominatum,
1547 3913 1640 3974 sed
1687 3912 1826 3981 quod
1869 3928 1982 3965 ma-

415 4015 586 4068 lorum
617 4025 837 4081 operum
866 4009 972 4063 sint
998 4022 1188 4062 causa}.
1235 4005 1365 4065 Nam
1400 4005 1542 4058 hunc
1567 4003 1822 4057 mundum
1850 4003 1984 4056 solet

410 4105 680 4174 Scriptura
727 4100 996 4171 appellare
1042 4097 1330 4153 sceleratas
1373 4095 1644 4158 actiones;
1675 4102 1732 4148 ut
1771 4093 1984 4163 quando

411 4195 540 4251 dicit
566 4193 808 4249 Christus
836 4233 850 4257 ,
894 4189 992 4244 l’os
1023 4206 1122 4243 non
1151 4189 1269 4242 estis
1298 4204 1361 4241 ea:
1387 4188 1482 4240 hoc
1503 4185 1712 4252 mundo,
1743 4184 1871 4238 sicut
1892 4199 1982 4254 ego

413 4304 513 4340 non
541 4303 652 4340 sum
682 4302 743 4339 ea:
772 4283 980 4337 nnindo.
1010 4282 1196 4337 Nonne
1245 4290 1395 4336 erant
1425 4293 1487 4334 cx
1536 4277 1775 4332 mundo?
1806 4290 1982 4343 nonne

409 4391 574 4431 carne
601 4383 751 4429 erant
775 4373 1124 4428 circumdati?
1151 4387 1327 4426 nonne
1363 4377 1605 4426 erantex
1638 4369 1702 4423 iis
1730 4368 1819 4438 qui
1857 4375 1982 4423 sunt

407 4465 725 4522 inmundo?
766 4466 834 4520 Et
877 4481 1100 4520 rursus:
1151 4463 1374 4517 Mundus
1406 4479 1483 4516 me
1525 4462 1672 4516 odit:
1701 4477 1784 4515 vos
1814 4471 1980 4514 autem

406 4577 507 4613 non
538 4569 694 4628 potest
720 4559 884 4612 odisse
911 4556 1085 4628 (Joan.
1113 4556 1198 4610 l7.
1236 4556 1316 4608 14.
1342 4565 1384 4608 et
1414 4556 1466 4608 7.
1493 4554 1580 4624 7);
1606 4553 1770 4607 malas
1796 4566 1982 4606 rursus

407 4653 591 4708 dicens
621 4652 878 4706 actiones.
911 4650 1005 4703 Vel
1045 4649 1298 4702 mundum
1343 4648 1429 4701 hic
1454 4648 1586 4702 dicit
1611 4648 1778 4702 malos
1809 4647 1980 4702 homi-

409 4758 539 4806 nes;
569 4741 838 4795 dremones
865 4739 1005 4792 enim
1051 4739 1105 4792 in
1133 4753 1226 4792 eos
1268 4743 1435 4806 magis
1465 4739 1792 4792 dominatum
1836 4739 1980 4792 obti-

405 4845 553 4890 nent.
583 4831 770 4888 Contra
800 4828 1091 4900 spiritualia
1117 4829 1367 4898 nequitiis,
1390 4829 1577 4898 inquit,
1606 4830 1658 4882 in
1678 4831 1977 4884 cwlestibus.

405 4925 681 4994 Principes
706 4922 839 4978 dicit
861 4932 913 4976 et
943 4928 1270 4991 potestates;
1313 4920 1450 4974 sicut
1477 4921 1636 4974 etiam
1664 4921 1716 4974 in
1746 4921 1968 4975 ctelesti-

405 5015 506 5072 lius
555 5025 676 5071 sunt
726 5015 946 5078 throni,
979 5012 1404 5078 dominationes,
1435 5011 1792 5081 principatus.
1828 5021 1977 5082 pote-

409 5117 590 5167 states.
623 5108 708 5161 15.
745 5106 1044 5176 PrOpterea,
1075 5103 1268 5173 inquit,
1295 5105 1508 5174 accipite
1528 5114 1840 5156 artmunram
1859 5102 1974 5167 Dei,

407 5211 463 5253 ut
496 5200 694 5267 possitis
733 5201 962 5256 resistere
998 5200 1050 5252 in
1076 5198 1157 5256 die
1187 5197 1321 5250 malo
1343 5238 1356 5260 ,
1387 5207 1433 5250 et
1473 5197 1523 5249 in
1555 5196 1785 5250 omnibus
1813 5199 1979 5267 perfe—

404 5292 471 5344 cti
520 5301 673 5344 stare.
727 5289 874 5343 Diem
920 5292 1116 5343 malum
1161 5289 1286 5345 dicit
1329 5291 1489 5343 vitam
1539 5299 1854 5358 prmseutcm
1881 5306 1894 5341 :
1925 5298 1979 5342 et

406 5383 604 5436 malum
632 5379 882 5433 sarculum
914 5380 1015 5434 hoc
1039 5380 1165 5435 dicit
1192 5422 1206 5445 ,
1229 5397 1292 5435 ex
1323 5380 1474 5434 malis
1502 5396 1619 5448 qum
1649 5379 1699 5432 in
1731 5394 1796 5432 eo
1824 5378 1974 5432 ﬁunt.

405 5473 460 5528 ιι
491 5481 573 5529 est
594 5513 607 5535 ,
637 5486 850 5539 semper
881 5473 1069 5525 armati
1107 5482 1300 5528 estote.
1347 5471 1412 5524 Et
1455 5471 1682 5524 omnibus
1713 5513 1727 5536 ,
1763 5470 1929 5539 inquit
1958 5511 1974 5536 ,

408 5564 681 5631 confectis;
727 5562 827 5617 hoc
868 5571 949 5615 est
970 5600 986 5626 ,
1035 5562 1262 5615 devictis
1292 5562 1432 5616 vitiis
1460 5605 1472 5628 ,
1505 5562 1752 5615 absurdis
1781 5577 1976 5615 concu—

405 5655 676 5724 piscentiis
695 5694 710 5719 ,
738 5664 793 5708 et
821 5655 1071 5708 omnibus
1090 5669 1208 5721 quze
1236 5653 1386 5707 nobis
1408 5654 1633 5708 afferunt
1654 5653 1976 5708 molestiam.

405 5743 521 5800 Non
553 5744 684 5797 dixit
710 5745 880 5797 solum
914 5744 1089 5799 facere
1111 5783 1125 5806 ,
1149 5743 1240 5798 sed
1274 5744 1555 5813 perlicere;
1581 5756 1638 5799 ut
1668 5761 1772 5799 non
1803 5746 1976 5800 solum

401 5835 464 5898 de
496 5835 672 5896 medio
707 5834 886 5888 tollant
914 5876 926 5901 ,
962 5833 1054 5890 sed
1087 5833 1247 5889 etiam
1274 5843 1416 5891 stent
1441 5847 1718 5904 postquam
1750 5830 1975 5899 sustulc~

1140 431 1196 486 S.
1235 426 1508 484 JO.—\N.\'lS
1545 418 2015 480 CllltYSOSTOMl
2058 418 2375 478 ARCHIEP.
2414 423 2945 480 CONSTANTINOP.

3578 429 3674 486 160

2105 532 2247 586 rint:
2284 549 2402 587 nam
2443 536 2593 590 multi
2624 536 2759 590 hanc
2787 538 2962 606 adepti
2995 539 3267 596 victoriam
3312 558 3495 597 rursus
3534 550 3675 600 ceci-

2099 624 2315 680 derunt.
2348 628 2593 682 Omnibus
2611 669 2626 695 ,
2658 629 2825 699 inquit
2849 673 2863 695 ,
2887 635 3131 702 confectis
3157 651 3175 688 :
3203 651 3309 689 non
3338 635 3439 690 hoc
3460 638 3674 706 quidem

2096 719 2381 784 confecto,
2431 721 2519 774 illo
2573 737 2698 776 vero
2750 739 2852 777 non
2886 743 2899 778 :
2930 736 3071 780 stare
3115 729 3255 783 enim
3302 742 3511 800 oportet
3557 744 3676 802 post

2095 808 2388 863 victoriam.
2414 812 2624 881 Dejecta
2646 815 3188 885 suntaliquando,sed
3216 838 3332 891 qua:
3359 823 3674 892 dejiciuntur

2096 900 2458 956 reviviscunt:
2499 903 2596 957 nisi
2629 906 2934 960 steterimus
2960 950 2973 972 ,
3023 911 3183 965 etiam
3217 928 3334 982 qua:
3366 915 3673 978 ceciderunt

2098 1002 2397 1060 resurgunt.
2425 992 2602 1048 Donec
2622 1004 2844 1063 stamus,
2867 998 3070 1068 dejecta
3092 1013 3214 1056 sunt
3232 1021 3245 1057 :
3266 1003 3434 1060 donec
3451 1022 3552 1065 neu
3569 1011 3673 1068 cir-.

2095 1081 2446 1150 cumagimur,
2466 1084 2555 1138 ille
2572 1100 2674 1138 non
2696 1089 2940 1158 resurgit.
2963 1089 3249 1148 lnduamur
3266 1107 3534 1152 armatura
3556 1100 3668 1158 Dei.

2163 1172 2216 1226 4.
2255 1171 2413 1227 Vides
2452 1175 2720 1243 quomodo
2760 1188 2958 1233 metum
3006 1181 3283 1239 ademerit.
3317 1186 3450 1242 Nam
3479 1190 3523 1242 si
3553 1161 3666 1244 ﬁeri

2095 1269 2266 1330 potest
2294 1271 2348 1315 ut
2373 1263 2719 1319 conficiantus
2739 1276 2792 1322 et
2813 1278 3036 1334 stemus,
3061 1287 3159 1326 cur
3185 1275 3380 1345 refugis
3403 1282 3671 1348 pugnam?

2091 1351 2180 1417 Sta
2215 1354 2393 1409 hostes
2423 1355 2733 1426 conﬁciens,
2767 1369 2819 1413 ct
2850 1362 3041 1416 vicisti.
3079 1365 3137 1418 Et
3170 1381 3237 1421 ne
3279 1369 3666 1442 mireris,quod

2094 1451 2237 1510 tanta
2277 1444 2344 1500 de
2387 1445 2616 1501 hostimn
2650 1450 2850 1505 viribus
2888 1465 3162 1510 recenseat
3189 1474 3204 1512 :
3235 1473 3354 1512 nam
3390 1475 3668 1518 recensere

2093 1533 2234 1588 vires
2266 1536 2622 1604 inimicorum,
2654 1555 2758 1593 non
2792 1551 2989 1596 metum
3019 1544 3171 1600 aﬂ'ert
3192 1556 3245 1602 et
3275 1549 3540 1617 timorem,
3573 1554 3666 1617 sed

2093 1625 2350 1695 ignaviam
2385 1630 2589 1689 excutit
2628 1639 2682 1696 et
2721 1633 3042 1688 socordiam.
3092 1636 3158 1691 Ut
3188 1641 3425 1709 possitis,
3458 1643 3666 1714 inquit,

2090 1720 2316 1772 resistere
2354 1720 2403 1773 in
2445 1720 2526 1777 die
2565 1723 2718 1784 malo.
2767 1727 2808 1780 Δ
2844 1735 3085 1796 tempore
3130 1731 3288 1784 etiam
3337 1736 3661 1803 consolatur,

2090 1807 2342 1880 Tempus,
2374 1811 2562 1880 inquit,
2603 1822 2684 1868 est
2715 1815 2876 1872 breve
2906 1835 2918 1870 :
2953 1836 3116 1888 quare
3143 1832 3354 1892 Oportet
3379 1835 3521 1882 Stare
3555 1845 3567 1881 :
3598 1841 3666 1883 ne

2089 1898 2280 1956 defessi
2311 1901 2426 1958 sitis
2455 1912 2572 1972 post
2601 1904 2822 1962 cuidem.
2853 1906 2906 1962 Si
2935 1899 3015 1963 (ἵει
3040 1926 3167 1982 ergo
3197 1912 3392 1969 bellum
3418 1956 3432 1980 ,
3459 1917 3503 1971 si
3530 1919 3665 1977 tales

2088 2000 2211 2082 sunt
2239 1994 2402 2061 acies,
2426 1996 2470 2049 si
2501 1995 2803 2068 incorporei
2827 2002 3115 2072 principes,
3135 2006 3178 2060 si
3202 2009 3382 2063 mundi
3405 2021 3660 2082 rectores,

2088 2081 2133 2136 si
2160 2083 2452 2152 spiritualia
2479 2088 2761 2160 nequitize;
2791 2094 3079 2160 quomodo,
3115 2097 3428 2168 dic,qu.'eso,
3458 2081 3664 2164 deliciis

2088 2172 2372 2246 indulges?
2399 2179 2668 2247 quomodo
2693 2197 2752 2236 es
2778 2182 3111 2245 dissolutus?
3141 2193 3406 2258 quomodo
3433 2195 3662 2252 inermes

2087 2279 2342 2333 superare
2395 2269 2736 2336 poterimus?
2792 2271 2917 2334 Haec
2961 2280 3320 2350 unusquisque
3365 2282 3466 2337 sibi
3522 2285 3663 2342 dicat

2087 2357 2344 2424 quotidie,
2371 2359 2582 2427 quando
2604 2362 2652 2421 ei
2683 2361 2984 2419 dominatur
3010 2367 3107 2433 ira,
3136 2373 3348 2439 quando
3379 2375 3658 2446 cupiditas,

2087 2449 2296 2518 quando
2326 2451 2516 2519 qtuerit
2559 2451 2696 2508 hanc
2740 2456 2957 2512 mollem
2988 2460 3148 2514 vitam
3183 2462 3439 2520 lubricam
3480 2478 3533 2523 et
3581 2471 3662 2524 in-

2087 2549 2439 2598 constantem.
2471 2543 2664 2597 Audiat
2690 2545 2902 2600 beatum
2943 2549 3161 2604 Paulum
3204 2553 3491 2623 dicentem,
3541 2558 3661 2614 Non

2085 2640 2158 2685 est
2187 2631 2327 2687 uoltis
2358 2633 2644 2688 colluctatio
2674 2637 2912 2692 adversus
2935 2643 3229 2710 sanguinem
3255 2655 3301 2698 et
3328 2662 3547 2714 carnem,
3569 2653 3658 2709 sed

2087 2723 2324 2777 adversus
2364 2726 2638 2793 principes,
2684 2728 2924 2784 adversus
2969 2742 3260 2800 potestates.
3307 2736 3416 2793 lloc
3466 2741 3660 2796 bellum

2087 2821 2169 2870 est
2197 2814 2378 2867 Sensili
2418 2816 2633 2884 gravius
2655 2857 2669 2882 ,
2707 2834 2879 2888 pugna
2910 2821 3296 2890 vehementior.
3327 2827 3508 2900 Cogita
3535 2847 3662 2902 ergo

2086 2915 2338 2974 quantum
2385 2917 2594 2977 tempus
2636 2909 2735 2964 iste
2778 2910 3040 2979 luctatur,
3091 2932 3184 2984 pro
3215 2933 3320 2987 quo
3349 2934 3576 2992 pugnat,
3609 2936 3664 2982 et

2085 3005 2201 3059 esto
2230 2999 2454 3052 cautior.
2492 3000 2692 3064 Etiam,
2725 3002 2967 3071 inquies;
3003 3005 3096 3060 sed
3125 3011 3448 3077 oportuisset
3474 3015 3660 3070 diabo-

2087 3087 2191 3140 lum
2214 3087 2281 3142 de
2310 3089 2484 3148 inedio
2519 3090 2654 3159 tolli,
2683 3100 2734 3145 et
2758 3107 2943 3148 onmes
2972 3095 3101 3149 salvi
3137 3109 3335 3152 essent.
3367 3101 3494 3158 Haec
3523 3122 3662 3173 pra:-

2087 3179 2310 3242 teudunt
2349 3179 2562 3249 quidam
2591 3182 2843 3236 socordes
2874 3193 2928 3238 et
2958 3186 3150 3255 ignavi.
3181 3189 3314 3244 Cum
3347 3205 3617 3262 oporteret
3642 3240 3658 3264 ,

2085 3284 2117 3323 ο
2148 3268 2326 3335 henio,
2364 3281 2412 3323 te
2441 3286 2597 3340 agere
2620 3273 2816 3341 gratias
2841 3275 2998 3344 quod,
3033 3277 3075 3331 si
3098 3278 3246 3347 velis,
3277 3297 3395 3336 eum
3419 3300 3659 3354 superes,

2086 3373 2272 3420 contra
2302 3364 2464 3417 etiam
2492 3379 2796 3428 succenses,
2827 3367 2986 3422 verba
3015 3369 3237 3440 loquens
3267 3374 3542 3443 cujusdam
3568 3379 3662 3434 de-

2085 3452 2216 3507 sidis
2241 3461 2295 3507 et
2322 3455 2643 3509 somnolenti
2686 3457 2888 3511 militis.
2933 3459 3105 3528 Nosti,
3155 3463 3199 3517 si
3243 3466 3394 3535 velis,
3429 3469 3661 3529 rationes

2086 3543 2278 3614 quibus
2299 3543 2715 3614 apprehenditur
2740 3563 2752 3597 :
2779 3547 3012 3618 undique
3039 3551 3406 3623 circumspice,
3433 3558 3660 3627 teipsmn

2087 3634 2251 3689 muni.
2286 3634 2398 3688 Non
2426 3646 2510 3689 est
2539 3637 2712 3690 solum
2743 3653 2917 3707 pugna
2949 3639 3204 3698 adversus
3230 3642 3533 3714 diabolum,
3566 3649 3662 3710 sed

2086 3727 2244 3781 etiam
2293 3727 2548 3781 adversus
2594 3729 2734 3782 illius
2781 3738 3087 3796 potestates.
3125 3735 3403 3799 Quomodo
3428 3753 3554 3808 ergo
3583 3741 3661 3795 lu-

2086 3816 2345 3870 ctabimur
2373 3831 2494 3871 cum
2525 3818 2794 3872 tenebris?
2831 3818 2885 3872 Si
2916 3819 3004 3874 lux
3035 3822 3154 3876 facti
3187 3823 3465 3880 fuerimus.
3512 3828 3659 3895 Quo-

2086 3908 2245 3970 modo
2282 3923 2400 3962 cum
2432 3909 2798 3977 spiritualibus
2837 3912 3129 3980 tlequilim?
3157 3914 3208 3969 Si
3243 3916 3361 3970 facti
3407 3917 3660 3975 fuerimus

2085 3999 2230 4053 boui.
2264 4000 2412 4054 Bono
2437 4001 2578 4054 enim
2609 4003 2939 4057 contrarium
2967 4013 3048 4058 est
3080 4007 3310 4074 nequitia
3331 4019 3383 4064 et
3404 4013 3661 4082 pravitas,

2085 4101 2139 4146 et
2167 4091 2253 4145 lux
2285 4091 2496 4161 expellit
2543 4094 2788 4149 tenebras
2817 4111 2829 4148 :
2859 4096 2997 4165 quod
3038 4097 3080 4150 si
3120 4098 3213 4167 ipsi
3246 4116 3454 4172 quoque
3494 4105 3660 4160 simus

2088 4183 2318 4238 tenebrae
2344 4224 2359 4249 ,
2411 4183 2630 4238 omnino
2674 4185 2946 4255 capientur
2987 4196 3040 4240 et
3079 4191 3468 4257 superabimur.
3514 4194 3658 4261 Quo-

2086 4273 2244 4329 modo
2291 4288 2418 4343 ergo
2465 4274 2610 4343 ipsos
2655 4276 3061 4344 superabimus?
3092 4281 3145 4334 Si
3191 4281 3330 4351 quod
3360 4283 3432 4336 illi
3461 4294 3587 4339 sunt
3630 4301 3660 4340 a

2086 4376 2291 4432 natura,
2325 4365 2498 4433 ell'ecti
2533 4366 2788 4423 fuerimus
2829 4383 2897 4423 ex
2941 4369 3110 4426 libero
3149 4372 3368 4428 arbitrio
3407 4385 3460 4430 et
3499 4378 3661 4431 animi

2084 4460 2345 4524 instituto,
2373 4473 2564 4530 nempe
2604 4469 2752 4522 extra
2793 4475 3006 4516 carnem
3032 4472 3084 4518 et
3108 4465 3437 4536 sanguinem,
3464 4468 3539 4522 sic
3568 4484 3659 4523 eos

2083 4552 2354 4622 capiemus
2379 4561 2433 4614 et
2462 4551 2756 4606 vincemus.
2798 4551 2925 4606 Nam
2958 4535 3222 4624 quoniam
3253 4569 3333 4612 est
3375 4535 3660 4615 verisimile

2049 4707 2060 4716 κ
2085 4644 2230 4713 ipsos
2250 4659 2279 4696 a
2301 4643 2483 4698 multis
2497 4645 2707 4714 agitari,
2730 4644 2805 4699 Ne
2828 4646 3165 4714 existimetis,
3188 4649 3378 4718 inquit,
3397 4651 3534 4717 quod
3562 4653 3660 4720 ipsi

2084 4737 2359 4791 nobiscum
2390 4736 2585 4791 bellqu
2614 4747 2803 4807 gerant
2831 4755 2844 4792 :
2879 4740 2968 4809 qui
2997 4741 3048 4792 in
3078 4741 3206 4809 ipsis
3236 4754 3524 4810 operantur
3547 4745 3660 4799 dm-

2084 4844 2270 4882 moues
2292 4839 2434 4894 sunt,
2464 4830 2551 4900 qui
2580 4829 2774 4883 bellum
2802 4841 2992 4900 gerunt
3027 4850 3040 4884 :
3072 4831 3329 4888 adversus
3359 4835 3482 4889 illos
3509 4837 3662 4890 nobis

2084 4930 2166 4973 est
2194 4934 2387 4988 pugna.
2423 4919 2534 4974 Duo
2559 4929 2738 4975 autem
2768 4936 2834 4975 ex
2865 4921 2946 4976 his
2987 4922 3172 4989 efficit,
3208 4933 3264 4978 nt
3306 4927 3392 4994 qui
3432 4937 3487 4980 et
3519 4927 3663 4994 ipsos

2083 5012 2270 5067 reddat
2307 5012 2618 5066 audaciores
2662 5014 2923 5068 adversus
2963 5030 3055 5068 eos
3099 5017 3189 5084 qui
3229 5032 3288 5071 se
3331 5029 3660 5089 oppugnant,

2085 5103 2404 5174 illorumque
2436 5103 2670 5157 animum
2709 5119 2893 5158 contra
2922 5105 3105 5161 hostes
3130 5107 3315 5177 erigat.
3343 5107 3409 5162 Et
3433 5125 3659 5177 quanam

2083 5198 2148 5251 de
2173 5212 2330 5252 causa
2358 5197 2509 5251 nobis
2540 5212 2709 5268 pugna
2741 5198 2997 5254 adversus
3029 5215 3122 5255 eos
3147 5212 3332 5256 exorta
3367 5202 3489 5257 est?
3515 5203 3660 5270 Quo-

2085 5288 2228 5341 niam
2280 5288 2330 5342 in
2392 5288 2534 5342 bello
2587 5290 2784 5342 sociam
2835 5288 3092 5344 habemus
3151 5292 3660 5362 inexpugnabilem,

2085 5394 2276 5448 nempe
2315 5379 2538 5448 Spiritus
2582 5380 2838 5448 gratiam,
2873 5396 2991 5434 eam
3037 5393 3205 5436 artem
3254 5383 3560 5445 didicimus,
3611 5392 3664 5435 ut

2085 5469 2339 5523 adversus
2366 5470 2607 5523 homines
2631 5487 2735 5524 non
2762 5473 3026 5540 possimus
3057 5474 3266 5538 luctari,
3291 5475 3384 5529 sed
3408 5474 3663 5528 adversus

2084 5561 2376 5618 daemones.
2400 5562 2452 5616 Si
2488 5575 2664 5617 autem
2687 5567 2930 5623 velimus.
2963 5582 3029 5620 ne
3059 5567 3378 5620 luctahimur
3398 5568 3609 5636 quidem
3645 5584 3659 5622 :

2086 5669 2205 5706 naut
2240 5653 2378 5706 iucta
2422 5663 2503 5708 est
2542 5655 2792 5724 queuiaui
2835 5657 3098 5712 volumus.
3141 5657 3268 5725 Ejus
3303 5658 3442 5712 enim
3478 5659 3568 5726 qui
3613 5659 3662 5712 in

2089 5744 2240 5798 nobis
2273 5743 2530 5798 inhabitat
2561 5755 2704 5799 tanta
2733 5756 2817 5801 est
2855 5749 3042 5813 virtus,
3075 5757 3130 5802 ut
3153 5748 3291 5802 dicat
3335 5763 3350 5800 :
3393 5748 3524 5802 Ecce
3549 5749 3664 5801 dedi

2085 5836 2218 5891 vobis
2247 5844 2538 5906 potestatem
2567 5837 2797 5892 calcandi
2823 5855 2972 5909 super
3007 5848 3256 5910 serpentes
3283 5848 3328 5891 et
3351 5837 3663 5912 scorpiones,
