4218 6266
566 407 656 462 101

556 537 599 578 at
629 537 781 595 super
805 537 1002 576 onmem
1032 527 1319 592 potestatem
1345 519 1532 574 inimici
1563 515 1711 588 (Luc.
1751 515 1830 570 l0.
1868 516 1974 583 l9).
1999 512 2128 568 0m—

556 629 680 668 nem
711 613 864 668 nobis
904 612 1052 668 dedit
1087 618 1442 682 potestatem,
1487 617 1541 662 et
1565 606 1794 663 luctandi
1824 613 2010 659 etnon
2049 604 2132 656 lu-

555 707 732 762 ctandi
775 723 791 760 :
823 705 917 759 sed
962 705 1216 774 quoniam
1245 717 1345 758 nos
1385 716 1570 756 sumus
1598 699 1729 770 pigri
1775 709 1829 752 et
1869 697 2088 752 hebetes
2113 736 2128 761 ,

555 811 674 856 cum
695 796 773 850 eis
798 795 1084 850 luctamur.
1111 793 1242 848 Nam
1265 793 1406 862 quod
1429 792 1626 846 Paulus
1651 807 1756 844 non
1786 790 1848 843 sit
1880 788 2128 851 luctatus,

555 888 677 942 audi
728 903 849 942 eum
896 887 1190 954 dicentem,
1251 885 1380 953 Quis
1426 900 1518 938 nos
1567 882 1816 953 separabit
1854 898 1887 933 a
1925 880 2134 933 caritate

558 979 788 1040 Christi?
829 979 1109 1044 tribulatio,
1151 995 1218 1032 an
1265 978 1520 1048 angustia,
1569 992 1636 1029 an
1684 976 2021 1044 persequutio,
2065 990 2132 1025 an

557 1071 777 1136 auditas,
819 1085 888 1125 an
913 1069 1227 1139 periculum,
1266 1085 1334 1121 an
1361 1067 1563 1138 gladius
1588 1067 1605 1134 (
1633 1065 1780 1121 Rom.
1812 1065 1863 1120 8.
1895 1065 1963 1119 35
1983 1063 2038 1133 )?
2067 1063 2133 1124 Et

555 1179 738 1224 rursus
765 1163 886 1217 audi
913 1178 1034 1216 eum
1061 1162 1353 1226 dieentcm,
1385 1159 1518 1212 Deus
1547 1165 1767 1212 conteret
1789 1165 2020 1210 satanam
2039 1156 2132 1208 sub

555 1255 763 1322 pedibus
789 1257 964 1309 vestris
990 1255 1089 1308 cito
1117 1253 1137 1323 (
1162 1253 1312 1308 Rom.
1344 1251 1431 1306 16.
1461 1249 1588 1320 ‘20).
1623 1249 1770 1303 Illum
1803 1250 1946 1304 enim
1971 1247 2131 1302 habe-

557 1349 642 1400 bat
685 1346 989 1410 subditum;
1022 1355 1076 1398 et
1103 1345 1222 1398 ideo
1251 1343 1481 1403 dicebat.
1531 1341 1783 1410 Principio
1813 1342 1900 1394 tibi
1942 1341 1994 1393 in
2033 1355 2129 1392 na-.

555 1439 690 1491 mine
731 1435 936 1490 Domini
974 1435 1100 1489 .lesu
1140 1443 1196 1488 ut
1229 1438 1290 1488 ab
1316 1451 1372 1487 ea
1409 1450 1556 1486 exeas
1587 1432 1724 1499 (Art.
1757 1431 1846 1486 16.
1877 1431 1982 1500 l8).
2020 1430 2131 1486 lloc

557 1539 738 1585 autem
771 1544 874 1583 non
903 1539 984 1582 est
1013 1527 1281 1582 luctantis.
1311 1525 1441 1581 Nam
1471 1525 1559 1596 qui
1593 1526 1818 1578 luctatur
1841 1565 1855 1586 .
1895 1523 2127 1576 nondum

559 1623 724 1687 vicit;
758 1624 846 1690 qui
874 1627 1050 1690 autem
1081 1620 1239 1684 vicit,
1284 1635 1388 1672 non
1427 1618 1660 1672 luctatur
1701 1615 1929 1684 amplius
1961 1631 1974 1666 :
2008 1631 2129 1670 nam

559 1729 678 1772 eum
726 1713 986 1782 subjecit,
1028 1721 1082 1766 et
1113 1711 1374 1780 captivum
1411 1709 1657 1765 reddidit.
1696 1709 1882 1762 Petrus
1921 1722 2131 1777 quoque

559 1819 665 1858 non
696 1804 998 1858 luctabatur
1033 1818 1153 1858 cum
1181 1801 1428 1862 diabolo.
1476 1801 1570 1856 sed
1607 1801 1746 1870 quod
1786 1808 1902 1854 erat
1941 1799 2130 1856 melius

558 1912 714 1966 quam
749 1897 958 1961 luctari,
984 1895 1034 1950 id
1059 1894 1299 1949 faciebat.
1333 1894 1540 1948 Fideles
1561 1893 1730 1957 mu'ti,
1753 1893 2124 1960 obsequentes,

557 1988 920 2042 catechumeni
971 2003 1037 2041 ex
1085 2002 1274 2056 inagna
1317 1983 1800 2053 supcrabumlautia
1849 1983 1938 2036 illo
1976 1991 2130 2036 erant

557 2083 885 2150 superiores.
918 2081 984 2134 Et
1010 2080 1132 2134 ideo
1161 2079 1369 2133 dicebat
1411 2079 1594 2130 beatus
1624 2077 1830 2134 Paulus.
1861 2074 1977 2129 Non
2000 2077 2128 2128 enim

560 2175 852 2243 ignoramus
895 2173 1220 2243 cogitationes
1261 2173 1372 2240 ejus
1402 2171 1495 2240 (ἓ.
1537 2172 1655 2224 Cor.
1704 2171 1756 2224 9..
1809 2171 1866 2224 il
1895 2173 1936 2238 ).
1983 2169 2132 2225 Unde

563 2265 721 2316 etiam
753 2280 872 2318 eum
919 2265 1147 2317 maxime
1193 2265 1478 2331 superavit.
1527 2263 1591 2316 Et
1633 2277 1816 2317 rursus
1851 2261 1973 2316 audi
2013 2278 2131 2315 emn

563 2356 853 2419 dicentem,
889 2354 1007 2408 Non
1045 2368 1116 2407 est
1140 2355 1356 2418 mirum,
1387 2355 1427 2406 si
1457 2354 1672 2407 ministri
1699 2355 1835 2406 illius
1861 2355 2133 2424 transﬁgit-

563 2457 741 2499 rantur
769 2456 1024 2514 tamquam
1057 2446 1272 2498 ministri
1287 2445 1506 2514 justitite
1533 2444 1605 2516 (9..
1636 2444 1754 2498 Cor.
1784 2446 1869 2499 ll.
1899 2447 1985 2515 15)
2021 2465 2032 2500 :
2065 2447 2132 2500 ita

567 2546 786 2590 noverat
825 2552 1039 2591 omnem
1083 2553 1330 2606 pugnam,
1381 2545 1434 2590 et
1475 2536 1606 2589 nihil
1631 2553 1751 2591 eum
1780 2537 1992 2592 latebat.
2031 2538 2132 2606 Et,

567 2627 860 2696 Mysterium
915 2628 1082 2690 enim,
1139 2627 1345 2696 inquit,
1405 2629 1518 2698 jam
1573 2637 1808 2697 operatur
1859 2628 2135 2696 iniquitatis

565 2718 638 2786 (Ξ.
670 2717 845 2771 Thess.
875 2719 927 2770 2.
961 2719 1032 2784 7).
1069 2717 1174 2772 Sed
1204 2718 1462 2774 adversus
1489 2733 1584 2772 nos
1611 2719 1756 2788 ipsos
1777 2727 1858 2774 est
1875 2719 2133 2773 ('OHUCltl-

568 2809 657 2866 tio.
685 2807 814 2862 Nam
842 2809 960 2862 audi
992 2824 1113 2862 eum
1143 2825 1327 2862 rursus
1355 2809 1638 2876 dicentem,
1667 2807 1840 2864 Certus
1859 2827 1969 2865 sum
2001 2812 2134 2877 quod

569 2916 720 2968 neque
744 2901 912 2971 angeli
930 2943 945 2968 ,
977 2917 1137 2972 neque
1161 2901 1492 2970 principatus,
1524 2917 1679 2970 neque
1717 2910 1982 2970 potestates
2001 2944 2013 2964 ,
2045 2918 2133 2954 ne-

569 3007 661 3065 que
687 2993 920 3056 virtutes,
957 3008 1117 3062 neque
1145 2993 1408 3056 instantia,
1436 3007 1592 3060 neque
1629 2995 1822 3062 futura,
1855 3009 2009 3062 neque
2033 2993 2136 3045 alia

569 3095 796 3138 creatura
821 3086 999 3154 poterit
1023 3102 1113 3138 nos
1137 3101 1374 3153 separare
1402 3102 1432 3136 a
1461 3085 1725 3138 dilectione
1752 3084 1938 3140 Christi
1959 3084 2134 3157 (Rom.

572 3177 624 3230 3.
653 3177 741 3231 58.
771 3177 882 3247 59).
917 3176 1028 3231 Non
1061 3177 1192 3236 dixit
1216 3220 1229 3242 ,
1277 3179 1317 3230 A
1362 3177 1572 3230 Christo
1595 3219 1609 3242 ,
1659 3177 1773 3238 Sed,
1797 3180 1835 3230 Α
1879 3179 2140 3232 dilectione

573 3268 760 3322 Christi
789 3285 806 3320 :
835 3283 954 3321 nam
987 3269 1137 3322 tnulti
1177 3277 1300 3322 sont
1328 3269 1456 3322 uniti
1481 3269 1696 3322 Christo
1719 3310 1731 3332 ,
1764 3271 1934 3339 ipsum
1962 3281 2138 3324 autem

573 3373 676 3412 non
707 3357 1006 3428 diligentes.
1037 3356 1150 3411 Non
1180 3359 1349 3425 solum
1373 3399 1387 3422 ,
1426 3359 1630 3427 inquit,
1661 3373 1764 3417 non
1800 3359 2140 3428 persuadebis

575 3457 632 3501 ut
657 3464 875 3516 negem,
908 3449 998 3502 sed
1031 3463 1130 3502 nec
1155 3457 1212 3502 ut
1239 3465 1358 3502 eum
1393 3449 1564 3502 minus
1592 3449 1828 3519 diligam.
1865 3449 1920 3504 Si
1961 3459 2139 3502 autem

577 3552 817 3606 superate
838 3541 1060 3594 virtutes
1090 3539 1190 3593 hoc
1219 3555 1324 3592 non
1356 3540 1678 3608 potuissent,
1711 3543 1828 3609 quis
1855 3541 1992 3594 alius
2019 3557 2140 3594 eum

583 3634 1018 3688 transmutassel?
1055 3629 1169 3684 Non
1206 3630 1304 3684 hoc
1335 3641 1509 3684 autem
1550 3630 1677 3683 dicit
1719 3646 1783 3684 ac
1825 3631 1866 3683 si
1912 3632 2014 3684 illa:
2047 3633 2145 3686 hoc

587 3723 992 3790 aggrederentur
1015 3766 1030 3788 ,
1062 3723 1154 3776 sed
1198 3739 1292 3792 per
1334 3723 1692 3794 hypothesim.
1724 3723 1789 3776 Et
1821 3725 1938 3776 ideo
1978 3725 2142 3791 dicit,

591 3813 763 3866 Certus
784 3829 912 3877 sum,
943 3829 1057 3878 seu,
1092 3813 1186 3868 Est
1214 3814 1336 3867 mihi
1371 3829 1702 3882 persuasum.
1737 3815 1900 3882 Igitur
1928 3831 2030 3867 non
2063 3816 2146 3877 lu-

585 3905 859 3966 ctabatur,
891 3904 983 3958 sed
1015 3913 1188 3960 tamen
1230 3907 1375 3966 timet
1415 3908 1530 3976 ejus
1567 3906 1810 3960 astutias.
1847 3907 1980 3960 Audi
2005 3909 2144 3962 enim

582 4010 704 4048 eum
735 3994 1019 4061 dicentem,
1067 3994 1238 4050 Timeo
1277 4000 1410 4056 enim
1453 4015 1534 4064 ne,
1586 4001 1714 4051 sicut
1751 4015 1952 4066 serpens
1992 3998 2149 4052 Evam

578 4085 778 4141 sedarit
807 4087 992 4140 astutia
1017 4103 1108 4140 sua
1127 4129 1142 4153 ,
1172 4089 1243 4140 ita
1271 4099 1660 4158 corrumpantur
1687 4106 1860 4142 sensus
1890 4092 2036 4144 vestri
2061 4133 2075 4156 ,
2105 4101 2150 4146 et

575 4180 814 4233 excidant
844 4196 875 4231 a
903 4169 1220 4248 simplicitate
1245 4197 1358 4249 qua:
1397 4191 1469 4233 est
1495 4182 1544 4232 in
1576 4180 1773 4234 Christo
1801 4179 1873 4251 (9..
1911 4181 2027 4234 Cor.
2059 4184 2146 4237 Η.

577 4267 651 4340 '5).
687 4269 894 4332 Etiam,
925 4269 1052 4322 dicit
1082 4287 1092 4321 :
1126 4278 1180 4323 et
1211 4286 1305 4338 pro
1343 4273 1520 4340 scipio
1549 4272 1713 4324 utitur
1743 4271 1842 4325 hoc
1877 4273 2036 4325 verbo
2068 4272 2150 4326 di-

577 4375 722 4424 cens,
752 4359 926 4413 Timeo
954 4362 1086 4413 enim
1113 4377 1174 4414 ne
1194 4363 1342 4431 forte,
1373 4377 1488 4413 cum
1518 4362 1632 4416 aliis
1659 4361 2017 4431 praedicarem,
2044 4363 2151 4430 ipse

576 4456 814 4523 reprobus
857 4454 1042 4522 c/jisiar
1089 4457 1162 4520 (l.
1207 4453 1325 4506 Cor.
1357 4453 1410 4505 ‘J.
1449 4452 1568 4522 ‘27).
1597 4453 1874 4520 Quomodo
1915 4471 2041 4523 ergo
2071 4465 2154 4508 est

579 4546 670 4598 tibi
700 4561 1010 4614 persuasum
1041 4545 1180 4615 quod
1213 4560 1370 4600 nemo
1400 4556 1448 4599 te
1480 4547 1785 4612 separabit?

653 4639 706 4692 5.
738 4637 894 4692 Vides
921 4639 1060 4708 quod
1091 4637 1191 4698 hoc
1218 4639 1436 4692 verbum
1471 4641 1538 4692 sit
1587 4641 1896 4694 humilitatis
1938 4652 1990 4695 ct
2036 4659 2122 4693 tuo

581 4729 784 4782 destite.
807 4728 900 4784 Ille
927 4731 1067 4783 enim
1093 4733 1200 4798 jam
1229 4731 1416 4784 caelum
1442 4731 1738 4791 habitabat;
1773 4742 1826 4784 et
1855 4733 1976 4785 ideo
2007 4733 2150 4784 dice—

579 4819 698 4880 bat,
743 4816 889 4872 Nihil
917 4820 1047 4872 enim
1075 4820 1199 4871 mihi
1226 4821 1455 4872 conscius
1495 4837 1604 4873 sum
1636 4822 1712 4888 (l.
1745 4819 1861 4874 Cor.
1893 4823 1942 4874 4.
1980 4822 2032 4891 xl)
2059 4839 2072 4886 ;
2103 4833 2148 4872 et

578 4927 782 4977 rursus,
811 4910 1025 4966 Cursum
1055 4915 1396 4965 consummari
1424 4911 1499 4984 ('2.
1537 4912 1665 4966 Tim.
1701 4915 1750 4968 4.
1785 4915 1857 4982 7).
1892 4914 2068 4980 Quare
2090 4913 2152 4966 ad

575 5003 693 5057 ha'c
741 5018 844 5057 non
891 5005 937 5056 ei
988 5004 1424 5071 impedimentum
1457 5003 1709 5057 alierebat
1753 5005 2013 5068 diabolus,
2062 5005 2154 5058 sed

576 5093 640 5147 ad
681 5111 740 5149 ea
769 5111 888 5164 qua:
918 5106 1073 5149 erant
1099 5095 1502 5162 discipulorum.
1531 5098 1744 5164 Quare?
1771 5099 2026 5164 Quoniam
2053 5115 2154 5150 non

577 5203 671 5241 eos
712 5189 941 5242 habebat
983 5189 1033 5242 in
1087 5199 1348 5258 potestate
1390 5191 1598 5243 solum.
1643 5193 1734 5242 sed
1781 5209 1963 5243 eorum
1997 5192 2154 5244 etiam

578 5280 806 5334 liberum
839 5281 1138 5334 arbitrium.
1173 5281 1282 5333 Illic
1310 5292 1420 5334 crat
1452 5283 1734 5350 superior;
1775 5281 1880 5333 imo
1909 5299 2032 5332 vero
2063 5301 2156 5334 Ilt't'.

577 5367 684 5423 illic
727 5370 846 5423 ideo
891 5380 1007 5423 crat
1047 5370 1313 5438 superior.
1358 5371 1450 5422 scd
1495 5387 1556 5424 ex
1589 5372 1829 5422 somn-ilia
1871 5383 1923 5423 et
1954 5373 2155 5440 ignavia

577 5475 762 5512 eorum
795 5460 886 5529 qni
919 5477 1025 5513 non
1057 5461 1424 5512 atteudehztnt.
1456 5461 1584 5514 Nam
1616 5463 1656 5514 si
1693 5464 1740 5514 id
1775 5463 1986 5530 quidem
2017 5465 2155 5532 quml

577 5567 794 5606 suarum
825 5561 938 5606 erat
977 5555 1206 5622 partium
1235 5571 1337 5606 non
1369 5555 1670 5622 implesset,
1706 5568 1795 5610 aut
1825 5568 2039 5626 propter
2069 5574 2154 5613 se-

575 5644 815 5712 gnitiem,
865 5648 957 5698 aut
1009 5655 1230 5713 propter
1279 5645 1474 5714 aliquid
1521 5648 1660 5701 aliud
1713 5649 2006 5718 ejusmodi,
2063 5651 2152 5702 illo

577 5731 763 5786 fuisset
787 5735 1037 5801 superior
1073 5753 1085 5784 :
1119 5735 1161 5786 si
1191 5745 1366 5787 autem
1396 5738 1505 5804 ipse
1539 5739 1748 5806 quidem
1781 5741 2006 5794 faciebat
2031 5758 2150 5794 0m-

579 5824 697 5885 nia;
731 5824 804 5876 illi
839 5834 1016 5876 autem
1059 5839 1164 5876 non
1205 5827 1454 5891 ρ;ιι·υ1ι;ιιιι
1476 5871 1488 5892 ,
1525 5846 1625 5884 non
1659 5831 1804 5886 illum
1835 5833 2099 5900 superavit
2129 5875 2144 5900 ,

1345 361 1352 367 ι
1409 404 1476 460 ΙΝ
1512 403 1724 459 El’lST.
1768 403 1858 457 AD
1898 401 2134 457 EPHES.
2175 399 2331 460 CAP.
2375 404 2460 459 Vl.
2504 407 2729 463 HOMIL.
2775 411 2937 472 XXII.

3716 427 3816 480 id!

2241 517 2332 570 sed
2370 534 2555 574 eorum
2598 521 3037 588 inobedientiam;
3079 535 3131 579 et
3158 527 3373 584 morbus
3412 546 3514 586 non
3543 537 3810 603 superavit

2239 607 2537 674 medicum,
2582 611 2675 665 sed
2721 615 2902 682 :egroti
2951 616 3432 686 intemperantiam.
3482 621 3614 676 Cum
3665 626 3808 678 enim

2237 698 2352 770 ipse
2380 703 2590 771 quidem
2618 706 2796 765 omnia
2828 709 3110 776 paraverit,
3153 711 3241 766 ille
3275 723 3449 766 autem
3480 715 3657 769 omnia
3683 732 3807 771 cor-

2239 792 2461 860 ruperit.
2509 793 2598 848 ille
2641 794 2740 848 fuit
2787 809 3088 866 superatus,
3143 816 3248 856 non
3298 801 3403 857 hic.
3451 803 3806 871 Quamobrem

2239 881 2404 939 Paulo
2447 897 2704 954 nusquam
2756 885 2856 950 fuit
2909 890 3174 958 superior.
3221 891 3484 948 Caeterum
3532 895 3809 953 nobiscum

2236 971 2372 1040 bene
2412 975 2584 1042 agitur
2613 976 2750 1045 quod
2797 978 3060 1046 possimus
3103 981 3261 1035 etiam
3305 983 3511 1038 luctari.
3557 983 3810 1042 Romanis

2235 1063 2447 1132 quidem
2490 1065 2590 1120 hoc
2636 1083 2742 1123 non
2783 1081 2949 1138 optat,
2995 1071 3092 1126 sed
3131 1073 3300 1143 quid?
3325 1075 3554 1131 Conteret
3581 1090 3812 1150 satanans

2237 1156 2327 1209 sub
2365 1157 2572 1226 pedibus
2599 1162 2774 1215 vestris
2809 1163 2908 1215 cito
2950 1163 3122 1236 (Rom.
3164 1165 3250 1220 16.
3291 1165 3384 1240 '20)
3416 1187 3429 1222 :
3461 1169 3545 1225 his
3574 1187 3702 1226 vero
3730 1173 3807 1228 sic

2236 1259 2381 1318 optat
2402 1293 2416 1311 ,
2448 1250 2510 1304 Ei
2537 1263 2700 1306 autent
2727 1296 2741 1317 ,
2773 1256 2857 1324 qui
2885 1267 3058 1326 potens
3094 1268 3166 1310 est
3204 1260 3372 1311 omnia
3403 1262 3572 1330 facere
3595 1280 3808 1332 supera-

2235 1342 2520 1412 bundanter
2565 1361 2716 1416 quam
2759 1350 2972 1414 petimus
3013 1358 3100 1401 aut
3137 1350 3464 1420 intelligimus
3494 1351 3708 1421 (Ep/tes.
3749 1355 3804 1410 5.

2234 1431 2347 1504 20).
2382 1434 2481 1500 Qui
2512 1435 2772 1499 luctatur,
2805 1439 2976 1491 adhuc
3004 1449 3250 1506 tenetur;
3289 1441 3384 1494 sed
3425 1442 3559 1496 bene
3597 1460 3716 1497 cum
3743 1460 3810 1510 eq

2236 1526 2411 1594 agitur
2449 1526 2491 1578 si
2536 1542 2639 1588 non
2670 1527 2940 1582 ceciderit.
2971 1529 3121 1582 Tunc
3149 1532 3404 1599 pra-clara
3443 1543 3522 1586 est
3549 1533 3764 1587 victoria
3789 1576 3803 1600 ,

2237 1615 2448 1682 quando
2474 1615 2596 1670 hinc
2636 1620 3042 1672 excesserimus.
3079 1620 3318 1690 Exempli
3339 1637 3520 1687 causa,
3549 1624 3807 1694 sitaliqua

2236 1707 2696 1776 coocupiscentia;
2727 1709 3039 1765 admirabile
3069 1711 3284 1780 quidem
3327 1723 3408 1767 est
3434 1729 3552 1768 eam
3579 1730 3682 1769 non
3710 1716 3806 1769 ad-

2237 1798 2480 1862 mittere,
2527 1799 2620 1852 scd
2663 1799 3001 1870 exstinguere
3045 1821 3058 1856 :
3105 1803 3152 1857 si
3195 1804 3294 1858 hoc
3324 1815 3500 1860 autem
3547 1807 3657 1860 lieri
3703 1823 3806 1862 non

2239 1889 2438 1956 possit,
2485 1897 2535 1944 et
2574 1890 2833 1944 loctemur
2862 1903 2916 1946 et
2955 1907 3052 1946 nos
3079 1908 3292 1964 semper
3322 1897 3690 1952 contineamus
3719 1915 3732 1952 :
3762 1899 3808 1959 si

2238 1978 2496 2032 luctantes
2523 1984 2911 2036 excesserimus
2935 2023 2948 2044 ,
2979 1985 3282 2041 vicerimus.
3313 1985 3426 2040 Non
3458 1989 3597 2041 enim
3637 1989 3705 2042 ita
3750 2003 3810 2043 se

2235 2087 2324 2126 res
2352 2072 2509 2127 habet
2538 2073 2622 2128 hic
2648 2075 2784 2129 sicut
2815 2078 2866 2129 in
2897 2077 3109 2132 athletis
3137 2096 3150 2132 τ
3181 2095 3300 2132 nam
3333 2081 3441 2134 illic
3469 2081 3680 2150 quidem
3709 2083 3812 2142 nisi

2237 2163 2497 2232 dejeceris
2521 2207 2534 2228 ,
2567 2181 2670 2220 non
2697 2168 2900 2232 vicisti;
2935 2168 3018 2222 hic
3049 2181 3224 2226 autem
3253 2173 3458 2240 vicisti,
3488 2173 3530 2226 si
3561 2188 3664 2227 non
3694 2174 3810 2227 lue-
3897 2243 3902 2248 η

2239 2256 2312 2309 ris
2341 2255 2614 2324 dejecms;
2645 2260 2687 2310 si
2721 2275 2826 2312 non
2855 2276 2912 2314 es
2938 2261 3198 2328 dejectus,
3221 2263 3459 2332 dejecisti
3483 2282 3494 2326 ;
3522 2273 3573 2317 et
3597 2265 3807 2318 merito.

2240 2346 2367 2400 Nam
2401 2349 2507 2408 illic
2537 2350 2748 2419 quidem
2777 2351 2935 2406 ambo
2960 2353 3287 2408 contendunt
3313 2355 3378 2408 de
3406 2355 3620 2409 victoria
3641 2398 3655 2421 ,
3684 2365 3736 2410 et
3763 2357 3808 2410 si

2237 2437 2376 2492 alter
2406 2438 2561 2494 fuerit
2589 2441 2850 2511 dejectus,
2874 2443 3010 2498 alter
3043 2455 3329 2500 coronatur
3355 2467 3366 2500 :
3399 2446 3482 2502 hic
3506 2459 3680 2501 autem
3705 2463 3810 2512 non

2241 2531 2337 2594 sic,
2367 2530 2459 2584 sed
2486 2531 2728 2587 diabolus
2761 2535 3036 2590 contendit
3063 2545 3117 2590 ut
3147 2553 3243 2591 nos
3269 2553 3603 2606 superentur.
3628 2539 3810 2604 Quan-

2239 2619 2308 2674 do
2337 2637 2464 2688 ergo
2510 2621 2560 2676 id
2601 2625 2648 2677 ei
2681 2624 2934 2680 ademere
2959 2627 3025 2682 de
3055 2644 3160 2698 quo
3189 2629 3500 2693 contendit,
3532 2630 3628 2683 vici
3664 2648 3675 2682 :
3707 2647 3810 2694 non

2240 2711 2382 2766 enim
2427 2713 2683 2768 incumbit
2731 2724 2789 2770 ut
2833 2716 3068 2786 dcjiciat,
3114 2719 3208 2772 sed
3251 2729 3307 2773 ut
3350 2735 3530 2775 secum
3575 2720 3807 2790 dejiciat.

2243 2802 2359 2858 Jam
2391 2814 2474 2858 est
2499 2821 2624 2876 ergo
2649 2806 2818 2860 victus
2849 2825 2862 2861 :
2893 2809 3004 2878 ipse
3031 2811 3173 2864 enim
3210 2810 3322 2880 jam
3347 2819 3431 2866 est
3457 2811 3732 2881 dejectus,
3761 2822 3814 2866 et

2243 2903 2325 2948 est
2353 2895 2403 2957 in
2435 2896 2734 2965 perditione
2761 2909 2814 2953 et
2841 2899 3074 2954 interitu.
3109 2901 3237 2971 Ejus
3259 2913 3434 2958 autem
3464 2903 3684 2958 victoria
3709 2921 3814 2959 ιιιιιι

2242 2995 2323 3038 est
2355 2985 2404 3038 in
2433 2987 2532 3040 hoc
2561 2997 2618 3042 ut
2645 2999 2950 3050 coronetur,
2985 2991 3076 3044 sed
3111 3003 3164 3044 ut
3195 3009 3280 3046 me
3309 2993 3512 3062 perdat.
3544 2994 3814 3060 Quamob-

2242 3093 2355 3131 rem
2387 3079 2429 3131 si
2462 3095 2564 3132 non
2593 3079 2861 3149 dejecero,
2890 3099 2992 3135 non
3023 3082 3177 3138 fuero
3208 3094 3385 3138 autem
3408 3084 3670 3155 dejectus,
3690 3086 3812 3140 vici.

2245 3167 2497 3234 Quaenam
2531 3180 2612 3224 est
2641 3187 2766 3240 ergo
2799 3173 3049 3240 pra'clara
3086 3175 3348 3228 victoria?
3379 3176 3457 3230 Ex
3487 3176 3818 3244 supiwalmu-

2247 3258 2424 3314 dantia
2454 3277 2574 3315 eum
2607 3265 2946 3328 conculcarc,
2985 3275 3040 3317 ut
3072 3265 3294 3318 iaciebat
3326 3266 3539 3330 Paulus,
3573 3281 3658 3320 res
3687 3282 3820 3334 prte-

2247 3363 2424 3407 seotes
2457 3355 2583 3408 nihil
2614 3369 2733 3410 esse
2771 3357 3101 3410 existimans.
3132 3356 3238 3409 Nos
3265 3373 3474 3427 quoque
3498 3373 3618 3412 eum
3649 3360 3824 3412 imite-

2250 3460 2388 3510 mur,
2445 3453 2499 3498 ct
2541 3445 2770 3499 studium
2816 3448 3076 3514 ponamus
3119 3456 3176 3500 ut
3215 3447 3382 3501 simus
3411 3449 3734 3516 superiores,
3769 3458 3824 3509 ct

2249 3538 2444 3590 nullam
2475 3539 2522 3592 ei
2551 3537 2738 3591 demus
2767 3553 2994 3592 ausam-

2325 3627 2524 3681 Divitia:
2565 3639 2609 3682 et
2647 3629 2813 3684 inanis
2839 3631 3000 3699 gloria
3031 3647 3205 3684 ansam
3235 3630 3358 3683 dant
3384 3629 3604 3685 diabolo.
3637 3661 3707 3671 ——-
3737 3632 3824 3686 Di-

2253 3721 2392 3774 vitia:
2422 3721 2551 3776 dant
2579 3721 2626 3782 ei
2655 3738 2858 3788 ansam,
2888 3725 3146 3792 pecunizc,
3181 3724 3352 3777 inanis
3379 3723 3569 3794 gloria,
3599 3733 3652 3779 ct
3681 3739 3826 3794 smpe

2251 3813 2462 3882 quidem
2493 3831 2613 3868 eum
2641 3816 2868 3885 erigunt,
2913 3831 3054 3885 επιρο
3094 3825 3271 3870 autem
3315 3815 3482 3869 ferum
3516 3815 3742 3870 reddunt
3771 3824 3828 3870 et

2257 3905 2561 3960 innnanem.
2597 3907 2699 3961 Sed
2731 3907 2853 3975 quid
2889 3923 3021 3976 Opus
3045 3917 3124 3960 est
3153 3907 3326 3961 lueta?
3353 3905 3474 3976 quid
3504 3922 3638 3976 opus
3663 3915 3744 3968 est
3771 3915 3829 3970 ut

2255 3997 2658 4052 concertemus?
2697 3999 2794 4064 Qui
2836 4014 3023 4051 manus
3061 3998 3314 4060 conserit,
3361 3997 3520 4050 linem
3547 3997 3708 4050 habet
3734 3997 3819 4076 itte

2255 4099 2492 4154 certum,
2537 4106 2659 4142 ιιιιιιι
2707 4090 2818 4156 ipsi:
2869 4089 3025 4141 etiam
3068 4087 3404 4154 superabitur
3446 4097 3500 4142 ct
3541 4088 3827 4158 capietur:

2256 4182 2344 4250 qui
2387 4189 2571 4235 autem
2604 4181 2914 4242 conculcat,
2957 4189 3154 4230 certam
3195 4189 3248 4232 et
3298 4176 3628 4230 tuanil’cstam
3671 4176 3830 4256 habet

2259 4275 2554 4330 victoriam.
2583 4272 2970 4326 Conculcemtts
2997 4269 3193 4321 diaboli
3231 4268 3525 4349 potentiam
3548 4307 3564 4334 ,
3607 4268 3827 4337 οωιιριιιτ

2259 4380 2441 4420 cemus
2473 4373 2722 4433 peccata;
2753 4361 2951 4422 omnia,
2999 4360 3232 4436 inquam,
3266 4376 3384 4428 qua:
3410 4359 3474 4414 ad
3505 4359 3641 4414 hanc
3669 4361 3861 4426 vitam.

2261 4461 2560 4526 pertinent,
2619 4455 2784 4514 iram,
2853 4450 3374 4517 concupiscentiam,
3430 4454 3828 4520 arrOgantiam.

2265 4561 2450 4600 omnes
2497 4544 2656 4596 animi
2709 4539 3138 4613 perturbationes
3177 4549 3229 4593 ct
3259 4541 3382 4592 vitia
3414 4558 3427 4594 :
3460 4550 3512 4598 ιιι
3554 4557 3674 4595 cum
3706 4541 3830 4613 illuc

2261 4637 2666 4697 excesseritnus,
2696 4650 2798 4688 non
2827 4633 3158 4686 inveniamur
3183 4629 3482 4700 prodidisse
3514 4640 3828 4699 potestatem

2261 4745 2416 4801 quam
2462 4728 2614 4782 nobis
2643 4725 2789 4780 dedit
2820 4725 2980 4778 Deus.
3013 4721 3088 4775 Ita
3119 4723 3262 4776 enim
3289 4721 3447 4775 etiam
3485 4719 3656 4774 futura
3699 4735 3830 4780 cou-

2263 4835 2564 4892 sequemur.
2597 4819 2652 4874 Si
2681 4827 2856 4871 autem
2881 4817 2932 4870 in
2964 4816 3062 4868 hoc
3089 4815 3342 4868 fuerimus
3373 4812 3566 4881 ignavi,
3593 4811 3711 4881 quis
3738 4827 3835 4882 no-

2264 4915 2344 4968 bis
2376 4912 2574 4982 majora
2595 4907 2935 4964 committet?
2959 4906 3014 4960 Si
3039 4907 3180 4960 cnim
3211 4921 3330 4962 eum
3358 4905 3446 4973 qui
3477 4901 3714 4964 oll‘endit,
3744 4901 3832 4973 qui

2261 5017 2344 5062 est
2375 5005 2756 5075 ignominiosus
2777 5045 2790 5063 ,
2821 5003 2910 5072 qui
2951 5007 3034 5054 est
3071 5007 3426 5064 COIIlCtltplth‘,
3457 4995 3544 5063 qtti
3573 4993 3714 5062 jacet
3737 4991 3834 5064 sub

2265 5101 2508 5170 pedibus,
2551 5113 2654 5151 non
2706 5096 2974 5166 potuimus
3015 5090 3350 5150 comulcare,
3395 5085 3662 5155 quomodo
3691 5083 3838 5159 dabit

2265 5195 2417 5247 nobis
2443 5194 2600 5251 Palcl‘
2624 5207 2710 5248 res
2745 5185 3035 5259 paternas?
3064 5185 3105 5236 si
3133 5197 3254 5235 eum
3283 5177 3476 5246 quiest
3505 5177 3639 5242 adeo
3661 5177 3834 5245 subjc.

2263 5297 2378 5340 ctus
2403 5301 2504 5338 non
2533 5282 2918 5353 superavimus,
2943 5289 3226 5344 quamnam
3254 5269 3568 5323 habebimus
3589 5269 3830 5338 iidpciam

2265 5375 2590 5445 ingrediendi
2623 5376 2672 5425 in
2701 5373 2915 5424 domino
2949 5364 3264 5436 paternam?
3303 5363 3456 5426 Nam,
3487 5361 3572 5416 dic
3609 5360 3759 5423 mihi,
3786 5359 3832 5412 si

2265 5469 2460 5520 habeas
2483 5467 2710 5534 aliquem
2747 5463 2928 5523 tilium,
2961 5459 3048 5511 ille
3074 5465 3246 5508 autem
3285 5455 3482 5524 relictis
3513 5452 3718 5528 famulis
3743 5447 3836 5520 qui

2263 5569 2384 5612 sunt
2416 5557 2644 5614 honesti,
2677 5561 2919 5605 versetur
2945 5565 3062 5601 cum
3104 5548 3167 5600 iis
3193 5549 3278 5612 qui
3311 5547 3404 5598 tibi
3429 5543 3641 5614 luerunt
3670 5541 3834 5595 mole-

2263 5653 2350 5716 sti,
2383 5649 2468 5716 qui
2501 5665 2528 5700 e
2561 5647 2716 5696 domo
2743 5641 2876 5710 pulsi
2909 5651 3048 5705 sunt,
3077 5639 3164 5708 qui
3197 5637 3246 5690 in
3277 5637 3391 5689 alea
3416 5641 3542 5698 sunt
3569 5631 3834 5700 occupati,

2261 5755 2312 5795 ιιι
2351 5745 2447 5793 hoc
2481 5739 2632 5792 lat-int
2665 5745 2941 5806 perpetuo,
2987 5750 3088 5786 non
3135 5721 3584 5784 exheredabitur?
3629 5721 3840 5788 Perspi-

2268 5851 2420 5886 cuum
2453 5842 2558 5896 est,
2589 5845 2708 5882 eum
2735 5839 2852 5881 esse
2879 5819 3332 5879 cabcrcdandmo.
3369 5817 3444 5874 ita
3475 5829 3569 5882 nos
3595 5826 3804 5880 quoque
3825 5847 3841 5874 ,
