4218 6266
540 303 643 376 tazt
687 339 690 342 -

539 437 584 490 si
627 431 862 488 dimissis
902 430 1103 502 angelis
1134 429 1224 499 qui
1259 429 1371 484 Deo
1400 428 1736 498 placuerunt,
1763 435 1819 481 et
1853 425 1941 495 qui
1971 425 2123 479 nobis

539 535 666 579 sunt
698 523 951 592 praefecti,
976 536 1252 576 versemur
1278 535 1397 573 cum
1421 518 1654 585 diabolo,
1680 517 1900 572 omnino
1921 518 2124 571 erimus

539 614 858 670 exheredes.
895 613 1091 668 Verum
1137 611 1292 674 absit,
1343 619 1402 664 ut
1441 601 1679 664 nostrqu
1708 603 1988 692 quisquam
2023 607 2125 661 hoc

545 706 808 777 patiatur;
841 704 934 760 Sed
969 705 1109 759 bello
1139 691 1393 757 adrersus
1423 702 1594 770 ipsum
1626 691 1874 768 suscepto
1921 708 1974 753 et
2003 713 2123 751 cum

544 813 779 866 superno
819 782 1017 849 auxilio
1049 795 1298 855 victores,
1334 791 1560 847 heredes
1600 792 1768 845 simus
1795 788 1942 860 regni
1969 789 2127 843 ca'lo-

551 906 691 943 rum.
718 889 780 943 Si
805 885 926 957 quis
958 887 1118 940 habet
1147 872 1439 961 inimicum,
1467 884 1510 937 si
1541 882 1732 951 injuria
1759 881 1826 936 ab
1847 881 2024 950 aliquo
2044 886 2129 932 est

545 977 769 1032 affectus
790 1019 804 1040 ,
849 977 894 1030 si
935 976 1055 1045 quis
1083 973 1166 1048 est
1196 974 1450 1029 efferatus
1469 1016 1481 1035 ,
1513 973 1725 1027 omnem
1753 979 2127 1042 congregatam

543 1067 888 1134 asperitatem
909 1073 963 1119 et
989 1053 1246 1120 ferociam
1269 1064 1507 1119 effundat
1533 1064 1585 1118 in
1608 1072 1767 1132 caput
1789 1061 2008 1116 diaboli.
2033 1061 2129 1116 llic

543 1158 619 1211 ira
652 1173 739 1213 res
761 1168 844 1213 est
865 1158 1004 1212 bona
1031 1167 1086 1212 et
1112 1157 1364 1222 honesta;
1391 1156 1477 1210 hic
1497 1154 1790 1225 indignatio
1812 1168 1899 1210 res
1926 1160 2004 1208 est
2029 1153 2104 1206 uti

544 1247 647 1315 lis;
682 1250 767 1304 hic
798 1249 1008 1318 injuriae
1033 1258 1266 1318 accepta:
1293 1247 1596 1303 recordatio
1626 1257 1678 1301 et
1705 1246 1887 1302 odium
1931 1258 2018 1300 res
2048 1253 2132 1299 est

551 1339 852 1394 laudabilis.
907 1339 1056 1394 Sicut
1095 1341 1237 1392 enim
1285 1339 1340 1392 in
1369 1337 1607 1393 externis
1647 1336 1856 1405 injuria:
1899 1342 2132 1403 acceptas

548 1432 818 1487 recordari
845 1441 930 1486 est
957 1433 1174 1496 malum,
1205 1432 1274 1486 ita
1314 1431 1400 1486 hic
1439 1429 1646 1500 injuria:
1685 1437 1918 1498 accepta.-
1947 1427 2134 1481 memi-

555 1523 699 1578 nisse
728 1531 811 1576 est
837 1521 1054 1575 bonum.
1088 1522 1270 1590 Itaque
1291 1521 1336 1574 si
1362 1520 1525 1574 habes
1552 1520 1676 1572 vitia
1707 1529 1758 1573 et
1785 1518 2042 1582 defectus,
2069 1530 2131 1568 ea

553 1613 639 1668 hic
668 1612 875 1682 depone
902 1628 917 1678 ;
967 1615 1010 1666 si
1058 1627 1161 1666 non
1193 1621 1344 1681 potes
1371 1626 1434 1665 ea
1461 1610 1754 1680 deponere,
1793 1610 1983 1663 saltem
2011 1622 2132 1662 cum

552 1705 811 1760 membris
839 1705 943 1758 tuis
973 1704 1202 1774 depone.
1253 1703 1522 1758 Percussit
1548 1702 1782 1771 aliquis?
1810 1701 1899 1755 Sis
1927 1698 2135 1769 injuriae

551 1812 582 1850 a
627 1796 842 1850 diabolo
883 1806 1116 1864 accepta:
1164 1810 1394 1858 memor,
1440 1802 1496 1848 et
1539 1807 1828 1862 numquam
1875 1791 2134 1845 adversus

549 1903 670 1943 eum
695 1898 971 1956 susceptas
989 1888 1252 1955 compone
1279 1886 1601 1940 inimicitias.
1627 1876 1669 1939 A"
1679 1895 1694 1938 ι
1715 1900 1818 1938 non
1843 1881 2136 1952 percussit?

551 1980 641 2035 Sic
669 1981 879 2049 quoque
906 1979 982 2033 s’is"
1005 1971 1212 2033 memor
1238 1983 1469 2047 acoeptaa
1497 1976 1734 2045 injurias;
1766 1973 1908 2044 quod
1952 1971 2136 2026 Domi-

1296 310 1352 370 s.
1383 311 1658 368 JOANNIS
1697 301 2168 366 CllR‘tSOSTOMI
2209 301 2520 365 suculae.
2561 303 3091 370 CONSTANTINOP.

3711 287 3811 374 ut

2230 438 2356 479 num
2384 435 2531 479 tuum
2557 425 2794 480 alfecerit
2813 427 3160 495 contumelia,
3183 427 3326 499 quod
3342 428 3643 498 offenderit,
3669 435 3808 504 quod

2231 516 2480 570 fratribus
2511 525 2734 579 noceat,
2768 527 2822 571 et
2851 532 2972 572 cum
3003 519 3082 573 eis
3113 518 3310 574 bellum
3340 531 3510 591 gerat.
3543 521 3629 578 Sis
3670 539 3810 580 sem-

2230 618 2326 674 per
2357 605 2626 676 iuimicus,
2659 623 2874 676 semper
2900 609 3142 673 acerbus,
3171 617 3386 682 semper
3406 613 3626 670 immitis
3647 623 3702 670 et
3733 615 3816 670 fe-

2231 711 2339 750 rus.
2383 697 2456 751 lta
2503 696 2594 753 ille
2634 699 2740 753 erit
2784 699 3016 765 humilis,
3067 701 3145 755 sic
3184 701 3286 755 erit
3331 702 3694 772 despicabilis,
3740 707 3819 760 sic

2231 780 2386 856 captu
2420 787 2610 854 facilis.
2639 787 2696 843 Si
2726 803 2824 843 nos
2845 790 3018 867 simus
3039 790 3088 844 in
3116 807 3238 846 eum
3269 791 3495 858 feroces,
3529 795 3617 849 ille
3641 796 3691 848 in
3715 812 3818 851 nos

2232 870 2336 930 non
2379 878 2481 954 erit
2522 877 2696 944 ferus;
2747 877 2794 934 si
2845 895 2941 934 nos
2971 882 3138 936 simus
3165 882 3455 938 clementes
3484 895 3537 939 et
3560 887 3774 956 benigni
3799 927 3817 954 ,

2234 954 2358 1022 tunc
2400 968 2486 1022 ille
2516 965 2610 1022 erit
2647 969 2792 1022 ferox
2827 995 2840 1023 :
2876 986 2980 1023 non
3018 973 3157 1026 sicut
3184 988 3308 1044 erga
3358 973 3550 1030 fratres
3599 988 3814 1033 nostros

2233 1073 2356 1127 erga
2402 1058 2550 1113 illum
2596 1059 2769 1114 affecti
2801 1061 2986 1116 simus.
3023 1062 3114 1118 llle
3143 1072 3227 1118 est
3267 1065 3512 1122 inimicus
3550 1077 3605 1122 et
3650 1069 3821 1126 hostis

2233 1149 2355 1202 vitze
2384 1155 2439 1202 et
2465 1149 2672 1215 salutis,
2703 1159 2755 1205 et
2785 1161 2982 1205 nostra:
3009 1162 3062 1206 et
3089 1167 3220 1207 sum.
3253 1154 3307 1209 Si
3333 1156 3568 1226 seipsunt
3603 1174 3706 1215 non
3737 1160 3821 1216 dio

2235 1239 2351 1310 ligit
2370 1281 2384 1306 ,
2415 1241 2685 1310 quomodo
2727 1243 2920 1310 poterit
2965 1258 3060 1298 nos
3091 1243 3354 1314 diligere?
3379 1247 3662 1304 Struamus
3691 1266 3821 1321 ergo

2249 1331 2441 1398 aciem,
2491 1339 2545 1386 et
2587 1348 2706 1388 eum
2755 1332 3029 1399 feriamus,
3075 1349 3195 1389 cum
3241 1352 3486 1407 magnum
3531 1339 3820 1398 habeamus

2243 1423 2368 1478 belli
2407 1425 2608 1479 socium
2637 1435 2688 1480 et
2715 1425 3008 1494 adjutorem
3040 1428 3319 1483 Dominum
3347 1441 3584 1485 nostrum
3629 1429 3821 1488 Iesu'm’

2235 1513 2504 1568 Christum
2534 1557 2548 1578 ,
2592 1517 2680 1585 qui
2726 1517 2920 1585 poterit
2945 1516 3161 1574 efficere
3205 1528 3263 1573 ut
3291 1520 3508 1576 minime
3549 1515 3822 1593 capiamur

2238 1607 2354 1676 ejus
2397 1607 2630 1677 laqueis,
2675 1617 2730 1662 et
2772 1623 2871 1663 nos
2918 1609 3071 1664 bonis
3102 1609 3296 1666 futuris
3320 1613 3627 1683 dignabitur
3657 1634 3670 1672 :
3698 1632 3820 1686 qua:

2237 1698 2393 1751 nobis
2421 1698 2669 1752 omnibus
2713 1698 2870 1753 detur
2908 1702 3162 1771 consequi
3200 1707 3368 1772 gratia
3400 1713 3454 1759 et
3499 1706 3822 1776 benignitate

2244 1789 2449 1843 Domini
2481 1789 2646 1844 nostri
2680 1788 2808 1844 Jesu
2837 1789 3058 1856 Christi,
3087 1793 3171 1846 cui
3203 1809 3322 1847 cum
3358 1795 3513 1850 Patre
3541 1804 3598 1850 et
3623 1796 3824 1866 Spiritu

2242 1889 2426 1933 sancto
2454 1879 2644 1949 gloria,
2681 1879 2960 1949 imperium
2979 1923 2995 1946 ,
3026 1883 3198 1936 honor
3220 1924 3232 1947 ,
3264 1900 3407 1941 nunc
3430 1894 3484 1940 et
3507 1901 3741 1958 semper,
3769 1872 3828 1943 et.

2243 1970 2296 2023 in
2323 1971 2516 2024 s’mCu‘la
2546 1964 2890 2026 saeculoru'tu.
2921 1973 3113 2027 Amen.

555 2107 3818 2132 Μ

1882 2181 2228 2243 HOMILIA
2276 2161 2515 2242 XXIII.

550 2333 680 2388 Cir.
723 2333 775 2389 6.
819 2351 869 2388 γ.
906 2318 992 2388 η.
1033 2332 1176 2389 State
1219 2334 1336 2404 ergo
1365 2331 1600 2386 succincti
1624 2323 1818 2384 lumbos
1858 2337 2043 2381 vestros
2083 2325 2134 2378 in

1239 2424 1461 2476 veritate.

631 2518 677 2570 Ι.
713 2515 841 2571 Cum
877 2508 1172 2570 exe'rcitt'IttI
1206 2515 1345 2568 hunc
1373 2513 1674 2568 urdiuasset
1696 2552 1711 2576 ,
1740 2501 1794 2565 et
1823 2524 2004 2563 eorum
2035 2522 2130 2560 ex-

550 2607 770 2661 citasset
794 2607 954 2659 animi
983 2605 1307 2659 alacritatem
1337 2605 1354 2674 (
1381 2603 1655 2672 utriusque
1679 2602 1820 2655 enim
1843 2608 1956 2654 erat
1978 2610 2131 2668 opus,

557 2707 610 2751 et
640 2708 696 2750 ut
735 2707 913 2751 essent
943 2690 1212 2760 ordinati,
1257 2705 1312 2749 et
1343 2703 1399 2747 ut
1433 2695 1755 2748 excitaretur
1789 2704 1974 2746 eorum
2018 2688 2135 2741 ani-

563 2788 720 2858 mus)
746 2805 760 2853 ;
792 2783 912 2842 cum
944 2785 1023 2841 eis
1051 2787 1287 2840 animum
1314 2786 1606 2840 addidisset
1634 2783 1651 2853 (
1681 2798 1801 2838 nam
1833 2796 1898 2837 eo
1925 2794 2137 2850 quoque

559 2889 675 2936 erat
700 2879 910 2947 opus),
945 2875 1197 2946 deinceps
1221 2893 1314 2930 eos
1339 2885 1528 2929 armat.
1560 2874 1697 2929 Nihil
1728 2871 1871 2928 enini
1891 2875 2137 2942 juvarent

561 2985 707 3024 arma
728 3011 742 3035 ,
775 2970 818 3024 si
847 2967 927 3022 illi
953 2969 1096 3038 prius
1127 2982 1232 3022 non
1259 2976 1440 3022 essent
1467 2958 1727 3029 ordinati,
1759 2956 1932 3034 neque
1958 2953 2140 3015 militis

560 3065 767 3117 animus
815 3070 957 3116 esset
1005 3063 1282 3116 excitatus.
1346 3053 1569 3129 Oportet
1622 3053 1764 3114 enim
1824 3061 1969 3128 prius
2017 3072 2140 3111 eum

561 3147 775 3208 armare
814 3149 1175 3218 intrinsecus,
1224 3142 1280 3206 et
1316 3144 1508 3205 deinde
1548 3150 1905 3206 extrinsecus.
1956 3150 2010 3204 Si
2041 3149 2142 3204 hoc

560 3242 739 3299 autem
785 3244 942 3314 Vulgo
990 3237 1046 3298 fit
1077 3244 1127 3297 iu
1180 3229 1475 3309 militibus,
1527 3235 1693 3295 multo
1743 3240 1910 3310 magis
1961 3245 2012 3294 iu
2059 3240 2143 3294 his

560 3318 815 3391 militibus
846 3335 935 3406 qui
964 3335 1163 3390 cadunt
1191 3335 1289 3389 sub
1317 3334 1720 3403 intelligentiam
1747 3349 1762 3398 ;
1792 3327 1907 3388 imo.
1933 3349 2059 3388 vero
2090 3334 2140 3386 in

569 3427 650 3481 bis
696 3442 762 3481 ne
792 3426 916 3481 licet
957 3426 1169 3496 quidem
1205 3440 1415 3479 armare
1453 3425 1816 3489 extrinsecus,
1846 3423 1938 3479 sed
1967 3426 2146 3479 omnia

569 3519 914 3583 intrinsecus,
946 3518 1180 3572 animum
1211 3517 1462 3572 excitavit
1491 3525 1544 3570 et
1572 3516 1918 3570 inﬂammavit
1940 3557 1953 3580 ,
1983 3508 2148 3570 auda-

563 3609 703 3662 ciam
751 3607 974 3670 indidit,
1007 3607 1273 3660 ordinavit
1297 3624 1313 3672 ;
1341 3606 1557 3660 demum
1583 3615 1772 3661 armat.
1813 3598 1916 3662 Sed
1943 3607 2064 3661 vide
2092 3613 2149 3660 ιιι

569 3713 663 3753 eos
707 3699 870 3751 armis
909 3697 1114 3751 induat.
1162 3697 1305 3751 State
1351 3713 1502 3766 ergo,
1536 3699 1726 3767 inquit.
1763 3693 1997 3754 Primum
2027 3699 2147 3752 olli-

569 3789 710 3842 cium
750 3803 935 3842 eorum
965 3788 1054 3856 qui
1099 3788 1149 3840 in
1181 3787 1422 3841 ordinata
1451 3795 1575 3841 s‘unt
1598 3784 1751 3852 aeie',
1784 3777 1869 3843 est
1895 3800 1954 3842 ut
1981 3790 2152 3844 sciant

575 3886 718 3933 recte
759 3888 940 3943 stare;
977 3887 1028 3932 et
1077 3889 1142 3932 es
1192 3879 1264 3932 ea‘
1303 3879 1468 3932 multa
1514 3876 1813 3934 evenerint.
1863 3880 2150 3950 Pr0pterea

574 3969 737 4023 multa
772 3969 899 4024 dicit
931 3969 1000 4025 de
1039 3969 1268 4026 statione
1294 4013 1308 4036 ,
1356 3969 1481 4026 alibi
1513 3969 1670 4028 etiam
1711 3973 1894 4029 dicens
1923 3993 1934 4028 :
1971 3977 2148 4042 State,

571 4061 811 4132 vigilate;
841 4069 894 4116 et
919 4060 1105 4116 rursus
1124 4103 1140 4126 ,
1170 4058 1259 4117 Sic
1287 4057 1414 4117 εἰατέ
1441 4063 1494 4116 in
1536 4055 1754 4118 Domino
1785 4065 1805 4138 (
1829 4067 1879 4120 l.
1911 4066 2029 4121 Cor.
2063 4068 2150 4123 16.

576 4155 722 4223 l5);
777 4163 829 4209 ct
871 4170 1090 4222 rursus,
1144 4143 1242 4222 Qui
1285 4172 1338 4209 se
1385 4151 1638 4209 existimat
1679 4167 1846 4221 stare,
1894 4159 2057 4212 videat
2095 4177 2156 4215 ne

577 4245 720 4296 cadat
755 4234 1020 4314 (Philipp.
1058 4247 1107 4298 ι.
1141 4245 1161 4298 1
1191 4243 1212 4316 )
1241 4262 1254 4307 ;
1288 4253 1343 4299 et
1386 4247 1572 4300 rursus
1593 4287 1607 4310 ,
1643 4235 1710 4300 Ut
1749 4247 1949 4316 possitis
1987 4250 2154 4303 omni-

575 4336 665 4388 bus
692 4337 930 4405 confectis
955 4346 1088 4390 stare
1121 4349 1138 4408 ι
1164 4337 1213 4391 l.
1242 4336 1359 4392 Cor.
1393 4331 1478 4392 10‘.
1517 4337 1639 4409 12).
1675 4336 1796 4393 Non
1815 4353 1942 4411 ergo
1973 4357 2158 4412 quam-

576 4425 704 4479 libet
748 4425 875 4481 dicit
915 4427 1228 4494 stationem,
1259 4427 1355 4484 sed
1400 4445 1515 4483 eam
1563 4447 1682 4499 qurc
1726 4441 1808 4486 est
1835 4423 1978 4487 recte
2008 4433 2156 4487 ordi-

575 4527 740 4586 nata;
770 4527 818 4572 et
857 4518 946 4588 qui
986 4519 1060 4572 rei
1094 4509 1339 4574 militaris
1365 4529 1488 4575 sunt
1527 4523 1714 4591 periti,
1745 4514 1924 4577 sciunt
1963 4533 2156 4592 quanta

575 4609 644 4661 sit
681 4608 852 4662 standi
883 4610 1091 4678 peritia.
1125 4609 1254 4664 Nam
1280 4609 1329 4664 si
1354 4612 1406 4665 in
1439 4612 1737 4682 pugilibus,
1767 4624 1821 4667 et
1864 4612 1929 4668 iis
1956 4616 2044 4685 qui
2075 4616 2158 4670 lu-

573 4703 819 4764 c'tantur',
855 4701 953 4753 hoc'
999 4701 1122 4752 ante
1152 4701 1250 4754 alia
1285 4700 1650 4772 ludimagi‘ster
1676 4701 1932 4774 praecipit,
1965 4721 2158 4776 nempe

574 4799 747 4851 Stare.
779 4789 945 4842 multo
972 4790 1139 4858 magis
1180 4791 1230 4843 in
1258 4790 1413 4844 bellis
1451 4801 1506 4846 et
1549 4793 1599 4845 in
1631 4792 1792 4847 rebus
1816 4778 2154 4852 militaribus.

577 4882 676 4946 Qui
713 4883 820 4934 stat
860 4889 1037 4935 rectus
1059 4921 1073 4943 .
1107 4877 1218 4934 stat
1261 4895 1366 4935 non
1399 4878 1688 4936 dissolutus
1713 4922 1728 4947 ,
1761 4883 1889 4940 nulli
1916 4887 2112 4943 cedens
2139 4904 2153 4941 :

575 4976 824 5026 a'ccurat'a
874 4970 1137 5026 rectitud’o
1183 4969 1423 5026 cernitur
1468 4974 1518 5026 in
1570 4972 1818 5029 statione.
1863 4977 2037 5042 Quare
2065 4981 2154 5048 qui

575 5081 698 5120 rere
738 5058 870 5120 sunt
907 5065 1074 5132 recti,
1107 5065 1139 5118 ii
1169 5060 1309 5119 stant
1339 5064 1465 5136 {qui
1495 5075 1671 5121 autem
1705 5069 1822 5123 non
1846 5070 2019 5132 stant‘.
2050 5089 2156 5126 non

575 5151 767 5211 fuerint
799 5157 968 5220 recti,
1017 5157 1110 5211 sed
1165 5156 1406 5210 dissoluti
1451 5167 1504 5212 et
1551 5151 1729 5213 effusi.
1780 5145 1894 5214 Non
1937 5162 2156 5232 s'tatqui

573 5244 716 5314 degit
746 5244 797 5298 iu
828 5246 1031 5300 deliciis
1055 5287 1068 5306 .
1110 5246 1201 5299 sed
1233 5246 1504 5311 declinat;
1537 5247 1662 5302 item
1693 5248 1924 5305 lascivus
1948 5293 1962 5316 ,
1992 5267 2154 5322 pecu-

573 5336 676 5388 nim
724 5335 964 5404 cupidus.
1023 5324 1118 5404 Qui
1168 5339 1269 5392 scit
1320 5347 1497 5402 stare,
1549 5345 1619 5393 ex‘
1661 5335 1846 5395 eadem
1889 5345 2153 5411 statione,

576 5433 843 5497 tamquam
888 5443 951 5482 ex
999 5430 1228 5497 quodam
1270 5431 1652 5499 fundamento,
1701 5449 2047 5505 qumcumque
2089 5439 2156 5491 ad

574 5521 770 5573 lu'cta'm
816 5519 1087 5587 pertinent
1136 5521 1348 5575 habebit
1397 5521 1569 5578 facilia
1616 5533 1671 5578 et
1713 5525 1978 5595 expedita.
2013 5519 2157 5582 State

569 5623 714 5679 ergo,
747 5611 944 5680 inquit,
977 5611 1216 5664 succincti
1246 5613 1437 5667 lumbos
1474 5629 1660 5669 vestros
1700 5617 1750 5669 in
1788 5618 2006 5673 veritate.
2041 5618 2173 5673 Non

572 5701 701 5753 dicit
727 5699 792 5754 de
829 5717 958 5755 zona
991 5702 1174 5757 sensili
1210 5720 1224 5760 :
1257 5718 1377 5757 nam
1405 5708 1580 5760 omnia
1624 5723 1742 5777 qua:
1787 5709 1871 5765 hic
1899 5709 2052 5780 sunt",
2086 5711 2152 5766 ita

2249 2324 2378 2379 dicit
2400 2299 2464 2378 ἶιι.
2505 2323 2696 2379 cadant
2732 2325 2831 2382 sub
2860 2307 3283 2399 intelligentiam.
3331 2306 3459 2390 Vide
3485 2347 3661 2391 autem
3690 2352 3825 2408 quo-

2248 2411 2407 2470 modo
2458 2415 2730 2486 procedat.
2797 2412 3033 2475 Primum
3084 2426 3345 2496 succingit
3391 2429 3632 2485 militem.
3684 2430 3834 2499 Quid

2249 2507 2350 2562 hoc
2397 2500 2478 2563 est
2525 2514 2744 2565 autem“!
2774 2514 2903 2568 Eum
2943 2516 3031 2584 qui
3078 2517 3388 2575 libidinibus
3426 2521 3620 2578 diffluit
3655 2534 3710 2578 et
3746 2535 3828 2579 est

2249 2591 2572 2666 dissolutus,
2634 2612 2688 2655 ct
2730 2603 2875 2657 humi
2922 2599 3174 2676 repentes
3237 2608 3394 2665 habet
3436 2614 3789 2682 cogitationes
3807 2628 3834 2680 ,'

2252 2701 2348 2757 per
2387 2688 2573 2744 zonam
2616 2693 2898 2766 reprimit,
2951 2687 3056 2751 non
3121 2698 3301 2754 sinens
3345 2693 3475 2756 eum"
3513 2704 3753 2772 impediri
3796 2693 3836 2758 a’

2251 2779 2486 2835 vestibus
2531 2797 2650 2851 qua:
2695 2776 2839 2840 tibiis
2880 2781 3250 2867 implicantur,
3303 2789 3396 2846 sed
3437 2793 3820 2867 dimittensut

2250 2883 2430 2926 currat
2459 2874 2679 2943 pedibus
2709 2877 2923 2932 solutis.
2973 2865 3121 2935 State
3156 2898 3305 2953 ergo,
3349 2886 3591 2939 succincti
3637 2865 3828 2940 lumbos

2249 2972 2453 3019 vestros.
2498 2965 2731 3020 Lumbos
2759 2978 2935 3023 autem
2974 2969 3061 3026 hic
3084 2971 3212 3026 dicit
3247 2991 3259 3028 :
3296 2990 3414 3028 nam
3442 2977 3575 3031 sicut
3599 2977 3650 3031 in
3679 2978 3828 3031 navi-

2251 3053 2349 3108 bus
2394 3059 2612 3122 carina,
2676 3059 2746 3111 ita
2799 3060 2959 3113 etiam
3009 3062 3059 3115 in
3111 3064 3265 3118 nobis
3312 3065 3614 3135 subjectum
3670 3069 3828 3122 totius

2250 3145 2492 3213 corporis
2518 3148 2681 3202 lumbi
2709 3159 2834 3204 sunt
2865 3167 2877 3202 :
2909 3152 3047 3206 sicut
3073 3154 3219 3208 enim
3249 3154 3653 3212 fundamentum
3682 3168 3840 3222 sunt.

2253 3247 2306 3292 et
2347 3253 2507 3308 super
2536 3239 2678 3308 ipsos
2722 3251 2887 3296 totum
2934 3243 3265 3309 ardilicatur,
3316 3257 3370 3300 ιιι
3405 3247 3588 3302 dicunt
3619 3249 3825 3304 medici.

2253 3329 2497 3385 Nostram
2529 3347 2656 3402 ergo
2683 3337 3007 3405 constringit
3034 3337 3265 3391 animam
3288 3379 3304 3404 ,
3338 3339 3549 3414 lumbos
3574 3341 3792 3411 cingens
3815 3357 3838 3395 :'

2254 3432 2361 3474 non
2406 3422 2549 3475 enim
2593 3422 2691 3476 hos
2740 3424 2869 3479 dicit
2919 3427 3162 3492 lumbos,
3212 3429 3306 3483 sed
3339 3430 3409 3482 ita
3456 3431 3689 3500 loquitur
3715 3442 3771 3486 ut
3799 3433 3829 3485 ii

2254 3513 2446 3566 cadant
2476 3515 2575 3568 sub
2613 3514 3040 3584 intelligentiam.
3078 3518 3147 3572 Et
3192 3520 3328 3574 sicut
3355 3517 3539 3575 eorum
3565 3537 3683 3592 qua:
3713 3527 3844 3576 sunt‘

2257 3620 2415 3676 supra
2450 3616 2504 3660 et
2544 3607 2681 3661 infra
2726 3609 2888 3662 lumbi
2932 3619 3058 3664 sunt
3089 3599 3490 3668 fundamentum
3523 3631 3535 3666 :
3567 3615 3635 3668 ita
3677 3614 3848 3670 etiam‘

2259 3697 2310 3751 in
2356 3698 2548 3752 lumbis
2600 3699 2983 3766 spiritualibu‘s.
3045 3683 3144 3769 Qiti
3188 3713 3316 3772 ergo
3361 3687 3628 3774 defatigati
3677 3714 3852 3773 sunt,’

2259 3789 2364 3844 illic
2394 3805 2536 3859 smpe
2565 3791 2714 3859 quasi
2757 3794 2807 3844 I‘u
2840 3781 3187 3848 fundamento
3228 3810 3414 3850 manus
3445 3785 3754 3865 imponunt,
3783 3807 3839 3851 ut

2260 3895 2318 3936 se
2347 3882 2688 3936 sustineant:
2723 3889 2776 3938 et
2823 3878 2955 3938 z'ona
3009 3885 3129 3940 ideo
3176 3887 3226 3941 in
3273 3887 3428 3944 bellis
3472 3889 3757 3945 adhibetur
3784 3897 3850 3944 ut"

2261 3971 2661 4027 fundamentum
2717 3985 2956 4030 nostrum
3004 3980 3279 4034 contineat
3325 3989 3381 4035 et
3423 3983 3667 4052 stringat.
3717 3981 3849 4038 ldeo'

2259 4071 2546 4117 currentes
2594 4058 2857 4134 cingimur
2887 4085 2901 4122 :
2931 4083 3063 4122 zona
3111 4069 3277 4124 robur
3326 4083 3567 4126 nosmun
3622 4073 3676 4128 in
3729 4079 3856 4130 tuto"

2264 4153 2431 4222 ponit.
2481 4151 2591 4233 n92:
2631 4169 2795 4224 ergo,
2849 4151 3072 4233 inquit,
3101 4159 3196 4212 liat‘
3237 4160 3396 4214 etiam
3449 4163 3500 4216 in
3545 4163 3760 4229 anima,
3789 4176 3844 4220 et

2263 4240 2470 4314 quidvis
2509 4226 2763 4300 facientes
2806 4240 3006 4302 erittttts
3049 4229 3215 4305 fortes
3254 4267 3316 4306 ac
3361 4252 3518 4308 validi
3551 4273 3566 4310 :
3596 4255 3648 4310 id
3696 4259 3843 4312 enim

2264 4328 2494 4390 maxime
2520 4336 2676 4391 decet
2705 4338 2923 4394 milites.
2951 4337 3124 4406 Etiam
3147 4384 3161 4409 ,
3197 4337 3403 4413 inquies
3421 4388 3436 4410 ,
3461 4346 3565 4401 sed‘
3585 4350 3682 4404 hos
3711 4349 3846 4403 lum-

2266 4424 2361 4480 bos
2405 4425 2670 4496 cingimus
2719 4427 2834 4484 loro
2882 4431 3128 4487 coriaceo
3157 4451 3170 4498 ;
3201 4448 3297 4488 nos
3345 4445 3520 4490 autem
3569 4435 3846 4508 quonam?

2266 4513 2359 4567 lllo
2380 4557 2394 4580 ,
2429 4516 2568 4585 quod
2601 4527 2684 4570 est
2712 4527 2871 4587 caput
2899 4509 2959 4573 eti
2975 4536 3180 4576 summa
3210 4525 3589 4595 cogitationum
3609 4569 3625 4595 ,
3653 4531 3858 4601 nempe

2262 4605 2483 4663 veritate
2518 4628 2530 4664 :
2563 4610 2824 4664 Sttc'cincti
2841 4654 2854 4677 ,
2883 4613 3085 4683 inquit,
3114 4615 3308 4670 lumbos
3329 4612 3527 4673 nostros
3547 4622 3602 4674 in
3623 4625 3847 4677 veritate.

2265 4693 2406 4771 Ergo
2432 4701 2632 4757 nullum
2667 4688 2953 4775 diligamus
2981 4707 3317 4764 mendacium
3349 4729 3364 4764 ε
3399 4706 3488 4768 res
3516 4729 3704 4771 omnes
3737 4729 3850 4772 tra-

2261 4788 2470 4848 ctemus
2499 4795 2548 4849 iu
2585 4786 2807 4850 veritate
2841 4814 2854 4851 :
2887 4799 3027 4853 alter
3065 4801 3219 4856 alteri
3251 4817 3355 4858 non
3392 4805 3716 4864 mentiamur
3749 4827 3764 4867 :
3797 4819 3852 4864 et

2263 4885 2307 4937 si
2336 4883 2404 4938 sit
2432 4881 2598 4956 gloria
2625 4927 2641 4952 ,
2674 4887 2815 4957 quod
2848 4881 3033 4943 verum
3065 4891 3151 4944 est
3183 4909 3520 4966 quaeramus;
3550 4906 3605 4952 et
3627 4899 3675 4952 si
3704 4900 3814 4955 vita
3837 4922 3858 4965 ,ί

2263 4980 2465 5032 Veram.
2497 4980 2550 5034 Si
2582 4980 2684 5034 hoc
2728 4996 2855 5050 ergo
2886 4995 2983 5036 nos
3010 4985 3474 5044 circumvallemus
3496 5031 3512 5056 ,
3551 4991 3596 5044 si
3625 4992 3855 5048 veritate

2263 5067 2633 5141 accinganiur,
2685 5060 2862 5128 nullus
2901 5089 2998 5128 nos
3061 5078 3356 5146 superabit.
3396 5079 3496 5146 Qui
3527 5085 3720 5152 qua~rit
3750 5085 3854 5138 do-

2261 5157 2380 5233 gma
2402 5165 2658 5230 veritatis,
2691 5181 2794 5220 non
2833 5167 3043 5222 decidet
3071 5169 3122 5222 in
3152 5179 3372 5226 terram.
3401 5157 3532 5226 Nam
3559 5175 3700 5244 quod
3732 5191 3855 5247 qua:

2263 5270 2385 5308 vera
2417 5253 2520 5309 neu
2548 5264 2702 5321 sunt,
2752 5258 2858 5311 sint
2885 5274 2948 5312 ex
2992 5268 3130 5314 terra
3157 5301 3172 5326 ,
3205 5261 3327 5316 inde
3358 5264 3530 5332 palam
3560 5276 3680 5330 est,
3709 5267 3855 5337 quod

2261 5348 2468 5401 externi
2507 5363 2693 5402 omnes
2722 5350 2953 5404 serviant
2982 5351 3124 5408 vitiis
3147 5361 3200 5407 et
3226 5353 3542 5422 affectibus,
3574 5356 3701 5424 dum
3725 5357 3855 5412 suas

2262 5448 2558 5508 sequuntur
2581 5438 2954 5508 cogitationes.
2983 5442 3340 5509 Quamobrem
3369 5443 3414 5499 si
3443 5445 3628 5514 vigiles
3658 5449 3851 5513 simus,

2262 5531 2313 5586 in
2337 5532 2642 5587 Graecorum
2667 5533 2813 5588 libris
2834 5544 2887 5589 et
2913 5537 3126 5606 scriptis
3149 5536 3390 5591 doctrina
3416 5553 3520 5592 non
3549 5541 3852 5609 egebimus.

2265 5625 2447 5708 \fideu’
2493 5641 2650 5696 quam
2679 5637 2804 5682 sunt
2842 5628 2915 5682 illi
2949 5629 3138 5684 molles
3179 5635 3234 5682 et
3273 5631 3544 5696 enervati,
3579 5639 3639 5686 ut
3665 5634 3756 5702 qui
3785 5632 3868 5708 de,

2262 5695 2372 5770 lico
2395 5695 2524 5772 nihil
2559 5711 2762 5786 possint
2791 5733 2953 5789 grave
2980 5729 3029 5775 et
3059 5727 3331 5775 austerum
3361 5720 3637 5790 suspicere
3659 5763 3675 5787 ,
3704 5701 3871 5792 quod;
