4218 6266
424 481 524 537 I65

421 595 705 649 humanam
731 594 948 658 superet
975 585 1233 641 rationem
1257 582 1281 634 ’ἔ
1311 595 1414 635 non
1457 588 1578 634 sunt
1607 578 1750 632 enim
1780 575 1995 632 succin-

418 686 490 740 cti
517 684 568 736 in
601 681 842 734 veritate.
875 674 1232 742 Quamobrem
1264 671 1422 727 soluti
1448 678 1574 724 sunt
1594 685 1781 723 eorum
1809 667 1994 731 lumbi,

419 779 471 833 in
493 777 643 848 queis
664 783 786 829 sunt
805 770 1054 842 gignendi
1083 768 1282 823 semina
1309 777 1362 820 et
1386 765 1783 819 ratiociniormn
1813 761 1997 816 robur.

419 872 560 927 Nihil
590 881 672 925 est
699 884 828 936 ergo
859 865 942 919 his
969 862 1307 921 imbecillius.

490 962 544 1015 2.
587 961 794 1013 Rursus
843 965 1021 1010 autem
1070 953 1219 1006 vides
1261 949 1580 1006 Manichacus
1623 946 1890 1017 quomodo
1933 959 1997 997 ex

428 1052 647 1123 propriis
676 1047 969 1104 rationibus
990 1044 1168 1100 omnia
1192 1043 1336 1112 loqui
1353 1041 1619 1096 audeant?
1639 1040 1752 1094 Non
1772 1045 1996 1107 poterat,

429 1142 612 1212 inquit,
649 1141 787 1195 Deus
825 1137 1082 1192 tuundnm
1112 1149 1299 1188 creare
1322 1133 1522 1202 absque
1550 1129 1788 1184 materia.
1819 1127 2000 1183 Unde-

426 1252 545 1288 nam
588 1234 688 1286 hoc
713 1228 959 1284 constat?
995 1227 1111 1281 hinc
1140 1224 1285 1279 humi
1318 1234 1591 1278 versantes
1616 1221 1817 1282 dicunt,
1849 1227 1902 1272 et
1929 1231 1998 1271 ex

427 1339 592 1389 terra,
628 1334 786 1392 atque
810 1321 876 1375 iis
901 1335 1022 1388 quae
1050 1327 1174 1371 sunt
1199 1316 1338 1386 apud
1369 1330 1486 1368 nos.
1513 1312 1772 1380 Quoniam
1803 1309 1964 1364 homo
1983 1346 1998 1370 ,

426 1418 704 1485 inquiunt,
739 1429 842 1466 non
886 1419 1058 1473 potest
1085 1410 1240 1463 aliter
1281 1406 1472 1460 facere.
1501 1405 1705 1458 Rursus
1726 1401 1845 1456 vide
1874 1400 1998 1470 quid

425 1511 566 1561 dicat
596 1506 827 1559 Marcion
852 1505 996 1559 :Non
1022 1508 1225 1569 poterat
1255 1499 1392 1552 Deus
1414 1504 1680 1562 assumpta
1699 1507 1859 1546 carne
1884 1506 1999 1545 ma-

428 1613 560 1652 nere
599 1594 847 1649 mundus.
876 1591 1152 1647 Uudenant
1193 1588 1294 1642 hoc
1338 1585 1586 1642 constat?
1612 1583 1873 1650 Quoniam
1903 1596 2002 1634 nec

431 1689 674 1743 homines
716 1684 928 1756 quidem
979 1690 1217 1752 possunt.
1259 1680 1418 1749 Atqui
1465 1678 1708 1731 homines
1757 1683 1999 1745 possunt.

432 1780 743 1832 Valentinus
773 1790 956 1830 rursus
979 1774 1120 1827 humi
1145 1783 1419 1842 serpentes
1446 1770 1645 1823 habens
1670 1769 1902 1822 rationes
1924 1807 1940 1832 ,
1971 1780 2003 1819 e

430 1882 568 1924 terra
603 1869 860 1936 loquitur,
891 1866 1245 1934 similiterque
1274 1863 1468 1918 Paulus
1511 1859 1921 1923 Samosatcnus,
1947 1867 2002 1913 et

429 1962 605 2015 Arius.
637 1959 769 2026 Quid
797 1959 939 2012 enim
966 1957 1132 2010 dicit?
1173 1955 1287 2009 Non
1328 1963 1535 2022 poterat
1574 1951 1712 2005 Deus
1741 1962 2003 2018 genemns

429 2066 681 2120 generare
709 2047 1092 2116 impatibiliter.
1126 2045 1400 2100 Undeuam
1437 2044 1538 2097 hoc
1579 2041 1742 2096 audes
1790 2040 2000 2102 dicere,

430 2162 462 2194 o
511 2143 634 2195 Ari?
691 2141 766 2194 Ex
799 2142 1008 2209 iisquae
1046 2149 1172 2192 sunt
1211 2137 1348 2205 apud
1392 2151 1508 2189 nos.
1543 2134 1725 2188 Viden‘
1771 2134 2004 2186 rationes

430 2233 667 2286 omnium
698 2231 842 2284 hutni
873 2231 1097 2298 repere?
1138 2230 1289 2296 plane
1323 2228 1583 2280 demissas
1610 2239 1728 2278 esse
1754 2233 1808 2275 et
1843 2236 2001 2275 ener-

431 2333 614 2387 vatas,
670 2332 722 2376 et
765 2333 959 2375 terram
1004 2319 1325 2388 spirare?|£t
1369 2319 1434 2370 ita
1466 2316 1680 2386 quidem
1715 2330 1771 2368 se
1811 2314 2007 2367 habent

432 2414 574 2483 quod
605 2413 796 2466 attinet
820 2413 884 2465 ad
912 2411 1176 2478 dogmata.
1220 2409 1425 2462 Rursus
1451 2419 1628 2459 autem
1655 2405 1792 2475 quod
1821 2404 1885 2456 ad
1931 2404 2008 2456 vi-

434 2515 562 2567 tant,
587 2503 676 2572 qui
700 2511 823 2555 sunt
850 2509 1194 2563 scortatores,
1221 2498 1456 2567 pecunia:
1483 2506 1724 2549 amantes
1744 2503 1798 2548 et
1825 2493 2007 2563 glorias

431 2608 482 2649 et
508 2596 733 2648 aliorum
760 2591 1024 2655 omnium,
1051 2590 1195 2644 lmmi
1213 2598 1404 2658 repunt
1424 2607 1436 2642 :
1457 2604 1560 2642 non
1585 2586 2007 2642 habentlutnbos

435 2690 614 2740 lirmos
640 2697 694 2741 et
719 2694 924 2740 stantes
953 2694 1008 2737 ut
1053 2682 1246 2738 defessi
1279 2683 1480 2751 possint
1507 2681 1784 2750 quiescere
1801 2721 1816 2744 ,
1843 2677 1936 2733 sed
1960 2678 2005 2732 si

434 2779 622 2832 fuerint
651 2778 880 2841 defessi,
915 2791 1017 2829 non
1049 2775 1336 2828 admovent
1357 2788 1566 2826 manum
1599 2786 1700 2826 nec
1723 2779 1884 2836 stant,
1908 2769 2004 2823 sed

436 2872 788 2923 resolvuntur.
813 2867 912 2934 Qui
934 2877 1109 2920 autent
1136 2875 1217 2920 est
1241 2864 1543 2918 succinctus
1565 2863 1806 2926 veritate,
1831 2861 2006 2931 primo

434 2960 646 3028 quidem
674 2973 960 3029 numquam
988 2957 1091 3010 erit
1117 2955 1359 3009 defessus
1389 2971 1403 3007 :
1427 2953 1664 3008 secundo
1701 2960 1881 3008 autem
1903 2992 1919 3018 ,
1959 2951 2005 3005 si

436 3051 592 3103 fuerit
612 3049 874 3114 defessus,
899 3049 1198 3117 requiescet
1218 3046 1267 3098 in
1289 3046 1401 3115 ipsa
1423 3047 1662 3099 veritate.
1685 3043 1821 3111 Quid
1838 3044 2004 3109 enim,

435 3143 521 3196 (IIC
546 3143 698 3204 mihi,
721 3150 1076 3211 paupertasne
1095 3154 1217 3192 eum
1239 3137 1583 3206 defatigabit?
1612 3135 1957 3205 Nequaquam
1987 3151 2003 3188 :

438 3234 727 3302 requiescit
742 3233 882 3284 enim
901 3246 1053 3300 super
1075 3246 1166 3283 eas
1184 3245 1301 3298 qua:
1323 3243 1450 3283 vere
1471 3237 1592 3280 sunt
1607 3226 1826 3288 divitiae,
1844 3237 1897 3280 et
1913 3241 2008 3295 per

437 3332 800 3393 paupertatem
825 3321 958 3376 sciet
983 3337 1101 3390 quae
1124 3320 1193 3374 sit
1217 3335 1340 3373 vere
1358 3327 1660 3387 paupertas.
1687 3319 1756 3371 At
1779 3317 2009 3372 servitus

435 3432 553 3470 eum
605 3412 959 3483 defatigabit?
1005 3413 1220 3464 Minime
1253 3428 1267 3464 :
1295 3409 1396 3463 scit
1439 3410 1578 3462 enim
1627 3423 1744 3477 quae
1774 3407 1843 3460 sit
1882 3422 2008 3461 vere

436 3508 680 3560 servitus.
722 3508 792 3559 At
819 3503 1073 3558 morbus?
1099 3501 1202 3556 Sed
1248 3517 1418 3570 neque
1446 3499 1545 3554 hoc
1577 3518 1590 3552 :
1619 3498 1798 3552 Lumbi
1823 3499 1969 3552 vestri
1989 3539 2006 3564 ,

439 3597 603 3666 inquit
638 3597 919 3659 Christus,
959 3594 1060 3647 sint
1106 3593 1363 3656 succincti,
1415 3600 1459 3644 et
1513 3591 1731 3643 lucerna:
1777 3589 2008 3642 ardentes

439 3691 458 3755 (
482 3687 600 3739 Luc.
629 3687 717 3739 12.
747 3687 814 3740 35
837 3689 891 3754 );
938 3687 1006 3737 ita
1029 3694 1086 3737 ut
1115 3684 1285 3736 lucem
1317 3683 1543 3734 habeant
1570 3697 1687 3750 quae
1711 3695 1817 3734 non
1844 3679 2009 3746 possit

443 3779 722 3846 exmingui.
757 3777 866 3830 lloc
916 3777 1074 3829 etiam
1121 3783 1439 3844 princeptum
1479 3772 1572 3825 fuit
1599 3770 1916 3825 exeuntibus
1943 3785 2008 3823 ex

446 3869 712 3938 Egypto,
762 3877 814 3921 et
855 3867 1106 3921 succincti
1144 3865 1336 3935 pascha
1387 3863 1758 3918 comedebant.
1791 3862 1858 3916 Et
1881 3877 2005 3926 cur,

444 3960 656 4028 inquies
674 3997 690 4024 ,
712 3957 789 4010 sic
815 3955 1194 4010 comedebant?
1219 3954 1310 4009 Vis
1339 3955 1477 4007 scire
1503 3963 1665 4006 totam
1691 3951 1904 4006 causam
1927 3966 2010 4005 se-

440 4051 675 4108 cundum
721 4050 1026 4113 historiam,
1084 4064 1149 4102 an
1200 4048 1490 4103 secundum
1549 4043 1859 4115 anagogen?
1904 4043 2010 4097 Sed

438 4157 721 4213 utrumque
749 4142 920 4196 dicam
945 4159 958 4194 :
987 4155 1076 4193 vos
1103 4149 1277 4194 autem
1303 4139 1546 4193 retinete.
1576 4137 1690 4191 Non
1717 4136 1859 4190 enim
1889 4135 2010 4189 dico

439 4251 494 4291 ut
523 4238 680 4291 verba
741 4233 1035 4304 proferam,
1066 4233 1157 4286 sed
1191 4242 1243 4285 ut
1273 4233 1431 4285 verba
1473 4245 1587 4284 mea
1615 4229 1753 4300 apud
1809 4243 1905 4281 vos
1955 4228 2008 4280 in

436 4343 568 4396 opus
587 4335 798 4380 exeant.
831 4323 1010 4388 Erant,
1040 4323 1231 4391 inquit,
1254 4323 1484 4386 accincti,
1515 4332 1559 4373 et
1589 4320 1756 4373 baculi
1789 4328 1928 4371 erant
1957 4323 2010 4370 in

439 4435 606 4471 eorum
629 4416 859 4469 manibus
883 4455 899 4480 ,
931 4425 977 4468 et
998 4413 1155 4467 calcei
1183 4416 1236 4467 in
1263 4412 1494 4482 pedibus,
1526 4421 1569 4464 et
1596 4413 1668 4464 ita
1691 4412 2012 4465 comedebant

440 4509 624 4578 pascha
668 4507 872 4576 (Exod.
919 4507 1008 4560 12.
1041 4507 1160 4576 Η).
1205 4505 1481 4559 Terribilia
1511 4514 1563 4558 et
1593 4504 1862 4559 tremenda
1893 4518 2013 4574 myv

439 4599 620 4662 steria,
651 4613 769 4668 qua:
797 4613 1040 4668 magnam
1069 4597 1263 4651 habent
1285 4595 1720 4666 profunditatem.
1754 4597 1810 4650 Si
1835 4606 2010 4650 autem

442 4691 494 4744 in
518 4690 658 4761 typis
682 4700 735 4744 et
760 4690 942 4759 ﬁguris
969 4698 1094 4743 sunt
1119 4690 1252 4745 adeo
1273 4689 1550 4754 terribilia,
1580 4689 1747 4743 multo
1773 4688 1938 4758 magis
1961 4689 2011 4740 in

441 4785 685 4836 veritate.
721 4781 934 4836 Exeunt
963 4799 1025 4835 ex
1055 4781 1307 4852 Egypto,
1337 4782 1527 4850 pascha
1560 4780 1864 4835 comedunt.
1914 4783 2012 4834 At-

443 4875 600 4928 tende
625 4891 639 4925 :
667 4882 750 4927 est
766 4873 976 4928 habitus
998 4876 1257 4928 viatorum
1286 4891 1298 4926 :
1325 4890 1447 4927 nam
1478 4872 1674 4928 habere
1703 4872 1935 4937 calceos,
1964 4881 2017 4925 et

438 4967 614 5036 virgas
643 4964 697 5018 in
731 4966 992 5030 manibus,
1023 4975 1077 5019 et
1104 4973 1307 5019 stantes
1339 4965 1643 5032 comedere,
1695 4964 1826 5020 nihil
1876 4964 2015 5018 aliud

439 5072 593 5125 quam
616 5056 715 5110 hoc
743 5057 1028 5125 signiﬁcat.
1061 5055 1229 5109 Vultis
1249 5057 1476 5124 primum
1504 5055 1689 5109 audire
1717 5055 2014 5118 historiam,

439 5165 504 5202 an
537 5148 852 5218 anagogen?
898 5148 1077 5201 Satius
1110 5156 1193 5200 est
1246 5149 1538 5200 historiam.
1580 5146 1716 5213 Quid
1759 5161 1890 5216 ergo
1917 5145 2018 5200 sibi

440 5243 548 5294 vult
579 5239 840 5292 historia?
877 5239 1340 5294 Obliviscebantur
1367 5256 1508 5307 sarpe
1533 5240 1701 5292 Iudici
1727 5239 2018 5292 beneﬁcio-

441 5349 552 5388 rum
589 5334 703 5386 Dei.
739 5331 802 5386 Ut
831 5331 988 5400 igitur
1013 5332 1121 5386 illis
1155 5333 1238 5385 vel
1281 5332 1457 5384 invitis
1490 5332 1676 5384 horum
1709 5331 2019 5384 memoriam

442 5424 735 5485 refricaret,
764 5421 906 5475 hunc
932 5422 1249 5476 comedendi
1288 5423 1483 5491 pascha
1513 5421 1727 5474 modum
1771 5421 1884 5490 lege
1913 5431 2017 5472 sta-

445 5522 553 5567 tuit.
579 5515 796 5581 Quare?
824 5512 892 5568 Ut
917 5527 1037 5566 eum
1077 5513 1297 5581 singulis
1326 5514 1479 5565 annis
1509 5521 1828 5580 cogerentur
1853 5512 2020 5580 legem

447 5607 586 5659 illam
611 5620 848 5667 servare,
898 5605 1202 5657 necessario
1251 5604 1378 5665 Dei,
1421 5604 1511 5671 qui
1553 5604 1696 5670 ipsos
1746 5602 2021 5666 eduxerat,

448 5701 869 5750 recordarentur.
933 5694 1114 5763 Itaque
1163 5708 1267 5746 non
1313 5695 1536 5762 tempori
1577 5693 1749 5746 solum
1793 5692 2027 5761 alligavit

454 5789 581 5842 lleus
609 5805 702 5842 sua
734 5788 1020 5850 beneficia,
1043 5786 1139 5839 sed
1178 5786 1338 5838 etiam
1369 5784 1567 5838 habitui
1609 5783 2022 5838 comedentium.

455 5876 729 5950 Propterea
752 5879 896 5932 enim
916 5891 1057 5930 nunc
1081 5875 1369 5930 comedunt
1385 5876 1604 5930 accincti
1623 5886 1672 5930 et
1692 5875 1935 5944 calceati,
1952 5877 2025 5931 uti

778 5975 1050 6033 PA'rnOL.
1096 5975 1211 6032 Gtt.
1265 5975 1449 6036 LXII.

1305 465 1373 522 IN
1413 462 1628 520 EPIST.
1672 462 1764 518 AD
1801 459 2040 516 EPIIES.
2079 459 2232 514 CAP.
2277 459 2376 517 Vl.
2406 460 2636 517 IIOMIL.
2681 459 2865 516 XXIII.

3555 445 3680 516 ἠδε

2103 574 2149 629 si
2176 584 2450 644 rogentur,
2472 576 2652 632 dicant
2676 596 2690 632 :
2712 578 2934 632 Eramus
2953 577 3118 647 parati
3144 577 3210 634 ad
3240 579 3360 644 iter,
3391 589 3445 636 et
3467 594 3684 639 eramus

2105 669 2295 722 exituri
2317 684 2382 724 ex
2412 667 2646 740 Egypto
2665 671 2714 724 in
2745 681 2938 726 terram
2961 672 3349 741 promissionis.
3376 672 3680 728 Secundum

2107 759 2403 825 historiam,
2438 760 2537 816 hoc
2567 762 2781 830 quidem
2811 772 2888 816 est
2922 771 3108 834 typus;
3133 763 3250 820 haec
3263 775 3438 820 autem
3462 766 3678 823 veritas.

2104 848 2212 903 Nos
2263 865 2474 920 quoque
2517 851 2714 920 pascha
2745 853 3107 922 comedimus,
3139 869 3330 925 nempe
3358 856 3630 912 Christum
3664 874 3681 912 :

2110 937 2312 992 Pascha
2335 942 2464 994 enim
2495 951 2722 996 nostrum
2749 944 3042 998 immolatus
3075 955 3146 999 est
3184 945 3415 1001 Christus
3445 948 3532 1020 (I.
3560 949 3680 1004 Cor.

2104 1029 2158 1083 5.
2191 1029 2298 1098 7),
2330 1031 2520 1100 inquit.
2553 1031 2694 1102 Ergo
2725 1050 2824 1088 nos
2851 1051 3062 1105 quoque
3105 1037 3299 1106 pascha
3330 1039 3681 1107 comedimus,

2072 1201 2075 1204 _
2107 1122 2258 1192 legali
2291 1124 2446 1194 longe
2495 1128 2857 1193 prmstantius.
2908 1127 3092 1200 Itaque
3131 1140 3185 1184 et
3212 1132 3436 1187 calceati
3476 1144 3532 1188 et
3566 1149 3676 1190 suc-

2073 1213 2265 1267 't-incti
2314 1219 2660 1270 comedamus
2701 1228 2934 1286 oportet.
2965 1220 3174 1286 Quare?
3220 1222 3288 1277 Ut
3327 1239 3427 1279 nos
3472 1241 3686 1298 quoque

2106 1306 2273 1357 simus
2300 1307 2467 1372 parati
2499 1307 2564 1359 ad
2591 1307 2824 1373 exitum,
2855 1319 2910 1364 et
2940 1311 3005 1364 ad
3038 1313 3517 1381 peregrinationem
3563 1316 3687 1372 hinc

2107 1395 2356 1451 futuram.
2382 1398 2548 1453 Nemo
2569 1416 2631 1454 cx
2664 1401 2745 1463 iis,
2769 1403 2856 1471 qui
2877 1403 2976 1457 hoc
3000 1404 3197 1473 pascha
3217 1407 3522 1475 comedunt,
3547 1413 3686 1478 aspi-

2105 1486 2209 1538 ciat
2254 1487 2319 1539 ad
2365 1488 2688 1558 A‘lgyptnm,
2743 1492 2836 1546 sed
2893 1492 2959 1547 ad
3005 1495 3234 1560 emittm,
3277 1497 3344 1550 ad
3398 1512 3683 1566 supernam

2105 1575 2422 1634 Jerusalem.
2465 1581 2754 1651 Propterea
2783 1587 3068 1652 accinctus,
3109 1597 3388 1658 propterea
3419 1593 3686 1647 calceatus

2105 1672 2367 1734 eomedis,
2400 1682 2453 1724 ut
2481 1671 2656 1727 discas
2688 1674 2827 1743 quod
2869 1676 3025 1730 simul
3054 1686 3213 1747 atque
3256 1680 3494 1748 incepisti
3533 1697 3683 1736 com-

2105 1759 2266 1815 edere
2287 1761 2500 1830 pasclia,
2533 1764 2696 1818 debes
2736 1767 3058 1835 peregrinari
3101 1779 3154 1823 et
3192 1769 3292 1824 iter
3333 1770 3529 1826 facere.
3573 1773 3686 1826 Duo

2106 1859 2284 1906 autem
2310 1855 2466 1909 tacite
2491 1855 2771 1924 signilicat,
2801 1869 2853 1913 et
2877 1871 3128 1928 Oportei-e
3147 1863 3325 1933 egredi
3343 1879 3407 1919 ex
3435 1865 3683 1937 A-Igypto,

2109 1950 2160 1995 3t
2187 1955 2464 2001 manentes
2511 1949 2662 2016 quasi
2708 1949 2758 2002 iii
2805 1951 2979 2006 aliena
3020 1963 3157 2008 terra
3204 1972 3450 2024 manere;
3496 1959 3687 2015 Nostra

2105 2033 2257 2098 enim,
2291 2035 2479 2105 inquit,
2510 2042 2821 2093 conversatio
2850 2051 2921 2094 est
2948 2044 3000 2096 in
3025 2045 3164 2098 cwlis
3189 2045 3447 2118 (Philipp.
3483 2051 3535 2105 5.
3555 2050 3683 2120 20);

2106 2131 2160 2176 et
2190 2132 2296 2177 tota
2326 2125 2430 2178 vita
2457 2140 2671 2196 semper
2694 2146 2815 2185 esse
2854 2143 3088 2200 paratos,
3122 2145 3180 2189 ut
3206 2140 3376 2191 vocati
3405 2157 3507 2192 non
3539 2142 3691 2195 diffv-

2107 2223 2259 2279 rant,
2287 2215 2380 2270 sed
2402 2216 2602 2284 dicant,
2637 2217 2883 2274 Paratum
2902 2234 2976 2276 est
2999 2239 3087 2278 cor
3104 2238 3327 2280 nostrum
3354 2228 3373 2298 (
3394 2229 3534 2284 I’sal.
3566 2233 3683 2286 107.

2106 2304 2194 2375 2).
2222 2305 2328 2361 Sed
2357 2318 2566 2378 poterat
2592 2314 2700 2366 ha'c
2731 2313 2912 2370 dicere
2941 2316 3156 2384 Paulus,
3185 2321 3274 2389 qui
3301 2322 3400 2375 sibi
3426 2323 3556 2377 nihil
3575 2337 3689 2379 erat

2107 2400 2352 2456 conscius
2382 2421 2395 2456 :
2426 2417 2527 2472 ego
2555 2418 2732 2459 autem
2766 2422 2871 2461 non
2920 2423 3134 2479 possum
3165 2412 3362 2477 dicere,
3402 2416 3491 2485 qui
3523 2417 3688 2472 nmlto

2111 2499 2348 2561 tempore
2373 2508 2508 2564 opus
2527 2495 2695 2551 habt-0
2717 2500 2781 2552 ad
2811 2502 3196 2568 paenitentiam.
3219 2506 3370 2572 Quod
3397 2518 3573 2564 autem
3599 2526 3688 2566 ac-

2107 2582 2340 2638 cinctum
2355 2596 2490 2641 'essc
2517 2589 2586 2642 sit
2614 2590 2883 2659 vigilantis
2912 2595 3123 2661 animas,
3153 2598 3273 2653 audi
3310 2599 3474 2653 Deum
3503 2601 3688 2656 dicen-

2111 2681 2218 2728 tem
2250 2674 2323 2728 illi
2344 2676 2490 2745 justo
2521 2697 2533 2732 :
2568 2679 2686 2734 Non
2704 2698 2724 2746 ;
2751 2683 2840 2735 sed
2869 2693 3124 2754 tamquam
3153 2687 3230 2740 vir
3262 2689 3468 2761 accinge
3495 2692 3690 2746 lumbos

2111 2774 2222 2818 tuos
2248 2781 2267 2820 :
2294 2783 2384 2836 ego
2403 2781 2569 2824 autem
2597 2782 2647 2826 te
2670 2775 3008 2844 interrogabo,
3060 2787 3113 2832 tu
3149 2794 3264 2835 vero
3284 2783 3409 2836 mihi
3447 2787 3692 2854 responde

2109 2855 2262 2926 (Job
2290 2860 2502 2932 58.5).
2548 2863 2806 2922 Omnibus
2856 2867 2955 2923 hoc
3011 2870 3150 2925 Deus
3201 2870 3350 2936 dicit,
3401 2885 3455 2928 et
3502 2875 3690 2947 Moysi.

2114 2949 2230 3019 Ipse
2280 2967 2491 3023 quoque
2537 2967 2757 3024 apparet
2801 2959 3072 3016 accinctus
3125 2964 3177 3016 in
3229 2962 3510 3022 Ezechiele
3543 2985 3556 3020 :
3585 2969 3692 3023 imo

2112 3044 2272 3098 etiam
2329 3047 2501 3115 angeli
2553 3059 2812 3118 apparent
2852 3051 3004 3106 nobis
3051 3055 3315 3122 accincti,
3351 3067 3404 3112 ut
3450 3060 3541 3130 qui
3587 3063 3692 3115 sint

2113 3136 2328 3190 milites.
2362 3137 2437 3191 Ex
2479 3154 2546 3194 eo
2583 3140 2725 3194 enim
2759 3142 2899 3212 quod
2944 3145 3309 3217 accingantur,
3344 3153 3401 3204 lit
3453 3163 3508 3206 ut
3551 3164 3694 3210 stent

2110 3238 2369 3295 generose
2397 3237 2453 3282 et
2500 3229 2744 3296 fortiter;
2789 3234 2856 3286 ita
2904 3249 2968 3288 ex
3013 3251 3079 3290 co
3121 3239 3262 3307 quod
3309 3251 3472 3305 stent,
3525 3242 3585 3298 ﬁt
3637 3255 3690 3298 ut

2111 3316 2473 3386 accinguntur.
2522 3319 2631 3375 Nos
2669 3336 2797 3392 ergo
2845 3324 3184 3394 accingamus
3217 3345 3229 3380 :
3259 3331 3449 3385 exituri
3499 3333 3693 3404 quippe

2113 3421 2316 3474 sumus,
2335 3419 2389 3463 et
2416 3409 2580 3463 multa
2611 3411 2823 3466 interim
2863 3424 2990 3468 sunt
3013 3416 3272 3472 difﬁcilia.
3297 3420 3520 3486 Quando
3552 3423 3694 3480 hunc

2114 3511 2358 3564 campum
2403 3501 2899 3567 pertransierimus,
2933 3505 3109 3558 statim
3163 3506 3357 3562 insistit
3403 3509 3688 3580 diabolus,

2113 3591 2290 3642 omnia
2338 3605 2502 3661 agens
2531 3600 2585 3646 et
2615 3594 2928 3650 machinans
2953 3637 2968 3662 ,
2997 3608 3055 3651 ut
3093 3599 3182 3669 qui
3215 3603 3411 3656 servati
3455 3613 3578 3659 sunt
3626 3622 3691 3661 ex

2113 3679 2368 3751 ,Egypto,
2399 3682 2488 3748 qtti
2540 3698 2687 3736 mare
2729 3683 2966 3741 Rubrum
3014 3691 3359 3758 transierunt,
3387 3695 3473 3763 qui
3515 3712 3542 3748 a
3582 3695 3694 3751 dae-

2116 3775 2360 3829 monibus
2381 3786 2434 3829 et
2454 3792 2482 3829 a
2506 3776 2674 3847 plagis
2699 3778 3170 3836 innumerabilibus
3191 3784 3347 3838 simul
3377 3786 3689 3849 liberantur,

2114 3881 2208 3918 eos
2235 3866 2407 3934 capiat
2448 3877 2502 3920 et
2534 3868 2734 3934 perdat.
2777 3868 2881 3923 Sed
2925 3871 2968 3924 si
3002 3871 3185 3941 vigiles
3215 3874 3401 3940 simus,
3437 3877 3692 3932 habemus

2116 3974 2212 4014 nos
2233 3975 2442 4029 quoque
2469 3961 2771 4014 columnam
2797 3963 2952 4032 ignis,
2975 3980 3164 4036 nempe
3181 3968 3410 4036 Spiritus
3428 3972 3651 4040 gratiam
3674 3989 3690 4028 ς

2114 4050 2300 4103 eadem
2334 4051 2593 4104 illuminat
2613 4061 2665 4105 et
2693 4052 2972 4107 adumbrat
3000 4070 3014 4106 :
3049 4055 3304 4110 habemus
3329 4074 3556 4124 manna;
3587 4062 3693 4114 imo

2118 4155 2242 4193 vero
2278 4157 2380 4195 non
2411 4158 2599 4195 manna
2622 4184 2638 4207 ,
2684 4142 2776 4196 sed
2807 4143 2947 4212 quod
2973 4155 3056 4198 est
3082 4147 3199 4214 plus
3247 4164 3405 4217 quam
3451 4165 3641 4204 manna
3675 4171 3689 4206 :

2117 4243 2272 4301 pOtus
2298 4233 2589 4301 spiritualis
2612 4273 2628 4296 ,
2659 4249 2762 4287 non
2793 4249 2927 4304 aqua
2955 4238 3065 4289 exit
3089 4252 3120 4291 e
3151 4248 3317 4307 petra.
3354 4241 3618 4296 Ilabemus
3639 4256 3695 4299 ct

2115 4335 2324 4388 eastra,
2375 4339 2517 4378 nunc
2555 4339 2765 4394 quoque
2793 4325 3065 4380 desertum
3116 4327 3436 4384 habitantes.
3489 4333 3691 4389 Revera

2116 4415 2279 4479 enim,
2306 4431 2490 4469 revera
2522 4430 2662 4469 nunc
2681 4432 2891 4486 quoque
2911 4427 3047 4472 terra
3075 4431 3156 4474 est
3181 4437 3207 4472 a
3237 4425 3429 4479 virtute
3459 4427 3689 4490 deserta,

2115 4517 2170 4558 et
2201 4506 2366 4574 magis
2389 4521 2546 4574 quam
2576 4506 2686 4558 illa.
2727 4505 2833 4560 Cur
2870 4518 3048 4563 autem
3082 4512 3383 4580 fugiendmn
3425 4531 3541 4574 erat
3568 4522 3692 4576 illud

2116 4597 2424 4649 desertum?
2451 4610 2626 4650 nonne
2649 4598 2768 4665 quia
2801 4598 3025 4654 habebat
3051 4602 3102 4656 in
3135 4618 3192 4656 se
3217 4609 3454 4676 scorpios
3474 4621 3526 4664 et
3551 4615 3694 4682 vipe-

2123 4688 2244 4740 ras?
2277 4685 2330 4739 ln
2361 4701 2500 4755 quo,
2531 4688 2718 4757 inquit,
2753 4703 2857 4743 non
2891 4694 3095 4746 transiit
3134 4695 3313 4750 homo.
3353 4698 3588 4764 Sed,non
3616 4715 3697 4758 est

2122 4778 2246 4831 illud
2283 4778 2549 4831 desertum
2586 4780 2718 4832 adeo
2745 4783 2924 4836 sterile
2950 4792 3004 4837 et
3040 4801 3145 4840 non
3177 4787 3354 4844 ferens
3386 4792 3613 4860 fructus,
3645 4808 3700 4849 nt

2123 4878 2308 4923 natura
2354 4870 2602 4924 humana.

2194 4961 2243 5015 5.
2277 4960 2427 5014 Nunc
2458 4970 2586 5030 quot
2614 4973 2737 5016 sunt
2760 4966 2955 5035 scorpii
2975 5006 2989 5028 ,
3021 4977 3150 5036 quot
3175 4969 3373 5040 viperae
3402 4971 3452 5026 in
3483 4975 3580 5028 ltoc
3601 4980 3697 5029 de-

2124 5061 2289 5117 serto,
2308 5063 2436 5122 quot
2462 5057 2765 5125 serpentes!
2800 5069 2928 5126 quot
2948 5061 3217 5128 genimina
3247 5063 3549 5132 viperarum
3575 5080 3699 5122 sunt

2128 5143 2179 5196 bi
2210 5159 2343 5213 quos
2389 5146 2784 5202 recensuimns!
2824 5148 2928 5202 Sed
2958 5165 3024 5203 ne
3051 5149 3328 5206 timeamus
3361 5171 3376 5206 :
3409 5153 3566 5223 hujus
3586 5161 3700 5212 exi-

2128 5246 2210 5290 tus
2237 5237 2341 5291 dux
2369 5249 2481 5304 est,
2507 5256 2614 5292 non
2641 5240 2878 5310 Moyses,
2911 5241 3004 5293 sed
3033 5240 3212 5299 Jesus.
3241 5244 3517 5311 Quomodo
3545 5249 3704 5319 igitur

2130 5344 2232 5382 non
2256 5329 2439 5381 eadem
2473 5329 2622 5382 nobis
2649 5330 2925 5384 accidant?
2951 5331 3028 5386 Ne
3052 5334 3236 5387 eadem
3262 5351 3498 5405 agamus,
3525 5352 3576 5396 et
3598 5360 3703 5397 non

2129 5419 2312 5470 cadem
2339 5419 2614 5486 patiemur.
2638 5419 2719 5473 llli
2737 5422 3159 5488 murmurabant,
3199 5424 3269 5477 illi
3295 5425 3506 5483 fuerunt
3526 5431 3704 5502 ingra-

2130 5511 2202 5560 ti:
2235 5524 2301 5560 ne
2345 5507 2529 5560 eadem
2567 5523 2694 5576 ergo
2721 5509 2875 5563 nobis
2900 5511 3161 5567 accidant.
3189 5514 3469 5583 Quomodo
3495 5524 3708 5577 εει-ξαε-

2133 5608 2256 5653 runt
2281 5599 2354 5652 illi
2377 5600 2596 5652 omnes?
2621 5600 2780 5654 Nihili
2801 5599 3031 5657 fecerunt
3059 5617 3250 5662 terram
3273 5609 3703 5668 desiderabilem.

2135 5691 2412 5758 Quomodo
2461 5690 2610 5743 niltili
2659 5690 2938 5747 fecerunt?
2980 5699 3126 5766 atqui
3163 5701 3582 5758 admirabantur.
3632 5705 3709 5760 Eo

2134 5784 2273 5852 quod
2307 5782 2493 5836 molles
2523 5785 2824 5845 evaserint,
2877 5796 2930 5839 ct
2966 5803 3063 5856 pro
3108 5807 3169 5844 ea
3202 5793 3413 5846 labores
3443 5793 3712 5852 noluerint

2141 5876 2426 5943 suscip-re.
2479 5874 2553 5928 Ne
2581 5891 2707 5943 ergo
2745 5874 2932 5929 (ra-lum
2975 5878 3125 5934 nihili
3171 5881 3426 5936 faciamus
3455 5901 3466 5935 :
3502 5883 3606 5936 hoc
3633 5896 3718 5940 cst

3271 5988 3334 6044 11

4082 978 4121 1043 ἧς

4084 1056 4189 1099 η

4086 1096 4187 1149 ςξᾞ

4088 1136 4195 1225 et

4088 1232 4199 1307 ξίῒι

4092 1272 4201 1401 εξ,

4094 1374 4101 1405 ι
4196 1372 4203 1417 ξ

4094 1434 4209 1631 ἓ⁴⁵

4135 1598 4213 1724 ξ

4141 1711 4213 1770 ἑξ

4155 1862 4213 1899 ε.

4117 2323 4206 2376 τὲ
