4218 6266
533 397 636 454 16⁸1
1348 389 1413 445 S.
1453 387 1724 446 JOANNIS
1757 385 2233 443 CllllYSOSTOMl
2272 385 2586 441 ARCHIEP.
2627 385 3154 443 CONSTANTINOP.
3699 379 3802 442 168

713 509 910 568 facere.
941 511 986 567 Ε
1011 511 1146 566 ςωιο
1166 509 1376 565 fructus
1403 516 1488 565 est
1506 508 1574 563 ad
1599 522 1698 562 nos
1732 507 1976 569 delatus,
2011 521 2115 560 non

536 621 636 658 uva
670 618 793 674 quas
815 612 1056 673 portatur
1081 600 1136 659 in
1167 599 1474 672 amphoris,
1503 599 1598 654 sed
1639 596 1798 653 arrha
1841 596 2072 666 Spiritus
2101 611 2116 650 :

534 696 658 751 vita:
685 693 911 764 agenda:
936 693 1096 757 ratio,
1125 708 1248 762 qua:
1295 700 1380 746 est
1428 690 1482 745 in
1535 690 1702 752 ca-lis,
1751 704 1907 758 qnam
1936 686 2118 741 docuit

535 785 730 840 Paulus
757 793 812 840 et
842 793 984 838 totus
1002 783 1367 853 apostolorum
1402 781 1620 848 chorus,
1653 780 1949 838 admirandi
1976 780 2117 848 agri-

532 877 684 931 colae.
704 875 820 930 Non
843 874 1046 930 Chalcis
1075 873 1221 929 illius
1245 873 1524 944 .lephonae,
1573 889 1747 940 neque
1789 872 1944 927 Jesus
1981 871 2118 924 lilius

533 968 676 1023 Nave
705 967 805 1021 hos
831 967 952 1022 tulit
984 966 1223 1032 fruetus;
1255 966 1350 1023 sed
1394 965 1586 1028 Jesus,
1622 964 1788 1019 Filius
1828 963 1999 1018 Patris
2019 961 2120 1016 mi-

532 1056 970 1120 sericordiarum,
1001 1055 1170 1110 Filius
1196 1056 1314 1126 ejus
1339 1056 1428 1124 qui
1458 1065 1539 1110 est
1565 1070 1689 1109 vere
1716 1055 1877 1119 Deus,
1905 1068 2116 1108 omnem

536 1151 656 1207 tulit
699 1151 971 1215 virtutem,
995 1163 1185 1203 omnes
1213 1147 1302 1217 qui
1344 1146 1468 1201 inde
1494 1155 1620 1200 sunt
1641 1145 1861 1211 fructus,
1893 1144 2119 1216 hymnos

538 1257 730 1311 nempe
755 1241 822 1297 ad
851 1257 949 1296 nos
978 1240 1172 1296 detulit
1194 1240 1458 1297 caelestes.
1487 1238 1617 1292 Nam
1639 1253 1758 1308 qua:
1778 1237 1832 1292 in
1863 1237 2010 1291 caelis
2036 1237 2118 1290 di-

537 1345 671 1390 cunt.
688 1333 1000 1400 Cberubim,
1024 1348 1087 1388 ea
1113 1347 1213 1387 nos
1231 1347 1443 1402 quoque
1463 1331 1624 1401 jussit
1647 1330 1850 1393 dicere,
1875 1329 2116 1396 Sanctus,

537 1435 760 1489 sanctsts,
784 1433 987 1478 sanctus
1018 1421 1224 1492 (Marc.
1258 1421 1344 1477 12.
1370 1421 1443 1476 25
1463 1419 1504 1493 ).
1529 1421 1610 1475 Ad
1637 1435 1737 1474 nos
1757 1420 1931 1475 attulit
1955 1419 2116 1474 vitam

536 1516 848 1586 angelorum
879 1531 896 1575 :
930 1513 1114 1584 Neque
1169 1511 1382 1568 dueunt'
1415 1526 1649 1579 uxores,
1700 1525 1874 1580 neque
1916 1511 2120 1564 nubunt

539 1606 744 1676 angeli;
773 1607 875 1660 hoc
909 1620 1122 1675 quoque
1160 1605 1246 1659 hic
1276 1603 1530 1674 plantavit
1573 1603 1771 1657 bonum
1805 1620 1818 1655 :
1848 1601 1924 1656 illi
1955 1617 2117 1671 pecn-

541 1699 659 1753 nias
692 1713 798 1752 non
823 1705 1030 1763 amant,
1057 1711 1230 1766 neque
1257 1696 1392 1761 alia;
1426 1694 1525 1749 hoc
1551 1710 1762 1765 quoque
1801 1695 1953 1749 nobis
1974 1695 2118 1748 inse-

540 1791 686 1846 ruit:
717 1789 792 1844 illi
823 1804 932 1844 non
962 1788 1300 1852 moriuntur;
1345 1787 1446 1842 hoc
1475 1802 1688 1856 quoque
1717 1785 1869 1839 nobis
1900 1784 2118 1854 largitus

539 1893 619 1937 est
645 1897 659 1934 :
682 1880 824 1934 Mors
856 1895 962 1934 non
997 1889 1080 1934 est
1100 1879 1328 1948 amplius
1355 1893 1501 1932 mors
1521 1919 1536 1944 ,
1567 1878 1661 1932 sed
1692 1892 1930 1932 somnus.
1978 1876 2116 1932 Audi

539 1974 680 2027 enim
705 1975 876 2043 ipsum
913 1972 1178 2027 dicentem
1215 1990 1228 2025 :
1262 1971 1490 2024 Lazarus
1516 1972 1709 2022 amicus
1744 1982 1912 2023 uoster
1934 1970 2118 2023 dormit

539 2063 718 2134 (Joan.
751 2064 838 2118 11.
868 2061 979 2133 11).
1004 2061 1191 2116 Vidisti
1215 2061 1414 2113 fructus
1435 2075 1681 2129 superine
1697 2059 1989 2114 Jerusalem
2006 2061 2032 2115 ἲ
2050 2058 2119 2114 Ει

537 2153 676 2225 quod
699 2163 780 2210 est
809 2151 1194 2213 admirabilius,
1221 2151 1415 2205 bellum
1448 2168 1550 2203 non
1578 2161 1658 2204 est
1687 2151 1957 2206 decretum
1982 2167 1996 2216 ;
2019 2151 2120 2210 sed

537 2247 662 2292 ante
685 2235 1093 2306 promissionem
1117 2235 1272 2288 nobis
1293 2233 1510 2288 donavit
1529 2233 1644 2287 haec
1665 2235 1867 2288 omnia.
1889 2233 2019 2288 Nam
2043 2235 2117 2288 illi

537 2329 788 2401 quidem,
838 2329 997 2382 etiam
1053 2343 1175 2383 cum
1213 2327 1482 2382 venissent
1527 2326 1594 2381 ad
1640 2337 1833 2381 terram
1885 2327 2118 2397 promis-

498 2464 499 2467 η
537 2419 726 2485 sionis,
750 2417 1094 2482 laborabant;
1126 2418 1232 2472 imo
1252 2432 1382 2472 vero
1411 2432 1516 2470 non
1550 2417 1898 2472 laborabant:
1923 2433 2044 2472 nam
2071 2418 2116 2472 si

539 2512 649 2567 Deo
676 2525 864 2581 parcre
890 2509 1416 2578 volttissent,ahsque
1441 2508 1606 2563 armis
1635 2518 1688 2563 et
1713 2509 1831 2563 sine
1859 2509 2123 2564 lnstmeta

537 2605 654 2661 acie
697 2619 887 2660 omnes
929 2604 1198 2676 cepissent
1245 2605 1404 2658 urbes
1431 2620 1445 2657 :
1473 2603 1687 2658 Jericho
1719 2615 1896 2669 certe,
1922 2604 2117 2660 choros

535 2697 844 2751 ducentium
868 2697 1036 2766 magis
1060 2711 1220 2766 quam
1239 2694 1546 2751 bellantium
1571 2695 1826 2750 habentes
1851 2695 2111 2762 habitum,

537 2797 928 2858 expugnarunt.
958 2786 1068 2842 Nos
1095 2796 1274 2841 autem
1305 2796 1580 2856 postquam
1604 2786 1826 2854 ingressi
1853 2803 2034 2841 sumus
2062 2783 2112 2841 in

539 2891 738 2936 terram
766 2879 1171 2950 promissionis,
1199 2877 1298 2933 hoc
1326 2877 1479 2932 estin
1511 2877 1721 2941 caelum,
1754 2893 1860 2930 non
1887 2877 2111 2948 bellige-

536 2986 740 3034 ramnr,
771 2968 864 3024 sed
893 2967 1146 3039 quamdiu
1172 2967 1429 3023 fuerimus
1450 2967 1502 3021 iu
1530 2967 1762 3029 deserto,
1795 2968 1896 3022 hoc
1915 2977 1996 3022 est
2016 3009 2030 3034 ,
2058 2969 2110 3022 in

537 3061 783 3129 pnusenti
806 3059 932 3113 vita.
962 3058 1228 3128 Ingressus
1258 3058 1388 3110 enim
1418 3059 1474 3110 iis
1512 3058 1731 3126 requiem
1755 3075 1920 3125 suam,
1949 3076 2116 3113 cessa-

536 3153 603 3206 uit
626 3168 658 3204 a
685 3153 788 3206 suis
815 3149 1046 3220 operibus
1065 3149 1192 3202 sicut
1215 3146 1355 3201 Deus
1377 3165 1407 3199 a
1437 3149 1654 3216 propriis
1680 3150 1698 3218 (
1722 3147 1875 3203 llcbr.
1895 3152 1946 3203 4.
1982 3151 2109 3221 10).

541 3243 621 3298 Ne
645 3260 762 3314 ergo
786 3243 1122 3312 defatigemur
1145 3241 1280 3312 quod
1306 3240 1493 3294 bonum
1520 3251 1591 3294 est
1613 3243 1887 3312 facientes(
1915 3241 2028 3297 Gal.
2056 3245 2109 3300 6.

536 3337 606 3405 υ)
645 3352 662 3390 :
693 3332 912 3406 prOprio
938 3331 1080 3387 enim
1114 3342 1352 3402 tempore
1374 3342 1660 3396 metemus,
1689 3333 1733 3386 si
1764 3348 1869 3386 non
1899 3333 2115 3389 delicia-

538 3440 674 3478 ums.
710 3423 868 3480 Vides
895 3422 1164 3495 quomodo
1179 3434 1235 3478 ut
1263 3422 1402 3487 illos,
1426 3423 1506 3478 sic
1531 3439 1854 3494 uosquoque
1869 3425 2113 3481 duxerit?

540 3516 648 3571 Illic
697 3515 766 3570 de
803 3531 998 3572 tuanua
1035 3517 1205 3580 dicit,
1254 3527 1308 3570 ct
1353 3516 1420 3572 de
1457 3517 1787 3572 solitudine:
1829 3518 1929 3585 Qui
1977 3521 2111 3574 ntul-

540 3619 681 3670 tum,
724 3621 824 3659 non
863 3606 982 3675 plus
1029 3605 1238 3671 habuit;
1291 3616 1340 3660 et
1389 3607 1480 3676 qui
1529 3625 1705 3677 parum
1728 3650 1744 3675 ,
1797 3625 1899 3664 non
1947 3611 2113 3665 minus

550 3739 884 3751 -———-———

2225 501 2441 576 (Exod.
2499 503 2583 557 16.
2640 501 2746 567 18;
2778 511 2824 555 et
2871 501 2926 555 2.
2969 502 3088 557 Cor.
3120 504 3174 556 8.
3214 501 3330 571 l5).
3357 499 3425 556 Et
3472 501 3625 557 nobis
3665 519 3798 574 quo-

2222 609 2326 662 que
2353 603 2434 648 est
2473 585 2796 662 prmcepium
2823 631 2840 658 ,
2874 607 2941 647 ne
2965 593 3384 648 thesaurizemus
3409 608 3570 663 super
3599 603 3797 648 terram

2221 687 2240 756 (
2270 685 2454 738 Matth.
2501 686 2556 739 6.
2596 685 2723 754 19).

2297 776 2398 842 Qui
2418 776 2753 839 tltcsaurizat,
2783 776 2937 829 rcrmi
2975 776 3247 830 immortali
3285 787 3432 846 parat
3479 778 3799 834 alimentum.

2220 870 2397 923 —Siu
2428 879 2604 922 autem
2639 868 3091 932 thesaurizemus,
3138 885 3240 922 non
3265 870 3376 939 jatn
3415 872 3711 939 corrumpit
3748 882 3800 926 et

2223 962 2397 1031 perdit
2448 962 2644 1016 vermis
2691 962 2903 1016 sensilis
2944 962 3081 1016 sicut
3123 963 3174 1016 in
3206 963 3550 1028 manna,sed
3601 964 3801 1018 vermis

2220 1054 2331 1123 qui,
2367 1064 2422 1107 ut
2453 1054 2586 1122 ignis
2618 1054 2740 1121 ille,
2777 1066 3008 1108 aeternus
3055 1063 3157 1110 est.
3201 1054 3387 1110 Omnia
3428 1071 3556 1126 ergo
3598 1056 3801 1110 el'licia-

2223 1160 2362 1210 mus,
2402 1159 2470 1199 ne
2499 1146 2664 1199 vermi
2703 1159 2952 1214 paremus
2979 1147 3290 1199 alimentum
3324 1163 3336 1198 :
3371 1161 3490 1200 nam
3528 1147 3627 1213 Qui
3671 1149 3802 1200 ntul-

2223 1242 2348 1296 tunt,
2373 1233 2560 1302 inquit,
2587 1249 2687 1286 non
2714 1233 2829 1303 plus
2851 1234 3043 1287 habuit.
3076 1234 3186 1289 Hoc
3215 1236 3357 1289 etiim
3379 1237 3538 1289 etiam
3566 1236 3618 1289 in
3649 1237 3800 1291 nobis

2223 1323 2282 1378 tit
2308 1323 2548 1394 quotidie
2579 1341 2593 1376 :
2633 1339 2756 1377 nam
2787 1339 2976 1380 onlnes
3017 1324 3262 1380 eamdem
3291 1325 3575 1394 implemus
3601 1328 3800 1379 ventris

2223 1429 2526 1470 mensuram
2557 1433 2570 1468 :
2598 1415 2740 1485 quod
2767 1424 2851 1471 est
2873 1424 3052 1470 autem
3094 1430 3570 1486 supervacaneum,
3601 1425 3683 1471 est
3709 1433 3796 1470 ac-

2221 1505 2398 1562 cessio
2437 1507 2719 1562 stultarum
2771 1507 3210 1562 sollicitudinum.
3257 1508 3387 1563 Nam
3433 1509 3572 1576 quod
3616 1519 3798 1579 postea

2223 1609 2338 1653 erat
2408 1599 2660 1662 daturus,
2715 1600 2978 1665 dicendo,
3044 1601 3241 1672 Suﬁicit
3295 1601 3397 1656 diei
3461 1603 3660 1655 malitia
3707 1621 3800 1657 sua

2222 1692 2240 1761 (
2269 1690 2402 1745 ibid.
2429 1709 2475 1745 υ.
2501 1691 2605 1762 51)
2628 1735 2642 1757 ,
2674 1692 2777 1746 hoc
2819 1693 2928 1763 jam
2973 1693 3221 1763 'superins
3263 1693 3472 1760 docuit,
3504 1705 3557 1748 et
3599 1711 3696 1749 nec
3722 1697 3800 1749 sic

2221 1792 2589 1852 susceperunt.
2621 1783 2724 1836 Sed
2753 1799 2854 1837 nos
2876 1799 2944 1838 ne
2969 1783 3136 1838 simus
3153 1784 3504 1853 inexplebiles
3524 1826 3539 1850 ,
3569 1801 3674 1838 non
3705 1785 3802 1838 iu-

2220 1873 2375 1942 grati.
2417 1889 2483 1928 ne
2521 1874 2665 1928 {edes
2689 1889 2990 1944 qumramus
3023 1875 3330 1944 splendidas
3359 1893 3372 1931 :
3401 1891 3523 1930 nam
3555 1878 3654 1930 iter
3681 1877 3803 1930 faci-

2222 1978 2363 2026 mus,
2401 1978 2507 2016 non
2536 1961 2859 2018 habitamus.
2887 1963 3245 2029 Quamobrem
3277 1965 3321 2018 si
3351 1965 3470 2035 quis
3495 1966 3640 2019 novit
3658 1966 3799 2036 quod

2223 2069 2460 2124 prmsens
2488 2055 2592 2107 vita
2615 2054 2679 2108 sit
2713 2054 2954 2124 quaadam
2982 2055 3064 2108 via
3092 2065 3145 2108 et
3169 2054 3445 2118 militia,et
3471 2067 3526 2109 ut
3556 2060 3622 2110 ita
3653 2057 3801 2110 dixe-

2221 2145 2343 2209 rim,
2378 2143 2517 2210 quod
2557 2144 2624 2197 ab
2670 2145 2748 2198 eis
2789 2145 3090 2214 appellatur
3132 2145 3413 2212 fossatum,
3461 2160 3566 2200 non
3595 2156 3801 2216 quaeret

2221 2235 2496 2305 splendida
2521 2235 2769 2289 mdilicia.
2802 2235 2931 2303 Quis
2960 2235 3475 2306 enim,dic,qu:eso,
3504 2238 3604 2290 etsi
3642 2237 3798 2293 valde

2220 2329 2526 2397 opulentus,
2560 2344 2654 2382 sua
2697 2337 2886 2399 sponte
2923 2330 3066 2384 volet
3087 2330 3139 2384 in
3188 2331 3380 2399 fossato
3399 2331 3539 2400 quod
3569 2331 3798 2398 dicitur,

2222 2421 2502 2491 praiclaras
2527 2420 2718 2474 domos
2741 2420 3048 2476 aadilicare?
3076 2421 3243 2476 Nemo
3275 2439 3288 2474 :
3315 2432 3452 2477 esset
3494 2425 3636 2478 enim
3673 2424 3804 2479 ridi-

2219 2514 2389 2578 culus,
2433 2522 2488 2568 et
2526 2513 2814 2568 arditiearet
2862 2513 3112 2578 inimicis,
3143 2523 3197 2567 et
3223 2513 3366 2584 ipsos
3395 2517 3707 2569 attrahcret.
3739 2515 3794 2572 Si

2219 2607 2508 2672 sapiamus,
2538 2603 2767 2674 idipsum
2801 2604 3075 2658 faciemus.
3105 2606 3149 2659 A
3178 2605 3366 2659 tnilitia
3395 2615 3450 2659 et
3488 2606 3687 2660 fossato
3717 2607 3799 2660 ni~

2220 2695 2293 2748 hil
2324 2694 2501 2748 dillert
2531 2695 2634 2747 vita
2681 2709 2937 2764 praesens.
2971 2695 3168 2762 Quare,
3198 2711 3350 2766 rogo,
3378 2698 3556 2750 omnia
3581 2714 3800 2766 agamus

2219 2796 2275 2839 ut
2303 2785 2439 2840 nihil
2464 2785 2550 2839 hic
2576 2785 2997 2840 thesaurizemus
3026 2802 3040 2839 :
3074 2802 3194 2840 nam
3234 2788 3278 2842 si
3303 2789 3508 2842 venerit
3533 2791 3621 2858 qui
3655 2790 3802 2842 fura-

2219 2887 2338 2944 tur,
2383 2877 2492 2931 cito
2538 2877 2937 2946 cmigrabimus.
3002 2877 3251 2949 Vigilate,
3302 2879 3508 2948 inquit,
3561 2881 3803 2950 quoniam

2218 2969 2418 3022 nescitis
2461 2983 2560 3038 quo
2611 2969 2742 3021 ltora-
2789 2971 2875 3039 fur
2910 2969 3073 3022 veniat
3121 2968 3261 3040 (Id.
3302 2968 3394 3023 21.
3437 2970 3508 3024 45
3552 2971 3605 3034 ),
3661 2986 3801 3023 rnor-

2217 3069 2324 3113 tem
2374 3059 2452 3118 sic
2498 3074 2715 3113 vocans.
2777 3059 3098 3128 Priusquam
3139 3075 3272 3128 ergo
3312 3061 3559 3124 venerit,
3612 3062 3792 3116 ottinia

2216 3148 2561 3203 amandemns
2611 3148 2662 3202 in
2712 3149 2936 3218 patriam
2984 3157 3244 3204 nostram.
3278 3149 3375 3204 llic
3410 3161 3587 3204 autem
3633 3151 3800 3204 simus

2217 3241 2477 3304 accincti,
2520 3250 2586 3294 ut
2623 3242 2889 3308 possimus
2939 3256 3195 3309 superare
3248 3241 3493 3295 inimicos
3543 3258 3556 3294 :
3607 3241 3802 3310 quibus

2217 3332 2475 3396 devictis,
2529 3332 2730 3386 utinam
2801 3331 2853 3384 in
2904 3331 2992 3385 die
3038 3346 3360 3385 coronarum
3415 3331 3807 3402 incorruptibili

2217 3424 2388 3496 gloria
2420 3423 2733 3493 dignemur,
2783 3438 2877 3492 per
2904 3424 3130 3493 gratiam
3176 3432 3232 3478 et
3274 3423 3652 3494 benignitatem
3704 3425 3806 3477 Do.

2220 3516 2348 3571 mini
2381 3516 2551 3570 nostri
2569 3514 2696 3570 Jesu
2740 3514 2975 3582 Christi,
3023 3515 3108 3569 cui
3149 3529 3271 3570 cum
3314 3512 3475 3570 Patre
3511 3525 3566 3570 et
3606 3516 3804 3585 Spiritu

2219 3620 2426 3674 sancto,
2471 3617 2574 3662 etc.

3639 3743 3802 3755 —-——

1877 3816 2224 3878 HOMILIA
2269 3819 2506 3880 XXIV.

540 3956 670 4012 CAP.
703 3955 756 4008 6.
783 3969 836 4009 γ.
866 3955 956 4010 11.
992 3951 1139 4010 State
1175 3969 1292 4026 ergo
1333 3953 1571 4008 succincti
1611 3953 1808 4010 luntbos
1845 3969 2032 4012 uestras
2061 3957 2122 4011 in

615 4050 842 4116 ueritate,
870 4056 918 4103 et
938 4046 1104 4102 induti
1125 4047 1284 4101 lorica
1298 4045 1533 4117 justitiaa,
1561 4046 1650 4100 15.
1674 4055 1719 4100 et
1740 4046 1948 4101 calceoli
1973 4047 2124 4117 pedes

617 4143 669 4194 in
717 4139 1141 4210 preparationem
1188 4136 1432 4207 euangelii
1478 4139 1636 4206 pacis,
1667 4136 1756 4192 16.
1801 4137 1857 4191 in
1897 4138 2125 4194 omnibus

616 4241 868 4290 sumentes
897 4238 1094 4284 scutum
1121 4228 1266 4298 ﬁdei,
1280 4227 1333 4281 in
1358 4242 1457 4299 quo
1487 4227 1688 4296 possitis
1716 4228 1886 4281 omnia
1907 4228 2006 4281 tela
2033 4244 2124 4282 ne-

617 4323 843 4389 quissimi
869 4324 1017 4394 ignea
1046 4322 1378 4393 exstinguere,
1413 4321 1500 4376 17.
1532 4330 1581 4374 et
1605 4320 1804 4391 galeam
1838 4321 2016 4374 salutis
2040 4336 2124 4374 as-

618 4414 822 4480 sumite,
855 4423 902 4467 et
929 4413 1158 4485 gladium
1183 4413 1416 4483 spiritus,
1447 4413 1584 4482 quod
1611 4423 1682 4466 est
1704 4413 1912 4480 uerbum
1933 4410 2052 4468 Dei.

623 4506 677 4560 1.
710 4504 987 4571 Succincti,
1017 4504 1206 4576 inquit,
1231 4503 1424 4559 lumbos
1443 4514 1630 4558 vestros
1649 4505 1701 4558 in
1724 4507 1948 4572 ueritate.
1965 4505 2129 4573 Quid-

551 4611 675 4652 nam
713 4595 849 4652 ιιοοῖ
888 4594 1094 4650 Dictum
1123 4604 1206 4649 est
1235 4595 1286 4649 in
1327 4609 1388 4649 ea
1427 4609 1548 4665 quae
1575 4595 1854 4665 praeessit
1891 4594 2129 4664 diaputa-

549 4689 720 4755 tione,
751 4685 890 4757 quod
917 4693 1161 4756 oporteat
1177 4700 1297 4740 esse
1323 4687 1648 4756 compositos
1672 4697 1727 4742 et
1749 4686 2049 4757 expeditos,
2073 4695 2131 4742 ut

552 4778 622 4834 ad
647 4775 969 4833 currendum
997 4775 1126 4830 nihil
1144 4775 1213 4829 sit
1229 4775 1615 4846 impedimenti.
1642 4776 1708 4831 Et
1725 4779 1910 4846 induti,
1936 4779 2130 4850 inquit,

553 4870 712 4924 lorica
726 4866 962 4935 justitice.
983 4866 1132 4922 Sicut
1153 4864 1317 4921 lorica
1338 4875 1420 4922 est
1435 4867 1850 4934 invulnerabilis,
1877 4869 1948 4924 ita
1968 4871 2128 4925 etiam

551 4960 776 5031 justitia.
804 4957 1072 5013 Justitiam
1098 4965 1277 5013 autem
1307 4956 1396 5012 hic
1421 4956 1552 5013 dicit
1578 4957 1744 5014 vitam
1768 4959 2132 5017 omnimodam

555 5060 609 5105 et
632 5066 752 5121 qum
779 5049 952 5121 agitur
975 5064 1041 5104 ex
1065 5048 1282 5103 virtute.
1310 5047 1446 5102 Eum
1466 5049 1557 5118 qui
1584 5057 1668 5103 est
1692 5049 1812 5104 talis
1840 5065 1997 5104 nemo
2019 5067 2133 5105 um-

555 5159 715 5213 quam
769 5143 964 5212 poterit
1010 5150 1387 5213 prosternere;
1443 5140 1537 5196 sed
1587 5141 1872 5197 vulnerant
1919 5141 2132 5212 quidem

557 5234 731 5299 multi,
763 5249 918 5287 nemo
938 5243 1115 5287 autem
1138 5232 1391 5298 dissecat,
1421 5247 1526 5286 non
1549 5231 1660 5301 ipse.
1687 5230 1947 5286 diabolus.
1971 5232 2133 5298 Quasi

557 5323 729 5388 dicas,
758 5322 864 5377 Res
884 5323 1056 5394 justas
1083 5332 1300 5393 pectore
1319 5321 1607 5392 complexi.
1631 5321 1705 5377 De
1729 5321 1811 5378 his
1831 5321 1959 5378 dicit
1981 5323 2133 5378 Chri-

560 5423 697 5478 stus,
729 5411 874 5465 Beati
915 5414 999 5483 qui
1043 5415 1268 5468 esuriant
1295 5421 1344 5468 et
1381 5413 1556 5467 sitiunt
1584 5413 1871 5484 justitiam,
1897 5414 2135 5484 quoniam

560 5506 665 5576 ipsi
716 5504 1078 5559 saturabuntur
1104 5504 1331 5573 (Matth.
1369 5507 1424 5562 5.
1456 5505 1546 5575 6).
1583 5505 1684 5573 Qui
1730 5505 1872 5560 illam
1921 5518 2137 5576 pectore

561 5596 959 5666 complectitur,
1009 5604 1092 5649 est
1136 5595 1288 5650 [ortis
1334 5604 1604 5667 tamquam
1653 5596 1815 5651 lorica
1858 5614 1872 5651 :
1921 5597 2011 5664 qui
2054 5605 2137 5653 est

558 5685 841 5755 ejusmodi,
875 5700 1162 5755 numquam
1196 5685 1474 5741 irascetur.
1503 5687 1725 5742 Calceati
1747 5688 1896 5758 pedes
1925 5688 1978 5741 in
2004 5704 2136 5757 prat-

558 5775 868 5845 parationem
888 5775 1136 5846 evangelii
1154 5775 1311 5844 pacis.
1337 5776 1447 5832 lloc
1470 5778 1668 5832 dictum
1693 5790 1774 5834 est
1804 5779 1978 5834 minus
2002 5778 2139 5835 dilu-

2221 3959 2360 4014 cide.
2392 3959 2537 4027 Quid
2562 3975 2689 4031 ergo
2718 3961 2843 4016 est?
2871 3960 3102 4018 Pulchra
3133 3963 3290 4018 nobis
3329 3963 3580 4032 imposuit
3609 3962 3811 4018 tibialia

2226 4063 2322 4103 seu
2352 4064 2539 4104 ocreas
2559 4091 2574 4116 ,
2607 4052 2866 4122 evangelii
2911 4054 3376 4122 praeparationem.
3417 4055 3522 4108 Aut
3553 4057 3654 4109 hoc
3679 4071 3811 4126 ergo

2226 4139 2378 4204 dicit,
2402 4150 2462 4194 ut
2490 4141 2598 4196 sint
2627 4142 2794 4210 parati
2822 4142 2888 4196 ad
2915 4144 3272 4213 evangelium,
3301 4155 3354 4198 et
3379 4145 3446 4200 ad
3469 4146 3568 4199 hoc
3596 4157 3812 4202 utantur

2230 4229 2486 4298 pedibus,
2518 4239 2575 4286 et
2604 4233 2658 4286 ei
2690 4233 2828 4287 viam
2858 4244 3162 4304 pra-parent
3203 4244 3258 4288 et
3298 4237 3569 4301 muniant;
3602 4247 3724 4301 aut,
3763 4239 3808 4292 si

2231 4319 2332 4374 hoc
2358 4335 2462 4375 non
2493 4323 2666 4386 sit,.ut
2688 4323 2790 4392 ipsi
2819 4326 2926 4379 sint
2946 4329 3114 4395 parati
3138 4326 3205 4380 ad
3231 4327 3453 4381 exitum.
3485 4327 3813 4397 Prteparatio

2229 4425 2358 4481 ergo
2381 4414 2639 4482 evangelii
2670 4414 2800 4468 nihil
2825 4416 2968 4470 aliud
2996 4426 3112 4480 est,
3144 4417 3246 4471 nisi
3273 4417 3387 4470 vita.
3409 4417 3632 4486 optima.
3658 4417 3811 4486 Quod

2231 4502 2444 4572 quidem
2471 4503 2680 4560 dicebat
2719 4505 2975 4574 propinata
2997 4547 3012 4569 ,
3065 4505 3500 4575 I’rtuparationem
3541 4509 3709 4562 cordis
3735 4509 3812 4562 sui

2231 4595 2444 4650 attendit
2469 4597 2610 4650 auris
2638 4605 2726 4650 tua
2752 4595 2922 4668 (Psal.
2953 4599 3040 4654 10.
3070 4599 3158 4653 17.
3183 4615 3282 4654 sec.
3319 4599 3526 4671 Mein).
3557 4601 3672 4656 [loc
3694 4611 3812 4666 est,

2235 4697 2292 4742 ut
2317 4703 2410 4743 cor
2436 4689 2505 4742 sit
2543 4697 2784 4759 paratum
2811 4700 2867 4744 et
2906 4691 3246 4746 instructum.
3277 4690 3570 4762 Evangelii,
3606 4692 3808 4762 inquit.

2237 4779 2402 4847 pacis.
2428 4777 2618 4834 Merito
2649 4779 2702 4833 id
2741 4779 2877 4834 dixit
2904 4796 2920 4836 :
2952 4795 3080 4834 nam.
3109 4780 3360 4848 quoniam
3391 4781 3516 4835 belli
3541 4791 3596 4836 et
3625 4797 3816 4852 pugna:

2237 4869 2505 4933 meminit,
2534 4869 2765 4926 ostendit
2793 4884 2915 4924 esse
2952 4870 3298 4941 pugnandum
3324 4870 3586 4926 adversus
3610 4873 3816 4925 daemo-

2238 4974 2334 5015 nes
2362 4977 2376 5014 :
2406 4961 2738 5031 evangelium
2769 4961 2912 5016 enim
2955 4972 3039 5016 est
3066 4962 3228 5029 pacis.
3262 4961 3395 5016 Illud
3434 4962 3630 5017 bellum
3673 4963 3816 5017 aliud

2240 5050 2435 5106 hellum
2481 5052 2762 5116 dissolvit,
2813 5068 3003 5122 nempe
3050 5052 3309 5107 adversus
3353 5053 3562 5106 Deum:
3605 5053 3650 5108 si
3695 5069 3816 5109 cum

2238 5140 2449 5195 diabolo
2478 5139 2674 5195 bellum
2704 5143 2966 5211 gerimus,
3005 5157 3190 5211 pacem
3225 5158 3347 5198 cum
3383 5142 3490 5197 Deo
3533 5142 3815 5197 habemus.

2240 5234 2316 5288 Ne
2342 5233 2531 5288 timeas
2570 5247 2726 5304 ergo,
2768 5248 2802 5288 ο
2843 5234 3074 5300 dilecte,
3107 5243 3192 5289 est
3231 5236 3602 5304 evangelium,
3647 5234 3818 5290 bonus

2241 5340 2432 5394 nempe
2469 5327 2689 5378 nuntius
2719 5341 2734 5378 :
2761 5325 2872 5394 jam
2902 5334 3051 5394 parta
3096 5334 3180 5379 est
3216 5325 3457 5379 victoria.
3493 5323 3560 5378 ln
3588 5324 3822 5382 omnibus

2239 5424 2488 5468 sumentes
2509 5425 2704 5469 nutum
2730 5415 2868 5484 ﬁdei.
2895 5414 3078 5470 Fidem
3109 5415 3196 5470 hic
3221 5413 3383 5479 dicit,
3415 5430 3520 5469 nou
3550 5415 3817 5485 cognitiu-

2241 5521 2398 5571 nem;
2430 5521 2538 5560 non
2558 5506 2698 5560 enim
2725 5520 2842 5560 eam
2868 5506 3135 5575 posuisset
3163 5506 3548 5574 posteriorem;
3580 5505 3674 5560 sed
3699 5521 3820 5575 gra-

2243 5596 2368 5650 tiam
2402 5610 2499 5665 per
2524 5610 2683 5665 quam
2712 5595 2862 5665 signa
2893 5595 3048 5652 ﬁunt.
3081 5596 3272 5651 Merito
3298 5605 3476 5650 autem
3517 5594 3677 5650 ﬁdem
3718 5612 3817 5650 no-

2243 5687 2410 5741 tninat
2430 5695 2643 5741 scutum
2669 5704 2683 5742 :
2712 5686 2852 5742 sicut
2876 5688 3024 5743 enim
3048 5697 3255 5742 scutum
3281 5697 3405 5742 ante
3431 5697 3599 5741 t0tum
3623 5702 3817 5757 corpus

2244 5779 2454 5846 ponitur
2481 5776 2646 5834 veluti
2672 5778 3162 5850 propugnaculum,
3189 5779 3342 5850 quasi
3368 5777 3439 5835 sit
3478 5793 3668 5833 murus
3699 5795 3713 5832 :
3747 5780 3819 5838 ita
