4218 6266
419 290 525 347 169

418 408 605 463 man
637 405 874 479 πόλεμον
909 404 999 460 τὸν
1032 404 1170 477 πρὸς
1196 406 1286 461 τὸν
1332 406 1494 460 Θεόν⁶
1534 406 1599 461 ἂν
1641 405 1721 478 τῷ
1756 406 1987 477 διαϐόλῳ

418 493 766 566 πολεμῶμεν,
797 492 1150 565 είρηνεύομεν
1174 492 1253 563 τῷ
1274 494 1412 566 Θεῷ.
1449 495 1541 564 Μὴ
1570 494 1753 567 δείσῃς
1786 495 1987 560 τοίνυν,

416 581 691 654 ἀγαπητὶ.
726 579 1054 649 Εὐαγγέλιόν
1083 580 1230 634 ἐστιν
1255 595 1268 609 ο
1309 581 1411 653 ήδη
1447 583 1479 653 ή
1509 582 1633 652 νίκη
1676 581 1985 653 γεγένηται.

430 671 552 725 Ἐπί
587 667 779 725 πᾶσιν
791 668 1195 734 ἀναλαϐόντες
1212 668 1327 721 τόν
1341 670 1555 738 θυρεὸν
1573 668 1682 736 τῆς
1705 670 1984 734 πίστεως.

416 757 607 813 Πίστιν
648 754 903 818 ἐνταῦθα,
953 755 1012 807 οὑ
1042 754 1143 826 τὴν
1186 755 1390 824 γνῶσίν
1442 774 1629 827 φησιν,
1669 756 1731 809 οὐ
1766 754 1875 827 γὰρ
1920 754 1987 809 ἂν

413 845 582 917 αὐτὴν
633 842 868 915 ὑστέραν
912 841 1122 908 ἔταξεν,
1152 841 1289 896 ἀλλά
1332 844 1434 914 τὴν
1481 845 1662 914 χάριν,
1700 844 1768 898 δι’
1810 839 1878 917 ἧς
1917 843 1988 896 τά

414 935 615 1004 σημεῖα
659 931 891 999 γίνεται.
953 931 1063 984 Kal
1110 930 1340 993 εἰκότως
1372 931 1472 1000 τὴν
1511 930 1698 986 πίστιν
1729 931 1985 1001 ὀνομάζει

410 1023 635 1095 θυρεόψ
667 1020 921 1091 καθάπερ
947 1021 1057 1091 γάρ
1089 1021 1298 1084 ἐκεῖνος
1332 1020 1703 1090 προϐέϐληται
1729 1020 1823 1073 τοῦ
1851 1036 1986 1074 παν-

406 1109 498 1174 τὸς
519 1110 796 1179 σώματος,
812 1106 1002 1175 ὥσπερ
1020 1109 1198 1178 τεῖχος
1216 1105 1314 1163 ὢν.
1340 1106 1485 1160 οὕτω
1513 1107 1577 1178 δὴ
1600 1109 1740 1179 καὶὴ
1769 1107 1948 1171 πίστις
1964 1123 1980 1138 ·

410 1196 586 1250 πάντα
614 1196 726 1267 γάρ
774 1194 911 1265 αὐτῇ
964 1193 1122 1247 είκει.
1168 1192 1273 1246 Ἑν
1319 1187 1368 1261 ᾧ
1408 1192 1773 1258 δυνήσεσθε,
1824 1193 1980 1261 φησὶ,

405 1286 605 1341 πάντα
656 1283 731 1340 τὰ
768 1284 925 1352 βέλη
978 1283 1085 1338 τοῦ
1134 1283 1408 1351 "amyci?
1464 1282 1536 1336 τὰ
1584 1282 1983 1351 πεπυρωμένα

403 1375 644 1430 σϐέσαι.
679 1372 851 1428 οὐδὲν
881 1372 991 1444 γάρ
1018 1370 1244 1426 δύναται
1284 1369 1473 1424 τοῦτον
1508 1369 1599 1423 τὸν
1645 1368 1836 1441 θυρεὸν
1861 1370 1979 1423 δια-

406 1464 591 1533 κόψαι.
624 1464 826 1517 ’Ἄκουε
858 1460 971 1532 γὰρ
999 1458 1093 1513 τοῦ
1132 1458 1371 1530 Χριστοῦ
1403 1457 1653 1525 λέγοντος
1685 1458 1823 1527 πρὸς
1855 1457 1981 1519 τοὺς

407 1550 655 1622 μαθητάς
683 1564 698 1578 ’
765 1548 905 1602 Ἐὰν
952 1548 1131 1615 ἔχητε
1155 1546 1382 1608 πίστιν,
1431 1545 1512 1611 ὡς
1539 1549 1766 1599 κόκκον
1809 1545 1983 1598 σινα-

404 1654 582 1704 πεως,
619 1636 806 1705 ἐρεῖτε
852 1632 935 1700 τῷ
975 1634 1096 1702 ὄρει
1136 1633 1343 1697 τούτῳ.
1375 1630 1672 1698 Μετάϐηθι
1699 1631 1981 1685 ἐντεῦθεν

403 1726 546 1788 ἐκεῖ,
572 1723 670 1779 καί
694 1720 1112 1793 μεταϐήσεται.
1148 1720 1273 1784 Πῶς
1301 1719 1361 1772 δὲ
1402 1720 1596 1790 ἱξομεν
1628 1718 1725 1789 τὴν
1757 1718 1976 1786 πίστιν;

406 1816 574 1867 Ὅταν
602 1812 787 1865 ἐκεῖνα
830 1806 1290 1879 κατορθώσωμεν.
1322 1805 1458 1876 Βίλη
1502 1806 1561 1859 δὲ
1592 1805 1687 1859 τοῦ
1728 1807 1976 1877 Πονηροῦ

400 1900 650 1963 καὶτοὺς
690 1894 1032 1967 πειρασμούς
1072 1911 1229 1964 φησι,
1266 1893 1362 1947 καὶ
1397 1893 1497 1954 τάς
1539 1892 1839 1964 ἐπιθυμίας
1877 1893 1979 1959 τὰς

399 1985 658 2048 ἀτόπους.
708 1981 908 2045 Καλῶς
941 1981 997 2034 δέ
1044 1978 1406 2051 προσέθηκεν,
1448 1980 1524 2033 Τὰ
1552 1980 1973 2050 πεπυρωμένα.

399 2071 647 2127 τοιαῦται
673 2069 784 2142 γάρ
823 2071 962 2124 είσιν
991 2068 1047 2122 αί
1076 2065 1386 2137 ἐπιθυμίαι.
1415 2067 1477 2119 Εἰ
1504 2066 1562 2119 δὲ
1594 2066 1844 2137 δαίμοσιν
1873 2069 1974 2122 ἐπι

400 2161 585 2229 όταξεν
611 2161 647 2232 ή
676 2160 879 2221 πίστις,
913 2155 1094 2227 πολλῷ
1124 2155 1327 2225 μᾶλλον
1366 2156 1462 2209 καὶ
1489 2158 1600 2218 τοῖς
1640 2155 1838 2209 πάθεσι
1874 2157 1976 2228 τῆς

397 2248 594 2321 ψυχῆς.
636 2246 746 2301 Kal
781 2244 897 2314 τὴν
937 2243 1428 2311 περικεφαλαίαν,
1464 2241 1620 2313 φησὶ,
1655 2242 1762 2296 τοῦ
1784 2258 1977 2310 σωτη-

382 2338 532 2404 ρίου
559 2333 819 2398 δέξασθε
838 2349 851 2363 ·
885 2330 1152 2394 τουτέστι,
1176 2329 1278 2399 τῆς
1301 2329 1575 2399 σωτηρίας
1606 2329 1779 2400 ὑμῶν.
1811 2331 1974 2402 Περι-

398 2425 628 2495 φράττει
659 2420 770 2492 γάρ
805 2418 1022 2480 αὐτοὺς,
1061 2417 1137 2480 ὡς
1174 2419 1255 2480 εἰς
1295 2416 1530 2486 πόλεμον
1579 2416 1810 2484 ἐξάγων.
1861 2419 1971 2471 Καὶ

399 2511 513 2581 τὴν
536 2508 840 2581 μάχαιραν
869 2506 975 2561 τοῦ
1004 2506 1371 2575 Πνεύματος,
1404 2505 1438 2557 ὅ
1464 2505 1596 2559 ἐστι
1617 2505 1783 2575 ῥῆμα
1800 2504 1969 2562 Θεοῦ.

403 2600 559 2653 Ἤτοι
586 2597 646 2650 τὸ
674 2591 903 2665 Πνεῦμά
926 2610 1112 2663 φησιν,
1138 2594 1257 2662 ήτοι
1291 2593 1349 2645 ἐν
1383 2596 1449 2664 τῇ
1483 2595 1826 2665 πνευματικῇ
1865 2610 1971 2664 μα-

396 2685 588 2756 χαίρᾳ.
619 2682 721 2736 Διά
748 2680 856 2751 γὰρ
886 2678 1088 2749 ταύτης
1120 2679 1302 2734 πάντα
1343 2678 1624 2749 τέμνεται,
1654 2678 1741 2732 διὰ
1768 2678 1971 2751 ταύτης

398 2772 576 2826 πάντα
609 2769 891 2832 κόπτεται,
945 2767 1042 2820 καὶ
1085 2765 1186 2837 τὴν
1241 2765 1482 2837 κεφαλήν
1535 2766 1629 2819 τοῦ
1677 2765 1970 2837 δράκοντος

397 2857 779 2928 ἀποτέμνομεν
826 2841 1179 2925 διὰταύτης.
1226 2852 1331 2906 Διὰ
1358 2851 1565 2920 πάσης
1616 2854 1969 2922 προσευχῆς

394 2946 494 3000 καί
563 2943 850 3010 δεήσεως,
908 2940 1043 3012 φησὶ
1062 2981 1078 3007 ,
1130 2942 1605 3009 προσευχόμενοι
1662 2940 1733 2993 ἐν
1787 2942 1965 2995 παντί

399 3032 599 3105 καιρῷ,
633 3033 705 3087 ἐν
751 3031 1067 3100 πνεύματι,
1123 3028 1224 3083 καί
1275 3030 1364 3095 εἰς
1390 3026 1539 3083 αὐτὸ
1577 3028 1758 3083 τοῦτο
1789 3029 1968 3099 ἀκου-

397 3120 692 3186 πνοῦντες
719 3118 793 3173 ἐν
839 3118 1006 3186 πάσῃ
1052 3115 1567 3186 προσκαρτερήσει
1619 3115 1716 3170 καί
1760 3116 1967 3188 δεήσει

399 3208 527 3278 τερί
561 3207 804 3261 πάντων
830 3204 949 3259 τῶν
976 3204 1180 3273 ἁγίων,
1211 3205 1307 3257 καί
1344 3204 1495 3271 ὑπὲρ
1536 3202 1706 3273 ἐμοῦ,
1740 3204 1841 3256 ἵνα
1862 3220 1967 3273 μοι

396 3297 541 3367 δοθῇ
564 3298 746 3367 ,λόγος
768 3295 839 3350 ἐν
856 3294 1084 3358 ἀνοίξει
1102 3292 1210 3348 τοῦ
1237 3293 1535 3361 στόματός
1558 3309 1701 3362 μου,
1728 3294 1801 3347 ἐν
1819 3295 1967 3363 παῤ-

391 3387 601 3453 ῥησίᾳ,
631 3383 917 3454 γνωρίσαι
944 3380 1014 3435 τὸ
1053 3379 1392 3453 μυστήριον
1421 3380 1528 3434 τοῦ
1565 3381 1961 3451 Εὐαγγελίου,

398 3472 546 3543 ὑπὲρ
568 3470 641 3528 οὖ
668 3472 976 3540 πρεσϐεύω
1000 3470 1070 3524 εν
1100 3470 1342 3534 ἁλύσει,
1379 3469 1481 3523 ινα
1511 3468 1581 3521 εν
1611 3466 1773 3534 αὐτῷ
1811 3470 1964 3538 παῤ-

389 3560 789 3627 ῥησιάσωμαι,
811 3558 893 3619 ὡς
917 3555 1014 3610 δεῖ
1032 3572 1106 3625 με
1128 3555 1421 3624 λαλῆσαι.
1439 3555 1706 3625 Καθάπερ
1727 3556 1788 3609 τὸ
1808 3556 1964 3627 ῥῆμα

397 3646 490 3699 τοῦ
522 3643 658 3698 Θεοῦ
684 3644 861 3698 πάντα
888 3641 1081 3711 ίσχύει,
1111 3640 1255 3694 οὕτω
1282 3641 1379 3694 καὶ
1404 3643 1434 3693 ό
1460 3641 1522 3693 τὸ
1544 3640 1791 3711 χάρισμα
1823 3640 1963 3711 ἔχων

398 3735 458 3788 τὸ
487 3729 873 3802 πνευματικόν.
899 3727 1032 3783 Ζῶν
1068 3729 1178 3798 γὰρ
1208 3730 1241 3782 ό
1263 3729 1446 3798 λόγος
1470 3726 1576 3781 τοῦ
1602 3727 1773 3790 Θεοῦ,
1805 3729 1959 3797 φησὶ,

398 3822 496 3875 καί
514 3819 785 3886 ἐνεργὴς.
803 3817 902 3871 καί
919 3814 1246 3885 τομώτερος
1267 3814 1422 3883 ὑπὲρ
1442 3813 1651 3870 πᾶσαν
1659 3815 1963 3883 μάχαιραν

397 3909 703 3976 δίστομον.
744 3904 888 3977 Ὅρα
931 3902 989 3956 δέ
1016 3901 1114 3974 τὴν
1143 3901 1359 3956 σύνεσιν
1394 3900 1489 3954 τοῦ
1530 3901 1804 3973 μακαρίου
1835 3903 1959 3955 τού-

397 4011 513 4051 του.
553 3990 912 4048 Καθώπλισεν
962 3989 1160 4054 αὐτοὺς
1215 3987 1355 4060 μετά
1388 3988 1571 4058 πάσης
1627 3986 1957 4057 ἀσφαλείαςθ

397 4082 579 4137 λοιπὸν
609 4079 729 4145 πῶς
775 4078 858 4133 δεῖ
906 4078 999 4131 τὸν
1047 4074 1281 4131 Βασιλέα
1326 4076 1534 4141 καλεῖν,
1589 4074 1731 4129 ὥστε
1771 4074 1957 4147 ὀρέξαι

397 4174 574 4241 χεῖρα,
605 4166 873 4222 διδάσκει*
898 4165 1001 4219 Διά
1027 4163 1234 4230 πάσης
1270 4160 1640 4234 προσευχῆς,
1671 4163 1826 4233 φησὶ,
1859 4164 1954 4216 καί

395 4256 659 4325 δεήσεως
677 4253 1148 4324 προσευχόμενοι
1172 4250 1241 4305 ἐν
1261 4248 1438 4303 παντί
1458 4247 1661 4317 καιρῷ,
1685 4248 1757 4302 ἐν
1776 4251 1957 4304 πνεύο

391 4360 550 4416 ματι.
587 4343 743 4398 Ἔστι
795 4342 905 4414 γάρ
960 4342 1036 4414 μὴ
1093 4342 1152 4394 ἐν
1213 4337 1483 4410 πνεύματι
1536 4337 1954 4410 προσεύχεσθαι,

394 4436 521 4488 ὅταν
548 4448 632 4496 τις
673 4430 993 4504 βαττολογῇ.
1036 4428 1147 4483 Καί
1202 4428 1289 4494 είς
1343 4426 1511 4487 αὐτὸ,
1539 4428 1725 4497 φησὶν,
1771 4427 1956 4495 ἀγρυ-

391 4519 707 4587 πνοῦντες,
742 4517 1011 4579 τουτέστι,
1064 4516 1343 4588 νήφοντες.
1376 4512 1630 4567 Τοιοῦτον
1679 4513 1783 4585 γάρ
1815 4511 1955 4568 εἶναι

389 4607 494 4681 χρὴ
542 4608 635 4661 τὸν
689 4603 1139 4673 καθωπλισμένον
1162 4643 1177 4666 ,
1235 4601 1327 4654 τδν
1388 4601 1538 4671 παρά
1586 4599 1679 4654 τὸν
1721 4601 1955 4654 Βασιλέα

390 4694 622 4756 ἑστῶτα,
653 4693 934 4763 ἄγρυπνον
969 4688 1066 4742 καὶ
1101 4686 1381 4757 νηφάλιον.
1427 4688 1523 4740 Ἐν
1550 4687 1719 4757 πάσῃ
1768 4703 1955 4757 προσ.

390 4779 745 4851 καρτερήσει
786 4776 886 4830 καί
915 4772 1122 4842 δεήσει
1151 4773 1283 4841 περὶ
1330 4772 1572 4827 πάντων
1599 4772 1721 4827 τῶν
1747 4776 1950 4844 ἁγίων,

387 4868 484 4923 καί
512 4869 666 4936 ὑπὲρ
702 4862 869 4935 ἐμοῦ,
917 4863 1019 4917 ἵνα
1067 4878 1170 4930 μοι
1211 4858 1359 4928 δοθῇ
1399 4860 1580 4928 λόγος
1621 4860 1693 4913 ἐν
1727 4862 1951 4925 ἀνοίξει

389 4954 491 5009 τοῦ
521 4952 820 5023 στόματός
861 4966 998 5020 μου.
1045 4948 1111 5001 Τί
1151 4946 1349 5015 λέγεις,
1379 4940 1424 4999 ὦ
1454 4945 1693 5016 μακάριε
1739 4947 1948 5015 Παύλες

385 5038 493 5095 τῶν
523 5039 779 5113 μαθητῶν
820 5036 1008 5109 χρείαν
1037 5034 1180 5107 ἔχεις
1215 5049 1233 5100 ;
1262 5035 1372 5087 Kal
1411 5033 1590 5097 καλῶς
1638 5030 1812 5096 εἶπεν,
1851 5035 1953 5089 Ἔν

384 5126 610 5191 ἀνοίξει
638 5124 747 5180 τοῦ
776 5123 1072 5193 στιὶιιατός
1095 5139 1237 5191 μου.
1273 5121 1387 5175 Ούκ
1413 5119 1522 5192 ἀρα
1545 5119 1777 5191 ἐμελέτα
1807 5121 1949 5194 άπερ
1977 5190 1984 5197 ἡ

386 5212 592 5282 ἔλεγεν,
623 5211 760 5266 ἀλλά
796 5208 975 5276 καθὼς
992 5206 1146 5264 εἶπεν
1179 5211 1208 5263 ὁ
1230 5209 1497 5280 Χριστός·
1536 5208 1726 5263 Ὀταν
1761 5222 1949 5277 παρα·-

383 5298 573 5354 δῶσιν
591 5296 763 5368 ὑμᾶς,
782 5297 868 5367 μὴ
891 5297 1292 5368 μεριμνήσητε
1317 5295 1443 5363 πῶς
1467 5295 1506 5365 ἣ
1531 5296 1589 5349 τί
1621 5295 1946 5362 λαλήσετε·

382 5388 699 5459 δοθήσεται
728 5386 840 5456 τὰρ
888 5380 1137 5457 ὑμῖν’ἐν
1180 5385 1381 5454 ἐκείνη
1409 5383 1484 5454 τῇ
1508 5383 1630 5454 ὥρῃ
1669 5386 1727 5438 τί
1756 5385 1950 5456 λαλήο

381 5493 522 5532 σετε
546 5491 560 5506 ⁸
603 5474 747 5530 οὕτω
778 5473 957 5529 πάντα
998 5472 1178 5527 πίστει
1226 5472 1482 5545 ἔπραττε,
1526 5472 1704 5527 πάντα
1743 5473 1944 5545 χάριτι.

381 5562 532 5637 [181]
587 5564 684 5616 Ἐν
719 5562 1049 5630 παρρησία,
1093 5561 1246 5630 φησί,
1285 5563 1574 5631 γνωρίσαι
1608 5563 1674 5616 τὸ
1710 5563 1944 5632 μυστή-

381 5673 395 5711 ι
417 5668 510 5705 ιον
536 5649 641 5702 τοῦ
668 5649 1054 5719 Εἰναγγελίου.
1076 5647 1358 5711 τουτέστι,
1388 5650 1473 5702 ἵνα
1490 5651 1938 5721 ἀπολογήσωμαι,

380 5736 455 5801 ὡς
498 5735 626 5807 χρή.
666 5733 891 5788 Ἀλυσιν
931 5732 1254 5805 περίκεισαι,
1305 5738 1395 5791 καὶ
1448 5736 1646 5807 ἐτέρων
1682 5738 1933 5809 χρῄζειςς

1098 248 1103 253 ἦ
1165 292 1228 347 ib.
1265 290 1544 349 JOANNIS
1577 289 2066 349 CIIBYSOSTOMI
2107 294 2426 355 ARCHIEP.
2467 298 3010 361 CONSTANTINOP.

3563 310 3665 364 ίῖυ

2093 407 2221 498 Ναί.
2275 412 2473 482 φησίν·
2511 417 2633 471 ἐπεὶ
2679 419 2775 474 καὶ
2837 423 3041 494 Πέτρος
3091 422 3282 479 ἅλυσιν
3334 427 3657 498 περιέκειτο,

2090 494 2384 585 ἀλλ’ᾉόμως
2414 501 2547 574 εὐχή
2574 500 2642 575 ἦν
2692 508 2918 577 ἐκτενὴς
2969 510 3111 581 ὑπὲρ
3157 512 3320 566 αὑτοῦ
3376 494 3656 585 γινομένη.

2102 581 2270 671 Ὑπὲρ
2298 582 2372 642 οὗ
2397 592 2706 655 πρεσϐεύω
2733 592 2804 645 εν
2826 595 3065 659 ἁλύσει,
3094 598 3194 651 ἵνα
3226 599 3297 652 ἐν
3323 600 3483 666 αὐτῴ
3500 581 3651 671 ⁷τιαρξ

2080 670 2485 743 ρησιιίσωμαι,
2520 677 2602 743 ὡς
2636 678 2732 731 δεῖ
2754 697 2835 748 με
2860 683 3154 752 λαλῆσαι.
3192 686 3471 749 Τουτέστι,
3520 670 3659 758 μετά

2092 758 2423 844 παρρησίας,
2479 765 2618 834 μετά
2643 766 2917 835 ἀνδρείας,
2968 771 3105 841 μετά
3151 773 3419 838 συνέσεως
3455 775 3659 844 πολλῆς

2089 842 2177 897 ῖνα
2225 845 2632 920 ἀποκρίνωμαι.
2667 853 2800 907 Ἵνα
2849 855 2918 908 δὲ
2963 855 3160 925 εἰδῆτε
3206 860 3306 912 καί
3358 862 3530 928 ὑμεῖς
3586 842 3658 915 td

2087 933 2215 986 κατ’
2252 934 2377 1003 ἐμὲ,
2410 938 2468 990 τί
2487 938 2777 1006 πράσσω,
2822 942 3020 998 πάντα
3056 946 3199 1014 ὑμῖν
3236 948 3512 1016 γνωρίσει
3549 953 3656 1004 Τυ-

2083 1022 2276 1088 χικύς.
2304 1027 2338 1076 ό
2358 1025 2666 1096 ἀγαπητὸς
2695 1030 2983 1101 ἀδελφὸς,
3012 1034 3112 1088 καί
3135 1035 3351 1102 πιστὸς
3376 1035 3657 1103 διάκονος

2082 1107 2154 1159 ἐν
2184 1109 2401 1177 Κυρίῳ.

2158 1194 2222 1265 β’.
2269 1197 2484 1268 Ἐπειδὴ
2510 1199 2725 1271 δεσμῶν
2757 1203 3025 1276 ἐμνήσθη,
3048 1206 3241 1277 ἀφίησί
3259 1224 3313 1261 τι
3336 1209 3428 1262 καὶ
3450 1209 3527 1280 τῷ
3548 1211 3654 1263 Τυ-

2082 1281 2221 1353 χικῷ
2251 1284 2381 1355 παρ’
2414 1286 2609 1340 ἑαυτοῦ
2642 1288 3005 1361 διαλεχθῆναι.
3054 1294 3123 1346 ’Δ
3168 1293 3267 1364 μὲν
3309 1295 3417 1366 γὰρ
3457 1291 3525 1367 ἦν
3570 1299 3655 1351 δο-

2082 1368 2308 1439 γμάτων
2333 1371 2426 1425 καὶ
2455 1374 2869 1447 παρακλήσεως,
2893 1377 3066 1433 ταῦτα
3090 1379 3177 1433 διά
3201 1379 3302 1450 τῆς
3325 1382 3646 1454 Ἐπιστολῆς

2083 1456 2272 1527 ἐδήλου
2301 1474 2315 1487 ο
2347 1458 2384 1512 ἀ
2407 1458 2462 1512 δὲ
2493 1460 2832 1530 ἀπαγγελίας
2860 1463 3041 1534 ψιλῆς,
3068 1465 3241 1520 ταῦτα
3272 1467 3351 1537 τῷ
3373 1469 3652 1539 κομίζοντι

2082 1543 2180 1612 τὴν
2221 1545 2542 1616 Ἐπιστολὴν
2580 1548 2872 1619 ἐπέτρεπε.
2905 1551 2997 1605 Διὸ
3038 1554 3135 1607 καὶ
3168 1554 3479 1624 ἐπήγαγεν·
3516 1556 3651 1610 Ἵνα

2080 1628 2268 1697 γνῶτε
2289 1631 2361 1686 τὰ
2386 1632 2520 1701 περί
2544 1634 2733 1705 ήμῶν,
2760 1637 3058 1716 τουτέστιν,
3084 1639 3203 1693 Ἵνα
3228 1640 3456 1711 μάθητε.
3479 1641 3650 1696 Τοῦτο

2081 1718 2177 1770 καὶ
2213 1718 2379 1772 αὐτοῦ
2406 1719 2506 1791 τὴν
2531 1721 2754 1792 ἀγάπην
2786 1724 2970 1795 ἐδήλου
2997 1725 3096 1796 τὴν
3139 1728 3275 1798 πρὸς
3310 1728 3528 1791 αὐτοὺς,
3557 1730 3651 1783 καὶ

2080 1803 2176 1875 τὴν
2207 1807 2428 1860 ἐκείνων
2465 1808 2601 1880 πρὸς
2640 1810 2822 1867 αὐτόν.
2856 1814 2964 1865 Ὃν
3000 1812 3260 1883 ἔπεμψα,
3304 1816 3459 1885 φησὶ,
3498 1818 3650 1885 πρὸς

2078 1890 2237 1962 ὑμᾶς
2270 1895 2357 1961 εἰς
2401 1897 2546 1949 αὐτὸ
2583 1897 2783 1964 τοῦτο,
2826 1898 2927 1952 ἵνα
2969 1898 3156 1968 γνῶτε
3192 1902 3263 1955 τὰ
3292 1901 3426 1970 περί
3457 1901 3648 1971 ήμῶν,

2078 1980 2177 2033 καί
2220 1984 2618 2053 παρακαλέσῃ
2666 1986 2773 2053 τὰς
2808 1988 3057 2056 καρδίας
3088 1988 3277 2057 ὑμῶν.
3308 1992 3420 2060 Οὐχ
3462 1989 3648 2056 ἁπλῶς

2076 2065 2234 2120 τοῦτό
2272 2085 2457 2138 φησιν,
2489 2069 2624 2124 ἀλλά
2659 2071 2923 2144 πρότερον
2967 2071 3161 2136 εἰπὼν,
3212 2076 3648 2146 Ἐνδυσάμενοι

2076 2154 2175 2206 καὶ
2230 2154 2726 2225 περιζωσάμενοι,
2763 2159 2900 2231 ὅπερ
2958 2159 3052 2214 τοῦ
3100 2162 3190 2215 ἀεὶ
3237 2163 3519 2234 προσιέναι
3552 2167 3648 2219 καὶ

2074 2239 2431 2306 ἀδιαλείπτως
2455 2244 2571 2296 ἐστὶ
2598 2246 2917 2315 τεκμήριον.
2942 2248 3142 2301 Ἀκουε
3175 2248 3284 2320 γάρ
3314 2249 3407 2303 τοῦ
3430 2250 3647 2322 Προφή-

2072 2342 2169 2380 του
2194 2327 2466 2398 λέγοντος’
2497 2330 2819 2399 Γενηθήτω
2845 2331 3025 2398 αὐτῷ,
3056 2334 3138 2399 ὡς
3165 2334 3401 2403 ίμὰτιον
3423 2335 3455 2389 δ
3485 2352 3648 2405 περι-

2075 2414 2380 2482 ϐάλλεται,
2419 2416 2519 2470 καί
2546 2417 2692 2473 ὠσεί
2728 2416 2876 2486 ζώνη
2915 2417 2996 2486 ἢν
3018 2419 3345 2487 διαπαντὸς
3368 2420 3645 2491 περιζών-

2073 2519 2267 2557 νυται.
2305 2506 2416 2558 Καὶ
2455 2505 2548 2559 τὸν
2595 2505 2729 2558 Θεὸν
2758 2507 2816 2560 δέ
2854 2508 2882 2560 ό
2912 2507 3205 2579 Προφήτης
3249 2511 3381 2580 φησί
3416 2509 3639 2580 θώρακα

2072 2585 2417 2659 δικαιοσύνης
2472 2590 2934 2661 περιϐεϐλῆσθαι,
2982 2592 3073 2646 διά
3120 2593 3310 2648 τούτου
3374 2596 3644 2650 παιδεύων

2072 2674 2239 2744 ἡμᾶς,
2270 2676 2351 2728 ὅτι
2384 2676 2493 2742 ἀεὶ,
2522 2677 2619 2730 καὶ
2650 2677 2710 2730 ού
2746 2678 2884 2749 πρὸς
2918 2679 3108 2751 καιρὸν
3138 2679 3347 2751 βραχὺν
3376 2682 3456 2735 δεῖ
3473 2682 3644 2738 ταῦτα

2070 2761 2245 2830 ἔχειν·
2282 2764 2371 2816 ἀεὶ
2396 2762 2507 2835 γάρ
2539 2764 2780 2834 πολέμου
2816 2766 2991 2837 χρεία.
3040 2769 3148 2822 Καὶ
3194 2768 3352 2833 ἀλλος
3384 2771 3639 2843 ἀλλαχοῦ.

2070 2849 2304 2915 Δίκαιος
2338 2849 2467 2919 γὰρ,
2510 2851 2695 2922 φησιν,
2741 2851 2822 2918 ὡς
2864 2850 3023 2907 λέων
3067 2852 3334 2909 πέποιθε.
3384 2857 3489 2912 Τὸν
3532 2859 3642 2929 γὰρ

2069 2934 2212 2989 οὕτω
2252 2936 2725 3009 τεθωρακισμένον
2756 2939 2856 2992 οὐκ
2881 2939 2961 2993 ἔνι
2996 2938 3300 3012 φοϐηθῆναι
3328 2943 3427 3014 τὴν
3462 2946 3642 3016 παρά-

2067 3023 2242 3090 ταξιν,
2267 3024 2383 3079 ἀλλ’
2411 3026 2491 3090 είς
2527 3025 2723 3096 μέσους
2746 3026 3003 3081 ἅλλεσθαι
3025 3029 3154 3092 τοὺς
3186 3030 3498 3103 πολεμίους.
3529 3035 3639 3089 Καὶ

2066 3112 2095 3164 ὁ
2139 3111 2390 3181 Ἡσαΐας,
2430 3113 2663 3183 Ὠραῖοι,
2694 3116 2881 3186 φησιν,
2910 3118 2967 3170 οί
2988 3116 3172 3184 πόδες
3191 3116 3312 3173 τῶν
3332 3122 3642 3191 εὐαγγελι-

2067 3198 2326 3269 ζομένων
2371 3202 2642 3272 εἰρήνην.
2685 3204 2781 3267 Τίς
2804 3205 2906 3259 οὐκ
2931 3204 2997 3259 ἂν
3049 3205 3270 3278 δράμοι,
3320 3209 3403 3273 τίς
3430 3211 3531 3264 οὐκ
3570 3213 3637 3265 ἀν

2064 3286 2399 3358 διακονήσειε
2427 3290 2652 3361 τοιούτῳ
2685 3291 2991 3363 πράγματι,
3035 3292 3175 3346 ὥστε
3216 3294 3444 3367 είρήνην
3481 3296 3639 3365 εύαγ-

2066 3373 2374 3441 γελίςεσθαι
2405 3378 2501 3429 καὶ
2532 3377 2756 3448 εἰρήνην
2782 3377 2916 3431 Θεοῦ
2942 3379 3075 3450 πρὸς
3110 3380 3452 3451 ἀνθρώπους,
3482 3384 3636 3457 είρή·

2067 3478 2161 3533 νην
2193 3461 2345 3516 οὐδὲν
2394 3464 2677 3533 καμόντων
2731 3465 3053 3537 ἀνθρώπων,
3089 3466 3226 3522 ἀλλά
3266 3467 3361 3522 τοῦ
3394 3469 3529 3523 Θεοῦ
3574 3473 3636 3525 τὸ

2065 3552 2172 3604 πᾶν
2219 3551 2637 3622 ἐργασαμένου;
2693 3552 2759 3606 Τί
2813 3553 2871 3606 δέ
2916 3555 3065 3607 ἐστιν
3110 3557 3144 3626 ή
3202 3556 3488 3628 ἐτοιμασία
3539 3560 3634 3614 τοῦ

2064 3637 2419 3707 Εὐαγγελίου,
2468 3639 2792 3711 ἀκούσωμεν
2832 3641 3081 3696 Ἰωάννου
3133 3642 3402 3714 λέγοντος⁸
3442 3647 3626 3703 Ἑτοι-

2056 3723 2292 3793 μάσατε
2312 3725 2429 3793 τὴν
2451 3725 2597 3780 ὁδὸν
2613 3728 2859 3795 Κυρίου,
2888 3730 3125 3796 εὐθείας
3144 3731 3363 3785 ποιεῖτε
3385 3732 3492 3798 τὰς
3512 3735 3634 3801 τρί-

2062 3813 2202 3879 ϐους
2234 3812 2441 3867 αὐτοῦ.
2487 3813 2649 3867 Ἀλλά
2680 3813 2852 3867 ταῦτα
2874 3815 2974 3886 μὲν
3002 3818 3211 3881 ἐκεῖνος
3237 3818 3325 3872 διά
3343 3819 3405 3872 τὸ
3438 3818 3631 3889 βάπτι-

2064 3912 2176 3967 σμα
2199 3914 2214 3928 ·
2246 3900 2368 3953 ἐπεὶ
2393 3898 2450 3951 δὲ
2486 3898 2582 3952 καὶ
2620 3898 2788 3968 ἀλλης
2816 3902 3131 3972 ἐτοιμασίας
3166 3905 3301 3975 μετά
3331 3905 3391 3958 τὸ
3429 3905 3629 3976 βάπτι-

2064 4000 2175 4054 σμα
2200 3984 2297 4049 δεῖ,
2345 3985 2552 4056 ταύτην
2596 3985 2866 4041 δείκνυσιν
2916 3981 3093 4055 οὗτος,
3147 3992 3243 4044 καὶ
3290 3991 3470 4060 λέγει·
3527 3996 3630 4047 Ἔν

2060 4071 2369 4141 ἑτοιμασίᾳ
2398 4072 2506 4126 τοῦ
2526 4073 2897 4144 Edam-8.11m;
2925 4073 3034 4143 τῆς
3061 4078 3308 4146 εἰρήνης
3331 4095 3347 4111 ⁸
3387 4081 3625 4134 αἰνιττό-

2063 4174 2223 4226 μενος
2246 4157 2335 4211 διά
2359 4157 2570 4223 τούτου,
2611 4157 2750 4214 ὥστε
2789 4162 2955 4233 μηδὲν
2981 4163 3199 4229 ἀνάξιον
3227 4167 3487 4235 πράττειν
3506 4167 3628 4239 [τῆς

2060 4243 2327 4315 είρήνης].
2376 4242 2593 4317 Ἐπειδὴ
2642 4247 2753 4318 γάρ
2794 4248 2871 4312 ώς
2907 4251 2977 4303 τά
3029 4249 3198 4304 πολλά
3226 4252 3277 4303 οἱ
3328 4253 3488 4318 πόδες
3518 4257 3626 4308 είσὶ

2057 4332 2153 4386 τοῦ
2186 4331 2304 4402 βίου
2337 4332 2625 4403 σύμϐολον,
2659 4334 2747 4389 διά
2773 4335 2931 4390 τοῦτο
2961 4338 3197 4408 συνεχῶς
3226 4342 3509 4410 παραινῶν
3537 4342 3622 4394 λέ·-

2056 4438 2165 4490 γει,
2200 4419 2463 4475 Βλέπετε
2489 4420 2615 4489 πῶς
2651 4424 2905 4491 ἀκριϐῶς
2941 4426 3333 4495 περιπατεῖτε,
3367 4432 3495 4501 περὶ
3528 4432 3623 4483 τοῦ

2059 4511 2175 4580 βίου
2210 4511 2405 4580 λέγων.
2450 4510 2662 4565 Οὐκοῦν
2692 4513 2861 4581 ἀξίως
2888 4514 3301 4587 πολιτευώμεθα
3326 4517 3422 4570 τοῦ
3456 4519 3623 4588 my-

2055 4598 2256 4666 γελίου,
2298 4599 2391 4654 καὶ
2431 4598 2545 4669 βίον
2577 4601 2671 4653 καὶ
2716 4602 2944 4673 πράξεις
2988 4603 3234 4674 καθαρὰς
3272 4605 3624 4661 ἐπιδεικνυώ·

2058 4686 2195 4757 μεθα
2238 4687 2327 4742 διά
2368 4689 2549 4759 πάσης
2579 4689 2739 4760 ήμῶν
2790 4690 2889 4761 τῆς
2936 4690 3104 4762 ζωῆς.
3140 4691 3345 4763 Είρήνη
3377 4693 3626 4764 Εύηγγε·

2053 4775 2232 4846 λίσθη,
2272 4777 2390 4831 δότε
2442 4780 2555 4841 τοῖς
2588 4779 2940 4848 Εὐαγγελίοις
2976 4779 3186 4845 τούτοις
3219 4780 3438 4850 ἕτοιμον
3465 4783 3586 4836 ὁδόν
3605 4800 3619 4813 ·

2053 4866 2128 4929 ὡς
2152 4865 2247 4918 ἐάν
2273 4866 2434 4920 πάλιν
2456 4865 2642 4937 ἐχθροὶ
2674 4865 2925 4937 γένησθε,
2946 4867 3127 4920 οὐκέτι
3156 4868 3304 4921 ἐστὶν
3333 4868 3623 4940 ἐτοιμασία

2052 4953 2150 5022 τῆς
2181 4953 2421 5023 είρήνης.
2476 4952 2721 5022 Ἐτοιμοί
2762 4955 2909 5015 ἐστε,
2962 4953 3037 5026 μὴ
3082 4953 3452 5008 ἀναϐάλλεσθε
3485 4956 3623 5027 πρὸς

2052 5039 2291 5110 εἰρήνην.
2319 5038 2582 5111 Καθάπερ
2608 5039 2815 5111 ἕτοιμοι
2838 5040 3089 5108 ἐγένεσθε
3117 5041 3254 5113 πρὸς
3278 5042 3378 5111 τὴν
3396 5043 3622 5114 εἰρήνην

2051 5125 2146 5178 καὶ
2172 5125 2270 5196 τὴν
2303 5125 2507 5188 πίστιν,
2542 5124 2686 5179 οὕτω
2723 5126 2818 5179 κα)⁵
2856 5128 3195 5197 ἐπιμείνατε.
3234 5128 3442 5199 Θυρεός
3474 5131 3623 5183 ἐστιν

2051 5217 2084 5285 ἡ
2117 5214 2316 5277 πίστις,
2349 5212 2500 5286 [182]
2533 5214 2750 5285 πρῶτος
2769 5214 3059 5286 δεχόμενος
3090 5216 3189 5279 τάς
3223 5214 3334 5270 τῶν
3362 5218 3621 5272 ἐναντίων

2052 5300 2375 5373 προσϐολάς,
2428 5300 2524 5354 καὶ
2554 5301 2622 5354 τά
2658 5301 2800 5355 ὅπλα
2846 5300 3027 5372 τηρῶν
3072 5301 3312 5373 άτρωτα.
3370 5302 3498 5357 Ἐάν
3528 5300 3623 5358 οὖν

2050 5389 2232 5451 πίστις
2262 5387 2395 5459 ὀρθή
2424 5382 2574 5461 καὶ
2598 5387 2711 5457 βίος
2742 5388 2921 5460 ὀρθὸς,
2938 5388 3008 5441 τὰ
3038 5388 3178 5443 ὅπλα
3204 5388 3424 5460 ἄτρωτα
3446 5390 3620 5460 μένει.

2049 5473 2227 5529 Πολλά
2256 5474 2313 5527 δέ
2349 5477 2476 5545 περὶ
2506 5476 2742 5539 πίστεως
2765 5476 2861 5529 καὶ
2890 5475 3126 5546 ἀλλαχοῦ
3154 5475 3488 5544 διαλέγεται,
3518 5478 3621 5547 μά-

2047 5563 2205 5617 λιστα
2226 5561 2285 5616 δέ
2313 5562 2450 5633 πρὸς
2487 5561 2774 5635 Ἐϐραίους
2793 5563 3043 5635 γράφων,
3065 5562 3158 5615 xal
3188 5562 3317 5625 περὶ
3340 5563 3439 5633 τῆς
3470 5563 3623 5617 ἐλπί-

2044 5651 2153 5714 δος.
2191 5647 2519 5715 Πιστεύετε,
2564 5650 2720 5719 φησὶ,
2760 5654 2872 5714 τοῖς
2913 5649 3197 5720 μέλλουσιν
3242 5649 3490 5716 ἀγαθοῖς,
3523 5648 3623 5703 καὶ

2046 5737 2199 5790 οὐδὲν
2247 5734 2453 5790 τούτων
2481 5735 2845 5807 τρωθήσεται.
2897 5736 2986 5789 Ἐν
3024 5736 3133 5806 γὰρ
3175 5736 3287 5796 τοῖς
3321 5734 3534 5802 δεινοῖς,
3562 5738 3622 5788 ἐν
