2109 3133
681 2 1421 58 //,

93 55 678 86 ΛΜ

255 275 302 302 tot!
674 268 706 295 IN
726 266 835 295 EPIST.
857 266 901 293 AD
922 264 1041 293 I‘ZPIIES.
1061 263 1134 291 Cll).
1161 264 1203 291 γι.
1225 264 1338 293 llUMIL.
1361 264 1454 293 XXIV.
1829 267 1881 296 no

251 334 327 361 etiam
342 331 425 363 lides;
447 328 535 356 omnia
550 328 621 355 cnim
635 327 660 354 ei
672 326 778 353 cedunt.
795 323 828 351 In
841 331 891 357 quo
905 321 1034 358 poteritis,

251 377 332 412 inquit
342 398 350 408 ,
370 376 455 404 omnia
469 375 518 402 tela
531 373 676 408 nequissimi
688 372 762 408 ignea
780 370 948 405 exstinguere.
967 366 1036 395 Nihil

249 424 317 450 enim
332 425 419 457 potest
431 421 482 448 hoc
501 424 605 447 sctttum
621 416 781 445 discindere.
796 415 863 442 Audi
877 414 949 442 enim
962 413 1038 440 (ὶιιι-ἰ-

248 475 316 497 stunt
332 469 467 496 dicentem
477 465 636 500 discipulis:
653 464 683 492 Si
694 462 806 490 habeatis
820 461 896 495 ﬁdem
910 465 1038 494 tamquam

250 523 354 550 granum
368 513 483 547 sinapis,
499 511 587 538 dict-tis
600 510 658 536 huic
672 508 771 535 monti:
786 507 878 534 Transi
893 506 951 531 hinc
966 504 1037 536 illur,

249 567 270 590 et
283 561 398 588 transibit
414 559 522 593 (Matth.
539 559 582 584 l7.
598 557 654 592 l9).
668 554 809 589 Quomodo
825 559 913 579 autem
930 550 1038 577 habebi-

247 616 306 635 mus
321 607 421 634 (idem?
436 605 547 640 Quando
563 603 607 631 illa
629 607 702 630 recte
721 600 894 636 gesserimus.
914 598 977 624 Tela
993 605 1038 623 au-

249 659 300 680 teut
315 654 374 686 ejus
389 652 452 678 dicit
475 649 654 681 tentationes,
677 646 857 679 absurdasquc
876 648 902 670 et
924 642 1039 669 nefarias

248 700 417 734 cupiditates.
430 698 513 724 Recte
524 695 631 728 adjecit.
647 693 725 728 Ignea
738 701 746 719 :
763 692 828 718 tales
841 691 911 717 cnim
923 693 983 716 sunt
993 696 1039 714 cu-

248 746 383 780 piditates.
399 744 474 778 Quod
488 743 508 770 si
524 742 590 769 litics
604 739 743 775 imperavit
758 737 938 767 dmmouibus,
956 734 1039 762 multo

248 792 334 826 magis
345 790 424 817 animi
437 789 516 815 vitiis.
531 788 561 814 Et
576 787 682 822 galeam,
698 785 794 818 inquit,
808 783 897 811 salutis
910 781 1038 812 assumite,

248 843 363 870 vestrte,
384 838 508 871 inquam,
528 834 633 861 salutis.
657 833 708 859 Eos
723 832 792 858 enim
808 829 992 857 circumvallat
1014 831 1041 853 et

248 883 335 910 munit
349 883 422 917 quasi
438 882 565 908 ducturus
578 880 611 906 ad
628 886 753 913 pugnam.
776 876 808 903 Et
821 875 935 910 gladium
964 873 1040 908 spiri-

246 934 297 959 tus,
315 930 378 963 quod
395 933 431 953 est
445 927 544 953 verbum
563 924 617 951 Dei.
633 923 694 951 Sive
715 922 838 957 spiritum
854 920 927 948 dicit.
943 920 998 945 sive
1014 918 1039 944 lu

244 974 336 1008 gladio
350 972 490 1007 spirituali.
507 971 558 998 Per
574 978 634 997 etttn
649 969 720 995 ettint
736 972 862 994 secantur
873 965 961 992 omnia
972 984 979 997 ,
993 972 1041 998 per

245 1029 309 1046 eunt
325 1019 412 1045 nuntia
427 1018 596 1049 scinduntur,
609 1021 636 1044 et
648 1024 694 1050 per
708 1022 768 1042 eum
783 1018 950 1047 atnputantus
963 1016 1042 1045 caput

245 1067 383 1093 draconis.
402 1065 444 1091 18.
462 1064 513 1090 Per
527 1071 626 1090 onmem
641 1062 779 1088 orationem
792 1065 814 1087 et
827 1060 1019 1087 obsecrationem
1033 1078 1040 1088 ,

245 1111 349 1145 inquit,
364 1115 463 1136 orante:
485 1109 552 1135 omni
567 1112 679 1141 tempore
692 1107 718 1133 in
732 1106 822 1140 spiritu
832 1126 839 1137 ,
854 1110 877 1131 et
892 1105 918 1131 in
932 1106 988 1138 ipso
1003 1103 1041 1129 υἱ-

245 1157 373 1190 gilantes,
389 1155 414 1180 in
429 1154 496 1180 ontni
509 1153 631 1180 instantia
646 1156 669 1178 et
684 1151 855 1178 obsecratione
867 1158 912 1184 pro
927 1149 1041 1176 omnibus

244 1201 359 1231 sanctis,
377 1200 419 1227 l9.
434 1205 458 1226 et
473 1208 517 1233 pro
531 1207 579 1230 me,
593 1203 618 1224 at
630 1198 704 1224 detur
715 1197 776 1223 mihi
788 1205 867 1223 sernto
878 1196 904 1222 in
915 1195 1043 1229 apertione

243 1248 301 1273 oris
323 1255 380 1273 cum
401 1246 513 1279 ﬁducia,
537 1250 623 1271 notum
645 1246 728 1278 facere
742 1242 886 1277 mysterium
903 1241 1041 1275 evangelii,

241 1295 289 1321 20.
311 1302 356 1327 pro
376 1300 425 1326 quo
447 1291 572 1326 legatione
592 1290 685 1324 [ungor
699 1289 724 1314 in
740 1293 842 1318 catena,
858 1288 893 1313 ita
909 1292 934 1313 ut
949 1287 975 1313 in
988 1287 1042 1319 ipso

241 1340 357 1367 mult-am
373 1343 447 1372 prout
461 1342 558 1371 oportet
574 1344 613 1362 nte
628 1335 706 1369 loqui.
722 1335 795 1361 Sicut
810 1334 854 1360 υίξί
871 1333 980 1360 verbum
996 1341 1042 1367 pu-

243 1392 299 1412 test
315 1385 419 1416 omnia,
439 1384 473 1409 ita
487 1383 567 1410 etiam
586 1381 630 1416 qui
647 1382 757 1415 gratiam
773 1380 851 1406 habet
865 1378 1040 1412 spiritualetn.

247 1431 331 1458 Vivus
344 1435 381 1457 est
395 1429 479 1461 enim,
497 1428 597 1462 inquit,
615 1434 695 1453 sermo
717 1425 763 1451 Dei
777 1430 799 1451 et
815 1425 913 1459 efﬁcax.
930 1429 953 1450 et
970 1432 1044 1457 pene-

242 1477 366 1504 ιταὺίίὶοΓ
375 1475 443 1502 οηιηὶ
454 1474 539 1510 gladio
549 1473 654 1506 ancipiti
669 1471 759 1506 (llebr.
772 1471 798 1497 Δ.
813 1470 867 1504 12).
879 1470 944 1497 Vide
955 1474 1042 1518 :lltlc‘ll

243 1524 320 1551 beati
336 1523 414 1556 hujus
429 1520 608 1556 prudentiam.
623 1518 743 1545 Armavit
757 1525 804 1544 eos
819 1516 1042 1551 diligentissime:

243 1568 385 1604 quomodo
397 1571 488 1603 postea
502 1569 626 1600 oporteat
642 1565 741 1599 Regem
758 1563 892 1593 invocare.
910 1567 935 1589 et
949 1569 1044 1596 rogare

245 1620 275 1642 ut
292 1622 402 1642 utanum
426 1613 558 1647 porrigat,
576 1611 656 1638 docet
671 1619 677 1636 :
702 1609 753 1636 Per
773 1617 871 1635 omnem
886 1608 1042 1640 orationem,

246 1661 337 1695 inquit
347 1680 354 1693 ,
369 1664 393 1686 et
410 1659 604 1685 obsecrationem
619 1660 719 1683 orantes
734 1654 803 1681 omni
813 1660 933 1688 tempore,
950 1654 975 1680 in
989 1653 1043 1687 spi-

245 1707 312 1732 ritu.
330 1705 421 1732 Potcst
433 1704 504 1731 enim
528 1702 588 1737 quis
606 1702 631 1728 in
651 1701 745 1735 spiritu
762 1708 814 1728 tton
830 1708 922 1732 orare,
938 1698 1044 1734 quando

247 1751 319 1778 futili
335 1751 418 1777 utitur
428 1749 558 1777 oratione.
570 1747 603 1774 Et
617 1748 642 1773 in
653 1747 718 1780 ipso,
731 1746 826 1780 inquit,
841 1746 981 1780 rigilrnttes,
995 1744 1045 1771 ltoc

249 1802 308 1828 est,
332 1797 421 1823 sobrie
442 1799 562 1831 agentes.
585 1794 674 1820 Talent
698 1793 768 1819 enim
783 1796 889 1826 oportet
911 1798 970 1817 esse
983 1798 1043 1816 ctntt

250 1843 298 1877 qui
312 1848 352 1870 est
366 1847 500 1872 armatus.
520 1840 564 1876 qui
580 1844 632 1867 stat
649 1839 718 1874 apttd
734 1839 850 1873 Regem,
868 1844 964 1870 ncntpc
980 1837 1044 1870 vigi-

255 1889 355 1915 lantem
369 1893 393 1915 et
408 1888 537 1914 sobrium.
560 1885 592 1912 In
609 1885 677 1912 ontni
691 1885 810 1911 instantia
831 1889 854 1909 et
876 1883 1046 1909 obsecratione

257 1943 304 1967 pro
319 1933 433 1960 omnibus
446 1933 537 1959 sanctis
550 1936 572 1959 et
588 1940 633 1965 pro
646 1939 684 1957 me
694 1950 701 1962 ,
718 1935 745 1956 ut
762 1930 836 1955 detur
847 1928 908 1954 mihi
922 1935 1004 1954 sermo
1019 1928 1044 1953 in

254 1979 389 2012 apertione
405 1980 455 2004 oris
470 1978 525 2004 mei.
543 1977 607 2011 Quid
629 1977 712 2009 dicis,
733 1983 749 2002 ο
764 1975 840 2002 beato
863 1974 963 2001 Paule?
978 1981 1044 2007 opus

254 2027 339 2054 ltabes
351 2025 507 2060 discipulis?
517 2024 598 2052 Recte
613 2028 700 2051 autern
715 2023 791 2052 dixit.
807 2021 838 2048 In
852 2021 982 2056 apertione
994 2021 1044 2047 oris

252 2074 312 2100 mei.
328 2073 386 2100 Non
401 2080 464 2107 ergo
487 2070 663 2098 meditabatur
684 2077 743 2103 qua).
766 2068 882 2099 diccbat,
907 2066 953 2093 sed
977 2067 1045 2093 sicut

248 2119 319 2146 dixit
333 2118 465 2150 Christus,
483 2117 591 2150 Quando
603 2124 645 2142 vos
661 2115 820 2146 tradiderint,
837 2122 867 2140 ne
877 2113 979 2140 solliciti
992 2113 1045 2139 sitis

248 2165 378 2199 quomodo
390 2170 433 2191 aut
448 2164 508 2200 quid
523 2163 659 2198 loquamini
673 2170 681 2188 :
695 2162 795 2187 dabitur
807 2161 871 2187 enim
884 2161 951 2187 vobis
962 2160 987 2186 in
1000 2160 1045 2185 illa

249 2213 316 2238 Itora
328 2211 388 2245 quid
405 2210 543 2243 quuumini
562 2207 675 2242 (Matth.
694 2207 736 2233 10.
753 2207 801 2240 19)
816 2214 822 2232 :
839 2206 871 2231 ita
889 2205 940 2232 title
952 2204 1045 2239 agebat

249 2258 358 2290 omnia,
374 2256 463 2283 omnia
478 2264 525 2290 per
539 2255 660 2290 gratiam.
679 2253 741 2280 Cum
756 2253 849 2286 ﬁducia
860 2273 866 2284 ,
882 2253 981 2287 inquit,
997 2260 1044 2277 tto-

250 2309 306 2330 tttm
321 2305 404 2338 {acere
418 2301 564 2337 mysterium
579 2300 709 2334 evangelii.
731 2299 786 2325 lluc
801 2304 840 2325 est
851 2319 858 2329 ,
876 2302 902 2324 ut
926 2297 1045 2331 apposite

251 2357 299 2376 ttte
313 2349 463 2376 defendam.
479 2346 665 2374 Circumdalus
682 2354 711 2373 es
724 2345 826 2372 catenis
837 2364 844 2376 ,
861 2348 888 2370 et
903 2343 961 2369 aliis
976 2342 1045 2368 indi-

251 2395 320 2429 ges?
334 2395 428 2426 Etiam,
446 2393 530 2428 inquit
543 2402 549 2418 ι
565 2400 624 2419 nam
639 2392 733 2419 Petrus
746 2399 850 2426 quoquc.
863 2394 919 2416 erat
932 2390 1046 2415 circum-

252 2441 334 2467 datus
348 2446 456 2471 catena;
481 2439 528 2466 sed
551 2444 638 2465 tamen
663 2438 748 2465 oratio
771 2438 828 2463 sine
851 2435 1046 2463 intermissione

254 2487 336 2514 ﬁebat
351 2486 417 2521 (Art.
433 2485 474 2512 l2:
490 2485 530 2519 5).
542 2484 596 2510 Pro
606 2492 655 2518 quo
669 2483 793 2518 legatione
806 2485 899 2517 [nugor
912 2480 938 2506 in
947 2485 1045 2511 catena,

248 2530 291 2558 ita
304 2537 329 2559 ut
342 2532 369 2558 in
383 2532 439 2565 ipso
454 2530 562 2556 audeant
575 2533 647 2563 prout
662 2533 759 2562 oportet
774 2536 812 2553 me
826 2527 902 2560 loqui.
918 2526 972 2552 llttc
988 2532 1044 2557 cst,

252 2583 284 2604 ut
298 2586 359 2605 cum
374 2578 468 2603 llducia
483 2581 508 2602 et
522 2575 627 2602 dicendi
640 2576 770 2604 libertate,
781 2582 840 2600 cunt
855 2573 935 2599 attiltti
953 2573 1048 2598 virtute

250 2628 282 2650 et
295 2632 356 2651 cum
369 2624 449 2649 multa
465 2622 605 2657 prudentia
620 2620 805 2656 respondcatn.
821 2619 866 2646 2|.
885 2618 917 2645 (lt
931 2624 1013 2644 autem
1025 2623 1047 2644 rt

252 2678 297 2695 vos
311 2668 397 2694 sciatis
410 2675 466 2700 quia
479 2667 547 2693 circa
563 2674 601 2692 me
615 2670 682 2697 sunt,
699 2665 760 2698 quid
776 2673 848 2698 ngam
860 2685 866 2695 ,
884 2664 967 2689 omnia
981 2663 1048 2689 vobis

253 2719 313 2740 nota
326 2714 401 2748 faciet
414 2712 551 2747 Tyc/tictts,
564 2712 708 2737 carissimus
720 2710 799 2744 frater
809 2715 831 2735 et
844 2709 925 2742 ﬁdelis
938 2710 1049 2735 minister

251 2760 281 2784 in
298 2758 413 2784 Domino.

290 2804 317 2831 2.
341 2803 473 2837 Quoniam
494 2806 584 2829 autem
604 2801 723 2828 memmit
743 2800 926 2830 vinculorum,
950 2799 1051 2826 dimisit

253 2850 336 2876 etiam
352 2848 451 2883 aliquid
472 2847 593 2883 Tycltico
615 2846 685 2882 quod
707 2846 740 2873 de
754 2854 783 2873 sc
802 2846 883 2873 dicat.
905 2845 970 2872 Nam
992 2852 1051 2879 qua:

256 2896 428 2928 pertinebant
439 2894 548 2929 quidem
562 2894 595 2920 ad
609 2893 731 2928 dogmata
743 2897 770 2921 et
779 2892 812 2920 ad
824 2892 1051 2925 exhortationem,

255 2948 288 2967 ea
304 2940 456 2968 declarabat
478 2947 529 2975 per
548 2938 687 2974 epistolam
702 2946 710 2966 :
725 2946 784 2974 quat
802 2943 891 2966 autent
913 2938 946 2965 ad
967 2938 1051 2965 solam

257 2984 509 3019 denuntiationem,
530 2991 561 3012 ea
578 2983 744 3018 relinquebat
759 2983 913 3017 tabellario;
939 2983 1050 3018 ideoque

1092 320 1238 356 subjuttgit,
1257 320 1290 349 Ut
1302 322 1398 354 sciatis,
1416 321 1511 357 inquit,
1525 330 1582 357 qut:
1595 323 1663 349 circa
1682 331 1727 350 uos
1741 330 1817 358 sunt,
1831 329 1882 352 hoc

1091 369 1147 398 est,
1164 372 1192 393 ut
1206 366 1326 394 discatts.
1342 367 1398 395 Hoc
1414 372 1442 395 et
1455 368 1514 403 ejus
1534 369 1559 396 in
1576 369 1649 403 ipsos
1667 371 1823 397 ostt-tultebat
1839 371 1883 399 di-

1092 411 1243 444 lectionem,
1256 416 1284 440 et
1296 413 1403 441 illorutn
1415 414 1441 441 io
1457 414 1555 450 ipsum.
1569 415 1615 442 ἓξ.
1632 415 1712 450 Quem
1725 417 1783 444 misi
1794 418 1829 444 ad
1841 426 1883 446 nos

1091 457 1118 484 in
1133 459 1180 485 hoc
1190 459 1284 493 ipsum,
1301 465 1328 486 ut
1339 463 1496 496 cognoscatis
1506 470 1563 497 qua
1572 464 1640 490 circa
1652 472 1698 491 nos
1708 470 1777 497 sunt.
1790 470 1814 492 et
1824 474 1884 493 con-

1092 505 1185 531 soletur
1195 506 1272 532 corda
1285 511 1376 534 vestra.
1389 507 1443 535 Nec
1456 507 1508 536 hoc
1519 508 1577 536 sine
1588 517 1667 537 musa
1679 511 1753 541 dicit.
1766 511 1812 539 sed
1823 519 1884 539 cutn

1094 550 1166 584 pritts
1189 551 1316 584 dixisset,
1335 552 1425 580 Iudatt'
1439 558 1462 580 et
1476 555 1614 588 succincti,
1636 556 1706 590 quod
1722 557 1829 592 quidem
1844 563 1885 585 est

1094 595 1238 629 indicium,
1254 597 1326 631 quod
1346 605 1453 633 semper
1474 600 1660 634 progrediatur
1679 606 1704 628 ct
1727 603 1786 630 sine
1801 604 1884 630 inter—

1094 641 1230 669 missione.
1256 645 1323 671 Audi
1345 646 1418 673 enim
1438 647 1594 681 prophetam
1616 648 1771 677 dicentem:
1790 649 1848 677 Fiat
1863 652 1885 677 ei

1093 688 1157 714 sicut
1172 691 1344 717 vestimentum
1360 701 1409 726 quo
1424 694 1548 725 induitur,
1565 699 1588 721 et
1601 696 1667 721 sicut
1679 704 1743 721 zona
1757 705 1807 730 qua
1827 706 1884 731 per.

1094 739 1168 767 petua
1185 737 1347 770 prcecingitnr
1368 737 1451 771 (l’sal.
1471 739 1531 766 108.
1548 739 1605 774 19).
1628 739 1760 775 Propheta
1780 750 1885 777 quoque

1094 779 1158 806 dit-it
1178 781 1259 807 Deum
1283 782 1403 808 iudututn
1427 790 1487 810 es~c
1502 784 1611 812 thorace
1629 785 1757 819 justitizc,
1773 794 1820 821 per
1835 787 1885 815 hoc

1095 833 1143 852 nos
1158 826 1291 859 erudiens,
1308 828 1377 862 qund
1389 836 1504 863 semper,
1513 831 1603 857 nonad
1615 831 1698 858 breve
1710 833 1884 867 temputhtcc

1095 870 1194 898 habere
1209 878 1347 906 oporteat;
1371 882 1477 909 semper
1500 876 1571 903 enim
1595 877 1666 904 bello
1690 883 1731 905 est
1752 886 1829 913 opus.
1855 880 1885 906 Et

1094 916 1161 943 alius
1174 917 1246 951 alibi,
1261 918 1352 946 Justus
1365 920 1430 946 enim
1440 940 1447 953 ,
1463 921 1546 955 inquit
1556 942 1564 953 ,
1582 923 1686 956 conﬁdit
1700 928 1727 949 ut
1742 925 1780 950 lro
1794 924 1885 960 (Prov.

1094 962 1138 988 ‘28.
1153 962 1190 996 l).
1209 963 1273 990 Nam
1288 964 1333 998 qul
1347 970 1388 992 cst
1407 966 1445 993 sic
1461 966 1540 993 lorica
1556 967 1662 995 indutus
1673 990 1680 1001 ,
1699 970 1753 996 lieri
1769 978 1821 997 tton
1838 979 1886 1006 po-

1096 1013 1147 1034 test
1158 1013 1186 1035 ut
1197 1009 1351 1037 instructam
1367 1012 1458 1038 titueat
1473 1013 1567 1044 aciem,
1584 1013 1629 1040 scd
1643 1014 1666 1039 itt
1680 1015 1782 1042 medios
1798 1017 1886 1044 hostes

1094 1060 1134 1081 est
1148 1055 1173 1081 ei
1189 1055 1370 1084 ittsiliettdum.
1389 1058 1421 1084 Et
1436 1058 1535 1085 Isaias:
1555 1059 1680 1093 Speciosi,
1699 1061 1795 1096 ittqttit,
1812 1065 1887 1098 pedes

1095 1108 1181 1126 eorum
1197 1101 1239 1134 qui
1253 1110 1339 1136 pacem
1357 1105 1508 1131 annttntiant
1530 1104 1605 1141 (Isai.
1622 1106 1666 1133 5‘2.
1683 1108 1720 1142 7).
1743 1107 1808 1141 Quis
1831 1117 1884 1136 non

1095 1148 1259 1180 cucurrerit,
1277 1150 1335 1183 quis
1351 1150 1412 1177 huic
1432 1151 1470 1178 rei
1494 1160 1546 1179 non
1562 1153 1699 1186 servierit,
1714 1155 1820 1189 quando
1838 1164 1887 1191 pax

1095 1195 1285 1228 annuntiatur;
1301 1204 1364 1231 pax,
1382 1198 1500 1232 inquam,
1514 1200 1558 1226 Dei
1570 1208 1629 1227 cunt
1644 1200 1808 1235 hominibus,
1825 1212 1885 1237 pax.

1095 1247 1156 1267 cum
1173 1241 1295 1268 homines
1312 1243 1419 1270 minime
1440 1244 1638 1279 laboraverint,
1654 1246 1700 1273 sed
1718 1248 1788 1274 Deus
1803 1253 1887 1275 to'um

1095 1284 1208 1313 lcccrit?
1223 1287 1290 1320 Quid
1305 1288 1339 1314 sit
1352 1294 1441 1315 autent
1455 1292 1616 1325 pra-paratio
1630 1292 1761 1327 evangelii
1772 1313 1779 1325 .
1795 1294 1888 1321 antlia-

1097 1338 1155 1357 mus
1165 1331 1295 1359 Joanuem
1312 1333 1447 1361 dicentem
1459 1356 1465 1366 ,
1486 1334 1579 1363 Parata
1595 1337 1661 1363 viam
1677 1337 1779 1364 Domini
1789 1358 1797 1370 .
1810 1343 1889 1365 rectus

1096 1378 1172 1410 facite
1181 1379 1282 1405 semitas
1295 1380 1349 1413 ejus
1362 1380 1465 1413 (Matth.
1479 1381 1504 1408 5.
1518 1382 1558 1416 5).
1572 1382 1672 1410 Verum
1684 1383 1742 1411 hac
1753 1384 1889 1411 dumtaxat

1097 1428 1205 1457 propter
1218 1424 1346 1458 baptisma
1359 1426 1435 1452 dixit.
1447 1426 1578 1459 Quoniam
1594 1436 1657 1455 vero
1668 1429 1718 1455 alia
1730 1430 1810 1457 etiam
1823 1438 1889 1465 pra:-

1097 1470 1235 1503 paratione
1249 1479 1316 1505 opus
1330 1477 1369 1498 est
1385 1478 1444 1507 post
1466 1474 1596 1508 baptisma
1607 1496 1613 1506 ,
1631 1475 1698 1502 hanc
1719 1477 1835 1504 ostendit
1851 1478 1891 1505 tli-

1097 1523 1171 1547 cens,
1187 1516 1219 1543 In
1235 1519 1423 1552 prwparatione
1435 1521 1558 1554 euangelii
1571 1522 1651 1555 pacis,
1669 1522 1783 1549 inuucns
1797 1523 1890 1550 vidi-li-

1097 1566 1149 1594 cet,
1163 1567 1190 1588 ιιι
1204 1563 1269 1590 nihil
1281 1571 1391 1599 agamus
1406 1573 1472 1600 pace
1488 1566 1634 1601 indignum.
1651 1568 1715 1595 Natu
1726 1570 1851 1603 quoniam
1864 1576 1890 1596 ut

1098 1607 1240 1641 plurimmtt
1253 1609 1335 1643 pedes
1347 1616 1406 1636 sunt
1421 1611 1481 1638 vita:
1492 1612 1655 1646 symbolum,
1671 1619 1809 1648 propterea
1820 1622 1890 1649 sa‘pe
1904 1622 1906 1627 '

1097 1653 1245 1682 adtttoncns
1271 1655 1354 1688 dicit,
1387 1656 1474 1684 Videte
1501 1660 1627 1690 quomodo
1654 1665 1740 1686 exacto
1761 1662 1891 1687 ambuletis

1097 1700 1214 1733 (Ephes.
1232 1701 1258 1728 5.
1278 1701 1337 1736 15),
1354 1701 1387 1729 de
1403 1703 1455 1729 vita
1478 1704 1600 1737 loquens.
1625 1704 1715 1739 itaque
1736 1713 1845 1740 agamus
1865 1712 1893 1735 et

1097 1747 1270 1773 ostendamus
1285 1755 1344 1780 qua:
1358 1752 1419 1774 sunt
1435 1748 1513 1783 digna
1525 1750 1674 1783 cvangelio,
1689 1758 1786 1785 nempe
1798 1752 1889 1782 vitam,

1097 1795 1124 1817 et
1139 1792 1251 1818 mutnlas
1264 1792 1384 1819 actiones
1404 1801 1451 1827 per
1467 1798 1548 1820 lotam
1564 1795 1644 1821 vitant
1658 1799 1789 1824 nostram.
1805 1798 1890 1824 l'lvau-

1097 1837 1167 1871 gelio
1183 1846 1231 1872 pax
1245 1842 1285 1864 est
1295 1839 1462 1873 atttttttttiata,
1475 1840 1536 1867 date
1548 1841 1615 1867 viam
1631 1847 1749 1876 paratam
1757 1843 1802 1870 'ltis
1815 1844 1890 1871 bonis

1099 1884 1217 1911 nuntiis:
1236 1885 1306 1919 quod
1321 1885 1343 1912 si
1358 1893 1450 1913 rursus
1465 1886 1526 1913 facti
1542 1887 1644 1915 hterilis
1657 1888 1767 1921 inimici,
1786 1896 1890 1917 nonest

1097 1930 1211 1965 amplius
1228 1931 1298 1965 pacis
1309 1933 1478 1966 praeparatio.
1491 1933 1554 1961 Sitis
1568 1935 1665 1968 parati,
1678 1940 1704 1962 et
1718 1943 1750 1962 ne
1762 1935 1890 1963 dilferatis

1097 1977 1225 2005 accedere
1239 1978 1271 2004 ad
1287 1986 1390 2013 pacem.
1408 1979 1483 2007 Sicut
1499 1983 1582 2015 parati
1600 1982 1687 2009 fuistis
1702 1983 1734 2009 ad
1758 1992 1847 2017 pacem
1864 1990 1890 2011 ct

1098 2023 1185 2055 fidem,
1211 2024 1245 2050 ita
1262 2025 1341 2051 etiam
1366 2031 1528 2059 pertnattetc.
1548 2028 1658 2055 Scntutn
1672 2033 1713 2055 cst
1729 2029 1805 2062 ﬁdes,
1819 2033 1889 2064 quod

1098 2069 1212 2103 pritnum
1228 2070 1326 2104 excipit
1344 2071 1457 2097 iusultus
1475 2072 1655 2105 ittitnicorunt,
1672 2077 1699 2099 et
1714 2080 1787 2100 arma
1803 2080 1891 2101 servat

1098 2115 1190 2141 illa-sa.
1205 2115 1232 2141 Si
1247 2123 1311 2149 ergo
1328 2115 1394 2141 fides
1418 2117 1451 2142 sit
1468 2121 1537 2142 recta
1554 2122 1580 2143 et
1596 2118 1646 2142 vita
1663 2122 1751 2149 recta,
1769 2127 1841 2145 artua
1859 2121 1888 2146 il-

1097 2161 1158 2187 lassa
1183 2167 1300 2188 tttattent.
1324 2161 1412 2188 Multis
1432 2167 1520 2188 autem
1543 2163 1604 2189 alibi
1630 2163 1663 2190 de
1687 2164 1738 2191 lide
1762 2164 1889 2197 disserit.

1098 2207 1213 2233 maxime
1235 2207 1356 2233 St‘t‘lltt‘llS
1377 2207 1409 2233 :td
1434 2207 1561 2234 llcltrutos
1577 2207 1652 2242 (Cap.
1669 2210 1725 2243 1|),
1742 2215 1768 2237 ct
1783 2211 1816 2237 de
1832 2219 1888 2245 spe.

1097 2252 1214 2283 Credite,
1232 2252 1328 2285 inquit,
1344 2252 1421 2278 bouis
1437 2252 1543 2284 futuris,
1559 2258 1586 2280 ct
1598 2254 1663 2281 nihil
1681 2255 1774 2282 ltorunt
1788 2258 1891 2283 saucia—

1099 2297 1178 2323 bitur.
1195 2297 1258 2323 Nam
1274 2297 1299 2323 itt
1315 2296 1434 2324 adversis
1448 2302 1475 2324 et
1488 2298 1513 2324 in
1526 2298 1660 2326 laboribus
1674 2308 1748 2334 spent
1762 2302 1892 2335 objiciens

1098 2349 1125 2370 et
1141 2343 1236 2375 lident,
1254 2343 1296 2369 illa
1318 2344 1438 2371 servabis
1460 2344 1551 2371 illaesa.
1570 2344 1608 2371 Ad
1626 2345 1707 2372 Deum
1728 2347 1798 2373 enim
1814 2356 1891 2375 aete-

1099 2388 1206 2414 tlcntcnt
1221 2393 1327 2423 oportet
1346 2389 1457 2416 credere
1476 2390 1546 2424 quod
1569 2390 1618 2422 sit.
1642 2395 1668 2418 et
1692 2391 1724 2419 iis
1745 2393 1788 2427 qui
1805 2392 1889 2427 ipsum

1099 2438 1222 2468 qutcrunt
1242 2435 1270 2461 lit
1293 2440 1487 2462 rctuuncrator.
1513 2436 1591 2464 Fides
1613 2442 1655 2465 est
1678 2443 1782 2466 scutum
1799 2443 1892 2473 tegens

1100 2488 1146 2507 eos
1157 2480 1201 2515 qui
1216 2481 1273 2507 sine
1285 2481 1389 2507 curiosa
1402 2482 1594 2516 perquisitione
1604 2483 1733 2516 credunt;
1748 2484 1790 2511 sin
1802 2489 1890 2511 autent

1100 2527 1153 2553 sitit
1173 2527 1336 2561 sophismata
1353 2532 1379 2554 et
1401 2529 1518 2555 rationes
1539 2533 1565 2555 et
1581 2530 1803 2563 reprehensiones
1814 2550 1822 2563 ,
1838 2538 1891 2557 non

1102 2577 1142 2599 est
1157 2577 1261 2600 scutum
1273 2594 1279 2604 ,
1296 2574 1341 2600 sed
1363 2581 1412 2600 ttos
1427 2574 1545 2608 impedit.
1563 2574 1635 2601 Talis
1649 2575 1683 2602 sit
1698 2575 1765 2603 ﬁdes
1784 2582 1812 2604 ut
1832 2577 1892 2605 uni«

1102 2627 1208 2646 versum
1224 2625 1349 2655 contegat
1364 2626 1390 2646 et
1404 2620 1554 2647 obumbret.
1569 2621 1606 2647 Nc
1618 2622 1652 2647 sit
1668 2629 1731 2657 ergo
1745 2623 1831 2650 brevis
1842 2645 1849 2657 .
1864 2630 1893 2652 ut

1103 2665 1188 2692 ttudos
1202 2666 1271 2691 sittat
1286 2666 1366 2699 pedes
1376 2686 1383 2697 ,
1399 2671 1443 2691 aut
1459 2666 1558 2700 aliqttid
1575 2667 1645 2693 aliud
1659 2688 1665 2698 .
1680 2668 1727 2695 sed
1741 2669 1775 2696 sit
1789 2675 1893 2697 scutum

1100 2711 1197 2744 justam
1211 2711 1312 2737 habens
1325 2711 1518 2745 synunctriant.
1536 2711 1626 2746 Ignea.
1642 2713 1709 2740 Sunt
1722 2715 1792 2742 ettim
1805 2716 1896 2743 multat

1102 2756 1311 2789 disceptationes
1325 2755 1441 2781 animant
1456 2760 1580 2788 urentes,
1595 2757 1684 2784 multa:
1699 2759 1877 2787 dubitationes
1887 2781 1894 2792 .

1104 2802 1194 2828 multa:
1215 2801 1378 2836 qumstiones
1399 2800 1622 2835 inexplicabiles;
1648 2803 1695 2830 sed
1716 2812 1808 2832 revera
1831 2805 1896 2833 ilch

1104 2847 1167 2875 facit
1199 2852 1228 2874 ut
1257 2846 1348 2873 omnia
1376 2852 1492 2874 cessent.
1517 2847 1597 2874 Multa
1629 2848 1748 2876 immittit
1775 2849 1895 2879 diabolus

1105 2898 1223 2920 nostram
1233 2891 1402 2919 inﬂammatis
1411 2893 1537 2925 animam.
1544 2892 1713 2921 etadducens
1720 2895 1753 2922 ad
1764 2896 1882 2932 ambigui
1890 2912 1897 2917 -

1106 2943 1187 2965 tatem
1199 2959 1206 2971 ,
1222 2943 1251 2965 ut
1261 2937 1369 2972 quando
1379 2938 1471 2966 dicunt
1486 2938 1567 2974 aliqui
1577 2959 1585 2972 ,
1599 2938 1731 2975 Numqttid
1751 2946 1794 2969 cst
1807 2949 1897 2970 resur-

1108 2983 1209 3011 rcctio?
1224 2982 1352 3018 nutttquid
1363 2989 1404 3011 est
1416 2983 1544 3020 judicium
1553 2984 1568 3026 3.
1583 2986 1713 3020 numquid
1721 2991 1761 3015 est
1777 2993 1899 3016 remutte-
