  <div class='ocr_page' id='page_1' title='image "/cluster/home/n/w/nwhite01/storage/ocr_20150623/62/mdp.39015008622626/177.png"; bbox 0 0 4218 6266; ppageno 0'>
   <div class='ocr_carea' id='block_1_1' title="bbox 406 347 2903 412">
    <p class='ocr_par' dir='ltr' id='par_1_1' title="bbox 406 347 2903 412">
     <span class='ocr_line' id='line_1_1' title="bbox 406 347 2903 412; baseline -0.003 -1"><span class='ocrx_word' id='word_1_1' title='bbox 406 356 498 412; x_wconf 75' lang='lat' dir='ltr'><strong>f&#39;li</strong></span> <span class='ocrx_word' id='word_1_2' title='bbox 1117 353 1175 410; x_wconf 87' lang='lat' dir='ltr'><strong>S.</strong></span> <span class='ocrx_word' id='word_1_3' title='bbox 1210 347 1485 409; x_wconf 73' lang='lat' dir='ltr'><strong>JOANNIS</strong></span> <span class='ocrx_word' id='word_1_4' title='bbox 1519 349 1984 406; x_wconf 74' lang='lat' dir='ltr'><strong>CIIRYSOSTOMI</strong></span> <span class='ocrx_word' id='word_1_5' title='bbox 2025 347 2334 405; x_wconf 76' lang='lat' dir='ltr'><strong>ARCIIIEP.</strong></span> <span class='ocrx_word' id='word_1_6' title='bbox 2375 347 2903 407; x_wconf 73' lang='lat' dir='ltr'><strong>CONSTANTINOP.</strong></span> 
     </span>
    </p>
   </div>
   <div class='ocr_carea' id='block_1_2' title="bbox 401 463 1975 534">
    <p class='ocr_par' dir='ltr' id='par_1_2' title="bbox 401 463 1975 534">
     <span class='ocr_line' id='line_1_2' title="bbox 401 463 1975 534; baseline -0.005 -8"><span class='ocrx_word' id='word_1_7' title='bbox 401 469 580 526; x_wconf 82' lang='lat' dir='ltr'><strong>ratio?</strong></span> <span class='ocrx_word' id='word_1_8' title='bbox 606 469 698 524; x_wconf 81' lang='lat' dir='ltr'><strong>sed</strong></span> <span class='ocrx_word' id='word_1_9' title='bbox 727 469 772 522; x_wconf 89' lang='lat' dir='ltr'><strong>si</strong></span> <span class='ocrx_word' id='word_1_10' title='bbox 803 477 1010 524; x_wconf 88' lang='lat' dir='ltr'><strong>scutum</strong></span> <span class='ocrx_word' id='word_1_11' title='bbox 1037 465 1161 522; x_wconf 97' lang='lat' dir='ltr'><strong>ﬁdei</strong></span> <span class='ocrx_word' id='word_1_12' title='bbox 1191 465 1418 531; x_wconf 86' lang='lat' dir='ltr'><strong>habeas,</strong></span> <span class='ocrx_word' id='word_1_13' title='bbox 1447 465 1755 534; x_wconf 84' lang='lat' dir='ltr'><strong>exstingues</strong></span> <span class='ocrx_word' id='word_1_14' title='bbox 1778 463 1975 520; x_wconf 86' lang='lat' dir='ltr'><strong>diaboli</strong></span> 
     </span>
    </p>
   </div>
   <div class='ocr_carea' id='block_1_3' title="bbox 402 555 1981 626">
    <p class='ocr_par' dir='ltr' id='par_1_3' title="bbox 402 555 1981 626">
     <span class='ocr_line' id='line_1_3' title="bbox 402 555 1981 626; baseline -0.005 -10"><span class='ocrx_word' id='word_1_15' title='bbox 402 561 507 616; x_wconf 83' lang='lat' dir='ltr'><strong>tela</strong></span> <span class='ocrx_word' id='word_1_16' title='bbox 531 561 584 615; x_wconf 91' lang='lat' dir='ltr'><strong>in</strong></span> <span class='ocrx_word' id='word_1_17' title='bbox 611 560 734 614; x_wconf 79' lang='lat' dir='ltr'><strong>fide.</strong></span> <span class='ocrx_word' id='word_1_18' title='bbox 765 559 959 614; x_wconf 92' lang='lat' dir='ltr'><strong>lnvasit</strong></span> <span class='ocrx_word' id='word_1_19' title='bbox 979 565 1032 612; x_wconf 86' lang='lat' dir='ltr'><strong>te</strong></span> <span class='ocrx_word' id='word_1_20' title='bbox 1053 555 1283 612; x_wconf 89' lang='lat' dir='ltr'><strong>absurda</strong></span> <span class='ocrx_word' id='word_1_21' title='bbox 1309 555 1594 626; x_wconf 79' lang='lat' dir='ltr'><strong>cupiditas,</strong></span> <span class='ocrx_word' id='word_1_22' title='bbox 1629 557 1879 610; x_wconf 91' lang='lat' dir='ltr'><strong>incensus</strong></span> <span class='ocrx_word' id='word_1_23' title='bbox 1899 565 1981 609; x_wconf 89' lang='lat' dir='ltr'><strong>est</strong></span> 
     </span>
    </p>
   </div>
   <div class='ocr_carea' id='block_1_4' title="bbox 402 644 1977 720">
    <p class='ocr_par' dir='ltr' id='par_1_4' title="bbox 402 644 1977 720">
     <span class='ocr_line' id='line_1_4' title="bbox 402 644 1977 720; baseline -0.003 -16"><span class='ocrx_word' id='word_1_24' title='bbox 402 652 546 706; x_wconf 88' lang='lat' dir='ltr'><strong>intus</strong></span> <span class='ocrx_word' id='word_1_25' title='bbox 581 649 717 720; x_wconf 78' lang='lat' dir='ltr'><strong>ignis</strong></span> <span class='ocrx_word' id='word_1_26' title='bbox 747 650 1004 703; x_wconf 87' lang='lat' dir='ltr'><strong>malarum</strong></span> <span class='ocrx_word' id='word_1_27' title='bbox 1029 646 1451 718; x_wconf 83' lang='lat' dir='ltr'><strong>cogitationum?</strong></span> <span class='ocrx_word' id='word_1_28' title='bbox 1477 644 1698 715; x_wconf 86' lang='lat' dir='ltr'><strong>Oppone</strong></span> <span class='ocrx_word' id='word_1_29' title='bbox 1727 647 1776 701; x_wconf 89' lang='lat' dir='ltr'><strong>ei</strong></span> <span class='ocrx_word' id='word_1_30' title='bbox 1821 645 1977 700; x_wconf 88' lang='lat' dir='ltr'><strong>ﬁdem</strong></span> 
     </span>
    </p>
   </div>
   <div class='ocr_carea' id='block_1_5' title="bbox 398 736 1976 808">
    <p class='ocr_par' dir='ltr' id='par_1_5' title="bbox 398 736 1976 808">
     <span class='ocr_line' id='line_1_5' title="bbox 398 736 1976 808; baseline -0.003 -13"><span class='ocrx_word' id='word_1_31' title='bbox 398 744 697 798; x_wconf 87' lang='lat' dir='ltr'><strong>futurorum</strong></span> <span class='ocrx_word' id='word_1_32' title='bbox 741 740 1034 804; x_wconf 90' lang='lat' dir='ltr'><strong>bonorum,</strong></span> <span class='ocrx_word' id='word_1_33' title='bbox 1075 745 1132 794; x_wconf 85' lang='lat' dir='ltr'><strong>et</strong></span> <span class='ocrx_word' id='word_1_34' title='bbox 1171 753 1238 793; x_wconf 94' lang='lat' dir='ltr'><strong>ne</strong></span> <span class='ocrx_word' id='word_1_35' title='bbox 1275 738 1552 807; x_wconf 73' lang='lat' dir='ltr'><strong>apparebit</strong></span> <span class='ocrx_word' id='word_1_36' title='bbox 1581 737 1792 808; x_wconf 84' lang='lat' dir='ltr'><strong>quidem</strong></span> <span class='ocrx_word' id='word_1_37' title='bbox 1817 777 1832 802; x_wconf 96' lang='lat'><strong>,</strong></span> <span class='ocrx_word' id='word_1_38' title='bbox 1881 736 1976 790; x_wconf 82' lang='lat' dir='ltr'><strong>sed</strong></span> 
     </span>
    </p>
   </div>
   <div class='ocr_carea' id='block_1_6' title="bbox 294 827 1976 904">
    <p class='ocr_par' dir='ltr' id='par_1_6' title="bbox 294 827 1976 904">
     <span class='ocr_line' id='line_1_6' title="bbox 294 827 1976 904; baseline -0.002 -20"><span class='ocrx_word' id='word_1_39' title='bbox 294 870 308 884; x_wconf 91' lang='lat'><strong>.</strong></span> <span class='ocrx_word' id='word_1_40' title='bbox 400 833 614 904; x_wconf 87' lang='lat' dir='ltr'><strong>peribit.</strong></span> <span class='ocrx_word' id='word_1_41' title='bbox 649 831 832 886; x_wconf 68' lang='lat' dir='ltr'><strong>(latitia</strong></span> <span class='ocrx_word' id='word_1_42' title='bbox 855 827 956 884; x_wconf 82' lang='lat' dir='ltr'><strong>tela</strong></span> <span class='ocrx_word' id='word_1_43' title='bbox 977 845 997 884; x_wconf 91' lang='lat'><strong><em>:</em></strong></span> <span class='ocrx_word' id='word_1_44' title='bbox 1022 845 1128 888; x_wconf 85' lang='lat' dir='ltr'><strong>non</strong></span> <span class='ocrx_word' id='word_1_45' title='bbox 1153 827 1268 884; x_wconf 63' lang='lat' dir='ltr'><strong>haec</strong></span> <span class='ocrx_word' id='word_1_46' title='bbox 1290 829 1504 899; x_wconf 88' lang='lat' dir='ltr'><strong>quidem</strong></span> <span class='ocrx_word' id='word_1_47' title='bbox 1535 829 1856 898; x_wconf 87' lang='lat' dir='ltr'><strong>exstinguet,</strong></span> <span class='ocrx_word' id='word_1_48' title='bbox 1891 827 1976 882; x_wconf 90' lang='lat' dir='ltr'><strong>illa</strong></span> 
     </span>
    </p>
   </div>
   <div class='ocr_carea' id='block_1_7' title="bbox 396 923 1975 980">
    <p class='ocr_par' dir='ltr' id='par_1_7' title="bbox 396 923 1975 980">
     <span class='ocr_line' id='line_1_7' title="bbox 396 923 1975 980; baseline -0.004 0"><span class='ocrx_word' id='word_1_49' title='bbox 396 939 528 980; x_wconf 72' lang='lat' dir='ltr'><strong>vero</strong></span> <span class='ocrx_word' id='word_1_50' title='bbox 572 939 700 980; x_wconf 91' lang='lat' dir='ltr'><strong>non.</strong></span> <span class='ocrx_word' id='word_1_51' title='bbox 747 923 884 978; x_wconf 76' lang='lat' dir='ltr'><strong>Audi</strong></span> <span class='ocrx_word' id='word_1_52' title='bbox 931 923 1153 980; x_wconf 84' lang='lat' dir='ltr'><strong>Paulum</strong></span> <span class='ocrx_word' id='word_1_53' title='bbox 1193 923 1505 980; x_wconf 87' lang='lat' dir='ltr'><strong>dicentem:</strong></span> <span class='ocrx_word' id='word_1_54' title='bbox 1553 923 1800 977; x_wconf 71' lang='lat' dir='ltr'><strong>Existimo</strong></span> <span class='ocrx_word' id='word_1_55' title='bbox 1842 923 1975 976; x_wconf 88' lang='lat' dir='ltr'><strong>enim</strong></span> 
     </span>
    </p>
   </div>
   <div class='ocr_carea' id='block_1_8' title="bbox 394 1013 1977 1084">
    <p class='ocr_par' dir='ltr' id='par_1_8' title="bbox 394 1013 1977 1084">
     <span class='ocr_line' id='line_1_8' title="bbox 394 1013 1977 1084; baseline -0.002 -15"><span class='ocrx_word' id='word_1_56' title='bbox 394 1015 656 1084; x_wconf 79' lang='lat' dir='ltr'><strong>quodnon</strong></span> <span class='ocrx_word' id='word_1_57' title='bbox 699 1023 816 1068; x_wconf 89' lang='lat' dir='ltr'><strong>sunt</strong></span> <span class='ocrx_word' id='word_1_58' title='bbox 854 1013 1120 1083; x_wconf 65' lang='lat' dir='ltr'><strong>condigna:</strong></span> <span class='ocrx_word' id='word_1_59' title='bbox 1156 1014 1414 1084; x_wconf 74' lang='lat' dir='ltr'><strong>passiones</strong></span> <span class='ocrx_word' id='word_1_60' title='bbox 1453 1014 1605 1082; x_wconf 85' lang='lat' dir='ltr'><strong>hujus</strong></span> <span class='ocrx_word' id='word_1_61' title='bbox 1648 1014 1885 1082; x_wconf 87' lang='lat' dir='ltr'><strong>temporis</strong></span> <span class='ocrx_word' id='word_1_62' title='bbox 1909 1014 1977 1066; x_wconf 84' lang='lat' dir='ltr'><strong>ad</strong></span> 
     </span>
    </p>
   </div>
   <div class='ocr_carea' id='block_1_9' title="bbox 399 1103 1972 1176">
    <p class='ocr_par' dir='ltr' id='par_1_9' title="bbox 399 1103 1972 1176">
     <span class='ocr_line' id='line_1_9' title="bbox 399 1103 1972 1176; baseline -0.001 -19"><span class='ocrx_word' id='word_1_63' title='bbox 399 1110 620 1174; x_wconf 75' lang='lat' dir='ltr'><strong>futuram</strong></span> <span class='ocrx_word' id='word_1_64' title='bbox 641 1105 878 1174; x_wconf 76' lang='lat' dir='ltr'><strong>gloriam,</strong></span> <span class='ocrx_word' id='word_1_65' title='bbox 903 1121 1016 1176; x_wconf 67' lang='lat' dir='ltr'><strong>qua</strong></span> <span class='ocrx_word' id='word_1_66' title='bbox 1031 1103 1328 1159; x_wconf 67' lang='lat' dir='ltr'><strong>revelabitur</strong></span> <span class='ocrx_word' id='word_1_67' title='bbox 1351 1106 1402 1157; x_wconf 88' lang='lat' dir='ltr'><strong>in</strong></span> <span class='ocrx_word' id='word_1_68' title='bbox 1425 1105 1565 1160; x_wconf 87' lang='lat' dir='ltr'><strong>nobis</strong></span> <span class='ocrx_word' id='word_1_69' title='bbox 1586 1105 1604 1173; x_wconf 91' lang='lat'><strong>(</strong></span> <span class='ocrx_word' id='word_1_70' title='bbox 1614 1103 1762 1158; x_wconf 82' lang='lat' dir='ltr'><strong>Rom.</strong></span> <span class='ocrx_word' id='word_1_71' title='bbox 1781 1105 1836 1159; x_wconf 90' lang='lat'><strong>8.</strong></span> <span class='ocrx_word' id='word_1_72' title='bbox 1861 1104 1972 1172; x_wconf 82' lang='lat' dir='ltr'><strong>l8).</strong></span> 
     </span>
    </p>
   </div>
   <div class='ocr_carea' id='block_1_10' title="bbox 463 1195 1976 1266">
    <p class='ocr_par' dir='ltr' id='par_1_10' title="bbox 463 1195 1976 1266">
     <span class='ocr_line' id='line_1_10' title="bbox 463 1195 1976 1266; baseline -0.006 -10"><span class='ocrx_word' id='word_1_73' title='bbox 463 1197 785 1256; x_wconf 80' lang='lat' dir='ltr'><strong>Tentationes</strong></span> <span class='ocrx_word' id='word_1_74' title='bbox 819 1206 866 1251; x_wconf 88' lang='lat' dir='ltr'><strong>et</strong></span> <span class='ocrx_word' id='word_1_75' title='bbox 905 1212 1147 1252; x_wconf 74' lang='lat' dir='ltr'><strong>wrnnma:</strong></span> <span class='ocrx_word' id='word_1_76' title='bbox 1173 1196 1421 1266; x_wconf 86' lang='lat' dir='ltr'><strong>quomodo</strong></span> <span class='ocrx_word' id='word_1_77' title='bbox 1458 1196 1867 1266; x_wconf 82' lang='lat' dir='ltr'><strong>repellenda:.—</strong></span> <span class='ocrx_word' id='word_1_78' title='bbox 1889 1195 1976 1247; x_wconf 72' lang='lat' dir='ltr'><strong>Vi-</strong></span> 
     </span>
    </p>
   </div>
   <div class='ocr_carea' id='block_1_11' title="bbox 390 1287 1970 1361">
    <p class='ocr_par' dir='ltr' id='par_1_11' title="bbox 390 1287 1970 1361">
     <span class='ocr_line' id='line_1_11' title="bbox 390 1287 1970 1361; baseline -0.003 -17"><span class='ocrx_word' id='word_1_79' title='bbox 390 1289 490 1346; x_wconf 83' lang='lat' dir='ltr'><strong>des</strong></span> <span class='ocrx_word' id='word_1_80' title='bbox 514 1305 675 1361; x_wconf 89' lang='lat' dir='ltr'><strong>quam</strong></span> <span class='ocrx_word' id='word_1_81' title='bbox 705 1290 868 1345; x_wconf 89' lang='lat' dir='ltr'><strong>multa</strong></span> <span class='ocrx_word' id='word_1_82' title='bbox 902 1289 1009 1346; x_wconf 88' lang='lat' dir='ltr'><strong>tela</strong></span> <span class='ocrx_word' id='word_1_83' title='bbox 1039 1299 1164 1343; x_wconf 90' lang='lat' dir='ltr'><strong>tunc</strong></span> <span class='ocrx_word' id='word_1_84' title='bbox 1190 1289 1548 1343; x_wconf 77' lang='lat' dir='ltr'><strong>exstinxerint</strong></span> <span class='ocrx_word' id='word_1_85' title='bbox 1574 1287 1747 1356; x_wconf 86' lang='lat' dir='ltr'><strong>justi?</strong></span> <span class='ocrx_word' id='word_1_86' title='bbox 1779 1289 1970 1341; x_wconf 85' lang='lat' dir='ltr'><strong>Annon</strong></span> 
     </span>
    </p>
   </div>
   <div class='ocr_carea' id='block_1_12' title="bbox 391 1379 1973 1451">
    <p class='ocr_par' dir='ltr' id='par_1_12' title="bbox 391 1379 1973 1451">
     <span class='ocr_line' id='line_1_12' title="bbox 391 1379 1973 1451; baseline 0 -19"><span class='ocrx_word' id='word_1_87' title='bbox 391 1381 640 1438; x_wconf 86' lang='lat' dir='ltr'><strong>videntur</strong></span> <span class='ocrx_word' id='word_1_88' title='bbox 667 1381 762 1436; x_wconf 87' lang='lat' dir='ltr'><strong>tibi</strong></span> <span class='ocrx_word' id='word_1_89' title='bbox 787 1380 889 1435; x_wconf 91' lang='lat' dir='ltr'><strong>tela</strong></span> <span class='ocrx_word' id='word_1_90' title='bbox 911 1395 1034 1436; x_wconf 88' lang='lat' dir='ltr'><strong>esse</strong></span> <span class='ocrx_word' id='word_1_91' title='bbox 1061 1381 1224 1451; x_wconf 88' lang='lat' dir='ltr'><strong>ignita</strong></span> <span class='ocrx_word' id='word_1_92' title='bbox 1245 1422 1262 1445; x_wconf 92' lang='lat'><strong>,</strong></span> <span class='ocrx_word' id='word_1_93' title='bbox 1294 1380 1434 1450; x_wconf 91' lang='lat' dir='ltr'><strong>quod</strong></span> <span class='ocrx_word' id='word_1_94' title='bbox 1465 1379 1674 1434; x_wconf 88' lang='lat' dir='ltr'><strong>interno</strong></span> <span class='ocrx_word' id='word_1_95' title='bbox 1698 1379 1817 1449; x_wconf 73' lang='lat' dir='ltr'><strong>igne</strong></span> <span class='ocrx_word' id='word_1_96' title='bbox 1848 1393 1973 1432; x_wconf 82' lang='lat' dir='ltr'><strong>urc-</strong></span> 
     </span>
    </p>
   </div>
   <div class='ocr_carea' id='block_1_13' title="bbox 390 1471 1968 1543">
    <p class='ocr_par' dir='ltr' id='par_1_13' title="bbox 390 1471 1968 1543">
     <span class='ocr_line' id='line_1_13' title="bbox 390 1471 1968 1543; baseline -0.003 -15"><span class='ocrx_word' id='word_1_97' title='bbox 390 1481 541 1528; x_wconf 91' lang='lat' dir='ltr'><strong>retnr</strong></span> <span class='ocrx_word' id='word_1_98' title='bbox 580 1471 881 1543; x_wconf 78' lang='lat' dir='ltr'><strong>patriarcha</strong></span> <span class='ocrx_word' id='word_1_99' title='bbox 927 1472 1096 1528; x_wconf 90' lang='lat' dir='ltr'><strong>lilium</strong></span> <span class='ocrx_word' id='word_1_100' title='bbox 1131 1471 1410 1527; x_wconf 82' lang='lat' dir='ltr'><strong>offerens?</strong></span> <span class='ocrx_word' id='word_1_101' title='bbox 1438 1471 1544 1526; x_wconf 87' lang='lat' dir='ltr'><strong>Alii</strong></span> <span class='ocrx_word' id='word_1_102' title='bbox 1585 1486 1796 1540; x_wconf 89' lang='lat' dir='ltr'><strong>quoque</strong></span> <span class='ocrx_word' id='word_1_103' title='bbox 1842 1471 1968 1540; x_wconf 90' lang='lat' dir='ltr'><strong>justi</strong></span> 
     </span>
    </p>
   </div>
   <div class='ocr_carea' id='block_1_14' title="bbox 389 1561 1973 1634">
    <p class='ocr_par' dir='ltr' id='par_1_14' title="bbox 389 1561 1973 1634">
     <span class='ocr_line' id='line_1_14' title="bbox 389 1561 1973 1634; baseline 0.001 -19"><span class='ocrx_word' id='word_1_104' title='bbox 389 1564 566 1619; x_wconf 87' lang='lat' dir='ltr'><strong>omnia</strong></span> <span class='ocrx_word' id='word_1_105' title='bbox 588 1563 707 1634; x_wconf 92' lang='lat' dir='ltr'><strong>ejus</strong></span> <span class='ocrx_word' id='word_1_106' title='bbox 728 1563 828 1619; x_wconf 88' lang='lat' dir='ltr'><strong>tela</strong></span> <span class='ocrx_word' id='word_1_107' title='bbox 851 1563 1241 1618; x_wconf 88' lang='lat' dir='ltr'><strong>exstinxerunt.</strong></span> <span class='ocrx_word' id='word_1_108' title='bbox 1266 1561 1393 1618; x_wconf 85' lang='lat' dir='ltr'><strong>Sive</strong></span> <span class='ocrx_word' id='word_1_109' title='bbox 1414 1577 1541 1631; x_wconf 78' lang='lat' dir='ltr'><strong>ergo</strong></span> <span class='ocrx_word' id='word_1_110' title='bbox 1565 1561 1761 1618; x_wconf 87' lang='lat' dir='ltr'><strong>bellum</strong></span> <span class='ocrx_word' id='word_1_111' title='bbox 1783 1568 1973 1632; x_wconf 78' lang='lat' dir='ltr'><strong>gerant</strong></span> 
     </span>
    </p>
   </div>
   <div class='ocr_carea' id='block_1_15' title="bbox 387 1653 1964 1727">
    <p class='ocr_par' dir='ltr' id='par_1_15' title="bbox 387 1653 1964 1727">
     <span class='ocr_line' id='line_1_15' title="bbox 387 1653 1964 1727; baseline -0.004 -14"><span class='ocrx_word' id='word_1_112' title='bbox 387 1656 764 1727; x_wconf 78' lang='lat' dir='ltr'><strong>cogitationes,</strong></span> <span class='ocrx_word' id='word_1_113' title='bbox 795 1671 912 1710; x_wconf 85' lang='lat' dir='ltr'><strong>eam</strong></span> <span class='ocrx_word' id='word_1_114' title='bbox 937 1669 1290 1726; x_wconf 88' lang='lat' dir='ltr'><strong>opponamus,</strong></span> <span class='ocrx_word' id='word_1_115' title='bbox 1319 1655 1432 1710; x_wconf 83' lang='lat' dir='ltr'><strong>sive</strong></span> <span class='ocrx_word' id='word_1_116' title='bbox 1463 1654 1707 1710; x_wconf 89' lang='lat' dir='ltr'><strong>libidines</strong></span> <span class='ocrx_word' id='word_1_117' title='bbox 1733 1664 1789 1710; x_wconf 92' lang='lat' dir='ltr'><strong>et</strong></span> <span class='ocrx_word' id='word_1_118' title='bbox 1807 1653 1964 1724; x_wconf 90' lang='lat' dir='ltr'><strong>cupi-</strong></span> 
     </span>
    </p>
   </div>
   <div class='ocr_carea' id='block_1_16' title="bbox 386 1743 1966 1812">
    <p class='ocr_par' dir='ltr' id='par_1_16' title="bbox 386 1743 1966 1812">
     <span class='ocr_line' id='line_1_16' title="bbox 386 1743 1966 1812; baseline -0.001 -14"><span class='ocrx_word' id='word_1_119' title='bbox 386 1747 604 1812; x_wconf 86' lang='lat' dir='ltr'><strong>ditates,</strong></span> <span class='ocrx_word' id='word_1_120' title='bbox 629 1761 692 1800; x_wconf 92' lang='lat' dir='ltr'><strong>ea</strong></span> <span class='ocrx_word' id='word_1_121' title='bbox 723 1754 956 1812; x_wconf 83' lang='lat' dir='ltr'><strong>utamur,</strong></span> <span class='ocrx_word' id='word_1_122' title='bbox 989 1745 1105 1800; x_wconf 82' lang='lat' dir='ltr'><strong>sive</strong></span> <span class='ocrx_word' id='word_1_123' title='bbox 1130 1743 1361 1799; x_wconf 85' lang='lat' dir='ltr'><strong>labores</strong></span> <span class='ocrx_word' id='word_1_124' title='bbox 1389 1754 1442 1802; x_wconf 89' lang='lat' dir='ltr'><strong>et</strong></span> <span class='ocrx_word' id='word_1_125' title='bbox 1469 1760 1721 1798; x_wconf 65' lang='lat' dir='ltr'><strong>aerumna:</strong></span> <span class='ocrx_word' id='word_1_126' title='bbox 1753 1784 1767 1808; x_wconf 95' lang='lat'><strong>,</strong></span> <span class='ocrx_word' id='word_1_127' title='bbox 1811 1743 1864 1796; x_wconf 92' lang='lat' dir='ltr'><strong>in</strong></span> <span class='ocrx_word' id='word_1_128' title='bbox 1905 1757 1966 1797; x_wconf 88' lang='lat' dir='ltr'><strong>ea</strong></span> 
     </span>
    </p>
   </div>
   <div class='ocr_carea' id='block_1_17' title="bbox 385 1837 1965 1908">
    <p class='ocr_par' dir='ltr' id='par_1_17' title="bbox 385 1837 1965 1908">
     <span class='ocr_line' id='line_1_17' title="bbox 385 1837 1965 1908; baseline -0.003 -15"><span class='ocrx_word' id='word_1_129' title='bbox 385 1838 864 1908; x_wconf 87' lang='lat' dir='ltr'><strong>conquiescamus:</strong></span> <span class='ocrx_word' id='word_1_130' title='bbox 895 1853 961 1895; x_wconf 82' lang='lat' dir='ltr'><strong>ea</strong></span> <span class='ocrx_word' id='word_1_131' title='bbox 1005 1837 1196 1894; x_wconf 89' lang='lat' dir='ltr'><strong>merito</strong></span> <span class='ocrx_word' id='word_1_132' title='bbox 1223 1845 1307 1892; x_wconf 91' lang='lat' dir='ltr'><strong>est</strong></span> <span class='ocrx_word' id='word_1_133' title='bbox 1336 1852 1455 1907; x_wconf 68' lang='lat' dir='ltr'><strong>qua:</strong></span> <span class='ocrx_word' id='word_1_134' title='bbox 1495 1845 1778 1892; x_wconf 87' lang='lat' dir='ltr'><strong>conservat</strong></span> <span class='ocrx_word' id='word_1_135' title='bbox 1819 1851 1965 1892; x_wconf 88' lang='lat' dir='ltr'><strong>arma</strong></span> 
     </span>
    </p>
   </div>
   <div class='ocr_carea' id='block_1_18' title="bbox 385 1927 1966 1996">
    <p class='ocr_par' dir='ltr' id='par_1_18' title="bbox 385 1927 1966 1996">
     <span class='ocr_line' id='line_1_18' title="bbox 385 1927 1966 1996; baseline -0.001 -13"><span class='ocrx_word' id='word_1_136' title='bbox 385 1930 564 1984; x_wconf 91' lang='lat' dir='ltr'><strong>omnia</strong></span> <span class='ocrx_word' id='word_1_137' title='bbox 597 1948 611 1985; x_wconf 88' lang='lat'><strong>:</strong></span> <span class='ocrx_word' id='word_1_138' title='bbox 642 1930 686 1985; x_wconf 92' lang='lat' dir='ltr'><strong>si</strong></span> <span class='ocrx_word' id='word_1_139' title='bbox 715 1944 834 1985; x_wconf 87' lang='lat' dir='ltr'><strong>eam</strong></span> <span class='ocrx_word' id='word_1_140' title='bbox 868 1944 976 1984; x_wconf 89' lang='lat' dir='ltr'><strong>non</strong></span> <span class='ocrx_word' id='word_1_141' title='bbox 1003 1928 1299 1985; x_wconf 90' lang='lat' dir='ltr'><strong>habeamus</strong></span> <span class='ocrx_word' id='word_1_142' title='bbox 1318 1969 1334 1993; x_wconf 86' lang='lat'><strong>,</strong></span> <span class='ocrx_word' id='word_1_143' title='bbox 1364 1929 1450 1986; x_wconf 88' lang='lat' dir='ltr'><strong>illa</strong></span> <span class='ocrx_word' id='word_1_144' title='bbox 1478 1929 1586 1984; x_wconf 91' lang='lat' dir='ltr'><strong>cito</strong></span> <span class='ocrx_word' id='word_1_145' title='bbox 1614 1927 1966 1996; x_wconf 81' lang='lat' dir='ltr'><strong>perforaban-</strong></span> 
     </span>
    </p>
   </div>
   <div class='ocr_carea' id='block_1_19' title="bbox 386 2019 1967 2088">
    <p class='ocr_par' dir='ltr' id='par_1_19' title="bbox 386 2019 1967 2088">
     <span class='ocr_line' id='line_1_19' title="bbox 386 2019 1967 2088; baseline -0.003 -14"><span class='ocrx_word' id='word_1_146' title='bbox 386 2031 472 2074; x_wconf 91' lang='lat' dir='ltr'><strong>tur</strong></span> <span class='ocrx_word' id='word_1_147' title='bbox 500 2027 556 2074; x_wconf 91' lang='lat' dir='ltr'><strong>ct</strong></span> <span class='ocrx_word' id='word_1_148' title='bbox 583 2019 868 2077; x_wconf 72' lang='lat' dir='ltr'><strong>lmdentur.</strong></span> <span class='ocrx_word' id='word_1_149' title='bbox 897 2019 965 2074; x_wconf 82' lang='lat' dir='ltr'><strong>In</strong></span> <span class='ocrx_word' id='word_1_150' title='bbox 990 2019 1244 2087; x_wconf 86' lang='lat' dir='ltr'><strong>omnibus,</strong></span> <span class='ocrx_word' id='word_1_151' title='bbox 1278 2019 1468 2088; x_wconf 89' lang='lat' dir='ltr'><strong>inquit,</strong></span> <span class='ocrx_word' id='word_1_152' title='bbox 1500 2030 1751 2074; x_wconf 81' lang='lat' dir='ltr'><strong>sumentes</strong></span> <span class='ocrx_word' id='word_1_153' title='bbox 1771 2028 1967 2074; x_wconf 87' lang='lat' dir='ltr'><strong>scutum</strong></span> 
     </span>
    </p>
   </div>
   <div class='ocr_carea' id='block_1_20' title="bbox 384 2109 1968 2183">
    <p class='ocr_par' dir='ltr' id='par_1_20' title="bbox 384 2109 1968 2183">
     <span class='ocr_line' id='line_1_20' title="bbox 384 2109 1968 2183; baseline 0.001 -19"><span class='ocrx_word' id='word_1_154' title='bbox 384 2112 526 2180; x_wconf 71' lang='lat' dir='ltr'><strong>ﬁdei.</strong></span> <span class='ocrx_word' id='word_1_155' title='bbox 555 2111 692 2182; x_wconf 86' lang='lat' dir='ltr'><strong>Quid</strong></span> <span class='ocrx_word' id='word_1_156' title='bbox 713 2120 819 2183; x_wconf 89' lang='lat' dir='ltr'><strong>est,</strong></span> <span class='ocrx_word' id='word_1_157' title='bbox 847 2109 915 2168; x_wconf 89' lang='lat' dir='ltr'><strong>In</strong></span> <span class='ocrx_word' id='word_1_158' title='bbox 936 2112 1216 2166; x_wconf 75' lang='lat' dir='ltr'><strong>erunibus?</strong></span> <span class='ocrx_word' id='word_1_159' title='bbox 1247 2111 1312 2166; x_wconf 86' lang='lat' dir='ltr'><strong>Et</strong></span> <span class='ocrx_word' id='word_1_160' title='bbox 1343 2111 1394 2166; x_wconf 93' lang='lat' dir='ltr'><strong>in</strong></span> <span class='ocrx_word' id='word_1_161' title='bbox 1425 2113 1668 2178; x_wconf 77' lang='lat' dir='ltr'><strong>veritate,</strong></span> <span class='ocrx_word' id='word_1_162' title='bbox 1697 2111 1886 2182; x_wconf 87' lang='lat' dir='ltr'><strong>inquit,</strong></span> <span class='ocrx_word' id='word_1_163' title='bbox 1913 2120 1968 2166; x_wconf 89' lang='lat' dir='ltr'><strong>et</strong></span> 
     </span>
    </p>
   </div>
   <div class='ocr_carea' id='block_1_21' title="bbox 385 2204 1963 2276">
    <p class='ocr_par' dir='ltr' id='par_1_21' title="bbox 385 2204 1963 2276">
     <span class='ocr_line' id='line_1_21' title="bbox 385 2204 1963 2276; baseline 0 -18"><span class='ocrx_word' id='word_1_164' title='bbox 385 2208 438 2258; x_wconf 90' lang='lat' dir='ltr'><strong>in</strong></span> <span class='ocrx_word' id='word_1_165' title='bbox 461 2205 668 2275; x_wconf 91' lang='lat' dir='ltr'><strong>justitia</strong></span> <span class='ocrx_word' id='word_1_166' title='bbox 693 2246 710 2276; x_wconf 92' lang='lat'><strong>,</strong></span> <span class='ocrx_word' id='word_1_167' title='bbox 751 2213 807 2266; x_wconf 87' lang='lat' dir='ltr'><strong>ct</strong></span> <span class='ocrx_word' id='word_1_168' title='bbox 852 2204 906 2259; x_wconf 90' lang='lat' dir='ltr'><strong>in</strong></span> <span class='ocrx_word' id='word_1_169' title='bbox 945 2205 1338 2276; x_wconf 68' lang='lat' dir='ltr'><strong>praeparatione</strong></span> <span class='ocrx_word' id='word_1_170' title='bbox 1363 2204 1647 2275; x_wconf 76' lang='lat' dir='ltr'><strong>evangelii.</strong></span> <span class='ocrx_word' id='word_1_171' title='bbox 1697 2204 1808 2260; x_wconf 88' lang='lat' dir='ltr'><strong>lloc</strong></span> <span class='ocrx_word' id='word_1_172' title='bbox 1835 2213 1915 2260; x_wconf 89' lang='lat' dir='ltr'><strong>est</strong></span> <span class='ocrx_word' id='word_1_173' title='bbox 1949 2245 1963 2268; x_wconf 93' lang='lat'><strong>,</strong></span> 
     </span>
    </p>
   </div>
   <div class='ocr_carea' id='block_1_22' title="bbox 384 2294 1964 2366">
    <p class='ocr_par' dir='ltr' id='par_1_22' title="bbox 384 2294 1964 2366">
     <span class='ocr_line' id='line_1_22' title="bbox 384 2294 1964 2366; baseline 0 -18"><span class='ocrx_word' id='word_1_174' title='bbox 384 2296 562 2354; x_wconf 78' lang='lat' dir='ltr'><strong>omnia</strong></span> <span class='ocrx_word' id='word_1_175' title='bbox 595 2296 712 2356; x_wconf 65' lang='lat' dir='ltr'><strong>hac</strong></span> <span class='ocrx_word' id='word_1_176' title='bbox 757 2311 895 2366; x_wconf 88' lang='lat' dir='ltr'><strong>opus</strong></span> <span class='ocrx_word' id='word_1_177' title='bbox 938 2295 1028 2352; x_wconf 83' lang='lat' dir='ltr'><strong>illa</strong></span> <span class='ocrx_word' id='word_1_178' title='bbox 1073 2294 1292 2350; x_wconf 82' lang='lat' dir='ltr'><strong>habent.</strong></span> <span class='ocrx_word' id='word_1_179' title='bbox 1324 2295 1612 2365; x_wconf 83' lang='lat' dir='ltr'><strong>Propterea</strong></span> <span class='ocrx_word' id='word_1_180' title='bbox 1653 2295 1964 2364; x_wconf 73' lang='lat' dir='ltr'><strong>sultjunxit,</strong></span> 
     </span>
    </p>
   </div>
   <div class='ocr_carea' id='block_1_23' title="bbox 386 2385 1966 2461">
    <p class='ocr_par' dir='ltr' id='par_1_23' title="bbox 386 2385 1966 2461">
     <span class='ocr_line' id='line_1_23' title="bbox 386 2385 1966 2461; baseline -0.003 -17"><span class='ocrx_word' id='word_1_181' title='bbox 386 2389 453 2444; x_wconf 78' lang='lat' dir='ltr'><strong>Et</strong></span> <span class='ocrx_word' id='word_1_182' title='bbox 478 2389 678 2461; x_wconf 78' lang='lat' dir='ltr'><strong>galeam</strong></span> <span class='ocrx_word' id='word_1_183' title='bbox 704 2388 886 2443; x_wconf 88' lang='lat' dir='ltr'><strong>salutis</strong></span> <span class='ocrx_word' id='word_1_184' title='bbox 913 2387 1173 2441; x_wconf 82' lang='lat' dir='ltr'><strong>assumite.</strong></span> <span class='ocrx_word' id='word_1_185' title='bbox 1210 2386 1323 2441; x_wconf 88' lang='lat' dir='ltr'><strong>Hoc</strong></span> <span class='ocrx_word' id='word_1_186' title='bbox 1351 2397 1434 2440; x_wconf 91' lang='lat' dir='ltr'><strong>cst</strong></span> <span class='ocrx_word' id='word_1_187' title='bbox 1455 2427 1468 2451; x_wconf 96' lang='lat'><strong>,</strong></span> <span class='ocrx_word' id='word_1_188' title='bbox 1500 2387 1602 2441; x_wconf 87' lang='lat' dir='ltr'><strong>Per</strong></span> <span class='ocrx_word' id='word_1_189' title='bbox 1629 2401 1747 2439; x_wconf 87' lang='lat' dir='ltr'><strong>cam</strong></span> <span class='ocrx_word' id='word_1_190' title='bbox 1774 2385 1842 2440; x_wconf 88' lang='lat' dir='ltr'><strong>de</strong></span> <span class='ocrx_word' id='word_1_191' title='bbox 1865 2400 1966 2439; x_wconf 77' lang='lat' dir='ltr'><strong>ca:-</strong></span> 
     </span>
    </p>
   </div>
   <div class='ocr_carea' id='block_1_24' title="bbox 385 2475 1962 2552">
    <p class='ocr_par' dir='ltr' id='par_1_24' title="bbox 385 2475 1962 2552">
     <span class='ocr_line' id='line_1_24' title="bbox 385 2475 1962 2552; baseline -0.005 -16"><span class='ocrx_word' id='word_1_192' title='bbox 385 2492 502 2537; x_wconf 85' lang='lat' dir='ltr'><strong>tero</strong></span> <span class='ocrx_word' id='word_1_193' title='bbox 528 2479 773 2552; x_wconf 86' lang='lat' dir='ltr'><strong>poteritis</strong></span> <span class='ocrx_word' id='word_1_194' title='bbox 800 2493 924 2537; x_wconf 88' lang='lat' dir='ltr'><strong>esse</strong></span> <span class='ocrx_word' id='word_1_195' title='bbox 954 2478 1073 2543; x_wconf 90' lang='lat' dir='ltr'><strong>tuti,</strong></span> <span class='ocrx_word' id='word_1_196' title='bbox 1103 2488 1158 2534; x_wconf 90' lang='lat' dir='ltr'><strong>et</strong></span> <span class='ocrx_word' id='word_1_197' title='bbox 1197 2492 1358 2532; x_wconf 90' lang='lat' dir='ltr'><strong>omne</strong></span> <span class='ocrx_word' id='word_1_198' title='bbox 1387 2477 1680 2546; x_wconf 90' lang='lat' dir='ltr'><strong>periculum</strong></span> <span class='ocrx_word' id='word_1_199' title='bbox 1711 2475 1962 2545; x_wconf 80' lang='lat' dir='ltr'><strong>eﬁ‘ugere.</strong></span> 
     </span>
    </p>
   </div>
   <div class='ocr_carea' id='block_1_25' title="bbox 383 2568 1964 2640">
    <p class='ocr_par' dir='ltr' id='par_1_25' title="bbox 383 2568 1964 2640">
     <span class='ocr_line' id='line_1_25' title="bbox 383 2568 1964 2640; baseline -0.005 -11"><span class='ocrx_word' id='word_1_200' title='bbox 383 2573 532 2629; x_wconf 90' lang='lat' dir='ltr'><strong>Sicut</strong></span> <span class='ocrx_word' id='word_1_201' title='bbox 561 2571 705 2628; x_wconf 89' lang='lat' dir='ltr'><strong>enim</strong></span> <span class='ocrx_word' id='word_1_202' title='bbox 733 2571 883 2640; x_wconf 85' lang='lat' dir='ltr'><strong>galea</strong></span> <span class='ocrx_word' id='word_1_203' title='bbox 908 2611 924 2635; x_wconf 94' lang='lat'><strong>,</strong></span> <span class='ocrx_word' id='word_1_204' title='bbox 954 2577 1143 2628; x_wconf 85' lang='lat' dir='ltr'><strong>exacte</strong></span> <span class='ocrx_word' id='word_1_205' title='bbox 1167 2578 1325 2639; x_wconf 90' lang='lat' dir='ltr'><strong>caput</strong></span> <span class='ocrx_word' id='word_1_206' title='bbox 1349 2568 1582 2638; x_wconf 89' lang='lat' dir='ltr'><strong>undique</strong></span> <span class='ocrx_word' id='word_1_207' title='bbox 1609 2575 1793 2638; x_wconf 89' lang='lat' dir='ltr'><strong>tegens</strong></span> <span class='ocrx_word' id='word_1_208' title='bbox 1815 2607 1832 2632; x_wconf 95' lang='lat'><strong>,</strong></span> <span class='ocrx_word' id='word_1_209' title='bbox 1859 2581 1964 2625; x_wconf 92' lang='lat' dir='ltr'><strong>non</strong></span> 
     </span>
    </p>
   </div>
   <div class='ocr_carea' id='block_1_26' title="bbox 382 2657 1962 2734">
    <p class='ocr_par' dir='ltr' id='par_1_26' title="bbox 382 2657 1962 2734">
     <span class='ocr_line' id='line_1_26' title="bbox 382 2657 1962 2734; baseline -0.005 -16"><span class='ocrx_word' id='word_1_210' title='bbox 382 2665 511 2720; x_wconf 88' lang='lat' dir='ltr'><strong>sinit</strong></span> <span class='ocrx_word' id='word_1_211' title='bbox 535 2672 592 2718; x_wconf 92' lang='lat' dir='ltr'><strong>ut</strong></span> <span class='ocrx_word' id='word_1_212' title='bbox 632 2661 831 2734; x_wconf 85' lang='lat' dir='ltr'><strong>aliquid</strong></span> <span class='ocrx_word' id='word_1_213' title='bbox 857 2675 1022 2732; x_wconf 86' lang='lat' dir='ltr'><strong>grave</strong></span> <span class='ocrx_word' id='word_1_214' title='bbox 1049 2660 1310 2730; x_wconf 89' lang='lat' dir='ltr'><strong>patiatur,</strong></span> <span class='ocrx_word' id='word_1_215' title='bbox 1341 2658 1435 2713; x_wconf 88' lang='lat' dir='ltr'><strong>sed</strong></span> <span class='ocrx_word' id='word_1_216' title='bbox 1464 2659 1516 2712; x_wconf 90' lang='lat' dir='ltr'><strong>id</strong></span> <span class='ocrx_word' id='word_1_217' title='bbox 1541 2666 1828 2713; x_wconf 90' lang='lat' dir='ltr'><strong>conservat</strong></span> <span class='ocrx_word' id='word_1_218' title='bbox 1853 2675 1868 2712; x_wconf 92' lang='lat'><strong>:</strong></span> <span class='ocrx_word' id='word_1_219' title='bbox 1893 2657 1962 2712; x_wconf 86' lang='lat' dir='ltr'><strong>ita</strong></span> 
     </span>
    </p>
   </div>
   <div class='ocr_carea' id='block_1_27' title="bbox 382 2750 1964 2823">
    <p class='ocr_par' dir='ltr' id='par_1_27' title="bbox 382 2750 1964 2823">
     <span class='ocr_line' id='line_1_27' title="bbox 382 2750 1964 2823; baseline -0.004 -9"><span class='ocrx_word' id='word_1_220' title='bbox 382 2756 543 2814; x_wconf 88' lang='lat' dir='ltr'><strong>etiam</strong></span> <span class='ocrx_word' id='word_1_221' title='bbox 574 2753 709 2811; x_wconf 89' lang='lat' dir='ltr'><strong>ﬁdes</strong></span> <span class='ocrx_word' id='word_1_222' title='bbox 749 2762 835 2808; x_wconf 91' lang='lat' dir='ltr'><strong>est</strong></span> <span class='ocrx_word' id='word_1_223' title='bbox 875 2766 974 2823; x_wconf 85' lang='lat' dir='ltr'><strong>pro</strong></span> <span class='ocrx_word' id='word_1_224' title='bbox 999 2760 1153 2808; x_wconf 88' lang='lat' dir='ltr'><strong>scuto</strong></span> <span class='ocrx_word' id='word_1_225' title='bbox 1183 2792 1198 2816; x_wconf 93' lang='lat'><strong>,</strong></span> <span class='ocrx_word' id='word_1_226' title='bbox 1228 2761 1284 2806; x_wconf 91' lang='lat' dir='ltr'><strong>et</strong></span> <span class='ocrx_word' id='word_1_227' title='bbox 1327 2765 1423 2821; x_wconf 89' lang='lat' dir='ltr'><strong>pro</strong></span> <span class='ocrx_word' id='word_1_228' title='bbox 1472 2751 1620 2820; x_wconf 90' lang='lat' dir='ltr'><strong>galea</strong></span> <span class='ocrx_word' id='word_1_229' title='bbox 1670 2750 1878 2807; x_wconf 90' lang='lat' dir='ltr'><strong>salutis.</strong></span> <span class='ocrx_word' id='word_1_230' title='bbox 1908 2751 1964 2806; x_wconf 91' lang='lat' dir='ltr'><strong>Si</strong></span> 
     </span>
    </p>
   </div>
   <div class='ocr_carea' id='block_1_28' title="bbox 382 2843 1965 2917">
    <p class='ocr_par' dir='ltr' id='par_1_28' title="bbox 382 2843 1965 2917">
     <span class='ocr_line' id='line_1_28' title="bbox 382 2843 1965 2917; baseline -0.004 -13"><span class='ocrx_word' id='word_1_231' title='bbox 382 2848 528 2904; x_wconf 88' lang='lat' dir='ltr'><strong>enim</strong></span> <span class='ocrx_word' id='word_1_232' title='bbox 555 2846 674 2917; x_wconf 89' lang='lat' dir='ltr'><strong>ejus</strong></span> <span class='ocrx_word' id='word_1_233' title='bbox 699 2845 803 2901; x_wconf 89' lang='lat' dir='ltr'><strong>tela</strong></span> <span class='ocrx_word' id='word_1_234' title='bbox 823 2844 1261 2910; x_wconf 79' lang='lat' dir='ltr'><strong>exstinxerimus,</strong></span> <span class='ocrx_word' id='word_1_235' title='bbox 1289 2843 1398 2899; x_wconf 82' lang='lat' dir='ltr'><strong>cite</strong></span> <span class='ocrx_word' id='word_1_236' title='bbox 1423 2844 1584 2898; x_wconf 88' lang='lat' dir='ltr'><strong>ctiam</strong></span> <span class='ocrx_word' id='word_1_237' title='bbox 1613 2844 1965 2912; x_wconf 90' lang='lat' dir='ltr'><strong>suscipiemus</strong></span> 
     </span>
    </p>
   </div>
   <div class='ocr_carea' id='block_1_29' title="bbox 383 2935 1966 3010">
    <p class='ocr_par' dir='ltr' id='par_1_29' title="bbox 383 2935 1966 3010">
     <span class='ocr_line' id='line_1_29' title="bbox 383 2935 1966 3010; baseline -0.003 -15"><span class='ocrx_word' id='word_1_238' title='bbox 383 2941 619 2998; x_wconf 82' lang='lat' dir='ltr'><strong>rationes</strong></span> <span class='ocrx_word' id='word_1_239' title='bbox 647 2954 767 3010; x_wconf 71' lang='lat' dir='ltr'><strong>qua:</strong></span> <span class='ocrx_word' id='word_1_240' title='bbox 790 2945 1148 3004; x_wconf 87' lang='lat' dir='ltr'><strong>conservant,</strong></span> <span class='ocrx_word' id='word_1_241' title='bbox 1171 2951 1290 3006; x_wconf 64' lang='lat' dir='ltr'><strong>quae</strong></span> <span class='ocrx_word' id='word_1_242' title='bbox 1317 2951 1423 2992; x_wconf 91' lang='lat' dir='ltr'><strong>non</strong></span> <span class='ocrx_word' id='word_1_243' title='bbox 1453 2936 1634 2990; x_wconf 89' lang='lat' dir='ltr'><strong>sinant</strong></span> <span class='ocrx_word' id='word_1_244' title='bbox 1663 2945 1718 2990; x_wconf 94' lang='lat' dir='ltr'><strong>ut</strong></span> <span class='ocrx_word' id='word_1_245' title='bbox 1743 2935 1966 2991; x_wconf 81' lang='lat' dir='ltr'><strong>facultas</strong></span> 
     </span>
    </p>
   </div>
   <div class='ocr_carea' id='block_1_30' title="bbox 381 3025 1964 3104">
    <p class='ocr_par' dir='ltr' id='par_1_30' title="bbox 381 3025 1964 3104">
     <span class='ocr_line' id='line_1_30' title="bbox 381 3025 1964 3104; baseline -0.004 -18"><span class='ocrx_word' id='word_1_246' title='bbox 381 3047 503 3102; x_wconf 65' lang='lat' dir='ltr'><strong>qua:</strong></span> <span class='ocrx_word' id='word_1_247' title='bbox 530 3039 677 3088; x_wconf 83' lang='lat' dir='ltr'><strong>tenet</strong></span> <span class='ocrx_word' id='word_1_248' title='bbox 711 3029 1062 3104; x_wconf 86' lang='lat' dir='ltr'><strong>principatum</strong></span> <span class='ocrx_word' id='word_1_249' title='bbox 1104 3027 1303 3096; x_wconf 90' lang='lat' dir='ltr'><strong>aliquid</strong></span> <span class='ocrx_word' id='word_1_250' title='bbox 1333 3027 1600 3097; x_wconf 89' lang='lat' dir='ltr'><strong>patiatur.</strong></span> <span class='ocrx_word' id='word_1_251' title='bbox 1645 3025 1774 3081; x_wconf 88' lang='lat' dir='ltr'><strong>Nam</strong></span> <span class='ocrx_word' id='word_1_252' title='bbox 1805 3026 1850 3081; x_wconf 88' lang='lat' dir='ltr'><strong>si</strong></span> <span class='ocrx_word' id='word_1_253' title='bbox 1883 3025 1964 3080; x_wconf 82' lang='lat' dir='ltr'><strong>lue</strong></span> 
     </span>
    </p>
   </div>
   <div class='ocr_carea' id='block_1_31' title="bbox 381 3117 1964 3188">
    <p class='ocr_par' dir='ltr' id='par_1_31' title="bbox 381 3117 1964 3188">
     <span class='ocr_line' id='line_1_31' title="bbox 381 3117 1964 3188; baseline -0.005 -10"><span class='ocrx_word' id='word_1_254' title='bbox 381 3121 664 3180; x_wconf 69' lang='lat' dir='ltr'><strong>contraria:</strong></span> <span class='ocrx_word' id='word_1_255' title='bbox 688 3119 929 3176; x_wconf 87' lang='lat' dir='ltr'><strong>rationes</strong></span> <span class='ocrx_word' id='word_1_256' title='bbox 957 3118 1367 3188; x_wconf 75' lang='lat' dir='ltr'><strong>exstinguuntur</strong></span> <span class='ocrx_word' id='word_1_257' title='bbox 1396 3135 1408 3170; x_wconf 93' lang='lat'><strong>:</strong></span> <span class='ocrx_word' id='word_1_258' title='bbox 1437 3117 1546 3172; x_wconf 89' lang='lat' dir='ltr'><strong>cito</strong></span> <span class='ocrx_word' id='word_1_259' title='bbox 1565 3133 1686 3188; x_wconf 72' lang='lat' dir='ltr'><strong>qua:</strong></span> <span class='ocrx_word' id='word_1_260' title='bbox 1713 3131 1818 3172; x_wconf 92' lang='lat' dir='ltr'><strong>non</strong></span> <span class='ocrx_word' id='word_1_261' title='bbox 1841 3127 1964 3172; x_wconf 90' lang='lat' dir='ltr'><strong>sunt</strong></span> 
     </span>
    </p>
   </div>
   <div class='ocr_carea' id='block_1_32' title="bbox 382 3207 1963 3281">
    <p class='ocr_par' dir='ltr' id='par_1_32' title="bbox 382 3207 1963 3281">
     <span class='ocr_line' id='line_1_32' title="bbox 382 3207 1963 3281; baseline -0.004 -11"><span class='ocrx_word' id='word_1_262' title='bbox 382 3213 516 3272; x_wconf 80' lang='lat' dir='ltr'><strong>tales</strong></span> <span class='ocrx_word' id='word_1_263' title='bbox 536 3252 554 3281; x_wconf 94' lang='lat'><strong>,</strong></span> <span class='ocrx_word' id='word_1_264' title='bbox 584 3211 680 3269; x_wconf 88' lang='lat' dir='ltr'><strong>sed</strong></span> <span class='ocrx_word' id='word_1_265' title='bbox 708 3225 807 3266; x_wconf 88' lang='lat' dir='ltr'><strong>nos</strong></span> <span class='ocrx_word' id='word_1_266' title='bbox 835 3216 1092 3274; x_wconf 85' lang='lat' dir='ltr'><strong>servant,</strong></span> <span class='ocrx_word' id='word_1_267' title='bbox 1124 3217 1181 3264; x_wconf 90' lang='lat' dir='ltr'><strong>et</strong></span> <span class='ocrx_word' id='word_1_268' title='bbox 1208 3207 1445 3264; x_wconf 89' lang='lat' dir='ltr'><strong>efﬁciunt</strong></span> <span class='ocrx_word' id='word_1_269' title='bbox 1474 3216 1532 3263; x_wconf 93' lang='lat' dir='ltr'><strong>ut</strong></span> <span class='ocrx_word' id='word_1_270' title='bbox 1576 3209 1769 3264; x_wconf 89' lang='lat' dir='ltr'><strong>bonam</strong></span> <span class='ocrx_word' id='word_1_271' title='bbox 1811 3223 1963 3278; x_wconf 84' lang='lat' dir='ltr'><strong>spem</strong></span> 
     </span>
    </p>
   </div>
   <div class='ocr_carea' id='block_1_33' title="bbox 383 3301 1963 3371">
    <p class='ocr_par' dir='ltr' id='par_1_33' title="bbox 383 3301 1963 3371">
     <span class='ocr_line' id='line_1_33' title="bbox 383 3301 1963 3371; baseline -0.001 -14"><span class='ocrx_word' id='word_1_272' title='bbox 383 3305 674 3361; x_wconf 83' lang='lat' dir='ltr'><strong>habeamus</strong></span> <span class='ocrx_word' id='word_1_273' title='bbox 693 3345 708 3370; x_wconf 91' lang='lat'><strong>,</strong></span> <span class='ocrx_word' id='word_1_274' title='bbox 741 3305 795 3359; x_wconf 88' lang='lat' dir='ltr'><strong>in</strong></span> <span class='ocrx_word' id='word_1_275' title='bbox 824 3303 980 3359; x_wconf 85' lang='lat' dir='ltr'><strong>nobis</strong></span> <span class='ocrx_word' id='word_1_276' title='bbox 1007 3309 1334 3368; x_wconf 88' lang='lat' dir='ltr'><strong>nascentur;</strong></span> <span class='ocrx_word' id='word_1_277' title='bbox 1357 3311 1408 3358; x_wconf 92' lang='lat' dir='ltr'><strong>et</strong></span> <span class='ocrx_word' id='word_1_278' title='bbox 1435 3301 1575 3356; x_wconf 88' lang='lat' dir='ltr'><strong>sicut</strong></span> <span class='ocrx_word' id='word_1_279' title='bbox 1600 3302 1748 3371; x_wconf 80' lang='lat' dir='ltr'><strong>galea</strong></span> <span class='ocrx_word' id='word_1_280' title='bbox 1791 3302 1844 3356; x_wconf 93' lang='lat' dir='ltr'><strong>in</strong></span> <span class='ocrx_word' id='word_1_281' title='bbox 1871 3318 1963 3358; x_wconf 86' lang='lat' dir='ltr'><strong>ca-</strong></span> 
     </span>
    </p>
   </div>
   <div class='ocr_carea' id='block_1_34' title="bbox 380 3393 1961 3468">
    <p class='ocr_par' dir='ltr' id='par_1_34' title="bbox 380 3393 1961 3468">
     <span class='ocr_line' id='line_1_34' title="bbox 380 3393 1961 3468; baseline -0.001 -17"><span class='ocrx_word' id='word_1_282' title='bbox 380 3397 510 3468; x_wconf 90' lang='lat' dir='ltr'><strong>pite,</strong></span> <span class='ocrx_word' id='word_1_283' title='bbox 538 3397 752 3456; x_wconf 87' lang='lat' dir='ltr'><strong>inerunt</strong></span> <span class='ocrx_word' id='word_1_284' title='bbox 787 3395 840 3452; x_wconf 84' lang='lat' dir='ltr'><strong>in</strong></span> <span class='ocrx_word' id='word_1_285' title='bbox 876 3394 1130 3452; x_wconf 86' lang='lat' dir='ltr'><strong>facultate</strong></span> <span class='ocrx_word' id='word_1_286' title='bbox 1158 3409 1279 3465; x_wconf 63' lang='lat' dir='ltr'><strong>qute</strong></span> <span class='ocrx_word' id='word_1_287' title='bbox 1307 3393 1359 3450; x_wconf 92' lang='lat' dir='ltr'><strong>in</strong></span> <span class='ocrx_word' id='word_1_288' title='bbox 1393 3393 1548 3449; x_wconf 85' lang='lat' dir='ltr'><strong>nobis</strong></span> <span class='ocrx_word' id='word_1_289' title='bbox 1574 3393 1781 3450; x_wconf 92' lang='lat' dir='ltr'><strong>obtinet</strong></span> <span class='ocrx_word' id='word_1_290' title='bbox 1813 3396 1961 3464; x_wconf 88' lang='lat' dir='ltr'><strong>prin-</strong></span> 
     </span>
    </p>
   </div>
   <div class='ocr_carea' id='block_1_35' title="bbox 380 3490 645 3558">
    <p class='ocr_par' dir='ltr' id='par_1_35' title="bbox 380 3490 645 3558">
     <span class='ocr_line' id='line_1_35' title="bbox 380 3490 645 3558; baseline -0.011 -14"><span class='ocrx_word' id='word_1_291' title='bbox 380 3490 645 3558; x_wconf 79' lang='lat' dir='ltr'><strong>cipatum.</strong></span> 
     </span>
    </p>
   </div>
   <div class='ocr_carea' id='block_1_36' title="bbox 451 3578 1958 3648">
    <p class='ocr_par' dir='ltr' id='par_1_36' title="bbox 451 3578 1958 3648">
     <span class='ocr_line' id='line_1_36' title="bbox 451 3578 1958 3648; baseline -0.002 -11"><span class='ocrx_word' id='word_1_292' title='bbox 451 3584 504 3637; x_wconf 79' lang='lat'><strong>5.</strong></span> <span class='ocrx_word' id='word_1_293' title='bbox 548 3581 655 3636; x_wconf 81' lang='lat' dir='ltr'><strong>Nec</strong></span> <span class='ocrx_word' id='word_1_294' title='bbox 680 3581 783 3636; x_wconf 90' lang='lat' dir='ltr'><strong>hoc</strong></span> <span class='ocrx_word' id='word_1_295' title='bbox 815 3580 986 3635; x_wconf 89' lang='lat' dir='ltr'><strong>solum</strong></span> <span class='ocrx_word' id='word_1_296' title='bbox 1007 3620 1024 3645; x_wconf 93' lang='lat'><strong>,</strong></span> <span class='ocrx_word' id='word_1_297' title='bbox 1055 3578 1150 3633; x_wconf 82' lang='lat' dir='ltr'><strong>sed</strong></span> <span class='ocrx_word' id='word_1_298' title='bbox 1181 3580 1342 3634; x_wconf 87' lang='lat' dir='ltr'><strong>etiam</strong></span> <span class='ocrx_word' id='word_1_299' title='bbox 1367 3579 1600 3647; x_wconf 77' lang='lat' dir='ltr'><strong>gladium</strong></span> <span class='ocrx_word' id='word_1_300' title='bbox 1627 3579 1958 3648; x_wconf 75' lang='lat' dir='ltr'><strong>accipiemus</strong></span> 
     </span>
    </p>
   </div>
   <div class='ocr_carea' id='block_1_37' title="bbox 383 3670 1964 3744">
    <p class='ocr_par' dir='ltr' id='par_1_37' title="bbox 383 3670 1964 3744">
     <span class='ocr_line' id='line_1_37' title="bbox 383 3670 1964 3744; baseline -0.002 -14"><span class='ocrx_word' id='word_1_301' title='bbox 383 3675 636 3744; x_wconf 88' lang='lat' dir='ltr'><strong>Spiritus,</strong></span> <span class='ocrx_word' id='word_1_302' title='bbox 667 3683 723 3726; x_wconf 92' lang='lat' dir='ltr'><strong>ut</strong></span> <span class='ocrx_word' id='word_1_303' title='bbox 750 3673 802 3726; x_wconf 88' lang='lat' dir='ltr'><strong>in</strong></span> <span class='ocrx_word' id='word_1_304' title='bbox 830 3680 1106 3743; x_wconf 91' lang='lat' dir='ltr'><strong>posterum</strong></span> <span class='ocrx_word' id='word_1_305' title='bbox 1133 3684 1238 3724; x_wconf 91' lang='lat' dir='ltr'><strong>non</strong></span> <span class='ocrx_word' id='word_1_306' title='bbox 1267 3670 1441 3725; x_wconf 91' lang='lat' dir='ltr'><strong>solum</strong></span> <span class='ocrx_word' id='word_1_307' title='bbox 1465 3671 1562 3724; x_wconf 89' lang='lat' dir='ltr'><strong>tuti</strong></span> <span class='ocrx_word' id='word_1_308' title='bbox 1591 3671 1759 3726; x_wconf 90' lang='lat' dir='ltr'><strong>simus</strong></span> <span class='ocrx_word' id='word_1_309' title='bbox 1787 3687 1816 3726; x_wconf 91' lang='lat' dir='ltr'><strong>a</strong></span> <span class='ocrx_word' id='word_1_310' title='bbox 1845 3673 1964 3728; x_wconf 88' lang='lat' dir='ltr'><strong>telis</strong></span> 
     </span>
    </p>
   </div>
   <div class='ocr_carea' id='block_1_38' title="bbox 381 3761 1960 3836">
    <p class='ocr_par' dir='ltr' id='par_1_38' title="bbox 381 3761 1960 3836">
     <span class='ocr_line' id='line_1_38' title="bbox 381 3761 1960 3836; baseline 0.001 -18"><span class='ocrx_word' id='word_1_311' title='bbox 381 3781 502 3836; x_wconf 83' lang='lat' dir='ltr'><strong>qme</strong></span> <span class='ocrx_word' id='word_1_312' title='bbox 531 3765 832 3829; x_wconf 89' lang='lat' dir='ltr'><strong>mittuntur,</strong></span> <span class='ocrx_word' id='word_1_313' title='bbox 862 3762 958 3818; x_wconf 90' lang='lat' dir='ltr'><strong>sed</strong></span> <span class='ocrx_word' id='word_1_314' title='bbox 982 3777 1043 3817; x_wconf 88' lang='lat' dir='ltr'><strong>ea</strong></span> <span class='ocrx_word' id='word_1_315' title='bbox 1066 3761 1227 3817; x_wconf 89' lang='lat' dir='ltr'><strong>etiam</strong></span> <span class='ocrx_word' id='word_1_316' title='bbox 1251 3763 1424 3832; x_wconf 88' lang='lat' dir='ltr'><strong>ipsum</strong></span> <span class='ocrx_word' id='word_1_317' title='bbox 1459 3761 1651 3818; x_wconf 77' lang='lat' dir='ltr'><strong>feriant</strong></span> <span class='ocrx_word' id='word_1_318' title='bbox 1669 3763 1960 3820; x_wconf 76' lang='lat' dir='ltr'><strong>diaboluzn.</strong></span> 
     </span>
    </p>
   </div>
   <div class='ocr_carea' id='block_1_39' title="bbox 383 3852 1964 3925">
    <p class='ocr_par' dir='ltr' id='par_1_39' title="bbox 383 3852 1964 3925">
     <span class='ocr_line' id='line_1_39' title="bbox 383 3852 1964 3925; baseline -0.001 -13"><span class='ocrx_word' id='word_1_319' title='bbox 383 3859 576 3912; x_wconf 75' lang='lat' dir='ltr'><strong>Anima</strong></span> <span class='ocrx_word' id='word_1_320' title='bbox 603 3853 748 3909; x_wconf 86' lang='lat' dir='ltr'><strong>enim</strong></span> <span class='ocrx_word' id='word_1_321' title='bbox 774 3868 894 3924; x_wconf 75' lang='lat' dir='ltr'><strong>qua:</strong></span> <span class='ocrx_word' id='word_1_322' title='bbox 913 3867 1021 3908; x_wconf 90' lang='lat' dir='ltr'><strong>non</strong></span> <span class='ocrx_word' id='word_1_323' title='bbox 1043 3852 1331 3923; x_wconf 89' lang='lat' dir='ltr'><strong>desperat,</strong></span> <span class='ocrx_word' id='word_1_324' title='bbox 1363 3868 1534 3924; x_wconf 89' lang='lat' dir='ltr'><strong>neque</strong></span> <span class='ocrx_word' id='word_1_325' title='bbox 1563 3855 1665 3909; x_wconf 89' lang='lat' dir='ltr'><strong>tela</strong></span> <span class='ocrx_word' id='word_1_326' title='bbox 1691 3855 1850 3925; x_wconf 89' lang='lat' dir='ltr'><strong>ignita</strong></span> <span class='ocrx_word' id='word_1_327' title='bbox 1877 3871 1964 3911; x_wconf 89' lang='lat' dir='ltr'><strong>ac-</strong></span> 
     </span>
    </p>
   </div>
   <div class='ocr_carea' id='block_1_40' title="bbox 381 3943 1964 4016">
    <p class='ocr_par' dir='ltr' id='par_1_40' title="bbox 381 3943 1964 4016">
     <span class='ocr_line' id='line_1_40' title="bbox 381 3943 1964 4016; baseline -0.001 -14"><span class='ocrx_word' id='word_1_328' title='bbox 381 3948 532 4016; x_wconf 84' lang='lat' dir='ltr'><strong>cipit,</strong></span> <span class='ocrx_word' id='word_1_329' title='bbox 560 3960 683 4000; x_wconf 91' lang='lat' dir='ltr'><strong>cum</strong></span> <span class='ocrx_word' id='word_1_330' title='bbox 724 3960 911 4015; x_wconf 73' lang='lat' dir='ltr'><strong>magna</strong></span> <span class='ocrx_word' id='word_1_331' title='bbox 951 3943 1114 3999; x_wconf 89' lang='lat' dir='ltr'><strong>animi</strong></span> <span class='ocrx_word' id='word_1_332' title='bbox 1162 3944 1438 4000; x_wconf 87' lang='lat' dir='ltr'><strong>alacritate</strong></span> <span class='ocrx_word' id='word_1_333' title='bbox 1493 3943 1656 3999; x_wconf 88' lang='lat' dir='ltr'><strong>stabit</strong></span> <span class='ocrx_word' id='word_1_334' title='bbox 1709 3945 1964 4000; x_wconf 83' lang='lat' dir='ltr'><strong>adversus</strong></span> 
     </span>
    </p>
   </div>
   <div class='ocr_carea' id='block_1_41' title="bbox 383 4034 1965 4106">
    <p class='ocr_par' dir='ltr' id='par_1_41' title="bbox 383 4034 1965 4106">
     <span class='ocr_line' id='line_1_41' title="bbox 383 4034 1965 4106; baseline -0.002 -12"><span class='ocrx_word' id='word_1_335' title='bbox 383 4039 658 4094; x_wconf 90' lang='lat' dir='ltr'><strong>inimicum</strong></span> <span class='ocrx_word' id='word_1_336' title='bbox 681 4079 697 4102; x_wconf 93' lang='lat'><strong>,</strong></span> <span class='ocrx_word' id='word_1_337' title='bbox 731 4035 1022 4106; x_wconf 84' lang='lat' dir='ltr'><strong>perfringet</strong></span> <span class='ocrx_word' id='word_1_338' title='bbox 1053 4035 1155 4090; x_wconf 91' lang='lat' dir='ltr'><strong>hoc</strong></span> <span class='ocrx_word' id='word_1_339' title='bbox 1181 4034 1360 4105; x_wconf 88' lang='lat' dir='ltr'><strong>gladio</strong></span> <span class='ocrx_word' id='word_1_340' title='bbox 1388 4035 1505 4105; x_wconf 84' lang='lat' dir='ltr'><strong>ejus</strong></span> <span class='ocrx_word' id='word_1_341' title='bbox 1531 4034 1804 4090; x_wconf 90' lang='lat' dir='ltr'><strong>thoracem</strong></span> <span class='ocrx_word' id='word_1_342' title='bbox 1825 4077 1840 4102; x_wconf 91' lang='lat'><strong>,</strong></span> <span class='ocrx_word' id='word_1_343' title='bbox 1872 4053 1965 4106; x_wconf 89' lang='lat' dir='ltr'><strong>per</strong></span> 
     </span>
    </p>
   </div>
   <div class='ocr_carea' id='block_1_42' title="bbox 381 4126 1964 4201">
    <p class='ocr_par' dir='ltr' id='par_1_42' title="bbox 381 4126 1964 4201">
     <span class='ocr_line' id='line_1_42' title="bbox 381 4126 1964 4201; baseline -0.002 -17"><span class='ocrx_word' id='word_1_344' title='bbox 381 4146 539 4201; x_wconf 87' lang='lat' dir='ltr'><strong>quem</strong></span> <span class='ocrx_word' id='word_1_345' title='bbox 567 4127 829 4198; x_wconf 82' lang='lat' dir='ltr'><strong>confregit</strong></span> <span class='ocrx_word' id='word_1_346' title='bbox 856 4137 912 4183; x_wconf 90' lang='lat' dir='ltr'><strong>et</strong></span> <span class='ocrx_word' id='word_1_347' title='bbox 933 4128 1050 4198; x_wconf 88' lang='lat' dir='ltr'><strong>ejus</strong></span> <span class='ocrx_word' id='word_1_348' title='bbox 1079 4127 1306 4198; x_wconf 82' lang='lat' dir='ltr'><strong>cogitata</strong></span> <span class='ocrx_word' id='word_1_349' title='bbox 1353 4126 1556 4200; x_wconf 84' lang='lat' dir='ltr'><strong>redegit</strong></span> <span class='ocrx_word' id='word_1_350' title='bbox 1599 4128 1650 4182; x_wconf 92' lang='lat' dir='ltr'><strong>in</strong></span> <span class='ocrx_word' id='word_1_351' title='bbox 1686 4129 1964 4198; x_wconf 88' lang='lat' dir='ltr'><strong>captivita-</strong></span> 
     </span>
    </p>
   </div>
   <div class='ocr_carea' id='block_1_43' title="bbox 384 4218 1965 4290">
    <p class='ocr_par' dir='ltr' id='par_1_43' title="bbox 384 4218 1965 4290">
     <span class='ocr_line' id='line_1_43' title="bbox 384 4218 1965 4290; baseline -0.001 -14"><span class='ocrx_word' id='word_1_352' title='bbox 384 4233 491 4276; x_wconf 85' lang='lat' dir='ltr'><strong>tem</strong></span> <span class='ocrx_word' id='word_1_353' title='bbox 522 4221 715 4276; x_wconf 84' lang='lat' dir='ltr'><strong>Paulus</strong></span> <span class='ocrx_word' id='word_1_354' title='bbox 739 4261 755 4285; x_wconf 94' lang='lat'><strong>,</strong></span> <span class='ocrx_word' id='word_1_355' title='bbox 787 4219 1181 4288; x_wconf 89' lang='lat' dir='ltr'><strong>draconcmque</strong></span> <span class='ocrx_word' id='word_1_356' title='bbox 1201 4218 1516 4275; x_wconf 88' lang='lat' dir='ltr'><strong>conscindet</strong></span> <span class='ocrx_word' id='word_1_357' title='bbox 1539 4261 1553 4281; x_wconf 88' lang='lat'><strong>,</strong></span> <span class='ocrx_word' id='word_1_358' title='bbox 1581 4231 1635 4275; x_wconf 90' lang='lat' dir='ltr'><strong>et</strong></span> <span class='ocrx_word' id='word_1_359' title='bbox 1661 4220 1778 4289; x_wconf 88' lang='lat' dir='ltr'><strong>ejus</strong></span> <span class='ocrx_word' id='word_1_360' title='bbox 1807 4232 1965 4290; x_wconf 87' lang='lat' dir='ltr'><strong>caput</strong></span> 
     </span>
    </p>
   </div>
   <div class='ocr_carea' id='block_1_44' title="bbox 382 4307 1966 4382">
    <p class='ocr_par' dir='ltr' id='par_1_44' title="bbox 382 4307 1966 4382">
     <span class='ocr_line' id='line_1_44' title="bbox 382 4307 1966 4382; baseline 0.006 -20"><span class='ocrx_word' id='word_1_361' title='bbox 382 4308 712 4379; x_wconf 83' lang='lat' dir='ltr'><strong>amputabit.</strong></span> <span class='ocrx_word' id='word_1_362' title='bbox 747 4307 900 4374; x_wconf 77' lang='lat' dir='ltr'><strong>Quod</strong></span> <span class='ocrx_word' id='word_1_363' title='bbox 945 4320 1022 4362; x_wconf 87' lang='lat' dir='ltr'><strong>est</strong></span> <span class='ocrx_word' id='word_1_364' title='bbox 1058 4309 1270 4364; x_wconf 78' lang='lat' dir='ltr'><strong>verbum</strong></span> <span class='ocrx_word' id='word_1_365' title='bbox 1309 4309 1422 4364; x_wconf 87' lang='lat' dir='ltr'><strong>Dei.</strong></span> <span class='ocrx_word' id='word_1_366' title='bbox 1455 4313 1564 4366; x_wconf 83' lang='lat' dir='ltr'><strong>Aut</strong></span> <span class='ocrx_word' id='word_1_367' title='bbox 1587 4310 1803 4382; x_wconf 86' lang='lat' dir='ltr'><strong>jussum</strong></span> <span class='ocrx_word' id='word_1_368' title='bbox 1843 4312 1966 4382; x_wconf 81' lang='lat' dir='ltr'><strong>ejus</strong></span> 
     </span>
    </p>
   </div>
   <div class='ocr_carea' id='block_1_45' title="bbox 384 4400 1964 4474">
    <p class='ocr_par' dir='ltr' id='par_1_45' title="bbox 384 4400 1964 4474">
     <span class='ocr_line' id='line_1_45' title="bbox 384 4400 1964 4474; baseline 0.004 -19"><span class='ocrx_word' id='word_1_369' title='bbox 384 4401 474 4456; x_wconf 88' lang='lat' dir='ltr'><strong>hic</strong></span> <span class='ocrx_word' id='word_1_370' title='bbox 501 4400 634 4454; x_wconf 85' lang='lat' dir='ltr'><strong>dicit</strong></span> <span class='ocrx_word' id='word_1_371' title='bbox 668 4400 917 4467; x_wconf 87' lang='lat' dir='ltr'><strong>verbum,</strong></span> <span class='ocrx_word' id='word_1_372' title='bbox 945 4408 1042 4454; x_wconf 90' lang='lat' dir='ltr'><strong>aut</strong></span> <span class='ocrx_word' id='word_1_373' title='bbox 1072 4410 1427 4472; x_wconf 64' lang='lat' dir='ltr'><strong>praeceptum,</strong></span> <span class='ocrx_word' id='word_1_374' title='bbox 1458 4403 1603 4473; x_wconf 89' lang='lat' dir='ltr'><strong>quod</strong></span> <span class='ocrx_word' id='word_1_375' title='bbox 1637 4405 1869 4474; x_wconf 78' lang='lat' dir='ltr'><strong>apostoli</strong></span> <span class='ocrx_word' id='word_1_376' title='bbox 1910 4405 1964 4462; x_wconf 85' lang='lat' dir='ltr'><strong>in</strong></span> 
     </span>
    </p>
   </div>
   <div class='ocr_carea' id='block_1_46' title="bbox 383 4489 1962 4567">
    <p class='ocr_par' dir='ltr' id='par_1_46' title="bbox 383 4489 1962 4567">
     <span class='ocr_line' id='line_1_46' title="bbox 383 4489 1962 4567; baseline 0.004 -20"><span class='ocrx_word' id='word_1_377' title='bbox 383 4491 597 4547; x_wconf 87' lang='lat' dir='ltr'><strong>nomine</strong></span> <span class='ocrx_word' id='word_1_378' title='bbox 625 4489 751 4546; x_wconf 81' lang='lat' dir='ltr'><strong>.lesu</strong></span> <span class='ocrx_word' id='word_1_379' title='bbox 782 4489 980 4546; x_wconf 81' lang='lat' dir='ltr'><strong>Christi</strong></span> <span class='ocrx_word' id='word_1_380' title='bbox 1021 4492 1216 4562; x_wconf 89' lang='lat' dir='ltr'><strong>ubique</strong></span> <span class='ocrx_word' id='word_1_381' title='bbox 1247 4493 1504 4548; x_wconf 91' lang='lat' dir='ltr'><strong>miracula</strong></span> <span class='ocrx_word' id='word_1_382' title='bbox 1533 4495 1755 4552; x_wconf 89' lang='lat' dir='ltr'><strong>edentes</strong></span> <span class='ocrx_word' id='word_1_383' title='bbox 1783 4497 1962 4567; x_wconf 83' lang='lat' dir='ltr'><strong>profe-</strong></span> 
     </span>
    </p>
   </div>
   <div class='ocr_carea' id='block_1_47' title="bbox 381 4580 1960 4653">
    <p class='ocr_par' dir='ltr' id='par_1_47' title="bbox 381 4580 1960 4653">
     <span class='ocr_line' id='line_1_47' title="bbox 381 4580 1960 4653; baseline 0.003 -14"><span class='ocrx_word' id='word_1_384' title='bbox 381 4582 590 4639; x_wconf 89' lang='lat' dir='ltr'><strong>rchant.</strong></span> <span class='ocrx_word' id='word_1_385' title='bbox 621 4580 851 4638; x_wconf 84' lang='lat' dir='ltr'><strong>Tantum</strong></span> <span class='ocrx_word' id='word_1_386' title='bbox 885 4595 984 4635; x_wconf 85' lang='lat' dir='ltr'><strong>nos</strong></span> <span class='ocrx_word' id='word_1_387' title='bbox 1013 4581 1064 4635; x_wconf 91' lang='lat' dir='ltr'><strong>in</strong></span> <span class='ocrx_word' id='word_1_388' title='bbox 1093 4583 1343 4638; x_wconf 92' lang='lat' dir='ltr'><strong>omnibus</strong></span> <span class='ocrx_word' id='word_1_389' title='bbox 1367 4583 1714 4642; x_wconf 89' lang='lat' dir='ltr'><strong>observemus</strong></span> <span class='ocrx_word' id='word_1_390' title='bbox 1733 4627 1749 4653; x_wconf 95' lang='lat'><strong>,</strong></span> <span class='ocrx_word' id='word_1_391' title='bbox 1782 4595 1842 4642; x_wconf 92' lang='lat' dir='ltr'><strong>ut</strong></span> <span class='ocrx_word' id='word_1_392' title='bbox 1867 4587 1960 4644; x_wconf 90' lang='lat' dir='ltr'><strong>Dei</strong></span> 
     </span>
    </p>
   </div>
   <div class='ocr_carea' id='block_1_48' title="bbox 381 4671 1960 4749">
    <p class='ocr_par' dir='ltr' id='par_1_48' title="bbox 381 4671 1960 4749">
     <span class='ocr_line' id='line_1_48' title="bbox 381 4671 1960 4749; baseline 0.004 -19"><span class='ocrx_word' id='word_1_393' title='bbox 381 4683 648 4745; x_wconf 70' lang='lat' dir='ltr'><strong>prmcepta</strong></span> <span class='ocrx_word' id='word_1_394' title='bbox 675 4671 1038 4728; x_wconf 86' lang='lat' dir='ltr'><strong>custodiamus</strong></span> <span class='ocrx_word' id='word_1_395' title='bbox 1065 4689 1078 4726; x_wconf 89' lang='lat'><strong>:</strong></span> <span class='ocrx_word' id='word_1_396' title='bbox 1112 4673 1157 4728; x_wconf 89' lang='lat' dir='ltr'><strong>si</strong></span> <span class='ocrx_word' id='word_1_397' title='bbox 1183 4673 1328 4729; x_wconf 90' lang='lat' dir='ltr'><strong>enim</strong></span> <span class='ocrx_word' id='word_1_398' title='bbox 1357 4675 1445 4730; x_wconf 88' lang='lat' dir='ltr'><strong>illa</strong></span> <span class='ocrx_word' id='word_1_399' title='bbox 1469 4677 1746 4742; x_wconf 82' lang='lat' dir='ltr'><strong>faciamus,</strong></span> <span class='ocrx_word' id='word_1_400' title='bbox 1777 4694 1873 4749; x_wconf 86' lang='lat' dir='ltr'><strong>per</strong></span> <span class='ocrx_word' id='word_1_401' title='bbox 1897 4695 1960 4736; x_wconf 89' lang='lat' dir='ltr'><strong>ea</strong></span> 
     </span>
    </p>
   </div>
   <div class='ocr_carea' id='block_1_49' title="bbox 381 4762 1960 4836">
    <p class='ocr_par' dir='ltr' id='par_1_49' title="bbox 381 4762 1960 4836">
     <span class='ocr_line' id='line_1_49' title="bbox 381 4762 1960 4836; baseline 0.003 -16"><span class='ocrx_word' id='word_1_402' title='bbox 381 4766 450 4824; x_wconf 91' lang='lat' dir='ltr'><strong>de</strong></span> <span class='ocrx_word' id='word_1_403' title='bbox 477 4763 656 4824; x_wconf 83' lang='lat' dir='ltr'><strong>medio</strong></span> <span class='ocrx_word' id='word_1_404' title='bbox 700 4762 948 4820; x_wconf 89' lang='lat' dir='ltr'><strong>tollemus</strong></span> <span class='ocrx_word' id='word_1_405' title='bbox 976 4769 1032 4817; x_wconf 88' lang='lat' dir='ltr'><strong>et</strong></span> <span class='ocrx_word' id='word_1_406' title='bbox 1075 4762 1384 4820; x_wconf 89' lang='lat' dir='ltr'><strong>occidemus</strong></span> <span class='ocrx_word' id='word_1_407' title='bbox 1430 4765 1602 4835; x_wconf 90' lang='lat' dir='ltr'><strong>ipsum</strong></span> <span class='ocrx_word' id='word_1_408' title='bbox 1631 4766 1918 4825; x_wconf 89' lang='lat' dir='ltr'><strong>draconem</strong></span> <span class='ocrx_word' id='word_1_409' title='bbox 1943 4810 1960 4836; x_wconf 94' lang='lat'><strong>,</strong></span> 
     </span>
    </p>
   </div>
   <div class='ocr_carea' id='block_1_50' title="bbox 383 4852 1958 4928">
    <p class='ocr_par' dir='ltr' id='par_1_50' title="bbox 383 4852 1958 4928">
     <span class='ocr_line' id='line_1_50' title="bbox 383 4852 1958 4928; baseline 0.003 -18"><span class='ocrx_word' id='word_1_410' title='bbox 383 4865 682 4912; x_wconf 88' lang='lat' dir='ltr'><strong>tortuosum</strong></span> <span class='ocrx_word' id='word_1_411' title='bbox 724 4864 1056 4924; x_wconf 88' lang='lat' dir='ltr'><strong>serpentem.</strong></span> <span class='ocrx_word' id='word_1_412' title='bbox 1102 4852 1199 4908; x_wconf 87' lang='lat' dir='ltr'><strong>llic</strong></span> <span class='ocrx_word' id='word_1_413' title='bbox 1240 4853 1368 4908; x_wconf 91' lang='lat' dir='ltr'><strong>mihi</strong></span> <span class='ocrx_word' id='word_1_414' title='bbox 1401 4855 1520 4910; x_wconf 87' lang='lat' dir='ltr'><strong>vide</strong></span> <span class='ocrx_word' id='word_1_415' title='bbox 1549 4855 1696 4911; x_wconf 88' lang='lat' dir='ltr'><strong>Pauli</strong></span> <span class='ocrx_word' id='word_1_416' title='bbox 1726 4859 1958 4928; x_wconf 87' lang='lat' dir='ltr'><strong>pruden-</strong></span> 
     </span>
    </p>
   </div>
   <div class='ocr_carea' id='block_1_51' title="bbox 385 4942 1960 5020">
    <p class='ocr_par' dir='ltr' id='par_1_51' title="bbox 385 4942 1960 5020">
     <span class='ocr_line' id='line_1_51' title="bbox 385 4942 1960 5020; baseline 0.001 -19"><span class='ocrx_word' id='word_1_417' title='bbox 385 4950 534 5005; x_wconf 85' lang='lat' dir='ltr'><strong>tiam.</strong></span> <span class='ocrx_word' id='word_1_418' title='bbox 563 4947 698 5015; x_wconf 88' lang='lat' dir='ltr'><strong>Quia</strong></span> <span class='ocrx_word' id='word_1_419' title='bbox 724 4945 868 5002; x_wconf 82' lang='lat' dir='ltr'><strong>enim</strong></span> <span class='ocrx_word' id='word_1_420' title='bbox 904 4942 1059 5006; x_wconf 89' lang='lat' dir='ltr'><strong>dixit,</strong></span> <span class='ocrx_word' id='word_1_421' title='bbox 1091 4942 1331 5000; x_wconf 86' lang='lat' dir='ltr'><strong>Poteritis</strong></span> <span class='ocrx_word' id='word_1_422' title='bbox 1355 4944 1454 4999; x_wconf 88' lang='lat' dir='ltr'><strong>tela</strong></span> <span class='ocrx_word' id='word_1_423' title='bbox 1477 4945 1668 5000; x_wconf 86' lang='lat' dir='ltr'><strong>diaboli</strong></span> <span class='ocrx_word' id='word_1_424' title='bbox 1695 4949 1841 5020; x_wconf 85' lang='lat' dir='ltr'><strong>ignea</strong></span> <span class='ocrx_word' id='word_1_425' title='bbox 1869 4967 1960 5004; x_wconf 79' lang='lat' dir='ltr'><strong>ea:-</strong></span> 
     </span>
    </p>
   </div>
   <div class='ocr_carea' id='block_1_52' title="bbox 383 5036 1960 5110">
    <p class='ocr_par' dir='ltr' id='par_1_52' title="bbox 383 5036 1960 5110">
     <span class='ocr_line' id='line_1_52' title="bbox 383 5036 1960 5110; baseline 0.001 -16"><span class='ocrx_word' id='word_1_426' title='bbox 383 5041 675 5110; x_wconf 80' lang='lat' dir='ltr'><strong>stinguere;</strong></span> <span class='ocrx_word' id='word_1_427' title='bbox 703 5055 770 5094; x_wconf 93' lang='lat' dir='ltr'><strong>nc</strong></span> <span class='ocrx_word' id='word_1_428' title='bbox 796 5039 940 5107; x_wconf 86' lang='lat' dir='ltr'><strong>ipsos</strong></span> <span class='ocrx_word' id='word_1_429' title='bbox 968 5036 1195 5103; x_wconf 84' lang='lat' dir='ltr'><strong>inflaret,</strong></span> <span class='ocrx_word' id='word_1_430' title='bbox 1223 5037 1457 5092; x_wconf 84' lang='lat' dir='ltr'><strong>ostendit</strong></span> <span class='ocrx_word' id='word_1_431' title='bbox 1476 5052 1570 5094; x_wconf 88' lang='lat' dir='ltr'><strong>eos</strong></span> <span class='ocrx_word' id='word_1_432' title='bbox 1593 5040 1823 5094; x_wconf 78' lang='lat' dir='ltr'><strong>maxime</strong></span> <span class='ocrx_word' id='word_1_433' title='bbox 1846 5056 1960 5095; x_wconf 83' lang='lat' dir='ltr'><strong>om-</strong></span> 
     </span>
    </p>
   </div>
   <div class='ocr_carea' id='block_1_53' title="bbox 383 5130 1960 5202">
    <p class='ocr_par' dir='ltr' id='par_1_53' title="bbox 383 5130 1960 5202">
     <span class='ocr_line' id='line_1_53' title="bbox 383 5130 1960 5202; baseline 0 -14"><span class='ocrx_word' id='word_1_434' title='bbox 383 5134 529 5188; x_wconf 91' lang='lat' dir='ltr'><strong>nimu</strong></span> <span class='ocrx_word' id='word_1_435' title='bbox 557 5131 622 5187; x_wconf 89' lang='lat' dir='ltr'><strong>ad</strong></span> <span class='ocrx_word' id='word_1_436' title='bbox 655 5131 756 5186; x_wconf 87' lang='lat' dir='ltr'><strong>hoc</strong></span> <span class='ocrx_word' id='word_1_437' title='bbox 786 5132 896 5186; x_wconf 90' lang='lat' dir='ltr'><strong>Deo</strong></span> <span class='ocrx_word' id='word_1_438' title='bbox 919 5145 1056 5202; x_wconf 84' lang='lat' dir='ltr'><strong>Opus</strong></span> <span class='ocrx_word' id='word_1_439' title='bbox 1079 5130 1298 5186; x_wconf 88' lang='lat' dir='ltr'><strong>habere.</strong></span> <span class='ocrx_word' id='word_1_440' title='bbox 1324 5130 1461 5198; x_wconf 87' lang='lat' dir='ltr'><strong>Quid</strong></span> <span class='ocrx_word' id='word_1_441' title='bbox 1487 5130 1628 5186; x_wconf 87' lang='lat' dir='ltr'><strong>enim</strong></span> <span class='ocrx_word' id='word_1_442' title='bbox 1659 5132 1834 5188; x_wconf 82' lang='lat' dir='ltr'><strong>dicit?</strong></span> <span class='ocrx_word' id='word_1_443' title='bbox 1859 5133 1960 5190; x_wconf 81' lang='lat' dir='ltr'><strong>Per</strong></span> 
     </span>
    </p>
   </div>
   <div class='ocr_carea' id='block_1_54' title="bbox 380 5220 1959 5287">
    <p class='ocr_par' dir='ltr' id='par_1_54' title="bbox 380 5220 1959 5287">
     <span class='ocr_line' id='line_1_54' title="bbox 380 5220 1959 5287; baseline 0.002 -9"><span class='ocrx_word' id='word_1_444' title='bbox 380 5239 578 5278; x_wconf 84' lang='lat' dir='ltr'><strong>omnem</strong></span> <span class='ocrx_word' id='word_1_445' title='bbox 603 5223 879 5276; x_wconf 87' lang='lat' dir='ltr'><strong>orationem</strong></span> <span class='ocrx_word' id='word_1_446' title='bbox 901 5231 946 5276; x_wconf 84' lang='lat' dir='ltr'><strong>et</strong></span> <span class='ocrx_word' id='word_1_447' title='bbox 969 5220 1382 5276; x_wconf 83' lang='lat' dir='ltr'><strong>obsecrationem.</strong></span> <span class='ocrx_word' id='word_1_448' title='bbox 1416 5223 1492 5276; x_wconf 83' lang='lat' dir='ltr'><strong>Ac</strong></span> <span class='ocrx_word' id='word_1_449' title='bbox 1511 5222 1556 5276; x_wconf 89' lang='lat' dir='ltr'><strong>si</strong></span> <span class='ocrx_word' id='word_1_450' title='bbox 1577 5222 1799 5287; x_wconf 89' lang='lat' dir='ltr'><strong>diceret,</strong></span> <span class='ocrx_word' id='word_1_451' title='bbox 1834 5224 1959 5281; x_wconf 78' lang='lat' dir='ltr'><strong>lla-c</strong></span> 
     </span>
    </p>
   </div>
   <div class='ocr_carea' id='block_1_55' title="bbox 379 5313 1956 5385">
    <p class='ocr_par' dir='ltr' id='par_1_55' title="bbox 379 5313 1956 5385">
     <span class='ocr_line' id='line_1_55' title="bbox 379 5313 1956 5385; baseline 0.001 -15"><span class='ocrx_word' id='word_1_452' title='bbox 379 5325 558 5381; x_wconf 86' lang='lat' dir='ltr'><strong>erunt,</strong></span> <span class='ocrx_word' id='word_1_453' title='bbox 589 5323 643 5369; x_wconf 92' lang='lat' dir='ltr'><strong>et</strong></span> <span class='ocrx_word' id='word_1_454' title='bbox 668 5322 834 5370; x_wconf 89' lang='lat' dir='ltr'><strong>totum</strong></span> <span class='ocrx_word' id='word_1_455' title='bbox 864 5322 1011 5368; x_wconf 89' lang='lat' dir='ltr'><strong>recte</strong></span> <span class='ocrx_word' id='word_1_456' title='bbox 1034 5315 1234 5384; x_wconf 86' lang='lat' dir='ltr'><strong>geretis</strong></span> <span class='ocrx_word' id='word_1_457' title='bbox 1263 5323 1502 5369; x_wconf 87' lang='lat' dir='ltr'><strong>orantes.</strong></span> <span class='ocrx_word' id='word_1_458' title='bbox 1535 5313 1832 5385; x_wconf 86' lang='lat' dir='ltr'><strong>Numquam</strong></span> <span class='ocrx_word' id='word_1_459' title='bbox 1859 5333 1956 5371; x_wconf 88' lang='lat' dir='ltr'><strong>au-</strong></span> 
     </span>
    </p>
   </div>
   <div class='ocr_carea' id='block_1_56' title="bbox 378 5405 1958 5478">
    <p class='ocr_par' dir='ltr' id='par_1_56' title="bbox 378 5405 1958 5478">
     <span class='ocr_line' id='line_1_56' title="bbox 378 5405 1958 5478; baseline 0.001 -14"><span class='ocrx_word' id='word_1_460' title='bbox 378 5416 485 5464; x_wconf 90' lang='lat' dir='ltr'><strong>tem</strong></span> <span class='ocrx_word' id='word_1_461' title='bbox 515 5405 779 5464; x_wconf 89' lang='lat' dir='ltr'><strong>accedens</strong></span> <span class='ocrx_word' id='word_1_462' title='bbox 806 5421 904 5477; x_wconf 89' lang='lat' dir='ltr'><strong>pro</strong></span> <span class='ocrx_word' id='word_1_463' title='bbox 931 5415 983 5459; x_wconf 89' lang='lat' dir='ltr'><strong>te</strong></span> <span class='ocrx_word' id='word_1_464' title='bbox 1009 5407 1124 5461; x_wconf 79' lang='lat' dir='ltr'><strong>solo</strong></span> <span class='ocrx_word' id='word_1_465' title='bbox 1152 5423 1299 5478; x_wconf 68' lang='grc' dir='ltr'><strong>τοειι,</strong></span> <span class='ocrx_word' id='word_1_466' title='bbox 1331 5416 1386 5463; x_wconf 89' lang='lat' dir='ltr'><strong>et</strong></span> <span class='ocrx_word' id='word_1_467' title='bbox 1412 5407 1490 5463; x_wconf 87' lang='lat' dir='ltr'><strong>sic</strong></span> <span class='ocrx_word' id='word_1_468' title='bbox 1520 5407 1691 5464; x_wconf 91' lang='lat' dir='ltr'><strong>Deum</strong></span> <span class='ocrx_word' id='word_1_469' title='bbox 1734 5407 1958 5466; x_wconf 88' lang='lat' dir='ltr'><strong>habebis</strong></span> 
     </span>
    </p>
   </div>
   <div class='ocr_carea' id='block_1_57' title="bbox 379 5495 1956 5570">
    <p class='ocr_par' dir='ltr' id='par_1_57' title="bbox 379 5495 1956 5570">
     <span class='ocr_line' id='line_1_57' title="bbox 379 5495 1956 5570; baseline -0.001 -16"><span class='ocrx_word' id='word_1_470' title='bbox 379 5499 685 5570; x_wconf 83' lang='lat' dir='ltr'><strong>propitium.</strong></span> <span class='ocrx_word' id='word_1_471' title='bbox 725 5495 821 5552; x_wconf 79' lang='lat' dir='ltr'><strong>Per</strong></span> <span class='ocrx_word' id='word_1_472' title='bbox 849 5513 1070 5562; x_wconf 81' lang='lat' dir='ltr'><strong>ontnem,</strong></span> <span class='ocrx_word' id='word_1_473' title='bbox 1102 5496 1306 5566; x_wconf 90' lang='lat' dir='ltr'><strong>inquit,</strong></span> <span class='ocrx_word' id='word_1_474' title='bbox 1337 5498 1617 5552; x_wconf 84' lang='lat' dir='ltr'><strong>orationem</strong></span> <span class='ocrx_word' id='word_1_475' title='bbox 1643 5511 1690 5552; x_wconf 89' lang='lat' dir='ltr'><strong>et</strong></span> <span class='ocrx_word' id='word_1_476' title='bbox 1719 5499 1956 5553; x_wconf 83' lang='lat' dir='ltr'><strong>obsecra-</strong></span> 
     </span>
    </p>
   </div>
   <div class='ocr_carea' id='block_1_58' title="bbox 378 5589 1976 5659">
    <p class='ocr_par' dir='ltr' id='par_1_58' title="bbox 378 5589 1976 5659">
     <span class='ocr_line' id='line_1_58' title="bbox 378 5589 1976 5659; baseline 0.002 -15"><span class='ocrx_word' id='word_1_477' title='bbox 378 5602 558 5645; x_wconf 78' lang='lat' dir='ltr'><strong>tionem</strong></span> <span class='ocrx_word' id='word_1_478' title='bbox 581 5600 782 5646; x_wconf 83' lang='lat' dir='ltr'><strong>orantes</strong></span> <span class='ocrx_word' id='word_1_479' title='bbox 823 5589 1035 5644; x_wconf 89' lang='lat' dir='ltr'><strong>inomni</strong></span> <span class='ocrx_word' id='word_1_480' title='bbox 1065 5599 1286 5657; x_wconf 83' lang='lat' dir='ltr'><strong>tempore</strong></span> <span class='ocrx_word' id='word_1_481' title='bbox 1326 5591 1378 5644; x_wconf 91' lang='lat' dir='ltr'><strong>in</strong></span> <span class='ocrx_word' id='word_1_482' title='bbox 1406 5591 1587 5659; x_wconf 79' lang='lat' dir='ltr'><strong>spiritu</strong></span> <span class='ocrx_word' id='word_1_483' title='bbox 1609 5632 1624 5654; x_wconf 95' lang='lat'><strong>,</strong></span> <span class='ocrx_word' id='word_1_484' title='bbox 1666 5602 1711 5645; x_wconf 90' lang='lat' dir='ltr'><strong>et</strong></span> <span class='ocrx_word' id='word_1_485' title='bbox 1760 5592 1828 5646; x_wconf 87' lang='lat' dir='ltr'><strong>ad</strong></span> <span class='ocrx_word' id='word_1_486' title='bbox 1862 5593 1976 5647; x_wconf 83' lang='lat' dir='ltr'><strong>hoc.</strong></span> 
     </span>
    </p>
   </div>
   <div class='ocr_carea' id='block_1_59' title="bbox 382 5679 1954 5753">
    <p class='ocr_par' dir='ltr' id='par_1_59' title="bbox 382 5679 1954 5753">
     <span class='ocr_line' id='line_1_59' title="bbox 382 5679 1954 5753; baseline 0.002 -18"><span class='ocrx_word' id='word_1_487' title='bbox 382 5683 550 5753; x_wconf 83' lang='lat' dir='ltr'><strong>ipsum</strong></span> <span class='ocrx_word' id='word_1_488' title='bbox 578 5682 838 5752; x_wconf 75' lang='lat' dir='ltr'><strong>rigilautcs</strong></span> <span class='ocrx_word' id='word_1_489' title='bbox 863 5682 918 5734; x_wconf 90' lang='lat' dir='ltr'><strong>in</strong></span> <span class='ocrx_word' id='word_1_490' title='bbox 946 5680 1083 5734; x_wconf 88' lang='lat' dir='ltr'><strong>omni</strong></span> <span class='ocrx_word' id='word_1_491' title='bbox 1108 5679 1348 5732; x_wconf 88' lang='lat' dir='ltr'><strong>instantia</strong></span> <span class='ocrx_word' id='word_1_492' title='bbox 1367 5720 1383 5746; x_wconf 91' lang='lat'><strong>,</strong></span> <span class='ocrx_word' id='word_1_493' title='bbox 1413 5690 1458 5734; x_wconf 86' lang='lat' dir='ltr'><strong>ct</strong></span> <span class='ocrx_word' id='word_1_494' title='bbox 1487 5683 1825 5739; x_wconf 74' lang='lat' dir='ltr'><strong>obsecratione</strong></span> <span class='ocrx_word' id='word_1_495' title='bbox 1861 5701 1954 5753; x_wconf 78' lang='lat' dir='ltr'><strong>pro</strong></span> 
     </span>
    </p>
   </div>
   <div class='ocr_carea' id='block_1_60' title="bbox 377 5765 1948 5841">
    <p class='ocr_par' dir='ltr' id='par_1_60' title="bbox 377 5765 1948 5841">
     <span class='ocr_line' id='line_1_60' title="bbox 377 5765 1948 5841; baseline 0.002 -14"><span class='ocrx_word' id='word_1_496' title='bbox 377 5775 607 5830; x_wconf 77' lang='lat' dir='ltr'><strong>omnibus</strong></span> <span class='ocrx_word' id='word_1_497' title='bbox 629 5771 834 5827; x_wconf 79' lang='lat' dir='ltr'><strong>sanctis.</strong></span> <span class='ocrx_word' id='word_1_498' title='bbox 868 5769 946 5826; x_wconf 75' lang='lat' dir='ltr'><strong>Ne</strong></span> <span class='ocrx_word' id='word_1_499' title='bbox 974 5768 1103 5824; x_wconf 88' lang='lat' dir='ltr'><strong>mihi</strong></span> <span class='ocrx_word' id='word_1_500' title='bbox 1129 5765 1354 5824; x_wconf 83' lang='lat' dir='ltr'><strong>deﬁnias</strong></span> <span class='ocrx_word' id='word_1_501' title='bbox 1385 5778 1625 5841; x_wconf 87' lang='lat' dir='ltr'><strong>tempora</strong></span> <span class='ocrx_word' id='word_1_502' title='bbox 1653 5771 1754 5828; x_wconf 88' lang='lat' dir='ltr'><strong>diei</strong></span> <span class='ocrx_word' id='word_1_503' title='bbox 1789 5791 1800 5828; x_wconf 91' lang='lat'>:</span> <span class='ocrx_word' id='word_1_504' title='bbox 1825 5775 1948 5830; x_wconf 90' lang='lat' dir='ltr'><strong>audi</strong></span> 
     </span>
    </p>
   </div>
   <div class='ocr_carea' id='block_1_61' title="bbox 3565 360 3667 416">
    <p class='ocr_par' dir='ltr' id='par_1_61' title="bbox 3565 360 3667 416">
     <span class='ocr_line' id='line_1_61' title="bbox 3565 360 3667 416; baseline 0.01 -2"><span class='ocrx_word' id='word_1_505' title='bbox 3565 360 3667 416; x_wconf 68' lang='lat' dir='ltr'><strong>I72</strong></span> 
     </span>
    </p>
   </div>
   <div class='ocr_carea' id='block_1_62' title="bbox 2091 463 3660 537">
    <p class='ocr_par' dir='ltr' id='par_1_62' title="bbox 2091 463 3660 537">
     <span class='ocr_line' id='line_1_62' title="bbox 2091 463 3660 537; baseline 0.011 -21"><span class='ocrx_word' id='word_1_506' title='bbox 2091 463 2231 517; x_wconf 90' lang='lat' dir='ltr'><strong>enim</strong></span> <span class='ocrx_word' id='word_1_507' title='bbox 2257 463 2381 532; x_wconf 90' lang='lat' dir='ltr'><strong>quid</strong></span> <span class='ocrx_word' id='word_1_508' title='bbox 2404 463 2564 525; x_wconf 90' lang='lat' dir='ltr'><strong>dicat,</strong></span> <span class='ocrx_word' id='word_1_509' title='bbox 2589 464 2615 517; x_wconf 91' lang='grc' dir='ltr'><strong><em>Ι</em></strong></span> <span class='ocrx_word' id='word_1_510' title='bbox 2625 483 2656 518; x_wconf 86' lang='grc' dir='ltr'><strong>ιι</strong></span> <span class='ocrx_word' id='word_1_511' title='bbox 2679 469 2819 520; x_wconf 87' lang='lat' dir='ltr'><strong>onmi</strong></span> <span class='ocrx_word' id='word_1_512' title='bbox 2847 477 3065 537; x_wconf 73' lang='lat' dir='ltr'><strong>tempore</strong></span> <span class='ocrx_word' id='word_1_513' title='bbox 3092 472 3307 528; x_wconf 69' lang='lat' dir='ltr'><strong>accede.</strong></span> <span class='ocrx_word' id='word_1_514' title='bbox 3339 475 3466 530; x_wconf 89' lang='lat' dir='ltr'><strong>Sine</strong></span> <span class='ocrx_word' id='word_1_515' title='bbox 3490 477 3660 533; x_wconf 86' lang='lat' dir='ltr'><strong>inter-</strong></span> 
     </span>
    </p>
   </div>
   <div class='ocr_carea' id='block_1_63' title="bbox 2089 555 3668 639">
    <p class='ocr_par' dir='ltr' id='par_1_63' title="bbox 2089 555 3668 639">
     <span class='ocr_line' id='line_1_63' title="bbox 2089 555 3668 639; baseline 0.009 -32"><span class='ocrx_word' id='word_1_516' title='bbox 2089 555 2379 619; x_wconf 89' lang='lat' dir='ltr'><strong>missione,</strong></span> <span class='ocrx_word' id='word_1_517' title='bbox 2414 556 2622 624; x_wconf 88' lang='lat' dir='ltr'><strong>inquit,</strong></span> <span class='ocrx_word' id='word_1_518' title='bbox 2654 568 2888 613; x_wconf 91' lang='lat' dir='ltr'><strong>orantes.</strong></span> <span class='ocrx_word' id='word_1_519' title='bbox 2943 559 3058 614; x_wconf 89' lang='lat' dir='ltr'><strong>Non</strong></span> <span class='ocrx_word' id='word_1_520' title='bbox 3101 564 3348 620; x_wconf 84' lang='lat' dir='ltr'><strong>audivisti</strong></span> <span class='ocrx_word' id='word_1_521' title='bbox 3395 570 3668 639; x_wconf 77' lang='lat' dir='ltr'><strong>quomodo</strong></span> 
     </span>
    </p>
   </div>
   <div class='ocr_carea' id='block_1_64' title="bbox 2088 644 3664 714">
    <p class='ocr_par' dir='ltr' id='par_1_64' title="bbox 2088 644 3664 714">
     <span class='ocr_line' id='line_1_64' title="bbox 2088 644 3664 714; baseline 0.007 -16"><span class='ocrx_word' id='word_1_522' title='bbox 2088 645 2174 698; x_wconf 90' lang='lat' dir='ltr'><strong>illa</strong></span> <span class='ocrx_word' id='word_1_523' title='bbox 2202 644 2358 698; x_wconf 87' lang='lat' dir='ltr'><strong>vidua</strong></span> <span class='ocrx_word' id='word_1_524' title='bbox 2401 648 2670 714; x_wconf 83' lang='lat' dir='ltr'><strong>superavit</strong></span> <span class='ocrx_word' id='word_1_525' title='bbox 2710 649 3066 705; x_wconf 75' lang='lat' dir='ltr'><strong>assiduitate?</strong></span> <span class='ocrx_word' id='word_1_526' title='bbox 3098 669 3202 706; x_wconf 90' lang='lat' dir='ltr'><strong>non</strong></span> <span class='ocrx_word' id='word_1_527' title='bbox 3230 656 3476 710; x_wconf 80' lang='lat' dir='ltr'><strong>audivisti</strong></span> <span class='ocrx_word' id='word_1_528' title='bbox 3525 661 3664 712; x_wconf 73' lang='lat' dir='ltr'><strong>ami-</strong></span> 
     </span>
    </p>
   </div>
   <div class='ocr_carea' id='block_1_65' title="bbox 2085 737 3664 818">
    <p class='ocr_par' dir='ltr' id='par_1_65' title="bbox 2085 737 3664 818">
     <span class='ocr_line' id='line_1_65' title="bbox 2085 737 3664 818; baseline 0.009 -28"><span class='ocrx_word' id='word_1_529' title='bbox 2085 752 2206 790; x_wconf 90' lang='lat' dir='ltr'><strong>cum</strong></span> <span class='ocrx_word' id='word_1_530' title='bbox 2233 737 2376 790; x_wconf 90' lang='lat' dir='ltr'><strong>illum</strong></span> <span class='ocrx_word' id='word_1_531' title='bbox 2409 738 2578 791; x_wconf 83' lang='lat' dir='ltr'><strong>media</strong></span> <span class='ocrx_word' id='word_1_532' title='bbox 2607 750 2766 792; x_wconf 85' lang='lat' dir='ltr'><strong>nocte</strong></span> <span class='ocrx_word' id='word_1_533' title='bbox 2787 755 2878 794; x_wconf 89' lang='lat' dir='ltr'><strong>sua</strong></span> <span class='ocrx_word' id='word_1_534' title='bbox 2909 745 3302 809; x_wconf 83' lang='lat' dir='ltr'><strong>perseverantia</strong></span> <span class='ocrx_word' id='word_1_535' title='bbox 3331 747 3664 818; x_wconf 53' lang='lat' dir='ltr'><strong>impetratis.</strong></span> 
     </span>
    </p>
   </div>
   <div class='ocr_carea' id='block_1_66' title="bbox 2084 827 3638 911">
    <p class='ocr_par' dir='ltr' id='par_1_66' title="bbox 2084 827 3638 911">
     <span class='ocr_line' id='line_1_66' title="bbox 2084 827 3638 911; baseline 0.011 -31"><span class='ocrx_word' id='word_1_536' title='bbox 2084 827 2184 880; x_wconf 89' lang='lat' dir='ltr'><strong>se?</strong></span> <span class='ocrx_word' id='word_1_537' title='bbox 2214 844 2316 881; x_wconf 91' lang='lat' dir='ltr'><strong>non</strong></span> <span class='ocrx_word' id='word_1_538' title='bbox 2341 829 2587 883; x_wconf 88' lang='lat' dir='ltr'><strong>audivisti</strong></span> <span class='ocrx_word' id='word_1_539' title='bbox 2614 831 2682 884; x_wconf 86' lang='lat' dir='ltr'><strong>de</strong></span> <span class='ocrx_word' id='word_1_540' title='bbox 2710 831 3142 902; x_wconf 75' lang='lat' dir='ltr'><strong>Syrophmnissa,</strong></span> <span class='ocrx_word' id='word_1_541' title='bbox 3173 841 3442 906; x_wconf 80' lang='lat' dir='ltr'><strong>qttmnodo</strong></span> <span class='ocrx_word' id='word_1_542' title='bbox 3476 858 3638 911; x_wconf 89' lang='lat' dir='ltr'><strong>perpe</strong></span> 
     </span>
    </p>
   </div>
   <div class='ocr_carea' id='block_1_67' title="bbox 2086 919 3660 989">
    <p class='ocr_par' dir='ltr' id='par_1_67' title="bbox 2086 919 3660 989">
     <span class='ocr_line' id='line_1_67' title="bbox 2086 919 3660 989; baseline 0.013 -20"><span class='ocrx_word' id='word_1_543' title='bbox 2086 926 2170 969; x_wconf 91' lang='lat' dir='ltr'><strong>tua</strong></span> <span class='ocrx_word' id='word_1_544' title='bbox 2221 932 2314 970; x_wconf 90' lang='lat' dir='ltr'><strong>sua</strong></span> <span class='ocrx_word' id='word_1_545' title='bbox 2370 919 2802 988; x_wconf 78' lang='lat' dir='ltr'><strong>interpellatione</strong></span> <span class='ocrx_word' id='word_1_546' title='bbox 2857 925 3135 981; x_wconf 90' lang='lat' dir='ltr'><strong>Dominum</strong></span> <span class='ocrx_word' id='word_1_547' title='bbox 3193 934 3548 986; x_wconf 85' lang='lat' dir='ltr'><strong>evocaverit?</strong></span> <span class='ocrx_word' id='word_1_548' title='bbox 3599 935 3660 989; x_wconf 91' lang='lat' dir='ltr'><strong>lli</strong></span> 
     </span>
    </p>
   </div>
   <div class='ocr_carea' id='block_1_68' title="bbox 2082 1007 3656 1092">
    <p class='ocr_par' dir='ltr' id='par_1_68' title="bbox 2082 1007 3656 1092">
     <span class='ocr_line' id='line_1_68' title="bbox 2082 1007 3656 1092; baseline 0.011 -33"><span class='ocrx_word' id='word_1_549' title='bbox 2082 1021 2270 1062; x_wconf 85' lang='lat' dir='ltr'><strong>omnes</strong></span> <span class='ocrx_word' id='word_1_550' title='bbox 2302 1007 2652 1078; x_wconf 87' lang='lat' dir='ltr'><strong>itnpetrarnnt</strong></span> <span class='ocrx_word' id='word_1_551' title='bbox 2679 1027 2772 1066; x_wconf 89' lang='lat' dir='ltr'><strong>sua</strong></span> <span class='ocrx_word' id='word_1_552' title='bbox 2803 1014 3134 1071; x_wconf 84' lang='lat' dir='ltr'><strong>assiduitate.</strong></span> <span class='ocrx_word' id='word_1_553' title='bbox 3166 1017 3382 1073; x_wconf 86' lang='lat' dir='ltr'><strong>Orantes</strong></span> <span class='ocrx_word' id='word_1_554' title='bbox 3404 1061 3421 1086; x_wconf 94' lang='lat'><strong>,</strong></span> <span class='ocrx_word' id='word_1_555' title='bbox 3453 1023 3656 1092; x_wconf 89' lang='lat' dir='ltr'><strong>inquit,</strong></span> 
     </span>
    </p>
   </div>
   <div class='ocr_carea' id='block_1_69' title="bbox 2081 1097 3661 1178">
    <p class='ocr_par' dir='ltr' id='par_1_69' title="bbox 2081 1097 3661 1178">
     <span class='ocr_line' id='line_1_69' title="bbox 2081 1097 3661 1178; baseline 0.013 -30"><span class='ocrx_word' id='word_1_556' title='bbox 2081 1097 2133 1149; x_wconf 83' lang='lat' dir='ltr'><strong>in</strong></span> <span class='ocrx_word' id='word_1_557' title='bbox 2164 1099 2300 1150; x_wconf 85' lang='lat' dir='ltr'><strong>omni</strong></span> <span class='ocrx_word' id='word_1_558' title='bbox 2329 1110 2555 1166; x_wconf 74' lang='lat' dir='ltr'><strong>ternpore</strong></span> <span class='ocrx_word' id='word_1_559' title='bbox 2583 1101 2633 1154; x_wconf 87' lang='lat' dir='ltr'><strong>in</strong></span> <span class='ocrx_word' id='word_1_560' title='bbox 2663 1103 2863 1169; x_wconf 80' lang='lat' dir='ltr'><strong>spiritu.</strong></span> <span class='ocrx_word' id='word_1_561' title='bbox 2897 1104 3009 1160; x_wconf 81' lang='lat' dir='ltr'><strong>Hoc</strong></span> <span class='ocrx_word' id='word_1_562' title='bbox 3035 1116 3134 1169; x_wconf 82' lang='lat' dir='ltr'><strong>est,</strong></span> <span class='ocrx_word' id='word_1_563' title='bbox 3167 1125 3285 1178; x_wconf 75' lang='lat' dir='ltr'><strong>qua:</strong></span> <span class='ocrx_word' id='word_1_564' title='bbox 3308 1126 3374 1165; x_wconf 84' lang='lat' dir='ltr'><strong>ex</strong></span> <span class='ocrx_word' id='word_1_565' title='bbox 3401 1112 3509 1166; x_wconf 89' lang='lat' dir='ltr'><strong>Deo</strong></span> <span class='ocrx_word' id='word_1_566' title='bbox 3535 1124 3661 1168; x_wconf 91' lang='lat' dir='ltr'><strong>sunt</strong></span> 
     </span>
    </p>
   </div>
   <div class='ocr_carea' id='block_1_70' title="bbox 2080 1190 3654 1268">
    <p class='ocr_par' dir='ltr' id='par_1_70' title="bbox 2080 1190 3654 1268">
     <span class='ocr_line' id='line_1_70' title="bbox 2080 1190 3654 1268; baseline 0.014 -31"><span class='ocrx_word' id='word_1_567' title='bbox 2080 1202 2398 1255; x_wconf 74' lang='lat' dir='ltr'><strong>quaeramus.</strong></span> <span class='ocrx_word' id='word_1_568' title='bbox 2431 1190 2558 1244; x_wconf 85' lang='lat' dir='ltr'><strong>nihil</strong></span> <span class='ocrx_word' id='word_1_569' title='bbox 2590 1193 2932 1258; x_wconf 90' lang='lat' dir='ltr'><strong>mundanum,</strong></span> <span class='ocrx_word' id='word_1_570' title='bbox 2969 1198 3100 1250; x_wconf 89' lang='lat' dir='ltr'><strong>nihil</strong></span> <span class='ocrx_word' id='word_1_571' title='bbox 3131 1200 3274 1268; x_wconf 87' lang='lat' dir='ltr'><strong>quod</strong></span> <span class='ocrx_word' id='word_1_572' title='bbox 3307 1201 3370 1255; x_wconf 88' lang='lat' dir='ltr'><strong>ad</strong></span> <span class='ocrx_word' id='word_1_573' title='bbox 3409 1202 3546 1258; x_wconf 88' lang='lat' dir='ltr'><strong>hanc</strong></span> <span class='ocrx_word' id='word_1_574' title='bbox 3573 1206 3654 1258; x_wconf 87' lang='lat' dir='ltr'><strong>vi-</strong></span> 
     </span>
    </p>
   </div>
   <div class='ocr_carea' id='block_1_71' title="bbox 2083 1283 3659 1363">
    <p class='ocr_par' dir='ltr' id='par_1_71' title="bbox 2083 1283 3659 1363">
     <span class='ocr_line' id='line_1_71' title="bbox 2083 1283 3659 1363; baseline 0.014 -32"><span class='ocrx_word' id='word_1_575' title='bbox 2083 1289 2186 1333; x_wconf 91' lang='lat' dir='ltr'><strong>tam</strong></span> <span class='ocrx_word' id='word_1_576' title='bbox 2217 1283 2500 1348; x_wconf 89' lang='lat' dir='ltr'><strong>pertineat.</strong></span> <span class='ocrx_word' id='word_1_577' title='bbox 2533 1283 2649 1338; x_wconf 79' lang='lat' dir='ltr'><strong>Non</strong></span> <span class='ocrx_word' id='word_1_578' title='bbox 2678 1285 2853 1340; x_wconf 90' lang='lat' dir='ltr'><strong>solum</strong></span> <span class='ocrx_word' id='word_1_579' title='bbox 2879 1303 3031 1356; x_wconf 87' lang='lat' dir='ltr'><strong>ergo,</strong></span> <span class='ocrx_word' id='word_1_580' title='bbox 3064 1289 3274 1358; x_wconf 89' lang='lat' dir='ltr'><strong>inquit,</strong></span> <span class='ocrx_word' id='word_1_581' title='bbox 3316 1308 3452 1363; x_wconf 83' lang='lat' dir='ltr'><strong>Opus</strong></span> <span class='ocrx_word' id='word_1_582' title='bbox 3487 1306 3572 1350; x_wconf 91' lang='lat' dir='ltr'><strong>cst</strong></span> <span class='ocrx_word' id='word_1_583' title='bbox 3602 1306 3659 1353; x_wconf 92' lang='lat' dir='ltr'><strong>ut</strong></span> 
     </span>
    </p>
   </div>
   <div class='ocr_carea' id='block_1_72' title="bbox 2077 1373 3654 1454">
    <p class='ocr_par' dir='ltr' id='par_1_72' title="bbox 2077 1373 3654 1454">
     <span class='ocr_line' id='line_1_72' title="bbox 2077 1373 3654 1454; baseline 0.013 -33"><span class='ocrx_word' id='word_1_584' title='bbox 2077 1383 2290 1425; x_wconf 90' lang='lat' dir='ltr'><strong>oremus</strong></span> <span class='ocrx_word' id='word_1_585' title='bbox 2321 1374 2438 1428; x_wconf 90' lang='lat' dir='ltr'><strong>sine</strong></span> <span class='ocrx_word' id='word_1_586' title='bbox 2460 1373 2859 1431; x_wconf 79' lang='lat' dir='ltr'><strong>intermissione</strong></span> <span class='ocrx_word' id='word_1_587' title='bbox 2884 1419 2898 1438; x_wconf 88' lang='grc'>,</span> <span class='ocrx_word' id='word_1_588' title='bbox 2932 1379 3025 1432; x_wconf 92' lang='lat' dir='ltr'><strong>scd</strong></span> <span class='ocrx_word' id='word_1_589' title='bbox 3058 1381 3219 1435; x_wconf 84' lang='lat' dir='ltr'><strong>etiam</strong></span> <span class='ocrx_word' id='word_1_590' title='bbox 3246 1391 3303 1436; x_wconf 89' lang='lat' dir='ltr'><strong>ut</strong></span> <span class='ocrx_word' id='word_1_591' title='bbox 3333 1385 3654 1454; x_wconf 83' lang='lat' dir='ltr'><strong>vigilantes;</strong></span> 
     </span>
    </p>
   </div>
   <div class='ocr_carea' id='block_1_73' title="bbox 2078 1457 3659 1538">
    <p class='ocr_par' dir='ltr' id='par_1_73' title="bbox 2078 1457 3659 1538">
     <span class='ocr_line' id='line_1_73' title="bbox 2078 1457 3659 1538; baseline 0.013 -28"><span class='ocrx_word' id='word_1_592' title='bbox 2078 1457 2146 1512; x_wconf 79' lang='lat' dir='ltr'><strong>Et</strong></span> <span class='ocrx_word' id='word_1_593' title='bbox 2173 1462 2240 1513; x_wconf 89' lang='lat' dir='ltr'><strong>ad</strong></span> <span class='ocrx_word' id='word_1_594' title='bbox 2266 1461 2359 1515; x_wconf 87' lang='lat' dir='ltr'><strong>hoc</strong></span> <span class='ocrx_word' id='word_1_595' title='bbox 2387 1463 2554 1530; x_wconf 86' lang='lat' dir='ltr'><strong>ipsum</strong></span> <span class='ocrx_word' id='word_1_596' title='bbox 2583 1505 2598 1528; x_wconf 95' lang='lat'><strong>,</strong></span> <span class='ocrx_word' id='word_1_597' title='bbox 2648 1466 2838 1535; x_wconf 90' lang='lat' dir='ltr'><strong>inquit,</strong></span> <span class='ocrx_word' id='word_1_598' title='bbox 2891 1468 3179 1538; x_wconf 83' lang='lat' dir='ltr'><strong>vigilantes.</strong></span> <span class='ocrx_word' id='word_1_599' title='bbox 3211 1471 3335 1528; x_wconf 88' lang='lat' dir='ltr'><strong>Sive</strong></span> <span class='ocrx_word' id='word_1_600' title='bbox 3384 1476 3468 1529; x_wconf 93' lang='lat' dir='ltr'><strong>hic</strong></span> <span class='ocrx_word' id='word_1_601' title='bbox 3516 1477 3659 1531; x_wconf 89' lang='lat' dir='ltr'><strong>dicat</strong></span> 
     </span>
    </p>
   </div>
   <div class='ocr_carea' id='block_1_74' title="bbox 2078 1555 3658 1627">
    <p class='ocr_par' dir='ltr' id='par_1_74' title="bbox 2078 1555 3658 1627">
     <span class='ocr_line' id='line_1_74' title="bbox 2078 1555 3658 1627; baseline 0.012 -23"><span class='ocrx_word' id='word_1_602' title='bbox 2078 1555 2529 1621; x_wconf 88' lang='lat' dir='ltr'><strong>pernoctationes,</strong></span> <span class='ocrx_word' id='word_1_603' title='bbox 2553 1557 2667 1613; x_wconf 91' lang='lat' dir='ltr'><strong>sive</strong></span> <span class='ocrx_word' id='word_1_604' title='bbox 2689 1558 2846 1613; x_wconf 88' lang='lat' dir='ltr'><strong>etiam</strong></span> <span class='ocrx_word' id='word_1_605' title='bbox 2867 1561 3056 1614; x_wconf 70' lang='lat' dir='ltr'><strong>anima-</strong></span> <span class='ocrx_word' id='word_1_606' title='bbox 3076 1563 3440 1627; x_wconf 86' lang='lat' dir='ltr'><strong>sobrietatem.</strong></span> <span class='ocrx_word' id='word_1_607' title='bbox 3461 1579 3658 1623; x_wconf 87' lang='lat' dir='ltr'><strong>utrum-</strong></span> 
     </span>
    </p>
   </div>
   <div class='ocr_carea' id='block_1_75' title="bbox 2075 1643 3654 1723">
    <p class='ocr_par' dir='ltr' id='par_1_75' title="bbox 2075 1643 3654 1723">
     <span class='ocr_line' id='line_1_75' title="bbox 2075 1643 3654 1723; baseline 0.013 -29"><span class='ocrx_word' id='word_1_608' title='bbox 2075 1657 2178 1712; x_wconf 83' lang='lat' dir='ltr'><strong>que</strong></span> <span class='ocrx_word' id='word_1_609' title='bbox 2203 1643 2447 1700; x_wconf 91' lang='lat' dir='ltr'><strong>admitto.</strong></span> <span class='ocrx_word' id='word_1_610' title='bbox 2480 1645 2636 1700; x_wconf 71' lang='lat' dir='ltr'><strong>Vides</strong></span> <span class='ocrx_word' id='word_1_611' title='bbox 2658 1648 2926 1717; x_wconf 83' lang='lat' dir='ltr'><strong>quomodo</strong></span> <span class='ocrx_word' id='word_1_612' title='bbox 2951 1651 3194 1721; x_wconf 83' lang='lat' dir='ltr'><strong>vigilaret</strong></span> <span class='ocrx_word' id='word_1_613' title='bbox 3221 1655 3306 1708; x_wconf 90' lang='lat' dir='ltr'><strong>illa</strong></span> <span class='ocrx_word' id='word_1_614' title='bbox 3333 1656 3654 1723; x_wconf 74' lang='lat' dir='ltr'><strong>Chananzea,</strong></span> 
     </span>
    </p>
   </div>
   <div class='ocr_carea' id='block_1_76' title="bbox 2075 1734 3655 1817">
    <p class='ocr_par' dir='ltr' id='par_1_76' title="bbox 2075 1734 3655 1817">
     <span class='ocr_line' id='line_1_76' title="bbox 2075 1734 3655 1817; baseline 0.011 -30"><span class='ocrx_word' id='word_1_615' title='bbox 2075 1743 2129 1787; x_wconf 92' lang='lat' dir='ltr'><strong>et</strong></span> <span class='ocrx_word' id='word_1_616' title='bbox 2159 1734 2382 1788; x_wconf 89' lang='lat' dir='ltr'><strong>Domino</strong></span> <span class='ocrx_word' id='word_1_617' title='bbox 2418 1753 2521 1791; x_wconf 91' lang='lat' dir='ltr'><strong>non</strong></span> <span class='ocrx_word' id='word_1_618' title='bbox 2563 1739 2958 1807; x_wconf 86' lang='lat' dir='ltr'><strong>respondente,</strong></span> <span class='ocrx_word' id='word_1_619' title='bbox 2989 1742 3082 1796; x_wconf 85' lang='lat' dir='ltr'><strong>sed</strong></span> <span class='ocrx_word' id='word_1_620' title='bbox 3120 1745 3281 1798; x_wconf 88' lang='lat' dir='ltr'><strong>etiam</strong></span> <span class='ocrx_word' id='word_1_621' title='bbox 3320 1750 3614 1816; x_wconf 85' lang='lat' dir='ltr'><strong>repellente</strong></span> <span class='ocrx_word' id='word_1_622' title='bbox 3637 1791 3655 1817; x_wconf 93' lang='lat'><strong>,</strong></span> 
     </span>
    </p>
   </div>
   <div class='ocr_carea' id='block_1_77' title="bbox 2074 1831 3658 1905">
    <p class='ocr_par' dir='ltr' id='par_1_77' title="bbox 2074 1831 3658 1905">
     <span class='ocr_line' id='line_1_77' title="bbox 2074 1831 3658 1905; baseline 0.01 -26"><span class='ocrx_word' id='word_1_623' title='bbox 2074 1837 2128 1880; x_wconf 90' lang='lat' dir='ltr'><strong>et</strong></span> <span class='ocrx_word' id='word_1_624' title='bbox 2175 1843 2292 1881; x_wconf 83' lang='lat' dir='ltr'><strong>eam</strong></span> <span class='ocrx_word' id='word_1_625' title='bbox 2336 1844 2522 1884; x_wconf 87' lang='lat' dir='ltr'><strong>canem</strong></span> <span class='ocrx_word' id='word_1_626' title='bbox 2560 1831 2881 1900; x_wconf 86' lang='lat' dir='ltr'><strong>appellante,</strong></span> <span class='ocrx_word' id='word_1_627' title='bbox 2915 1833 3000 1886; x_wconf 90' lang='lat' dir='ltr'><strong>illa</strong></span> <span class='ocrx_word' id='word_1_628' title='bbox 3035 1835 3275 1903; x_wconf 88' lang='lat' dir='ltr'><strong>diceret,</strong></span> <span class='ocrx_word' id='word_1_629' title='bbox 3311 1837 3498 1905; x_wconf 87' lang='lat' dir='ltr'><strong>Etiam,</strong></span> <span class='ocrx_word' id='word_1_630' title='bbox 3550 1840 3658 1895; x_wconf 83' lang='lat' dir='ltr'><strong>Do-</strong></span> 
     </span>
    </p>
   </div>
   <div class='ocr_carea' id='block_1_78' title="bbox 2074 1917 3656 1998">
    <p class='ocr_par' dir='ltr' id='par_1_78' title="bbox 2074 1917 3656 1998">
     <span class='ocr_line' id='line_1_78' title="bbox 2074 1917 3656 1998; baseline 0.013 -30"><span class='ocrx_word' id='word_1_631' title='bbox 2074 1917 2206 1970; x_wconf 87' lang='lat' dir='ltr'><strong>mine</strong></span> <span class='ocrx_word' id='word_1_632' title='bbox 2239 1933 2257 1972; x_wconf 90' lang='lat'><strong><em>:</em></strong></span> <span class='ocrx_word' id='word_1_633' title='bbox 2286 1935 2403 1972; x_wconf 89' lang='lat' dir='ltr'><strong>nam</strong></span> <span class='ocrx_word' id='word_1_634' title='bbox 2445 1930 2490 1973; x_wconf 89' lang='lat' dir='ltr'><strong>et</strong></span> <span class='ocrx_word' id='word_1_635' title='bbox 2536 1922 2709 1974; x_wconf 76' lang='lat' dir='ltr'><strong>catelli</strong></span> <span class='ocrx_word' id='word_1_636' title='bbox 2755 1924 3020 1977; x_wconf 86' lang='lat' dir='ltr'><strong>comedunt</strong></span> <span class='ocrx_word' id='word_1_637' title='bbox 3058 1943 3122 1979; x_wconf 70' lang='lat' dir='ltr'><strong>ex</strong></span> <span class='ocrx_word' id='word_1_638' title='bbox 3151 1929 3293 1982; x_wconf 85' lang='lat' dir='ltr'><strong>micis</strong></span> <span class='ocrx_word' id='word_1_639' title='bbox 3320 1946 3434 1998; x_wconf 74' lang='lat' dir='ltr'><strong>qua:</strong></span> <span class='ocrx_word' id='word_1_640' title='bbox 3467 1934 3656 1988; x_wconf 83' lang='lat' dir='ltr'><strong>cadunt</strong></span> 
     </span>
    </p>
   </div>
   <div class='ocr_carea' id='block_1_79' title="bbox 2072 2017 3656 2095">
    <p class='ocr_par' dir='ltr' id='par_1_79' title="bbox 2072 2017 3656 2095">
     <span class='ocr_line' id='line_1_79' title="bbox 2072 2017 3656 2095; baseline 0.011 -30"><span class='ocrx_word' id='word_1_641' title='bbox 2072 2028 2136 2065; x_wconf 76' lang='lat' dir='ltr'><strong>ea:</strong></span> <span class='ocrx_word' id='word_1_642' title='bbox 2177 2031 2350 2067; x_wconf 85' lang='lat' dir='ltr'><strong>mensa</strong></span> <span class='ocrx_word' id='word_1_643' title='bbox 2394 2017 2712 2069; x_wconf 84' lang='lat' dir='ltr'><strong>dominorum</strong></span> <span class='ocrx_word' id='word_1_644' title='bbox 2758 2034 2966 2071; x_wconf 86' lang='lat' dir='ltr'><strong>suorum</strong></span> <span class='ocrx_word' id='word_1_645' title='bbox 3015 2019 3228 2089; x_wconf 77' lang='lat' dir='ltr'><strong>(Matth.</strong></span> <span class='ocrx_word' id='word_1_646' title='bbox 3274 2023 3357 2077; x_wconf 76' lang='grc'><strong>15.</strong></span> <span class='ocrx_word' id='word_1_647' title='bbox 3392 2024 3526 2095; x_wconf 73' lang='grc'><strong>20);</strong></span> <span class='ocrx_word' id='word_1_648' title='bbox 3558 2044 3656 2083; x_wconf 86' lang='lat' dir='ltr'><strong>nec</strong></span> 
     </span>
    </p>
   </div>
   <div class='ocr_carea' id='block_1_80' title="bbox 2071 2106 3656 2190">
    <p class='ocr_par' dir='ltr' id='par_1_80' title="bbox 2071 2106 3656 2190">
     <span class='ocr_line' id='line_1_80' title="bbox 2071 2106 3656 2190; baseline 0.011 -31"><span class='ocrx_word' id='word_1_649' title='bbox 2071 2106 2272 2160; x_wconf 86' lang='lat' dir='ltr'><strong>destitit</strong></span> <span class='ocrx_word' id='word_1_650' title='bbox 2300 2116 2585 2176; x_wconf 89' lang='lat' dir='ltr'><strong>antequam</strong></span> <span class='ocrx_word' id='word_1_651' title='bbox 2617 2121 2902 2180; x_wconf 84' lang='lat' dir='ltr'><strong>assequuta</strong></span> <span class='ocrx_word' id='word_1_652' title='bbox 2935 2111 3032 2166; x_wconf 89' lang='lat' dir='ltr'><strong>fuit</strong></span> <span class='ocrx_word' id='word_1_653' title='bbox 3061 2117 3418 2182; x_wconf 84' lang='lat' dir='ltr'><strong>petitionem?</strong></span> <span class='ocrx_word' id='word_1_654' title='bbox 3447 2129 3503 2175; x_wconf 89' lang='lat' dir='ltr'><strong>et</strong></span> <span class='ocrx_word' id='word_1_655' title='bbox 3529 2137 3656 2190; x_wconf 90' lang='lat' dir='ltr'><strong>quo-</strong></span> 
     </span>
    </p>
   </div>
   <div class='ocr_carea' id='block_1_81' title="bbox 2071 2197 3652 2280">
    <p class='ocr_par' dir='ltr' id='par_1_81' title="bbox 2071 2197 3652 2280">
     <span class='ocr_line' id='line_1_81' title="bbox 2071 2197 3652 2280; baseline 0.01 -29"><span class='ocrx_word' id='word_1_656' title='bbox 2071 2198 2232 2252; x_wconf 89' lang='lat' dir='ltr'><strong>modo</strong></span> <span class='ocrx_word' id='word_1_657' title='bbox 2262 2197 2416 2253; x_wconf 89' lang='lat' dir='ltr'><strong>vidua</strong></span> <span class='ocrx_word' id='word_1_658' title='bbox 2449 2200 2534 2253; x_wconf 89' lang='lat' dir='ltr'><strong>illa</strong></span> <span class='ocrx_word' id='word_1_659' title='bbox 2566 2200 2854 2266; x_wconf 86' lang='lat' dir='ltr'><strong>clamavit,</strong></span> <span class='ocrx_word' id='word_1_660' title='bbox 2905 2214 2957 2256; x_wconf 90' lang='lat' dir='ltr'><strong>et</strong></span> <span class='ocrx_word' id='word_1_661' title='bbox 3003 2205 3204 2260; x_wconf 87' lang='lat' dir='ltr'><strong>tamdiu</strong></span> <span class='ocrx_word' id='word_1_662' title='bbox 3253 2213 3652 2280; x_wconf 85' lang='lat' dir='ltr'><strong>perseveravit,</strong></span> 
     </span>
    </p>
   </div>
   <div class='ocr_carea' id='block_1_82' title="bbox 2070 2291 3650 2372">
    <p class='ocr_par' dir='ltr' id='par_1_82' title="bbox 2070 2291 3650 2372">
     <span class='ocr_line' id='line_1_82' title="bbox 2070 2291 3650 2372; baseline 0.009 -27"><span class='ocrx_word' id='word_1_663' title='bbox 2070 2291 2242 2348; x_wconf 90' lang='lat' dir='ltr'><strong>donec</strong></span> <span class='ocrx_word' id='word_1_664' title='bbox 2273 2295 2474 2362; x_wconf 89' lang='lat' dir='ltr'><strong>pudore</strong></span> <span class='ocrx_word' id='word_1_665' title='bbox 2504 2293 2745 2349; x_wconf 76' lang='lat' dir='ltr'><strong>aﬁ‘eCerit</strong></span> <span class='ocrx_word' id='word_1_666' title='bbox 2777 2297 3068 2366; x_wconf 89' lang='lat' dir='ltr'><strong>principem</strong></span> <span class='ocrx_word' id='word_1_667' title='bbox 3097 2339 3112 2364; x_wconf 91' lang='lat'><strong>,</strong></span> <span class='ocrx_word' id='word_1_668' title='bbox 3141 2301 3230 2370; x_wconf 90' lang='lat' dir='ltr'><strong>qui</strong></span> <span class='ocrx_word' id='word_1_669' title='bbox 3279 2319 3452 2372; x_wconf 87' lang='lat' dir='ltr'><strong>neque</strong></span> <span class='ocrx_word' id='word_1_670' title='bbox 3486 2306 3650 2360; x_wconf 87' lang='lat' dir='ltr'><strong>Deum</strong></span> 
     </span>
    </p>
   </div>
   <div class='ocr_carea' id='block_1_83' title="bbox 2073 2384 3652 2464">
    <p class='ocr_par' dir='ltr' id='par_1_83' title="bbox 2073 2384 3652 2464">
     <span class='ocr_line' id='line_1_83' title="bbox 2073 2384 3652 2464; baseline 0.008 -26"><span class='ocrx_word' id='word_1_671' title='bbox 2073 2384 2334 2452; x_wconf 89' lang='lat' dir='ltr'><strong>timebat,</strong></span> <span class='ocrx_word' id='word_1_672' title='bbox 2379 2401 2550 2455; x_wconf 87' lang='lat' dir='ltr'><strong>neque</strong></span> <span class='ocrx_word' id='word_1_673' title='bbox 2597 2386 2869 2442; x_wconf 88' lang='lat' dir='ltr'><strong>hominem</strong></span> <span class='ocrx_word' id='word_1_674' title='bbox 2921 2391 3248 2445; x_wconf 80' lang='lat' dir='ltr'><strong>verebatur?</strong></span> <span class='ocrx_word' id='word_1_675' title='bbox 3277 2402 3332 2446; x_wconf 88' lang='lat' dir='ltr'><strong>et</strong></span> <span class='ocrx_word' id='word_1_676' title='bbox 3379 2399 3652 2464; x_wconf 89' lang='lat' dir='ltr'><strong>quomodo</strong></span> 
     </span>
    </p>
   </div>
   <div class='ocr_carea' id='block_1_84' title="bbox 2071 2477 3653 2548">
    <p class='ocr_par' dir='ltr' id='par_1_84' title="bbox 2071 2477 3653 2548">
     <span class='ocr_line' id='line_1_84' title="bbox 2071 2477 3653 2548; baseline 0.009 -19"><span class='ocrx_word' id='word_1_677' title='bbox 2071 2477 2274 2531; x_wconf 88' lang='lat' dir='ltr'><strong>amicus</strong></span> <span class='ocrx_word' id='word_1_678' title='bbox 2301 2477 2618 2547; x_wconf 89' lang='lat' dir='ltr'><strong>intempesta</strong></span> <span class='ocrx_word' id='word_1_679' title='bbox 2647 2489 2804 2532; x_wconf 91' lang='lat' dir='ltr'><strong>nocte</strong></span> <span class='ocrx_word' id='word_1_680' title='bbox 2830 2483 3189 2548; x_wconf 74' lang='lat' dir='ltr'><strong>perseveravit</strong></span> <span class='ocrx_word' id='word_1_681' title='bbox 3217 2525 3232 2547; x_wconf 93' lang='lat'><strong>,</strong></span> <span class='ocrx_word' id='word_1_682' title='bbox 3261 2484 3432 2540; x_wconf 84' lang='lat' dir='ltr'><strong>donec</strong></span> <span class='ocrx_word' id='word_1_683' title='bbox 3464 2489 3653 2544; x_wconf 79' lang='lat' dir='ltr'><strong>effece-</strong></span> 
     </span>
    </p>
   </div>
   <div class='ocr_carea' id='block_1_85' title="bbox 2070 2571 3653 2650">
    <p class='ocr_par' dir='ltr' id='par_1_85' title="bbox 2070 2571 3653 2650">
     <span class='ocr_line' id='line_1_85' title="bbox 2070 2571 3653 2650; baseline 0.008 -24"><span class='ocrx_word' id='word_1_684' title='bbox 2070 2571 2142 2626; x_wconf 87' lang='lat' dir='ltr'><strong>rit</strong></span> <span class='ocrx_word' id='word_1_685' title='bbox 2167 2580 2223 2626; x_wconf 92' lang='lat' dir='ltr'><strong>ut</strong></span> <span class='ocrx_word' id='word_1_686' title='bbox 2250 2571 2532 2642; x_wconf 89' lang='lat' dir='ltr'><strong>vigilaret,</strong></span> <span class='ocrx_word' id='word_1_687' title='bbox 2563 2587 2656 2626; x_wconf 89' lang='lat' dir='ltr'><strong>sua</strong></span> <span class='ocrx_word' id='word_1_688' title='bbox 2685 2574 2995 2630; x_wconf 87' lang='lat' dir='ltr'><strong>assiduitate</strong></span> <span class='ocrx_word' id='word_1_689' title='bbox 3042 2576 3256 2632; x_wconf 65' lang='lat' dir='ltr'><strong>incussi)</strong></span> <span class='ocrx_word' id='word_1_690' title='bbox 3303 2579 3374 2634; x_wconf 91' lang='lat' dir='ltr'><strong>illi</strong></span> <span class='ocrx_word' id='word_1_691' title='bbox 3407 2581 3653 2650; x_wconf 83' lang='lat' dir='ltr'><strong>pudore?</strong></span> 
     </span>
    </p>
   </div>
   <div class='ocr_carea' id='block_1_86' title="bbox 2073 2661 3652 2736">
    <p class='ocr_par' dir='ltr' id='par_1_86' title="bbox 2073 2661 3652 2736">
     <span class='ocr_line' id='line_1_86' title="bbox 2073 2661 3652 2736; baseline 0.009 -21"><span class='ocrx_word' id='word_1_692' title='bbox 2073 2661 2185 2717; x_wconf 90' lang='lat' dir='ltr'><strong>lloc</strong></span> <span class='ocrx_word' id='word_1_693' title='bbox 2212 2672 2294 2718; x_wconf 87' lang='lat' dir='ltr'><strong>est</strong></span> <span class='ocrx_word' id='word_1_694' title='bbox 2323 2663 2564 2734; x_wconf 82' lang='lat' dir='ltr'><strong>vigilare.</strong></span> <span class='ocrx_word' id='word_1_695' title='bbox 2599 2663 2690 2718; x_wconf 81' lang='lat' dir='ltr'><strong>Vis</strong></span> <span class='ocrx_word' id='word_1_696' title='bbox 2731 2665 2939 2720; x_wconf 83' lang='lat' dir='ltr'><strong>discere</strong></span> <span class='ocrx_word' id='word_1_697' title='bbox 2979 2666 3207 2736; x_wconf 88' lang='lat' dir='ltr'><strong>vigiliam</strong></span> <span class='ocrx_word' id='word_1_698' title='bbox 3237 2671 3429 2726; x_wconf 76' lang='lat' dir='ltr'><strong>anima:</strong></span> <span class='ocrx_word' id='word_1_699' title='bbox 3455 2673 3479 2725; x_wconf 89' lang='lat'><strong>?</strong></span> <span class='ocrx_word' id='word_1_700' title='bbox 3520 2673 3652 2730; x_wconf 87' lang='lat' dir='ltr'><strong>vade</strong></span> 
     </span>
    </p>
   </div>
   <div class='ocr_carea' id='block_1_87' title="bbox 2069 2753 3652 2826">
    <p class='ocr_par' dir='ltr' id='par_1_87' title="bbox 2069 2753 3652 2826">
     <span class='ocr_line' id='line_1_87' title="bbox 2069 2753 3652 2826; baseline 0.009 -19"><span class='ocrx_word' id='word_1_701' title='bbox 2069 2753 2134 2826; x_wconf 77' lang='lat' dir='ltr'><strong>ad</strong></span> <span class='ocrx_word' id='word_1_702' title='bbox 2163 2754 2392 2815; x_wconf 81' lang='lat' dir='ltr'><strong>Annam,</strong></span> <span class='ocrx_word' id='word_1_703' title='bbox 2419 2765 2473 2809; x_wconf 90' lang='lat' dir='ltr'><strong>et</strong></span> <span class='ocrx_word' id='word_1_704' title='bbox 2496 2756 2620 2810; x_wconf 89' lang='lat' dir='ltr'><strong>audi</strong></span> <span class='ocrx_word' id='word_1_705' title='bbox 2643 2757 2804 2811; x_wconf 82' lang='lat' dir='ltr'><strong>verba</strong></span> <span class='ocrx_word' id='word_1_706' title='bbox 2827 2757 2945 2826; x_wconf 89' lang='lat' dir='ltr'><strong>ejus</strong></span> <span class='ocrx_word' id='word_1_707' title='bbox 2969 2776 2980 2811; x_wconf 94' lang='lat'>:</span> <span class='ocrx_word' id='word_1_708' title='bbox 3008 2759 3227 2826; x_wconf 79' lang='lat' dir='ltr'><strong>Adonei,</strong></span> <span class='ocrx_word' id='word_1_709' title='bbox 3255 2760 3371 2816; x_wconf 78' lang='grc' dir='ltr'><strong>ΕΙοἰ</strong></span> <span class='ocrx_word' id='word_1_710' title='bbox 3423 2764 3652 2820; x_wconf 81' lang='lat' dir='ltr'><strong>Sabaoth</strong></span> 
     </span>
    </p>
   </div>
   <div class='ocr_carea' id='block_1_88' title="bbox 2073 2822 3650 2924">
    <p class='ocr_par' dir='ltr' id='par_1_88' title="bbox 2073 2822 3650 2924">
     <span class='ocr_line' id='line_1_88' title="bbox 2073 2822 3650 2924; baseline 0.01 -27"><span class='ocrx_word' id='word_1_711' title='bbox 2073 2822 2150 2912; x_wconf 61' lang='grc' dir='ltr'><strong>(Ρ.</strong></span> <span class='ocrx_word' id='word_1_712' title='bbox 2183 2843 2311 2915; x_wconf 80' lang='lat' dir='ltr'><strong>Reg.</strong></span> <span class='ocrx_word' id='word_1_713' title='bbox 2343 2845 2394 2898; x_wconf 76' lang='lat' dir='ltr'><strong>‘l.</strong></span> <span class='ocrx_word' id='word_1_714' title='bbox 2431 2846 2540 2915; x_wconf 82' lang='lat' dir='ltr'><strong>ll).</strong></span> <span class='ocrx_word' id='word_1_715' title='bbox 2574 2846 2686 2900; x_wconf 87' lang='lat' dir='ltr'><strong>ltno</strong></span> <span class='ocrx_word' id='word_1_716' title='bbox 2717 2822 2994 2902; x_wconf 35' lang='lat' dir='ltr'><strong>vero&#39;autli</strong></span> <span class='ocrx_word' id='word_1_717' title='bbox 3035 2865 3154 2918; x_wconf 77' lang='lat' dir='ltr'><strong>qua:</strong></span> <span class='ocrx_word' id='word_1_718' title='bbox 3205 2822 3292 2906; x_wconf 86' lang='lat' dir='ltr'><strong>illa</strong></span> <span class='ocrx_word' id='word_1_719' title='bbox 3324 2855 3486 2920; x_wconf 84' lang='lat' dir='ltr'><strong>verba</strong></span> <span class='ocrx_word' id='word_1_720' title='bbox 3516 2872 3650 2924; x_wconf 71' lang='lat' dir='ltr'><strong>prae-</strong></span> 
     </span>
    </p>
   </div>
   <div class='ocr_carea' id='block_1_89' title="bbox 2069 2936 3649 3010">
    <p class='ocr_par' dir='ltr' id='par_1_89' title="bbox 2069 2936 3649 3010">
     <span class='ocr_line' id='line_1_89' title="bbox 2069 2936 3649 3010; baseline 0.01 -21"><span class='ocrx_word' id='word_1_721' title='bbox 2069 2945 2367 2990; x_wconf 87' lang='lat' dir='ltr'><strong>cesserunt.</strong></span> <span class='ocrx_word' id='word_1_722' title='bbox 2395 2936 2777 3001; x_wconf 86' lang='lat' dir='ltr'><strong>Surrexeruut,</strong></span> <span class='ocrx_word' id='word_1_723' title='bbox 2809 2938 2998 3010; x_wconf 88' lang='lat' dir='ltr'><strong>inquit,</strong></span> <span class='ocrx_word' id='word_1_724' title='bbox 3029 2956 3218 2998; x_wconf 88' lang='lat' dir='ltr'><strong>omnes</strong></span> <span class='ocrx_word' id='word_1_725' title='bbox 3244 2960 3274 2998; x_wconf 94' lang='lat' dir='ltr'><strong>a</strong></span> <span class='ocrx_word' id='word_1_726' title='bbox 3307 2962 3490 3002; x_wconf 72' lang='lat' dir='ltr'><strong>mensa</strong></span> <span class='ocrx_word' id='word_1_727' title='bbox 3519 2969 3532 3004; x_wconf 92' lang='lat'><strong>:</strong></span> <span class='ocrx_word' id='word_1_728' title='bbox 3562 2951 3649 3004; x_wconf 90' lang='lat' dir='ltr'><strong>illa</strong></span> 
     </span>
    </p>
   </div>
   <div class='ocr_carea' id='block_1_90' title="bbox 2071 3025 3646 3106">
    <p class='ocr_par' dir='ltr' id='par_1_90' title="bbox 2071 3025 3646 3106">
     <span class='ocr_line' id='line_1_90' title="bbox 2071 3025 3646 3106; baseline 0.011 -28"><span class='ocrx_word' id='word_1_729' title='bbox 2071 3040 2198 3080; x_wconf 88' lang='lat' dir='ltr'><strong>vero</strong></span> <span class='ocrx_word' id='word_1_730' title='bbox 2223 3041 2328 3081; x_wconf 93' lang='lat' dir='ltr'><strong>non</strong></span> <span class='ocrx_word' id='word_1_731' title='bbox 2357 3025 2424 3082; x_wconf 89' lang='lat' dir='ltr'><strong>ad</strong></span> <span class='ocrx_word' id='word_1_732' title='bbox 2449 3041 2695 3082; x_wconf 92' lang='lat' dir='ltr'><strong>somnum</strong></span> <span class='ocrx_word' id='word_1_733' title='bbox 2717 3036 2803 3083; x_wconf 83' lang='lat' dir='ltr'><strong>est</strong></span> <span class='ocrx_word' id='word_1_734' title='bbox 2831 3045 3090 3086; x_wconf 86' lang='lat' dir='ltr'><strong>conversa</strong></span> <span class='ocrx_word' id='word_1_735' title='bbox 3119 3073 3132 3095; x_wconf 95' lang='lat'><strong>,</strong></span> <span class='ocrx_word' id='word_1_736' title='bbox 3165 3050 3270 3087; x_wconf 91' lang='lat' dir='ltr'><strong>non</strong></span> <span class='ocrx_word' id='word_1_737' title='bbox 3298 3035 3362 3089; x_wconf 86' lang='lat' dir='ltr'><strong>ad</strong></span> <span class='ocrx_word' id='word_1_738' title='bbox 3389 3038 3646 3106; x_wconf 87' lang='lat' dir='ltr'><strong>quietem.</strong></span> 
     </span>
    </p>
   </div>
   <div class='ocr_carea' id='block_1_91' title="bbox 2075 3115 3652 3189">
    <p class='ocr_par' dir='ltr' id='par_1_91' title="bbox 2075 3115 3652 3189">
     <span class='ocr_line' id='line_1_91' title="bbox 2075 3115 3652 3189; baseline 0.009 -18"><span class='ocrx_word' id='word_1_739' title='bbox 2075 3115 2224 3171; x_wconf 90' lang='lat' dir='ltr'><strong>Unde</strong></span> <span class='ocrx_word' id='word_1_740' title='bbox 2253 3117 2382 3170; x_wconf 90' lang='lat' dir='ltr'><strong>mihi</strong></span> <span class='ocrx_word' id='word_1_741' title='bbox 2411 3116 2622 3172; x_wconf 92' lang='lat' dir='ltr'><strong>videtur</strong></span> <span class='ocrx_word' id='word_1_742' title='bbox 2646 3119 2808 3174; x_wconf 86' lang='lat' dir='ltr'><strong>etiam</strong></span> <span class='ocrx_word' id='word_1_743' title='bbox 2838 3119 2890 3174; x_wconf 93' lang='lat' dir='ltr'><strong>in</strong></span> <span class='ocrx_word' id='word_1_744' title='bbox 2918 3136 3098 3176; x_wconf 90' lang='lat' dir='ltr'><strong>mensa</strong></span> <span class='ocrx_word' id='word_1_745' title='bbox 3131 3123 3338 3180; x_wconf 85' lang='lat' dir='ltr'><strong>sedisse</strong></span> <span class='ocrx_word' id='word_1_746' title='bbox 3365 3127 3517 3189; x_wconf 88' lang='lat' dir='ltr'><strong>levis.</strong></span> <span class='ocrx_word' id='word_1_747' title='bbox 3551 3147 3652 3187; x_wconf 90' lang='lat' dir='ltr'><strong>nec</strong></span> 
     </span>
    </p>
   </div>
   <div class='ocr_carea' id='block_1_92' title="bbox 2071 3209 3654 3281">
    <p class='ocr_par' dir='ltr' id='par_1_92' title="bbox 2071 3209 3654 3281">
     <span class='ocr_line' id='line_1_92' title="bbox 2071 3209 3654 3281; baseline 0.009 -18"><span class='ocrx_word' id='word_1_748' title='bbox 2071 3209 2192 3265; x_wconf 88' lang='lat' dir='ltr'><strong>ullis</strong></span> <span class='ocrx_word' id='word_1_749' title='bbox 2215 3209 2349 3266; x_wconf 90' lang='lat' dir='ltr'><strong>cibis</strong></span> <span class='ocrx_word' id='word_1_750' title='bbox 2374 3219 2587 3279; x_wconf 88' lang='lat' dir='ltr'><strong>gravata</strong></span> <span class='ocrx_word' id='word_1_751' title='bbox 2605 3253 2620 3274; x_wconf 91' lang='lat'><strong>,</strong></span> <span class='ocrx_word' id='word_1_752' title='bbox 2649 3211 2848 3281; x_wconf 88' lang='lat' dir='ltr'><strong>alioqui</strong></span> <span class='ocrx_word' id='word_1_753' title='bbox 2878 3230 2983 3267; x_wconf 90' lang='lat' dir='ltr'><strong>non</strong></span> <span class='ocrx_word' id='word_1_754' title='bbox 3027 3223 3130 3268; x_wconf 89' lang='lat' dir='ltr'><strong>tam</strong></span> <span class='ocrx_word' id='word_1_755' title='bbox 3173 3217 3369 3273; x_wconf 90' lang='lat' dir='ltr'><strong>multas</strong></span> <span class='ocrx_word' id='word_1_756' title='bbox 3389 3220 3654 3278; x_wconf 86' lang='lat' dir='ltr'><strong>emisisset</strong></span> 
     </span>
    </p>
   </div>
   <div class='ocr_carea' id='block_1_93' title="bbox 2071 3300 3650 3382">
    <p class='ocr_par' dir='ltr' id='par_1_93' title="bbox 2071 3300 3650 3382">
     <span class='ocr_line' id='line_1_93' title="bbox 2071 3300 3650 3382; baseline 0.008 -27"><span class='ocrx_word' id='word_1_757' title='bbox 2071 3301 2353 3372; x_wconf 84' lang='lat' dir='ltr'><strong>lacrymas.</strong></span> <span class='ocrx_word' id='word_1_758' title='bbox 2377 3300 2508 3355; x_wconf 81' lang='lat' dir='ltr'><strong>Nam</strong></span> <span class='ocrx_word' id='word_1_759' title='bbox 2532 3302 2574 3356; x_wconf 90' lang='lat' dir='ltr'><strong>si</strong></span> <span class='ocrx_word' id='word_1_760' title='bbox 2601 3317 2716 3365; x_wconf 86' lang='lat' dir='ltr'><strong>nos.</strong></span> <span class='ocrx_word' id='word_1_761' title='bbox 2743 3317 2860 3358; x_wconf 91' lang='lat' dir='ltr'><strong>cum</strong></span> <span class='ocrx_word' id='word_1_762' title='bbox 2885 3319 3067 3359; x_wconf 76' lang='lat' dir='ltr'><strong>sumus</strong></span> <span class='ocrx_word' id='word_1_763' title='bbox 3084 3307 3274 3376; x_wconf 86' lang='lat' dir='ltr'><strong>jejuni,</strong></span> <span class='ocrx_word' id='word_1_764' title='bbox 3299 3311 3384 3364; x_wconf 82' lang='lat' dir='ltr'><strong>vix</strong></span> <span class='ocrx_word' id='word_1_765' title='bbox 3411 3327 3650 3382; x_wconf 85' lang='lat' dir='ltr'><strong>oramus,</strong></span> 
     </span>
    </p>
   </div>
   <div class='ocr_carea' id='block_1_94' title="bbox 2072 3394 3653 3468">
    <p class='ocr_par' dir='ltr' id='par_1_94' title="bbox 2072 3394 3653 3468">
     <span class='ocr_line' id='line_1_94' title="bbox 2072 3394 3653 3468; baseline 0.008 -20"><span class='ocrx_word' id='word_1_766' title='bbox 2072 3394 2180 3448; x_wconf 89' lang='lat' dir='ltr'><strong>imo</strong></span> <span class='ocrx_word' id='word_1_767' title='bbox 2229 3408 2359 3449; x_wconf 90' lang='lat' dir='ltr'><strong>vero</strong></span> <span class='ocrx_word' id='word_1_768' title='bbox 2401 3409 2468 3449; x_wconf 88' lang='lat' dir='ltr'><strong>ne</strong></span> <span class='ocrx_word' id='word_1_769' title='bbox 2512 3395 2591 3448; x_wconf 93' lang='lat' dir='ltr'><strong>sic</strong></span> <span class='ocrx_word' id='word_1_770' title='bbox 2634 3394 2851 3466; x_wconf 90' lang='lat' dir='ltr'><strong>quidem</strong></span> <span class='ocrx_word' id='word_1_771' title='bbox 2902 3413 3154 3468; x_wconf 79' lang='lat' dir='ltr'><strong>umquam</strong></span> <span class='ocrx_word' id='word_1_772' title='bbox 3197 3416 3413 3456; x_wconf 84' lang='lat' dir='ltr'><strong>oranms</strong></span> <span class='ocrx_word' id='word_1_773' title='bbox 3443 3421 3456 3458; x_wconf 91' lang='lat'><strong>:</strong></span> <span class='ocrx_word' id='word_1_774' title='bbox 3485 3406 3653 3460; x_wconf 88' lang='lat' dir='ltr'><strong>tnulto</strong></span> 
     </span>
    </p>
   </div>
   <div class='ocr_carea' id='block_1_95' title="bbox 2071 3485 3650 3556">
    <p class='ocr_par' dir='ltr' id='par_1_95' title="bbox 2071 3485 3650 3556">
     <span class='ocr_line' id='line_1_95' title="bbox 2071 3485 3650 3556; baseline 0.008 -16"><span class='ocrx_word' id='word_1_775' title='bbox 2071 3485 2241 3556; x_wconf 83' lang='lat' dir='ltr'><strong>magis</strong></span> <span class='ocrx_word' id='word_1_776' title='bbox 2271 3485 2360 3541; x_wconf 90' lang='lat' dir='ltr'><strong>illa</strong></span> <span class='ocrx_word' id='word_1_777' title='bbox 2397 3496 2517 3555; x_wconf 90' lang='lat' dir='ltr'><strong>post</strong></span> <span class='ocrx_word' id='word_1_778' title='bbox 2547 3503 2787 3542; x_wconf 89' lang='lat' dir='ltr'><strong>mensam</strong></span> <span class='ocrx_word' id='word_1_779' title='bbox 2833 3505 2938 3544; x_wconf 93' lang='lat' dir='ltr'><strong>non</strong></span> <span class='ocrx_word' id='word_1_780' title='bbox 2977 3501 3212 3556; x_wconf 69' lang='lat' dir='ltr'><strong>orasset,</strong></span> <span class='ocrx_word' id='word_1_781' title='bbox 3259 3494 3360 3549; x_wconf 92' lang='lat' dir='ltr'><strong>nisi</strong></span> <span class='ocrx_word' id='word_1_782' title='bbox 3397 3497 3557 3550; x_wconf 86' lang='lat' dir='ltr'><strong>etiam</strong></span> <span class='ocrx_word' id='word_1_783' title='bbox 3597 3500 3650 3553; x_wconf 92' lang='lat' dir='ltr'><strong>in</strong></span> 
     </span>
    </p>
   </div>
   <div class='ocr_carea' id='block_1_96' title="bbox 2068 3577 3654 3657">
    <p class='ocr_par' dir='ltr' id='par_1_96' title="bbox 2068 3577 3654 3657">
     <span class='ocr_line' id='line_1_96' title="bbox 2068 3577 3654 3657; baseline 0.009 -26"><span class='ocrx_word' id='word_1_784' title='bbox 2068 3593 2252 3632; x_wconf 90' lang='lat' dir='ltr'><strong>mensa</strong></span> <span class='ocrx_word' id='word_1_785' title='bbox 2294 3577 2481 3633; x_wconf 83' lang='lat' dir='ltr'><strong>fuisset</strong></span> <span class='ocrx_word' id='word_1_786' title='bbox 2509 3580 2700 3635; x_wconf 90' lang='lat' dir='ltr'><strong>similis</strong></span> <span class='ocrx_word' id='word_1_787' title='bbox 2723 3580 3116 3650; x_wconf 88' lang='lat' dir='ltr'><strong>jejunantibus.</strong></span> <span class='ocrx_word' id='word_1_788' title='bbox 3149 3584 3256 3639; x_wconf 80' lang='lat' dir='ltr'><strong>Nos</strong></span> <span class='ocrx_word' id='word_1_789' title='bbox 3282 3587 3424 3641; x_wconf 90' lang='lat' dir='ltr'><strong>viros</strong></span> <span class='ocrx_word' id='word_1_790' title='bbox 3450 3590 3654 3657; x_wconf 86' lang='lat' dir='ltr'><strong>pudore</strong></span> 
     </span>
    </p>
   </div>
   <div class='ocr_carea' id='block_1_97' title="bbox 2069 3669 3651 3752">
    <p class='ocr_par' dir='ltr' id='par_1_97' title="bbox 2069 3669 3651 3752">
     <span class='ocr_line' id='line_1_97' title="bbox 2069 3669 3651 3752; baseline 0.007 -30"><span class='ocrx_word' id='word_1_791' title='bbox 2069 3669 2341 3724; x_wconf 83' lang='lat' dir='ltr'><strong>sulfundat</strong></span> <span class='ocrx_word' id='word_1_792' title='bbox 2368 3670 2483 3725; x_wconf 73' lang='lat' dir='ltr'><strong>hmc</strong></span> <span class='ocrx_word' id='word_1_793' title='bbox 2504 3672 2732 3735; x_wconf 91' lang='lat' dir='ltr'><strong>mulier;</strong></span> <span class='ocrx_word' id='word_1_794' title='bbox 2765 3688 2863 3727; x_wconf 91' lang='lat' dir='ltr'><strong>nos</strong></span> <span class='ocrx_word' id='word_1_795' title='bbox 2889 3673 3085 3742; x_wconf 89' lang='lat' dir='ltr'><strong>pudeat</strong></span> <span class='ocrx_word' id='word_1_796' title='bbox 3105 3676 3195 3745; x_wconf 87' lang='lat' dir='ltr'><strong>qui</strong></span> <span class='ocrx_word' id='word_1_797' title='bbox 3217 3693 3313 3746; x_wconf 93' lang='lat' dir='ltr'><strong>pro</strong></span> <span class='ocrx_word' id='word_1_798' title='bbox 3337 3695 3502 3749; x_wconf 86' lang='lat' dir='ltr'><strong>regno</strong></span> <span class='ocrx_word' id='word_1_799' title='bbox 3523 3698 3651 3752; x_wconf 84' lang='lat' dir='ltr'><strong>sup-</strong></span> 
     </span>
    </p>
   </div>
   <div class='ocr_carea' id='block_1_98' title="bbox 2072 3759 3652 3837">
    <p class='ocr_par' dir='ltr' id='par_1_98' title="bbox 2072 3759 3652 3837">
     <span class='ocr_line' id='line_1_98' title="bbox 2072 3759 3652 3837; baseline 0.009 -24"><span class='ocrx_word' id='word_1_800' title='bbox 2072 3759 2330 3829; x_wconf 89' lang='lat' dir='ltr'><strong>plicamus</strong></span> <span class='ocrx_word' id='word_1_801' title='bbox 2355 3771 2410 3816; x_wconf 93' lang='lat' dir='ltr'><strong>et</strong></span> <span class='ocrx_word' id='word_1_802' title='bbox 2437 3763 2753 3830; x_wconf 90' lang='lat' dir='ltr'><strong>oscitamus,</strong></span> <span class='ocrx_word' id='word_1_803' title='bbox 2785 3763 2926 3833; x_wconf 90' lang='lat' dir='ltr'><strong>quod</strong></span> <span class='ocrx_word' id='word_1_804' title='bbox 2950 3779 3012 3818; x_wconf 89' lang='lat' dir='ltr'><strong>ea</strong></span> <span class='ocrx_word' id='word_1_805' title='bbox 3041 3776 3158 3821; x_wconf 89' lang='lat' dir='ltr'><strong>oret</strong></span> <span class='ocrx_word' id='word_1_806' title='bbox 3193 3782 3290 3837; x_wconf 89' lang='lat' dir='ltr'><strong>pro</strong></span> <span class='ocrx_word' id='word_1_807' title='bbox 3316 3769 3424 3825; x_wconf 90' lang='lat' dir='ltr'><strong>ﬁlio</strong></span> <span class='ocrx_word' id='word_1_808' title='bbox 3451 3782 3505 3826; x_wconf 92' lang='lat' dir='ltr'><strong>et</strong></span> <span class='ocrx_word' id='word_1_809' title='bbox 3534 3772 3652 3828; x_wconf 91' lang='lat' dir='ltr'><strong>fun-</strong></span> 
     </span>
    </p>
   </div>
   <div class='ocr_carea' id='block_1_99' title="bbox 2069 3849 3651 3933">
    <p class='ocr_par' dir='ltr' id='par_1_99' title="bbox 2069 3849 3651 3933">
     <span class='ocr_line' id='line_1_99' title="bbox 2069 3849 3651 3933; baseline 0.009 -29"><span class='ocrx_word' id='word_1_810' title='bbox 2069 3849 2163 3905; x_wconf 88' lang='lat' dir='ltr'><strong>dat</strong></span> <span class='ocrx_word' id='word_1_811' title='bbox 2188 3851 2469 3924; x_wconf 75' lang='lat' dir='ltr'><strong>lacrymas.</strong></span> <span class='ocrx_word' id='word_1_812' title='bbox 2501 3851 2565 3906; x_wconf 85' lang='lat' dir='ltr'><strong>Et</strong></span> <span class='ocrx_word' id='word_1_813' title='bbox 2586 3855 2738 3919; x_wconf 88' lang='lat' dir='ltr'><strong>stetit,</strong></span> <span class='ocrx_word' id='word_1_814' title='bbox 2771 3855 2960 3925; x_wconf 88' lang='lat' dir='ltr'><strong>inquit,</strong></span> <span class='ocrx_word' id='word_1_815' title='bbox 2987 3872 3155 3910; x_wconf 88' lang='lat' dir='ltr'><strong>coram</strong></span> <span class='ocrx_word' id='word_1_816' title='bbox 3179 3857 3421 3928; x_wconf 87' lang='lat' dir='ltr'><strong>Domino,</strong></span> <span class='ocrx_word' id='word_1_817' title='bbox 3448 3873 3496 3917; x_wconf 89' lang='lat' dir='ltr'><strong>et</strong></span> <span class='ocrx_word' id='word_1_818' title='bbox 3525 3864 3651 3933; x_wconf 88' lang='lat' dir='ltr'><strong>qttid</strong></span> 
     </span>
    </p>
   </div>
   <div class='ocr_carea' id='block_1_100' title="bbox 2069 3941 3649 4018">
    <p class='ocr_par' dir='ltr' id='par_1_100' title="bbox 2069 3941 3649 4018">
     <span class='ocr_line' id='line_1_100' title="bbox 2069 3941 3649 4018; baseline 0.009 -22"><span class='ocrx_word' id='word_1_819' title='bbox 2069 3941 2242 3996; x_wconf 86' lang='lat' dir='ltr'><strong>dicit?</strong></span> <span class='ocrx_word' id='word_1_820' title='bbox 2268 3943 2467 3996; x_wconf 80' lang='lat' dir='ltr'><strong>Adonei</strong></span> <span class='ocrx_word' id='word_1_821' title='bbox 2499 3941 2734 4004; x_wconf 83' lang='lat' dir='ltr'><strong>Domine,</strong></span> <span class='ocrx_word' id='word_1_822' title='bbox 2767 3942 2887 3998; x_wconf 85' lang='lat' dir='ltr'><strong>Eloi</strong></span> <span class='ocrx_word' id='word_1_823' title='bbox 2915 3945 3147 4000; x_wconf 89' lang='lat' dir='ltr'><strong>sabaoth.</strong></span> <span class='ocrx_word' id='word_1_824' title='bbox 3183 3948 3237 4002; x_wconf 85' lang='lat' dir='ltr'><strong>Id</strong></span> <span class='ocrx_word' id='word_1_825' title='bbox 3265 3961 3346 4004; x_wconf 88' lang='lat' dir='ltr'><strong>est</strong></span> <span class='ocrx_word' id='word_1_826' title='bbox 3373 3963 3576 4018; x_wconf 75' lang='lat' dir='ltr'><strong>autem,</strong></span> <span class='ocrx_word' id='word_1_827' title='bbox 3605 3957 3649 4010; x_wconf 92' lang='lat' dir='ltr'><strong>si</strong></span> 
     </span>
    </p>
   </div>
   <div class='ocr_carea' id='block_1_101' title="bbox 2072 4033 3649 4102">
    <p class='ocr_par' dir='ltr' id='par_1_101' title="bbox 2072 4033 3649 4102">
     <span class='ocr_line' id='line_1_101' title="bbox 2072 4033 3649 4102; baseline 0.007 -14"><span class='ocrx_word' id='word_1_828' title='bbox 2072 4033 2461 4102; x_wconf 86' lang='lat' dir='ltr'><strong>interpreteris,</strong></span> <span class='ocrx_word' id='word_1_829' title='bbox 2492 4034 2718 4090; x_wconf 86' lang='lat' dir='ltr'><strong>Domine</strong></span> <span class='ocrx_word' id='word_1_830' title='bbox 2744 4036 2882 4090; x_wconf 91' lang='lat' dir='ltr'><strong>Deus</strong></span> <span class='ocrx_word' id='word_1_831' title='bbox 2906 4037 3157 4092; x_wconf 90' lang='lat' dir='ltr'><strong>virtutum</strong></span> <span class='ocrx_word' id='word_1_832' title='bbox 3179 4055 3274 4094; x_wconf 87' lang='lat' dir='ltr'><strong>seu</strong></span> <span class='ocrx_word' id='word_1_833' title='bbox 3295 4044 3649 4101; x_wconf 77' lang='lat' dir='ltr'><strong>exercituum.</strong></span> 
     </span>
    </p>
   </div>
   <div class='ocr_carea' id='block_1_102' title="bbox 2070 4124 3646 4204">
    <p class='ocr_par' dir='ltr' id='par_1_102' title="bbox 2070 4124 3646 4204">
     <span class='ocr_line' id='line_1_102' title="bbox 2070 4124 3646 4204; baseline 0.009 -24"><span class='ocrx_word' id='word_1_834' title='bbox 2070 4124 2326 4195; x_wconf 85' lang='lat' dir='ltr'><strong>Linguam</strong></span> <span class='ocrx_word' id='word_1_835' title='bbox 2377 4127 2776 4195; x_wconf 75' lang='lat' dir='ltr'><strong>przccurrebant</strong></span> <span class='ocrx_word' id='word_1_836' title='bbox 2818 4127 3114 4200; x_wconf 75' lang='lat' dir='ltr'><strong>lacrymze;</strong></span> <span class='ocrx_word' id='word_1_837' title='bbox 3162 4131 3247 4188; x_wconf 90' lang='lat' dir='ltr'><strong>his</strong></span> <span class='ocrx_word' id='word_1_838' title='bbox 3294 4135 3546 4204; x_wconf 84' lang='lat' dir='ltr'><strong>sperabat</strong></span> <span class='ocrx_word' id='word_1_839' title='bbox 3585 4154 3646 4194; x_wconf 88' lang='lat' dir='ltr'><strong>se</strong></span> 
     </span>
    </p>
   </div>
   <div class='ocr_carea' id='block_1_103' title="bbox 2072 4217 3652 4295">
    <p class='ocr_par' dir='ltr' id='par_1_103' title="bbox 2072 4217 3652 4295">
     <span class='ocr_line' id='line_1_103' title="bbox 2072 4217 3652 4295; baseline 0.009 -24"><span class='ocrx_word' id='word_1_840' title='bbox 2072 4217 2236 4271; x_wconf 88' lang='lat' dir='ltr'><strong>Deum</strong></span> <span class='ocrx_word' id='word_1_841' title='bbox 2260 4232 2379 4271; x_wconf 88' lang='lat' dir='ltr'><strong>esse</strong></span> <span class='ocrx_word' id='word_1_842' title='bbox 2404 4217 2679 4272; x_wconf 86' lang='lat' dir='ltr'><strong>ﬂexuram.</strong></span> <span class='ocrx_word' id='word_1_843' title='bbox 2701 4218 2802 4274; x_wconf 89' lang='lat' dir='ltr'><strong>Ubi</strong></span> <span class='ocrx_word' id='word_1_844' title='bbox 2823 4231 2946 4275; x_wconf 90' lang='lat' dir='ltr'><strong>sunt</strong></span> <span class='ocrx_word' id='word_1_845' title='bbox 2967 4223 3234 4295; x_wconf 64' lang='lat' dir='ltr'><strong>lacrymaa,</strong></span> <span class='ocrx_word' id='word_1_846' title='bbox 3258 4228 3478 4284; x_wconf 91' lang='lat' dir='ltr'><strong>omnino</strong></span> <span class='ocrx_word' id='word_1_847' title='bbox 3491 4231 3652 4285; x_wconf 85' lang='lat' dir='ltr'><strong>etiam</strong></span> 
     </span>
    </p>
   </div>
   <div class='ocr_carea' id='block_1_104' title="bbox 2073 4307 3653 4392">
    <p class='ocr_par' dir='ltr' id='par_1_104' title="bbox 2073 4307 3653 4392">
     <span class='ocr_line' id='line_1_104' title="bbox 2073 4307 3653 4392; baseline 0.009 -30"><span class='ocrx_word' id='word_1_848' title='bbox 2073 4307 2184 4362; x_wconf 92' lang='lat' dir='ltr'><strong>illic</strong></span> <span class='ocrx_word' id='word_1_849' title='bbox 2213 4319 2293 4362; x_wconf 91' lang='lat' dir='ltr'><strong>cst</strong></span> <span class='ocrx_word' id='word_1_850' title='bbox 2318 4308 2538 4364; x_wconf 89' lang='lat' dir='ltr'><strong>afﬁictio</strong></span> <span class='ocrx_word' id='word_1_851' title='bbox 2563 4326 2576 4363; x_wconf 92' lang='lat'>:</span> <span class='ocrx_word' id='word_1_852' title='bbox 2603 4310 2688 4364; x_wconf 84' lang='lat' dir='ltr'><strong>ubi</strong></span> <span class='ocrx_word' id='word_1_853' title='bbox 2717 4320 2894 4366; x_wconf 89' lang='lat' dir='ltr'><strong>autem</strong></span> <span class='ocrx_word' id='word_1_854' title='bbox 2923 4323 3005 4368; x_wconf 85' lang='lat' dir='ltr'><strong>est</strong></span> <span class='ocrx_word' id='word_1_855' title='bbox 3032 4314 3275 4381; x_wconf 78' lang='lat' dir='ltr'><strong>alﬁietio,</strong></span> <span class='ocrx_word' id='word_1_856' title='bbox 3306 4318 3417 4374; x_wconf 89' lang='lat' dir='ltr'><strong>illic</strong></span> <span class='ocrx_word' id='word_1_857' title='bbox 3438 4334 3653 4392; x_wconf 88' lang='lat' dir='ltr'><strong>quoque</strong></span> 
     </span>
    </p>
   </div>
   <div class='ocr_carea' id='block_1_105' title="bbox 2071 4399 3649 4484">
    <p class='ocr_par' dir='ltr' id='par_1_105' title="bbox 2071 4399 3649 4484">
     <span class='ocr_line' id='line_1_105' title="bbox 2071 4399 3649 4484; baseline 0.011 -30"><span class='ocrx_word' id='word_1_858' title='bbox 2071 4409 2154 4455; x_wconf 83' lang='lat' dir='ltr'><strong>est</strong></span> <span class='ocrx_word' id='word_1_859' title='bbox 2183 4400 2344 4456; x_wconf 87' lang='lat' dir='ltr'><strong>multa</strong></span> <span class='ocrx_word' id='word_1_860' title='bbox 2375 4399 2711 4472; x_wconf 88' lang='lat' dir='ltr'><strong>philosophia</strong></span> <span class='ocrx_word' id='word_1_861' title='bbox 2738 4412 2793 4459; x_wconf 91' lang='lat' dir='ltr'><strong>et</strong></span> <span class='ocrx_word' id='word_1_862' title='bbox 2820 4407 3066 4462; x_wconf 88' lang='lat' dir='ltr'><strong>attentio.</strong></span> <span class='ocrx_word' id='word_1_863' title='bbox 3105 4408 3168 4462; x_wconf 89' lang='lat' dir='ltr'><strong>Si</strong></span> <span class='ocrx_word' id='word_1_864' title='bbox 3190 4409 3424 4478; x_wconf 82' lang='lat' dir='ltr'><strong>audiens,</strong></span> <span class='ocrx_word' id='word_1_865' title='bbox 3455 4412 3649 4484; x_wconf 90' lang='lat' dir='ltr'><strong>inquit,</strong></span> 
     </span>
    </p>
   </div>
   <div class='ocr_carea' id='block_1_106' title="bbox 2071 4495 3652 4578">
    <p class='ocr_par' dir='ltr' id='par_1_106' title="bbox 2071 4495 3652 4578">
     <span class='ocr_line' id='line_1_106' title="bbox 2071 4495 3652 4578; baseline 0.009 -30"><span class='ocrx_word' id='word_1_866' title='bbox 2071 4495 2315 4550; x_wconf 70' lang='lat' dir='ltr'><strong>exaudias</strong></span> <span class='ocrx_word' id='word_1_867' title='bbox 2339 4497 2618 4550; x_wconf 87' lang='lat' dir='ltr'><strong>orationem</strong></span> <span class='ocrx_word' id='word_1_868' title='bbox 2642 4497 2844 4552; x_wconf 75' lang='lat' dir='ltr'><strong>ancilla:</strong></span> <span class='ocrx_word' id='word_1_869' title='bbox 2873 4509 2991 4564; x_wconf 80' lang='lat' dir='ltr'><strong>tute,</strong></span> <span class='ocrx_word' id='word_1_870' title='bbox 3019 4509 3066 4555; x_wconf 80' lang='lat' dir='ltr'><strong>et</strong></span> <span class='ocrx_word' id='word_1_871' title='bbox 3096 4501 3294 4576; x_wconf 77' lang='lat' dir='ltr'><strong>dederis</strong></span> <span class='ocrx_word' id='word_1_872' title='bbox 3321 4503 3446 4560; x_wconf 86' lang='lat' dir='ltr'><strong>mihi</strong></span> <span class='ocrx_word' id='word_1_873' title='bbox 3461 4505 3652 4578; x_wconf 74' lang='lat' dir='ltr'><strong>ﬁlium,</strong></span> 
     </span>
    </p>
   </div>
   <div class='ocr_carea' id='block_1_107' title="bbox 2070 4586 3655 4662">
    <p class='ocr_par' dir='ltr' id='par_1_107' title="bbox 2070 4586 3655 4662">
     <span class='ocr_line' id='line_1_107' title="bbox 2070 4586 3655 4662; baseline 0.008 -21"><span class='ocrx_word' id='word_1_874' title='bbox 2070 4587 2202 4642; x_wconf 88' lang='lat' dir='ltr'><strong>dabo</strong></span> <span class='ocrx_word' id='word_1_875' title='bbox 2229 4588 2400 4654; x_wconf 86' lang='lat' dir='ltr'><strong>ipsum</strong></span> <span class='ocrx_word' id='word_1_876' title='bbox 2447 4586 2668 4643; x_wconf 88' lang='lat' dir='ltr'><strong>Domino</strong></span> <span class='ocrx_word' id='word_1_877' title='bbox 2699 4598 2803 4644; x_wconf 90' lang='lat' dir='ltr'><strong>toto</strong></span> <span class='ocrx_word' id='word_1_878' title='bbox 2847 4601 3094 4662; x_wconf 86' lang='lat' dir='ltr'><strong>tempore.</strong></span> <span class='ocrx_word' id='word_1_879' title='bbox 3141 4592 3259 4649; x_wconf 87' lang='lat' dir='ltr'><strong>Non</strong></span> <span class='ocrx_word' id='word_1_880' title='bbox 3285 4594 3456 4662; x_wconf 87' lang='lat' dir='ltr'><strong>dixit,</strong></span> <span class='ocrx_word' id='word_1_881' title='bbox 3495 4598 3655 4654; x_wconf 80' lang='lat' dir='ltr'><strong>Anno</strong></span> 
     </span>
    </p>
   </div>
   <div class='ocr_carea' id='block_1_108' title="bbox 2070 4679 3655 4752">
    <p class='ocr_par' dir='ltr' id='par_1_108' title="bbox 2070 4679 3655 4752">
     <span class='ocr_line' id='line_1_108' title="bbox 2070 4679 3655 4752; baseline 0.008 -19"><span class='ocrx_word' id='word_1_882' title='bbox 2070 4694 2197 4741; x_wconf 90' lang='lat' dir='ltr'><strong>uno,</strong></span> <span class='ocrx_word' id='word_1_883' title='bbox 2225 4688 2318 4734; x_wconf 90' lang='lat' dir='ltr'><strong>aut</strong></span> <span class='ocrx_word' id='word_1_884' title='bbox 2346 4679 2554 4736; x_wconf 88' lang='lat' dir='ltr'><strong>duobus</strong></span> <span class='ocrx_word' id='word_1_885' title='bbox 2579 4721 2594 4746; x_wconf 95' lang='lat'><strong>,</strong></span> <span class='ocrx_word' id='word_1_886' title='bbox 2635 4679 2778 4734; x_wconf 90' lang='lat' dir='ltr'><strong>sicut</strong></span> <span class='ocrx_word' id='word_1_887' title='bbox 2820 4696 2952 4747; x_wconf 87' lang='lat' dir='ltr'><strong>nos;</strong></span> <span class='ocrx_word' id='word_1_888' title='bbox 2988 4698 3088 4738; x_wconf 90' lang='lat' dir='ltr'><strong>nec</strong></span> <span class='ocrx_word' id='word_1_889' title='bbox 3117 4684 3290 4752; x_wconf 88' lang='lat' dir='ltr'><strong>dixit,</strong></span> <span class='ocrx_word' id='word_1_890' title='bbox 3337 4686 3394 4743; x_wconf 90' lang='lat' dir='ltr'><strong>Si</strong></span> <span class='ocrx_word' id='word_1_891' title='bbox 3437 4687 3655 4746; x_wconf 88' lang='lat' dir='ltr'><strong>dederis</strong></span> 
     </span>
    </p>
   </div>
   <div class='ocr_carea' id='block_1_109' title="bbox 2069 4771 3653 4844">
    <p class='ocr_par' dir='ltr' id='par_1_109' title="bbox 2069 4771 3653 4844">
     <span class='ocr_line' id='line_1_109' title="bbox 2069 4771 3653 4844; baseline 0.006 -18"><span class='ocrx_word' id='word_1_892' title='bbox 2069 4771 2200 4826; x_wconf 87' lang='lat' dir='ltr'><strong>mihi</strong></span> <span class='ocrx_word' id='word_1_893' title='bbox 2230 4772 2398 4828; x_wconf 89' lang='lat' dir='ltr'><strong>lilium</strong></span> <span class='ocrx_word' id='word_1_894' title='bbox 2423 4811 2439 4836; x_wconf 92' lang='lat'><strong>,</strong></span> <span class='ocrx_word' id='word_1_895' title='bbox 2467 4771 2539 4827; x_wconf 91' lang='lat' dir='ltr'><strong>do</strong></span> <span class='ocrx_word' id='word_1_896' title='bbox 2567 4772 2858 4842; x_wconf 87' lang='lat' dir='ltr'><strong>pecunias;</strong></span> <span class='ocrx_word' id='word_1_897' title='bbox 2887 4774 3014 4836; x_wconf 90' lang='lat' dir='ltr'><strong>sed.</strong></span> <span class='ocrx_word' id='word_1_898' title='bbox 3045 4773 3224 4844; x_wconf 89' lang='lat' dir='ltr'><strong>Ipsum</strong></span> <span class='ocrx_word' id='word_1_899' title='bbox 3252 4776 3454 4834; x_wconf 89' lang='lat' dir='ltr'><strong>donum</strong></span> <span class='ocrx_word' id='word_1_900' title='bbox 3483 4779 3653 4836; x_wconf 83' lang='lat' dir='ltr'><strong>reddo</strong></span> 
     </span>
    </p>
   </div>
   <div class='ocr_carea' id='block_1_110' title="bbox 2069 4863 3649 4936">
    <p class='ocr_par' dir='ltr' id='par_1_110' title="bbox 2069 4863 3649 4936">
     <span class='ocr_line' id='line_1_110' title="bbox 2069 4863 3649 4936; baseline 0.005 -20"><span class='ocrx_word' id='word_1_901' title='bbox 2069 4863 2356 4934; x_wconf 86' lang='lat' dir='ltr'><strong>integrum,</strong></span> <span class='ocrx_word' id='word_1_902' title='bbox 2395 4863 2845 4936; x_wconf 89' lang='lat' dir='ltr'><strong>primogenitum,</strong></span> <span class='ocrx_word' id='word_1_903' title='bbox 2875 4865 3135 4919; x_wconf 92' lang='lat' dir='ltr'><strong>orationis</strong></span> <span class='ocrx_word' id='word_1_904' title='bbox 3164 4865 3354 4920; x_wconf 90' lang='lat' dir='ltr'><strong>ﬁlimn.</strong></span> <span class='ocrx_word' id='word_1_905' title='bbox 3388 4867 3514 4925; x_wconf 66' lang='lat' dir='ltr'><strong>Ha&#39;c</strong></span> <span class='ocrx_word' id='word_1_906' title='bbox 3541 4869 3649 4924; x_wconf 88' lang='lat' dir='ltr'><strong>ﬁlia</strong></span> 
     </span>
    </p>
   </div>
   <div class='ocr_carea' id='block_1_111' title="bbox 2067 4953 3649 5030">
    <p class='ocr_par' dir='ltr' id='par_1_111' title="bbox 2067 4953 3649 5030">
     <span class='ocr_line' id='line_1_111' title="bbox 2067 4953 3649 5030; baseline 0.004 -21"><span class='ocrx_word' id='word_1_907' title='bbox 2067 4962 2186 5009; x_wconf 88' lang='lat' dir='ltr'><strong>erat</strong></span> <span class='ocrx_word' id='word_1_908' title='bbox 2231 4953 2483 5008; x_wconf 56' lang='lat' dir='ltr'><strong>Abrahae.</strong></span> <span class='ocrx_word' id='word_1_909' title='bbox 2537 4953 2632 5009; x_wconf 93' lang='lat' dir='ltr'><strong>llle</strong></span> <span class='ocrx_word' id='word_1_910' title='bbox 2673 4962 2853 5009; x_wconf 87' lang='lat' dir='ltr'><strong>autem</strong></span> <span class='ocrx_word' id='word_1_911' title='bbox 2901 4964 3116 5025; x_wconf 87' lang='lat' dir='ltr'><strong>rogatus</strong></span> <span class='ocrx_word' id='word_1_912' title='bbox 3149 4971 3270 5011; x_wconf 89' lang='lat' dir='ltr'><strong>eum</strong></span> <span class='ocrx_word' id='word_1_913' title='bbox 3299 4957 3485 5023; x_wconf 90' lang='lat' dir='ltr'><strong>dedit;</strong></span> <span class='ocrx_word' id='word_1_914' title='bbox 3534 4958 3649 5030; x_wconf 87' lang='lat' dir='ltr'><strong>ipsa</strong></span> 
     </span>
    </p>
   </div>
   <div class='ocr_carea' id='block_1_112' title="bbox 2068 5043 3653 5115">
    <p class='ocr_par' dir='ltr' id='par_1_112' title="bbox 2068 5043 3653 5115">
     <span class='ocr_line' id='line_1_112' title="bbox 2068 5043 3653 5115; baseline 0.004 -16"><span class='ocrx_word' id='word_1_915' title='bbox 2068 5059 2197 5099; x_wconf 92' lang='lat' dir='ltr'><strong>vero</strong></span> <span class='ocrx_word' id='word_1_916' title='bbox 2215 5043 2364 5100; x_wconf 88' lang='lat' dir='ltr'><strong>dedit</strong></span> <span class='ocrx_word' id='word_1_917' title='bbox 2381 5043 2542 5100; x_wconf 74' lang='lat' dir='ltr'><strong>eti.am</strong></span> <span class='ocrx_word' id='word_1_918' title='bbox 2563 5053 2686 5098; x_wconf 88' lang='lat' dir='ltr'><strong>ante</strong></span> <span class='ocrx_word' id='word_1_919' title='bbox 2708 5044 3041 5115; x_wconf 88' lang='lat' dir='ltr'><strong>petitionem.</strong></span> <span class='ocrx_word' id='word_1_920' title='bbox 3063 5044 3169 5102; x_wconf 89' lang='lat' dir='ltr'><strong>Sed</strong></span> <span class='ocrx_word' id='word_1_921' title='bbox 3199 5047 3324 5102; x_wconf 88' lang='lat' dir='ltr'><strong>hinc</strong></span> <span class='ocrx_word' id='word_1_922' title='bbox 3341 5049 3503 5105; x_wconf 88' lang='lat' dir='ltr'><strong>etiam</strong></span> <span class='ocrx_word' id='word_1_923' title='bbox 3526 5049 3653 5106; x_wconf 88' lang='lat' dir='ltr'><strong>vide</strong></span> 
     </span>
    </p>
   </div>
   <div class='ocr_carea' id='block_1_113' title="bbox 2070 5133 3652 5206">
    <p class='ocr_par' dir='ltr' id='par_1_113' title="bbox 2070 5133 3652 5206">
     <span class='ocr_line' id='line_1_113' title="bbox 2070 5133 3652 5206; baseline 0.004 -18"><span class='ocrx_word' id='word_1_924' title='bbox 2070 5134 2187 5204; x_wconf 84' lang='lat' dir='ltr'><strong>ejus</strong></span> <span class='ocrx_word' id='word_1_925' title='bbox 2210 5135 2481 5204; x_wconf 87' lang='lat' dir='ltr'><strong>pietatem.</strong></span> <span class='ocrx_word' id='word_1_926' title='bbox 2519 5133 2629 5188; x_wconf 77' lang='lat' dir='ltr'><strong>Vox</strong></span> <span class='ocrx_word' id='word_1_927' title='bbox 2650 5135 2782 5204; x_wconf 85' lang='lat' dir='ltr'><strong>ejus,</strong></span> <span class='ocrx_word' id='word_1_928' title='bbox 2807 5134 3000 5203; x_wconf 87' lang='lat' dir='ltr'><strong>inquit,</strong></span> <span class='ocrx_word' id='word_1_929' title='bbox 3024 5152 3125 5190; x_wconf 90' lang='lat' dir='ltr'><strong>non</strong></span> <span class='ocrx_word' id='word_1_930' title='bbox 3149 5136 3488 5206; x_wconf 84' lang='lat' dir='ltr'><strong>audiebatur;</strong></span> <span class='ocrx_word' id='word_1_931' title='bbox 3514 5140 3652 5194; x_wconf 86' lang='lat' dir='ltr'><strong>labsa</strong></span> 
     </span>
    </p>
   </div>
   <div class='ocr_carea' id='block_1_114' title="bbox 2069 5224 3650 5300">
    <p class='ocr_par' dir='ltr' id='par_1_114' title="bbox 2069 5224 3650 5300">
     <span class='ocr_line' id='line_1_114' title="bbox 2069 5224 3650 5300; baseline 0.004 -21"><span class='ocrx_word' id='word_1_932' title='bbox 2069 5237 2236 5280; x_wconf 82' lang='lat' dir='ltr'><strong>autem</strong></span> <span class='ocrx_word' id='word_1_933' title='bbox 2267 5226 2375 5295; x_wconf 79' lang='lat' dir='ltr'><strong>ejus</strong></span> <span class='ocrx_word' id='word_1_934' title='bbox 2400 5225 2744 5278; x_wconf 77' lang='lat' dir='ltr'><strong>movebantur.</strong></span> <span class='ocrx_word' id='word_1_935' title='bbox 2774 5224 2865 5280; x_wconf 90' lang='lat' dir='ltr'><strong>Sic</strong></span> <span class='ocrx_word' id='word_1_936' title='bbox 2894 5225 3102 5281; x_wconf 89' lang='lat' dir='ltr'><strong>accedit</strong></span> <span class='ocrx_word' id='word_1_937' title='bbox 3130 5227 3197 5282; x_wconf 90' lang='lat' dir='ltr'><strong>ad</strong></span> <span class='ocrx_word' id='word_1_938' title='bbox 3227 5227 3392 5283; x_wconf 87' lang='lat' dir='ltr'><strong>Deum</strong></span> <span class='ocrx_word' id='word_1_939' title='bbox 3418 5229 3508 5300; x_wconf 87' lang='lat' dir='ltr'><strong>qui</strong></span> <span class='ocrx_word' id='word_1_940' title='bbox 3536 5231 3650 5286; x_wconf 82' lang='lat' dir='ltr'><strong>vult</strong></span> 
     </span>
    </p>
   </div>
   <div class='ocr_carea' id='block_1_115' title="bbox 2072 5316 3646 5390">
    <p class='ocr_par' dir='ltr' id='par_1_115' title="bbox 2072 5316 3646 5390">
     <span class='ocr_line' id='line_1_115' title="bbox 2072 5316 3646 5390; baseline 0.002 -18"><span class='ocrx_word' id='word_1_941' title='bbox 2072 5319 2358 5388; x_wconf 87' lang='lat' dir='ltr'><strong>impetrare</strong></span> <span class='ocrx_word' id='word_1_942' title='bbox 2379 5357 2394 5379; x_wconf 87' lang='lat'><strong>.</strong></span> <span class='ocrx_word' id='word_1_943' title='bbox 2423 5332 2528 5370; x_wconf 91' lang='lat' dir='ltr'><strong>non</strong></span> <span class='ocrx_word' id='word_1_944' title='bbox 2559 5316 2737 5371; x_wconf 91' lang='lat' dir='ltr'><strong>mollis</strong></span> <span class='ocrx_word' id='word_1_945' title='bbox 2763 5326 2818 5372; x_wconf 92' lang='lat' dir='ltr'><strong>et</strong></span> <span class='ocrx_word' id='word_1_946' title='bbox 2859 5316 3083 5387; x_wconf 83' lang='lat' dir='ltr'><strong>ignavus</strong></span> <span class='ocrx_word' id='word_1_947' title='bbox 3109 5359 3126 5387; x_wconf 93' lang='lat'><strong>,</strong></span> <span class='ocrx_word' id='word_1_948' title='bbox 3157 5334 3331 5390; x_wconf 92' lang='lat' dir='ltr'><strong>neque</strong></span> <span class='ocrx_word' id='word_1_949' title='bbox 3378 5322 3646 5387; x_wconf 90' lang='lat' dir='ltr'><strong>oscitans,</strong></span> 
     </span>
    </p>
   </div>
   <div class='ocr_carea' id='block_1_116' title="bbox 2071 5406 3648 5481">
    <p class='ocr_par' dir='ltr' id='par_1_116' title="bbox 2071 5406 3648 5481">
     <span class='ocr_line' id='line_1_116' title="bbox 2071 5406 3648 5481; baseline 0.003 -18"><span class='ocrx_word' id='word_1_950' title='bbox 2071 5424 2170 5464; x_wconf 91' lang='lat' dir='ltr'><strong>nec</strong></span> <span class='ocrx_word' id='word_1_951' title='bbox 2195 5406 2518 5472; x_wconf 87' lang='lat' dir='ltr'><strong>dissolutus,</strong></span> <span class='ocrx_word' id='word_1_952' title='bbox 2553 5422 2725 5478; x_wconf 89' lang='lat' dir='ltr'><strong>neque</strong></span> <span class='ocrx_word' id='word_1_953' title='bbox 2766 5422 2827 5464; x_wconf 89' lang='lat' dir='ltr'><strong>se</strong></span> <span class='ocrx_word' id='word_1_954' title='bbox 2853 5407 3051 5465; x_wconf 87' lang='lat' dir='ltr'><strong>fricans</strong></span> <span class='ocrx_word' id='word_1_955' title='bbox 3076 5450 3092 5477; x_wconf 94' lang='lat'><strong>,</strong></span> <span class='ocrx_word' id='word_1_956' title='bbox 3122 5425 3296 5481; x_wconf 89' lang='lat' dir='ltr'><strong>neque</strong></span> <span class='ocrx_word' id='word_1_957' title='bbox 3339 5420 3558 5481; x_wconf 88' lang='lat' dir='ltr'><strong>torpens</strong></span> <span class='ocrx_word' id='word_1_958' title='bbox 3585 5427 3648 5472; x_wconf 87' lang='lat' dir='ltr'><strong>ac</strong></span> 
     </span>
    </p>
   </div>
   <div class='ocr_carea' id='block_1_117' title="bbox 2070 5497 3645 5569">
    <p class='ocr_par' dir='ltr' id='par_1_117' title="bbox 2070 5497 3645 5569">
     <span class='ocr_line' id='line_1_117' title="bbox 2070 5497 3645 5569; baseline 0 -15"><span class='ocrx_word' id='word_1_959' title='bbox 2070 5498 2366 5569; x_wconf 88' lang='lat' dir='ltr'><strong>negligens.</strong></span> <span class='ocrx_word' id='word_1_960' title='bbox 2419 5498 2614 5552; x_wconf 86' lang='lat' dir='ltr'><strong>Annon</strong></span> <span class='ocrx_word' id='word_1_961' title='bbox 2664 5497 2806 5552; x_wconf 92' lang='lat' dir='ltr'><strong>cnim</strong></span> <span class='ocrx_word' id='word_1_962' title='bbox 2855 5507 3066 5568; x_wconf 87' lang='lat' dir='ltr'><strong>poterat</strong></span> <span class='ocrx_word' id='word_1_963' title='bbox 3112 5498 3242 5554; x_wconf 89' lang='lat' dir='ltr'><strong>dare</strong></span> <span class='ocrx_word' id='word_1_964' title='bbox 3298 5500 3440 5556; x_wconf 88' lang='lat' dir='ltr'><strong>Deus</strong></span> <span class='ocrx_word' id='word_1_965' title='bbox 3483 5501 3645 5556; x_wconf 84' lang='lat' dir='ltr'><strong>etiam</strong></span> 
     </span>
    </p>
   </div>
   <div class='ocr_carea' id='block_1_118' title="bbox 2067 5588 3644 5661">
    <p class='ocr_par' dir='ltr' id='par_1_118' title="bbox 2067 5588 3644 5661">
     <span class='ocr_line' id='line_1_118' title="bbox 2067 5588 3644 5661; baseline 0.001 -18"><span class='ocrx_word' id='word_1_966' title='bbox 2067 5589 2270 5658; x_wconf 87' lang='lat' dir='ltr'><strong>absque</strong></span> <span class='ocrx_word' id='word_1_967' title='bbox 2291 5588 2576 5644; x_wconf 83' lang='lat' dir='ltr'><strong>oratione?</strong></span> <span class='ocrx_word' id='word_1_968' title='bbox 2604 5604 2671 5642; x_wconf 90' lang='lat' dir='ltr'><strong>an</strong></span> <span class='ocrx_word' id='word_1_969' title='bbox 2701 5588 2976 5643; x_wconf 87' lang='lat' dir='ltr'><strong>nesciebat</strong></span> <span class='ocrx_word' id='word_1_970' title='bbox 2999 5589 3158 5644; x_wconf 89' lang='lat' dir='ltr'><strong>etiam</strong></span> <span class='ocrx_word' id='word_1_971' title='bbox 3185 5598 3312 5645; x_wconf 89' lang='lat' dir='ltr'><strong>ante</strong></span> <span class='ocrx_word' id='word_1_972' title='bbox 3334 5591 3644 5661; x_wconf 87' lang='lat' dir='ltr'><strong>petitionem</strong></span> 
     </span>
    </p>
   </div>
   <div class='ocr_carea' id='block_1_119' title="bbox 2067 5677 3642 5750">
    <p class='ocr_par' dir='ltr' id='par_1_119' title="bbox 2067 5677 3642 5750">
     <span class='ocr_line' id='line_1_119' title="bbox 2067 5677 3642 5750; baseline -0.001 -14"><span class='ocrx_word' id='word_1_973' title='bbox 2067 5679 2308 5736; x_wconf 89' lang='lat' dir='ltr'><strong>mulieris</strong></span> <span class='ocrx_word' id='word_1_974' title='bbox 2328 5678 2692 5734; x_wconf 86' lang='lat' dir='ltr'><strong>desiderium?</strong></span> <span class='ocrx_word' id='word_1_975' title='bbox 2719 5677 2813 5732; x_wconf 91' lang='lat' dir='ltr'><strong>sed</strong></span> <span class='ocrx_word' id='word_1_976' title='bbox 2842 5677 2885 5733; x_wconf 85' lang='lat' dir='ltr'><strong>si</strong></span> <span class='ocrx_word' id='word_1_977' title='bbox 2910 5677 3145 5734; x_wconf 85' lang='lat' dir='ltr'><strong>dedisset</strong></span> <span class='ocrx_word' id='word_1_978' title='bbox 3165 5688 3290 5734; x_wconf 89' lang='lat' dir='ltr'><strong>ante</strong></span> <span class='ocrx_word' id='word_1_979' title='bbox 3310 5679 3642 5750; x_wconf 88' lang='lat' dir='ltr'><strong>petitionem.</strong></span> 
     </span>
    </p>
   </div>
   <div class='ocr_carea' id='block_1_120' title="bbox 2069 5768 3650 5844">
    <p class='ocr_par' dir='ltr' id='par_1_120' title="bbox 2069 5768 3650 5844">
     <span class='ocr_line' id='line_1_120' title="bbox 2069 5768 3650 5844; baseline -0.004 -16"><span class='ocrx_word' id='word_1_980' title='bbox 2069 5788 2174 5829; x_wconf 91' lang='lat' dir='ltr'><strong>non</strong></span> <span class='ocrx_word' id='word_1_981' title='bbox 2205 5769 2539 5844; x_wconf 88' lang='lat' dir='ltr'><strong>apparuisset</strong></span> <span class='ocrx_word' id='word_1_982' title='bbox 2570 5768 2809 5826; x_wconf 87' lang='lat' dir='ltr'><strong>mulieris</strong></span> <span class='ocrx_word' id='word_1_983' title='bbox 2838 5770 3002 5828; x_wconf 86' lang='lat' dir='ltr'><strong>animi</strong></span> <span class='ocrx_word' id='word_1_984' title='bbox 3024 5769 3294 5835; x_wconf 83' lang='lat' dir='ltr'><strong>alacritas,</strong></span> <span class='ocrx_word' id='word_1_985' title='bbox 3325 5785 3430 5826; x_wconf 84' lang='lat' dir='ltr'><strong>non</strong></span> <span class='ocrx_word' id='word_1_986' title='bbox 3459 5769 3650 5825; x_wconf 86' lang='lat' dir='ltr'><strong>fuisset</strong></span> 
     </span>
    </p>
   </div>
  </div>
