4218 6266
63 0 2787 169 μίίβίμ

443 504 534 558 173

428 613 694 668 manifesta
721 612 837 683 ejus
862 615 1029 669 virtus
1076 654 1090 678 ,
1122 630 1223 669 non
1253 622 1450 670 tantum
1482 617 1809 685 acquisiisset
1839 631 1978 669 mer-

423 707 599 763 cedem
661 708 1019 776 Quamobrem
1066 710 1249 765 dilatio
1290 725 1394 765 non
1429 723 1545 765 crat
1589 712 1797 765 invidize
1826 753 1841 777 ,
1883 710 1978 765 sed

420 813 556 853 cura:
584 814 648 851 ac
677 798 1042 867 providentiae.

485 890 535 944 4.
567 889 645 945 De
685 894 834 945 Anna
872 900 1034 946 matre
1069 891 1345 947 Samuelis.
1366 922 1440 934 —-
1464 893 1685 960 Quando
1725 908 1853 961 ergo
1878 910 1977 947 an-

417 978 570 1033 dieris
598 979 926 1048 Scripturam
955 981 1221 1035 dicentem
1245 1022 1257 1043 ,
1293 982 1441 1048 Quod
1465 983 1708 1036 conclusit
1737 985 1844 1047 eius
1871 984 1979 1037 rul-

417 1083 540 1131 vam,
580 1079 630 1122 et
666 1070 799 1138 quod
836 1070 1000 1136 ipsum
1042 1072 1112 1123 ad
1151 1071 1284 1125 iram
1312 1072 1611 1142 provocabat
1640 1075 1748 1136 eius
1770 1072 1975 1135 amula,

414 1159 574 1226 rogita
609 1160 780 1227 ipsum
808 1160 1095 1215 ostendere
1124 1161 1262 1217 velle
1288 1162 1526 1216 mulieris
1558 1162 1972 1232 philosophiam.

411 1248 701 1305 Considera
749 1251 893 1305 enim
944 1270 958 1306 :
1010 1251 1239 1307 habebat
1290 1252 1537 1306 maritum
1601 1253 1975 1307 inservientem

406 1340 544 1396 sibi:
579 1341 717 1395 dixit
757 1342 898 1395 enim
931 1342 996 1395 ad
1041 1357 1188 1404 eam,
1238 1341 1358 1396 Non
1401 1359 1491 1411 ego
1522 1344 1609 1396 tibi
1651 1360 1761 1397 sum
1801 1344 1977 1397 melior

405 1448 552 1498 quant
580 1432 751 1485 decem
776 1434 870 1499 ﬁlii
897 1432 922 1485 ?
956 1433 1016 1485 Et
1046 1434 1227 1503 ipsam,
1263 1433 1450 1504 inquit,
1485 1435 1553 1487 ad
1575 1436 1704 1487 iram
1735 1451 1976 1503 proroca-

403 1525 486 1577 bat
520 1527 635 1596 ejus
669 1526 852 1580 minuta
882 1543 902 1590 ;
929 1527 1029 1581 hoc
1055 1536 1154 1591 est,
1186 1527 1393 1597 probris
1434 1528 1718 1591 afﬁciebat,
1749 1529 1971 1582 insulta-

402 1615 495 1670 hat
526 1636 542 1672 :
576 1628 631 1673 et
653 1634 768 1672 eam
798 1635 1080 1688 numquam
1112 1633 1196 1675 est
1224 1618 1353 1686 ulta,
1382 1621 1643 1688 nequcilli
1670 1631 1753 1675 est
1779 1620 1972 1689 impre-

402 1717 540 1772 cata,
578 1724 749 1777 neque
773 1710 925 1774 dixit,
951 1710 1207 1777 Quoniam
1239 1726 1322 1764 me
1351 1712 1560 1779 probris
1581 1708 1744 1764 afﬁcit
1759 1709 1968 1773 tumulo,

398 1811 486 1850 me
534 1797 764 1852 vindica.
814 1799 1049 1853 Habebat
1099 1800 1184 1852 illa
1236 1798 1539 1863 ﬁlios;sed
1591 1798 1705 1853 haec
1744 1798 1973 1853 habebat

392 1887 575 1940 mariti
618 1888 954 1943 dilectionem
999 1904 1062 1943 ex
1105 1904 1259 1958 aequo
1296 1890 1344 1943 ei
1393 1889 1828 1959 respondentem.
1858 1887 1971 1943 Hoc

391 1991 524 2046 ergo
545 1978 716 2048 ipsam
740 1982 1047 2034 consolatus
1067 1991 1152 2034 est
1177 1980 1381 2045 dicens,
1412 1980 1531 2034 Non
1552 1981 1640 2033 tibi
1660 1996 1772 2034 sunt
1791 1979 1970 2033 melior

385 2086 541 2136 quam
574 2071 747 2125 decem
775 2073 868 2139 [itii
890 2074 915 2126 7
942 2073 1046 2126 Sed
1082 2088 1264 2126 rursus
1291 2072 1566 2127 videamus
1595 2072 1832 2126 mulieris
1860 2072 1969 2140 piti-

385 2162 719 2230 losopldam.
758 2161 825 2216 Et
868 2165 1186 2229 existimavit,
1232 2164 1420 2234 inquit,
1458 2164 1571 2218 Heli
1609 2181 1719 2218 eum
1757 2165 1964 2216 ebriam.

380 2250 492 2305 Sed
543 2252 668 2306 vide
698 2253 820 2322 quid
865 2255 976 2322 ipsa
1009 2255 1057 2307 ei
1095 2257 1254 2318 dicat,
1288 2254 1371 2309 Ne
1397 2266 1614 2323 reputes,
1655 2254 1844 2325 inquit,
1877 2271 1969 2307 (ιη-

377 2343 567 2396 cillam
605 2355 740 2396 tuum
767 2345 927 2411 ﬁliam
956 2347 1271 2414 perditionis,
1300 2347 1538 2416 quoniam
1564 2363 1626 2400 ea:
1646 2346 1969 2399 multitudine

378 2433 740 2487 meditationis
769 2451 891 2488 ntew
933 2437 1205 2504 liquefacta
1245 2454 1356 2490 sum
1387 2439 1482 2490 huc
1525 2453 1697 2502 usque.
1733 2437 1844 2493 lloc
1887 2448 1968 2493 est

373 2539 510 2579 vere
539 2524 764 2578 contriti
786 2525 982 2590 cordis,
1013 2528 1224 2594 quando
1250 2544 1354 2581 non
1381 2544 1563 2581 sumus
1582 2530 1754 2596 a~peri
1788 2530 1838 2582 in
1870 2546 1913 2583 e-
1938 2545 1964 2585 s

370 2615 463 2684 qui
494 2630 605 2670 nos
634 2618 971 2671 contumeliis
1001 2617 1262 2680 afﬁciunt,
1297 2619 1508 2686 quando
1536 2635 1638 2672 non
1667 2634 1807 2688 aegre
1835 2621 1963 2673 feri-

369 2723 518 2772 mus,
540 2707 763 2777 quando
779 2723 878 2762 nos
902 2723 1241 2764 excusantus.
1262 2710 1400 2763 Nihil
1418 2727 1568 2779 a-que
1585 2712 1707 2765 facit
1731 2712 1960 2766 animam

372 2798 726 2868 philosophia
771 2800 1047 2868 prteditam
1087 2811 1244 2870 atque
1285 2801 1502 2855 afﬂictio
1535 2819 1547 2853 :
1581 2802 1720 2857 nulla
1766 2818 1850 2857 res
1881 2811 1964 2857 est

367 2905 531 2960 :rque
552 2890 816 2960 jucunda,
846 2901 1004 2960 atque
1030 2892 1201 2946 luctus
1227 2893 1315 2962 qui
1345 2893 1634 2947 secundum
1665 2895 1826 2948 Deum
1858 2903 1957 2948 est.

371 2979 459 3033 Ea:
506 2983 836 3035 multitudine
882 2984 1221 3037 meditationis
1265 3002 1405 3048 mete,
1454 2987 1642 3055 inquit,
1693 2988 1963 3058 liquefacta

366 3088 487 3124 sum
524 3073 630 3125 Ituc
655 3089 826 3140 usque.
860 3074 1003 3126 llanc
1034 3090 1221 3128 omnes
1262 3074 1546 3129 imitemur.
1587 3076 1779 3131 Audite
1808 3089 1961 3146 quot-

367 3156 506 3230 quot
537 3164 675 3218 estis
692 3165 919 3227 steriles,
943 3175 996 3218 et
1013 3166 1190 3220 audite
1212 3182 1559 3237 quaecumque
1590 3170 1776 3225 amatis
1800 3170 1957 3234 ﬁlios,

371 3255 571 3309 audite
616 3265 670 3310 et
716 3256 814 3311 viri
853 3266 905 3310 et
944 3259 1192 3312 mulieres
1226 3277 1239 3313 :
1274 3275 1394 3312 nam
1424 3261 1518 3312 viri
1567 3276 1778 3330 quoque
1817 3277 1961 3331 Saepe

374 3350 750 3401 contulerunt.
795 3349 931 3402 Audi
974 3349 1300 3417 Scripturam
1345 3351 1607 3405 dicentem
1642 3371 1655 3407 :
1698 3353 1763 3406 Et
1801 3356 1960 3408 orauit

371 3435 545 3492 Isaac
585 3455 678 3504 pro
723 3455 878 3492 uxore
920 3457 1013 3493 sua
1054 3439 1307 3506 Rebecca,
1353 3444 1589 3510 quoniam
1630 3452 1735 3495 erat
1774 3445 1960 3498 sterilis

374 3528 555 3593 (Gen.
583 3530 672 3583 9.5.
705 3531 766 3584 2|
798 3534 834 3599 ).
870 3531 1084 3599 Magnas
1125 3532 1265 3586 enim
1312 3548 1398 3586 res
1443 3543 1616 3600 potest
1653 3536 1843 3589 oratio.
1894 3534 1959 3589 In

376 3620 551 3683 onmi,
595 3621 782 3690 inquit,
827 3623 1089 3681 instantia,
1137 3632 1183 3676 et
1224 3622 1558 3677 obsecratione
1597 3641 1689 3691 pro
1732 3626 1960 3679 omnibus

375 3712 597 3775 sanctis,
629 3724 675 3767 et
709 3732 798 3781 pro
827 3731 903 3767 me
932 3732 948 3776 ;
994 3717 1226 3784 seipsum
1270 3731 1472 3784 ponens
1513 3717 1776 3770 ultimum.
1820 3716 1956 3784 Quid

381 3799 547 3863 facis,
574 3818 606 3855 o
632 3802 784 3857 beate
811 3805 989 3868 Paule,
1024 3805 1247 3874 tcipsum
1273 3807 1422 3874 ponis
1447 3808 1689 3861 ultimum
1713 3808 1736 3861 ’ἶ
1759 3808 1955 3874 Etiam,

379 3887 587 3958 inquit,
624 3889 690 3944 Ut
716 3892 861 3945 detur
885 3896 1005 3946 milii
1026 3912 1182 3951 sermo
1206 3898 1259 3950 in
1287 3899 1543 3967 apertione
1570 3900 1672 3953 oris
1701 3900 1816 3965 mei,
1844 3917 1955 3954 cum

366 3979 584 4048 ﬁducia
623 3992 794 4035 natum
826 3986 991 4052 [acere
1027 3989 1306 4057 mysterium
1334 3991 1592 4060 evangelii,
1628 4008 1719 4059 pro
1745 4008 1842 4061 quo
1877 3993 1953 4047 le-

361 4071 593 4140 gntione
628 4074 816 4144 [ungor
871 4075 921 4127 in
957 4086 1145 4130 catena.
1190 4078 1288 4134 Ubi
1341 4078 1577 4148 fungeris
1638 4080 1953 4152 legatione?

358 4168 399 4215 Α
419 4161 544 4230 pud
568 4163 829 4229 homines,
861 4164 1046 4235 inquit.
1069 4167 1243 4237 Papae,
1272 4179 1465 4237 quanta
1495 4171 1582 4224 Dei
1614 4170 1909 4242 benignitas
1937 4176 1949 4229 !

357 4252 532 4307 misit
567 4269 597 4308 e
633 4255 778 4308 ca-lis
808 4257 895 4325 qui
928 4272 1023 4325 pro
1050 4258 1164 4327 ipso
1191 4258 1537 4329 fungerentur
1566 4262 1829 4331 legatione
1858 4279 1952 4333 pro

360 4359 510 4411 pace
545 4361 556 4396 :
592 4357 645 4399 et
674 4362 769 4399 eos
794 4356 979 4416 captos
1006 4349 1287 4403 vinxerunt
1317 4350 1579 4416 llotttiltus,
1611 4361 1663 4408 et
1690 4369 1755 4409 ne
1780 4354 1950 4423 legem

352 4434 597 4503 quidem
630 4436 890 4504 publicam
921 4449 1039 4494 sunt
1068 4440 1302 4505 reveriti,
1326 4441 1466 4508 quod
1497 4443 1544 4496 ei
1575 4445 1663 4512 qui
1692 4444 1955 4515 legatione

355 4525 619 4597 fungitur
644 4528 775 4583 nihil
816 4546 1065 4600 umquam
1097 4531 1186 4586 ﬁat
1227 4534 1373 4588 mali.
1407 4534 1511 4588 Sed
1542 4546 1714 4592 tamen
1743 4552 1842 4607 ego
1874 4550 1954 4592 te-

350 4617 597 4687 gatioue
638 4619 826 4690 iungor
850 4621 901 4675 in
940 4632 1147 4678 catena.
1180 4623 1346 4695 Urget
1369 4637 1556 4682 catena
1587 4644 1648 4683 os
1672 4630 1954 4685 obstruens

352 4710 633 4779 lnquendi
666 4711 929 4778 libertati,
958 4714 1052 4769 sed
1091 4727 1280 4770 vestra?
1317 4733 1499 4787 preces
1539 4735 1598 4772 os
1624 4735 1799 4775 meum
1829 4735 1956 4791 ape-

350 4801 550 4862 riunt,
585 4810 639 4854 ut
667 4803 715 4855 in
745 4818 809 4855 eo
837 4804 1003 4857 libere
1032 4805 1226 4869 dicam,
1256 4815 1314 4861 ut
1340 4824 1423 4861 me
1453 4817 1665 4876 Oportet
1694 4809 1870 4880 loqui;
1901 4811 1953 4865 id

345 4903 472 4955 est,
515 4891 586 4947 Ut
608 4908 667 4947 ea
693 4895 864 4948 omnia
896 4895 1067 4949 dicam
1100 4896 1164 4950 ad
1194 4914 1311 4965 quae
1336 4899 1556 4952 dicenda
1587 4915 1702 4953 sum
1734 4901 1948 4956 missus.

347 4983 434 5037 (ιί
472 4993 650 5035 autent
678 4992 723 5037 et
752 5001 836 5038 vos
860 4987 1048 5052 sciatis,
1077 5005 1190 5057 qua:
1215 4990 1347 5040 circa
1375 5005 1456 5042 me
1478 4999 1612 5055 sunt,
1637 4990 1758 5060 quid
1781 5008 1951 5061 agam,

340 5074 551 5126 omnia
591 5073 723 5127 vobis
763 5085 880 5127 nota
921 5077 1068 5141 faciet
1099 5075 1347 5145 Tyc/ticus
1371 5080 1660 5132 carissimus
1688 5084 1866 5150 frater,
1907 5090 1955 5133 et

334 5164 548 5232 {ie/etis
571 5165 796 5217 minister
814 5165 866 5219 in
893 5166 1127 5221 Domino.
1157 5169 1208 5223 Si
1239 5178 1319 5222 est
1346 5171 1534 5234 ﬁdelis,
1566 5170 1693 5224 nihil
1727 5172 1952 5226 mentie-

337 5269 473 5320 tur,
518 5255 616 5308 sed
647 5255 825 5309 ornnia
854 5272 976 5310 vera
1006 5258 1163 5312 dicet.
1202 5259 1360 5324 Quem
1402 5262 1516 5313 misi
1549 5262 1616 5313 ad
1644 5277 1730 5314 vos
1766 5263 1818 5314 in
1862 5262 1955 5314 hoc

332 5347 564 5416 ipsum,
591 5356 643 5396 ut
668 5348 999 5414 cognoscatis,
1026 5364 1137 5417 qua!
1162 5350 1293 5401 circa
1321 5367 1411 5403 nos
1439 5361 1573 5412 sunt,
1603 5361 1648 5403 et
1671 5352 1954 5404 consoletur

329 5435 533 5490 corda
561 5446 747 5488 vestra.
785 5435 958 5504 Papm,
993 5450 1187 5505 quanta
1221 5442 1411 5494 caritas
1447 5443 1458 5493 !
1489 5441 1562 5495 Ne
1586 5443 1743 5497 liceat
1771 5443 1954 5497 volen-

333 5528 513 5581 tibus
560 5541 653 5580 vos
696 5537 934 5591 terrere;
967 5538 1049 5582 est
1084 5529 1225 5583 enim
1271 5532 1547 5586 virisimile
1573 5548 1668 5586 eos
1700 5531 1863 5589 fuisse
1900 5534 1951 5588 in

334 5619 538 5672 rebus
573 5617 811 5671 adversis
839 5627 892 5673 et
921 5619 1162 5674 ntoleSIis
1196 5639 1206 5672 :
1238 5623 1365 5676 illud
1393 5625 1533 5676 enint
1557 5665 1569 5688 ,
1602 5623 1955 5678 Consolabitur

333 5710 535 5762 corda
566 5719 759 5770 vestra,
802 5709 903 5764 hoc
947 5711 1266 5766 subindicat.
1306 5714 1381 5768 Ne
1412 5715 1581 5777 sinat,
1618 5716 1817 5785 inquit,
1859 5732 1954 5769 vos

328 5801 553 5870 tlejici.
581 5801 670 5854 ‘25.
712 5801 824 5854 Pus:
849 5802 1091 5871 fratribus
1112 5814 1156 5856 et
1183 5806 1368 5859 caritas
1395 5823 1504 5858 cum
1533 5808 1632 5875 ﬁde
1658 5824 1688 5860 a
1718 5806 1825 5862 Deo
1853 5808 1953 5861 Ρα-

330 5904 422 5945 tre
454 5900 519 5945 et
550 5889 768 5944 Domino
798 5891 918 5946 Jesu
948 5893 1166 5948 Christo.
1200 5894 1355 5965 Optat
1382 5898 1456 5951 cis
1486 5914 1701 5967 pacem,
1730 5909 1784 5955 et
1813 5900 1947 5953 ruri-

1264 503 1328 560 lN
1367 504 1577 560 EPIST.
1620 506 1709 560 Alt
1751 503 1989 560 EPIIES.
2029 504 2183 560 CAP.
2226 506 2311 562 VL
2353 508 2581 565 HOMIL.
2623 510 2814 568 XXIV.

3560 519 3668 577 ιη

2089 624 2248 670 tatem
2280 632 2401 672 cum
2432 619 2552 675 ﬁde.
2588 622 2750 677 llecte
2785 622 2956 686 dixit:
2991 628 3099 681 vult
3129 626 3269 683 enim
3298 646 3391 684 eos
3420 649 3525 687 non
3566 645 3645 689 ut-

2084 718 2313 775 cumque
2341 708 2536 763 habere
2567 713 2824 766 rationem
2856 716 3109 781 caritatis,
3142 734 3239 774 nec
3269 734 3327 774 se
3357 721 3656 781 admiscere

2084 810 2203 849 eum
2243 796 2312 852 iis
2351 800 2442 868 qui
2480 815 2600 854 sunt
2640 802 2866 858 diversm
2910 806 3052 861 ﬁdei.
3100 810 3206 864 Aut
3249 811 3370 875 hor,
3402 823 3492 866 aut
3524 814 3650 869 illud

2082 888 2230 952 dicit,
2252 900 2306 943 ut
2330 901 2382 944 et
2403 889 2502 959 ipsi
2532 893 2685 947 ﬁdem
2711 895 2955 962 habeant,
2980 911 3031 952 et
3056 899 3124 956 de
3147 900 3338 957 futuris
3357 905 3648 962 conﬁdant.

2083 975 2188 1030 Pax
2220 992 2344 1047 erga
2375 978 2537 1034 Deum
2565 991 2618 1035 et
2638 985 2847 1038 caritas.
2877 986 3008 1041 Nam
3036 989 3084 1043 si
3112 990 3183 1044 sit
3210 1007 3329 1060 pax,
3359 993 3463 1049 erit
3490 996 3651 1052 etiam

2081 1068 2275 1123 catitas
2303 1086 2317 1120 :
2345 1071 2388 1124 si
2431 1071 2660 1140 caritas,
2697 1077 2799 1131 erit
2834 1077 2993 1133 etiam
3039 1095 3160 1149 pax.
3208 1083 3332 1138 Cum
3361 1086 3479 1154 ﬁde.
3510 1086 3649 1143 Nihil

2081 1158 2223 1213 enim
2256 1160 2470 1229 prodest
2497 1163 2692 1219 caritas
2717 1167 2917 1237 absque
2946 1169 3046 1224 ﬁde
3069 1187 3084 1228 ;
3111 1170 3219 1226 imo
3250 1188 3379 1229 vero
3406 1190 3473 1230 ne
3496 1176 3652 1231 aliter

2079 1249 2291 1316 quidem
2321 1250 2482 1305 fuerit
2506 1255 2718 1309 caritas.
2748 1257 2836 1310 24.
2876 1255 2945 1310 Et
2970 1260 3135 1329 gratia
3163 1276 3273 1314 cum
3310 1264 3537 1319 omnibus
3565 1266 3650 1333 qui

2080 1337 2298 1408 diligunt
2330 1338 2603 1396 Dominum
2630 1355 2858 1399 nostrum
2891 1346 3067 1401 Jesum
3102 1348 3358 1404 Christum
3393 1353 3446 1406 in
3483 1355 3650 1408 incor-

2076 1432 2326 1499 ruptione.
2365 1434 2544 1488 Amen.
2592 1435 2688 1492 llic
2725 1437 2922 1504 divisit,
2956 1455 3194 1497 seorsum
3226 1444 3395 1511 posita
3438 1460 3566 1512 pace
3594 1456 3647 1501 et

2075 1521 2261 1590 gratia.
2311 1522 2376 1577 In
2412 1525 2806 1595 incorruptione,
2850 1530 3039 1595 inquit,
3071 1531 3249 1586 Amen.
3282 1534 3420 1600 Quid
3446 1544 3547 1599 est,
3577 1534 3644 1588 1η

2075 1614 2451 1685 incorruptione
2470 1619 2497 1672 γ
2526 1620 2630 1673 Aut
2662 1620 2713 1674 in
2744 1622 3020 1677 honestate
3043 1632 3097 1677 ct
3132 1625 3497 1681 moderatione
3517 1668 3531 1691 ,
3554 1639 3646 1681 aut

2076 1719 2172 1772 pro
2201 1705 2264 1760 iis
2293 1708 2342 1759 iit
2382 1723 2517 1776 quos
2556 1723 2660 1763 nou
2700 1710 2841 1764 cadit
2871 1714 3182 1781 corruptio;
3220 1732 3411 1784 nempe
3443 1733 3546 1771 non
3588 1719 3639 1771 itt

2072 1795 2293 1861 divitiis,
2323 1813 2429 1852 non
2468 1800 2519 1853 in
2557 1800 2749 1870 gloria,
2786 1803 2877 1857 sed
2911 1805 2960 1858 in
2991 1805 3097 1859 illis
3125 1806 3175 1859 in
3207 1821 3328 1876 quae
3364 1824 3467 1862 non
3497 1809 3642 1863 cadit

2070 1887 2360 1955 corruptio.
2396 1888 2541 1952 Illud,
2565 1891 2639 1954 in,
2672 1890 2812 1945 idem
2839 1902 2921 1947 est
2944 1895 3103 1962 quod,
3137 1913 3243 1963 per.
3276 1897 3375 1953 Per
3396 1899 3639 1954 incorru-

2072 1976 2337 2043 ptionent,
2372 1977 2580 2048 inquit;
2624 1980 2726 2035 hoc
2749 1992 2849 2043 est,
2880 1999 2975 2052 per
3000 1988 3267 2040 virtutem.
3297 1988 3465 2043 Omne
3495 1991 3637 2044 enim

2071 2067 2255 2121 vitium
2283 2077 2366 2123 est
2392 2072 2682 2139 corruptio,
2710 2081 2763 2127 et
2797 2075 2930 2128 sicut
2972 2077 3229 2146 virginem
3255 2082 3519 2150 corrumpi
3548 2080 3635 2135 di-

2068 2160 2259 2226 cimus,
2302 2161 2370 2214 ita
2398 2162 2555 2216 etiam
2586 2164 2839 2218 animam.
2872 2166 3154 2233 Propterea
3181 2168 3391 2223 dicebat
3422 2169 3635 2233 Paulus,

2071 2246 2154 2303 Ne
2175 2261 2561 2321 corrumpantur
2584 2270 2762 2308 sensus
2790 2256 2939 2309 vestri
2967 2256 3020 2327 (2
3052 2258 3170 2312 Cor.
3198 2259 3285 2313 ll.
3307 2258 3361 2329 5)
3388 2275 3402 2323 ;
3431 2271 3482 2313 et
3515 2276 3636 2314 rur-

2068 2354 2185 2393 sum
2231 2340 2375 2406 alibi,
2423 2341 2490 2395 In
2527 2342 2754 2398 doctrina
2791 2346 3215 2418 incorruptionem
3254 2347 3426 2420 (Tim.
3453 2348 3507 2403 2.
3543 2349 3633 2421 7),

2067 2430 2260 2500 inquit.

2136 2522 2188 2577 5.
2232 2522 2366 2590 Quid
2408 2534 2490 2578 est
2517 2526 2690 2591 enim,
2722 2527 2808 2582 dic
2848 2528 2973 2581 mihi
3001 2570 3016 2595 ,
3046 2529 3320 2598 corruptio
3347 2512 3586 2597 corporis
3610 2531 3635 2583 ἲ

2065 2628 2242 2668 annon
2270 2613 2550 2669 dissolutio
2576 2617 2768 2682 totius,
2802 2627 2856 2671 et
2878 2618 2992 2688 ejus
3029 2620 3484 2686 compositionis?
3523 2620 3633 2675 Hoc

2063 2706 2222 2759 etiam
2256 2704 2313 2758 ﬁt
2338 2705 2389 2758 iu
2410 2704 2604 2767 anima,
2639 2707 2689 2759 in
2719 2722 2835 2762 eam
2861 2708 3098 2777 ingresso
3129 2722 3361 2778 peccato.
3396 2711 3634 2765 Pulchri-

2067 2795 2194 2850 tudo
2232 2796 2374 2851 enim
2405 2796 2596 2851 animae
2632 2808 2714 2852 est
2742 2801 3111 2869 temperantia,
3156 2800 3399 2868 justitia;
3431 2804 3631 2856 sanitas

2064 2893 2255 2943 animte
2297 2900 2378 2943 est
2409 2887 2692 2957 fortitudo,
2731 2891 3027 2960 prudentia.
3070 2891 3201 2945 Nam
3230 2892 3320 2961 qui
3356 2902 3437 2947 est
3462 2893 3631 2962 turpis

2066 2990 2119 3033 et
2146 2978 2479 3043 inhonestus,
2511 2988 2591 3032 est
2613 2979 2893 3047 deformis,
2921 2992 2975 3036 t-t
3001 2982 3088 3050 qui
3111 2990 3192 3035 est
3217 2997 3426 3045 av:trns,
3456 2992 3511 3036 et
3538 2980 3630 3052 qui

2064 3086 2122 3125 se
2147 3070 2293 3126 dedit
2323 3071 2482 3126 rebus
2517 3072 2706 3140 malis,
2749 3082 2801 3127 et
2830 3074 2916 3143 qui
2958 3086 3038 3127 est
3067 3073 3298 3137 timidus,
3333 3075 3551 3144 ignavus
3578 3085 3632 3128 ιιι

2065 3161 2376 3224 imbecillus,
2430 3170 2512 3217 est
2558 3163 2709 3217 mala:
2760 3163 3098 3218 hubitudinis.
3150 3164 3301 3231 Quod
3342 3181 3466 3219 vero
3507 3181 3629 3234 prc-

2063 3262 2176 3306 cata
2203 3264 2491 3322 operentur
2516 3254 3071 3323 corruptionem,hinc
3087 3256 3255 3323 palam
3284 3264 3368 3309 est
3391 3273 3403 3309 :
3434 3257 3630 3309 faciunt

2064 3343 2207 3398 enim
2236 3352 2417 3412 turpes
2457 3353 2511 3396 et
2536 3344 2850 3408 imbecillos,
2882 3354 2937 3399 et
2961 3345 3196 3399 efﬁciunt
3224 3358 3274 3398 ut
3309 3346 3544 3401 laborent
3577 3357 3630 3400 et

2063 3432 2434 3502 defatigentur.
2464 3432 2777 3501 Corruptam
2818 3435 2959 3487 enim
2997 3449 3117 3488 esse
3145 3433 3433 3502 virginem,
3467 3435 3626 3488 etiam

2065 3522 2184 3576 ideo
2222 3524 2433 3591 proprie
2462 3521 2705 3587 dicimus,
2741 3539 2846 3576 non
2875 3524 3016 3591 quod
3044 3535 3411 3593 corrumpatur
3436 3540 3629 3591 corpus

2062 3612 2253 3675 solum,
2280 3611 2373 3664 sed
2412 3621 2629 3681 propter
2667 3612 2994 3682 iniquitatem
3022 3632 3035 3668 :
3065 3630 3185 3669 nam
3216 3614 3263 3669 id
3291 3614 3429 3683 quod
3461 3616 3519 3669 tit
3545 3625 3629 3671 est

2062 3702 2343 3766 et.itus;si
2387 3702 2489 3757 hoc
2527 3711 2705 3757 autem
2749 3713 2890 3757 esset
2933 3706 3237 3773 corruptio,
3274 3716 3415 3760 esset
3465 3707 3622 3762 etiam

2062 3792 2456 3846 matrimonium
2492 3793 2780 3862 corruptio.
2815 3794 2929 3848 Non
2971 3796 3160 3862 coitus,
3203 3798 3295 3851 sed
3346 3808 3617 3867 peccatum

2059 3893 2142 3938 est
2177 3885 2484 3952 corruptio:
2519 3885 2687 3955 ipsum
2716 3887 2856 3941 enim
2899 3886 3160 3944 dedecore
3198 3889 3391 3944 an'ecit.
3421 3891 3621 3945 Domus

2058 3986 2234 4032 autem
2274 3979 2398 4049 quid
2443 3977 2601 4033 fuerit
2649 3979 2953 4049 conruptio,
2998 3996 3153 4050 quam
3195 3982 3521 4037 dissolutio?
3562 3983 3627 4037 Et

2061 4072 2255 4142 ubique
2299 4071 2570 4142 corruptio
2614 4081 2697 4126 est
2736 4073 2978 4142 quaedam
3028 4073 3079 4126 in
3117 4074 3348 4127 deterius
3380 4077 3621 4136 mutatio,

2058 4179 2176 4235 quae
2206 4164 2261 4219 ﬁt
2288 4165 2339 4219 in
2362 4165 2523 4219 alium
2548 4164 2805 4229 habitum,
2834 4174 2888 4217 et
2909 4163 2974 4216 ad
2998 4164 3316 4219 deletionem
3346 4165 3460 4231 ejus
3484 4169 3621 4234 quod

2056 4266 2173 4313 erat
2199 4257 2365 4327 prius.
2390 4255 2527 4310 Audi
2553 4256 2694 4309 enim
2723 4255 3049 4324 Scripturam
3078 4257 3361 4323 dicentem,
3389 4259 3623 4327 Corrupit

2058 4348 2219 4400 omnis
2246 4363 2363 4400 coro
2400 4348 2531 4399 riam
2572 4363 2712 4398 suam
2762 4344 2923 4414 (Gen.
2952 4347 3003 4400 6.
3039 4346 3177 4413 l2);
3221 4357 3273 4403 et
3304 4366 3485 4405 rursus
3509 4394 3523 4413 ,
3558 4350 3622 4404 In

2057 4442 2379 4505 corruptione
2406 4437 2712 4490 intolerabili
2738 4452 2757 4501 ,°
2782 4447 2836 4490 et
2873 4451 3075 4501 rursus,
3120 4437 3363 4495 Homines
3401 4444 3624 4513 corrupti

2057 4543 2219 4580 mente
2240 4530 2315 4598 (2.
2347 4524 2477 4579 Tim.
2506 4526 2559 4579 ὅ.
2587 4526 2661 4595 8).
2689 4526 3045 4592 Corruptibile
3061 4539 3621 4598 estcorpusuostrum,

2057 4621 2152 4676 sed
2181 4620 2357 4675 anima
2386 4618 2822 4688 incorruptibilis.
2859 4617 2937 4672 Ne
2963 4619 3139 4688 itaque
3175 4621 3341 4689 ipsam
3384 4638 3621 4678 corrum-

2058 4727 2285 4782 pamus:
2323 4710 2423 4765 hoc
2458 4709 2582 4764 fecit
2627 4710 2769 4780 prius
2809 4722 3119 4779 peccatum;
3164 4715 3303 4783 quod
3348 4715 3405 4768 ﬁt
3444 4725 3619 4769 autem

2059 4812 2177 4871 post
2203 4802 2470 4855 lavacrum
2490 4842 2504 4865 ,
2537 4810 2708 4870 potest
2733 4802 2889 4856 etiam
2916 4803 3147 4857 animam
3174 4820 3541 4874 corrumpere,
3571 4814 3626 4858 et

2057 4893 2269 4948 efﬁcere
2291 4901 2347 4945 ut
2372 4891 2522 4946 facile
2545 4893 2660 4961 capi
2692 4895 2861 4960 possit
2889 4909 2916 4946 a
2949 4910 3136 4950 verme
3162 4896 3442 4951 immortali
3474 4914 3486 4945 τ
3515 4913 3620 4950 non

2056 4982 2198 5037 enim
2216 4981 2497 5050 attigisset,
2523 4981 3034 5053 nisicorruptibilem
3060 4985 3347 5041 invenisset
3366 4987 3617 5040 animam.

2056 5072 2406 5126 Adamantem
2445 5088 2548 5126 non
2579 5072 2788 5142 attingit
2815 5075 3031 5135 vermis,
3055 5085 3109 5128 et
3140 5075 3184 5129 si
3213 5076 3464 5142 attigerit,
3493 5075 3621 5127 nihil

2056 5163 2235 5219 efﬁcit.
2258 5165 2334 5219 Ne
2362 5181 2676 5234 corrumpas
2698 5165 2929 5219 animam
2961 5182 2973 5217 :
3000 5182 3118 5217 nam
3151 5165 3289 5234 quod
3319 5167 3621 5233 corrumpi-

2059 5268 2163 5321 tur,
2190 5257 2400 5326 plenum
2426 5265 2508 5309 cst
2529 5257 2734 5311 fanore.
2772 5255 2908 5309 Audi
2936 5255 3076 5309 enim
3105 5254 3410 5322 prophetam
3441 5255 3620 5310 dicen-

2060 5359 2184 5410 tem,
2212 5347 2530 5401 Putruerunt
2555 5356 2601 5398 et
2625 5354 2877 5411 corrupta:
2896 5353 3011 5396 sunt
3037 5344 3293 5397 cicatrices
3311 5361 3431 5398 mete
3446 5363 3476 5398 a
3494 5347 3624 5415 {acie

2057 5439 2355 5507 insipientia:
2382 5451 2506 5489 mete
2533 5436 2551 5506 (
2576 5435 2718 5489 Psal.
2750 5436 2835 5489 57.
2865 5435 2897 5488 6
2923 5436 2962 5503 ).
3004 5434 3120 5502 Ipsa
3147 5446 3323 5489 autem
3353 5445 3623 5509 corruptio

2057 5529 2238 5582 induet
2274 5527 2764 5594 incorruptionem;
2799 5525 2911 5578 haec
2948 5539 3076 5578 vero
3121 5542 3225 5580 non
3269 5527 3448 5579 itidem
3492 5545 3504 5580 :
3536 5531 3623 5582 ubi

2056 5631 2137 5674 est
2164 5622 2303 5675 enim
2332 5617 2678 5687 ineorruptio,
2712 5632 2814 5671 non
2841 5626 2922 5671 cst
2948 5621 3240 5688 corruptio.
3265 5618 3621 5685 Quamobrem

2056 5714 2326 5778 corruptio
2350 5721 2431 5766 est
2460 5710 2894 5778 incorruptibilis,
2939 5710 3096 5764 ﬁnem
3138 5726 3242 5767 non
3292 5708 3513 5771 habens,
3546 5719 3630 5763 est

2060 5819 2202 5856 tnors
2226 5801 2536 5855 immortalis
2558 5816 2572 5863 ;
2596 5800 2733 5868 quod
2755 5800 2965 5869 quidem
2991 5802 3222 5854 futurum
3247 5795 3424 5852 eratsi
3441 5811 3635 5865 corpus

2061 5896 2339 5951 utansissct
2367 5892 2683 5949 innuorlale.
2699 5894 3078 5962 Quamobrem,
3102 5894 3144 5949 si
3165 5892 3289 5948 illuc
3314 5886 3639 5943 cxivcrimus

4111 115 4180 258 ..Ι

4105 263 4176 364 ui

4107 365 4174 406 ,ὔ-

4103 491 4178 558 iii

4083 559 4178 606 ,ιὶῑ

4085 627 4182 664 “li

4081 671 4182 726 g3?

4083 743 4090 754 ι
4165 719 4182 772 ξ

4083 781 4090 790 ³
4171 781 4180 800 δ

4081 813 4092 880 ἒ

4081 885 4090 946 i

4079 947 4128 998 ι.

4068 1070 4216 1297 iii.

4070 1312 4079 1471 ι
4154 1345 4212 1403 π

4074 1488 4077 1533 μ

4156 1540 4169 1581 2

4090 1584 4169 1617 ‘;

4076 1610 4101 1693 ti
4166 1642 4195 1693 κ
