4218 6266
522 318 617 372 Πδ
1246 309 1307 364 S.
1345 307 1628 364 JOANNIS
1665 309 2146 366 CIIRYSOSTOMI
2185 311 2503 369 ARCHIEP.
2546 309 3091 368 CONSTANTINOP.
3686 317 3786 374 176

515 431 774 486 habentes
826 429 1267 501 corruptionem,
1325 427 1642 484 habebimus
1689 426 2094 494 corruptionem

514 523 998 596 incorruptibilcm,
1025 525 1185 578 tinem
1215 538 1322 576 non
1355 522 1659 578 habentem.
1689 522 1781 579 Uri
1808 524 1948 577 enim
1984 531 2037 575 ct
2065 537 2097 576 a

516 635 693 674 verme
719 629 976 689 perpetuo
1010 614 1275 682 consumi,
1304 626 1387 671 cst
1406 616 1702 685 corruptio,
1727 616 1778 668 in
1806 630 1964 686 quam
1987 629 2095 667 non

511 710 654 763 cadit
685 707 1013 778 incorruptio
1045 724 1058 760 :
1083 705 1225 778 quod
1255 716 1372 762 erat
1398 716 1452 762 et
1479 707 1531 760 in
1557 707 1712 761 beato
1729 705 1832 760 Job
1862 705 1879 774 (
1908 703 2008 758 Job
2039 705 2095 758 7.

513 800 566 855 5.
600 800 651 852 in
680 798 884 867 Grazco)
919 816 933 854 :
962 797 1410 868 corrumpebatur
1437 797 1604 862 enim,
1633 805 1687 850 et
1722 811 1827 850 non
1861 795 2092 864 peribat,

509 903 563 947 et
591 894 702 946 haec
732 909 825 956 per
847 892 1071 946 multum
1095 891 1352 961 temporis
1376 908 1391 955 ;
1419 891 1512 944 sed
1541 905 1756 958 semper
1781 904 2095 960 corrumpe-

508 983 596 1036 bat
639 991 794 1037 terrae
841 981 1064 1051 glebas,
1115 982 1319 1037 saniem
1356 981 1606 1036 eradens.
1635 980 1766 1036 Tale
1807 980 1932 1050 quid
1965 988 2092 1034 tunc

508 1075 740 1142 patietur
769 1074 969 1136 anima,
1001 1089 1118 1129 eam
1150 1071 1672 1128 circumsistentibus
1709 1080 1764 1126 et
1785 1071 2091 1125 arrodenti-

508 1167 607 1221 bus
631 1166 932 1233 vermibus,
959 1183 1065 1220 non
1097 1167 1230 1221 duos
1257 1179 1446 1232 annos,
1473 1179 1576 1219 nec
1607 1173 1734 1228 tres,
1759 1179 1857 1218 nec
1881 1164 2088 1225 decem.

504 1274 608 1313 nec
639 1268 876 1322 centum,
911 1272 1011 1313 nec
1049 1257 1229 1312 decies
1260 1255 1425 1320 mille,
1456 1253 1550 1310 sed
1590 1255 1680 1324 qui
1711 1270 1998 1326 numquam
2027 1254 2090 1307 fi-

505 1349 721 1404 nientur
753 1366 767 1404 :
805 1347 999 1403 Ver-mis
1039 1349 1214 1412 enim,
1261 1346 1465 1417 inquit,
1499 1361 1670 1399 eorum
1712 1361 1815 1398 non
1853 1345 2092 1398 morietur

507 1441 700 1512 (Marc.
721 1439 776 1496 9.
795 1441 910 1510 45).
928 1441 1233 1495 Timeamus
1252 1454 1401 1509 ergo,
1426 1454 1575 1508 rogo,
1600 1438 1880 1492 timeamus
1905 1436 2088 1503 verba,

506 1549 572 1585 ne
613 1532 664 1586 in
707 1548 794 1586 res
847 1531 992 1601 ipsas
1033 1529 1348 1584 incidamus.
1386 1528 1620 1583 Avaritia
1668 1536 1752 1582 est
1792 1527 2084 1596 corruptio,

502 1625 773 1690 corruptio
819 1621 1057 1676 omnium
1096 1621 1426 1690 gravissima,
1474 1619 1732 1674 inducens
1761 1618 1830 1673 ad
1860 1618 2090 1673 idolola-

505 1711 660 1764 trizun
688 1729 701 1764 :
725 1711 988 1782 fugiamus
1009 1710 1434 1780 corruptionem,
1453 1711 1710 1779 eligamus
1733 1710 2091 1778 incorruptio-

503 1817 647 1854 nern.
682 1802 838 1855 Hunc
863 1802 1078 1871 quidem
1107 1811 1196 1855 aut
1230 1801 1376 1855 illum
1403 1816 1499 1870 per
1519 1801 1797 1855 avaritiam
1829 1801 2086 1856 fraudain

501 1899 554 1944 et
586 1891 732 1959 plura
763 1890 1093 1961 acquisivisti
1124 1891 1298 1958 ?Qu:c
1329 1906 1424 1960 per
1445 1891 1721 1945 avaritiam
1753 1902 1876 1946 sunt
1901 1894 2087 1962 acqui-

500 1981 599 2034 sita
629 1992 1070 2053 corrumpuutur,
1103 1990 1283 2036 manet
1310 1992 1485 2036 autem
1527 1983 1769 2046 avaritia,
1815 1985 2088 2053 corruptio

498 2087 655 2126 causa
695 2073 1110 2142 incorruptiouis
1144 2090 1156 2124 :
1202 2075 1394 2128 transit
1436 2073 1654 2144 quidem
1698 2075 1956 2144 voluptas
1982 2093 2084 2146 qua

498 2161 724 2230 frui-ris,
773 2173 952 2218 manet
993 2174 1172 2219 autem
1224 2173 1498 2234 peccatum
1539 2165 1591 2220 in
1634 2167 1772 2236 quod
1807 2183 1911 2222 non
1943 2168 2088 2223 cadit

497 2255 792 2322 corruptio.
822 2255 996 2310 Grave
1020 2267 1101 2310 est
1127 2258 1322 2310 malum
1353 2272 1458 2311 non
1491 2257 1540 2311 in
1567 2259 1817 2326 prmsenti
1841 2261 1946 2314 vita
1968 2277 2084 2315 om-

498 2346 582 2396 nia
619 2360 817 2399 esucrc
845 2361 860 2398 :
894 2361 1082 2415 magna
1109 2357 1192 2400 cst
1217 2346 1496 2402 calamitas
1526 2348 1651 2402 hinc
1694 2351 1956 2407 excedere
1985 2353 2084 2406 ha-

499 2437 684 2492 bentes
725 2454 914 2508 magna
957 2449 1296 2507 peccatorum
1343 2455 1510 2496 onera
1539 2458 1553 2493 :
1587 2457 1710 2496 nam
1742 2443 1807 2496 In
1839 2445 2040 2514 inferno
2065 2487 2080 2512 ,

498 2527 688 2594 inquit,
729 2529 841 2596 quis
877 2530 1196 2597 confitebitur
1222 2531 1309 2583 tibi
1332 2530 1503 2602 (Psal.
1527 2533 1580 2586 6.
1608 2533 1663 2603 6)
1687 2534 1710 2586 ?
1742 2534 1850 2589 Illic
1879 2545 1962 2590 est
1993 2537 2085 2605 ju-

499 2617 722 2684 dicium,
756 2619 1079 2687 pmnitentizc
1117 2621 1224 2687 jam
1272 2637 1377 2675 non
1419 2633 1504 2676 cst
1553 2633 1782 2693 tempus.
1816 2625 2082 2691 Quantum

497 2707 658 2762 ﬂebat
687 2709 836 2764 dives
860 2711 883 2764 ?
909 2721 963 2763 et.
993 2710 1123 2764 nihil
1153 2709 1348 2766 effecit.
1415 2713 1584 2780 Quam
1631 2715 1800 2771 multa
1828 2717 2081 2775 dixerunt

2203 425 2291 494 qui
2318 425 2585 481 Christum
2611 443 2719 484 non
2745 430 3018 486 aluerunt!
3068 433 3160 488 sed
3214 444 3388 488 tamen
3418 434 3635 491 abducti
3661 449 3786 494 sunt

2203 515 2254 569 in
2285 516 2458 585 ignem
2485 527 2766 573 aeternum.
2795 520 2964 588 Quam
2991 525 3154 577 multa
3191 523 3445 579 dixerunt
3469 529 3558 596 qui
3585 528 3784 599 iniqui-

2203 615 2361 661 tatem
2401 607 2660 671 fccerunt,
2690 610 2926 678 Domine,
2965 630 3064 666 non
3090 615 3142 668 in
3171 617 3373 670 nomine
3400 630 3488 671 tuo
3510 621 3785 687 propheta-

2199 699 2378 764 vimus,
2393 711 2439 752 et
2458 702 2508 754 in
2522 703 2722 756 nomine
2737 713 2822 757 tuo
2839 705 3087 759 daemonia
3103 705 3339 776 eiecimus
3359 708 3571 782 (Matth.
3591 713 3644 766 'I.
3661 712 3733 767 22
3746 714 3785 766 l?

2199 800 2253 845 et
2287 801 2462 847 tamen
2499 809 2604 848 non
2631 806 2747 848 sunt
2777 798 2994 866 cogniti.
3037 799 3224 853 Omnia
3257 801 3369 854 hac
3396 802 3611 871 quidem
3658 816 3784 856 tunc.

2201 882 2353 950 fiunt,
2383 885 2477 939 sed
2507 886 2846 956 nihiljuvant
2873 889 2972 943 nisi
3002 890 3300 945 tumefacta
3326 892 3540 946 fuerint.
3569 893 3784 949 Timea-

2197 991 2318 1030 mus
2345 992 2473 1048 ergo
2511 993 2578 1034 ne
2605 980 2742 1034 forte
2773 992 2898 1036 tunc
2925 983 3190 1048 dicamus,
3232 982 3470 1052 Domine,
3503 991 3707 1057 quando
3735 999 3782 1042 te

2197 1065 2412 1120 vidimus
2437 1070 2764 1133 esurientem,
2803 1081 2848 1124 et
2887 1089 2988 1126 non
3031 1073 3251 1128 aluimus
3300 1070 3485 1142 (Ibid:
3511 1079 3602 1133 25.
3636 1081 3700 1133 57
3726 1082 3780 1148 )?

2195 1155 2346 1213 Nunc
2386 1159 2558 1227 ipsum
2601 1163 2916 1228 nutriamus,
2959 1179 3064 1218 non
3115 1181 3240 1231 uno,
3285 1175 3380 1220 aut
3419 1168 3647 1229 duobus.
3687 1181 3781 1225 aut

2198 1250 2364 1304 tribus
2393 1251 2579 1307 diebus
2611 1272 2624 1307 :
2657 1253 3002 1326 Elecmosyna:
3037 1257 3209 1319 enim,
3245 1258 3448 1328 inquit,
3481 1268 3528 1312 et
3563 1261 3690 1328 ﬁdes
3732 1273 3782 1317 te

2195 1359 2296 1396 non
2316 1344 2546 1399 deserant
2573 1345 2752 1418 (Prov.
2777 1349 2828 1402 ’5.
2849 1351 2924 1417 5).
2947 1349 3062 1403 Non
3083 1333 3238 1416 dixit,
3261 1351 3366 1406 Fac
3386 1353 3576 1418 semel,
3603 1370 3777 1423 neque

2196 1434 2278 1490 bis
2313 1455 2325 1490 :
2358 1452 2477 1491 nam
2525 1438 2756 1509 virginrs
2800 1440 3064 1497 habebant
3107 1444 3306 1506 oleum,
3349 1445 3442 1499 sed
3474 1462 3580 1500 non
3622 1447 3775 1501 suffi-

2194 1527 2360 1581 ciens.
2394 1530 2748 1594 Quamobrem
2781 1531 2938 1588 nobis
2967 1534 3138 1588 multo
3162 1551 3298 1605 opus
3324 1547 3405 1592 est
3433 1538 3575 1603 oleo,
3601 1548 3656 1594 et
3682 1558 3777 1595 nos

2196 1627 2461 1690 tamquam
2510 1621 2816 1692 frugiferam
2869 1626 3043 1681 oleam
3095 1639 3305 1696 oportet
3349 1646 3470 1686 esse
3517 1633 3570 1686 in
3615 1633 3776 1689 domo

2197 1709 2312 1764 Dei.
2344 1711 2649 1782 Cogitemus
2676 1730 2807 1785 ergo
2853 1731 3013 1786 quam
3055 1720 3251 1773 multas
3283 1731 3622 1790 peccatorqu
3657 1741 3776 1780 sar-

2193 1800 2342 1854 cinas
2374 1803 2534 1857 habet
2579 1807 2948 1878 unusquisque
2979 1820 3244 1878 nostrum,
3287 1813 3650 1886 faciamusqne
3681 1817 3776 1873 be-

2195 1892 2467 1963 nignitatis
2497 1909 2548 1949 et
2577 1897 2878 1954 clementiae
2907 1915 3092 1970 opera,
3123 1919 3242 1974 qua:
3269 1905 3350 1960 eis
3381 1907 3432 1961 in
3471 1910 3774 1978 tequilibrio

2194 1987 2571 2054 respondeant,
2603 1988 2711 2043 imo
2741 2006 2868 2046 vero
2893 1992 3054 2048 etiam
3083 1995 3238 2066 longe
3270 1997 3441 2066 plura,
3467 2009 3522 2054 ut
3552 2016 3657 2055 non
3683 2016 3773 2056 so-

2193 2076 2300 2131 lum
2345 2079 2749 2150 exstinguantur
2792 2098 3044 2154 peccata,
3090 2088 3185 2143 sed
3216 2089 3378 2144 etiam
3407 2091 3474 2145 ad
3512 2091 3772 2161 justitiam

2192 2171 2348 2225 nobis
2375 2182 2688 2241 reputcntur
2716 2192 2878 2245 opera
2899 2178 3140 2246 iustitiae.
3167 2180 3300 2236 Nam
3331 2181 3375 2236 si
3408 2199 3515 2236 non
3536 2183 3646 2239 sint
3665 2197 3774 2241 tam

2192 2264 2355 2317 nntlta
2389 2264 2525 2318 bona
2548 2305 2562 2329 ,
2599 2276 2654 2320 ut
2683 2276 2739 2321 et
2777 2268 3000 2325 crimina
3029 2285 3308 2337 exuamus,
3356 2287 3411 2329 et
3448 2292 3514 2330 cx
3557 2277 3626 2332 iis
3653 2295 3773 2348 qua:

2189 2368 2316 2412 sunt
2341 2359 2522 2414 relicta
2550 2361 2705 2416 nobis
2727 2361 3054 2432 imputentur
3075 2367 3142 2421 ad
3165 2367 3449 2436 justitiam,
3490 2387 3650 2427 nemo
3676 2387 3775 2426 nos

2190 2449 2390 2506 eximet
2417 2468 2448 2505 a
2485 2454 2747 2523 supplicio
2780 2471 2795 2509 :
2828 2457 2967 2527 quod
3011 2459 3164 2514 nobis
3194 2461 3442 2518 omnibus
3465 2463 3621 2518 detur
3641 2465 3774 2519 effu-

2189 2557 2335 2610 gere,
2360 2546 2527 2613 gratia
2553 2555 2608 2600 et
2628 2547 2955 2618 benignitate
2982 2551 3190 2606 Domini
3213 2555 3380 2609 nostri
3400 2554 3526 2611 Jcsu
3547 2557 3770 2624 Christi,

2189 2635 2274 2688 cui
2301 2650 2422 2690 cum
2455 2637 2611 2695 Patre
2637 2649 2691 2695 et
2719 2640 2922 2712 Spiritu
2950 2655 3159 2708 sancto.
3187 2655 3292 2704 etc.
