  <div class='ocr_page' id='page_1' title='image "/cluster/home/n/w/nwhite01/storage/ocr_20150623/62/mdp.39015008622626/185.png"; bbox 0 0 4218 6266; ppageno 0'>
   <div class='ocr_carea' id='block_1_1' title="bbox 545 301 644 356">
    <p class='ocr_par' dir='ltr' id='par_1_1' title="bbox 545 301 644 356">
     <span class='ocr_line' id='line_1_1' title="bbox 545 301 644 356; baseline -0.01 0"><span class='ocrx_word' id='word_1_1' title='bbox 545 301 644 356; x_wconf 79' lang='lat' dir='ltr'><strong>I79</strong></span> 
     </span>
    </p>
   </div>
   <div class='ocr_carea' id='block_1_2' title="bbox 542 402 2124 477">
    <p class='ocr_par' dir='ltr' id='par_1_2' title="bbox 542 402 2124 477">
     <span class='ocr_line' id='line_1_2' title="bbox 542 402 2124 477; baseline -0.009 -7"><span class='ocrx_word' id='word_1_2' title='bbox 542 416 668 470; x_wconf 89' lang='lat' dir='ltr'><strong>dem</strong></span> <span class='ocrx_word' id='word_1_3' title='bbox 715 412 1080 477; x_wconf 79' lang='lat' dir='ltr'><strong>defensionis,</strong></span> <span class='ocrx_word' id='word_1_4' title='bbox 1130 425 1191 464; x_wconf 90' lang='lat' dir='ltr'><strong>ac</strong></span> <span class='ocrx_word' id='word_1_5' title='bbox 1247 407 1574 463; x_wconf 88' lang='lat' dir='ltr'><strong>liberatiouis</strong></span> <span class='ocrx_word' id='word_1_6' title='bbox 1618 415 1860 475; x_wconf 87' lang='lat' dir='ltr'><strong>tempore</strong></span> <span class='ocrx_word' id='word_1_7' title='bbox 1903 402 2124 458; x_wconf 91' lang='lat' dir='ltr'><strong>minime</strong></span> 
     </span>
    </p>
   </div>
   <div class='ocr_carea' id='block_1_3' title="bbox 545 495 2126 567">
    <p class='ocr_par' dir='ltr' id='par_1_3' title="bbox 545 495 2126 567">
     <span class='ocr_line' id='line_1_3' title="bbox 545 495 2126 567; baseline -0.011 -5"><span class='ocrx_word' id='word_1_8' title='bbox 545 505 781 561; x_wconf 80' lang='lat' dir='ltr'><strong>adfuisse</strong></span> <span class='ocrx_word' id='word_1_9' title='bbox 809 504 1146 558; x_wconf 72' lang='lat' dir='ltr'><strong>Timotheum</strong></span> <span class='ocrx_word' id='word_1_10' title='bbox 1180 508 1388 554; x_wconf 86' lang='lat' dir='ltr'><strong>constat</strong></span> <span class='ocrx_word' id='word_1_11' title='bbox 1416 517 1430 551; x_wconf 88' lang='lat'><strong>:</strong></span> <span class='ocrx_word' id='word_1_12' title='bbox 1461 499 1630 567; x_wconf 91' lang='lat' dir='ltr'><strong>inquit</strong></span> <span class='ocrx_word' id='word_1_13' title='bbox 1659 496 1831 559; x_wconf 90' lang='lat' dir='ltr'><strong>enim,</strong></span> <span class='ocrx_word' id='word_1_14' title='bbox 1866 495 1931 549; x_wconf 83' lang='lat' dir='ltr'><strong>In</strong></span> <span class='ocrx_word' id='word_1_15' title='bbox 1962 495 2126 564; x_wconf 91' lang='lat' dir='ltr'><strong>prima</strong></span> 
     </span>
    </p>
   </div>
   <div class='ocr_carea' id='block_1_4' title="bbox 544 585 2124 666">
    <p class='ocr_par' dir='ltr' id='par_1_4' title="bbox 544 585 2124 666">
     <span class='ocr_line' id='line_1_4' title="bbox 544 585 2124 666; baseline -0.009 -12"><span class='ocrx_word' id='word_1_16' title='bbox 544 615 655 654; x_wconf 82' lang='lat' dir='ltr'><strong>mea</strong></span> <span class='ocrx_word' id='word_1_17' title='bbox 681 597 969 666; x_wconf 78' lang='lat' dir='ltr'><strong>defensione</strong></span> <span class='ocrx_word' id='word_1_18' title='bbox 996 609 1142 647; x_wconf 86' lang='lat' dir='ltr'><strong>nemo</strong></span> <span class='ocrx_word' id='word_1_19' title='bbox 1171 593 1292 644; x_wconf 88' lang='lat' dir='ltr'><strong>mihi</strong></span> <span class='ocrx_word' id='word_1_20' title='bbox 1323 593 1506 662; x_wconf 76' lang='lat' dir='ltr'><strong>adfuit.</strong></span> <span class='ocrx_word' id='word_1_21' title='bbox 1536 590 1698 660; x_wconf 89' lang='lat' dir='ltr'><strong>quue</strong></span> <span class='ocrx_word' id='word_1_22' title='bbox 1727 587 1962 643; x_wconf 89' lang='lat' dir='ltr'><strong>ostendit</strong></span> <span class='ocrx_word' id='word_1_23' title='bbox 1990 585 2124 640; x_wconf 89' lang='lat' dir='ltr'><strong>scri-</strong></span> 
     </span>
    </p>
   </div>
   <div class='ocr_carea' id='block_1_5' title="bbox 547 678 2123 752">
    <p class='ocr_par' dir='ltr' id='par_1_5' title="bbox 547 678 2123 752">
     <span class='ocr_line' id='line_1_5' title="bbox 547 678 2123 752; baseline -0.01 -8"><span class='ocrx_word' id='word_1_24' title='bbox 547 691 677 743; x_wconf 86' lang='lat' dir='ltr'><strong>bens</strong></span> <span class='ocrx_word' id='word_1_25' title='bbox 713 689 788 741; x_wconf 89' lang='lat' dir='ltr'><strong>sic</strong></span> <span class='ocrx_word' id='word_1_26' title='bbox 813 704 827 738; x_wconf 89' lang='lat'>:</span> <span class='ocrx_word' id='word_1_27' title='bbox 857 701 962 738; x_wconf 90' lang='lat' dir='ltr'><strong>non</strong></span> <span class='ocrx_word' id='word_1_28' title='bbox 1002 685 1143 737; x_wconf 90' lang='lat' dir='ltr'><strong>enim</strong></span> <span class='ocrx_word' id='word_1_29' title='bbox 1177 683 1249 735; x_wconf 90' lang='lat' dir='ltr'><strong>illi</strong></span> <span class='ocrx_word' id='word_1_30' title='bbox 1281 697 1379 752; x_wconf 89' lang='lat' dir='ltr'><strong>per</strong></span> <span class='ocrx_word' id='word_1_31' title='bbox 1408 682 1588 735; x_wconf 79' lang='lat' dir='ltr'><strong>literas</strong></span> <span class='ocrx_word' id='word_1_32' title='bbox 1615 679 1951 742; x_wconf 88' lang='lat' dir='ltr'><strong>nuntiasset,</strong></span> <span class='ocrx_word' id='word_1_33' title='bbox 1983 678 2123 746; x_wconf 82' lang='lat' dir='ltr'><strong>quod</strong></span> 
     </span>
    </p>
   </div>
   <div class='ocr_carea' id='block_1_6' title="bbox 547 768 2129 846">
    <p class='ocr_par' dir='ltr' id='par_1_6' title="bbox 547 768 2129 846">
     <span class='ocr_line' id='line_1_6' title="bbox 547 768 2129 846; baseline -0.009 -12"><span class='ocrx_word' id='word_1_34' title='bbox 547 789 729 834; x_wconf 86' lang='lat' dir='ltr'><strong>notum</strong></span> <span class='ocrx_word' id='word_1_35' title='bbox 757 777 852 846; x_wconf 83' lang='lat' dir='ltr'><strong>ipsi</strong></span> <span class='ocrx_word' id='word_1_36' title='bbox 882 791 1000 830; x_wconf 87' lang='lat' dir='ltr'><strong>esse</strong></span> <span class='ocrx_word' id='word_1_37' title='bbox 1025 775 1202 828; x_wconf 88' lang='lat' dir='ltr'><strong>sciret.</strong></span> <span class='ocrx_word' id='word_1_38' title='bbox 1230 773 1346 840; x_wconf 92' lang='lat' dir='ltr'><strong>Quo</strong></span> <span class='ocrx_word' id='word_1_39' title='bbox 1369 781 1544 826; x_wconf 89' lang='lat' dir='ltr'><strong>autem</strong></span> <span class='ocrx_word' id='word_1_40' title='bbox 1573 781 1812 841; x_wconf 89' lang='lat' dir='ltr'><strong>tempore</strong></span> <span class='ocrx_word' id='word_1_41' title='bbox 1838 771 1974 824; x_wconf 90' lang='lat' dir='ltr'><strong>hanc</strong></span> <span class='ocrx_word' id='word_1_42' title='bbox 1995 768 2129 823; x_wconf 86' lang='lat' dir='ltr'><strong>scri-</strong></span> 
     </span>
    </p>
   </div>
   <div class='ocr_carea' id='block_1_7' title="bbox 547 860 2126 938">
    <p class='ocr_par' dir='ltr' id='par_1_7' title="bbox 547 860 2126 938">
     <span class='ocr_line' id='line_1_7' title="bbox 547 860 2126 938; baseline -0.008 -14"><span class='ocrx_word' id='word_1_43' title='bbox 547 873 701 926; x_wconf 86' lang='lat' dir='ltr'><strong>bebat</strong></span> <span class='ocrx_word' id='word_1_44' title='bbox 723 869 1026 938; x_wconf 79' lang='lat' dir='ltr'><strong>epistolam,</strong></span> <span class='ocrx_word' id='word_1_45' title='bbox 1050 863 1365 922; x_wconf 78' lang='lat' dir='ltr'><strong>Timotheus</strong></span> <span class='ocrx_word' id='word_1_46' title='bbox 1390 880 1492 917; x_wconf 89' lang='lat' dir='ltr'><strong>una</strong></span> <span class='ocrx_word' id='word_1_47' title='bbox 1515 878 1694 917; x_wconf 88' lang='lat' dir='ltr'><strong>secum</strong></span> <span class='ocrx_word' id='word_1_48' title='bbox 1718 863 1902 915; x_wconf 90' lang='lat' dir='ltr'><strong>aderat</strong></span> <span class='ocrx_word' id='word_1_49' title='bbox 1927 877 1941 915; x_wconf 75' lang='grc' dir='ltr'>ε</span> <span class='ocrx_word' id='word_1_50' title='bbox 1969 860 2126 928; x_wconf 85' lang='lat' dir='ltr'><strong>idque</strong></span> 
     </span>
    </p>
   </div>
   <div class='ocr_carea' id='block_1_8' title="bbox 547 951 2126 1024">
    <p class='ocr_par' dir='ltr' id='par_1_8' title="bbox 547 951 2126 1024">
     <span class='ocr_line' id='line_1_8' title="bbox 547 951 2126 1024; baseline -0.007 -10"><span class='ocrx_word' id='word_1_51' title='bbox 547 962 725 1018; x_wconf 74' lang='lat' dir='ltr'><strong>verbis</strong></span> <span class='ocrx_word' id='word_1_52' title='bbox 771 961 888 1015; x_wconf 86' lang='lat' dir='ltr'><strong>istis</strong></span> <span class='ocrx_word' id='word_1_53' title='bbox 933 957 1209 1014; x_wconf 84' lang='lat' dir='ltr'><strong>ostendit:</strong></span> <span class='ocrx_word' id='word_1_54' title='bbox 1239 957 1403 1024; x_wconf 87' lang='lat' dir='ltr'><strong>Spero</strong></span> <span class='ocrx_word' id='word_1_55' title='bbox 1443 966 1610 1008; x_wconf 86' lang='lat' dir='ltr'><strong>autem</strong></span> <span class='ocrx_word' id='word_1_56' title='bbox 1653 955 1706 1006; x_wconf 89' lang='lat' dir='ltr'><strong>in</strong></span> <span class='ocrx_word' id='word_1_57' title='bbox 1745 953 1960 1005; x_wconf 81' lang='lat' dir='ltr'><strong>Domino</strong></span> <span class='ocrx_word' id='word_1_58' title='bbox 1999 951 2126 1004; x_wconf 87' lang='lat' dir='ltr'><strong>Jesu</strong></span> 
     </span>
    </p>
   </div>
   <div class='ocr_carea' id='block_1_9' title="bbox 548 1041 2127 1108">
    <p class='ocr_par' dir='ltr' id='par_1_9' title="bbox 548 1041 2127 1108">
     <span class='ocr_line' id='line_1_9' title="bbox 548 1041 2127 1108; baseline -0.009 0"><span class='ocrx_word' id='word_1_59' title='bbox 548 1053 862 1108; x_wconf 75' lang='lat' dir='ltr'><strong>Timotheum</strong></span> <span class='ocrx_word' id='word_1_60' title='bbox 899 1067 976 1102; x_wconf 90' lang='lat' dir='ltr'><strong>me</strong></span> <span class='ocrx_word' id='word_1_61' title='bbox 1013 1050 1112 1102; x_wconf 89' lang='lat' dir='ltr'><strong>cito</strong></span> <span class='ocrx_word' id='word_1_62' title='bbox 1153 1049 1344 1100; x_wconf 82' lang='lat' dir='ltr'><strong>mittere</strong></span> <span class='ocrx_word' id='word_1_63' title='bbox 1382 1046 1450 1098; x_wconf 88' lang='lat' dir='ltr'><strong>ad</strong></span> <span class='ocrx_word' id='word_1_64' title='bbox 1488 1061 1610 1108; x_wconf 83' lang='lat' dir='ltr'><strong>vos;</strong></span> <span class='ocrx_word' id='word_1_65' title='bbox 1640 1053 1693 1097; x_wconf 92' lang='lat' dir='ltr'><strong>ct</strong></span> <span class='ocrx_word' id='word_1_66' title='bbox 1722 1057 1941 1104; x_wconf 78' lang='lat' dir='ltr'><strong>rursus,</strong></span> <span class='ocrx_word' id='word_1_67' title='bbox 1976 1041 2127 1094; x_wconf 85' lang='lat' dir='ltr'><strong>Ilum:</strong></span> 
     </span>
    </p>
   </div>
   <div class='ocr_carea' id='block_1_10' title="bbox 545 1134 2128 1214">
    <p class='ocr_par' dir='ltr' id='par_1_10' title="bbox 545 1134 2128 1214">
     <span class='ocr_line' id='line_1_10' title="bbox 545 1134 2128 1214; baseline -0.007 -17"><span class='ocrx_word' id='word_1_68' title='bbox 545 1145 703 1214; x_wconf 72' lang='lat' dir='ltr'><strong>igitur</strong></span> <span class='ocrx_word' id='word_1_69' title='bbox 725 1159 871 1213; x_wconf 86' lang='lat' dir='ltr'><strong>spero</strong></span> <span class='ocrx_word' id='word_1_70' title='bbox 901 1157 979 1194; x_wconf 89' lang='lat' dir='ltr'><strong>me</strong></span> <span class='ocrx_word' id='word_1_71' title='bbox 1007 1141 1106 1193; x_wconf 86' lang='lat' dir='ltr'><strong>cito</strong></span> <span class='ocrx_word' id='word_1_72' title='bbox 1133 1140 1325 1192; x_wconf 84' lang='lat' dir='ltr'><strong>mittere</strong></span> <span class='ocrx_word' id='word_1_73' title='bbox 1350 1138 1416 1190; x_wconf 92' lang='lat' dir='ltr'><strong>ad</strong></span> <span class='ocrx_word' id='word_1_74' title='bbox 1447 1153 1547 1199; x_wconf 86' lang='lat' dir='ltr'><strong>vos,</strong></span> <span class='ocrx_word' id='word_1_75' title='bbox 1578 1152 1696 1189; x_wconf 68' lang='lat' dir='ltr'><strong>mox</strong></span> <span class='ocrx_word' id='word_1_76' title='bbox 1719 1144 1769 1188; x_wconf 86' lang='lat' dir='ltr'><strong>ut</strong></span> <span class='ocrx_word' id='word_1_77' title='bbox 1796 1134 1985 1200; x_wconf 84' lang='lat' dir='ltr'><strong>videro,</strong></span> <span class='ocrx_word' id='word_1_78' title='bbox 2015 1148 2128 1202; x_wconf 69' lang='lat' dir='ltr'><strong>qua:</strong></span> 
     </span>
    </p>
   </div>
   <div class='ocr_carea' id='block_1_11' title="bbox 543 1226 2124 1302">
    <p class='ocr_par' dir='ltr' id='par_1_11' title="bbox 543 1226 2124 1302">
     <span class='ocr_line' id='line_1_11' title="bbox 543 1226 2124 1302; baseline -0.005 -14"><span class='ocrx_word' id='word_1_79' title='bbox 543 1237 681 1289; x_wconf 87' lang='lat' dir='ltr'><strong>circa</strong></span> <span class='ocrx_word' id='word_1_80' title='bbox 724 1251 803 1287; x_wconf 84' lang='lat' dir='ltr'><strong>me</strong></span> <span class='ocrx_word' id='word_1_81' title='bbox 829 1242 940 1287; x_wconf 87' lang='lat' dir='ltr'><strong>sunt</strong></span> <span class='ocrx_word' id='word_1_82' title='bbox 967 1233 984 1302; x_wconf 96' lang='lat'><strong>(</strong></span> <span class='ocrx_word' id='word_1_83' title='bbox 1021 1231 1250 1300; x_wconf 81' lang='lat' dir='ltr'><strong>Philipp.</strong></span> <span class='ocrx_word' id='word_1_84' title='bbox 1277 1229 1332 1282; x_wconf 85' lang='lat'><strong>2.</strong></span> <span class='ocrx_word' id='word_1_85' title='bbox 1368 1228 1453 1282; x_wconf 83' lang='lat' dir='ltr'><strong>l9.</strong></span> <span class='ocrx_word' id='word_1_86' title='bbox 1485 1227 1556 1281; x_wconf 74' lang='lat'><strong>23</strong></span> <span class='ocrx_word' id='word_1_87' title='bbox 1581 1227 1624 1294; x_wconf 95' lang='lat'><strong>).</strong></span> <span class='ocrx_word' id='word_1_88' title='bbox 1657 1227 1697 1280; x_wconf 68' lang='lat' dir='ltr'><strong>li</strong></span> <span class='ocrx_word' id='word_1_89' title='bbox 1727 1226 1951 1280; x_wconf 86' lang='lat' dir='ltr'><strong>vinculis</strong></span> <span class='ocrx_word' id='word_1_90' title='bbox 1980 1226 2124 1280; x_wconf 89' lang='lat' dir='ltr'><strong>enim</strong></span> 
     </span>
    </p>
   </div>
   <div class='ocr_carea' id='block_1_12' title="bbox 544 1314 2124 1390">
    <p class='ocr_par' dir='ltr' id='par_1_12' title="bbox 544 1314 2124 1390">
     <span class='ocr_line' id='line_1_12' title="bbox 544 1314 2124 1390; baseline -0.007 -11"><span class='ocrx_word' id='word_1_91' title='bbox 544 1325 799 1379; x_wconf 84' lang='lat' dir='ltr'><strong>dimissus</strong></span> <span class='ocrx_word' id='word_1_92' title='bbox 829 1333 943 1388; x_wconf 88' lang='lat' dir='ltr'><strong>est;</strong></span> <span class='ocrx_word' id='word_1_93' title='bbox 980 1332 1139 1390; x_wconf 85' lang='lat' dir='ltr'><strong>atque</strong></span> <span class='ocrx_word' id='word_1_94' title='bbox 1169 1320 1219 1373; x_wconf 91' lang='lat' dir='ltr'><strong>iu</strong></span> <span class='ocrx_word' id='word_1_95' title='bbox 1252 1335 1334 1382; x_wconf 89' lang='lat' dir='ltr'><strong>ea,</strong></span> <span class='ocrx_word' id='word_1_96' title='bbox 1370 1328 1646 1387; x_wconf 82' lang='lat' dir='ltr'><strong>postquam</strong></span> <span class='ocrx_word' id='word_1_97' title='bbox 1676 1315 1744 1370; x_wconf 91' lang='lat' dir='ltr'><strong>ad</strong></span> <span class='ocrx_word' id='word_1_98' title='bbox 1775 1315 1919 1385; x_wconf 91' lang='lat' dir='ltr'><strong>ipsos</strong></span> <span class='ocrx_word' id='word_1_99' title='bbox 1944 1314 2124 1369; x_wconf 88' lang='lat' dir='ltr'><strong>venis-</strong></span> 
     </span>
    </p>
   </div>
   <div class='ocr_carea' id='block_1_13' title="bbox 545 1406 2126 1482">
    <p class='ocr_par' dir='ltr' id='par_1_13' title="bbox 545 1406 2126 1482">
     <span class='ocr_line' id='line_1_13' title="bbox 545 1406 2126 1482; baseline -0.006 -13"><span class='ocrx_word' id='word_1_100' title='bbox 545 1426 668 1482; x_wconf 91' lang='lat' dir='ltr'><strong>set,</strong></span> <span class='ocrx_word' id='word_1_101' title='bbox 703 1429 889 1468; x_wconf 90' lang='lat' dir='ltr'><strong>rursus</strong></span> <span class='ocrx_word' id='word_1_102' title='bbox 931 1413 1226 1481; x_wconf 86' lang='lat' dir='ltr'><strong>conjectus.</strong></span> <span class='ocrx_word' id='word_1_103' title='bbox 1272 1409 1425 1478; x_wconf 83' lang='lat' dir='ltr'><strong>Quod</strong></span> <span class='ocrx_word' id='word_1_104' title='bbox 1467 1410 1610 1464; x_wconf 90' lang='lat' dir='ltr'><strong>enim</strong></span> <span class='ocrx_word' id='word_1_105' title='bbox 1652 1407 1859 1477; x_wconf 87' lang='lat' dir='ltr'><strong>inquit,</strong></span> <span class='ocrx_word' id='word_1_106' title='bbox 1894 1406 2001 1462; x_wconf 80' lang='lat' dir='ltr'><strong>Sed</strong></span> <span class='ocrx_word' id='word_1_107' title='bbox 2035 1407 2126 1460; x_wconf 89' lang='lat' dir='ltr'><strong>etsi</strong></span> 
     </span>
    </p>
   </div>
   <div class='ocr_carea' id='block_1_14' title="bbox 543 1498 2126 1573">
    <p class='ocr_par' dir='ltr' id='par_1_14' title="bbox 543 1498 2126 1573">
     <span class='ocr_line' id='line_1_14' title="bbox 543 1498 2126 1573; baseline -0.004 -14"><span class='ocrx_word' id='word_1_108' title='bbox 543 1507 782 1560; x_wconf 85' lang='lat' dir='ltr'><strong>immolor</strong></span> <span class='ocrx_word' id='word_1_109' title='bbox 821 1523 977 1573; x_wconf 88' lang='lat' dir='ltr'><strong>supra</strong></span> <span class='ocrx_word' id='word_1_110' title='bbox 1015 1503 1360 1571; x_wconf 83' lang='lat' dir='ltr'><strong>sacriﬁcium,</strong></span> <span class='ocrx_word' id='word_1_111' title='bbox 1393 1512 1438 1555; x_wconf 85' lang='lat' dir='ltr'><strong>et</strong></span> <span class='ocrx_word' id='word_1_112' title='bbox 1476 1501 1762 1569; x_wconf 77' lang='lat' dir='ltr'><strong>obsequium</strong></span> <span class='ocrx_word' id='word_1_113' title='bbox 1798 1498 1920 1568; x_wconf 83' lang='lat' dir='ltr'><strong>ﬁdei</strong></span> <span class='ocrx_word' id='word_1_114' title='bbox 1951 1509 2126 1553; x_wconf 81' lang='lat' dir='ltr'><strong>vestra:</strong></span> 
     </span>
    </p>
   </div>
   <div class='ocr_carea' id='block_1_15' title="bbox 541 1589 2123 1670">
    <p class='ocr_par' dir='ltr' id='par_1_15' title="bbox 541 1589 2123 1670">
     <span class='ocr_line' id='line_1_15' title="bbox 541 1589 2123 1670; baseline -0.004 -21"><span class='ocrx_word' id='word_1_115' title='bbox 541 1599 565 1670; x_wconf 86' lang='lat'><strong>(</strong></span> <span class='ocrx_word' id='word_1_116' title='bbox 597 1597 728 1650; x_wconf 84' lang='lat' dir='ltr'><strong>Ibid.</strong></span> <span class='ocrx_word' id='word_1_117' title='bbox 755 1614 801 1650; x_wconf 84' lang='grc' dir='ltr'><strong>υ.</strong></span> <span class='ocrx_word' id='word_1_118' title='bbox 839 1598 902 1651; x_wconf 86' lang='lat' dir='ltr'><strong>l7</strong></span> <span class='ocrx_word' id='word_1_119' title='bbox 933 1598 979 1665; x_wconf 89' lang='lat'><strong>);</strong></span> <span class='ocrx_word' id='word_1_120' title='bbox 1012 1610 1115 1649; x_wconf 88' lang='lat' dir='ltr'><strong>non</strong></span> <span class='ocrx_word' id='word_1_121' title='bbox 1166 1595 1234 1647; x_wconf 92' lang='lat' dir='ltr'><strong>ita</strong></span> <span class='ocrx_word' id='word_1_122' title='bbox 1275 1593 1432 1656; x_wconf 89' lang='lat' dir='ltr'><strong>dicit,</strong></span> <span class='ocrx_word' id='word_1_123' title='bbox 1463 1591 1614 1662; x_wconf 90' lang='lat' dir='ltr'><strong>quasi</strong></span> <span class='ocrx_word' id='word_1_124' title='bbox 1645 1605 1785 1644; x_wconf 90' lang='lat' dir='ltr'><strong>nunc</strong></span> <span class='ocrx_word' id='word_1_125' title='bbox 1811 1589 1998 1654; x_wconf 86' lang='lat' dir='ltr'><strong>fieret;</strong></span> <span class='ocrx_word' id='word_1_126' title='bbox 2027 1589 2123 1644; x_wconf 87' lang='lat' dir='ltr'><strong>sed</strong></span> 
     </span>
    </p>
   </div>
   <div class='ocr_carea' id='block_1_16' title="bbox 541 1684 2120 1758">
    <p class='ocr_par' dir='ltr' id='par_1_16' title="bbox 541 1684 2120 1758">
     <span class='ocr_line' id='line_1_16' title="bbox 541 1684 2120 1758; baseline -0.001 -18"><span class='ocrx_word' id='word_1_127' title='bbox 541 1691 805 1758; x_wconf 85' lang='lat' dir='ltr'><strong>Quoniam</strong></span> <span class='ocrx_word' id='word_1_128' title='bbox 848 1689 890 1743; x_wconf 90' lang='lat' dir='ltr'><strong>si</strong></span> <span class='ocrx_word' id='word_1_129' title='bbox 931 1689 980 1741; x_wconf 90' lang='lat' dir='ltr'><strong>id</strong></span> <span class='ocrx_word' id='word_1_130' title='bbox 1018 1688 1264 1748; x_wconf 88' lang='lat' dir='ltr'><strong>eveniat,</strong></span> <span class='ocrx_word' id='word_1_131' title='bbox 1306 1695 1360 1739; x_wconf 90' lang='lat' dir='ltr'><strong>ct</strong></span> <span class='ocrx_word' id='word_1_132' title='bbox 1398 1684 1841 1755; x_wconf 87' lang='lat' dir='ltr'><strong>quandocumque</strong></span> <span class='ocrx_word' id='word_1_133' title='bbox 1875 1684 2120 1750; x_wconf 83' lang='lat' dir='ltr'><strong>eveniat,</strong></span> 
     </span>
    </p>
   </div>
   <div class='ocr_carea' id='block_1_17' title="bbox 539 1773 2122 1848">
    <p class='ocr_par' dir='ltr' id='par_1_17' title="bbox 539 1773 2122 1848">
     <span class='ocr_line' id='line_1_17' title="bbox 539 1773 2122 1848; baseline -0.003 -15"><span class='ocrx_word' id='word_1_134' title='bbox 539 1781 772 1848; x_wconf 78' lang='lat' dir='ltr'><strong>gaudeo,</strong></span> <span class='ocrx_word' id='word_1_135' title='bbox 800 1780 990 1848; x_wconf 83' lang='lat' dir='ltr'><strong>inquit,</strong></span> <span class='ocrx_word' id='word_1_136' title='bbox 1013 1778 1256 1831; x_wconf 80' lang='lat' dir='ltr'><strong>revelatis</strong></span> <span class='ocrx_word' id='word_1_137' title='bbox 1279 1776 1398 1830; x_wconf 87' lang='lat' dir='ltr'><strong>illos</strong></span> <span class='ocrx_word' id='word_1_138' title='bbox 1420 1790 1672 1841; x_wconf 66' lang='lat' dir='ltr'><strong>tnmrore,</strong></span> <span class='ocrx_word' id='word_1_139' title='bbox 1690 1789 1846 1844; x_wconf 87' lang='lat' dir='ltr'><strong>quem</strong></span> <span class='ocrx_word' id='word_1_140' title='bbox 1869 1790 1934 1828; x_wconf 77' lang='lat' dir='ltr'><strong>ex</strong></span> <span class='ocrx_word' id='word_1_141' title='bbox 1956 1773 2122 1842; x_wconf 81' lang='lat' dir='ltr'><strong>ipsius</strong></span> 
     </span>
    </p>
   </div>
   <div class='ocr_carea' id='block_1_18' title="bbox 545 1866 2122 1939">
    <p class='ocr_par' dir='ltr' id='par_1_18' title="bbox 545 1866 2122 1939">
     <span class='ocr_line' id='line_1_18' title="bbox 545 1866 2122 1939; baseline -0.002 -16"><span class='ocrx_word' id='word_1_142' title='bbox 545 1871 772 1924; x_wconf 90' lang='lat' dir='ltr'><strong>vinculis</strong></span> <span class='ocrx_word' id='word_1_143' title='bbox 795 1882 1154 1939; x_wconf 89' lang='lat' dir='ltr'><strong>conceperant</strong></span> <span class='ocrx_word' id='word_1_144' title='bbox 1181 1886 1195 1922; x_wconf 87' lang='lat'><strong>:</strong></span> <span class='ocrx_word' id='word_1_145' title='bbox 1225 1884 1365 1922; x_wconf 92' lang='lat' dir='ltr'><strong>nunc</strong></span> <span class='ocrx_word' id='word_1_146' title='bbox 1387 1867 1530 1922; x_wconf 90' lang='lat' dir='ltr'><strong>enim</strong></span> <span class='ocrx_word' id='word_1_147' title='bbox 1559 1881 1664 1920; x_wconf 90' lang='lat' dir='ltr'><strong>non</strong></span> <span class='ocrx_word' id='word_1_148' title='bbox 1696 1875 1921 1920; x_wconf 86' lang='lat' dir='ltr'><strong>mortem</strong></span> <span class='ocrx_word' id='word_1_149' title='bbox 1948 1866 2122 1920; x_wconf 83' lang='lat' dir='ltr'><strong>obitu-</strong></span> 
     </span>
    </p>
   </div>
   <div class='ocr_carea' id='block_1_19' title="bbox 543 1957 2120 2028">
    <p class='ocr_par' dir='ltr' id='par_1_19' title="bbox 543 1957 2120 2028">
     <span class='ocr_line' id='line_1_19' title="bbox 543 1957 2120 2028; baseline -0.003 -11"><span class='ocrx_word' id='word_1_150' title='bbox 543 1979 658 2017; x_wconf 89' lang='lat' dir='ltr'><strong>rum</strong></span> <span class='ocrx_word' id='word_1_151' title='bbox 696 1963 858 2016; x_wconf 89' lang='lat' dir='ltr'><strong>fuisse</strong></span> <span class='ocrx_word' id='word_1_152' title='bbox 879 2004 892 2025; x_wconf 91' lang='lat'><strong>,</strong></span> <span class='ocrx_word' id='word_1_153' title='bbox 925 1978 990 2015; x_wconf 84' lang='lat' dir='ltr'><strong>ex</strong></span> <span class='ocrx_word' id='word_1_154' title='bbox 1036 1961 1141 2014; x_wconf 90' lang='lat' dir='ltr'><strong>illis</strong></span> <span class='ocrx_word' id='word_1_155' title='bbox 1169 1960 1347 2014; x_wconf 88' lang='lat' dir='ltr'><strong>verbis</strong></span> <span class='ocrx_word' id='word_1_156' title='bbox 1390 1959 1726 2028; x_wconf 87' lang='lat' dir='ltr'><strong>perspicuum</strong></span> <span class='ocrx_word' id='word_1_157' title='bbox 1757 1971 1877 2013; x_wconf 90' lang='lat' dir='ltr'><strong>cst:</strong></span> <span class='ocrx_word' id='word_1_158' title='bbox 1907 1957 2120 2028; x_wconf 86' lang='lat' dir='ltr'><strong>Conﬁdo</strong></span> 
     </span>
    </p>
   </div>
   <div class='ocr_carea' id='block_1_20' title="bbox 542 2051 2120 2121">
    <p class='ocr_par' dir='ltr' id='par_1_20' title="bbox 542 2051 2120 2121">
     <span class='ocr_line' id='line_1_20' title="bbox 542 2051 2120 2121; baseline -0.001 -16"><span class='ocrx_word' id='word_1_159' title='bbox 542 2064 708 2106; x_wconf 86' lang='lat' dir='ltr'><strong>autent</strong></span> <span class='ocrx_word' id='word_1_160' title='bbox 736 2054 790 2106; x_wconf 91' lang='lat' dir='ltr'><strong>in</strong></span> <span class='ocrx_word' id='word_1_161' title='bbox 816 2053 1057 2117; x_wconf 86' lang='lat' dir='ltr'><strong>Domino,</strong></span> <span class='ocrx_word' id='word_1_162' title='bbox 1087 2051 1326 2121; x_wconf 89' lang='lat' dir='ltr'><strong>quoniam</strong></span> <span class='ocrx_word' id='word_1_163' title='bbox 1351 2060 1397 2104; x_wconf 86' lang='lat' dir='ltr'><strong>et</strong></span> <span class='ocrx_word' id='word_1_164' title='bbox 1426 2051 1532 2118; x_wconf 88' lang='lat' dir='ltr'><strong>ipse</strong></span> <span class='ocrx_word' id='word_1_165' title='bbox 1557 2051 1752 2103; x_wconf 84' lang='lat' dir='ltr'><strong>veniam</strong></span> <span class='ocrx_word' id='word_1_166' title='bbox 1777 2051 1845 2102; x_wconf 91' lang='lat' dir='ltr'><strong>ad</strong></span> <span class='ocrx_word' id='word_1_167' title='bbox 1869 2067 1955 2104; x_wconf 85' lang='lat' dir='ltr'><strong>vos</strong></span> <span class='ocrx_word' id='word_1_168' title='bbox 1981 2051 2078 2104; x_wconf 81' lang='lat' dir='ltr'><strong>cito</strong></span> <span class='ocrx_word' id='word_1_169' title='bbox 2100 2068 2120 2115; x_wconf 89' lang='grc'><strong><em>;</em></strong></span> 
     </span>
    </p>
   </div>
   <div class='ocr_carea' id='block_1_21' title="bbox 539 2141 2124 2211">
    <p class='ocr_par' dir='ltr' id='par_1_21' title="bbox 539 2141 2124 2211">
     <span class='ocr_line' id='line_1_21' title="bbox 539 2141 2124 2211; baseline -0.003 -12"><span class='ocrx_word' id='word_1_170' title='bbox 539 2157 592 2199; x_wconf 83' lang='lat' dir='ltr'><strong>et</strong></span> <span class='ocrx_word' id='word_1_171' title='bbox 625 2159 808 2198; x_wconf 90' lang='lat' dir='ltr'><strong>rursus</strong></span> <span class='ocrx_word' id='word_1_172' title='bbox 827 2185 842 2207; x_wconf 96' lang='lat'><strong>,</strong></span> <span class='ocrx_word' id='word_1_173' title='bbox 885 2143 946 2196; x_wconf 80' lang='lat' dir='ltr'><strong>Et</strong></span> <span class='ocrx_word' id='word_1_174' title='bbox 983 2144 1077 2196; x_wconf 86' lang='lat' dir='ltr'><strong>hoc</strong></span> <span class='ocrx_word' id='word_1_175' title='bbox 1104 2141 1363 2210; x_wconf 88' lang='lat' dir='ltr'><strong>conﬁdens</strong></span> <span class='ocrx_word' id='word_1_176' title='bbox 1386 2143 1489 2194; x_wconf 87' lang='lat' dir='ltr'><strong>scio</strong></span> <span class='ocrx_word' id='word_1_177' title='bbox 1516 2142 1636 2211; x_wconf 84' lang='lat' dir='ltr'><strong>quia</strong></span> <span class='ocrx_word' id='word_1_178' title='bbox 1661 2142 1869 2194; x_wconf 84' lang='lat' dir='ltr'><strong>manebo</strong></span> <span class='ocrx_word' id='word_1_179' title='bbox 1892 2183 1906 2205; x_wconf 95' lang='lat'><strong>,</strong></span> <span class='ocrx_word' id='word_1_180' title='bbox 1935 2150 1982 2194; x_wconf 89' lang='lat' dir='ltr'><strong>et</strong></span> <span class='ocrx_word' id='word_1_181' title='bbox 2009 2157 2124 2200; x_wconf 83' lang='lat' dir='ltr'><strong>ner-</strong></span> 
     </span>
    </p>
   </div>
   <div class='ocr_carea' id='block_1_22' title="bbox 540 2232 2123 2305">
    <p class='ocr_par' dir='ltr' id='par_1_22' title="bbox 540 2232 2123 2305">
     <span class='ocr_line' id='line_1_22' title="bbox 540 2232 2123 2305; baseline -0.003 -14"><span class='ocrx_word' id='word_1_182' title='bbox 540 2236 749 2292; x_wconf 86' lang='lat' dir='ltr'><strong>manebo</strong></span> <span class='ocrx_word' id='word_1_183' title='bbox 775 2235 1003 2290; x_wconf 84' lang='lat' dir='ltr'><strong>omnibus</strong></span> <span class='ocrx_word' id='word_1_184' title='bbox 1029 2237 1165 2288; x_wconf 87' lang='lat' dir='ltr'><strong>vobis</strong></span> <span class='ocrx_word' id='word_1_185' title='bbox 1189 2233 1444 2305; x_wconf 81' lang='lat' dir='ltr'><strong>(Philipp.</strong></span> <span class='ocrx_word' id='word_1_186' title='bbox 1472 2233 1528 2287; x_wconf 83' lang='lat'><strong>2.</strong></span> <span class='ocrx_word' id='word_1_187' title='bbox 1554 2233 1644 2287; x_wconf 69' lang='lat'><strong>24.</strong></span> <span class='ocrx_word' id='word_1_188' title='bbox 1676 2244 1720 2286; x_wconf 88' lang='lat' dir='ltr'><strong>et</strong></span> <span class='ocrx_word' id='word_1_189' title='bbox 1747 2235 1795 2288; x_wconf 75' lang='grc'><strong>1.</strong></span> <span class='ocrx_word' id='word_1_190' title='bbox 1822 2232 1936 2303; x_wconf 83' lang='lat'><strong>25).</strong></span> <span class='ocrx_word' id='word_1_191' title='bbox 1965 2233 2123 2287; x_wconf 87' lang='lat' dir='ltr'><strong>Mise-</strong></span> 
     </span>
    </p>
   </div>
   <div class='ocr_carea' id='block_1_23' title="bbox 538 2326 2119 2396">
    <p class='ocr_par' dir='ltr' id='par_1_23' title="bbox 538 2326 2119 2396">
     <span class='ocr_line' id='line_1_23' title="bbox 538 2326 2119 2396; baseline -0.001 -14"><span class='ocrx_word' id='word_1_192' title='bbox 538 2339 659 2382; x_wconf 85' lang='lat' dir='ltr'><strong>t-ant</strong></span> <span class='ocrx_word' id='word_1_193' title='bbox 699 2340 876 2381; x_wconf 91' lang='lat' dir='ltr'><strong>autem</strong></span> <span class='ocrx_word' id='word_1_194' title='bbox 903 2327 968 2380; x_wconf 90' lang='lat' dir='ltr'><strong>ad</strong></span> <span class='ocrx_word' id='word_1_195' title='bbox 997 2342 1118 2381; x_wconf 90' lang='lat' dir='ltr'><strong>eum</strong></span> <span class='ocrx_word' id='word_1_196' title='bbox 1149 2326 1516 2394; x_wconf 75' lang='lat' dir='ltr'><strong>l’hilippeuses</strong></span> <span class='ocrx_word' id='word_1_197' title='bbox 1547 2326 2002 2394; x_wconf 89' lang='lat' dir='ltr'><strong>Epaphroditum,</strong></span> <span class='ocrx_word' id='word_1_198' title='bbox 2029 2328 2119 2396; x_wconf 88' lang='lat' dir='ltr'><strong>qui</strong></span> 
     </span>
    </p>
   </div>
   <div class='ocr_carea' id='block_1_24' title="bbox 539 2415 2120 2488">
    <p class='ocr_par' dir='ltr' id='par_1_24' title="bbox 539 2415 2120 2488">
     <span class='ocr_line' id='line_1_24' title="bbox 539 2415 2120 2488; baseline 0.001 -19"><span class='ocrx_word' id='word_1_199' title='bbox 539 2419 794 2488; x_wconf 73' lang='lat' dir='ltr'><strong>pecunias</strong></span> <span class='ocrx_word' id='word_1_200' title='bbox 833 2417 899 2469; x_wconf 84' lang='lat' dir='ltr'><strong>ad</strong></span> <span class='ocrx_word' id='word_1_201' title='bbox 943 2416 1115 2483; x_wconf 62' lang='lat' dir='ltr'><strong>ipsum</strong></span> <span class='ocrx_word' id='word_1_202' title='bbox 1159 2415 1409 2480; x_wconf 74' lang='lat' dir='ltr'><strong>afferret,</strong></span> <span class='ocrx_word' id='word_1_203' title='bbox 1453 2425 1508 2468; x_wconf 90' lang='lat' dir='ltr'><strong>et</strong></span> <span class='ocrx_word' id='word_1_204' title='bbox 1546 2431 1652 2484; x_wconf 86' lang='lat' dir='ltr'><strong>quo</strong></span> <span class='ocrx_word' id='word_1_205' title='bbox 1691 2416 1810 2469; x_wconf 90' lang='lat' dir='ltr'><strong>loco</strong></span> <span class='ocrx_word' id='word_1_206' title='bbox 1838 2430 1924 2470; x_wconf 90' lang='lat' dir='ltr'><strong>res</strong></span> <span class='ocrx_word' id='word_1_207' title='bbox 1955 2417 2120 2485; x_wconf 79' lang='lat' dir='ltr'><strong>ipsius</strong></span> 
     </span>
    </p>
   </div>
   <div class='ocr_carea' id='block_1_25' title="bbox 540 2508 2116 2578">
    <p class='ocr_par' dir='ltr' id='par_1_25' title="bbox 540 2508 2116 2578">
     <span class='ocr_line' id='line_1_25' title="bbox 540 2508 2116 2578; baseline -0.001 -15"><span class='ocrx_word' id='word_1_208' title='bbox 540 2518 719 2564; x_wconf 81' lang='lat' dir='ltr'><strong>essent</strong></span> <span class='ocrx_word' id='word_1_209' title='bbox 761 2517 1106 2578; x_wconf 81' lang='lat' dir='ltr'><strong>eogttoscerct</strong></span> <span class='ocrx_word' id='word_1_210' title='bbox 1150 2523 1163 2559; x_wconf 89' lang='lat'><strong>:</strong></span> <span class='ocrx_word' id='word_1_211' title='bbox 1211 2522 1330 2559; x_wconf 87' lang='lat' dir='ltr'><strong>nam</strong></span> <span class='ocrx_word' id='word_1_212' title='bbox 1392 2515 1730 2574; x_wconf 83' lang='lat' dir='ltr'><strong>perantauter</strong></span> <span class='ocrx_word' id='word_1_213' title='bbox 1773 2508 1948 2561; x_wconf 78' lang='lat' dir='ltr'><strong>affecti</strong></span> <span class='ocrx_word' id='word_1_214' title='bbox 1991 2524 2116 2578; x_wconf 89' lang='lat' dir='ltr'><strong>erga</strong></span> 
     </span>
    </p>
   </div>
   <div class='ocr_carea' id='block_1_26' title="bbox 540 2599 2118 2669">
    <p class='ocr_par' dir='ltr' id='par_1_26' title="bbox 540 2599 2118 2669">
     <span class='ocr_line' id='line_1_26' title="bbox 540 2599 2118 2669; baseline 0.003 -14"><span class='ocrx_word' id='word_1_215' title='bbox 540 2602 685 2656; x_wconf 90' lang='lat' dir='ltr'><strong>illum</strong></span> <span class='ocrx_word' id='word_1_216' title='bbox 717 2611 885 2655; x_wconf 89' lang='lat' dir='ltr'><strong>erant.</strong></span> <span class='ocrx_word' id='word_1_217' title='bbox 926 2599 1075 2667; x_wconf 86' lang='lat' dir='ltr'><strong>Quod</strong></span> <span class='ocrx_word' id='word_1_218' title='bbox 1107 2601 1250 2654; x_wconf 90' lang='lat' dir='ltr'><strong>enim</strong></span> <span class='ocrx_word' id='word_1_219' title='bbox 1277 2599 1344 2654; x_wconf 91' lang='lat' dir='ltr'><strong>ab</strong></span> <span class='ocrx_word' id='word_1_220' title='bbox 1370 2599 1474 2653; x_wconf 90' lang='lat' dir='ltr'><strong>illis</strong></span> <span class='ocrx_word' id='word_1_221' title='bbox 1503 2600 1696 2653; x_wconf 80' lang='lat' dir='ltr'><strong>missus</strong></span> <span class='ocrx_word' id='word_1_222' title='bbox 1726 2600 2118 2669; x_wconf 88' lang='lat' dir='ltr'><strong>Epaphroditus</strong></span> 
     </span>
    </p>
   </div>
   <div class='ocr_carea' id='block_1_27' title="bbox 540 2689 2121 2760">
    <p class='ocr_par' dir='ltr' id='par_1_27' title="bbox 540 2689 2121 2760">
     <span class='ocr_line' id='line_1_27' title="bbox 540 2689 2121 2760; baseline 0.002 -14"><span class='ocrx_word' id='word_1_223' title='bbox 540 2692 734 2755; x_wconf 88' lang='lat' dir='ltr'><strong>fuerit,</strong></span> <span class='ocrx_word' id='word_1_224' title='bbox 761 2691 880 2744; x_wconf 88' lang='lat' dir='ltr'><strong>:utdi</strong></span> <span class='ocrx_word' id='word_1_225' title='bbox 913 2693 1082 2760; x_wconf 88' lang='lat' dir='ltr'><strong>ipsum</strong></span> <span class='ocrx_word' id='word_1_226' title='bbox 1111 2689 1372 2745; x_wconf 84' lang='lat' dir='ltr'><strong>dicentem</strong></span> <span class='ocrx_word' id='word_1_227' title='bbox 1401 2710 1413 2744; x_wconf 92' lang='lat'><strong>:</strong></span> <span class='ocrx_word' id='word_1_228' title='bbox 1443 2690 1618 2744; x_wconf 83' lang='lat' dir='ltr'><strong>Habeo</strong></span> <span class='ocrx_word' id='word_1_229' title='bbox 1648 2701 1814 2745; x_wconf 88' lang='lat' dir='ltr'><strong>autem</strong></span> <span class='ocrx_word' id='word_1_230' title='bbox 1840 2694 2039 2760; x_wconf 87' lang='lat' dir='ltr'><strong>omnia,</strong></span> <span class='ocrx_word' id='word_1_231' title='bbox 2073 2706 2121 2749; x_wconf 88' lang='lat' dir='ltr'><strong>et</strong></span> 
     </span>
    </p>
   </div>
   <div class='ocr_carea' id='block_1_28' title="bbox 538 2780 2120 2856">
    <p class='ocr_par' dir='ltr' id='par_1_28' title="bbox 538 2780 2120 2856">
     <span class='ocr_line' id='line_1_28' title="bbox 538 2780 2120 2856; baseline 0.003 -21"><span class='ocrx_word' id='word_1_232' title='bbox 538 2783 740 2836; x_wconf 82' lang='lat' dir='ltr'><strong>abundo</strong></span> <span class='ocrx_word' id='word_1_233' title='bbox 763 2822 778 2844; x_wconf 89' lang='lat'><strong>,</strong></span> <span class='ocrx_word' id='word_1_234' title='bbox 819 2782 1040 2850; x_wconf 82' lang='lat' dir='ltr'><strong>repletus</strong></span> <span class='ocrx_word' id='word_1_235' title='bbox 1078 2798 1189 2834; x_wconf 89' lang='lat' dir='ltr'><strong>sum</strong></span> <span class='ocrx_word' id='word_1_236' title='bbox 1213 2822 1231 2844; x_wconf 91' lang='lat'><strong>,</strong></span> <span class='ocrx_word' id='word_1_237' title='bbox 1274 2782 1491 2850; x_wconf 74' lang='lat' dir='ltr'><strong>acceptis</strong></span> <span class='ocrx_word' id='word_1_238' title='bbox 1530 2780 1591 2834; x_wconf 88' lang='lat' dir='ltr'><strong>ab</strong></span> <span class='ocrx_word' id='word_1_239' title='bbox 1631 2781 1979 2852; x_wconf 78' lang='lat' dir='ltr'><strong>Epaphrodito</strong></span> <span class='ocrx_word' id='word_1_240' title='bbox 2005 2802 2120 2856; x_wconf 82' lang='lat' dir='ltr'><strong>qua:</strong></span> 
     </span>
    </p>
   </div>
   <div class='ocr_carea' id='block_1_29' title="bbox 540 2871 2117 2942">
    <p class='ocr_par' dir='ltr' id='par_1_29' title="bbox 540 2871 2117 2942">
     <span class='ocr_line' id='line_1_29' title="bbox 540 2871 2117 2942; baseline 0.004 -18"><span class='ocrx_word' id='word_1_241' title='bbox 540 2873 745 2924; x_wconf 82' lang='lat' dir='ltr'><strong>misistis</strong></span> <span class='ocrx_word' id='word_1_242' title='bbox 770 2871 1040 2942; x_wconf 85' lang='lat' dir='ltr'><strong>(Philipp.</strong></span> <span class='ocrx_word' id='word_1_243' title='bbox 1073 2873 1125 2925; x_wconf 75' lang='grc'><strong>4.</strong></span> <span class='ocrx_word' id='word_1_244' title='bbox 1159 2872 1282 2941; x_wconf 75' lang='grc'><strong>18).</strong></span> <span class='ocrx_word' id='word_1_245' title='bbox 1315 2871 1396 2926; x_wconf 92' lang='lat' dir='ltr'><strong>Ob</strong></span> <span class='ocrx_word' id='word_1_246' title='bbox 1425 2871 1560 2926; x_wconf 90' lang='lat' dir='ltr'><strong>hanc</strong></span> <span class='ocrx_word' id='word_1_247' title='bbox 1589 2874 1748 2942; x_wconf 79' lang='lat' dir='ltr'><strong>igitur</strong></span> <span class='ocrx_word' id='word_1_248' title='bbox 1771 2889 1982 2929; x_wconf 79' lang='lat' dir='ltr'><strong>causam</strong></span> <span class='ocrx_word' id='word_1_249' title='bbox 2015 2877 2117 2930; x_wconf 87' lang='lat' dir='ltr'><strong>tui-</strong></span> 
     </span>
    </p>
   </div>
   <div class='ocr_carea' id='block_1_30' title="bbox 539 2965 2117 3039">
    <p class='ocr_par' dir='ltr' id='par_1_30' title="bbox 539 2965 2117 3039">
     <span class='ocr_line' id='line_1_30' title="bbox 539 2965 2117 3039; baseline 0.003 -21"><span class='ocrx_word' id='word_1_250' title='bbox 539 2975 740 3031; x_wconf 88' lang='lat' dir='ltr'><strong>scrant,</strong></span> <span class='ocrx_word' id='word_1_251' title='bbox 772 2975 827 3018; x_wconf 91' lang='lat' dir='ltr'><strong>ut</strong></span> <span class='ocrx_word' id='word_1_252' title='bbox 856 2974 910 3019; x_wconf 91' lang='lat' dir='ltr'><strong>et</strong></span> <span class='ocrx_word' id='word_1_253' title='bbox 933 2965 1081 3018; x_wconf 92' lang='lat' dir='ltr'><strong>illum</strong></span> <span class='ocrx_word' id='word_1_254' title='bbox 1112 2965 1537 3031; x_wconf 83' lang='lat' dir='ltr'><strong>consolarentur,</strong></span> <span class='ocrx_word' id='word_1_255' title='bbox 1563 2975 1618 3020; x_wconf 92' lang='lat' dir='ltr'><strong>et</strong></span> <span class='ocrx_word' id='word_1_256' title='bbox 1647 2982 1733 3020; x_wconf 88' lang='lat' dir='ltr'><strong>res</strong></span> <span class='ocrx_word' id='word_1_257' title='bbox 1761 2967 1899 3022; x_wconf 91' lang='lat' dir='ltr'><strong>illius</strong></span> <span class='ocrx_word' id='word_1_258' title='bbox 1923 2983 2117 3039; x_wconf 85' lang='lat' dir='ltr'><strong>cogno-</strong></span> 
     </span>
    </p>
   </div>
   <div class='ocr_carea' id='block_1_31' title="bbox 539 3054 2120 3131">
    <p class='ocr_par' dir='ltr' id='par_1_31' title="bbox 539 3054 2120 3131">
     <span class='ocr_line' id='line_1_31' title="bbox 539 3054 2120 3131; baseline 0.006 -23"><span class='ocrx_word' id='word_1_259' title='bbox 539 3065 770 3109; x_wconf 87' lang='lat' dir='ltr'><strong>scerent.</strong></span> <span class='ocrx_word' id='word_1_260' title='bbox 798 3055 929 3108; x_wconf 87' lang='lat' dir='ltr'><strong>Nam</strong></span> <span class='ocrx_word' id='word_1_261' title='bbox 958 3055 1097 3123; x_wconf 85' lang='lat' dir='ltr'><strong>quod</strong></span> <span class='ocrx_word' id='word_1_262' title='bbox 1127 3065 1178 3109; x_wconf 89' lang='lat' dir='ltr'><strong>ct</strong></span> <span class='ocrx_word' id='word_1_263' title='bbox 1206 3054 1305 3108; x_wconf 88' lang='lat' dir='ltr'><strong>hoc</strong></span> <span class='ocrx_word' id='word_1_264' title='bbox 1327 3057 1590 3126; x_wconf 77' lang='lat' dir='ltr'><strong>cognituri</strong></span> <span class='ocrx_word' id='word_1_265' title='bbox 1621 3059 1892 3125; x_wconf 89' lang='lat' dir='ltr'><strong>miserint,</strong></span> <span class='ocrx_word' id='word_1_266' title='bbox 1918 3059 1969 3113; x_wconf 92' lang='lat' dir='ltr'><strong>in</strong></span> <span class='ocrx_word' id='word_1_267' title='bbox 2004 3065 2120 3131; x_wconf 85' lang='lat' dir='ltr'><strong>ipso</strong></span> 
     </span>
    </p>
   </div>
   <div class='ocr_carea' id='block_1_32' title="bbox 537 3145 2115 3214">
    <p class='ocr_par' dir='ltr' id='par_1_32' title="bbox 537 3145 2115 3214">
     <span class='ocr_line' id='line_1_32' title="bbox 537 3145 2115 3214; baseline 0.003 -14"><span class='ocrx_word' id='word_1_268' title='bbox 537 3146 717 3200; x_wconf 86' lang='lat' dir='ltr'><strong>statim</strong></span> <span class='ocrx_word' id='word_1_269' title='bbox 748 3146 990 3214; x_wconf 73' lang='lat' dir='ltr'><strong>epistola:</strong></span> <span class='ocrx_word' id='word_1_270' title='bbox 1022 3145 1173 3199; x_wconf 88' lang='lat' dir='ltr'><strong>initio</strong></span> <span class='ocrx_word' id='word_1_271' title='bbox 1201 3146 1450 3212; x_wconf 90' lang='lat' dir='ltr'><strong>ostendit,</strong></span> <span class='ocrx_word' id='word_1_272' title='bbox 1481 3147 1547 3201; x_wconf 92' lang='lat' dir='ltr'><strong>de</strong></span> <span class='ocrx_word' id='word_1_273' title='bbox 1573 3163 1670 3202; x_wconf 90' lang='lat' dir='ltr'><strong>suo</strong></span> <span class='ocrx_word' id='word_1_274' title='bbox 1696 3158 1835 3202; x_wconf 91' lang='lat' dir='ltr'><strong>statu</strong></span> <span class='ocrx_word' id='word_1_275' title='bbox 1857 3151 2115 3214; x_wconf 87' lang='lat' dir='ltr'><strong>scribens,</strong></span> 
     </span>
    </p>
   </div>
   <div class='ocr_carea' id='block_1_33' title="bbox 536 3238 2120 3308">
    <p class='ocr_par' dir='ltr' id='par_1_33' title="bbox 536 3238 2120 3308">
     <span class='ocr_line' id='line_1_33' title="bbox 536 3238 2120 3308; baseline 0.004 -16"><span class='ocrx_word' id='word_1_276' title='bbox 536 3254 600 3292; x_wconf 87' lang='lat' dir='ltr'><strong>ac</strong></span> <span class='ocrx_word' id='word_1_277' title='bbox 638 3238 823 3292; x_wconf 84' lang='lat' dir='ltr'><strong>dicens</strong></span> <span class='ocrx_word' id='word_1_278' title='bbox 855 3257 868 3292; x_wconf 94' lang='lat'><strong>:</strong></span> <span class='ocrx_word' id='word_1_279' title='bbox 907 3239 1052 3291; x_wconf 85' lang='lat' dir='ltr'><strong>Scire</strong></span> <span class='ocrx_word' id='word_1_280' title='bbox 1092 3247 1258 3290; x_wconf 88' lang='lat' dir='ltr'><strong>autem</strong></span> <span class='ocrx_word' id='word_1_281' title='bbox 1287 3255 1372 3292; x_wconf 83' lang='lat' dir='ltr'><strong>vos</strong></span> <span class='ocrx_word' id='word_1_282' title='bbox 1408 3240 1520 3292; x_wconf 85' lang='lat' dir='ltr'><strong>volo</strong></span> <span class='ocrx_word' id='word_1_283' title='bbox 1545 3281 1559 3302; x_wconf 93' lang='lat'><strong>,</strong></span> <span class='ocrx_word' id='word_1_284' title='bbox 1587 3241 1705 3308; x_wconf 83' lang='lat' dir='ltr'><strong>quia</strong></span> <span class='ocrx_word' id='word_1_285' title='bbox 1740 3258 1850 3306; x_wconf 75' lang='lat' dir='ltr'><strong>qua:</strong></span> <span class='ocrx_word' id='word_1_286' title='bbox 1876 3244 2010 3296; x_wconf 87' lang='lat' dir='ltr'><strong>circa</strong></span> <span class='ocrx_word' id='word_1_287' title='bbox 2043 3261 2120 3298; x_wconf 88' lang='lat' dir='ltr'><strong>me</strong></span> 
     </span>
    </p>
   </div>
   <div class='ocr_carea' id='block_1_34' title="bbox 537 3329 2116 3404">
    <p class='ocr_par' dir='ltr' id='par_1_34' title="bbox 537 3329 2116 3404">
     <span class='ocr_line' id='line_1_34' title="bbox 537 3329 2116 3404; baseline 0.003 -20"><span class='ocrx_word' id='word_1_288' title='bbox 537 3341 678 3394; x_wconf 86' lang='lat' dir='ltr'><strong>sunt,</strong></span> <span class='ocrx_word' id='word_1_289' title='bbox 717 3331 876 3401; x_wconf 84' lang='lat' dir='ltr'><strong>magis</strong></span> <span class='ocrx_word' id='word_1_290' title='bbox 900 3329 969 3383; x_wconf 90' lang='lat' dir='ltr'><strong>ad</strong></span> <span class='ocrx_word' id='word_1_291' title='bbox 992 3334 1270 3402; x_wconf 77' lang='lat' dir='ltr'><strong>profectum</strong></span> <span class='ocrx_word' id='word_1_292' title='bbox 1299 3341 1537 3385; x_wconf 81' lang='lat' dir='ltr'><strong>venerunt</strong></span> <span class='ocrx_word' id='word_1_293' title='bbox 1563 3333 1808 3401; x_wconf 72' lang='lat' dir='ltr'><strong>euangelii</strong></span> <span class='ocrx_word' id='word_1_294' title='bbox 1833 3337 1850 3404; x_wconf 95' lang='lat'><strong>(</strong></span> <span class='ocrx_word' id='word_1_295' title='bbox 1879 3333 2116 3404; x_wconf 80' lang='lat' dir='ltr'><strong>Philipp.</strong></span> 
     </span>
    </p>
   </div>
   <div class='ocr_carea' id='block_1_35' title="bbox 537 3421 2118 3491">
    <p class='ocr_par' dir='ltr' id='par_1_35' title="bbox 537 3421 2118 3491">
     <span class='ocr_line' id='line_1_35' title="bbox 537 3421 2118 3491; baseline 0.001 -12"><span class='ocrx_word' id='word_1_296' title='bbox 537 3424 592 3478; x_wconf 78' lang='grc'><strong>1.</strong></span> <span class='ocrx_word' id='word_1_297' title='bbox 622 3422 689 3477; x_wconf 78' lang='grc'><strong>19.</strong></span> <span class='ocrx_word' id='word_1_298' title='bbox 711 3422 756 3491; x_wconf 83' lang='grc'>);</span> <span class='ocrx_word' id='word_1_299' title='bbox 782 3432 838 3476; x_wconf 86' lang='lat' dir='ltr'><strong>et</strong></span> <span class='ocrx_word' id='word_1_300' title='bbox 881 3437 1066 3476; x_wconf 87' lang='lat' dir='ltr'><strong>rursus</strong></span> <span class='ocrx_word' id='word_1_301' title='bbox 1089 3464 1104 3487; x_wconf 95' lang='lat'><strong>,</strong></span> <span class='ocrx_word' id='word_1_302' title='bbox 1149 3421 1314 3491; x_wconf 86' lang='lat' dir='ltr'><strong>Spero</strong></span> <span class='ocrx_word' id='word_1_303' title='bbox 1347 3434 1511 3475; x_wconf 82' lang='lat' dir='ltr'><strong>autem</strong></span> <span class='ocrx_word' id='word_1_304' title='bbox 1552 3422 1866 3478; x_wconf 81' lang='lat' dir='ltr'><strong>Timotheum</strong></span> <span class='ocrx_word' id='word_1_305' title='bbox 1905 3442 1984 3479; x_wconf 88' lang='lat' dir='ltr'><strong>me</strong></span> <span class='ocrx_word' id='word_1_306' title='bbox 2020 3427 2118 3480; x_wconf 82' lang='lat' dir='ltr'><strong>cito</strong></span> 
     </span>
    </p>
   </div>
   <div class='ocr_carea' id='block_1_36' title="bbox 537 3513 2120 3587">
    <p class='ocr_par' dir='ltr' id='par_1_36' title="bbox 537 3513 2120 3587">
     <span class='ocr_line' id='line_1_36' title="bbox 537 3513 2120 3587; baseline 0.003 -19"><span class='ocrx_word' id='word_1_307' title='bbox 537 3514 733 3568; x_wconf 86' lang='lat' dir='ltr'><strong>mittere</strong></span> <span class='ocrx_word' id='word_1_308' title='bbox 761 3513 828 3566; x_wconf 90' lang='lat' dir='ltr'><strong>ad</strong></span> <span class='ocrx_word' id='word_1_309' title='bbox 859 3529 964 3576; x_wconf 76' lang='lat' dir='ltr'><strong>vos,</strong></span> <span class='ocrx_word' id='word_1_310' title='bbox 993 3523 1049 3565; x_wconf 91' lang='lat' dir='ltr'><strong>ut</strong></span> <span class='ocrx_word' id='word_1_311' title='bbox 1078 3525 1122 3566; x_wconf 91' lang='lat' dir='ltr'><strong>et</strong></span> <span class='ocrx_word' id='word_1_312' title='bbox 1151 3529 1242 3583; x_wconf 86' lang='lat' dir='ltr'><strong>ego</strong></span> <span class='ocrx_word' id='word_1_313' title='bbox 1273 3513 1402 3566; x_wconf 92' lang='lat' dir='ltr'><strong>bono</strong></span> <span class='ocrx_word' id='word_1_314' title='bbox 1429 3515 1597 3566; x_wconf 83' lang='lat' dir='ltr'><strong>animo</strong></span> <span class='ocrx_word' id='word_1_315' title='bbox 1626 3517 1741 3578; x_wconf 89' lang='lat' dir='ltr'><strong>sim,</strong></span> <span class='ocrx_word' id='word_1_316' title='bbox 1769 3519 1980 3587; x_wconf 82' lang='lat' dir='ltr'><strong>cognitis</strong></span> <span class='ocrx_word' id='word_1_317' title='bbox 2007 3534 2120 3584; x_wconf 64' lang='lat' dir='ltr'><strong>qua:</strong></span> 
     </span>
    </p>
   </div>
   <div class='ocr_carea' id='block_1_37' title="bbox 538 3600 2124 3676">
    <p class='ocr_par' dir='ltr' id='par_1_37' title="bbox 538 3600 2124 3676">
     <span class='ocr_line' id='line_1_37' title="bbox 538 3600 2124 3676; baseline 0.004 -20"><span class='ocrx_word' id='word_1_318' title='bbox 538 3605 672 3657; x_wconf 88' lang='lat' dir='ltr'><strong>circa</strong></span> <span class='ocrx_word' id='word_1_319' title='bbox 697 3619 782 3656; x_wconf 81' lang='lat' dir='ltr'><strong>vos</strong></span> <span class='ocrx_word' id='word_1_320' title='bbox 812 3611 926 3656; x_wconf 87' lang='lat' dir='ltr'><strong>sunt</strong></span> <span class='ocrx_word' id='word_1_321' title='bbox 951 3605 968 3671; x_wconf 92' lang='lat'><strong>(</strong></span> <span class='ocrx_word' id='word_1_322' title='bbox 992 3600 1225 3671; x_wconf 88' lang='lat' dir='ltr'><strong>Philipp.</strong></span> <span class='ocrx_word' id='word_1_323' title='bbox 1253 3603 1309 3655; x_wconf 92' lang='lat'><strong>2.</strong></span> <span class='ocrx_word' id='word_1_324' title='bbox 1342 3603 1408 3657; x_wconf 80' lang='lat' dir='ltr'><strong>l9</strong></span> <span class='ocrx_word' id='word_1_325' title='bbox 1432 3604 1471 3670; x_wconf 95' lang='lat'><strong>).</strong></span> <span class='ocrx_word' id='word_1_326' title='bbox 1509 3604 1574 3658; x_wconf 86' lang='lat' dir='ltr'><strong>Ut</strong></span> <span class='ocrx_word' id='word_1_327' title='bbox 1600 3615 1646 3658; x_wconf 89' lang='lat' dir='ltr'><strong>et</strong></span> <span class='ocrx_word' id='word_1_328' title='bbox 1672 3623 1763 3674; x_wconf 84' lang='lat' dir='ltr'><strong>ego</strong></span> <span class='ocrx_word' id='word_1_329' title='bbox 1786 3648 1800 3670; x_wconf 94' lang='lat'><strong>,</strong></span> <span class='ocrx_word' id='word_1_330' title='bbox 1841 3607 2124 3676; x_wconf 85' lang='lat' dir='ltr'><strong>perSpicue</strong></span> 
     </span>
    </p>
   </div>
   <div class='ocr_carea' id='block_1_38' title="bbox 541 3691 2120 3763">
    <p class='ocr_par' dir='ltr' id='par_1_38' title="bbox 541 3691 2120 3763">
     <span class='ocr_line' id='line_1_38' title="bbox 541 3691 2120 3763; baseline 0.004 -17"><span class='ocrx_word' id='word_1_331' title='bbox 541 3694 642 3747; x_wconf 91' lang='lat' dir='ltr'><strong>hoc</strong></span> <span class='ocrx_word' id='word_1_332' title='bbox 667 3691 929 3763; x_wconf 79' lang='lat' dir='ltr'><strong>significat</strong></span> <span class='ocrx_word' id='word_1_333' title='bbox 954 3709 967 3744; x_wconf 84' lang='lat'>:</span> <span class='ocrx_word' id='word_1_334' title='bbox 993 3700 1052 3745; x_wconf 92' lang='lat' dir='ltr'><strong>ut</strong></span> <span class='ocrx_word' id='word_1_335' title='bbox 1078 3691 1524 3760; x_wconf 86' lang='lat' dir='ltr'><strong>quemadmodum</strong></span> <span class='ocrx_word' id='word_1_336' title='bbox 1553 3709 1668 3759; x_wconf 90' lang='lat' dir='ltr'><strong>vos,</strong></span> <span class='ocrx_word' id='word_1_337' title='bbox 1698 3712 1802 3763; x_wconf 87' lang='lat' dir='ltr'><strong>quo</strong></span> <span class='ocrx_word' id='word_1_338' title='bbox 1830 3698 1978 3752; x_wconf 79' lang='lat' dir='ltr'><strong>vobis</strong></span> <span class='ocrx_word' id='word_1_339' title='bbox 2005 3700 2120 3752; x_wconf 88' lang='lat' dir='ltr'><strong>ani-</strong></span> 
     </span>
    </p>
   </div>
   <div class='ocr_carea' id='block_1_39' title="bbox 541 3783 2121 3856">
    <p class='ocr_par' dir='ltr' id='par_1_39' title="bbox 541 3783 2121 3856">
     <span class='ocr_line' id='line_1_39' title="bbox 541 3783 2121 3856; baseline 0.004 -17"><span class='ocrx_word' id='word_1_340' title='bbox 541 3801 688 3840; x_wconf 90' lang='lat' dir='ltr'><strong>mum</strong></span> <span class='ocrx_word' id='word_1_341' title='bbox 712 3783 1020 3854; x_wconf 81' lang='lat' dir='ltr'><strong>expleretis,</strong></span> <span class='ocrx_word' id='word_1_342' title='bbox 1051 3783 1273 3838; x_wconf 89' lang='lat' dir='ltr'><strong>misistis</strong></span> <span class='ocrx_word' id='word_1_343' title='bbox 1299 3785 1364 3838; x_wconf 89' lang='lat' dir='ltr'><strong>ad</strong></span> <span class='ocrx_word' id='word_1_344' title='bbox 1397 3801 1512 3838; x_wconf 91' lang='lat' dir='ltr'><strong>mea</strong></span> <span class='ocrx_word' id='word_1_345' title='bbox 1537 3789 1906 3856; x_wconf 86' lang='lat' dir='ltr'><strong>cognoscenda</strong></span> <span class='ocrx_word' id='word_1_346' title='bbox 1933 3809 1944 3843; x_wconf 94' lang='lat'>:</span> <span class='ocrx_word' id='word_1_347' title='bbox 1973 3791 2038 3844; x_wconf 84' lang='lat' dir='ltr'><strong>ita</strong></span> <span class='ocrx_word' id='word_1_348' title='bbox 2065 3803 2121 3846; x_wconf 87' lang='lat' dir='ltr'><strong>et</strong></span> 
     </span>
    </p>
   </div>
   <div class='ocr_carea' id='block_1_40' title="bbox 540 3873 2117 3946">
    <p class='ocr_par' dir='ltr' id='par_1_40' title="bbox 540 3873 2117 3946">
     <span class='ocr_line' id='line_1_40' title="bbox 540 3873 2117 3946; baseline 0.004 -16"><span class='ocrx_word' id='word_1_349' title='bbox 540 3891 641 3946; x_wconf 78' lang='lat' dir='ltr'><strong>ego</strong></span> <span class='ocrx_word' id='word_1_350' title='bbox 663 3917 679 3942; x_wconf 97' lang='lat'><strong>,</strong></span> <span class='ocrx_word' id='word_1_351' title='bbox 715 3873 780 3930; x_wconf 87' lang='lat' dir='ltr'><strong>Ut</strong></span> <span class='ocrx_word' id='word_1_352' title='bbox 808 3876 936 3927; x_wconf 89' lang='lat' dir='ltr'><strong>bono</strong></span> <span class='ocrx_word' id='word_1_353' title='bbox 965 3873 1135 3927; x_wconf 85' lang='lat' dir='ltr'><strong>animo</strong></span> <span class='ocrx_word' id='word_1_354' title='bbox 1159 3874 1256 3928; x_wconf 85' lang='lat' dir='ltr'><strong>sint</strong></span> <span class='ocrx_word' id='word_1_355' title='bbox 1279 3916 1295 3940; x_wconf 95' lang='lat'><strong>,</strong></span> <span class='ocrx_word' id='word_1_356' title='bbox 1321 3875 1534 3945; x_wconf 85' lang='lat' dir='ltr'><strong>cognitis</strong></span> <span class='ocrx_word' id='word_1_357' title='bbox 1562 3893 1675 3944; x_wconf 76' lang='lat' dir='ltr'><strong>qua:</strong></span> <span class='ocrx_word' id='word_1_358' title='bbox 1703 3878 1836 3932; x_wconf 84' lang='lat' dir='ltr'><strong>circa</strong></span> <span class='ocrx_word' id='word_1_359' title='bbox 1865 3895 1951 3934; x_wconf 78' lang='lat' dir='ltr'><strong>vos</strong></span> <span class='ocrx_word' id='word_1_360' title='bbox 1978 3895 2117 3936; x_wconf 87' lang='lat' dir='ltr'><strong>sunt.</strong></span> 
     </span>
    </p>
   </div>
   <div class='ocr_carea' id='block_1_41' title="bbox 541 3965 2115 4036">
    <p class='ocr_par' dir='ltr' id='par_1_41' title="bbox 541 3965 2115 4036">
     <span class='ocr_line' id='line_1_41' title="bbox 541 3965 2115 4036; baseline 0.003 -15"><span class='ocrx_word' id='word_1_361' title='bbox 541 3968 802 4034; x_wconf 86' lang='lat' dir='ltr'><strong>Quoniam</strong></span> <span class='ocrx_word' id='word_1_362' title='bbox 841 3966 998 4036; x_wconf 80' lang='lat' dir='ltr'><strong>igitur</strong></span> <span class='ocrx_word' id='word_1_363' title='bbox 1021 3981 1141 4020; x_wconf 93' lang='lat' dir='ltr'><strong>cum</strong></span> <span class='ocrx_word' id='word_1_364' title='bbox 1177 3965 1335 4036; x_wconf 89' lang='lat' dir='ltr'><strong>longo</strong></span> <span class='ocrx_word' id='word_1_365' title='bbox 1356 3965 1464 4035; x_wconf 91' lang='lat' dir='ltr'><strong>jam</strong></span> <span class='ocrx_word' id='word_1_366' title='bbox 1495 3967 1774 4024; x_wconf 89' lang='lat' dir='ltr'><strong>intervallo</strong></span> <span class='ocrx_word' id='word_1_367' title='bbox 1801 3987 1906 4025; x_wconf 91' lang='lat' dir='ltr'><strong>non</strong></span> <span class='ocrx_word' id='word_1_368' title='bbox 1939 3972 2115 4026; x_wconf 69' lang='lat' dir='ltr'><strong>misis-</strong></span> 
     </span>
    </p>
   </div>
   <div class='ocr_carea' id='block_1_42' title="bbox 541 4059 2115 4132">
    <p class='ocr_par' dir='ltr' id='par_1_42' title="bbox 541 4059 2115 4132">
     <span class='ocr_line' id='line_1_42' title="bbox 541 4059 2115 4132; baseline 0.003 -18"><span class='ocrx_word' id='word_1_369' title='bbox 541 4070 682 4124; x_wconf 88' lang='lat' dir='ltr'><strong>sent,</strong></span> <span class='ocrx_word' id='word_1_370' title='bbox 711 4059 804 4114; x_wconf 89' lang='lat' dir='ltr'><strong>scd</strong></span> <span class='ocrx_word' id='word_1_371' title='bbox 838 4068 962 4112; x_wconf 92' lang='lat' dir='ltr'><strong>tunc</strong></span> <span class='ocrx_word' id='word_1_372' title='bbox 993 4059 1247 4113; x_wconf 86' lang='lat' dir='ltr'><strong>miserant</strong></span> <span class='ocrx_word' id='word_1_373' title='bbox 1271 4059 1346 4128; x_wconf 90' lang='lat' dir='ltr'><strong>(id</strong></span> <span class='ocrx_word' id='word_1_374' title='bbox 1374 4059 1516 4113; x_wconf 89' lang='lat' dir='ltr'><strong>enim</strong></span> <span class='ocrx_word' id='word_1_375' title='bbox 1545 4060 1743 4115; x_wconf 89' lang='lat' dir='ltr'><strong>indicat</strong></span> <span class='ocrx_word' id='word_1_376' title='bbox 1770 4062 1871 4117; x_wconf 92' lang='lat' dir='ltr'><strong>illis</strong></span> <span class='ocrx_word' id='word_1_377' title='bbox 1899 4065 2115 4132; x_wconf 77' lang='lat' dir='ltr'><strong>verbis,</strong></span> 
     </span>
    </p>
   </div>
   <div class='ocr_carea' id='block_1_43' title="bbox 542 4149 2120 4219">
    <p class='ocr_par' dir='ltr' id='par_1_43' title="bbox 542 4149 2120 4219">
     <span class='ocr_line' id='line_1_43' title="bbox 542 4149 2120 4219; baseline 0.005 -17"><span class='ocrx_word' id='word_1_378' title='bbox 542 4150 792 4216; x_wconf 79' lang='lat' dir='ltr'><strong>Quoniam</strong></span> <span class='ocrx_word' id='word_1_379' title='bbox 828 4149 1029 4201; x_wconf 87' lang='lat' dir='ltr'><strong>tandem</strong></span> <span class='ocrx_word' id='word_1_380' title='bbox 1068 4150 1343 4219; x_wconf 83' lang='lat' dir='ltr'><strong>aliquando</strong></span> <span class='ocrx_word' id='word_1_381' title='bbox 1380 4151 1678 4218; x_wconf 81' lang='lat' dir='ltr'><strong>reﬂoruistis</strong></span> <span class='ocrx_word' id='word_1_382' title='bbox 1715 4170 1908 4219; x_wconf 87' lang='lat' dir='ltr'><strong>prome</strong></span> <span class='ocrx_word' id='word_1_383' title='bbox 1935 4157 2120 4210; x_wconf 88' lang='lat' dir='ltr'><strong>sentire</strong></span> 
     </span>
    </p>
   </div>
   <div class='ocr_carea' id='block_1_44' title="bbox 541 4240 2119 4315">
    <p class='ocr_par' dir='ltr' id='par_1_44' title="bbox 541 4240 2119 4315">
     <span class='ocr_line' id='line_1_44' title="bbox 541 4240 2119 4315; baseline 0.005 -20"><span class='ocrx_word' id='word_1_384' title='bbox 541 4243 800 4315; x_wconf 71' lang='lat' dir='ltr'><strong>(Philipp.</strong></span> <span class='ocrx_word' id='word_1_385' title='bbox 828 4243 881 4296; x_wconf 70' lang='grc'><strong>4.</strong></span> <span class='ocrx_word' id='word_1_386' title='bbox 914 4240 1022 4314; x_wconf 73' lang='lat'><strong>12])</strong></span> <span class='ocrx_word' id='word_1_387' title='bbox 1048 4260 1062 4306; x_wconf 91' lang='lat'><strong>;</strong></span> <span class='ocrx_word' id='word_1_388' title='bbox 1095 4242 1483 4311; x_wconf 86' lang='lat' dir='ltr'><strong>audiehantque</strong></span> <span class='ocrx_word' id='word_1_389' title='bbox 1509 4253 1634 4298; x_wconf 91' lang='lat' dir='ltr'><strong>tunc</strong></span> <span class='ocrx_word' id='word_1_390' title='bbox 1664 4245 1834 4315; x_wconf 89' lang='lat' dir='ltr'><strong>ipsum</strong></span> <span class='ocrx_word' id='word_1_391' title='bbox 1863 4247 1912 4300; x_wconf 93' lang='lat' dir='ltr'><strong>in</strong></span> <span class='ocrx_word' id='word_1_392' title='bbox 1937 4249 2119 4302; x_wconf 87' lang='lat' dir='ltr'><strong>vincu-</strong></span> 
     </span>
    </p>
   </div>
   <div class='ocr_carea' id='block_1_45' title="bbox 543 4332 2116 4405">
    <p class='ocr_par' dir='ltr' id='par_1_45' title="bbox 543 4332 2116 4405">
     <span class='ocr_line' id='line_1_45' title="bbox 543 4332 2116 4405; baseline 0.004 -17"><span class='ocrx_word' id='word_1_393' title='bbox 543 4337 608 4390; x_wconf 87' lang='lat' dir='ltr'><strong>lis</strong></span> <span class='ocrx_word' id='word_1_394' title='bbox 643 4350 763 4390; x_wconf 84' lang='lat' dir='ltr'><strong>esse</strong></span> <span class='ocrx_word' id='word_1_395' title='bbox 793 4332 948 4405; x_wconf 88' lang='lat' dir='ltr'><strong>(nam</strong></span> <span class='ocrx_word' id='word_1_396' title='bbox 976 4335 1019 4388; x_wconf 87' lang='lat' dir='ltr'><strong>si</strong></span> <span class='ocrx_word' id='word_1_397' title='bbox 1049 4335 1114 4388; x_wconf 92' lang='lat' dir='ltr'><strong>de</strong></span> <span class='ocrx_word' id='word_1_398' title='bbox 1145 4335 1492 4404; x_wconf 74' lang='lat' dir='ltr'><strong>Epaphi-aditi</strong></span> <span class='ocrx_word' id='word_1_399' title='bbox 1525 4337 1658 4390; x_wconf 89' lang='lat' dir='ltr'><strong>tnala</strong></span> <span class='ocrx_word' id='word_1_400' title='bbox 1690 4338 1989 4394; x_wconf 87' lang='lat' dir='ltr'><strong>valetudine</strong></span> <span class='ocrx_word' id='word_1_401' title='bbox 2019 4358 2116 4396; x_wconf 86' lang='lat' dir='ltr'><strong>au-</strong></span> 
     </span>
    </p>
   </div>
   <div class='ocr_carea' id='block_1_46' title="bbox 539 4424 2119 4497">
    <p class='ocr_par' dir='ltr' id='par_1_46' title="bbox 539 4424 2119 4497">
     <span class='ocr_line' id='line_1_46' title="bbox 539 4424 2119 4497; baseline 0.004 -18"><span class='ocrx_word' id='word_1_402' title='bbox 539 4425 768 4487; x_wconf 89' lang='lat' dir='ltr'><strong>dierant,</strong></span> <span class='ocrx_word' id='word_1_403' title='bbox 788 4424 1018 4479; x_wconf 87' lang='lat' dir='ltr'><strong>hominis</strong></span> <span class='ocrx_word' id='word_1_404' title='bbox 1035 4441 1137 4477; x_wconf 90' lang='lat' dir='ltr'><strong>non</strong></span> <span class='ocrx_word' id='word_1_405' title='bbox 1161 4424 1313 4478; x_wconf 87' lang='lat' dir='ltr'><strong>valde</strong></span> <span class='ocrx_word' id='word_1_406' title='bbox 1329 4425 1482 4489; x_wconf 87' lang='lat' dir='ltr'><strong>clari,</strong></span> <span class='ocrx_word' id='word_1_407' title='bbox 1500 4427 1671 4494; x_wconf 88' lang='lat' dir='ltr'><strong>quatis</strong></span> <span class='ocrx_word' id='word_1_408' title='bbox 1690 4427 1905 4497; x_wconf 88' lang='lat' dir='ltr'><strong>quidem</strong></span> <span class='ocrx_word' id='word_1_409' title='bbox 1926 4429 2119 4486; x_wconf 79' lang='lat' dir='ltr'><strong>Paulus</strong></span> 
     </span>
    </p>
   </div>
   <div class='ocr_carea' id='block_1_47' title="bbox 540 4514 2121 4586">
    <p class='ocr_par' dir='ltr' id='par_1_47' title="bbox 540 4514 2121 4586">
     <span class='ocr_line' id='line_1_47' title="bbox 540 4514 2121 4586; baseline 0.004 -15"><span class='ocrx_word' id='word_1_410' title='bbox 540 4514 656 4571; x_wconf 84' lang='lat' dir='ltr'><strong>erat</strong></span> <span class='ocrx_word' id='word_1_411' title='bbox 677 4557 694 4582; x_wconf 92' lang='lat'><strong>,</strong></span> <span class='ocrx_word' id='word_1_412' title='bbox 734 4518 899 4572; x_wconf 89' lang='lat' dir='ltr'><strong>multo</strong></span> <span class='ocrx_word' id='word_1_413' title='bbox 927 4518 1095 4586; x_wconf 82' lang='lat' dir='ltr'><strong>magis</strong></span> <span class='ocrx_word' id='word_1_414' title='bbox 1124 4517 1190 4570; x_wconf 90' lang='lat' dir='ltr'><strong>de</strong></span> <span class='ocrx_word' id='word_1_415' title='bbox 1217 4515 1451 4584; x_wconf 84' lang='lat' dir='ltr'><strong>Paulo);</strong></span> <span class='ocrx_word' id='word_1_416' title='bbox 1479 4528 1532 4571; x_wconf 90' lang='lat' dir='ltr'><strong>et</strong></span> <span class='ocrx_word' id='word_1_417' title='bbox 1559 4530 1972 4576; x_wconf 80' lang='lat' dir='ltr'><strong>consentaneum</strong></span> <span class='ocrx_word' id='word_1_418' title='bbox 2005 4536 2121 4578; x_wconf 91' lang='lat' dir='ltr'><strong>erat</strong></span> 
     </span>
    </p>
   </div>
   <div class='ocr_carea' id='block_1_48' title="bbox 543 4607 2117 4679">
    <p class='ocr_par' dir='ltr' id='par_1_48' title="bbox 543 4607 2117 4679">
     <span class='ocr_line' id='line_1_48' title="bbox 543 4607 2117 4679; baseline 0.004 -17"><span class='ocrx_word' id='word_1_419' title='bbox 543 4609 688 4679; x_wconf 85' lang='lat' dir='ltr'><strong>ipsos</strong></span> <span class='ocrx_word' id='word_1_420' title='bbox 711 4608 1010 4677; x_wconf 83' lang='lat' dir='ltr'><strong>perturbari</strong></span> <span class='ocrx_word' id='word_1_421' title='bbox 1031 4624 1046 4671; x_wconf 90' lang='lat'><strong>;</strong></span> <span class='ocrx_word' id='word_1_422' title='bbox 1066 4607 1266 4662; x_wconf 89' lang='lat' dir='ltr'><strong>idcirco</strong></span> <span class='ocrx_word' id='word_1_423' title='bbox 1284 4609 1334 4662; x_wconf 91' lang='lat' dir='ltr'><strong>in</strong></span> <span class='ocrx_word' id='word_1_424' title='bbox 1358 4610 1596 4677; x_wconf 65' lang='lat' dir='ltr'><strong>cpistola:</strong></span> <span class='ocrx_word' id='word_1_425' title='bbox 1614 4614 1874 4679; x_wconf 82' lang='lat' dir='ltr'><strong>procemio</strong></span> <span class='ocrx_word' id='word_1_426' title='bbox 1899 4615 2117 4669; x_wconf 91' lang='lat' dir='ltr'><strong>multam</strong></span> 
     </span>
    </p>
   </div>
   <div class='ocr_carea' id='block_1_49' title="bbox 545 4698 2122 4768">
    <p class='ocr_par' dir='ltr' id='par_1_49' title="bbox 545 4698 2122 4768">
     <span class='ocr_line' id='line_1_49' title="bbox 545 4698 2122 4768; baseline 0.003 -14"><span class='ocrx_word' id='word_1_427' title='bbox 545 4699 749 4755; x_wconf 87' lang='lat' dir='ltr'><strong>inducit</strong></span> <span class='ocrx_word' id='word_1_428' title='bbox 788 4698 1206 4752; x_wconf 84' lang='lat' dir='ltr'><strong>consolationem</strong></span> <span class='ocrx_word' id='word_1_429' title='bbox 1250 4714 1344 4766; x_wconf 90' lang='lat' dir='ltr'><strong>pro</strong></span> <span class='ocrx_word' id='word_1_430' title='bbox 1374 4699 1503 4768; x_wconf 88' lang='lat' dir='ltr'><strong>ipsis</strong></span> <span class='ocrx_word' id='word_1_431' title='bbox 1527 4701 1638 4754; x_wconf 91' lang='lat' dir='ltr'><strong>suis</strong></span> <span class='ocrx_word' id='word_1_432' title='bbox 1665 4703 1909 4768; x_wconf 89' lang='lat' dir='ltr'><strong>vinculis,</strong></span> <span class='ocrx_word' id='word_1_433' title='bbox 1939 4714 2122 4760; x_wconf 83' lang='lat' dir='ltr'><strong>osten-</strong></span> 
     </span>
    </p>
   </div>
   <div class='ocr_carea' id='block_1_50' title="bbox 541 4788 2123 4861">
    <p class='ocr_par' dir='ltr' id='par_1_50' title="bbox 541 4788 2123 4861">
     <span class='ocr_line' id='line_1_50' title="bbox 541 4788 2123 4861; baseline 0.003 -16"><span class='ocrx_word' id='word_1_434' title='bbox 541 4791 673 4846; x_wconf 87' lang='lat' dir='ltr'><strong>dens</strong></span> <span class='ocrx_word' id='word_1_435' title='bbox 702 4798 904 4843; x_wconf 86' lang='lat' dir='ltr'><strong>tantum</strong></span> <span class='ocrx_word' id='word_1_436' title='bbox 935 4788 1125 4843; x_wconf 80' lang='lat' dir='ltr'><strong>abesse</strong></span> <span class='ocrx_word' id='word_1_437' title='bbox 1151 4830 1164 4853; x_wconf 96' lang='lat'><strong>,</strong></span> <span class='ocrx_word' id='word_1_438' title='bbox 1195 4798 1251 4841; x_wconf 92' lang='lat' dir='ltr'><strong>ut</strong></span> <span class='ocrx_word' id='word_1_439' title='bbox 1283 4788 1405 4842; x_wconf 88' lang='lat' dir='ltr'><strong>inde</strong></span> <span class='ocrx_word' id='word_1_440' title='bbox 1433 4791 1724 4858; x_wconf 89' lang='lat' dir='ltr'><strong>perturbari</strong></span> <span class='ocrx_word' id='word_1_441' title='bbox 1754 4805 1994 4861; x_wconf 88' lang='lat' dir='ltr'><strong>oporteat</strong></span> <span class='ocrx_word' id='word_1_442' title='bbox 2019 4837 2033 4860; x_wconf 94' lang='lat'><strong>,</strong></span> <span class='ocrx_word' id='word_1_443' title='bbox 2066 4806 2123 4850; x_wconf 91' lang='lat' dir='ltr'><strong>ut</strong></span> 
     </span>
    </p>
   </div>
   <div class='ocr_carea' id='block_1_51' title="bbox 540 4879 2124 4951">
    <p class='ocr_par' dir='ltr' id='par_1_51' title="bbox 540 4879 2124 4951">
     <span class='ocr_line' id='line_1_51' title="bbox 540 4879 2124 4951; baseline 0.003 -17"><span class='ocrx_word' id='word_1_444' title='bbox 540 4881 878 4951; x_wconf 85' lang='lat' dir='ltr'><strong>gaudendum</strong></span> <span class='ocrx_word' id='word_1_445' title='bbox 913 4879 1084 4948; x_wconf 81' lang='lat' dir='ltr'><strong>potius</strong></span> <span class='ocrx_word' id='word_1_446' title='bbox 1113 4880 1200 4932; x_wconf 87' lang='lat' dir='ltr'><strong>sit.</strong></span> <span class='ocrx_word' id='word_1_447' title='bbox 1235 4879 1438 4934; x_wconf 87' lang='lat' dir='ltr'><strong>Deinde</strong></span> <span class='ocrx_word' id='word_1_448' title='bbox 1465 4881 1744 4935; x_wconf 90' lang='lat' dir='ltr'><strong>consilium</strong></span> <span class='ocrx_word' id='word_1_449' title='bbox 1775 4884 1876 4937; x_wconf 89' lang='lat' dir='ltr'><strong>illis</strong></span> <span class='ocrx_word' id='word_1_450' title='bbox 1905 4885 2033 4950; x_wconf 89' lang='lat' dir='ltr'><strong>dat,</strong></span> <span class='ocrx_word' id='word_1_451' title='bbox 2067 4897 2124 4940; x_wconf 89' lang='lat' dir='ltr'><strong>ut</strong></span> 
     </span>
    </p>
   </div>
   <div class='ocr_carea' id='block_1_52' title="bbox 542 4970 2123 5041">
    <p class='ocr_par' dir='ltr' id='par_1_52' title="bbox 542 4970 2123 5041">
     <span class='ocr_line' id='line_1_52' title="bbox 542 4970 2123 5041; baseline 0.001 -12"><span class='ocrx_word' id='word_1_452' title='bbox 542 4975 703 5029; x_wconf 86' lang='lat' dir='ltr'><strong>etiam</strong></span> <span class='ocrx_word' id='word_1_453' title='bbox 729 4972 1069 5028; x_wconf 90' lang='lat' dir='ltr'><strong>concordiam</strong></span> <span class='ocrx_word' id='word_1_454' title='bbox 1096 4980 1258 5040; x_wconf 87' lang='lat' dir='ltr'><strong>atque</strong></span> <span class='ocrx_word' id='word_1_455' title='bbox 1285 4970 1635 5026; x_wconf 89' lang='lat' dir='ltr'><strong>humilitatem</strong></span> <span class='ocrx_word' id='word_1_456' title='bbox 1659 4973 1859 5041; x_wconf 88' lang='lat' dir='ltr'><strong>colant,</strong></span> <span class='ocrx_word' id='word_1_457' title='bbox 1889 4975 1992 5030; x_wconf 87' lang='lat' dir='ltr'><strong>hoc</strong></span> <span class='ocrx_word' id='word_1_458' title='bbox 2019 4977 2123 5031; x_wconf 91' lang='lat' dir='ltr'><strong>illis</strong></span> 
     </span>
    </p>
   </div>
   <div class='ocr_carea' id='block_1_53' title="bbox 543 5061 2123 5134">
    <p class='ocr_par' dir='ltr' id='par_1_53' title="bbox 543 5061 2123 5134">
     <span class='ocr_line' id='line_1_53' title="bbox 543 5061 2123 5134; baseline 0.002 -15"><span class='ocrx_word' id='word_1_459' title='bbox 543 5065 866 5119; x_wconf 89' lang='lat' dir='ltr'><strong>tutissimum</strong></span> <span class='ocrx_word' id='word_1_460' title='bbox 894 5078 1013 5117; x_wconf 89' lang='lat' dir='ltr'><strong>esse</strong></span> <span class='ocrx_word' id='word_1_461' title='bbox 1037 5061 1339 5132; x_wconf 74' lang='lat' dir='ltr'><strong>praesidium</strong></span> <span class='ocrx_word' id='word_1_462' title='bbox 1363 5061 1590 5128; x_wconf 80' lang='lat' dir='ltr'><strong>docens,</strong></span> <span class='ocrx_word' id='word_1_463' title='bbox 1608 5073 1768 5134; x_wconf 89' lang='lat' dir='ltr'><strong>atque</strong></span> <span class='ocrx_word' id='word_1_464' title='bbox 1795 5065 1893 5118; x_wconf 86' lang='lat' dir='ltr'><strong>hac</strong></span> <span class='ocrx_word' id='word_1_465' title='bbox 1919 5065 2123 5122; x_wconf 88' lang='lat' dir='ltr'><strong>ratione</strong></span> 
     </span>
    </p>
   </div>
   <div class='ocr_carea' id='block_1_54' title="bbox 545 5154 2121 5224">
    <p class='ocr_par' dir='ltr' id='par_1_54' title="bbox 545 5154 2121 5224">
     <span class='ocr_line' id='line_1_54' title="bbox 545 5154 2121 5224; baseline 0.003 -18"><span class='ocrx_word' id='word_1_466' title='bbox 545 5155 700 5208; x_wconf 82' lang='lat' dir='ltr'><strong>facile</strong></span> <span class='ocrx_word' id='word_1_467' title='bbox 741 5156 860 5209; x_wconf 91' lang='lat' dir='ltr'><strong>illos</strong></span> <span class='ocrx_word' id='word_1_468' title='bbox 897 5155 1124 5211; x_wconf 88' lang='lat' dir='ltr'><strong>inimicis</strong></span> <span class='ocrx_word' id='word_1_469' title='bbox 1159 5154 1270 5209; x_wconf 93' lang='lat' dir='ltr'><strong>suis</strong></span> <span class='ocrx_word' id='word_1_470' title='bbox 1308 5155 1613 5224; x_wconf 88' lang='lat' dir='ltr'><strong>superiores</strong></span> <span class='ocrx_word' id='word_1_471' title='bbox 1649 5154 1765 5209; x_wconf 90' lang='lat' dir='ltr'><strong>fieri</strong></span> <span class='ocrx_word' id='word_1_472' title='bbox 1803 5171 1979 5224; x_wconf 85' lang='lat' dir='ltr'><strong>posse.</strong></span> <span class='ocrx_word' id='word_1_473' title='bbox 2006 5157 2121 5213; x_wconf 87' lang='lat' dir='ltr'><strong>Non</strong></span> 
     </span>
    </p>
   </div>
   <div class='ocr_carea' id='block_1_55' title="bbox 548 5245 2119 5315">
    <p class='ocr_par' dir='ltr' id='par_1_55' title="bbox 548 5245 2119 5315">
     <span class='ocr_line' id='line_1_55' title="bbox 548 5245 2119 5315; baseline 0.003 -16"><span class='ocrx_word' id='word_1_474' title='bbox 548 5245 690 5299; x_wconf 84' lang='lat' dir='ltr'><strong>enim</strong></span> <span class='ocrx_word' id='word_1_475' title='bbox 712 5245 1015 5302; x_wconf 86' lang='lat' dir='ltr'><strong>doctoribus</strong></span> <span class='ocrx_word' id='word_1_476' title='bbox 1035 5247 1229 5302; x_wconf 85' lang='lat' dir='ltr'><strong>vestris</strong></span> <span class='ocrx_word' id='word_1_477' title='bbox 1255 5247 1535 5301; x_wconf 88' lang='lat' dir='ltr'><strong>molestum</strong></span> <span class='ocrx_word' id='word_1_478' title='bbox 1557 5257 1640 5302; x_wconf 90' lang='lat' dir='ltr'><strong>est</strong></span> <span class='ocrx_word' id='word_1_479' title='bbox 1661 5248 1712 5301; x_wconf 92' lang='lat' dir='ltr'><strong>in</strong></span> <span class='ocrx_word' id='word_1_480' title='bbox 1737 5248 1959 5303; x_wconf 88' lang='lat' dir='ltr'><strong>vinculis</strong></span> <span class='ocrx_word' id='word_1_481' title='bbox 1979 5265 2119 5315; x_wconf 57' lang='lat' dir='ltr'><strong>esse,</strong></span> 
     </span>
    </p>
   </div>
   <div class='ocr_carea' id='block_1_56' title="bbox 546 5333 2122 5403">
    <p class='ocr_par' dir='ltr' id='par_1_56' title="bbox 546 5333 2122 5403">
     <span class='ocr_line' id='line_1_56' title="bbox 546 5333 2122 5403; baseline 0.004 -15"><span class='ocrx_word' id='word_1_482' title='bbox 546 5335 640 5388; x_wconf 87' lang='lat' dir='ltr'><strong>sed</strong></span> <span class='ocrx_word' id='word_1_483' title='bbox 664 5333 950 5403; x_wconf 77' lang='lat' dir='ltr'><strong>discipulos</strong></span> <span class='ocrx_word' id='word_1_484' title='bbox 973 5337 1109 5389; x_wconf 75' lang='lat' dir='ltr'><strong>inter</strong></span> <span class='ocrx_word' id='word_1_485' title='bbox 1127 5351 1186 5392; x_wconf 87' lang='lat' dir='ltr'><strong>se</strong></span> <span class='ocrx_word' id='word_1_486' title='bbox 1208 5337 1426 5390; x_wconf 90' lang='lat' dir='ltr'><strong>minime</strong></span> <span class='ocrx_word' id='word_1_487' title='bbox 1447 5336 1739 5392; x_wconf 88' lang='lat' dir='ltr'><strong>concordes</strong></span> <span class='ocrx_word' id='word_1_488' title='bbox 1762 5338 1961 5393; x_wconf 89' lang='lat' dir='ltr'><strong>videre.</strong></span> <span class='ocrx_word' id='word_1_489' title='bbox 1987 5338 2122 5395; x_wconf 84' lang='lat' dir='ltr'><strong>Illud</strong></span> 
     </span>
    </p>
   </div>
   <div class='ocr_carea' id='block_1_57' title="bbox 545 5425 2125 5498">
    <p class='ocr_par' dir='ltr' id='par_1_57' title="bbox 545 5425 2125 5498">
     <span class='ocr_line' id='line_1_57' title="bbox 545 5425 2125 5498; baseline 0.003 -17"><span class='ocrx_word' id='word_1_490' title='bbox 545 5427 691 5482; x_wconf 86' lang='lat' dir='ltr'><strong>enim</strong></span> <span class='ocrx_word' id='word_1_491' title='bbox 719 5425 798 5479; x_wconf 90' lang='lat' dir='ltr'><strong>vel</strong></span> <span class='ocrx_word' id='word_1_492' title='bbox 825 5425 890 5479; x_wconf 87' lang='lat' dir='ltr'><strong>ad</strong></span> <span class='ocrx_word' id='word_1_493' title='bbox 918 5427 1314 5496; x_wconf 83' lang='lat' dir='ltr'><strong>provehendam</strong></span> <span class='ocrx_word' id='word_1_494' title='bbox 1339 5428 1669 5498; x_wconf 80' lang='lat' dir='ltr'><strong>evangelium</strong></span> <span class='ocrx_word' id='word_1_495' title='bbox 1694 5429 1850 5492; x_wconf 88' lang='lat' dir='ltr'><strong>facit;</strong></span> <span class='ocrx_word' id='word_1_496' title='bbox 1880 5429 1979 5485; x_wconf 89' lang='lat' dir='ltr'><strong>hoc</strong></span> <span class='ocrx_word' id='word_1_497' title='bbox 1999 5447 2125 5486; x_wconf 87' lang='lat' dir='ltr'><strong>vero</strong></span> 
     </span>
    </p>
   </div>
   <div class='ocr_carea' id='block_1_58' title="bbox 547 5516 1063 5571">
    <p class='ocr_par' dir='ltr' id='par_1_58' title="bbox 547 5516 1063 5571">
     <span class='ocr_line' id='line_1_58' title="bbox 547 5516 1063 5571; baseline 0.002 -2"><span class='ocrx_word' id='word_1_498' title='bbox 547 5516 613 5571; x_wconf 83' lang='lat' dir='ltr'><strong>ad</strong></span> <span class='ocrx_word' id='word_1_499' title='bbox 637 5516 1063 5570; x_wconf 84' lang='lat' dir='ltr'><strong>disturbatnlum.</strong></span> 
     </span>
    </p>
   </div>
   <div class='ocr_carea' id='block_1_59' title="bbox 621 5607 2124 5684">
    <p class='ocr_par' dir='ltr' id='par_1_59' title="bbox 621 5607 2124 5684">
     <span class='ocr_line' id='line_1_59' title="bbox 621 5607 2124 5684; baseline 0.004 -26"><span class='ocrx_word' id='word_1_500' title='bbox 621 5607 677 5658; x_wconf 71' lang='lat'><strong>2.</strong></span> <span class='ocrx_word' id='word_1_501' title='bbox 706 5608 970 5673; x_wconf 85' lang='lat' dir='ltr'><strong>Quomodo</strong></span> <span class='ocrx_word' id='word_1_502' title='bbox 998 5607 1194 5662; x_wconf 82' lang='lat' dir='ltr'><strong>Paulus</strong></span> <span class='ocrx_word' id='word_1_503' title='bbox 1211 5609 1262 5661; x_wconf 90' lang='lat' dir='ltr'><strong>in</strong></span> <span class='ocrx_word' id='word_1_504' title='bbox 1287 5610 1501 5678; x_wconf 82' lang='lat' dir='ltr'><strong>epistola</strong></span> <span class='ocrx_word' id='word_1_505' title='bbox 1517 5627 1608 5664; x_wconf 88' lang='lat' dir='ltr'><strong>sua</strong></span> <span class='ocrx_word' id='word_1_506' title='bbox 1635 5610 1890 5684; x_wconf 74' lang='lat' dir='ltr'><strong>procedat.</strong></span> <span class='ocrx_word' id='word_1_507' title='bbox 1914 5610 2124 5679; x_wconf 82' lang='lat' dir='ltr'><strong>Philip-</strong></span> 
     </span>
    </p>
   </div>
   <div class='ocr_carea' id='block_1_60' title="bbox 549 5697 2118 5768">
    <p class='ocr_par' dir='ltr' id='par_1_60' title="bbox 549 5697 2118 5768">
     <span class='ocr_line' id='line_1_60' title="bbox 549 5697 2118 5768; baseline 0.006 -21"><span class='ocrx_word' id='word_1_508' title='bbox 549 5697 782 5765; x_wconf 80' lang='lat' dir='ltr'><strong>pensium</strong></span> <span class='ocrx_word' id='word_1_509' title='bbox 814 5697 1006 5750; x_wconf 79' lang='lat' dir='ltr'><strong>laudes.</strong></span> <span class='ocrx_word' id='word_1_510' title='bbox 1038 5729 1107 5739; x_wconf 97' lang='lat'>—</span> <span class='ocrx_word' id='word_1_511' title='bbox 1139 5699 1270 5751; x_wconf 67' lang='lat' dir='ltr'><strong>(ltun</strong></span> <span class='ocrx_word' id='word_1_512' title='bbox 1303 5699 1460 5768; x_wconf 82' lang='lat' dir='ltr'><strong>igitur</strong></span> <span class='ocrx_word' id='word_1_513' title='bbox 1509 5701 1626 5755; x_wconf 89' lang='lat' dir='ltr'><strong>illos</strong></span> <span class='ocrx_word' id='word_1_514' title='bbox 1663 5701 1730 5753; x_wconf 89' lang='lat' dir='ltr'><strong>ad</strong></span> <span class='ocrx_word' id='word_1_515' title='bbox 1775 5702 2118 5757; x_wconf 88' lang='lat' dir='ltr'><strong>concordiam</strong></span> 
     </span>
    </p>
   </div>
   <div class='ocr_carea' id='block_1_61' title="bbox 1213 263 3016 351">
    <p class='ocr_par' dir='ltr' id='par_1_61' title="bbox 1213 263 3016 351">
     <span class='ocr_line' id='line_1_61' title="bbox 1213 263 3016 351; baseline -0.006 -1"><span class='ocrx_word' id='word_1_516' title='bbox 1213 294 1270 351; x_wconf 91' lang='lat' dir='ltr'><strong>S.</strong></span> <span class='ocrx_word' id='word_1_517' title='bbox 1309 263 1584 349; x_wconf 60' lang='lat' dir='ltr'><strong>JOhNNlS</strong></span> <span class='ocrx_word' id='word_1_518' title='bbox 1618 285 2094 346; x_wconf 66' lang='lat' dir='ltr'><strong>Clll‘tYSOSTOMl</strong></span> <span class='ocrx_word' id='word_1_519' title='bbox 2133 283 2448 340; x_wconf 79' lang='lat' dir='ltr'><strong>ARCHIEP.</strong></span> <span class='ocrx_word' id='word_1_520' title='bbox 2487 284 3016 341; x_wconf 72' lang='lat' dir='ltr'><strong>CONSTANTINOP.</strong></span> 
     </span>
    </p>
   </div>
   <div class='ocr_carea' id='block_1_62' title="bbox 3711 287 3812 343">
    <p class='ocr_par' dir='ltr' id='par_1_62' title="bbox 3711 287 3812 343">
     <span class='ocr_line' id='line_1_62' title="bbox 3711 287 3812 343; baseline 0.02 -2"><span class='ocrx_word' id='word_1_521' title='bbox 3711 287 3812 343; x_wconf 71' lang='grc'><strong>180</strong></span> 
     </span>
    </p>
   </div>
   <div class='ocr_carea' id='block_1_63' title="bbox 2233 398 3816 464">
    <p class='ocr_par' dir='ltr' id='par_1_63' title="bbox 2233 398 3816 464">
     <span class='ocr_line' id='line_1_63' title="bbox 2233 398 3816 464; baseline 0.003 -12"><span class='ocrx_word' id='word_1_522' title='bbox 2233 409 2378 452; x_wconf 80' lang='lat' dir='ltr'><strong>esset</strong></span> <span class='ocrx_word' id='word_1_523' title='bbox 2429 399 2776 464; x_wconf 86' lang='lat' dir='ltr'><strong>cohortatus,</strong></span> <span class='ocrx_word' id='word_1_524' title='bbox 2827 398 3169 453; x_wconf 88' lang='lat' dir='ltr'><strong>concordiam</strong></span> <span class='ocrx_word' id='word_1_525' title='bbox 3217 413 3347 454; x_wconf 89' lang='lat' dir='ltr'><strong>vero</strong></span> <span class='ocrx_word' id='word_1_526' title='bbox 3393 399 3462 452; x_wconf 85' lang='lat' dir='ltr'><strong>ab</strong></span> <span class='ocrx_word' id='word_1_527' title='bbox 3511 399 3816 456; x_wconf 81' lang='lat' dir='ltr'><strong>humilitate</strong></span> 
     </span>
    </p>
   </div>
   <div class='ocr_carea' id='block_1_64' title="bbox 2228 487 3812 559">
    <p class='ocr_par' dir='ltr' id='par_1_64' title="bbox 2228 487 3812 559">
     <span class='ocr_line' id='line_1_64' title="bbox 2228 487 3812 559; baseline 0.002 -18"><span class='ocrx_word' id='word_1_528' title='bbox 2228 487 2494 556; x_wconf 84' lang='lat' dir='ltr'><strong>proficisci</strong></span> <span class='ocrx_word' id='word_1_529' title='bbox 2536 488 2843 552; x_wconf 88' lang='lat' dir='ltr'><strong>docuisset,</strong></span> <span class='ocrx_word' id='word_1_530' title='bbox 2896 498 3057 558; x_wconf 89' lang='lat' dir='ltr'><strong>atque</strong></span> <span class='ocrx_word' id='word_1_531' title='bbox 3104 488 3366 543; x_wconf 89' lang='lat' dir='ltr'><strong>adversus</strong></span> <span class='ocrx_word' id='word_1_532' title='bbox 3415 488 3672 556; x_wconf 66' lang='lat' dir='ltr'><strong>.Iudzcos,</strong></span> <span class='ocrx_word' id='word_1_533' title='bbox 3721 492 3812 559; x_wconf 89' lang='lat' dir='ltr'><strong>qui</strong></span> 
     </span>
    </p>
   </div>
   <div class='ocr_carea' id='block_1_65' title="bbox 2229 578 3813 648">
    <p class='ocr_par' dir='ltr' id='par_1_65' title="bbox 2229 578 3813 648">
     <span class='ocr_line' id='line_1_65' title="bbox 2229 578 3813 648; baseline 0.001 -14"><span class='ocrx_word' id='word_1_534' title='bbox 2229 578 2693 634; x_wconf 79' lang='lat' dir='ltr'><strong>Christianismum</strong></span> <span class='ocrx_word' id='word_1_535' title='bbox 2746 580 3175 648; x_wconf 62' lang='lat' dir='ltr'><strong>praetendentes,</strong></span> <span class='ocrx_word' id='word_1_536' title='bbox 3205 580 3452 634; x_wconf 87' lang='lat' dir='ltr'><strong>omnibus</strong></span> <span class='ocrx_word' id='word_1_537' title='bbox 3499 581 3675 636; x_wconf 90' lang='lat' dir='ltr'><strong>modis</strong></span> <span class='ocrx_word' id='word_1_538' title='bbox 3717 582 3813 636; x_wconf 85' lang='lat' dir='ltr'><strong>do-</strong></span> 
     </span>
    </p>
   </div>
   <div class='ocr_carea' id='block_1_66' title="bbox 2229 671 3813 740">
    <p class='ocr_par' dir='ltr' id='par_1_66' title="bbox 2229 671 3813 740">
     <span class='ocr_line' id='line_1_66' title="bbox 2229 671 3813 740; baseline 0.001 -16"><span class='ocrx_word' id='word_1_539' title='bbox 2229 673 2391 740; x_wconf 88' lang='lat' dir='ltr'><strong>gmati</strong></span> <span class='ocrx_word' id='word_1_540' title='bbox 2419 671 2746 737; x_wconf 78' lang='lat' dir='ltr'><strong>efficiebant,</strong></span> <span class='ocrx_word' id='word_1_541' title='bbox 2767 673 3006 726; x_wconf 90' lang='lat' dir='ltr'><strong>invectus</strong></span> <span class='ocrx_word' id='word_1_542' title='bbox 3031 682 3370 738; x_wconf 86' lang='lat' dir='ltr'><strong>esset,caues</strong></span> <span class='ocrx_word' id='word_1_543' title='bbox 3398 686 3491 724; x_wconf 88' lang='lat' dir='ltr'><strong>eos</strong></span> <span class='ocrx_word' id='word_1_544' title='bbox 3519 687 3718 728; x_wconf 80' lang='lat' dir='ltr'><strong>vocans</strong></span> <span class='ocrx_word' id='word_1_545' title='bbox 3748 688 3813 727; x_wconf 85' lang='lat' dir='ltr'><strong>ac</strong></span> 
     </span>
    </p>
   </div>
   <div class='ocr_carea' id='block_1_67' title="bbox 2231 763 3811 834">
    <p class='ocr_par' dir='ltr' id='par_1_67' title="bbox 2231 763 3811 834">
     <span class='ocr_line' id='line_1_67' title="bbox 2231 763 3811 834; baseline 0.004 -19"><span class='ocrx_word' id='word_1_546' title='bbox 2231 763 2399 818; x_wconf 89' lang='lat' dir='ltr'><strong>malos</strong></span> <span class='ocrx_word' id='word_1_547' title='bbox 2435 764 2744 833; x_wconf 86' lang='lat' dir='ltr'><strong>operarios,</strong></span> <span class='ocrx_word' id='word_1_548' title='bbox 2795 773 2956 834; x_wconf 88' lang='lat' dir='ltr'><strong>atque</strong></span> <span class='ocrx_word' id='word_1_549' title='bbox 3005 764 3072 818; x_wconf 91' lang='lat' dir='ltr'><strong>ab</strong></span> <span class='ocrx_word' id='word_1_550' title='bbox 3115 764 3220 819; x_wconf 72' lang='lat' dir='ltr'><strong>illTs</strong></span> <span class='ocrx_word' id='word_1_551' title='bbox 3268 764 3642 818; x_wconf 87' lang='lat' dir='ltr'><strong>abstinendum</strong></span> <span class='ocrx_word' id='word_1_552' title='bbox 3689 780 3811 822; x_wconf 88' lang='lat' dir='ltr'><strong>esse</strong></span> 
     </span>
    </p>
   </div>
   <div class='ocr_carea' id='block_1_68' title="bbox 2229 853 3815 922">
    <p class='ocr_par' dir='ltr' id='par_1_68' title="bbox 2229 853 3815 922">
     <span class='ocr_line' id='line_1_68' title="bbox 2229 853 3815 922; baseline 0.004 -20"><span class='ocrx_word' id='word_1_553' title='bbox 2229 853 2512 918; x_wconf 87' lang='lat' dir='ltr'><strong>suasisset,</strong></span> <span class='ocrx_word' id='word_1_554' title='bbox 2541 862 2597 908; x_wconf 92' lang='lat' dir='ltr'><strong>et</strong></span> <span class='ocrx_word' id='word_1_555' title='bbox 2625 853 2813 922; x_wconf 91' lang='lat' dir='ltr'><strong>quibus</strong></span> <span class='ocrx_word' id='word_1_556' title='bbox 2858 853 3018 908; x_wconf 91' lang='lat' dir='ltr'><strong>rebus</strong></span> <span class='ocrx_word' id='word_1_557' title='bbox 3071 854 3390 908; x_wconf 90' lang='lat' dir='ltr'><strong>studendum</strong></span> <span class='ocrx_word' id='word_1_558' title='bbox 3436 865 3580 909; x_wconf 87' lang='lat' dir='ltr'><strong>esset</strong></span> <span class='ocrx_word' id='word_1_559' title='bbox 3625 853 3815 910; x_wconf 86' lang='lat' dir='ltr'><strong>admo-</strong></span> 
     </span>
    </p>
   </div>
   <div class='ocr_carea' id='block_1_69' title="bbox 2230 942 3811 1013">
    <p class='ocr_par' dir='ltr' id='par_1_69' title="bbox 2230 942 3811 1013">
     <span class='ocr_line' id='line_1_69' title="bbox 2230 942 3811 1013; baseline 0.004 -19"><span class='ocrx_word' id='word_1_560' title='bbox 2230 942 2462 1007; x_wconf 89' lang='lat' dir='ltr'><strong>nuisset,</strong></span> <span class='ocrx_word' id='word_1_561' title='bbox 2510 943 2782 1013; x_wconf 89' lang='lat' dir='ltr'><strong>multaque</strong></span> <span class='ocrx_word' id='word_1_562' title='bbox 2825 942 3173 998; x_wconf 86' lang='lat' dir='ltr'><strong>disseruisset</strong></span> <span class='ocrx_word' id='word_1_563' title='bbox 3231 943 3300 998; x_wconf 88' lang='lat' dir='ltr'><strong>de</strong></span> <span class='ocrx_word' id='word_1_564' title='bbox 3351 944 3513 1000; x_wconf 88' lang='lat' dir='ltr'><strong>rebus</strong></span> <span class='ocrx_word' id='word_1_565' title='bbox 3538 945 3604 998; x_wconf 88' lang='lat' dir='ltr'><strong>ad</strong></span> <span class='ocrx_word' id='word_1_566' title='bbox 3633 960 3811 1001; x_wconf 85' lang='lat' dir='ltr'><strong>mores</strong></span> 
     </span>
    </p>
   </div>
   <div class='ocr_carea' id='block_1_70' title="bbox 2231 1032 3808 1103">
    <p class='ocr_par' dir='ltr' id='par_1_70' title="bbox 2231 1032 3808 1103">
     <span class='ocr_line' id='line_1_70' title="bbox 2231 1032 3808 1103; baseline 0.004 -19"><span class='ocrx_word' id='word_1_567' title='bbox 2231 1032 2655 1100; x_wconf 87' lang='lat' dir='ltr'><strong>pertinentibus,</strong></span> <span class='ocrx_word' id='word_1_568' title='bbox 2703 1047 2907 1103; x_wconf 89' lang='lat' dir='ltr'><strong>eosque</strong></span> <span class='ocrx_word' id='word_1_569' title='bbox 2957 1035 3349 1103; x_wconf 84' lang='lat' dir='ltr'><strong>composuisset</strong></span> <span class='ocrx_word' id='word_1_570' title='bbox 3393 1048 3458 1088; x_wconf 89' lang='lat' dir='ltr'><strong>ac</strong></span> <span class='ocrx_word' id='word_1_571' title='bbox 3511 1047 3808 1091; x_wconf 85' lang='lat' dir='ltr'><strong>recreasset</strong></span> 
     </span>
    </p>
   </div>
   <div class='ocr_carea' id='block_1_71' title="bbox 2229 1122 3802 1195">
    <p class='ocr_par' dir='ltr' id='par_1_71' title="bbox 2229 1122 3802 1195">
     <span class='ocr_line' id='line_1_71' title="bbox 2229 1122 3802 1195; baseline 0.003 -19"><span class='ocrx_word' id='word_1_572' title='bbox 2229 1122 2408 1178; x_wconf 84' lang='lat' dir='ltr'><strong>verbis</strong></span> <span class='ocrx_word' id='word_1_573' title='bbox 2435 1124 2541 1178; x_wconf 90' lang='lat' dir='ltr'><strong>illis</strong></span> <span class='ocrx_word' id='word_1_574' title='bbox 2565 1166 2580 1190; x_wconf 97' lang='lat'><strong>,</strong></span> <span class='ocrx_word' id='word_1_575' title='bbox 2612 1123 2864 1178; x_wconf 83' lang='lat' dir='ltr'><strong>Dominus</strong></span> <span class='ocrx_word' id='word_1_576' title='bbox 2891 1141 3049 1194; x_wconf 87' lang='lat' dir='ltr'><strong>prope</strong></span> <span class='ocrx_word' id='word_1_577' title='bbox 3073 1135 3148 1179; x_wconf 85' lang='lat' dir='ltr'><strong>est</strong></span> <span class='ocrx_word' id='word_1_578' title='bbox 3181 1123 3444 1192; x_wconf 86' lang='lat' dir='ltr'><strong>(Philipp.</strong></span> <span class='ocrx_word' id='word_1_579' title='bbox 3467 1125 3521 1178; x_wconf 78' lang='grc'><strong>4.</strong></span> <span class='ocrx_word' id='word_1_580' title='bbox 3552 1127 3608 1195; x_wconf 83' lang='grc'>5)</span> <span class='ocrx_word' id='word_1_581' title='bbox 3643 1144 3656 1178; x_wconf 93' lang='lat'>:</span> <span class='ocrx_word' id='word_1_582' title='bbox 3690 1136 3802 1180; x_wconf 91' lang='lat' dir='ltr'><strong>tum</strong></span> 
     </span>
    </p>
   </div>
   <div class='ocr_carea' id='block_1_72' title="bbox 2229 1214 3807 1285">
    <p class='ocr_par' dir='ltr' id='par_1_72' title="bbox 2229 1214 3807 1285">
     <span class='ocr_line' id='line_1_72' title="bbox 2229 1214 3807 1285; baseline 0.002 -17"><span class='ocrx_word' id='word_1_583' title='bbox 2229 1230 2358 1268; x_wconf 91' lang='lat' dir='ltr'><strong>vero</strong></span> <span class='ocrx_word' id='word_1_584' title='bbox 2382 1231 2444 1268; x_wconf 90' lang='lat' dir='ltr'><strong>ea</strong></span> <span class='ocrx_word' id='word_1_585' title='bbox 2465 1257 2480 1281; x_wconf 95' lang='lat'><strong>,</strong></span> <span class='ocrx_word' id='word_1_586' title='bbox 2511 1231 2631 1284; x_wconf 74' lang='lat' dir='ltr'><strong>qua:</strong></span> <span class='ocrx_word' id='word_1_587' title='bbox 2662 1217 2834 1285; x_wconf 90' lang='lat' dir='ltr'><strong>ipsum</strong></span> <span class='ocrx_word' id='word_1_588' title='bbox 2864 1215 3110 1281; x_wconf 88' lang='lat' dir='ltr'><strong>decebat,</strong></span> <span class='ocrx_word' id='word_1_589' title='bbox 3144 1214 3424 1284; x_wconf 85' lang='lat' dir='ltr'><strong>prudentia</strong></span> <span class='ocrx_word' id='word_1_590' title='bbox 3449 1231 3628 1270; x_wconf 88' lang='lat' dir='ltr'><strong>rerutn</strong></span> <span class='ocrx_word' id='word_1_591' title='bbox 3646 1217 3807 1271; x_wconf 89' lang='lat' dir='ltr'><strong>etiam</strong></span> 
     </span>
    </p>
   </div>
   <div class='ocr_carea' id='block_1_73' title="bbox 2227 1306 3808 1379">
    <p class='ocr_par' dir='ltr' id='par_1_73' title="bbox 2227 1306 3808 1379">
     <span class='ocr_line' id='line_1_73' title="bbox 2227 1306 3808 1379; baseline 0.004 -19"><span class='ocrx_word' id='word_1_592' title='bbox 2227 1306 2293 1360; x_wconf 89' lang='lat' dir='ltr'><strong>ad</strong></span> <span class='ocrx_word' id='word_1_593' title='bbox 2319 1321 2378 1360; x_wconf 91' lang='lat' dir='ltr'><strong>se</strong></span> <span class='ocrx_word' id='word_1_594' title='bbox 2401 1307 2684 1360; x_wconf 88' lang='lat' dir='ltr'><strong>missarum</strong></span> <span class='ocrx_word' id='word_1_595' title='bbox 2730 1308 3058 1361; x_wconf 86' lang='lat' dir='ltr'><strong>mentionem</strong></span> <span class='ocrx_word' id='word_1_596' title='bbox 3089 1307 3241 1371; x_wconf 88' lang='lat' dir='ltr'><strong>facit,</strong></span> <span class='ocrx_word' id='word_1_597' title='bbox 3273 1317 3435 1378; x_wconf 89' lang='lat' dir='ltr'><strong>atque</strong></span> <span class='ocrx_word' id='word_1_598' title='bbox 3457 1310 3528 1362; x_wconf 87' lang='lat' dir='ltr'><strong>ita</strong></span> <span class='ocrx_word' id='word_1_599' title='bbox 3559 1325 3808 1379; x_wconf 89' lang='lat' dir='ltr'><strong>magnam</strong></span> 
     </span>
    </p>
   </div>
   <div class='ocr_carea' id='block_1_74' title="bbox 2227 1397 3808 1456">
    <p class='ocr_par' dir='ltr' id='par_1_74' title="bbox 2227 1397 3808 1456">
     <span class='ocr_line' id='line_1_74' title="bbox 2227 1397 3808 1456; baseline 0.003 -4"><span class='ocrx_word' id='word_1_600' title='bbox 2227 1397 2382 1452; x_wconf 89' lang='lat' dir='ltr'><strong>all&#39;ert</strong></span> <span class='ocrx_word' id='word_1_601' title='bbox 2425 1399 2868 1453; x_wconf 89' lang='lat' dir='ltr'><strong>consolationem.</strong></span> <span class='ocrx_word' id='word_1_602' title='bbox 2917 1397 3097 1454; x_wconf 86' lang='lat' dir='ltr'><strong>Facile</strong></span> <span class='ocrx_word' id='word_1_603' title='bbox 3143 1408 3322 1454; x_wconf 88' lang='lat' dir='ltr'><strong>autem</strong></span> <span class='ocrx_word' id='word_1_604' title='bbox 3375 1399 3808 1456; x_wconf 88' lang='lat' dir='ltr'><strong>animadvertere</strong></span> 
     </span>
    </p>
   </div>
   <div class='ocr_carea' id='block_1_75' title="bbox 2229 1488 3807 1560">
    <p class='ocr_par' dir='ltr' id='par_1_75' title="bbox 2229 1488 3807 1560">
     <span class='ocr_line' id='line_1_75' title="bbox 2229 1488 3807 1560; baseline 0.004 -18"><span class='ocrx_word' id='word_1_605' title='bbox 2229 1489 2354 1542; x_wconf 91' lang='lat' dir='ltr'><strong>licet</strong></span> <span class='ocrx_word' id='word_1_606' title='bbox 2380 1488 2601 1542; x_wconf 88' lang='lat' dir='ltr'><strong>Paulum</strong></span> <span class='ocrx_word' id='word_1_607' title='bbox 2630 1489 2681 1543; x_wconf 93' lang='lat' dir='ltr'><strong>in</strong></span> <span class='ocrx_word' id='word_1_608' title='bbox 2713 1489 2998 1544; x_wconf 89' lang='lat' dir='ltr'><strong>scribendo</strong></span> <span class='ocrx_word' id='word_1_609' title='bbox 3022 1489 3120 1544; x_wconf 88' lang='lat' dir='ltr'><strong>hos</strong></span> <span class='ocrx_word' id='word_1_610' title='bbox 3148 1491 3481 1560; x_wconf 90' lang='lat' dir='ltr'><strong>potissimum</strong></span> <span class='ocrx_word' id='word_1_611' title='bbox 3517 1491 3807 1549; x_wconf 83' lang='lat' dir='ltr'><strong>honorifice</strong></span> 
     </span>
    </p>
   </div>
   <div class='ocr_carea' id='block_1_76' title="bbox 2230 1581 3808 1653">
    <p class='ocr_par' dir='ltr' id='par_1_76' title="bbox 2230 1581 3808 1653">
     <span class='ocr_line' id='line_1_76' title="bbox 2230 1581 3808 1653; baseline 0.003 -18"><span class='ocrx_word' id='word_1_612' title='bbox 2230 1590 2473 1646; x_wconf 87' lang='lat' dir='ltr'><strong>tractare,</strong></span> <span class='ocrx_word' id='word_1_613' title='bbox 2505 1597 2603 1636; x_wconf 89' lang='lat' dir='ltr'><strong>nec</strong></span> <span class='ocrx_word' id='word_1_614' title='bbox 2625 1581 2894 1651; x_wconf 87' lang='lat' dir='ltr'><strong>quidpiam</strong></span> <span class='ocrx_word' id='word_1_615' title='bbox 2924 1597 3144 1652; x_wconf 81' lang='lat' dir='ltr'><strong>usquam</strong></span> <span class='ocrx_word' id='word_1_616' title='bbox 3175 1582 3506 1652; x_wconf 87' lang='lat' dir='ltr'><strong>iuterjiccre,</strong></span> <span class='ocrx_word' id='word_1_617' title='bbox 3531 1585 3674 1653; x_wconf 87' lang='lat' dir='ltr'><strong>quod</strong></span> <span class='ocrx_word' id='word_1_618' title='bbox 3708 1585 3808 1640; x_wconf 85' lang='lat' dir='ltr'><strong>ob-</strong></span> 
     </span>
    </p>
   </div>
   <div class='ocr_carea' id='block_1_77' title="bbox 2221 1672 3801 1743">
    <p class='ocr_par' dir='ltr' id='par_1_77' title="bbox 2221 1672 3801 1743">
     <span class='ocr_line' id='line_1_77' title="bbox 2221 1672 3801 1743; baseline 0.004 -19"><span class='ocrx_word' id='word_1_619' title='bbox 2221 1673 2471 1742; x_wconf 85' lang='lat' dir='ltr'><strong>jurgandi</strong></span> <span class='ocrx_word' id='word_1_620' title='bbox 2517 1674 2620 1727; x_wconf 83' lang='lat' dir='ltr'><strong>vim</strong></span> <span class='ocrx_word' id='word_1_621' title='bbox 2669 1673 2884 1727; x_wconf 89' lang='lat' dir='ltr'><strong>habeat.</strong></span> <span class='ocrx_word' id='word_1_622' title='bbox 2935 1672 3048 1727; x_wconf 82' lang='lat' dir='ltr'><strong>Hoc</strong></span> <span class='ocrx_word' id='word_1_623' title='bbox 3101 1689 3230 1727; x_wconf 90' lang='lat' dir='ltr'><strong>vero</strong></span> <span class='ocrx_word' id='word_1_624' title='bbox 3280 1689 3528 1743; x_wconf 90' lang='lat' dir='ltr'><strong>magnum</strong></span> <span class='ocrx_word' id='word_1_625' title='bbox 3584 1676 3801 1730; x_wconf 82' lang='lat' dir='ltr'><strong>illorum</strong></span> 
     </span>
    </p>
   </div>
   <div class='ocr_carea' id='block_1_78' title="bbox 2227 1764 3806 1834">
    <p class='ocr_par' dir='ltr' id='par_1_78' title="bbox 2227 1764 3806 1834">
     <span class='ocr_line' id='line_1_78' title="bbox 2227 1764 3806 1834; baseline 0.004 -17"><span class='ocrx_word' id='word_1_626' title='bbox 2227 1764 2436 1819; x_wconf 87' lang='lat' dir='ltr'><strong>virtutis</strong></span> <span class='ocrx_word' id='word_1_627' title='bbox 2482 1775 2854 1834; x_wconf 80' lang='lat' dir='ltr'><strong>argumentum</strong></span> <span class='ocrx_word' id='word_1_628' title='bbox 2906 1775 3023 1829; x_wconf 86' lang='lat' dir='ltr'><strong>est,</strong></span> <span class='ocrx_word' id='word_1_629' title='bbox 3079 1764 3279 1820; x_wconf 88' lang='lat' dir='ltr'><strong>nullam</strong></span> <span class='ocrx_word' id='word_1_630' title='bbox 3333 1765 3549 1822; x_wconf 66' lang='lat' dir='ltr'><strong>dedisse</strong></span> <span class='ocrx_word' id='word_1_631' title='bbox 3600 1768 3806 1825; x_wconf 84' lang='lat' dir='ltr'><strong>doctori</strong></span> 
     </span>
    </p>
   </div>
   <div class='ocr_carea' id='block_1_79' title="bbox 2225 1854 3808 1930">
    <p class='ocr_par' dir='ltr' id='par_1_79' title="bbox 2225 1854 3808 1930">
     <span class='ocr_line' id='line_1_79' title="bbox 2225 1854 3808 1930; baseline 0.004 -20"><span class='ocrx_word' id='word_1_632' title='bbox 2225 1855 2563 1910; x_wconf 86' lang='lat' dir='ltr'><strong>occasionem</strong></span> <span class='ocrx_word' id='word_1_633' title='bbox 2591 1854 2928 1924; x_wconf 71' lang='lat' dir='ltr'><strong>obiurgandi,</strong></span> <span class='ocrx_word' id='word_1_634' title='bbox 2957 1857 3246 1926; x_wconf 88' lang='lat' dir='ltr'><strong>omniaque</strong></span> <span class='ocrx_word' id='word_1_635' title='bbox 3269 1857 3336 1912; x_wconf 89' lang='lat' dir='ltr'><strong>ad</strong></span> <span class='ocrx_word' id='word_1_636' title='bbox 3364 1873 3458 1912; x_wconf 90' lang='lat' dir='ltr'><strong>eos</strong></span> <span class='ocrx_word' id='word_1_637' title='bbox 3488 1874 3590 1912; x_wconf 89' lang='lat' dir='ltr'><strong>non</strong></span> <span class='ocrx_word' id='word_1_638' title='bbox 3623 1876 3808 1930; x_wconf 80' lang='lat' dir='ltr'><strong>repre-</strong></span> 
     </span>
    </p>
   </div>
   <div class='ocr_carea' id='block_1_80' title="bbox 2226 1947 3804 2021">
    <p class='ocr_par' dir='ltr' id='par_1_80' title="bbox 2226 1947 3804 2021">
     <span class='ocr_line' id='line_1_80' title="bbox 2226 1947 3804 2021; baseline 0.003 -19"><span class='ocrx_word' id='word_1_639' title='bbox 2226 1948 2528 2013; x_wconf 88' lang='lat' dir='ltr'><strong>hensionis,</strong></span> <span class='ocrx_word' id='word_1_640' title='bbox 2565 1947 2659 2002; x_wconf 88' lang='lat' dir='ltr'><strong>sed</strong></span> <span class='ocrx_word' id='word_1_641' title='bbox 2687 1949 2950 2002; x_wconf 89' lang='lat' dir='ltr'><strong>suasionis</strong></span> <span class='ocrx_word' id='word_1_642' title='bbox 2975 1949 3134 2002; x_wconf 91' lang='lat' dir='ltr'><strong>modo</strong></span> <span class='ocrx_word' id='word_1_643' title='bbox 3158 1965 3279 2004; x_wconf 87' lang='lat' dir='ltr'><strong>esse</strong></span> <span class='ocrx_word' id='word_1_644' title='bbox 3308 1950 3528 2021; x_wconf 88' lang='lat' dir='ltr'><strong>scripta.</strong></span> <span class='ocrx_word' id='word_1_645' title='bbox 3562 1951 3760 2006; x_wconf 83' lang='lat' dir='ltr'><strong>Verum</strong></span> <span class='ocrx_word' id='word_1_646' title='bbox 3786 1995 3804 2021; x_wconf 91' lang='lat'><strong>,</strong></span> 
     </span>
    </p>
   </div>
   <div class='ocr_carea' id='block_1_81' title="bbox 2226 2040 3836 2114">
    <p class='ocr_par' dir='ltr' id='par_1_81' title="bbox 2226 2040 3836 2114">
     <span class='ocr_line' id='line_1_81' title="bbox 2226 2040 3836 2114; baseline 0.007 -22"><span class='ocrx_word' id='word_1_647' title='bbox 2226 2049 2284 2093; x_wconf 93' lang='lat' dir='ltr'><strong>ut</strong></span> <span class='ocrx_word' id='word_1_648' title='bbox 2312 2040 2637 2093; x_wconf 85' lang='lat' dir='ltr'><strong>nuncetiam</strong></span> <span class='ocrx_word' id='word_1_649' title='bbox 2670 2052 2901 2108; x_wconf 86' lang='lat' dir='ltr'><strong>repetam</strong></span> <span class='ocrx_word' id='word_1_650' title='bbox 2929 2040 3070 2109; x_wconf 86' lang='lat' dir='ltr'><strong>quod</strong></span> <span class='ocrx_word' id='word_1_651' title='bbox 3101 2041 3249 2094; x_wconf 89' lang='lat' dir='ltr'><strong>initio</strong></span> <span class='ocrx_word' id='word_1_652' title='bbox 3266 2040 3530 2107; x_wconf 86' lang='lat' dir='ltr'><strong>dicebam,</strong></span> <span class='ocrx_word' id='word_1_653' title='bbox 3559 2061 3836 2114; x_wconf 53' lang='lat' dir='ltr'><strong>magnam.</strong></span> 
     </span>
    </p>
   </div>
   <div class='ocr_carea' id='block_1_82' title="bbox 2225 2131 3808 2207">
    <p class='ocr_par' dir='ltr' id='par_1_82' title="bbox 2225 2131 3808 2207">
     <span class='ocr_line' id='line_1_82' title="bbox 2225 2131 3808 2207; baseline 0.003 -21"><span class='ocrx_word' id='word_1_654' title='bbox 2225 2131 2339 2187; x_wconf 67' lang='lat' dir='ltr'><strong>haec</strong></span> <span class='ocrx_word' id='word_1_655' title='bbox 2351 2132 2535 2186; x_wconf 86' lang='lat' dir='ltr'><strong>civitas</strong></span> <span class='ocrx_word' id='word_1_656' title='bbox 2551 2133 2617 2185; x_wconf 90' lang='lat' dir='ltr'><strong>ad</strong></span> <span class='ocrx_word' id='word_1_657' title='bbox 2641 2131 2796 2185; x_wconf 85' lang='lat' dir='ltr'><strong>fidem</strong></span> <span class='ocrx_word' id='word_1_658' title='bbox 2815 2133 3120 2188; x_wconf 89' lang='lat' dir='ltr'><strong>ostenderat</strong></span> <span class='ocrx_word' id='word_1_659' title='bbox 3138 2136 3808 2207; x_wconf 88' lang='lat' dir='ltr'><strong>propensionem,quando-</strong></span> 
     </span>
    </p>
   </div>
   <div class='ocr_carea' id='block_1_83' title="bbox 2223 2222 3806 2296">
    <p class='ocr_par' dir='ltr' id='par_1_83' title="bbox 2223 2222 3806 2296">
     <span class='ocr_line' id='line_1_83' title="bbox 2223 2222 3806 2296; baseline 0.005 -21"><span class='ocrx_word' id='word_1_660' title='bbox 2223 2222 2436 2292; x_wconf 88' lang='lat' dir='ltr'><strong>quidem</strong></span> <span class='ocrx_word' id='word_1_661' title='bbox 2459 2232 2641 2276; x_wconf 90' lang='lat' dir='ltr'><strong>custos</strong></span> <span class='ocrx_word' id='word_1_662' title='bbox 2673 2224 2786 2291; x_wconf 83' lang='lat' dir='ltr'><strong>ipse</strong></span> <span class='ocrx_word' id='word_1_663' title='bbox 2798 2224 3028 2278; x_wconf 88' lang='lat' dir='ltr'><strong>carceris</strong></span> <span class='ocrx_word' id='word_1_664' title='bbox 3051 2223 3229 2294; x_wconf 84' lang='lat' dir='ltr'><strong>(quant</strong></span> <span class='ocrx_word' id='word_1_665' title='bbox 3248 2240 3375 2279; x_wconf 87' lang='lat' dir='ltr'><strong>vero</strong></span> <span class='ocrx_word' id='word_1_666' title='bbox 3399 2227 3659 2296; x_wconf 86' lang='lat' dir='ltr'><strong>ejusmodi</strong></span> <span class='ocrx_word' id='word_1_667' title='bbox 3684 2245 3806 2282; x_wconf 85' lang='lat' dir='ltr'><strong>mu-</strong></span> 
     </span>
    </p>
   </div>
   <div class='ocr_carea' id='block_1_84' title="bbox 2223 2315 3805 2387">
    <p class='ocr_par' dir='ltr' id='par_1_84' title="bbox 2223 2315 3805 2387">
     <span class='ocr_line' id='line_1_84' title="bbox 2223 2315 3805 2387; baseline 0.004 -19"><span class='ocrx_word' id='word_1_668' title='bbox 2223 2316 2368 2368; x_wconf 90' lang='lat' dir='ltr'><strong>neris</strong></span> <span class='ocrx_word' id='word_1_669' title='bbox 2384 2315 2774 2368; x_wconf 89' lang='lat' dir='ltr'><strong>administratio</strong></span> <span class='ocrx_word' id='word_1_670' title='bbox 2803 2330 2987 2384; x_wconf 82' lang='lat' dir='ltr'><strong>magna</strong></span> <span class='ocrx_word' id='word_1_671' title='bbox 3019 2331 3139 2369; x_wconf 89' lang='lat' dir='ltr'><strong>cum</strong></span> <span class='ocrx_word' id='word_1_672' title='bbox 3164 2316 3504 2385; x_wconf 88' lang='lat' dir='ltr'><strong>improbitate</strong></span> <span class='ocrx_word' id='word_1_673' title='bbox 3524 2319 3805 2387; x_wconf 88' lang='lat' dir='ltr'><strong>conjuncta</strong></span> 
     </span>
    </p>
   </div>
   <div class='ocr_carea' id='block_1_85' title="bbox 2223 2398 3804 2479">
    <p class='ocr_par' dir='ltr' id='par_1_85' title="bbox 2223 2398 3804 2479">
     <span class='ocr_line' id='line_1_85' title="bbox 2223 2398 3804 2479; baseline 0.003 -18"><span class='ocrx_word' id='word_1_674' title='bbox 2223 2421 2343 2461; x_wconf 87' lang='lat' dir='ltr'><strong>esse</strong></span> <span class='ocrx_word' id='word_1_675' title='bbox 2362 2406 2553 2473; x_wconf 85' lang='lat' dir='ltr'><strong>soleat,</strong></span> <span class='ocrx_word' id='word_1_676' title='bbox 2584 2422 2686 2460; x_wconf 91' lang='lat' dir='ltr'><strong>non</strong></span> <span class='ocrx_word' id='word_1_677' title='bbox 2704 2407 2978 2476; x_wconf 80' lang='lat' dir='ltr'><strong>ignoratis)</strong></span> <span class='ocrx_word' id='word_1_678' title='bbox 2997 2423 3101 2462; x_wconf 89' lang='lat' dir='ltr'><strong>uno</strong></span> <span class='ocrx_word' id='word_1_679' title='bbox 3118 2410 3294 2462; x_wconf 84' lang='lat' dir='ltr'><strong>Statim</strong></span> <span class='ocrx_word' id='word_1_680' title='bbox 3311 2409 3462 2479; x_wconf 88' lang='lat' dir='ltr'><strong>signo</strong></span> <span class='ocrx_word' id='word_1_681' title='bbox 3474 2421 3527 2464; x_wconf 88' lang='lat' dir='ltr'><strong>et</strong></span> <span class='ocrx_word' id='word_1_682' title='bbox 3551 2398 3804 2472; x_wconf 76' lang='lat' dir='ltr'><strong>acCurrit,</strong></span> 
     </span>
    </p>
   </div>
   <div class='ocr_carea' id='block_1_86' title="bbox 2223 2498 3803 2573">
    <p class='ocr_par' dir='ltr' id='par_1_86' title="bbox 2223 2498 3803 2573">
     <span class='ocr_line' id='line_1_86' title="bbox 2223 2498 3803 2573; baseline 0.003 -20"><span class='ocrx_word' id='word_1_683' title='bbox 2223 2507 2278 2553; x_wconf 89' lang='lat' dir='ltr'><strong>et</strong></span> <span class='ocrx_word' id='word_1_684' title='bbox 2322 2498 2616 2566; x_wconf 83' lang='lat' dir='ltr'><strong>baptizatus</strong></span> <span class='ocrx_word' id='word_1_685' title='bbox 2656 2507 2740 2552; x_wconf 79' lang='lat' dir='ltr'><strong>est</strong></span> <span class='ocrx_word' id='word_1_686' title='bbox 2780 2514 2901 2551; x_wconf 89' lang='lat' dir='ltr'><strong>cum</strong></span> <span class='ocrx_word' id='word_1_687' title='bbox 2948 2508 3054 2552; x_wconf 90' lang='lat' dir='ltr'><strong>tota</strong></span> <span class='ocrx_word' id='word_1_688' title='bbox 3081 2499 3281 2554; x_wconf 87' lang='lat' dir='ltr'><strong>familia</strong></span> <span class='ocrx_word' id='word_1_689' title='bbox 3323 2517 3437 2554; x_wconf 88' lang='lat' dir='ltr'><strong>sua.</strong></span> <span class='ocrx_word' id='word_1_690' title='bbox 3472 2505 3546 2556; x_wconf 87' lang='lat' dir='ltr'><strong>Ac</strong></span> <span class='ocrx_word' id='word_1_691' title='bbox 3591 2504 3803 2573; x_wconf 82' lang='lat' dir='ltr'><strong>signum</strong></span> 
     </span>
    </p>
   </div>
   <div class='ocr_carea' id='block_1_87' title="bbox 2222 2587 3800 2658">
    <p class='ocr_par' dir='ltr' id='par_1_87' title="bbox 2222 2587 3800 2658">
     <span class='ocr_line' id='line_1_87' title="bbox 2222 2587 3800 2658; baseline 0.003 -16"><span class='ocrx_word' id='word_1_692' title='bbox 2222 2587 2469 2658; x_wconf 88' lang='lat' dir='ltr'><strong>quidem,</strong></span> <span class='ocrx_word' id='word_1_693' title='bbox 2503 2587 2642 2656; x_wconf 90' lang='lat' dir='ltr'><strong>quod</strong></span> <span class='ocrx_word' id='word_1_694' title='bbox 2676 2587 2871 2641; x_wconf 86' lang='lat' dir='ltr'><strong>factum</strong></span> <span class='ocrx_word' id='word_1_695' title='bbox 2901 2599 3002 2649; x_wconf 87' lang='lat' dir='ltr'><strong>est.</strong></span> <span class='ocrx_word' id='word_1_696' title='bbox 3036 2589 3149 2658; x_wconf 91' lang='lat' dir='ltr'><strong>ipse</strong></span> <span class='ocrx_word' id='word_1_697' title='bbox 3188 2590 3336 2644; x_wconf 88' lang='lat' dir='ltr'><strong>solus</strong></span> <span class='ocrx_word' id='word_1_698' title='bbox 3364 2591 3537 2656; x_wconf 89' lang='lat' dir='ltr'><strong>vidit,</strong></span> <span class='ocrx_word' id='word_1_699' title='bbox 3569 2591 3800 2646; x_wconf 89' lang='lat' dir='ltr'><strong>lructum</strong></span> 
     </span>
    </p>
   </div>
   <div class='ocr_carea' id='block_1_88' title="bbox 2221 2677 3801 2750">
    <p class='ocr_par' dir='ltr' id='par_1_88' title="bbox 2221 2677 3801 2750">
     <span class='ocr_line' id='line_1_88' title="bbox 2221 2677 3801 2750; baseline 0.003 -18"><span class='ocrx_word' id='word_1_700' title='bbox 2221 2693 2350 2732; x_wconf 85' lang='lat' dir='ltr'><strong>vero</strong></span> <span class='ocrx_word' id='word_1_701' title='bbox 2396 2677 2462 2732; x_wconf 91' lang='lat' dir='ltr'><strong>ad</strong></span> <span class='ocrx_word' id='word_1_702' title='bbox 2492 2679 2700 2732; x_wconf 90' lang='lat' dir='ltr'><strong>lucrum</strong></span> <span class='ocrx_word' id='word_1_703' title='bbox 2745 2695 2851 2733; x_wconf 91' lang='lat' dir='ltr'><strong>non</strong></span> <span class='ocrx_word' id='word_1_704' title='bbox 2910 2680 3056 2732; x_wconf 89' lang='lat' dir='ltr'><strong>solus</strong></span> <span class='ocrx_word' id='word_1_705' title='bbox 3100 2681 3375 2750; x_wconf 85' lang='lat' dir='ltr'><strong>percepit,</strong></span> <span class='ocrx_word' id='word_1_706' title='bbox 3404 2681 3498 2745; x_wconf 84' lang='lat' dir='ltr'><strong>sed</strong></span> <span class='ocrx_word' id='word_1_707' title='bbox 3545 2699 3649 2737; x_wconf 90' lang='lat' dir='ltr'><strong>una</strong></span> <span class='ocrx_word' id='word_1_708' title='bbox 3679 2699 3801 2738; x_wconf 93' lang='lat' dir='ltr'><strong>cum</strong></span> 
     </span>
    </p>
   </div>
   <div class='ocr_carea' id='block_1_89' title="bbox 2222 2769 3801 2844">
    <p class='ocr_par' dir='ltr' id='par_1_89' title="bbox 2222 2769 3801 2844">
     <span class='ocr_line' id='line_1_89' title="bbox 2222 2769 3801 2844; baseline 0.004 -20"><span class='ocrx_word' id='word_1_709' title='bbox 2222 2769 2448 2824; x_wconf 90' lang='lat' dir='ltr'><strong>muliere</strong></span> <span class='ocrx_word' id='word_1_710' title='bbox 2496 2781 2657 2839; x_wconf 90' lang='lat' dir='ltr'><strong>atque</strong></span> <span class='ocrx_word' id='word_1_711' title='bbox 2698 2769 2948 2824; x_wconf 89' lang='lat' dir='ltr'><strong>universa</strong></span> <span class='ocrx_word' id='word_1_712' title='bbox 2998 2770 3180 2824; x_wconf 90' lang='lat' dir='ltr'><strong>domo.</strong></span> <span class='ocrx_word' id='word_1_713' title='bbox 3203 2772 3310 2826; x_wconf 90' lang='lat' dir='ltr'><strong>Sed</strong></span> <span class='ocrx_word' id='word_1_714' title='bbox 3353 2782 3408 2825; x_wconf 88' lang='lat' dir='ltr'><strong>et</strong></span> <span class='ocrx_word' id='word_1_715' title='bbox 3453 2774 3801 2844; x_wconf 77' lang='lat' dir='ltr'><strong>magistratus</strong></span> 
     </span>
    </p>
   </div>
   <div class='ocr_carea' id='block_1_90' title="bbox 2222 2862 3800 2932">
    <p class='ocr_par' dir='ltr' id='par_1_90' title="bbox 2222 2862 3800 2932">
     <span class='ocr_line' id='line_1_90' title="bbox 2222 2862 3800 2932; baseline 0.003 -16"><span class='ocrx_word' id='word_1_716' title='bbox 2222 2862 2389 2932; x_wconf 91' lang='lat' dir='ltr'><strong>ipsos,</strong></span> <span class='ocrx_word' id='word_1_717' title='bbox 2430 2864 2514 2931; x_wconf 89' lang='lat' dir='ltr'><strong>qui</strong></span> <span class='ocrx_word' id='word_1_718' title='bbox 2566 2862 2786 2916; x_wconf 81' lang='lat' dir='ltr'><strong>Paulum</strong></span> <span class='ocrx_word' id='word_1_719' title='bbox 2831 2863 3147 2917; x_wconf 89' lang='lat' dir='ltr'><strong>verberibus</strong></span> <span class='ocrx_word' id='word_1_720' title='bbox 3193 2863 3523 2932; x_wconf 67' lang='lat' dir='ltr'><strong>affecerunt,</strong></span> <span class='ocrx_word' id='word_1_721' title='bbox 3574 2869 3800 2921; x_wconf 91' lang='lat' dir='ltr'><strong>tumultu</strong></span> 
     </span>
    </p>
   </div>
   <div class='ocr_carea' id='block_1_91' title="bbox 2224 2954 3800 3026">
    <p class='ocr_par' dir='ltr' id='par_1_91' title="bbox 2224 2954 3800 3026">
     <span class='ocr_line' id='line_1_91' title="bbox 2224 2954 3800 3026; baseline 0.002 -17"><span class='ocrx_word' id='word_1_722' title='bbox 2224 2955 2398 3026; x_wconf 87' lang='lat' dir='ltr'><strong>potius</strong></span> <span class='ocrx_word' id='word_1_723' title='bbox 2428 2964 2482 3009; x_wconf 90' lang='lat' dir='ltr'><strong>et</strong></span> <span class='ocrx_word' id='word_1_724' title='bbox 2507 2954 2708 3024; x_wconf 88' lang='lat' dir='ltr'><strong>impetu</strong></span> <span class='ocrx_word' id='word_1_725' title='bbox 2735 2954 3001 3024; x_wconf 88' lang='lat' dir='ltr'><strong>quodam,</strong></span> <span class='ocrx_word' id='word_1_726' title='bbox 3034 2970 3192 3025; x_wconf 90' lang='lat' dir='ltr'><strong>quam</strong></span> <span class='ocrx_word' id='word_1_727' title='bbox 3235 2957 3575 3026; x_wconf 89' lang='lat' dir='ltr'><strong>improbitate</strong></span> <span class='ocrx_word' id='word_1_728' title='bbox 3623 2960 3670 3011; x_wconf 87' lang='lat' dir='ltr'><strong>id</strong></span> <span class='ocrx_word' id='word_1_729' title='bbox 3723 2961 3800 3012; x_wconf 84' lang='lat' dir='ltr'><strong>fc-</strong></span> 
     </span>
    </p>
   </div>
   <div class='ocr_carea' id='block_1_92' title="bbox 2221 3045 3801 3116">
    <p class='ocr_par' dir='ltr' id='par_1_92' title="bbox 2221 3045 3801 3116">
     <span class='ocr_line' id='line_1_92' title="bbox 2221 3045 3801 3116; baseline 0.001 -16"><span class='ocrx_word' id='word_1_730' title='bbox 2221 3047 2362 3100; x_wconf 87' lang='lat' dir='ltr'><strong>cisse</strong></span> <span class='ocrx_word' id='word_1_731' title='bbox 2391 3061 2456 3100; x_wconf 77' lang='lat' dir='ltr'><strong>cx</strong></span> <span class='ocrx_word' id='word_1_732' title='bbox 2483 3060 2548 3099; x_wconf 82' lang='lat' dir='ltr'><strong>eo</strong></span> <span class='ocrx_word' id='word_1_733' title='bbox 2578 3045 2908 3115; x_wconf 89' lang='lat' dir='ltr'><strong>intelligitur,</strong></span> <span class='ocrx_word' id='word_1_734' title='bbox 2941 3047 3078 3116; x_wconf 90' lang='lat' dir='ltr'><strong>quod</strong></span> <span class='ocrx_word' id='word_1_735' title='bbox 3103 3048 3211 3100; x_wconf 92' lang='lat' dir='ltr'><strong>cito</strong></span> <span class='ocrx_word' id='word_1_736' title='bbox 3239 3047 3386 3102; x_wconf 91' lang='lat' dir='ltr'><strong>illum</strong></span> <span class='ocrx_word' id='word_1_737' title='bbox 3415 3047 3606 3101; x_wconf 87' lang='lat' dir='ltr'><strong>dimitti</strong></span> <span class='ocrx_word' id='word_1_738' title='bbox 3635 3049 3801 3114; x_wconf 79' lang='lat' dir='ltr'><strong>jusse-</strong></span> 
     </span>
    </p>
   </div>
   <div class='ocr_carea' id='block_1_93' title="bbox 2222 3139 3794 3206">
    <p class='ocr_par' dir='ltr' id='par_1_93' title="bbox 2222 3139 3794 3206">
     <span class='ocr_line' id='line_1_93' title="bbox 2222 3139 3794 3206; baseline 0.001 -15"><span class='ocrx_word' id='word_1_739' title='bbox 2222 3147 2384 3201; x_wconf 89' lang='lat' dir='ltr'><strong>runt,</strong></span> <span class='ocrx_word' id='word_1_740' title='bbox 2428 3149 2589 3206; x_wconf 89' lang='lat' dir='ltr'><strong>atque</strong></span> <span class='ocrx_word' id='word_1_741' title='bbox 2636 3139 2685 3191; x_wconf 89' lang='lat' dir='ltr'><strong>in</strong></span> <span class='ocrx_word' id='word_1_742' title='bbox 2734 3146 2878 3191; x_wconf 89' lang='lat' dir='ltr'><strong>metu</strong></span> <span class='ocrx_word' id='word_1_743' title='bbox 2911 3149 3095 3206; x_wconf 70' lang='lat' dir='ltr'><strong>postea</strong></span> <span class='ocrx_word' id='word_1_744' title='bbox 3141 3140 3373 3192; x_wconf 86' lang='lat' dir='ltr'><strong>fuerunt.</strong></span> <span class='ocrx_word' id='word_1_745' title='bbox 3407 3139 3794 3193; x_wconf 88' lang='lat' dir='ltr'><strong>Testimonium</strong></span> 
     </span>
    </p>
   </div>
   <div class='ocr_carea' id='block_1_94' title="bbox 2221 3229 3795 3297">
    <p class='ocr_par' dir='ltr' id='par_1_94' title="bbox 2221 3229 3795 3297">
     <span class='ocr_line' id='line_1_94' title="bbox 2221 3229 3795 3297; baseline 0 -15"><span class='ocrx_word' id='word_1_746' title='bbox 2221 3238 2399 3283; x_wconf 87' lang='lat' dir='ltr'><strong>autem</strong></span> <span class='ocrx_word' id='word_1_747' title='bbox 2433 3229 2537 3282; x_wconf 82' lang='lat' dir='ltr'><strong>illis</strong></span> <span class='ocrx_word' id='word_1_748' title='bbox 2566 3229 2656 3282; x_wconf 87' lang='lat' dir='ltr'><strong>dat</strong></span> <span class='ocrx_word' id='word_1_749' title='bbox 2702 3245 2808 3282; x_wconf 91' lang='lat' dir='ltr'><strong>non</strong></span> <span class='ocrx_word' id='word_1_750' title='bbox 2841 3230 3012 3284; x_wconf 90' lang='lat' dir='ltr'><strong>solum</strong></span> <span class='ocrx_word' id='word_1_751' title='bbox 3047 3229 3169 3283; x_wconf 83' lang='lat' dir='ltr'><strong>fidei</strong></span> <span class='ocrx_word' id='word_1_752' title='bbox 3214 3238 3268 3283; x_wconf 92' lang='lat' dir='ltr'><strong>et</strong></span> <span class='ocrx_word' id='word_1_753' title='bbox 3309 3230 3663 3297; x_wconf 88' lang='lat' dir='ltr'><strong>periculorum</strong></span> <span class='ocrx_word' id='word_1_754' title='bbox 3705 3247 3795 3282; x_wconf 84' lang='lat' dir='ltr'><strong>no-</strong></span> 
     </span>
    </p>
   </div>
   <div class='ocr_carea' id='block_1_95' title="bbox 2223 3317 3800 3388">
    <p class='ocr_par' dir='ltr' id='par_1_95' title="bbox 2223 3317 3800 3388">
     <span class='ocr_line' id='line_1_95' title="bbox 2223 3317 3800 3388; baseline 0 -16"><span class='ocrx_word' id='word_1_755' title='bbox 2223 3319 2367 3372; x_wconf 88' lang='lat' dir='ltr'><strong>mine</strong></span> <span class='ocrx_word' id='word_1_756' title='bbox 2391 3358 2406 3383; x_wconf 92' lang='lat'><strong>,</strong></span> <span class='ocrx_word' id='word_1_757' title='bbox 2436 3319 2526 3374; x_wconf 71' lang='lat' dir='ltr'><strong>sed</strong></span> <span class='ocrx_word' id='word_1_758' title='bbox 2559 3319 2722 3372; x_wconf 88' lang='lat' dir='ltr'><strong>etiam</strong></span> <span class='ocrx_word' id='word_1_759' title='bbox 2752 3317 3152 3382; x_wconf 70' lang='lat' dir='ltr'><strong>beneficentiae,</strong></span> <span class='ocrx_word' id='word_1_760' title='bbox 3202 3317 3292 3371; x_wconf 87' lang='lat' dir='ltr'><strong>ubi</strong></span> <span class='ocrx_word' id='word_1_761' title='bbox 3332 3319 3535 3388; x_wconf 86' lang='lat' dir='ltr'><strong>inquit,</strong></span> <span class='ocrx_word' id='word_1_762' title='bbox 3578 3319 3728 3386; x_wconf 84' lang='lat' dir='ltr'><strong>Quod</strong></span> <span class='ocrx_word' id='word_1_763' title='bbox 3755 3331 3800 3373; x_wconf 92' lang='lat' dir='ltr'><strong>et</strong></span> 
     </span>
    </p>
   </div>
   <div class='ocr_carea' id='block_1_96' title="bbox 2221 3408 3797 3478">
    <p class='ocr_par' dir='ltr' id='par_1_96' title="bbox 2221 3408 3797 3478">
     <span class='ocr_line' id='line_1_96' title="bbox 2221 3408 3797 3478; baseline 0 -16"><span class='ocrx_word' id='word_1_764' title='bbox 2221 3411 2274 3462; x_wconf 84' lang='lat' dir='ltr'><strong>in</strong></span> <span class='ocrx_word' id='word_1_765' title='bbox 2303 3408 2554 3478; x_wconf 84' lang='lat' dir='ltr'><strong>principio</strong></span> <span class='ocrx_word' id='word_1_766' title='bbox 2581 3409 2847 3478; x_wconf 85' lang='lat' dir='ltr'><strong>evangelii,</strong></span> <span class='ocrx_word' id='word_1_767' title='bbox 2878 3418 2924 3461; x_wconf 90' lang='lat' dir='ltr'><strong>et</strong></span> <span class='ocrx_word' id='word_1_768' title='bbox 2952 3409 3104 3462; x_wconf 85' lang='lat' dir='ltr'><strong>semel</strong></span> <span class='ocrx_word' id='word_1_769' title='bbox 3127 3417 3174 3462; x_wconf 84' lang='lat' dir='ltr'><strong>et</strong></span> <span class='ocrx_word' id='word_1_770' title='bbox 3201 3408 3274 3463; x_wconf 87' lang='lat' dir='ltr'><strong>bis</strong></span> <span class='ocrx_word' id='word_1_771' title='bbox 3302 3409 3356 3462; x_wconf 85' lang='lat' dir='ltr'><strong>in</strong></span> <span class='ocrx_word' id='word_1_772' title='bbox 3383 3425 3528 3462; x_wconf 75' lang='lat' dir='ltr'><strong>usum</strong></span> <span class='ocrx_word' id='word_1_773' title='bbox 3557 3410 3680 3462; x_wconf 89' lang='lat' dir='ltr'><strong>mihi</strong></span> <span class='ocrx_word' id='word_1_774' title='bbox 3702 3410 3797 3462; x_wconf 89' lang='lat' dir='ltr'><strong>mi-</strong></span> 
     </span>
    </p>
   </div>
   <div class='ocr_carea' id='block_1_97' title="bbox 2221 3497 3794 3568">
    <p class='ocr_par' dir='ltr' id='par_1_97' title="bbox 2221 3497 3794 3568">
     <span class='ocr_line' id='line_1_97' title="bbox 2221 3497 3794 3568; baseline -0.001 -15"><span class='ocrx_word' id='word_1_775' title='bbox 2221 3500 2355 3553; x_wconf 84' lang='lat' dir='ltr'><strong>sistis</strong></span> <span class='ocrx_word' id='word_1_776' title='bbox 2378 3541 2392 3565; x_wconf 95' lang='lat'><strong>,</strong></span> <span class='ocrx_word' id='word_1_777' title='bbox 2422 3500 2619 3552; x_wconf 86' lang='lat' dir='ltr'><strong>nemine</strong></span> <span class='ocrx_word' id='word_1_778' title='bbox 2647 3500 2752 3553; x_wconf 88' lang='lat' dir='ltr'><strong>alio</strong></span> <span class='ocrx_word' id='word_1_779' title='bbox 2795 3499 2850 3550; x_wconf 87' lang='lat' dir='ltr'><strong>id</strong></span> <span class='ocrx_word' id='word_1_780' title='bbox 2898 3508 3169 3568; x_wconf 77' lang='lat' dir='ltr'><strong>prwstante</strong></span> <span class='ocrx_word' id='word_1_781' title='bbox 3195 3513 3212 3552; x_wconf 69' lang='grc' dir='ltr'><em>τ</em></span> <span class='ocrx_word' id='word_1_782' title='bbox 3242 3514 3364 3552; x_wconf 87' lang='lat' dir='ltr'><strong>nam</strong></span> <span class='ocrx_word' id='word_1_783' title='bbox 3388 3540 3404 3564; x_wconf 94' lang='lat'><strong>,</strong></span> <span class='ocrx_word' id='word_1_784' title='bbox 3441 3497 3606 3553; x_wconf 84' lang='lat' dir='ltr'><strong>Nulla</strong></span> <span class='ocrx_word' id='word_1_785' title='bbox 3633 3500 3757 3552; x_wconf 86' lang='lat' dir='ltr'><strong>mihi</strong></span> <span class='ocrx_word' id='word_1_786' title='bbox 3778 3539 3794 3564; x_wconf 95' lang='lat'><strong>,</strong></span> 
     </span>
    </p>
   </div>
   <div class='ocr_carea' id='block_1_98' title="bbox 2224 3585 3799 3660">
    <p class='ocr_par' dir='ltr' id='par_1_98' title="bbox 2224 3585 3799 3660">
     <span class='ocr_line' id='line_1_98' title="bbox 2224 3585 3799 3660; baseline 0 -16"><span class='ocrx_word' id='word_1_787' title='bbox 2224 3591 2429 3660; x_wconf 90' lang='lat' dir='ltr'><strong>inquit,</strong></span> <span class='ocrx_word' id='word_1_788' title='bbox 2464 3590 2695 3643; x_wconf 81' lang='lat' dir='ltr'><strong>Ecclesia</strong></span> <span class='ocrx_word' id='word_1_789' title='bbox 2745 3585 3128 3659; x_wconf 62' lang='lat' dir='ltr'><strong>communicavit</strong></span> <span class='ocrx_word' id='word_1_790' title='bbox 3169 3590 3220 3642; x_wconf 90' lang='lat' dir='ltr'><strong>in</strong></span> <span class='ocrx_word' id='word_1_791' title='bbox 3269 3591 3463 3644; x_wconf 85' lang='lat' dir='ltr'><strong>ratione</strong></span> <span class='ocrx_word' id='word_1_792' title='bbox 3490 3593 3597 3642; x_wconf 87' lang='lat' dir='ltr'><strong>dati</strong></span> <span class='ocrx_word' id='word_1_793' title='bbox 3625 3601 3673 3644; x_wconf 88' lang='lat' dir='ltr'><strong>et</strong></span> <span class='ocrx_word' id='word_1_794' title='bbox 3715 3608 3799 3644; x_wconf 88' lang='lat' dir='ltr'><strong>ac-</strong></span> 
     </span>
    </p>
   </div>
   <div class='ocr_carea' id='block_1_99' title="bbox 2220 3681 3802 3753">
    <p class='ocr_par' dir='ltr' id='par_1_99' title="bbox 2220 3681 3802 3753">
     <span class='ocr_line' id='line_1_99' title="bbox 2220 3681 3802 3753; baseline 0 -16"><span class='ocrx_word' id='word_1_795' title='bbox 2220 3685 2349 3750; x_wconf 86' lang='lat' dir='ltr'><strong>cepti</strong></span> <span class='ocrx_word' id='word_1_796' title='bbox 2395 3682 2764 3751; x_wconf 73' lang='grc' dir='ltr'><strong>(Ιὺίά.υ.15.</strong></span> <span class='ocrx_word' id='word_1_797' title='bbox 2794 3683 2903 3753; x_wconf 83' lang='grc'><strong>16).</strong></span> <span class='ocrx_word' id='word_1_798' title='bbox 2965 3682 3118 3749; x_wconf 88' lang='lat' dir='ltr'><strong>Quod</strong></span> <span class='ocrx_word' id='word_1_799' title='bbox 3185 3683 3229 3736; x_wconf 87' lang='lat' dir='ltr'><strong>si</strong></span> <span class='ocrx_word' id='word_1_800' title='bbox 3294 3681 3582 3752; x_wconf 85' lang='lat' dir='ltr'><strong>aliquando</strong></span> <span class='ocrx_word' id='word_1_801' title='bbox 3638 3684 3802 3737; x_wconf 86' lang='lat' dir='ltr'><strong>inter-</strong></span> 
     </span>
    </p>
   </div>
   <div class='ocr_carea' id='block_1_100' title="bbox 2223 3774 3800 3844">
    <p class='ocr_par' dir='ltr' id='par_1_100' title="bbox 2223 3774 3800 3844">
     <span class='ocr_line' id='line_1_100' title="bbox 2223 3774 3800 3844; baseline -0.003 -14"><span class='ocrx_word' id='word_1_802' title='bbox 2223 3777 2487 3839; x_wconf 90' lang='lat' dir='ltr'><strong>miserint,</strong></span> <span class='ocrx_word' id='word_1_803' title='bbox 2521 3775 2862 3830; x_wconf 86' lang='lat' dir='ltr'><strong>occasionem</strong></span> <span class='ocrx_word' id='word_1_804' title='bbox 2895 3775 3094 3844; x_wconf 88' lang='lat' dir='ltr'><strong>potius,</strong></span> <span class='ocrx_word' id='word_1_805' title='bbox 3123 3789 3280 3843; x_wconf 90' lang='lat' dir='ltr'><strong>quam</strong></span> <span class='ocrx_word' id='word_1_806' title='bbox 3310 3775 3641 3828; x_wconf 85' lang='lat' dir='ltr'><strong>voluntatem</strong></span> <span class='ocrx_word' id='word_1_807' title='bbox 3671 3774 3800 3844; x_wconf 46' lang='lat' dir='ltr'><strong>ipsis</strong></span> 
     </span>
    </p>
   </div>
   <div class='ocr_carea' id='block_1_101' title="bbox 2222 3866 3800 3936">
    <p class='ocr_par' dir='ltr' id='par_1_101' title="bbox 2222 3866 3800 3936">
     <span class='ocr_line' id='line_1_101' title="bbox 2222 3866 3800 3936; baseline -0.001 -13"><span class='ocrx_word' id='word_1_808' title='bbox 2222 3870 2456 3924; x_wconf 89' lang='lat' dir='ltr'><strong>defuisse</strong></span> <span class='ocrx_word' id='word_1_809' title='bbox 2487 3869 2603 3922; x_wconf 89' lang='lat' dir='ltr'><strong>istis</strong></span> <span class='ocrx_word' id='word_1_810' title='bbox 2645 3868 2824 3922; x_wconf 86' lang='lat' dir='ltr'><strong>verbis</strong></span> <span class='ocrx_word' id='word_1_811' title='bbox 2851 3866 3086 3920; x_wconf 87' lang='lat' dir='ltr'><strong>ostendit</strong></span> <span class='ocrx_word' id='word_1_812' title='bbox 3113 3884 3125 3920; x_wconf 90' lang='lat'><strong>:</strong></span> <span class='ocrx_word' id='word_1_813' title='bbox 3158 3866 3272 3921; x_wconf 83' lang='lat' dir='ltr'><strong>Non</strong></span> <span class='ocrx_word' id='word_1_814' title='bbox 3298 3867 3440 3936; x_wconf 65' lang='lat' dir='ltr'><strong>quod</strong></span> <span class='ocrx_word' id='word_1_815' title='bbox 3469 3884 3574 3921; x_wconf 92' lang='lat' dir='ltr'><strong>non</strong></span> <span class='ocrx_word' id='word_1_816' title='bbox 3613 3867 3680 3922; x_wconf 91' lang='lat' dir='ltr'><strong>de</strong></span> <span class='ocrx_word' id='word_1_817' title='bbox 3710 3884 3800 3922; x_wconf 89' lang='lat' dir='ltr'><strong>me</strong></span> 
     </span>
    </p>
   </div>
   <div class='ocr_carea' id='block_1_102' title="bbox 2223 3957 3793 4026">
    <p class='ocr_par' dir='ltr' id='par_1_102' title="bbox 2223 3957 3793 4026">
     <span class='ocr_line' id='line_1_102' title="bbox 2223 3957 3793 4026; baseline -0.001 -12"><span class='ocrx_word' id='word_1_818' title='bbox 2223 3961 2360 4014; x_wconf 89' lang='lat' dir='ltr'><strong>bene</strong></span> <span class='ocrx_word' id='word_1_819' title='bbox 2388 3959 2680 4023; x_wconf 89' lang='lat' dir='ltr'><strong>sentiretis,</strong></span> <span class='ocrx_word' id='word_1_820' title='bbox 2708 3958 2913 4026; x_wconf 91' lang='lat' dir='ltr'><strong>inquit,</strong></span> <span class='ocrx_word' id='word_1_821' title='bbox 2946 3957 3040 4010; x_wconf 87' lang='lat' dir='ltr'><strong>sed</strong></span> <span class='ocrx_word' id='word_1_822' title='bbox 3071 3957 3315 4025; x_wconf 91' lang='lat' dir='ltr'><strong>occupati</strong></span> <span class='ocrx_word' id='word_1_823' title='bbox 3355 3958 3539 4011; x_wconf 85' lang='lat' dir='ltr'><strong>eratis.</strong></span> <span class='ocrx_word' id='word_1_824' title='bbox 3575 3957 3629 4012; x_wconf 88' lang='lat' dir='ltr'><strong>ld</strong></span> <span class='ocrx_word' id='word_1_825' title='bbox 3664 3973 3793 4012; x_wconf 86' lang='lat' dir='ltr'><strong>vero</strong></span> 
     </span>
    </p>
   </div>
   <div class='ocr_carea' id='block_1_103' title="bbox 2222 4048 3797 4119">
    <p class='ocr_par' dir='ltr' id='par_1_103' title="bbox 2222 4048 3797 4119">
     <span class='ocr_line' id='line_1_103' title="bbox 2222 4048 3797 4119; baseline -0.003 -13"><span class='ocrx_word' id='word_1_826' title='bbox 2222 4066 2474 4119; x_wconf 85' lang='lat' dir='ltr'><strong>magnum</strong></span> <span class='ocrx_word' id='word_1_827' title='bbox 2519 4065 2642 4118; x_wconf 86' lang='lat' dir='ltr'><strong>erga</strong></span> <span class='ocrx_word' id='word_1_828' title='bbox 2689 4050 2831 4117; x_wconf 81' lang='lat' dir='ltr'><strong>ipsus</strong></span> <span class='ocrx_word' id='word_1_829' title='bbox 2870 4048 3070 4101; x_wconf 90' lang='lat' dir='ltr'><strong>amoris</strong></span> <span class='ocrx_word' id='word_1_830' title='bbox 3117 4049 3389 4102; x_wconf 88' lang='lat' dir='ltr'><strong>stimulum</strong></span> <span class='ocrx_word' id='word_1_831' title='bbox 3445 4065 3551 4116; x_wconf 81' lang='lat' dir='ltr'><strong>pra:</strong></span> <span class='ocrx_word' id='word_1_832' title='bbox 3577 4064 3634 4101; x_wconf 86' lang='lat' dir='ltr'><strong>se</strong></span> <span class='ocrx_word' id='word_1_833' title='bbox 3676 4048 3797 4102; x_wconf 88' lang='lat' dir='ltr'><strong>fert.</strong></span> 
     </span>
    </p>
   </div>
   <div class='ocr_carea' id='block_1_104' title="bbox 2222 4139 3800 4210">
    <p class='ocr_par' dir='ltr' id='par_1_104' title="bbox 2222 4139 3800 4210">
     <span class='ocr_line' id='line_1_104' title="bbox 2222 4139 3800 4210; baseline 0.001 -17"><span class='ocrx_word' id='word_1_834' title='bbox 2222 4142 2374 4210; x_wconf 84' lang='lat' dir='ltr'><strong>Quod</strong></span> <span class='ocrx_word' id='word_1_835' title='bbox 2406 4141 2550 4196; x_wconf 88' lang='lat' dir='ltr'><strong>enim</strong></span> <span class='ocrx_word' id='word_1_836' title='bbox 2600 4142 2948 4194; x_wconf 87' lang='lat' dir='ltr'><strong>vehementer</strong></span> <span class='ocrx_word' id='word_1_837' title='bbox 2993 4155 3088 4194; x_wconf 86' lang='lat' dir='ltr'><strong>cos</strong></span> <span class='ocrx_word' id='word_1_838' title='bbox 3131 4139 3412 4205; x_wconf 78' lang='lat' dir='ltr'><strong>dilexerit,</strong></span> <span class='ocrx_word' id='word_1_839' title='bbox 3463 4139 3588 4196; x_wconf 85' lang='lat' dir='ltr'><strong>hinc</strong></span> <span class='ocrx_word' id='word_1_840' title='bbox 3636 4141 3800 4195; x_wconf 84' lang='lat' dir='ltr'><strong>etiam</strong></span> 
     </span>
    </p>
   </div>
   <div class='ocr_carea' id='block_1_105' title="bbox 2227 4231 3799 4298">
    <p class='ocr_par' dir='ltr' id='par_1_105' title="bbox 2227 4231 3799 4298">
     <span class='ocr_line' id='line_1_105' title="bbox 2227 4231 3799 4298; baseline -0.003 -10"><span class='ocrx_word' id='word_1_841' title='bbox 2227 4232 2564 4288; x_wconf 89' lang='lat' dir='ltr'><strong>manifestum</strong></span> <span class='ocrx_word' id='word_1_842' title='bbox 2595 4249 2610 4286; x_wconf 87' lang='lat'><strong>:</strong></span> <span class='ocrx_word' id='word_1_843' title='bbox 2646 4231 2909 4284; x_wconf 78' lang='lat' dir='ltr'><strong>Neminem</strong></span> <span class='ocrx_word' id='word_1_844' title='bbox 2937 4231 3068 4282; x_wconf 90' lang='lat' dir='ltr'><strong>enim</strong></span> <span class='ocrx_word' id='word_1_845' title='bbox 3091 4231 3268 4294; x_wconf 88' lang='lat' dir='ltr'><strong>habeo,</strong></span> <span class='ocrx_word' id='word_1_846' title='bbox 3301 4231 3488 4298; x_wconf 84' lang='lat' dir='ltr'><strong>inquit.</strong></span> <span class='ocrx_word' id='word_1_847' title='bbox 3523 4241 3624 4282; x_wconf 86' lang='lat' dir='ltr'><strong>tant</strong></span> <span class='ocrx_word' id='word_1_848' title='bbox 3666 4249 3799 4283; x_wconf 88' lang='lat' dir='ltr'><strong>una-</strong></span> 
     </span>
    </p>
   </div>
   <div class='ocr_carea' id='block_1_106' title="bbox 2225 4321 3800 4394">
    <p class='ocr_par' dir='ltr' id='par_1_106' title="bbox 2225 4321 3800 4394">
     <span class='ocr_line' id='line_1_106' title="bbox 2225 4321 3800 4394; baseline -0.004 -14"><span class='ocrx_word' id='word_1_849' title='bbox 2225 4328 2408 4380; x_wconf 87' lang='lat' dir='ltr'><strong>nimem</strong></span> <span class='ocrx_word' id='word_1_850' title='bbox 2431 4366 2446 4390; x_wconf 95' lang='lat'><strong>,</strong></span> <span class='ocrx_word' id='word_1_851' title='bbox 2476 4325 2563 4394; x_wconf 85' lang='lat' dir='ltr'><strong>qui</strong></span> <span class='ocrx_word' id='word_1_852' title='bbox 2589 4325 2786 4376; x_wconf 84' lang='lat' dir='ltr'><strong>sincera</strong></span> <span class='ocrx_word' id='word_1_853' title='bbox 2811 4321 3080 4388; x_wconf 75' lang='lat' dir='ltr'><strong>affectione</strong></span> <span class='ocrx_word' id='word_1_854' title='bbox 3121 4339 3214 4392; x_wconf 82' lang='lat' dir='ltr'><strong>pro</strong></span> <span class='ocrx_word' id='word_1_855' title='bbox 3257 4323 3392 4375; x_wconf 69' lang='lat' dir='ltr'><strong>vobis</strong></span> <span class='ocrx_word' id='word_1_856' title='bbox 3422 4324 3670 4374; x_wconf 87' lang='lat' dir='ltr'><strong>sollicitus</strong></span> <span class='ocrx_word' id='word_1_857' title='bbox 3695 4323 3800 4385; x_wconf 84' lang='lat' dir='ltr'><strong>sit;</strong></span> 
     </span>
    </p>
   </div>
   <div class='ocr_carea' id='block_1_107' title="bbox 2226 4414 3802 4483">
    <p class='ocr_par' dir='ltr' id='par_1_107' title="bbox 2226 4414 3802 4483">
     <span class='ocr_line' id='line_1_107' title="bbox 2226 4414 3802 4483; baseline -0.004 -10"><span class='ocrx_word' id='word_1_858' title='bbox 2226 4432 2279 4474; x_wconf 90' lang='lat' dir='ltr'><strong>et</strong></span> <span class='ocrx_word' id='word_1_859' title='bbox 2313 4434 2519 4482; x_wconf 87' lang='lat' dir='ltr'><strong>rursus,</strong></span> <span class='ocrx_word' id='word_1_860' title='bbox 2555 4415 2635 4470; x_wconf 78' lang='lat' dir='ltr'><strong>Ea:</strong></span> <span class='ocrx_word' id='word_1_861' title='bbox 2661 4431 2720 4468; x_wconf 86' lang='lat' dir='ltr'><strong>eo</strong></span> <span class='ocrx_word' id='word_1_862' title='bbox 2747 4415 2882 4483; x_wconf 84' lang='lat' dir='ltr'><strong>quod</strong></span> <span class='ocrx_word' id='word_1_863' title='bbox 2911 4414 3120 4467; x_wconf 91' lang='lat' dir='ltr'><strong>habeam</strong></span> <span class='ocrx_word' id='word_1_864' title='bbox 3147 4431 3233 4467; x_wconf 87' lang='lat' dir='ltr'><strong>vos</strong></span> <span class='ocrx_word' id='word_1_865' title='bbox 3256 4414 3305 4466; x_wconf 90' lang='lat' dir='ltr'><strong>in</strong></span> <span class='ocrx_word' id='word_1_866' title='bbox 3337 4415 3489 4467; x_wconf 84' lang='lat' dir='ltr'><strong>corde</strong></span> <span class='ocrx_word' id='word_1_867' title='bbox 3508 4415 3560 4466; x_wconf 83' lang='lat' dir='ltr'><strong>in</strong></span> <span class='ocrx_word' id='word_1_868' title='bbox 3593 4415 3802 4467; x_wconf 74' lang='lat' dir='ltr'><strong>vinculis</strong></span> 
     </span>
    </p>
   </div>
   <div class='ocr_carea' id='block_1_108' title="bbox 2225 4506 2979 4580">
    <p class='ocr_par' dir='ltr' id='par_1_108' title="bbox 2225 4506 2979 4580">
     <span class='ocr_line' id='line_1_108' title="bbox 2225 4506 2979 4580; baseline -0.011 -15"><span class='ocrx_word' id='word_1_869' title='bbox 2225 4513 2345 4565; x_wconf 89' lang='lat' dir='ltr'><strong>meis</strong></span> <span class='ocrx_word' id='word_1_870' title='bbox 2366 4507 2525 4580; x_wconf 83' lang='lat' dir='ltr'><strong>(Ibid.</strong></span> <span class='ocrx_word' id='word_1_871' title='bbox 2552 4508 2607 4562; x_wconf 93' lang='lat'><strong>2.</strong></span> <span class='ocrx_word' id='word_1_872' title='bbox 2635 4506 2723 4561; x_wconf 90' lang='lat'><strong>20.</strong></span> <span class='ocrx_word' id='word_1_873' title='bbox 2756 4517 2800 4560; x_wconf 90' lang='lat' dir='ltr'><strong>et</strong></span> <span class='ocrx_word' id='word_1_874' title='bbox 2828 4507 2870 4560; x_wconf 88' lang='lat' dir='ltr'><strong>l.</strong></span> <span class='ocrx_word' id='word_1_875' title='bbox 2899 4507 2979 4574; x_wconf 82' lang='lat'><strong>7).</strong></span> 
     </span>
    </p>
   </div>
   <div class='ocr_carea' id='block_1_109' title="bbox 2297 4597 3803 4670">
    <p class='ocr_par' dir='ltr' id='par_1_109' title="bbox 2297 4597 3803 4670">
     <span class='ocr_line' id='line_1_109' title="bbox 2297 4597 3803 4670; baseline -0.004 -14"><span class='ocrx_word' id='word_1_876' title='bbox 2297 4604 2352 4657; x_wconf 86' lang='lat'><strong>5.</strong></span> <span class='ocrx_word' id='word_1_877' title='bbox 2376 4601 2522 4655; x_wconf 88' lang='lat' dir='ltr'><strong>Bona</strong></span> <span class='ocrx_word' id='word_1_878' title='bbox 2550 4617 2705 4670; x_wconf 82' lang='lat' dir='ltr'><strong>opera</strong></span> <span class='ocrx_word' id='word_1_879' title='bbox 2726 4598 3170 4653; x_wconf 87' lang='lat' dir='ltr'><strong>commendantur.</strong></span> <span class='ocrx_word' id='word_1_880' title='bbox 3198 4627 3267 4638; x_wconf 92' lang='lat'><strong>-—</strong></span> <span class='ocrx_word' id='word_1_881' title='bbox 3294 4597 3419 4654; x_wconf 84' lang='lat' dir='ltr'><strong>lla-c</strong></span> <span class='ocrx_word' id='word_1_882' title='bbox 3448 4597 3607 4663; x_wconf 67' lang='lat' dir='ltr'><strong>igitur</strong></span> <span class='ocrx_word' id='word_1_883' title='bbox 3622 4605 3678 4651; x_wconf 87' lang='lat' dir='ltr'><strong>et</strong></span> <span class='ocrx_word' id='word_1_884' title='bbox 3707 4613 3803 4651; x_wconf 77' lang='lat' dir='ltr'><strong>nos</strong></span> 
     </span>
    </p>
   </div>
   <div class='ocr_carea' id='block_1_110' title="bbox 2228 4687 3805 4764">
    <p class='ocr_par' dir='ltr' id='par_1_110' title="bbox 2228 4687 3805 4764">
     <span class='ocr_line' id='line_1_110' title="bbox 2228 4687 3805 4764; baseline -0.006 -14"><span class='ocrx_word' id='word_1_885' title='bbox 2228 4695 2604 4764; x_wconf 76' lang='lat' dir='ltr'><strong>intelligemus,</strong></span> <span class='ocrx_word' id='word_1_886' title='bbox 2630 4707 2693 4746; x_wconf 91' lang='lat' dir='ltr'><strong>ac</strong></span> <span class='ocrx_word' id='word_1_887' title='bbox 2713 4701 2788 4744; x_wconf 90' lang='lat' dir='ltr'><strong>tot</strong></span> <span class='ocrx_word' id='word_1_888' title='bbox 2818 4689 3076 4744; x_wconf 85' lang='lat' dir='ltr'><strong>habentes</strong></span> <span class='ocrx_word' id='word_1_889' title='bbox 3105 4690 3344 4742; x_wconf 89' lang='lat' dir='ltr'><strong>caritatis</strong></span> <span class='ocrx_word' id='word_1_890' title='bbox 3365 4687 3621 4742; x_wconf 83' lang='lat' dir='ltr'><strong>formulas</strong></span> <span class='ocrx_word' id='word_1_891' title='bbox 3645 4699 3805 4757; x_wconf 89' lang='lat' dir='ltr'><strong>atque</strong></span> 
     </span>
    </p>
   </div>
   <div class='ocr_carea' id='block_1_111' title="bbox 2227 4779 3803 4855">
    <p class='ocr_par' dir='ltr' id='par_1_111' title="bbox 2227 4779 3803 4855">
     <span class='ocr_line' id='line_1_111' title="bbox 2227 4779 3803 4855; baseline -0.006 -12"><span class='ocrx_word' id='word_1_892' title='bbox 2227 4785 2575 4855; x_wconf 78' lang='lat' dir='ltr'><strong>exemplaria,</strong></span> <span class='ocrx_word' id='word_1_893' title='bbox 2609 4784 2939 4851; x_wconf 69' lang='lat' dir='ltr'><strong>prazbeamus</strong></span> <span class='ocrx_word' id='word_1_894' title='bbox 2969 4797 3067 4836; x_wconf 89' lang='lat' dir='ltr'><strong>nos</strong></span> <span class='ocrx_word' id='word_1_895' title='bbox 3094 4781 3238 4850; x_wconf 84' lang='lat' dir='ltr'><strong>ipsos</strong></span> <span class='ocrx_word' id='word_1_896' title='bbox 3267 4780 3459 4850; x_wconf 85' lang='lat' dir='ltr'><strong>dignos</strong></span> <span class='ocrx_word' id='word_1_897' title='bbox 3502 4779 3803 4848; x_wconf 87' lang='lat' dir='ltr'><strong>hujusmodi</strong></span> 
     </span>
    </p>
   </div>
   <div class='ocr_carea' id='block_1_112' title="bbox 2228 4867 3804 4945">
    <p class='ocr_par' dir='ltr' id='par_1_112' title="bbox 2228 4867 3804 4945">
     <span class='ocr_line' id='line_1_112' title="bbox 2228 4867 3804 4945; baseline -0.007 -13"><span class='ocrx_word' id='word_1_898' title='bbox 2228 4875 2510 4945; x_wconf 78' lang='lat' dir='ltr'><strong>exemplis,</strong></span> <span class='ocrx_word' id='word_1_899' title='bbox 2532 4873 2761 4943; x_wconf 89' lang='lat' dir='ltr'><strong>prompti</strong></span> <span class='ocrx_word' id='word_1_900' title='bbox 2790 4887 2852 4925; x_wconf 89' lang='lat' dir='ltr'><strong>ac</strong></span> <span class='ocrx_word' id='word_1_901' title='bbox 2881 4871 3047 4941; x_wconf 88' lang='lat' dir='ltr'><strong>parati</strong></span> <span class='ocrx_word' id='word_1_902' title='bbox 3077 4885 3175 4939; x_wconf 90' lang='lat' dir='ltr'><strong>pro</strong></span> <span class='ocrx_word' id='word_1_903' title='bbox 3199 4871 3414 4923; x_wconf 79' lang='lat' dir='ltr'><strong>Christo</strong></span> <span class='ocrx_word' id='word_1_904' title='bbox 3447 4867 3804 4938; x_wconf 82' lang='lat' dir='ltr'><strong>pati.Eteuim</strong></span> 
     </span>
    </p>
   </div>
   <div class='ocr_carea' id='block_1_113' title="bbox 2231 4963 3804 5038">
    <p class='ocr_par' dir='ltr' id='par_1_113' title="bbox 2231 4963 3804 5038">
     <span class='ocr_line' id='line_1_113' title="bbox 2231 4963 3804 5038; baseline -0.006 -13"><span class='ocrx_word' id='word_1_905' title='bbox 2231 4971 2333 5026; x_wconf 90' lang='lat' dir='ltr'><strong>hoc</strong></span> <span class='ocrx_word' id='word_1_906' title='bbox 2362 4979 2604 5038; x_wconf 88' lang='lat' dir='ltr'><strong>tempore</strong></span> <span class='ocrx_word' id='word_1_907' title='bbox 2632 4983 2738 5021; x_wconf 91' lang='lat' dir='ltr'><strong>nou</strong></span> <span class='ocrx_word' id='word_1_908' title='bbox 2770 4975 2852 5020; x_wconf 87' lang='lat' dir='ltr'><strong>est</strong></span> <span class='ocrx_word' id='word_1_909' title='bbox 2875 5008 2889 5031; x_wconf 94' lang='lat'><strong>,</strong></span> <span class='ocrx_word' id='word_1_910' title='bbox 2922 4966 3009 5034; x_wconf 92' lang='lat' dir='ltr'><strong>qui</strong></span> <span class='ocrx_word' id='word_1_911' title='bbox 3041 4963 3376 5020; x_wconf 86' lang='lat' dir='ltr'><strong>Christianos</strong></span> <span class='ocrx_word' id='word_1_912' title='bbox 3423 4964 3717 5018; x_wconf 88' lang='lat' dir='ltr'><strong>insectctur</strong></span> <span class='ocrx_word' id='word_1_913' title='bbox 3755 4971 3804 5017; x_wconf 90' lang='lat' dir='ltr'><strong>et</strong></span> 
     </span>
    </p>
   </div>
   <div class='ocr_carea' id='block_1_114' title="bbox 2229 5056 3808 5129">
    <p class='ocr_par' dir='ltr' id='par_1_114' title="bbox 2229 5056 3808 5129">
     <span class='ocr_line' id='line_1_114' title="bbox 2229 5056 3808 5129; baseline -0.006 -12"><span class='ocrx_word' id='word_1_914' title='bbox 2229 5070 2406 5116; x_wconf 81' lang='lat' dir='ltr'><strong>vexet.</strong></span> <span class='ocrx_word' id='word_1_915' title='bbox 2438 5059 2604 5129; x_wconf 83' lang='lat' dir='ltr'><strong>Ergo,</strong></span> <span class='ocrx_word' id='word_1_916' title='bbox 2638 5059 2724 5112; x_wconf 82' lang='lat' dir='ltr'><strong>tibi</strong></span> <span class='ocrx_word' id='word_1_917' title='bbox 2753 5057 2885 5112; x_wconf 90' lang='lat' dir='ltr'><strong>nihil</strong></span> <span class='ocrx_word' id='word_1_918' title='bbox 2911 5056 3052 5111; x_wconf 88' lang='lat' dir='ltr'><strong>aliud</strong></span> <span class='ocrx_word' id='word_1_919' title='bbox 3071 5099 3084 5121; x_wconf 94' lang='lat'><strong>,</strong></span> <span class='ocrx_word' id='word_1_920' title='bbox 3114 5056 3305 5111; x_wconf 90' lang='lat' dir='ltr'><strong>saltem</strong></span> <span class='ocrx_word' id='word_1_921' title='bbox 3337 5056 3610 5110; x_wconf 82' lang='lat' dir='ltr'><strong>efficacem</strong></span> <span class='ocrx_word' id='word_1_922' title='bbox 3638 5064 3693 5109; x_wconf 89' lang='lat' dir='ltr'><strong>et</strong></span> <span class='ocrx_word' id='word_1_923' title='bbox 3721 5071 3808 5108; x_wconf 82' lang='lat' dir='ltr'><strong>ve-</strong></span> 
     </span>
    </p>
   </div>
   <div class='ocr_carea' id='block_1_115' title="bbox 2230 5148 3810 5217">
    <p class='ocr_par' dir='ltr' id='par_1_115' title="bbox 2230 5148 3810 5217">
     <span class='ocr_line' id='line_1_115' title="bbox 2230 5148 3810 5217; baseline -0.004 -9"><span class='ocrx_word' id='word_1_924' title='bbox 2230 5154 2536 5208; x_wconf 86' lang='lat' dir='ltr'><strong>hementem</strong></span> <span class='ocrx_word' id='word_1_925' title='bbox 2577 5151 2788 5206; x_wconf 90' lang='lat' dir='ltr'><strong>illorum</strong></span> <span class='ocrx_word' id='word_1_926' title='bbox 2837 5148 3241 5204; x_wconf 89' lang='lat' dir='ltr'><strong>beneficentiam</strong></span> <span class='ocrx_word' id='word_1_927' title='bbox 3281 5149 3585 5212; x_wconf 86' lang='lat' dir='ltr'><strong>imitemur,</strong></span> <span class='ocrx_word' id='word_1_928' title='bbox 3635 5161 3810 5217; x_wconf 85' lang='lat' dir='ltr'><strong>neque</strong></span> 
     </span>
    </p>
   </div>
   <div class='ocr_carea' id='block_1_116' title="bbox 2231 5239 3812 5311">
    <p class='ocr_par' dir='ltr' id='par_1_116' title="bbox 2231 5239 3812 5311">
     <span class='ocr_line' id='line_1_116' title="bbox 2231 5239 3812 5311; baseline -0.004 -12"><span class='ocrx_word' id='word_1_929' title='bbox 2231 5245 2320 5299; x_wconf 86' lang='lat' dir='ltr'><strong>ubi</strong></span> <span class='ocrx_word' id='word_1_930' title='bbox 2347 5243 2513 5298; x_wconf 90' lang='lat' dir='ltr'><strong>semel</strong></span> <span class='ocrx_word' id='word_1_931' title='bbox 2545 5253 2704 5311; x_wconf 89' lang='lat' dir='ltr'><strong>atque</strong></span> <span class='ocrx_word' id='word_1_932' title='bbox 2733 5242 2926 5296; x_wconf 90' lang='lat' dir='ltr'><strong>iterum</strong></span> <span class='ocrx_word' id='word_1_933' title='bbox 2952 5240 3281 5304; x_wconf 89' lang='lat' dir='ltr'><strong>dederimus,</strong></span> <span class='ocrx_word' id='word_1_934' title='bbox 3312 5242 3455 5294; x_wconf 90' lang='lat' dir='ltr'><strong>omni</strong></span> <span class='ocrx_word' id='word_1_935' title='bbox 3481 5239 3661 5294; x_wconf 89' lang='lat' dir='ltr'><strong>officio</strong></span> <span class='ocrx_word' id='word_1_936' title='bbox 3692 5254 3812 5308; x_wconf 84' lang='lat' dir='ltr'><strong>per-</strong></span> 
     </span>
    </p>
   </div>
   <div class='ocr_carea' id='block_1_117' title="bbox 2233 5334 3810 5403">
    <p class='ocr_par' dir='ltr' id='par_1_117' title="bbox 2233 5334 3810 5403">
     <span class='ocr_line' id='line_1_117' title="bbox 2233 5334 3810 5403; baseline -0.004 -11"><span class='ocrx_word' id='word_1_937' title='bbox 2233 5337 2443 5392; x_wconf 85' lang='lat' dir='ltr'><strong>functos</strong></span> <span class='ocrx_word' id='word_1_938' title='bbox 2496 5349 2595 5389; x_wconf 88' lang='lat' dir='ltr'><strong>nos</strong></span> <span class='ocrx_word' id='word_1_939' title='bbox 2623 5334 2948 5388; x_wconf 88' lang='lat' dir='ltr'><strong>arbitremur</strong></span> <span class='ocrx_word' id='word_1_940' title='bbox 2981 5352 2994 5387; x_wconf 90' lang='lat'><strong>:</strong></span> <span class='ocrx_word' id='word_1_941' title='bbox 3024 5336 3219 5389; x_wconf 89' lang='lat' dir='ltr'><strong>etenim</strong></span> <span class='ocrx_word' id='word_1_942' title='bbox 3259 5349 3354 5403; x_wconf 90' lang='lat' dir='ltr'><strong>per</strong></span> <span class='ocrx_word' id='word_1_943' title='bbox 3401 5348 3614 5388; x_wconf 87' lang='lat' dir='ltr'><strong>onmem</strong></span> <span class='ocrx_word' id='word_1_944' title='bbox 3646 5335 3810 5385; x_wconf 88' lang='lat' dir='ltr'><strong>vitam</strong></span> 
     </span>
    </p>
   </div>
   <div class='ocr_carea' id='block_1_118' title="bbox 2234 5423 3811 5492">
    <p class='ocr_par' dir='ltr' id='par_1_118' title="bbox 2234 5423 3811 5492">
     <span class='ocr_line' id='line_1_118' title="bbox 2234 5423 3811 5492; baseline -0.004 -10"><span class='ocrx_word' id='word_1_945' title='bbox 2234 5428 2286 5482; x_wconf 92' lang='lat' dir='ltr'><strong>id</strong></span> <span class='ocrx_word' id='word_1_946' title='bbox 2331 5426 2632 5481; x_wconf 86' lang='lat' dir='ltr'><strong>faciendum</strong></span> <span class='ocrx_word' id='word_1_947' title='bbox 2673 5434 2756 5479; x_wconf 90' lang='lat' dir='ltr'><strong>est</strong></span> <span class='ocrx_word' id='word_1_948' title='bbox 2785 5445 2798 5479; x_wconf 91' lang='lat'><strong>:</strong></span> <span class='ocrx_word' id='word_1_949' title='bbox 2830 5441 2936 5479; x_wconf 92' lang='lat' dir='ltr'><strong>non</strong></span> <span class='ocrx_word' id='word_1_950' title='bbox 2983 5426 3127 5480; x_wconf 91' lang='lat' dir='ltr'><strong>enim</strong></span> <span class='ocrx_word' id='word_1_951' title='bbox 3176 5425 3377 5488; x_wconf 88' lang='lat' dir='ltr'><strong>semel,</strong></span> <span class='ocrx_word' id='word_1_952' title='bbox 3406 5423 3498 5477; x_wconf 90' lang='lat' dir='ltr'><strong>sed</strong></span> <span class='ocrx_word' id='word_1_953' title='bbox 3549 5432 3811 5492; x_wconf 87' lang='lat' dir='ltr'><strong>perpetuo</strong></span> 
     </span>
    </p>
   </div>
   <div class='ocr_carea' id='block_1_119' title="bbox 2233 5515 3814 5589">
    <p class='ocr_par' dir='ltr' id='par_1_119' title="bbox 2233 5515 3814 5589">
     <span class='ocr_line' id='line_1_119' title="bbox 2233 5515 3814 5589; baseline -0.003 -16"><span class='ocrx_word' id='word_1_954' title='bbox 2233 5519 2446 5589; x_wconf 86' lang='lat' dir='ltr'><strong>placere</strong></span> <span class='ocrx_word' id='word_1_955' title='bbox 2477 5526 2709 5586; x_wconf 86' lang='lat' dir='ltr'><strong>oportet.</strong></span> <span class='ocrx_word' id='word_1_956' title='bbox 2740 5517 2872 5571; x_wconf 84' lang='lat' dir='ltr'><strong>Nam</strong></span> <span class='ocrx_word' id='word_1_957' title='bbox 2895 5517 2984 5587; x_wconf 88' lang='lat' dir='ltr'><strong>qui</strong></span> <span class='ocrx_word' id='word_1_958' title='bbox 3014 5517 3222 5581; x_wconf 90' lang='lat' dir='ltr'><strong>currit,</strong></span> <span class='ocrx_word' id='word_1_959' title='bbox 3251 5518 3297 5569; x_wconf 88' lang='lat' dir='ltr'><strong>si</strong></span> <span class='ocrx_word' id='word_1_960' title='bbox 3325 5516 3510 5570; x_wconf 88' lang='lat' dir='ltr'><strong>decem</strong></span> <span class='ocrx_word' id='word_1_961' title='bbox 3537 5515 3814 5569; x_wconf 66' lang='grc' dir='ltr'><strong>εἰναιιίιίοο</strong></span> 
     </span>
    </p>
   </div>
   <div class='ocr_carea' id='block_1_120' title="bbox 2231 5606 3816 5678">
    <p class='ocr_par' dir='ltr' id='par_1_120' title="bbox 2231 5606 3816 5678">
     <span class='ocr_line' id='line_1_120' title="bbox 2231 5606 3816 5678; baseline -0.001 -14"><span class='ocrx_word' id='word_1_962' title='bbox 2231 5609 2411 5674; x_wconf 85' lang='lat' dir='ltr'><strong>nibus,</strong></span> <span class='ocrx_word' id='word_1_963' title='bbox 2437 5624 2570 5678; x_wconf 84' lang='lat' dir='ltr'><strong>quas</strong></span> <span class='ocrx_word' id='word_1_964' title='bbox 2590 5607 2760 5663; x_wconf 65' lang='lat' dir='ltr'><strong>Graeci</strong></span> <span class='ocrx_word' id='word_1_965' title='bbox 2793 5618 2982 5664; x_wconf 90' lang='lat' dir='ltr'><strong>vocant</strong></span> <span class='ocrx_word' id='word_1_966' title='bbox 3005 5613 3242 5674; x_wconf 75' lang='grc' dir='ltr'><strong>διαύλους,</strong></span> <span class='ocrx_word' id='word_1_967' title='bbox 3262 5609 3372 5677; x_wconf 86' lang='lat' dir='ltr'><strong>jam</strong></span> <span class='ocrx_word' id='word_1_968' title='bbox 3397 5606 3571 5668; x_wconf 86' lang='lat' dir='ltr'><strong>factis,</strong></span> <span class='ocrx_word' id='word_1_969' title='bbox 3605 5617 3816 5676; x_wconf 82' lang='lat' dir='ltr'><strong>postre-</strong></span> 
     </span>
    </p>
   </div>
   <div class='ocr_carea' id='block_1_121' title="bbox 2236 5696 3817 5772">
    <p class='ocr_par' dir='ltr' id='par_1_121' title="bbox 2236 5696 3817 5772">
     <span class='ocr_line' id='line_1_121' title="bbox 2236 5696 3817 5772; baseline -0.002 -17"><span class='ocrx_word' id='word_1_970' title='bbox 2236 5715 2377 5756; x_wconf 84' lang='lat' dir='ltr'><strong>mam</strong></span> <span class='ocrx_word' id='word_1_971' title='bbox 2398 5700 2626 5765; x_wconf 86' lang='lat' dir='ltr'><strong>omittat,</strong></span> <span class='ocrx_word' id='word_1_972' title='bbox 2655 5710 2826 5756; x_wconf 86' lang='lat' dir='ltr'><strong>totqu</strong></span> <span class='ocrx_word' id='word_1_973' title='bbox 2857 5700 3086 5772; x_wconf 88' lang='lat' dir='ltr'><strong>perdidit</strong></span> <span class='ocrx_word' id='word_1_974' title='bbox 3111 5718 3124 5753; x_wconf 79' lang='grc' dir='ltr'><em>τ</em></span> <span class='ocrx_word' id='word_1_975' title='bbox 3151 5700 3218 5754; x_wconf 81' lang='lat' dir='ltr'><strong>ita</strong></span> <span class='ocrx_word' id='word_1_976' title='bbox 3248 5707 3297 5751; x_wconf 86' lang='lat' dir='ltr'><strong>et</strong></span> <span class='ocrx_word' id='word_1_977' title='bbox 3322 5712 3418 5751; x_wconf 88' lang='lat' dir='ltr'><strong>nos</strong></span> <span class='ocrx_word' id='word_1_978' title='bbox 3442 5697 3486 5751; x_wconf 88' lang='lat' dir='ltr'><strong>si</strong></span> <span class='ocrx_word' id='word_1_979' title='bbox 3504 5696 3578 5750; x_wconf 86' lang='lat' dir='ltr'><strong>ab</strong></span> <span class='ocrx_word' id='word_1_980' title='bbox 3601 5698 3817 5768; x_wconf 78' lang='lat' dir='ltr'><strong>incepto</strong></span> 
     </span>
    </p>
   </div>
  </div>
