4218 6266
516 307 608 362 181

509 424 592 477 ὅτι
631 422 809 478 πάντα
842 424 1106 496 πράττειν
1132 423 1442 495 ὀφείλομεν,
1477 425 1618 479 ῶστε
1650 424 1820 489 αὕτάς
1842 425 2094 495 κατέχειν

513 517 644 587 παρ’
688 516 921 580 ἐαυτοῖς.
958 518 1230 587 Ἔφαψαι
1266 516 1335 570 δὲ
1367 517 1578 584 αὐτὰς,
1624 517 1814 588 φησὶν,
1859 516 1960 570 ἐπὶ
2004 513 2098 581 σῷ

513 606 814 676 τραχήλῳ.
851 608 1062 678 Ὠσπερ
1100 607 1208 677 γὰρ
1239 607 1309 661 τά
1351 608 1459 661 τῶν
1492 609 1744 680 εὐπόρων
1781 607 1969 662 παιδία
2001 605 2097 659 κό-

523 710 661 767 σμον
687 697 800 767 ἔχει
834 697 1068 768 χρυσοῦν
1099 697 1227 770 περὶ
1262 697 1356 752 τὸν
1396 699 1688 769 τράχηλον,
1716 700 1810 752 καὶ
1842 697 2098 751 οὐδέποτε

515 788 677 842 αὑτὸν
702 787 1036 853 ἀποτίθεται,
1076 789 1151 854 ὡς
1173 792 1272 861 τῆς
1294 790 1574 858 εὐγενείας
1596 790 1796 862 δεῖγμα
1822 789 2058 859 φέροντα
2081 804 2096 818 ·

512 874 656 928 οὕτω
675 878 767 929 καί
794 878 894 947 τὴν
924 877 1297 950 ἐλεημοσύνην
1322 882 1410 933 ἀεὶ
1442 881 1525 934 δεῖ
1564 882 1774 943 ἑαυτοῖς
1809 897 1876 932 πε
1888 877 2094 949 ριτιθέ-

513 985 623 1030 ναι,
658 967 974 1032 δεικνύντας
1004 971 1088 1024 ὃτι
1139 970 1235 1024 τοῦ
1273 972 1623 1043 οἰκτίρμονός
1670 974 1838 1040 ἐσμεν
1884 968 2097 1034 παῖδες,

511 1057 607 1110 τοῦ
622 1057 714 1111 τδν
742 1058 893 1129 ἥλιον
926 1061 1309 1126 ἀνατέλλοντος
1366 1063 1461 1115 ἐπὶ
1511 1064 1783 1134 πονηροὺς
1817 1061 1911 1115 καὶ
1959 1062 2096 1126 ἀγα-

515 1148 664 1213 θοὺς.
711 1150 851 1204 Ἀλλ’
881 1152 944 1206 ού
985 1153 1335 1207 πιστεύουσιν
1375 1157 1423 1206 οἰ
1467 1154 1726 1218 ἄπιστοις
1766 1151 1975 1206 Οὐκοῦν
2011 1150 2102 1205 διὰ

514 1241 721 1295 τούτων
758 1243 1163 1312 πιστεύσουσιν,
1190 1244 1285 1299 ἐὰν
1308 1249 1469 1317 ἡμεῖς
1500 1243 1866 1317 ἐργαζώμεθα
1899 1241 2098 1298 ταῦτα.

530 1334 658 1388 Ἐὰν
682 1334 793 1405 γάρ
837 1334 1039 1399 ἴδωσιν,
1079 1338 1162 1391 ὅτι
1197 1339 1406 1401 πάντας
1438 1337 1720 1408 ἐλεοῦμεν,
1755 1336 1852 1390 καὶ
1895 1337 2104 1388 ἐκεῖνον

520 1428 941 1500 ἐπιγραφόμεθα
985 1429 1325 1493 διδάσκαλον,
1380 1428 1617 1482 εἴσονται
1666 1428 1748 1481 ὅτι
1800 1426 1961 1480 αὐτὸν
2010 1441 2103 1495 μι-

524 1517 785 1590 μούμενοι
830 1518 988 1573 τοῦτο
1030 1518 1363 1590 πράττομεν.
1412 1520 1522 1572 Καὶ
1560 1518 1719 1573 τοῦτο
1765 1518 1863 1588 οὐχ
1919 1515 2105 1577 ἀπλῶς

521 1611 698 1665 ποιεῖν
714 1610 814 1675 δεῖ,
833 1610 969 1665 ἀλλά
992 1612 1130 1682 μετά
1154 1612 1429 1682 προσοχῆς
1452 1611 1546 1665 καὶ
1567 1611 1889 1679 ἀσφαλείας.
1922 1609 2104 1678 Ἐλεη-

526 1701 733 1773 μοσύνη
781 1703 919 1775 γάρ,
966 1706 1129 1775 φησὶ,
1182 1704 1275 1757 καὶ
1319 1704 1502 1767 πίστις
1539 1704 1680 1757 ἔστω
1732 1720 1812 1758 σοι
1871 1703 2104 1773 ἀληθής.

522 1793 721 1858 Καλῶς
750 1788 923 1862 εἶπεν,
952 1795 1158 1867 ἀληθής
1183 1813 1197 1827 ’
1228 1797 1288 1849 ού
1327 1797 1436 1866 γὰρ
1467 1796 1525 1861 ἐξ
1549 1796 1802 1868 ἁρπαγῆς
1835 1794 2105 1865 βούλεται,

522 1885 641 1939 οὐδὲ
676 1885 788 1940 ἀπὺ
821 1887 1064 1955 κλοπῆςο
1115 1887 1275 1941 τοῦτο
1306 1889 1417 1959 γὰρ
1465 1890 1565 1942 ούκ
1608 1889 1723 1941 ἐστι
1756 1886 1957 1949 πίστις,
2008 1888 2109 1939 οὐκ

523 1972 672 2028 ἐστιν
709 1975 914 2049 ἀληθὴς
957 1978 1317 2050 ἐλεημοσύνη.
1367 1979 1479 2032 Καὶ
1517 1980 1624 2049 γάρ
1670 1979 1761 2032 τὸν
1807 1979 2108 2033 κλέπτοντα

522 2065 815 2135 ψεύδεσθαι
845 2068 1080 2140 ἀνάγκη,
1107 2070 1200 2124 καὶ
1230 2071 1508 2142 ἐπιορκεῖν
1540 2072 1621 2123 δεῖ
1651 2088 1664 2099 ο
1703 2072 1766 2123 σὺ
1797 2071 1855 2124 δὲ
1902 2071 1976 2140 μὴ
2017 2071 2109 2123 οὒ-

522 2173 651 2221 τως,
692 2158 828 2212 ἀλλὰ
862 2161 999 2232 μετά
1039 2161 1141 2231 τῆς
1172 2162 1543 2234 ἐλεημοσύνης
1582 2162 1764 2215 πίστιν
1793 2162 1905 2233 ἔχε,
1954 2162 2109 2231 φησί.

526 2248 889 2319 Περιθώμεθα
915 2250 1105 2305 τοῦτον
1135 2251 1288 2326 [195]
1314 2254 1405 2307 τὸν
1436 2254 1640 2325 κόσμον
1667 2270 1680 2284 ⁸
1722 2255 1995 2325 μανιάκην
2019 2255 2108 2325 ἐρ-

524 2340 828 2413 γασώμεθά
849 2344 915 2413 τῇ
940 2343 1087 2414 ψυχῇ
1121 2344 1378 2414 χρυσοῦν,
1413 2346 1511 2415 τὴν
1541 2344 1915 2415 ἐλεημοσύνην
1942 2345 2109 2412 λέγω,

526 2433 631 2496 ἓως
661 2433 727 2487 ἂν
754 2433 940 2487 ἐνθάδε
963 2428 1135 2504 ὦμεν.
1171 2436 1296 2490 Ἑάν
1329 2438 1438 2508 γάρ
1464 2436 1709 2510 παρέλθῃ
1740 2440 1771 2506 ἡ
1806 2437 1995 2507 ἡλικία
2014 2437 2113 2491 αῦ-

526 2541 618 2593 τη,
645 2524 828 2577 οὐκέτι
854 2526 991 2596 αὐτῇ
1014 2526 1349 2597 χρησόμεθα.
1388 2528 1510 2591 Πῶς
1532 2546 1545 2594 ;
1579 2529 1694 2581 Οὐκ
1714 2529 1851 2581 εἰσιν
1879 2531 1998 2582 ἐκεῖ
2024 2530 2115 2583 πέ-

528 2629 709 2681 νητες,
745 2615 846 2665 ούκ
868 2612 1015 2666 ἐστιν
1042 2615 1158 2666 ἐκεῖ
1186 2616 1464 2686 χρήματα,
1506 2617 1605 2670 ούκ
1636 2615 1783 2671 ἔστιν
1810 2619 1927 2669 ἐκεῖ
1966 2635 2115 2673 πτωο

530 2719 587 2773 χε
599 2702 651 2754 ία
673 2718 688 2733 ο
713 2701 819 2766 ἐως
847 2703 1014 2774 ἐσμὲν
1045 2705 1252 2768 παῖδες,
1291 2707 1365 2778 μὴ
1394 2707 1861 2779 ἀποστερήσωμεν
1890 2709 2115 2775 ἑαυτοὺς

529 2792 623 2846 τοῦ
657 2792 863 2865 κόσμου
894 2792 1107 2849 τούτου.
1147 2794 1419 2867 Καθάπερ
1464 2796 1572 2868 γάρ
1609 2799 1701 2852 ἐπὶ
1739 2800 1849 2853 τῶν
1888 2801 2112 2865 παίδων,

532 2887 627 2939 ἐάν
656 2885 849 2958 ἄνδρες
894 2887 1183 2955 γένωνται,
1236 2892 1601 2961 περιαιρεῖται
1657 2890 1850 2957 ταῦτα,
1900 2895 1992 2946 καὶ
2028 2896 2113 2962 ἐρ’

529 2978 717 3048 ἕτερον
744 2978 967 3048 ἄγονται
1005 2979 1209 3050 κόσμον
1229 2997 1243 3011 °
1284 2981 1426 3035 οὕτω
1456 2986 1547 3037 καὶ
1580 2984 1666 3054 ἐφ’
1695 2986 1855 3056 ἡμῶν
1884 3003 1898 3016 ο
1932 2986 2118 3039 οὐκέτι

531 3071 565 3141 ἡ
590 3070 679 3126 διά
706 3072 1007 3143 χρημάτων
1051 3072 1389 3146 ἐλεημοσύνη
1435 3077 1553 3129 ἐκεῖ
1580 3076 1755 3144 ἔσται,
1793 3078 1909 3133 ἀλλ’
1954 3080 2119 3151 ἐτέρα

531 3179 616 3224 τις
640 3162 775 3217 πολὺ
808 3163 1030 3234 μείζων.
1065 3165 1227 3218 Ὥστε
1253 3166 1459 3237 ταύτης
1500 3169 1726 3234 ἑαυτοὺς
1757 3172 1833 3242 μὴ
1882 3173 2117 3226 ἀποστε-

533 3256 809 3326 ρήσωμεν,
860 3258 1180 3329 ποιήσωμεν
1231 3259 1403 3332 καλὴν
1447 3262 1736 3329 φαίνεσθαι
1776 3265 1876 3329 τὴν
1916 3264 2115 3336 ψυχήν.

532 3345 690 3416 Μέγα
710 3347 1048 3420 ἐλεημοσύνη
1081 3349 1245 3403 καλὸν
1270 3352 1364 3405 καὶ
1384 3352 1585 3424 τίμιον.
1613 3353 1783 3425 δῶρόν
1808 3357 1925 3409 ἐστι
1948 3358 2115 3428 μέγα,

534 3438 733 3510 μᾶλλον
759 3440 815 3494 δέ
847 3440 990 3512 μέγα
1019 3441 1293 3513 ἀγαθότης
1332 3459 1346 3473 °
1383 3444 1479 3499 ἐὰν
1524 3444 1789 3517 μάθωμεν
1818 3448 2118 3519 χρημάτων

533 3535 915 3602 καταφρονεῖν,
955 3531 1050 3586 καὶ
1085 3533 1249 3605 ἓτερα
1283 3534 1661 3607 μαθησόμεθα.
1701 3538 1845 3610 Ὅρα
1880 3542 1989 3610 γὰρ
2031 3541 2119 3593 ἐν·

532 3620 724 3675 τεῦθεν
751 3623 893 3676 πόσα
914 3624 1159 3677 τίκτεται
1193 3627 1375 3694 ἀγαθά
1407 3643 1420 3657 ο
1457 3631 1486 3681 6
1508 3629 1684 3693 διδοὺς
1718 3630 2116 3702 ἐλεημοσύνην,

533 3709 610 3773 ὡς
634 3711 740 3782 χρὴ
772 3711 995 3776 διδόναι,
1029 3712 1292 3783 μανθάνει
1341 3706 1465 3769 τῶν
1495 3719 1795 3788 χρημάτων
1838 3738 2120 3791 καταφρο-

538 3803 676 3854 νεῖν*
706 3802 735 3854 6
761 3800 949 3872 μαθὼν
980 3804 1281 3874 χρημάτων
1311 3811 1690 3877 καταφρονεῖν,
1724 3811 1825 3881 τὴν
1856 3811 2012 3880 ῥίζαν
2035 3811 2122 3875 ἐξ·

540 3891 702 3963 έκοψε
733 3893 842 3946 τῶν
872 3892 1081 3948 κακῶν.
1122 3895 1287 3949 Ὥστε
1334 3896 1434 3950 οὐκ
1470 3894 1532 3951 εὖ
1564 3902 1710 3952 ποιεῖ
1745 3900 1967 3971 μᾶλλον,
1995 3902 2028 3973 ἥ
2059 3900 2118 3958 εὖ

541 3986 758 4059 πάσχει,
793 3987 854 4041 ού
891 3986 969 4059 τῷ
996 3987 1219 4060 ὀφειλὴν
1243 3988 1336 4043 καὶ
1363 3989 1597 4063 ἀμοιϐὴν
1625 3991 1839 4046 κεῖσθαι
1865 3994 2026 4065 μόνον
2052 3997 2119 4066 τῇ

538 4076 894 4151 ἐλεημοσύνη,
926 4077 1065 4133 ἀλλὰ
1095 4079 1188 4132 καὶ
1219 4080 1297 4151 τῷ
1322 4080 1418 4152 τὴν
1451 4080 1629 4155 ψυχὴν
1656 4083 1946 4153 φιλόσοφον
1976 4084 2121 4153 γίνε-

541 4168 683 4233 σθαι,
716 4171 810 4223 καὶ
844 4169 1055 4243 ὑψηλὴν
1085 4172 1181 4225 καὶ
1215 4172 1495 4233 πλουσίαν,
1540 4175 1597 4230 Ὀ
1620 4175 1800 4239 διδοὺς
1826 4175 2120 4247 ἐλεημοσύ-

540 4279 636 4329 νην
667 4262 977 4318 παιδεύεται
1001 4265 1075 4337 μὴ
1096 4263 1394 4338 θαυμάζειν
1414 4269 1694 4340 χρήματα,
1724 4268 1859 4340 μηδὲ
1877 4271 2080 4341 χρυσόν

1191 307 1252 365 S.
1291 304 1582 365 JOANMS
1617 296 2110 367 CHRYSOSTOMI
2150 302 2469 361 ARCUIEP.
2509 298 3065 359 CONSTANTINOP.

3671 303 3777 359 4δῖ

2199 420 2358 476 τοῦτο
2387 422 2443 475 δέ
2471 420 2781 483 παιδευθεὶς
2807 420 2905 491 τὴν
2932 420 3189 484 διάνοιαν,
3230 418 3404 490 ἀρχὴν
3436 416 3598 472 ἔλαόε
3630 421 3781 491 μεγί-

2201 530 2334 584 στην
2358 512 2563 567 ἀνιέναι
2590 511 2725 583 πρὸς
2749 512 2839 564 τὸν
2872 510 3119 581 οὐρανὸν,
3151 510 3245 563 καὶ
3279 511 3459 581 μάχης
3491 510 3587 562 καὶ
3609 509 3786 581 ἔριδος

2200 599 2296 652 καὶ
2327 598 2524 667 φθόνου
2554 599 2649 653 καὶ
2690 599 2928 669 ἀθυμίας
2963 599 3164 670 μυρίας
3194 597 3418 669 ἐξέκοψε
3452 598 3781 669 προφάσεις.

2203 692 2347 744 ἰστε
2372 691 2504 763 γὰρ,
2537 692 2649 744 ἴστε
2680 693 2772 745 καὶ
2802 693 2982 762 ὑμεῖς,
3022 692 3102 745 ὅτι
3128 693 3306 746 πάντα
3335 692 3405 745 τὰ
3434 693 3582 747 κακά
3609 694 3699 749 διά
3718 695 3787 749 τά

2200 784 2481 854 χρήματα,
2512 783 2607 837 καὶ
2639 785 2821 855 μυρίοι
2854 784 3081 854 πόλεμοι
3109 784 3198 838 διὰ
3224 784 3292 838 τὰ
3321 786 3606 857 χρήματα.
3644 787 3706 841 '0
3727 788 3785 842 δέ

2201 873 2406 928 τούτων
2448 875 2634 946 μαθὼν
2670 877 3053 946 καταφρονεῖν,
3097 876 3155 928 ἐν
3198 875 3410 948 γαλήνῃ
3448 877 3787 949 κατέστησεν

2203 954 2416 1030 ἑαυτὸν,
2444 968 2627 1022 οὐκέτι
2658 967 2859 1039 ζημίαν
2878 967 3103 1021 δέδοικε.
3130 967 3303 1021 Τοῦτο
3329 968 3438 1040 γάρ
3467 968 3788 1023 ἐπαίδευσεν

2204 1061 2367 1113 αὺτὸν
2397 1062 2430 1132 ἡ
2457 1059 2793 1131 ἐλεημοσύνη
2816 1076 2829 1089 ’
2866 1061 3051 1115 ούκέτι
3085 1059 3347 1131 ἐπιθυμεῖ
3375 1059 3485 1113 τῶν
3518 1060 3612 1113 τοῦ
3649 1060 3788 1128 πλη-

2207 1151 2321 1202 σίον
2343 1166 2358 1182 ·
2384 1150 2501 1213 πῶς
2521 1149 2648 1222 γὰρ,
2677 1152 2704 1203 6
2728 1149 2798 1203 τά
2822 1149 2988 1203 αὑτοῦ
3018 1148 3428 1219 ἀποκτώμενος,
3460 1150 3552 1203 καὶ
3575 1149 3787 1217 διδούς;

2205 1242 2386 1296 οὐκέτι
2414 1242 2698 1313 βασκαίνει
2730 1240 2808 1312 τῷ
2837 1241 3158 1294 πλουτοῦντι
3194 1257 3208 1271 ·
3239 1239 3356 1303 πῶς
3388 1241 3517 1310 γὰρ,
3548 1242 3576 1293 6
3607 1239 3791 1310 βουλό-

2210 1352 2371 1402 μενος
2407 1333 2662 1405 γενέσθαι
2708 1334 2916 1402 πένης;
2957 1332 3305 1401 διακαθαίρει
3341 1331 3506 1386 αὑτοῦ
3542 1333 3603 1384 τὸ
3634 1332 3792 1401 ὄμμα

2206 1427 2307 1496 τῆς
2325 1425 2525 1496 ψυχῆς.
2560 1426 2666 1479 Καὶ
2691 1424 2863 1478 ταῦτα
2900 1426 2998 1494 μὲν
3023 1423 3260 1477 ἐνταῦθα
3292 1440 3304 1452 ·
3329 1423 3398 1477 τά
3421 1423 3477 1476 δὲ
3513 1424 3632 1476 ἐκεῖ
3667 1423 3796 1479 οὐδὲ

2209 1518 2354 1572 ἔστιν
2398 1520 2593 1581 εἰπεῖν,
2654 1519 2795 1572 ὅσων
2840 1517 3178 1582 ἐπιτεύξεται
3220 1515 3465 1584 ἀγαθῶν.
3515 1515 3590 1569 Οὐ
3643 1514 3803 1583 μενεῖ

2210 1611 2316 1678 ἔξω
2338 1611 2478 1682 μετά
2502 1610 2610 1666 τῶν
2639 1610 2839 1683 μωρῶν
2869 1608 3173 1682 παρθένων,
3200 1609 3335 1663 ἀλλά
3367 1606 3506 1678 μετά
3533 1606 3640 1660 τῶν
3663 1624 3794 1678 c990-

2215 1704 2388 1774 νίμων
2424 1703 2807 1768 εἰσελεύσεται,
2859 1703 2997 1773 μετά
3038 1702 3132 1756 τοῦ
3162 1702 3418 1774 νυμφίου,
3448 1700 3547 1765 τὰς
3576 1699 3799 1771 λαμπά-

2215 1796 2311 1859 δας
2344 1798 2482 1866 ἐχων
2514 1796 2772 1868 λαμπράς
2788 1812 2802 1827 ’
2826 1796 2920 1852 καὶ
2944 1795 3056 1850 τῶν
3082 1796 3140 1849 ἐν
3161 1794 3428 1867 παρθενίᾳ
3445 1794 3796 1863 ταλαιπωρη-

2217 1888 2432 1952 θεισῶν,
2461 1890 2489 1941 6
2520 1889 2656 1960 μηδὲ
2678 1889 3014 1961 γευσάμενος
3050 1888 3159 1943 τῶν
3199 1889 3380 1942 πόνων
3409 1887 3655 1953 ἐκείνων,
3690 1885 3801 1939 ἀπὸ

2215 1977 2420 2048 ταύτης
2457 1976 2608 2032 ἐσται
2640 1977 2884 2048 βελτίων.
2930 1977 3179 2049 Τοσαύτη
3221 1979 3256 2049 ἡ
3287 1977 3391 2049 τῆς
3425 1974 3801 2048 ἐλεημοσύνης

2222 2069 2373 2139 ἰσχύς
2404 2083 2420 2099 ⁶
2474 2068 2611 2139 μετά
2658 2069 2863 2139 πολλῆς
2902 2071 3113 2139 εἰσάγει
3171 2069 3273 2138 τῆς
3317 2067 3634 2141 παρρησίας
3673 2069 3802 2131 τοὺς

2216 2161 2389 2228 αὐτῆς
2413 2160 2733 2231 τροφίμους.
2779 2160 3033 2233 Γνωρίμη
3064 2160 3174 2231 γάρ
3221 2162 3337 2213 ἐστι
3365 2161 3477 2221 τοῖς
3506 2159 3563 2211 ἐν
3599 2156 3680 2228 τῷ
3707 2157 3804 2210 06-

2223 2252 2369 2322 ρανῷ
2402 2251 2696 2323 πυλωροῖς,
2728 2254 2839 2315 τοῖς
2873 2251 2974 2315 τάς
3002 2250 3174 2323 θύρας
3218 2250 3511 2321 κατέχουσι
3540 2247 3635 2302 τοῦ
3664 2264 3802 2318 νυμ-

2221 2343 2397 2414 φῶνος
2424 2362 2439 2377 °
2482 2346 2544 2399 ού
2578 2346 2737 2415 μόνον
2765 2344 2825 2399 δὲ
2857 2344 3131 2418 γνωρίμη,
3164 2343 3301 2397 ἀλλά
3329 2344 3423 2396 καὶ
3469 2342 3748 2411 αἰδέσιμος
3783 2356 3801 2371 ⁶

2221 2437 2317 2490 καὶ
2337 2436 2430 2501 οὓς
2464 2438 2528 2491 ἂν
2562 2436 2768 2508 ἐπιγνῷ
2798 2436 3164 2509 τετιμηκότας
3196 2435 3390 2507 αὐτὴν,
3421 2434 3560 2505 μετά
3593 2432 3798 2503 πολλῆς

2223 2527 2426 2592 εἰσάξει
2476 2530 2574 2598 τῆς
2617 2529 2953 2600 παρρησίας,
3009 2528 3105 2582 καὶ
3143 2527 3317 2589 οὐδεὶς
3366 2526 3605 2597 ἀντερεῖ,
3666 2524 3804 2579 ἀλλά

2222 2620 2427 2685 πάντες
2468 2619 2869 2692 ὑποχωροῦσιν.
2900 2616 2966 2673 Εί
2999 2619 3109 2691 γὰρ
3148 2620 3241 2672 τὸν
3278 2618 3414 2672 Θεδν
3443 2618 3524 2681 εἰς
3572 2617 3671 2688 τὴν
3699 2615 3805 2686 γῆν

2223 2714 2507 2784 κατήγαγε
2554 2713 2651 2765 καὶ
2692 2710 2909 2765 ἔπεισεν
2956 2710 3244 2784 ἄνθρωπον
3293 2710 3568 2779 γενέσθαι,
3621 2705 3807 2777 πολλῷ

2226 2803 2425 2875 μᾶλλον
2455 2802 2741 2874 ἄνθρωπον
2778 2804 2858 2867 είς
2884 2802 2977 2855 τὸν
3000 2802 3226 2873 οὐρανὸν
3252 2801 3553 2870 ἀναγαγεῖν
3577 2798 3803 2870 δυνήσε-

2221 2914 2333 2951 ται.
2360 2896 2588 2967 Μεγάλη
2610 2896 2718 2966 γὰρ
2747 2895 2916 2966 αὐτῆς
2948 2892 3100 2967 [194]
3146 2895 3180 2966 ἡ
3238 2893 3411 2966 ἰσχύς.
3460 2894 3525 2947 Εἰ
3562 2887 3656 2946 οὖν
3697 2889 3807 2945 ἀπὸ

2220 2989 2402 3052 ἐλέους
2431 2988 2525 3042 καὶ
2554 2987 2967 3059 φιλανθρωπίας
3012 2989 3042 3039 6
3084 2986 3217 3050 Θεὸς
3247 2984 3534 3057 ἄνθρωπος
3562 2984 3803 3053 ἐγένετο,

2220 3082 2314 3135 καὶ
2343 3081 2559 3135 Ξπεισεν
2609 3081 2775 3134 αὑτὸν
2823 3079 3007 3134 δοῦλον
3043 3078 3321 3149 γενέσθαι,
3373 3076 3556 3148 πολλῷ
3601 3075 3803 3148 μᾶλλον

2218 3175 2343 3237 τοὺς
2372 3172 2592 3235 δούλους
2622 3175 2703 3237 εἰς
2733 3173 2833 3244 τὴν
2865 3173 3044 3226 οἰκίαν
3069 3173 3274 3238 εἰσάξει
3302 3171 3397 3244 τὴν
3428 3171 3619 3225 αὑτοῦ.
3661 3169 3802 3225 Ταύ-

2219 3284 2318 3335 την
2342 3266 2740 3335 άγαπήσωμεν,
2764 3265 2972 3335 ταύτην
3000 3264 3340 3334 στέρξωμεν,
3392 3263 3465 3333 μὴ
3501 3262 3631 3333 μίαν
3656 3261 3802 3334 ἡμέ-

2225 3374 2323 3427 ραν
2349 3356 2483 3427 μηδέ
2502 3356 2785 3427 δευτέραν,
2814 3356 2950 3409 ἀλλά
2979 3355 3069 3410 διὰ
3099 3355 3303 3419 παντὸς
3330 3353 3425 3408 τοῦ
3456 3355 3671 3425 χρόνου,
3719 3354 3809 3407 ῖνα

2221 3451 2368 3521 ἡμᾶς
2396 3447 2603 3520 ἐπιγνῷ
2634 3465 2648 3478 ·
2682 3448 2748 3503 ἂν
2780 3448 2921 3521 αὐτὴ
2961 3450 3110 3520 ἡμᾶς
3154 3448 3381 3519 ἐπιγνῷ,
3417 3450 3511 3501 καὶ
3540 3450 3570 3502 6
3597 3446 3807 3518 Κύριος

2222 3540 2585 3612 ἐπιγνώσεται
2610 3557 2624 3571 δ
2658 3540 2725 3594 ἂν
2745 3541 2882 3612 αὑτὴ
2913 3541 3183 3614 ἀγνοήσῃ,
3211 3541 3304 3594 καὶ
3325 3542 3353 3594 6
3379 3539 3582 3609 Κύριος
3606 3538 3806 3609 άγνοή·

2229 3649 2335 3697 σει,
2360 3632 2455 3685 καὶ⁸
2478 3632 2626 3702 ἐρεῖ·
2651 3631 2765 3685 Οὐκ
2790 3626 2907 3685 οἶδα
2938 3632 3103 3701 ὑμᾶς.
3135 3630 3298 3686 Ἀλλά
3330 3630 3405 3701 μὴ
3432 3629 3645 3699 γένοιτο
3672 3625 3809 3682 ταύο

2220 3739 2320 3792 της
2368 3721 2601 3776 ἀκοῦσαι
2639 3722 2790 3793 ἡμᾶς
2831 3724 2930 3791 τῆς
2961 3720 3169 3791 φωνῆς,
3218 3719 3355 3774 ἀλλά
3391 3721 3493 3790 τῆς
3532 3718 3809 3791 μακαρίας

2222 3812 2436 3881 ἐκείνης
2465 3829 2478 3843 ·
2518 3813 2718 3876 Δεῦτε,
2760 3815 2816 3866 al
2844 3811 3238 3880 εὐλογημένοι
3271 3811 3381 3866 τοῦ
3421 3812 3647 3879 Πατρός
3662 3826 3808 3879 μου,

2224 3903 2721 3972 κληρονομήσατε
2771 3901 2888 3971 τὴν
2928 3901 3381 3973 ἡτοιμασμένην
3437 3901 3583 3971 ὑμῖν
3625 3901 3812 3968 ,βασι-

2222 3994 2397 4048 λείαν
2427 3995 2547 4048 ἀπὸ
2575 3995 2917 4064 καταϐολῆς
2950 3995 3183 4065 κόσμου
3216 4014 3231 4030 ·
3262 3990 3329 4069 ἦς
3361 3996 3574 4065 γένοιτο
3603 3996 3814 4058 πάντας

2224 4088 2373 4158 ἡμᾶς
2402 4088 2700 4158 ἐπιτυχεῖν,
2729 4089 2916 4160 χάριτι
2939 4088 3034 4143 καὶ
3062 4088 3467 4162 φιλανθρωπία,
3501 4092 3559 4143 ἐν
3588 4086 3813 4167 Χριστῷ

2238 4177 2414 4250 Ἰησοῦ
2450 4177 2528 4250 τῷ
2558 4180 2747 4252 Κυρίῳ
2793 4182 2972 4253 ἡμῶν,
3013 4183 3134 4254 μεθ’
3177 4177 3240 4239 οῦ
3269 4182 3347 4254 τῷ
3395 4183 3593 4255 Πατρὶ,
3619 4182 3711 4235 καὶ
3743 4181 3813 4235 τά

2225 4270 2372 4343 ἑξῆς.

546 4493 3804 4514 ——-—-————~———_———_—————-———————_—————-——————————"

2018 4735 2272 4791 OMIAIA
2311 4737 2390 4790 A’.

546 4886 788 4959 Παῦλος
835 4886 931 4959 καὶ
984 4885 1291 4959 Τιμόθεος,
1341 4886 1548 4943 δοῦλοι
1596 4890 1800 4959 Ἰησοῦ
1849 4857 2131 4959 Χρισὲοῦ,

620 4954 772 5012 πᾶσι
813 4955 941 5020 τοῖς
980 4956 1171 5025 ἁγίοις
1202 4957 1273 5010 ἐν
1304 4959 1538 5027 Χριστῷ
1574 4954 1769 5027 Ἰησοῦ
1800 4954 1926 5027 toi—(-
1950 4957 2134 5016 οὖσιν

614 5030 686 5083 ἐν
721 5028 1046 5093 Φιλίπποις
1069 5067 1084 5091 ,
1126 5032 1609 5096 συνεπισκόποις
1653 5031 1750 5084 καί
1804 5030 2129 5095 διακόνοις,

614 5097 792 5180 χάρις
813 5096 956 5180 ὑμῖν
992 5097 1091 5180 φέρι
1120 5097 1331 5180 τιθήνη
1371 5099 1492 5180 (ἰπρ
1520 5099 1670 5155 Θεοῦ
1700 5102 1931 5170 Πιιτρὸς
1964 5099 2134 5172 ήμῶν

613 5166 714 5223 καί
744 5168 965 5237 Κιφίου
1004 5166 1200 5236 Ἰησοῦ
1225 5168 1506 5238 Χριστοῦ.

615 5348 686 5397 α’.
740 5341 1005 5394 Ἐνταῦθα
1046 5342 1139 5396 ἅτε
1171 5343 1310 5415 πρὸς
1352 5345 1648 5416 ὁμοτίμους
1684 5345 2035 5412 ἐπιστέλλων,
2069 5347 2130 5400 ού

544 5433 757 5507 τίθησιν
773 5431 936 5486 αὑτοῦ
964 5432 1025 5486 τὸ
1041 5434 1139 5504 τῆς
1160 5433 1507 5501 διδασκαλίας
1526 5436 1763 5508 ἀξίωμα,
1796 5438 1912 5492 ἀλλ’
1945 5438 2132 5511 ἕτερον

546 5529 642 5582 καὶ
672 5525 808 5581 αὐτὸ
843 5525 1007 5597 μέγα.
1027 5526 1188 5578 Ποῖον
1218 5526 1285 5599 δὴ
1314 5528 1498 5596 τοῦτο;
1528 5529 1724 5585 Δοῦλσν
1752 5530 1948 5583 ἑαυτόν
1972 5545 2128 5600 φησι,

548 5621 641 5673 καὶ
672 5619 774 5673 οὐκ
799 5617 1119 5673 ἀπόστολον.
1145 5619 1307 5687 Μέγα
1325 5621 1435 5693 γὰρ
1465 5621 1635 5686 ὅντως
1663 5624 1757 5677 καὶ⁸
1781 5622 1941 5677 τοῦτο
1962 5621 2130 5688 ἀξίω-

551 5729 627 5781 μα
678 5709 778 5764 καὶ
803 5708 865 5760 τὸ
889 5709 1185 5777 κεφάλαιον
1213 5710 1322 5765 τῶν
1351 5711 1594 5779 ἀγαθῶν,
1620 5712 1808 5770 δοῦλον
1836 5710 1976 5771 εἶναι
1996 5715 2131 5787 Χρι-

2231 4891 2382 4956 στοῦ,
2407 4890 2501 4951 καί
2540 4892 2615 4962 μὴ
2638 4891 2825 4955 ἀπλῶς
2846 4889 3124 4960 λέγεσθαι.
3142 4888 3201 4942 ’0
3221 4886 3314 4941 τοῦ
3338 4884 3578 4958 Χριστοῦ
3606 4884 3815 4950 δοῦλος,

2229 4977 2386 5046 οὗτος
2416 4984 2585 5048 ὅντως
2612 4982 2899 5055 ἐλεύθερός
2917 4983 3116 5053 ἐστι-τῇ
3131 4980 3378 5051 ἁμαρτίᾳ
3396 4990 3444 5043 ι,
3471 4979 3567 5032 καὶ
3591 4980 3820 5050 γνήσιος

2229 5077 2305 5129 ῶν
2345 5075 2552 5142 δοῦλος,
2574 5075 2785 5139 ούδενὸς
2817 5075 2979 5130 ἄλλου
3025 5072 3383 5138 καταδέξεται
3427 5070 3613 5134 δοῦλος
3661 5070 3817 5140 γενέ-

2233 5167 2387 5223 σθαι*
2420 5167 2547 5222 ἐπεὶ
2578 5168 2687 5221 οὐδ’
2711 5168 2777 5221 ἂν
2808 5167 2951 5221 οὕτω
2972 5166 3184 5235 γένοιτο
3212 5164 3308 5219 τοῦ
3338 5162 3576 5234 Χριστοῦ
3609 5161 3817 5225 δοῦλος.

2231 5263 2347 5316 ἀλλ’
2376 5261 2436 5326 ἐξ
2461 5260 2740 5332 ἡμισείας.
2773 5260 2886 5313 Καὶ
2922 5257 3216 5329 Ῥωμαίοις
3247 5256 3345 5327 μὲν
3376 5254 3539 5310 πάλιν
3561 5253 3817 5307 ἐπιστέλ-

2231 5352 2338 5408 λων
2379 5353 2531 5423 λέγει
2554 5371 2568 5385 ·
2603 5352 2843 5417 Παῦλος
2882 5350 3107 5417 δοῦλος
3147 5348 3351 5417 Ἰησοῦ
3380 5346 3673 5416 Χριστοῦ·
3710 5347 3819 5400 K0-

2232 5449 2457 5522 ρινθίοις
2481 5449 2539 5503 δέ
2574 5448 2670 5503 καὶ
2702 5446 2954 5518 Τιμοθέῳ
2981 5443 3335 5509 ἐπιστέλλων,
3362 5440 3659 5496 ἀπόστολον
3691 5440 3821 5492 ἐαυ-

2230 5541 2324 5597 τδν
2368 5540 2542 5596 καλεῖ.
2580 5539 2738 5603 Τίνος
2781 5534 2876 5593 οὖν
2927 5537 3115 5592 ἕνεκεν
3163 5534 3322 5589 τοῦτο
3374 5532 3551 5598 ποιεῖς
3587 5530 3705 5602 οὐχ
3736 5531 3820 5585 δτι

2294 5743 2320 5772 ⁸
2352 5740 2658 5805 Legendum,
2683 5754 2731 5789 nl
2759 5739 2919 5804 fallor,
2940 5747 3023 5799 τῆς
3046 5736 3293 5802 ἁμαρτίας.
3316 5732 3450 5783 Eon.
