  <div class='ocr_page' id='page_1' title='image "/cluster/home/n/w/nwhite01/storage/ocr_20150623/62/mdp.39015008622626/188.png"; bbox 0 0 2109 3133; ppageno 0'>
   <div class='ocr_carea' id='block_1_1' title="bbox 576 0 1271 66">
    <p class='ocr_par' dir='ltr' id='par_1_1' title="bbox 576 0 1271 66">
     <span class='ocr_line' id='line_1_1' title="bbox 576 0 1271 66; baseline 0 -55"><span class='ocrx_word' id='word_1_1' title='bbox 576 0 1271 66; x_wconf 62' lang='lat'><strong>//</strong></span> 
     </span>
    </p>
   </div>
   <div class='ocr_carea' id='block_1_2' title="bbox 33 63 574 99">
    <p class='ocr_par' dir='ltr' id='par_1_2' title="bbox 33 63 574 99">
     <span class='ocr_line' id='line_1_2' title="bbox 33 63 574 99; baseline 0 -29"><span class='ocrx_word' id='word_1_2' title='bbox 33 63 574 99; x_wconf 37' lang='grc' dir='ltr'><strong>,ἐβρ-</strong></span> 
     </span>
    </p>
   </div>
   <div class='ocr_carea' id='block_1_3' title="bbox 152 279 198 307">
    <p class='ocr_par' dir='ltr' id='par_1_3' title="bbox 152 279 198 307">
     <span class='ocr_line' id='line_1_3' title="bbox 152 279 198 307; baseline -0.022 0"><span class='ocrx_word' id='word_1_3' title='bbox 152 279 198 307; x_wconf 67' lang='lat' dir='ltr'><strong>(Bt</strong></span> 
     </span>
    </p>
   </div>
   <div class='ocr_carea' id='block_1_4' title="bbox 153 319 934 367">
    <p class='ocr_par' dir='ltr' id='par_1_4' title="bbox 153 319 934 367">
     <span class='ocr_line' id='line_1_4' title="bbox 153 319 934 367; baseline -0.022 -6"><span class='ocrx_word' id='word_1_4' title='bbox 153 336 280 361; x_wconf 83' lang='lat' dir='ltr'><strong>bonorum</strong></span> <span class='ocrx_word' id='word_1_5' title='bbox 291 336 401 367; x_wconf 86' lang='lat' dir='ltr'><strong>operum</strong></span> <span class='ocrx_word' id='word_1_6' title='bbox 412 333 493 356; x_wconf 75' lang='lat' dir='ltr'><strong>cursu</strong></span> <span class='ocrx_word' id='word_1_7' title='bbox 505 324 682 354; x_wconf 78' lang='lat' dir='ltr'><strong>defecerituus</strong></span> <span class='ocrx_word' id='word_1_8' title='bbox 691 343 699 356; x_wconf 87' lang='lat'><strong>,</strong></span> <span class='ocrx_word' id='word_1_9' title='bbox 715 327 806 367; x_wconf 83' lang='lat' dir='ltr'><strong>totum</strong></span> <span class='ocrx_word' id='word_1_10' title='bbox 819 319 934 367; x_wconf 81' lang='lat' dir='ltr'><strong>perdidi-</strong></span> 
     </span>
    </p>
   </div>
   <div class='ocr_carea' id='block_1_5' title="bbox 150 366 936 409">
    <p class='ocr_par' dir='ltr' id='par_1_5' title="bbox 150 366 936 409">
     <span class='ocr_line' id='line_1_5' title="bbox 150 366 936 409; baseline -0.02 -3"><span class='ocrx_word' id='word_1_11' title='bbox 150 387 218 409; x_wconf 78' lang='lat' dir='ltr'><strong>mus,</strong></span> <span class='ocrx_word' id='word_1_12' title='bbox 233 383 316 404; x_wconf 90' lang='lat' dir='ltr'><strong>totum</strong></span> <span class='ocrx_word' id='word_1_13' title='bbox 331 374 508 409; x_wconf 87' lang='lat' dir='ltr'><strong>corrupimus.</strong></span> <span class='ocrx_word' id='word_1_14' title='bbox 529 370 597 398; x_wconf 79' lang='lat' dir='ltr'><strong>Audi</strong></span> <span class='ocrx_word' id='word_1_15' title='bbox 622 368 761 404; x_wconf 86' lang='lat' dir='ltr'><strong>perutilem</strong></span> <span class='ocrx_word' id='word_1_16' title='bbox 776 366 936 393; x_wconf 78' lang='lat' dir='ltr'><strong>admonitio-</strong></span> 
     </span>
    </p>
   </div>
   <div class='ocr_carea' id='block_1_6' title="bbox 151 411 931 456">
    <p class='ocr_par' dir='ltr' id='par_1_6' title="bbox 151 411 931 456">
     <span class='ocr_line' id='line_1_6' title="bbox 151 411 931 456; baseline -0.019 -5"><span class='ocrx_word' id='word_1_17' title='bbox 151 432 210 451; x_wconf 90' lang='lat' dir='ltr'><strong>nem</strong></span> <span class='ocrx_word' id='word_1_18' title='bbox 226 423 278 449; x_wconf 87' lang='lat' dir='ltr'><strong>illis</strong></span> <span class='ocrx_word' id='word_1_19' title='bbox 291 420 489 456; x_wconf 73' lang='lat' dir='ltr'><strong>pronuntiatam</strong></span> <span class='ocrx_word' id='word_1_20' title='bbox 503 415 592 443; x_wconf 81' lang='lat' dir='ltr'><strong>verbis</strong></span> <span class='ocrx_word' id='word_1_21' title='bbox 608 423 614 441; x_wconf 87' lang='lat'><strong>:</strong></span> <span class='ocrx_word' id='word_1_22' title='bbox 630 413 813 447; x_wconf 71' lang='lat' dir='ltr'><strong>Eleemosynw,</strong></span> <span class='ocrx_word' id='word_1_23' title='bbox 828 411 912 445; x_wconf 85' lang='lat' dir='ltr'><strong>inquit</strong></span> <span class='ocrx_word' id='word_1_24' title='bbox 924 430 931 441; x_wconf 94' lang='lat'><strong>,</strong></span> 
     </span>
    </p>
   </div>
   <div class='ocr_carea' id='block_1_7' title="bbox 151 456 937 503">
    <p class='ocr_par' dir='ltr' id='par_1_7' title="bbox 151 456 937 503">
     <span class='ocr_line' id='line_1_7' title="bbox 151 456 937 503; baseline -0.018 -7"><span class='ocrx_word' id='word_1_25' title='bbox 151 476 173 496; x_wconf 81' lang='lat' dir='ltr'><strong>et</strong></span> <span class='ocrx_word' id='word_1_26' title='bbox 188 470 247 503; x_wconf 75' lang='lat' dir='ltr'><strong>ﬁda</strong></span> <span class='ocrx_word' id='word_1_27' title='bbox 261 476 285 494; x_wconf 82' lang='grc' dir='ltr'><strong>ιε</strong></span> <span class='ocrx_word' id='word_1_28' title='bbox 295 475 346 493; x_wconf 82' lang='lat' dir='ltr'><strong>non</strong></span> <span class='ocrx_word' id='word_1_29' title='bbox 363 466 478 492; x_wconf 71' lang='lat' dir='ltr'><strong>deserant</strong></span> <span class='ocrx_word' id='word_1_30' title='bbox 495 462 586 497; x_wconf 71' lang='lat' dir='ltr'><strong>(Prov.</strong></span> <span class='ocrx_word' id='word_1_31' title='bbox 598 461 625 488; x_wconf 76' lang='lat'><strong>5.</strong></span> <span class='ocrx_word' id='word_1_32' title='bbox 635 460 674 494; x_wconf 75' lang='lat'><strong>3).</strong></span> <span class='ocrx_word' id='word_1_33' title='bbox 686 459 743 487; x_wconf 84' lang='lat' dir='ltr'><strong>Non</strong></span> <span class='ocrx_word' id='word_1_34' title='bbox 757 458 833 490; x_wconf 82' lang='lat' dir='ltr'><strong>dixit,</strong></span> <span class='ocrx_word' id='word_1_35' title='bbox 849 456 937 503; x_wconf 71' lang='lat' dir='ltr'><strong>Semel</strong></span> 
     </span>
    </p>
   </div>
   <div class='ocr_carea' id='block_1_8' title="bbox 153 502 938 546">
    <p class='ocr_par' dir='ltr' id='par_1_8' title="bbox 153 502 938 546">
     <span class='ocr_line' id='line_1_8' title="bbox 153 502 938 546; baseline -0.018 -4"><span class='ocrx_word' id='word_1_36' title='bbox 153 502 246 546; x_wconf 78' lang='lat' dir='ltr'><strong>tacito,</strong></span> <span class='ocrx_word' id='word_1_37' title='bbox 258 518 304 540; x_wconf 87' lang='lat' dir='ltr'><strong>aut</strong></span> <span class='ocrx_word' id='word_1_38' title='bbox 320 513 377 544; x_wconf 84' lang='lat' dir='ltr'><strong>bis,</strong></span> <span class='ocrx_word' id='word_1_39' title='bbox 389 515 434 537; x_wconf 83' lang='lat' dir='ltr'><strong>aut</strong></span> <span class='ocrx_word' id='word_1_40' title='bbox 448 515 487 537; x_wconf 90' lang='lat' dir='ltr'><strong>ter</strong></span> <span class='ocrx_word' id='word_1_41' title='bbox 499 530 506 541; x_wconf 91' lang='lat'><strong>,</strong></span> <span class='ocrx_word' id='word_1_42' title='bbox 520 512 565 535; x_wconf 80' lang='lat' dir='ltr'><strong>aut</strong></span> <span class='ocrx_word' id='word_1_43' title='bbox 576 506 664 534; x_wconf 80' lang='lat' dir='ltr'><strong>decies</strong></span> <span class='ocrx_word' id='word_1_44' title='bbox 675 527 682 538; x_wconf 84' lang='lat'><strong>,</strong></span> <span class='ocrx_word' id='word_1_45' title='bbox 697 509 743 531; x_wconf 84' lang='lat' dir='ltr'><strong>aut</strong></span> <span class='ocrx_word' id='word_1_46' title='bbox 758 504 858 531; x_wconf 73' lang='lat' dir='ltr'><strong>counties</strong></span> <span class='ocrx_word' id='word_1_47' title='bbox 869 525 875 530; x_wconf 87' lang='lat'><strong>.</strong></span> <span class='ocrx_word' id='word_1_48' title='bbox 891 502 938 529; x_wconf 78' lang='lat' dir='ltr'><strong>Sed</strong></span> 
     </span>
    </p>
   </div>
   <div class='ocr_carea' id='block_1_9' title="bbox 151 548 938 596">
    <p class='ocr_par' dir='ltr' id='par_1_9' title="bbox 151 548 938 596">
     <span class='ocr_line' id='line_1_9' title="bbox 151 548 938 596; baseline -0.019 -8"><span class='ocrx_word' id='word_1_49' title='bbox 151 566 277 596; x_wconf 83' lang='lat' dir='ltr'><strong>perpetuo</strong></span> <span class='ocrx_word' id='word_1_50' title='bbox 291 568 298 584; x_wconf 68' lang='grc' dir='ltr'><strong>ι</strong></span> <span class='ocrx_word' id='word_1_51' title='bbox 315 558 350 585; x_wconf 83' lang='lat' dir='ltr'><strong>Te</strong></span> <span class='ocrx_word' id='word_1_52' title='bbox 364 565 414 584; x_wconf 83' lang='lat' dir='ltr'><strong>non</strong></span> <span class='ocrx_word' id='word_1_53' title='bbox 438 557 554 582; x_wconf 70' lang='lat' dir='ltr'><strong>deserant</strong></span> <span class='ocrx_word' id='word_1_54' title='bbox 565 575 572 585; x_wconf 86' lang='lat'><strong>,</strong></span> <span class='ocrx_word' id='word_1_55' title='bbox 588 553 682 587; x_wconf 79' lang='lat' dir='ltr'><strong>inquit.</strong></span> <span class='ocrx_word' id='word_1_56' title='bbox 698 550 752 577; x_wconf 82' lang='lat' dir='ltr'><strong>Nec</strong></span> <span class='ocrx_word' id='word_1_57' title='bbox 773 557 835 576; x_wconf 83' lang='lat' dir='ltr'><strong>vero</strong></span> <span class='ocrx_word' id='word_1_58' title='bbox 848 548 916 575; x_wconf 77' lang='lat' dir='ltr'><strong>dixtt</strong></span> <span class='ocrx_word' id='word_1_59' title='bbox 930 567 938 580; x_wconf 82' lang='lat'><strong>,</strong></span> 
     </span>
    </p>
   </div>
   <div class='ocr_carea' id='block_1_10' title="bbox 151 597 938 641">
    <p class='ocr_par' dir='ltr' id='par_1_10' title="bbox 151 597 938 641">
     <span class='ocr_line' id='line_1_10' title="bbox 151 597 938 641; baseline -0.019 -7"><span class='ocrx_word' id='word_1_60' title='bbox 151 608 222 641; x_wconf 87' lang='lat' dir='ltr'><strong>ipsas</strong></span> <span class='ocrx_word' id='word_1_61' title='bbox 233 614 265 632; x_wconf 84' lang='lat' dir='ltr'><strong>ne</strong></span> <span class='ocrx_word' id='word_1_62' title='bbox 278 605 388 632; x_wconf 69' lang='lat' dir='ltr'><strong>deseras</strong></span> <span class='ocrx_word' id='word_1_63' title='bbox 401 625 408 636; x_wconf 89' lang='lat'><strong>,</strong></span> <span class='ocrx_word' id='word_1_64' title='bbox 424 602 469 629; x_wconf 87' lang='lat' dir='ltr'><strong>scd</strong></span> <span class='ocrx_word' id='word_1_65' title='bbox 482 622 489 633; x_wconf 92' lang='lat'><strong>,</strong></span> <span class='ocrx_word' id='word_1_66' title='bbox 505 600 575 635; x_wconf 78' lang='lat' dir='ltr'><strong>Ipsa:</strong></span> <span class='ocrx_word' id='word_1_67' title='bbox 587 604 610 626; x_wconf 74' lang='lat' dir='ltr'><strong>te</strong></span> <span class='ocrx_word' id='word_1_68' title='bbox 624 607 673 625; x_wconf 85' lang='lat' dir='ltr'><strong>non</strong></span> <span class='ocrx_word' id='word_1_69' title='bbox 695 597 811 623; x_wconf 77' lang='lat' dir='ltr'><strong>deserant</strong></span> <span class='ocrx_word' id='word_1_70' title='bbox 822 603 832 626; x_wconf 86' lang='lat'><strong><em>;</em></strong></span> <span class='ocrx_word' id='word_1_71' title='bbox 845 598 938 621; x_wconf 87' lang='lat' dir='ltr'><strong>osten-</strong></span> 
     </span>
    </p>
   </div>
   <div class='ocr_carea' id='block_1_11' title="bbox 148 640 937 683">
    <p class='ocr_par' dir='ltr' id='par_1_11' title="bbox 148 640 937 683">
     <span class='ocr_line' id='line_1_11' title="bbox 148 640 937 683; baseline -0.019 -3"><span class='ocrx_word' id='word_1_72' title='bbox 148 640 269 680; x_wconf 80' lang='lat' dir='ltr'><strong>densnos</strong></span> <span class='ocrx_word' id='word_1_73' title='bbox 284 659 356 681; x_wconf 83' lang='lat' dir='ltr'><strong>esse,</strong></span> <span class='ocrx_word' id='word_1_74' title='bbox 366 650 409 683; x_wconf 93' lang='lat' dir='ltr'><strong>qui</strong></span> <span class='ocrx_word' id='word_1_75' title='bbox 420 650 537 683; x_wconf 85' lang='lat' dir='ltr'><strong>ipsarum</strong></span> <span class='ocrx_word' id='word_1_76' title='bbox 547 652 683 680; x_wconf 76' lang='lat' dir='ltr'><strong>egeamus,</strong></span> <span class='ocrx_word' id='word_1_77' title='bbox 692 650 744 670; x_wconf 93' lang='lat' dir='ltr'><strong>non</strong></span> <span class='ocrx_word' id='word_1_78' title='bbox 755 643 825 676; x_wconf 84' lang='lat' dir='ltr'><strong>ipsas</strong></span> <span class='ocrx_word' id='word_1_79' title='bbox 837 640 937 671; x_wconf 86' lang='lat' dir='ltr'><strong>nostri;</strong></span> 
     </span>
    </p>
   </div>
   <div class='ocr_carea' id='block_1_12' title="bbox 147 687 939 733">
    <p class='ocr_par' dir='ltr' id='par_1_12' title="bbox 147 687 939 733">
     <span class='ocr_line' id='line_1_12' title="bbox 147 687 939 733; baseline -0.019 -6"><span class='ocrx_word' id='word_1_80' title='bbox 147 700 303 733; x_wconf 87' lang='lat' dir='ltr'><strong>docensquc</strong></span> <span class='ocrx_word' id='word_1_81' title='bbox 320 696 386 724; x_wconf 86' lang='lat' dir='ltr'><strong>nihil</strong></span> <span class='ocrx_word' id='word_1_82' title='bbox 402 695 479 721; x_wconf 87' lang='lat' dir='ltr'><strong>nobis</strong></span> <span class='ocrx_word' id='word_1_83' title='bbox 503 701 554 719; x_wconf 91' lang='lat' dir='ltr'><strong>non</strong></span> <span class='ocrx_word' id='word_1_84' title='bbox 570 691 719 718; x_wconf 77' lang='lat' dir='ltr'><strong>faciendum</strong></span> <span class='ocrx_word' id='word_1_85' title='bbox 736 697 795 716; x_wconf 85' lang='lat' dir='ltr'><strong>esse</strong></span> <span class='ocrx_word' id='word_1_86' title='bbox 810 709 816 720; x_wconf 81' lang='grc'>,</span> <span class='ocrx_word' id='word_1_87' title='bbox 834 693 863 714; x_wconf 84' lang='lat' dir='ltr'><strong>ut</strong></span> <span class='ocrx_word' id='word_1_88' title='bbox 880 687 939 713; x_wconf 88' lang='lat' dir='ltr'><strong>illas</strong></span> 
     </span>
    </p>
   </div>
   <div class='ocr_carea' id='block_1_13' title="bbox 146 733 939 778">
    <p class='ocr_par' dir='ltr' id='par_1_13' title="bbox 146 733 939 778">
     <span class='ocr_line' id='line_1_13' title="bbox 146 733 939 778; baseline -0.019 -6"><span class='ocrx_word' id='word_1_89' title='bbox 146 744 216 778; x_wconf 81' lang='lat' dir='ltr'><strong>apud</strong></span> <span class='ocrx_word' id='word_1_90' title='bbox 235 751 284 770; x_wconf 83' lang='lat' dir='ltr'><strong>nos</strong></span> <span class='ocrx_word' id='word_1_91' title='bbox 317 742 487 769; x_wconf 78' lang='lat' dir='ltr'><strong>retineamus.</strong></span> <span class='ocrx_word' id='word_1_92' title='bbox 503 739 636 765; x_wconf 77' lang='lat' dir='ltr'><strong>Circumda</strong></span> <span class='ocrx_word' id='word_1_93' title='bbox 655 744 712 767; x_wconf 73' lang='lat' dir='ltr'><strong>eus,</strong></span> <span class='ocrx_word' id='word_1_94' title='bbox 727 734 811 768; x_wconf 87' lang='lat' dir='ltr'><strong>ittqttit</strong></span> <span class='ocrx_word' id='word_1_95' title='bbox 823 755 830 765; x_wconf 89' lang='lat'><strong>,</strong></span> <span class='ocrx_word' id='word_1_96' title='bbox 843 733 939 768; x_wconf 79' lang='lat' dir='ltr'><strong>gutturi</strong></span> 
     </span>
    </p>
   </div>
   <div class='ocr_carea' id='block_1_14' title="bbox 147 779 939 823">
    <p class='ocr_par' dir='ltr' id='par_1_14' title="bbox 147 779 939 823">
     <span class='ocr_line' id='line_1_14' title="bbox 147 779 939 823; baseline -0.018 -5"><span class='ocrx_word' id='word_1_97' title='bbox 147 797 189 818; x_wconf 81' lang='lat' dir='ltr'><strong>tuo</strong></span> <span class='ocrx_word' id='word_1_98' title='bbox 206 789 302 823; x_wconf 77' lang='lat' dir='ltr'><strong>(Ibid).</strong></span> <span class='ocrx_word' id='word_1_99' title='bbox 316 785 544 822; x_wconf 86' lang='lat' dir='ltr'><strong>Quemadmodum</strong></span> <span class='ocrx_word' id='word_1_100' title='bbox 568 784 638 811; x_wconf 89' lang='lat' dir='ltr'><strong>enim</strong></span> <span class='ocrx_word' id='word_1_101' title='bbox 660 782 771 809; x_wconf 88' lang='lat' dir='ltr'><strong>divitttm</strong></span> <span class='ocrx_word' id='word_1_102' title='bbox 798 780 842 806; x_wconf 80' lang='lat' dir='ltr'><strong>lilii</strong></span> <span class='ocrx_word' id='word_1_103' title='bbox 856 779 939 806; x_wconf 87' lang='lat' dir='ltr'><strong>decus</strong></span> 
     </span>
    </p>
   </div>
   <div class='ocr_carea' id='block_1_15' title="bbox 146 823 939 866">
    <p class='ocr_par' dir='ltr' id='par_1_15' title="bbox 146 823 939 866">
     <span class='ocr_line' id='line_1_15' title="bbox 146 823 939 866; baseline -0.018 -2"><span class='ocrx_word' id='word_1_104' title='bbox 146 845 260 864; x_wconf 72' lang='lat' dir='ltr'><strong>aureum</strong></span> <span class='ocrx_word' id='word_1_105' title='bbox 273 836 344 862; x_wconf 86' lang='lat' dir='ltr'><strong>circa</strong></span> <span class='ocrx_word' id='word_1_106' title='bbox 358 834 455 860; x_wconf 90' lang='lat' dir='ltr'><strong>collum</strong></span> <span class='ocrx_word' id='word_1_107' title='bbox 468 835 584 866; x_wconf 75' lang='lat' dir='ltr'><strong>gestant,</strong></span> <span class='ocrx_word' id='word_1_108' title='bbox 600 828 717 862; x_wconf 81' lang='lat' dir='ltr'><strong>illudque</strong></span> <span class='ocrx_word' id='word_1_109' title='bbox 730 832 875 859; x_wconf 83' lang='lat' dir='ltr'><strong>numquam</strong></span> <span class='ocrx_word' id='word_1_110' title='bbox 891 823 939 851; x_wconf 90' lang='lat' dir='ltr'><strong>de-</strong></span> 
     </span>
    </p>
   </div>
   <div class='ocr_carea' id='block_1_16' title="bbox 146 872 937 917">
    <p class='ocr_par' dir='ltr' id='par_1_16' title="bbox 146 872 937 917">
     <span class='ocr_line' id='line_1_16' title="bbox 146 872 937 917; baseline -0.014 -10"><span class='ocrx_word' id='word_1_111' title='bbox 146 887 252 917; x_wconf 81' lang='lat' dir='ltr'><strong>ponunt</strong></span> <span class='ocrx_word' id='word_1_112' title='bbox 273 903 282 914; x_wconf 86' lang='lat'><strong>,</strong></span> <span class='ocrx_word' id='word_1_113' title='bbox 309 880 384 915; x_wconf 85' lang='lat' dir='ltr'><strong>quasi</strong></span> <span class='ocrx_word' id='word_1_114' title='bbox 409 877 553 906; x_wconf 86' lang='lat' dir='ltr'><strong>nobilitatis</strong></span> <span class='ocrx_word' id='word_1_115' title='bbox 575 875 677 909; x_wconf 80' lang='lat' dir='ltr'><strong>insigne</strong></span> <span class='ocrx_word' id='word_1_116' title='bbox 698 872 937 901; x_wconf 75' lang='lat' dir='ltr'><strong>circumferentes:</strong></span> 
     </span>
    </p>
   </div>
   <div class='ocr_carea' id='block_1_17' title="bbox 146 919 938 961">
    <p class='ocr_par' dir='ltr' id='par_1_17' title="bbox 146 919 938 961">
     <span class='ocr_line' id='line_1_17' title="bbox 146 919 938 961; baseline -0.018 -6"><span class='ocrx_word' id='word_1_117' title='bbox 146 928 181 955; x_wconf 82' lang='lat' dir='ltr'><strong>ita</strong></span> <span class='ocrx_word' id='word_1_118' title='bbox 198 933 225 954; x_wconf 88' lang='lat' dir='ltr'><strong>et</strong></span> <span class='ocrx_word' id='word_1_119' title='bbox 238 927 437 961; x_wconf 84' lang='lat' dir='ltr'><strong>eleetnosynam</strong></span> <span class='ocrx_word' id='word_1_120' title='bbox 448 923 523 950; x_wconf 88' lang='lat' dir='ltr'><strong>nobis</strong></span> <span class='ocrx_word' id='word_1_121' title='bbox 536 922 600 956; x_wconf 90' lang='lat' dir='ltr'><strong>ipsis</strong></span> <span class='ocrx_word' id='word_1_122' title='bbox 611 919 807 948; x_wconf 87' lang='lat' dir='ltr'><strong>circumdenuts</strong></span> <span class='ocrx_word' id='word_1_123' title='bbox 821 919 938 948; x_wconf 76' lang='lat' dir='ltr'><strong>oportet,</strong></span> 
     </span>
    </p>
   </div>
   <div class='ocr_carea' id='block_1_18' title="bbox 144 963 937 1000">
    <p class='ocr_par' dir='ltr' id='par_1_18' title="bbox 144 963 937 1000">
     <span class='ocr_line' id='line_1_18' title="bbox 144 963 937 1000; baseline -0.015 0"><span class='ocrx_word' id='word_1_124' title='bbox 144 974 317 1000; x_wconf 78' lang='lat' dir='ltr'><strong>deetarantes</strong></span> <span class='ocrx_word' id='word_1_125' title='bbox 338 979 386 998; x_wconf 90' lang='lat' dir='ltr'><strong>nos</strong></span> <span class='ocrx_word' id='word_1_126' title='bbox 415 977 475 997; x_wconf 87' lang='lat' dir='ltr'><strong>esse</strong></span> <span class='ocrx_word' id='word_1_127' title='bbox 498 966 679 995; x_wconf 85' lang='lat' dir='ltr'><strong>misericordis</strong></span> <span class='ocrx_word' id='word_1_128' title='bbox 704 965 777 992; x_wconf 91' lang='lat' dir='ltr'><strong>illius</strong></span> <span class='ocrx_word' id='word_1_129' title='bbox 794 964 879 994; x_wconf 88' lang='lat' dir='ltr'><strong>lilios,</strong></span> <span class='ocrx_word' id='word_1_130' title='bbox 892 963 937 997; x_wconf 91' lang='lat' dir='ltr'><strong>qui</strong></span> 
     </span>
    </p>
   </div>
   <div class='ocr_carea' id='block_1_19' title="bbox 145 1011 939 1049">
    <p class='ocr_par' dir='ltr' id='par_1_19' title="bbox 145 1011 939 1049">
     <span class='ocr_line' id='line_1_19' title="bbox 145 1011 939 1049; baseline -0.014 -3"><span class='ocrx_word' id='word_1_131' title='bbox 145 1020 230 1046; x_wconf 85' lang='lat' dir='ltr'><strong>solem</strong></span> <span class='ocrx_word' id='word_1_132' title='bbox 257 1018 357 1046; x_wconf 84' lang='lat' dir='ltr'><strong>exoriri</strong></span> <span class='ocrx_word' id='word_1_133' title='bbox 380 1016 444 1043; x_wconf 77' lang='lat' dir='ltr'><strong>facit</strong></span> <span class='ocrx_word' id='word_1_134' title='bbox 461 1022 543 1049; x_wconf 87' lang='lat' dir='ltr'><strong>super</strong></span> <span class='ocrx_word' id='word_1_135' title='bbox 567 1013 651 1040; x_wconf 88' lang='lat' dir='ltr'><strong>malos</strong></span> <span class='ocrx_word' id='word_1_136' title='bbox 675 1017 703 1039; x_wconf 86' lang='lat' dir='ltr'><strong>et.</strong></span> <span class='ocrx_word' id='word_1_137' title='bbox 724 1012 818 1038; x_wconf 83' lang='lat' dir='ltr'><strong>bonos.</strong></span> <span class='ocrx_word' id='word_1_138' title='bbox 839 1011 870 1036; x_wconf 87' lang='lat' dir='ltr'><strong>At</strong></span> <span class='ocrx_word' id='word_1_139' title='bbox 887 1017 939 1035; x_wconf 91' lang='lat' dir='ltr'><strong>non</strong></span> 
     </span>
    </p>
   </div>
   <div class='ocr_carea' id='block_1_20' title="bbox 143 1056 941 1095">
    <p class='ocr_par' dir='ltr' id='par_1_20' title="bbox 143 1056 941 1095">
     <span class='ocr_line' id='line_1_20' title="bbox 143 1056 941 1095; baseline -0.013 -4"><span class='ocrx_word' id='word_1_140' title='bbox 143 1066 261 1093; x_wconf 76' lang='lat' dir='ltr'><strong>credunt</strong></span> <span class='ocrx_word' id='word_1_141' title='bbox 276 1063 416 1092; x_wconf 81' lang='lat' dir='ltr'><strong>inﬁdeles?</strong></span> <span class='ocrx_word' id='word_1_142' title='bbox 430 1061 555 1095; x_wconf 89' lang='lat' dir='ltr'><strong>Quiuimo</strong></span> <span class='ocrx_word' id='word_1_143' title='bbox 576 1067 623 1094; x_wconf 91' lang='lat' dir='ltr'><strong>per</strong></span> <span class='ocrx_word' id='word_1_144' title='bbox 637 1060 694 1085; x_wconf 67' lang='lat' dir='ltr'><strong>hrcc</strong></span> <span class='ocrx_word' id='word_1_145' title='bbox 711 1057 840 1089; x_wconf 87' lang='lat' dir='ltr'><strong>credent,</strong></span> <span class='ocrx_word' id='word_1_146' title='bbox 853 1056 875 1082; x_wconf 89' lang='lat' dir='ltr'><strong>si</strong></span> <span class='ocrx_word' id='word_1_147' title='bbox 892 1062 941 1082; x_wconf 88' lang='lat' dir='ltr'><strong>nos</strong></span> 
     </span>
    </p>
   </div>
   <div class='ocr_carea' id='block_1_21' title="bbox 144 1103 939 1145">
    <p class='ocr_par' dir='ltr' id='par_1_21' title="bbox 144 1103 939 1145">
     <span class='ocr_line' id='line_1_21' title="bbox 144 1103 939 1145; baseline -0.014 -7"><span class='ocrx_word' id='word_1_148' title='bbox 144 1112 203 1138; x_wconf 68' lang='lat' dir='ltr'><strong>haec</strong></span> <span class='ocrx_word' id='word_1_149' title='bbox 220 1110 440 1145; x_wconf 64' lang='lat' dir='ltr'><strong>priestitcrimus.</strong></span> <span class='ocrx_word' id='word_1_150' title='bbox 452 1108 516 1135; x_wconf 83' lang='lat' dir='ltr'><strong>Nam</strong></span> <span class='ocrx_word' id='word_1_151' title='bbox 531 1107 553 1133; x_wconf 89' lang='lat' dir='ltr'><strong>si</strong></span> <span class='ocrx_word' id='word_1_152' title='bbox 565 1106 678 1133; x_wconf 79' lang='lat' dir='ltr'><strong>viderint</strong></span> <span class='ocrx_word' id='word_1_153' title='bbox 692 1112 741 1130; x_wconf 88' lang='lat' dir='ltr'><strong>nos</strong></span> <span class='ocrx_word' id='word_1_154' title='bbox 756 1104 874 1129; x_wconf 89' lang='lat' dir='ltr'><strong>omnium</strong></span> <span class='ocrx_word' id='word_1_155' title='bbox 889 1103 939 1128; x_wconf 90' lang='lat' dir='ltr'><strong>mi-</strong></span> 
     </span>
    </p>
   </div>
   <div class='ocr_carea' id='block_1_22' title="bbox 142 1148 942 1190">
    <p class='ocr_par' dir='ltr' id='par_1_22' title="bbox 142 1148 942 1190">
     <span class='ocr_line' id='line_1_22' title="bbox 142 1148 942 1190; baseline -0.014 -6"><span class='ocrx_word' id='word_1_156' title='bbox 142 1157 244 1190; x_wconf 83' lang='lat' dir='ltr'><strong>sereri,</strong></span> <span class='ocrx_word' id='word_1_157' title='bbox 256 1156 386 1189; x_wconf 89' lang='lat' dir='ltr'><strong>illumqtte</strong></span> <span class='ocrx_word' id='word_1_158' title='bbox 400 1156 593 1188; x_wconf 69' lang='lat' dir='ltr'><strong>repraesentare</strong></span> <span class='ocrx_word' id='word_1_159' title='bbox 607 1154 797 1185; x_wconf 66' lang='lat' dir='ltr'><strong>preceptorem</strong></span> <span class='ocrx_word' id='word_1_160' title='bbox 810 1148 858 1180; x_wconf 83' lang='lat' dir='ltr'><strong>;ad</strong></span> <span class='ocrx_word' id='word_1_161' title='bbox 871 1149 942 1174; x_wconf 87' lang='lat' dir='ltr'><strong>illius</strong></span> 
     </span>
    </p>
   </div>
   <div class='ocr_carea' id='block_1_23' title="bbox 142 1194 942 1230">
    <p class='ocr_par' dir='ltr' id='par_1_23' title="bbox 142 1194 942 1230">
     <span class='ocr_line' id='line_1_23' title="bbox 142 1194 942 1230; baseline -0.011 -2"><span class='ocrx_word' id='word_1_162' title='bbox 142 1202 330 1228; x_wconf 71' lang='lat' dir='ltr'><strong>imitationem</strong></span> <span class='ocrx_word' id='word_1_163' title='bbox 342 1200 392 1226; x_wconf 89' lang='lat' dir='ltr'><strong>hoc</strong></span> <span class='ocrx_word' id='word_1_164' title='bbox 405 1207 419 1225; x_wconf 84' lang='lat' dir='ltr'><strong>a</strong></span> <span class='ocrx_word' id='word_1_165' title='bbox 432 1198 508 1224; x_wconf 86' lang='lat' dir='ltr'><strong>nobis</strong></span> <span class='ocrx_word' id='word_1_166' title='bbox 523 1198 579 1224; x_wconf 89' lang='lat' dir='ltr'><strong>lieri</strong></span> <span class='ocrx_word' id='word_1_167' title='bbox 595 1196 758 1230; x_wconf 77' lang='lat' dir='ltr'><strong>intelligent.</strong></span> <span class='ocrx_word' id='word_1_168' title='bbox 770 1194 860 1229; x_wconf 84' lang='lat' dir='ltr'><strong>Neque</strong></span> <span class='ocrx_word' id='word_1_169' title='bbox 877 1202 942 1220; x_wconf 67' lang='lat' dir='ltr'><strong>vvro</strong></span> 
     </span>
    </p>
   </div>
   <div class='ocr_carea' id='block_1_24' title="bbox 142 1241 938 1281">
    <p class='ocr_par' dir='ltr' id='par_1_24' title="bbox 142 1241 938 1281">
     <span class='ocr_line' id='line_1_24' title="bbox 142 1241 938 1281; baseline -0.011 -7"><span class='ocrx_word' id='word_1_170' title='bbox 142 1252 297 1281; x_wconf 84' lang='lat' dir='ltr'><strong>utcumque</strong></span> <span class='ocrx_word' id='word_1_171' title='bbox 313 1245 411 1273; x_wconf 74' lang='lat' dir='ltr'><strong>iecisse</strong></span> <span class='ocrx_word' id='word_1_172' title='bbox 422 1244 486 1270; x_wconf 82' lang='lat' dir='ltr'><strong>satis</strong></span> <span class='ocrx_word' id='word_1_173' title='bbox 507 1247 557 1274; x_wconf 90' lang='lat' dir='ltr'><strong>est,</strong></span> <span class='ocrx_word' id='word_1_174' title='bbox 571 1242 618 1269; x_wconf 89' lang='lat' dir='ltr'><strong>sed</strong></span> <span class='ocrx_word' id='word_1_175' title='bbox 633 1241 722 1268; x_wconf 85' lang='lat' dir='ltr'><strong>cautio</strong></span> <span class='ocrx_word' id='word_1_176' title='bbox 736 1241 857 1275; x_wconf 70' lang='lat' dir='ltr'><strong>quxedam</strong></span> <span class='ocrx_word' id='word_1_177' title='bbox 873 1248 938 1272; x_wconf 76' lang='lat' dir='ltr'><strong>pra:-</strong></span> 
     </span>
    </p>
   </div>
   <div class='ocr_carea' id='block_1_25' title="bbox 141 1287 939 1323">
    <p class='ocr_par' dir='ltr' id='par_1_25' title="bbox 141 1287 939 1323">
     <span class='ocr_line' id='line_1_25' title="bbox 141 1287 939 1323; baseline -0.005 -5"><span class='ocrx_word' id='word_1_178' title='bbox 141 1299 216 1320; x_wconf 84' lang='lat' dir='ltr'><strong>terea</strong></span> <span class='ocrx_word' id='word_1_179' title='bbox 226 1300 261 1319; x_wconf 83' lang='lat' dir='ltr'><strong>ac</strong></span> <span class='ocrx_word' id='word_1_180' title='bbox 271 1291 471 1318; x_wconf 87' lang='lat' dir='ltr'><strong>munimentum</strong></span> <span class='ocrx_word' id='word_1_181' title='bbox 484 1289 637 1323; x_wconf 88' lang='lat' dir='ltr'><strong>requiritur.</strong></span> <span class='ocrx_word' id='word_1_182' title='bbox 650 1288 836 1321; x_wconf 71' lang='lat' dir='ltr'><strong>Elcemosyua,</strong></span> <span class='ocrx_word' id='word_1_183' title='bbox 847 1287 939 1321; x_wconf 88' lang='lat' dir='ltr'><strong>inquit,</strong></span> 
     </span>
    </p>
   </div>
   <div class='ocr_carea' id='block_1_26' title="bbox 140 1334 940 1367">
    <p class='ocr_par' dir='ltr' id='par_1_26' title="bbox 140 1334 940 1367">
     <span class='ocr_line' id='line_1_26' title="bbox 140 1334 940 1367; baseline -0.006 -2"><span class='ocrx_word' id='word_1_184' title='bbox 140 1345 167 1365; x_wconf 86' lang='lat' dir='ltr'><strong>et</strong></span> <span class='ocrx_word' id='word_1_185' title='bbox 179 1338 249 1364; x_wconf 83' lang='lat' dir='ltr'><strong>ﬁdes</strong></span> <span class='ocrx_word' id='word_1_186' title='bbox 263 1338 303 1364; x_wconf 91' lang='lat' dir='ltr'><strong>sit</strong></span> <span class='ocrx_word' id='word_1_187' title='bbox 314 1337 359 1363; x_wconf 89' lang='lat' dir='ltr'><strong>tibi</strong></span> <span class='ocrx_word' id='word_1_188' title='bbox 372 1343 444 1362; x_wconf 88' lang='lat' dir='ltr'><strong>vera.</strong></span> <span class='ocrx_word' id='word_1_189' title='bbox 460 1335 542 1362; x_wconf 77' lang='lat' dir='ltr'><strong>Recte</strong></span> <span class='ocrx_word' id='word_1_190' title='bbox 551 1334 627 1364; x_wconf 80' lang='lat' dir='ltr'><strong>dixit,</strong></span> <span class='ocrx_word' id='word_1_191' title='bbox 640 1334 716 1364; x_wconf 71' lang='lat' dir='ltr'><strong>\‘era,</strong></span> <span class='ocrx_word' id='word_1_192' title='bbox 729 1341 781 1360; x_wconf 92' lang='lat' dir='ltr'><strong>non</strong></span> <span class='ocrx_word' id='word_1_193' title='bbox 794 1341 825 1360; x_wconf 81' lang='lat' dir='ltr'><strong>ex</strong></span> <span class='ocrx_word' id='word_1_194' title='bbox 836 1334 940 1367; x_wconf 90' lang='lat' dir='ltr'><strong>rapina,</strong></span> 
     </span>
    </p>
   </div>
   <div class='ocr_carea' id='block_1_27' title="bbox 141 1379 940 1411">
    <p class='ocr_par' dir='ltr' id='par_1_27' title="bbox 141 1379 940 1411">
     <span class='ocr_line' id='line_1_27' title="bbox 141 1379 940 1411; baseline -0.006 0"><span class='ocrx_word' id='word_1_195' title='bbox 141 1392 194 1411; x_wconf 87' lang='lat' dir='ltr'><strong>non</strong></span> <span class='ocrx_word' id='word_1_196' title='bbox 201 1393 234 1411; x_wconf 79' lang='lat' dir='ltr'><strong>ex</strong></span> <span class='ocrx_word' id='word_1_197' title='bbox 251 1383 325 1410; x_wconf 84' lang='lat' dir='ltr'><strong>furto</strong></span> <span class='ocrx_word' id='word_1_198' title='bbox 336 1381 399 1410; x_wconf 86' lang='lat' dir='ltr'><strong>:hoe</strong></span> <span class='ocrx_word' id='word_1_199' title='bbox 411 1382 482 1409; x_wconf 89' lang='lat' dir='ltr'><strong>enim</strong></span> <span class='ocrx_word' id='word_1_200' title='bbox 492 1385 591 1407; x_wconf 85' lang='lat' dir='ltr'><strong>nonest</strong></span> <span class='ocrx_word' id='word_1_201' title='bbox 603 1379 678 1411; x_wconf 85' lang='lat' dir='ltr'><strong>ﬁdes,</strong></span> <span class='ocrx_word' id='word_1_202' title='bbox 690 1386 740 1405; x_wconf 85' lang='lat' dir='ltr'><strong>non</strong></span> <span class='ocrx_word' id='word_1_203' title='bbox 749 1384 788 1405; x_wconf 78' lang='lat' dir='ltr'><strong>est</strong></span> <span class='ocrx_word' id='word_1_204' title='bbox 797 1387 856 1406; x_wconf 86' lang='lat' dir='ltr'><strong>vera</strong></span> <span class='ocrx_word' id='word_1_205' title='bbox 868 1379 940 1406; x_wconf 82' lang='lat' dir='ltr'><strong>elec-</strong></span> 
     </span>
    </p>
   </div>
   <div class='ocr_carea' id='block_1_28' title="bbox 141 1426 941 1466">
    <p class='ocr_par' dir='ltr' id='par_1_28' title="bbox 141 1426 941 1466">
     <span class='ocr_line' id='line_1_28' title="bbox 141 1426 941 1466; baseline -0.006 -9"><span class='ocrx_word' id='word_1_206' title='bbox 141 1438 268 1466; x_wconf 83' lang='lat' dir='ltr'><strong>tnosyua.</strong></span> <span class='ocrx_word' id='word_1_207' title='bbox 288 1429 354 1456; x_wconf 87' lang='lat' dir='ltr'><strong>Nam</strong></span> <span class='ocrx_word' id='word_1_208' title='bbox 368 1429 412 1463; x_wconf 86' lang='lat' dir='ltr'><strong>qui</strong></span> <span class='ocrx_word' id='word_1_209' title='bbox 437 1428 555 1455; x_wconf 78' lang='lat' dir='ltr'><strong>furatur.</strong></span> <span class='ocrx_word' id='word_1_210' title='bbox 574 1433 635 1453; x_wconf 86' lang='lat' dir='ltr'><strong>cum</strong></span> <span class='ocrx_word' id='word_1_211' title='bbox 650 1426 755 1453; x_wconf 87' lang='lat' dir='ltr'><strong>tneutiri</strong></span> <span class='ocrx_word' id='word_1_212' title='bbox 779 1434 809 1452; x_wconf 86' lang='lat' dir='ltr'><strong>ac</strong></span> <span class='ocrx_word' id='word_1_213' title='bbox 822 1426 941 1460; x_wconf 80' lang='lat' dir='ltr'><strong>pcjerare</strong></span> 
     </span>
    </p>
   </div>
   <div class='ocr_carea' id='block_1_29' title="bbox 143 1472 940 1508">
    <p class='ocr_par' dir='ltr' id='par_1_29' title="bbox 143 1472 940 1508">
     <span class='ocr_line' id='line_1_29' title="bbox 143 1472 940 1508; baseline -0.006 -4"><span class='ocrx_word' id='word_1_214' title='bbox 143 1485 261 1504; x_wconf 73' lang='lat' dir='ltr'><strong>necesse</strong></span> <span class='ocrx_word' id='word_1_215' title='bbox 275 1481 339 1508; x_wconf 84' lang='lat' dir='ltr'><strong>est;</strong></span> <span class='ocrx_word' id='word_1_216' title='bbox 357 1480 383 1502; x_wconf 88' lang='lat' dir='ltr'><strong>tu</strong></span> <span class='ocrx_word' id='word_1_217' title='bbox 396 1476 460 1502; x_wconf 77' lang='lat' dir='ltr'><strong>vero</strong></span> <span class='ocrx_word' id='word_1_218' title='bbox 475 1481 527 1501; x_wconf 92' lang='lat' dir='ltr'><strong>non</strong></span> <span class='ocrx_word' id='word_1_219' title='bbox 546 1473 591 1505; x_wconf 85' lang='lat' dir='ltr'><strong>ita,</strong></span> <span class='ocrx_word' id='word_1_220' title='bbox 609 1473 656 1499; x_wconf 88' lang='lat' dir='ltr'><strong>sed</strong></span> <span class='ocrx_word' id='word_1_221' title='bbox 679 1479 730 1499; x_wconf 90' lang='lat' dir='ltr'><strong>una</strong></span> <span class='ocrx_word' id='word_1_222' title='bbox 748 1480 808 1499; x_wconf 89' lang='lat' dir='ltr'><strong>eum</strong></span> <span class='ocrx_word' id='word_1_223' title='bbox 823 1472 940 1499; x_wconf 86' lang='lat' dir='ltr'><strong>eleetno-</strong></span> 
     </span>
    </p>
   </div>
   <div class='ocr_carea' id='block_1_30' title="bbox 143 1517 941 1557">
    <p class='ocr_par' dir='ltr' id='par_1_30' title="bbox 143 1517 941 1557">
     <span class='ocr_line' id='line_1_30' title="bbox 143 1517 941 1557; baseline -0.006 -8"><span class='ocrx_word' id='word_1_224' title='bbox 143 1530 210 1557; x_wconf 85' lang='lat' dir='ltr'><strong>syna</strong></span> <span class='ocrx_word' id='word_1_225' title='bbox 240 1522 325 1549; x_wconf 80' lang='lat' dir='ltr'><strong>ﬁdem</strong></span> <span class='ocrx_word' id='word_1_226' title='bbox 352 1528 460 1555; x_wconf 91' lang='lat' dir='ltr'><strong>quoque</strong></span> <span class='ocrx_word' id='word_1_227' title='bbox 488 1519 600 1550; x_wconf 80' lang='lat' dir='ltr'><strong>habeto,</strong></span> <span class='ocrx_word' id='word_1_228' title='bbox 629 1518 722 1553; x_wconf 87' lang='lat' dir='ltr'><strong>inquit.</strong></span> <span class='ocrx_word' id='word_1_229' title='bbox 739 1517 941 1545; x_wconf 80' lang='lat' dir='ltr'><strong>Circumdemus</strong></span> 
     </span>
    </p>
   </div>
   <div class='ocr_carea' id='block_1_31' title="bbox 143 1564 942 1599">
    <p class='ocr_par' dir='ltr' id='par_1_31' title="bbox 143 1564 942 1599">
     <span class='ocr_line' id='line_1_31' title="bbox 143 1564 942 1599; baseline -0.006 -5"><span class='ocrx_word' id='word_1_230' title='bbox 143 1568 222 1594; x_wconf 83' lang='lat' dir='ltr'><strong>nobis</strong></span> <span class='ocrx_word' id='word_1_231' title='bbox 237 1568 321 1594; x_wconf 88' lang='lat' dir='ltr'><strong>istum</strong></span> <span class='ocrx_word' id='word_1_232' title='bbox 337 1571 459 1593; x_wconf 83' lang='lat' dir='ltr'><strong>ornatum</strong></span> <span class='ocrx_word' id='word_1_233' title='bbox 472 1573 479 1597; x_wconf 85' lang='lat'><strong>;</strong></span> <span class='ocrx_word' id='word_1_234' title='bbox 493 1569 615 1599; x_wconf 84' lang='lat' dir='ltr'><strong>torquem</strong></span> <span class='ocrx_word' id='word_1_235' title='bbox 632 1564 702 1590; x_wconf 87' lang='lat' dir='ltr'><strong>hunc</strong></span> <span class='ocrx_word' id='word_1_236' title='bbox 721 1571 831 1590; x_wconf 85' lang='lat' dir='ltr'><strong>aureum</strong></span> <span class='ocrx_word' id='word_1_237' title='bbox 845 1564 942 1589; x_wconf 63' lang='lat' dir='ltr'><strong>animae</strong></span> 
     </span>
    </p>
   </div>
   <div class='ocr_carea' id='block_1_32' title="bbox 143 1609 942 1646">
    <p class='ocr_par' dir='ltr' id='par_1_32' title="bbox 143 1609 942 1646">
     <span class='ocr_line' id='line_1_32' title="bbox 143 1609 942 1646; baseline -0.004 -8"><span class='ocrx_word' id='word_1_238' title='bbox 143 1618 289 1646; x_wconf 81' lang='lat' dir='ltr'><strong>aptemus,</strong></span> <span class='ocrx_word' id='word_1_239' title='bbox 308 1611 504 1645; x_wconf 68' lang='lat' dir='ltr'><strong>cleeinosyuam</strong></span> <span class='ocrx_word' id='word_1_240' title='bbox 530 1610 608 1641; x_wconf 86' lang='lat' dir='ltr'><strong>dico,</strong></span> <span class='ocrx_word' id='word_1_241' title='bbox 623 1609 749 1644; x_wconf 84' lang='lat' dir='ltr'><strong>quamdiu</strong></span> <span class='ocrx_word' id='word_1_242' title='bbox 775 1610 876 1636; x_wconf 81' lang='lat' dir='ltr'><strong>scilicet</strong></span> <span class='ocrx_word' id='word_1_243' title='bbox 900 1609 942 1635; x_wconf 89' lang='lat' dir='ltr'><strong>hic</strong></span> 
     </span>
    </p>
   </div>
   <div class='ocr_carea' id='block_1_33' title="bbox 144 1655 943 1690">
    <p class='ocr_par' dir='ltr' id='par_1_33' title="bbox 144 1655 943 1690">
     <span class='ocr_line' id='line_1_33' title="bbox 144 1655 943 1690; baseline -0.003 -6"><span class='ocrx_word' id='word_1_244' title='bbox 144 1658 294 1685; x_wconf 82' lang='lat' dir='ltr'><strong>fuerimus.</strong></span> <span class='ocrx_word' id='word_1_245' title='bbox 310 1657 373 1683; x_wconf 86' lang='lat' dir='ltr'><strong>Nam</strong></span> <span class='ocrx_word' id='word_1_246' title='bbox 389 1664 449 1683; x_wconf 87' lang='lat' dir='ltr'><strong>cmn</strong></span> <span class='ocrx_word' id='word_1_247' title='bbox 465 1660 530 1683; x_wconf 70' lang='lat' dir='ltr'><strong>mtas</strong></span> <span class='ocrx_word' id='word_1_248' title='bbox 550 1656 606 1682; x_wconf 82' lang='lat' dir='ltr'><strong>ltzcc</strong></span> <span class='ocrx_word' id='word_1_249' title='bbox 628 1655 785 1690; x_wconf 64' lang='lat' dir='ltr'><strong>prmterierit</strong></span> <span class='ocrx_word' id='word_1_250' title='bbox 797 1677 804 1688; x_wconf 93' lang='lat'><strong>,</strong></span> <span class='ocrx_word' id='word_1_251' title='bbox 821 1663 873 1682; x_wconf 93' lang='lat' dir='ltr'><strong>non</strong></span> <span class='ocrx_word' id='word_1_252' title='bbox 885 1665 943 1682; x_wconf 86' lang='lat' dir='ltr'><strong>am-</strong></span> 
     </span>
    </p>
   </div>
   <div class='ocr_carea' id='block_1_34' title="bbox 146 1702 940 1738">
    <p class='ocr_par' dir='ltr' id='par_1_34' title="bbox 146 1702 940 1738">
     <span class='ocr_line' id='line_1_34' title="bbox 146 1702 940 1738; baseline 0.001 -9"><span class='ocrx_word' id='word_1_253' title='bbox 146 1705 219 1737; x_wconf 80' lang='lat' dir='ltr'><strong>plius</strong></span> <span class='ocrx_word' id='word_1_254' title='bbox 234 1705 280 1731; x_wconf 87' lang='lat' dir='ltr'><strong>illa</strong></span> <span class='ocrx_word' id='word_1_255' title='bbox 299 1709 414 1730; x_wconf 86' lang='lat' dir='ltr'><strong>utemur.</strong></span> <span class='ocrx_word' id='word_1_256' title='bbox 430 1703 496 1736; x_wconf 89' lang='lat' dir='ltr'><strong>Quid</strong></span> <span class='ocrx_word' id='word_1_257' title='bbox 514 1703 569 1729; x_wconf 79' lang='lat' dir='ltr'><strong>ita?</strong></span> <span class='ocrx_word' id='word_1_258' title='bbox 584 1702 642 1729; x_wconf 85' lang='lat' dir='ltr'><strong>Non</strong></span> <span class='ocrx_word' id='word_1_259' title='bbox 657 1708 718 1729; x_wconf 73' lang='lat' dir='ltr'><strong>sunt</strong></span> <span class='ocrx_word' id='word_1_260' title='bbox 734 1703 768 1729; x_wconf 86' lang='lat' dir='ltr'><strong>ibi</strong></span> <span class='ocrx_word' id='word_1_261' title='bbox 794 1711 922 1738; x_wconf 77' lang='lat' dir='ltr'><strong>pauperes</strong></span> <span class='ocrx_word' id='word_1_262' title='bbox 933 1724 940 1735; x_wconf 86' lang='lat'><strong>,</strong></span> 
     </span>
    </p>
   </div>
   <div class='ocr_carea' id='block_1_35' title="bbox 147 1749 942 1784">
    <p class='ocr_par' dir='ltr' id='par_1_35' title="bbox 147 1749 942 1784">
     <span class='ocr_line' id='line_1_35' title="bbox 147 1749 942 1784; baseline 0 -8"><span class='ocrx_word' id='word_1_263' title='bbox 147 1758 201 1776; x_wconf 91' lang='lat' dir='ltr'><strong>non</strong></span> <span class='ocrx_word' id='word_1_264' title='bbox 214 1755 280 1777; x_wconf 85' lang='lat' dir='ltr'><strong>sunt</strong></span> <span class='ocrx_word' id='word_1_265' title='bbox 292 1750 327 1777; x_wconf 90' lang='lat' dir='ltr'><strong>ibi</strong></span> <span class='ocrx_word' id='word_1_266' title='bbox 341 1751 470 1784; x_wconf 62' lang='lat' dir='ltr'><strong>pecuniae,</strong></span> <span class='ocrx_word' id='word_1_267' title='bbox 487 1756 538 1776; x_wconf 90' lang='lat' dir='ltr'><strong>non</strong></span> <span class='ocrx_word' id='word_1_268' title='bbox 551 1753 594 1776; x_wconf 75' lang='lat' dir='ltr'><strong>est</strong></span> <span class='ocrx_word' id='word_1_269' title='bbox 609 1749 642 1775; x_wconf 91' lang='lat' dir='ltr'><strong>ibi</strong></span> <span class='ocrx_word' id='word_1_270' title='bbox 655 1749 812 1776; x_wconf 81' lang='lat' dir='ltr'><strong>mendicitas</strong></span> <span class='ocrx_word' id='word_1_271' title='bbox 826 1759 832 1775; x_wconf 92' lang='lat'><em>:</em></span> <span class='ocrx_word' id='word_1_272' title='bbox 846 1758 942 1784; x_wconf 89' lang='lat' dir='ltr'><strong>quam-</strong></span> 
     </span>
    </p>
   </div>
   <div class='ocr_carea' id='block_1_36' title="bbox 147 1795 942 1831">
    <p class='ocr_par' dir='ltr' id='par_1_36' title="bbox 147 1795 942 1831">
     <span class='ocr_line' id='line_1_36' title="bbox 147 1795 942 1831; baseline 0.003 -10"><span class='ocrx_word' id='word_1_273' title='bbox 147 1796 192 1822; x_wconf 86' lang='lat' dir='ltr'><strong>diu</strong></span> <span class='ocrx_word' id='word_1_274' title='bbox 207 1804 303 1823; x_wconf 90' lang='lat' dir='ltr'><strong>sumus</strong></span> <span class='ocrx_word' id='word_1_275' title='bbox 318 1796 402 1831; x_wconf 88' lang='lat' dir='ltr'><strong>pueri,</strong></span> <span class='ocrx_word' id='word_1_276' title='bbox 417 1800 512 1823; x_wconf 90' lang='lat' dir='ltr'><strong>ornatu</strong></span> <span class='ocrx_word' id='word_1_277' title='bbox 529 1795 580 1822; x_wconf 85' lang='lat' dir='ltr'><strong>hoc</strong></span> <span class='ocrx_word' id='word_1_278' title='bbox 594 1803 643 1822; x_wconf 90' lang='lat' dir='ltr'><strong>nos</strong></span> <span class='ocrx_word' id='word_1_279' title='bbox 655 1796 726 1830; x_wconf 84' lang='lat' dir='ltr'><strong>ipsos</strong></span> <span class='ocrx_word' id='word_1_280' title='bbox 741 1804 773 1822; x_wconf 91' lang='lat' dir='ltr'><strong>ne</strong></span> <span class='ocrx_word' id='word_1_281' title='bbox 785 1796 942 1830; x_wconf 65' lang='lat' dir='ltr'><strong>spolienins.</strong></span> 
     </span>
    </p>
   </div>
   <div class='ocr_carea' id='block_1_37' title="bbox 146 1842 943 1875">
    <p class='ocr_par' dir='ltr' id='par_1_37' title="bbox 146 1842 943 1875">
     <span class='ocr_line' id='line_1_37' title="bbox 146 1842 943 1875; baseline 0.001 -8"><span class='ocrx_word' id='word_1_282' title='bbox 146 1842 229 1873; x_wconf 84' lang='lat' dir='ltr'><strong>Quod</strong></span> <span class='ocrx_word' id='word_1_283' title='bbox 247 1842 321 1868; x_wconf 87' lang='lat' dir='ltr'><strong>enim</strong></span> <span class='ocrx_word' id='word_1_284' title='bbox 340 1842 364 1868; x_wconf 89' lang='lat' dir='ltr'><strong>in</strong></span> <span class='ocrx_word' id='word_1_285' title='bbox 379 1842 467 1875; x_wconf 91' lang='lat' dir='ltr'><strong>pueris</strong></span> <span class='ocrx_word' id='word_1_286' title='bbox 479 1842 581 1873; x_wconf 78' lang='lat' dir='ltr'><strong>evenit,</strong></span> <span class='ocrx_word' id='word_1_287' title='bbox 598 1848 625 1868; x_wconf 90' lang='lat' dir='ltr'><strong>ut</strong></span> <span class='ocrx_word' id='word_1_288' title='bbox 639 1849 699 1868; x_wconf 91' lang='lat' dir='ltr'><strong>cum</strong></span> <span class='ocrx_word' id='word_1_289' title='bbox 713 1842 745 1868; x_wconf 88' lang='lat' dir='ltr'><strong>ad</strong></span> <span class='ocrx_word' id='word_1_290' title='bbox 760 1842 863 1868; x_wconf 82' lang='lat' dir='ltr'><strong>virilem</strong></span> <span class='ocrx_word' id='word_1_291' title='bbox 881 1847 943 1868; x_wconf 77' lang='lat' dir='ltr'><strong>:rta-</strong></span> 
     </span>
    </p>
   </div>
   <div class='ocr_carea' id='block_1_38' title="bbox 151 1887 942 1921">
    <p class='ocr_par' dir='ltr' id='par_1_38' title="bbox 151 1887 942 1921">
     <span class='ocr_line' id='line_1_38' title="bbox 151 1887 942 1921; baseline 0.003 -10"><span class='ocrx_word' id='word_1_292' title='bbox 151 1891 209 1912; x_wconf 88' lang='lat' dir='ltr'><strong>tem</strong></span> <span class='ocrx_word' id='word_1_293' title='bbox 235 1887 423 1920; x_wconf 80' lang='lat' dir='ltr'><strong>pervenerint,</strong></span> <span class='ocrx_word' id='word_1_294' title='bbox 438 1888 488 1913; x_wconf 82' lang='lat' dir='ltr'><strong>ista</strong></span> <span class='ocrx_word' id='word_1_295' title='bbox 509 1887 644 1921; x_wconf 84' lang='lat' dir='ltr'><strong>deponant</strong></span> <span class='ocrx_word' id='word_1_296' title='bbox 657 1908 663 1918; x_wconf 90' lang='lat'><strong>,</strong></span> <span class='ocrx_word' id='word_1_297' title='bbox 681 1892 760 1921; x_wconf 80' lang='lat' dir='ltr'><strong>atque</strong></span> <span class='ocrx_word' id='word_1_298' title='bbox 788 1888 869 1914; x_wconf 88' lang='lat' dir='ltr'><strong>alium</strong></span> <span class='ocrx_word' id='word_1_299' title='bbox 894 1888 942 1913; x_wconf 80' lang='lat' dir='ltr'><strong>sibi</strong></span> 
     </span>
    </p>
   </div>
   <div class='ocr_carea' id='block_1_39' title="bbox 149 1932 942 1967">
    <p class='ocr_par' dir='ltr' id='par_1_39' title="bbox 149 1932 942 1967">
     <span class='ocr_line' id='line_1_39' title="bbox 149 1932 942 1967; baseline 0.003 -11"><span class='ocrx_word' id='word_1_300' title='bbox 149 1937 297 1958; x_wconf 64' lang='lat' dir='ltr'><strong>assumant</strong></span> <span class='ocrx_word' id='word_1_301' title='bbox 319 1937 440 1958; x_wconf 87' lang='lat' dir='ltr'><strong>ornatum</strong></span> <span class='ocrx_word' id='word_1_302' title='bbox 456 1942 463 1959; x_wconf 75' lang='grc' dir='ltr'><strong>ι</strong></span> <span class='ocrx_word' id='word_1_303' title='bbox 479 1932 547 1958; x_wconf 85' lang='lat' dir='ltr'><strong>idem</strong></span> <span class='ocrx_word' id='word_1_304' title='bbox 571 1939 676 1967; x_wconf 86' lang='lat' dir='ltr'><strong>quoque</strong></span> <span class='ocrx_word' id='word_1_305' title='bbox 692 1932 717 1958; x_wconf 91' lang='lat' dir='ltr'><strong>in</strong></span> <span class='ocrx_word' id='word_1_306' title='bbox 734 1932 821 1959; x_wconf 88' lang='lat' dir='ltr'><strong>nobis.</strong></span> <span class='ocrx_word' id='word_1_307' title='bbox 838 1932 942 1958; x_wconf 77' lang='lat' dir='ltr'><strong>Etenim</strong></span> 
     </span>
    </p>
   </div>
   <div class='ocr_carea' id='block_1_40' title="bbox 150 1977 943 2013">
    <p class='ocr_par' dir='ltr' id='par_1_40' title="bbox 150 1977 943 2013">
     <span class='ocr_line' id='line_1_40' title="bbox 150 1977 943 2013; baseline 0.001 -10"><span class='ocrx_word' id='word_1_308' title='bbox 150 1977 209 2003; x_wconf 84' lang='lat' dir='ltr'><strong>illic</strong></span> <span class='ocrx_word' id='word_1_309' title='bbox 226 1984 281 2004; x_wconf 92' lang='lat' dir='ltr'><strong>non</strong></span> <span class='ocrx_word' id='word_1_310' title='bbox 297 1978 347 2004; x_wconf 82' lang='lat' dir='ltr'><strong>erit</strong></span> <span class='ocrx_word' id='word_1_311' title='bbox 360 1977 526 2013; x_wconf 80' lang='lat' dir='ltr'><strong>elecnmsyna</strong></span> <span class='ocrx_word' id='word_1_312' title='bbox 541 1979 588 2005; x_wconf 86' lang='lat' dir='ltr'><strong>ista</strong></span> <span class='ocrx_word' id='word_1_313' title='bbox 602 1999 609 2011; x_wconf 89' lang='lat'><strong>,</strong></span> <span class='ocrx_word' id='word_1_314' title='bbox 625 1986 684 2013; x_wconf 75' lang='lat' dir='ltr'><strong>qure</strong></span> <span class='ocrx_word' id='word_1_315' title='bbox 700 1979 818 2013; x_wconf 72' lang='lat' dir='ltr'><strong>pecuniis</strong></span> <span class='ocrx_word' id='word_1_316' title='bbox 834 1978 859 2004; x_wconf 87' lang='lat' dir='ltr'><strong>lit</strong></span> <span class='ocrx_word' id='word_1_317' title='bbox 875 1999 881 2010; x_wconf 88' lang='lat'><strong>,</strong></span> <span class='ocrx_word' id='word_1_318' title='bbox 897 1978 943 2004; x_wconf 77' lang='lat' dir='ltr'><strong>sed</strong></span> 
     </span>
    </p>
   </div>
   <div class='ocr_carea' id='block_1_41' title="bbox 145 2023 944 2058">
    <p class='ocr_par' dir='ltr' id='par_1_41' title="bbox 145 2023 944 2058">
     <span class='ocr_line' id='line_1_41' title="bbox 145 2023 944 2058; baseline 0.004 -11"><span class='ocrx_word' id='word_1_319' title='bbox 145 2023 203 2049; x_wconf 72' lang='lat' dir='ltr'><strong>alia</strong></span> <span class='ocrx_word' id='word_1_320' title='bbox 220 2023 345 2057; x_wconf 78' lang='lat' dir='ltr'><strong>qua-dam</strong></span> <span class='ocrx_word' id='word_1_321' title='bbox 361 2023 437 2057; x_wconf 77' lang='lat' dir='ltr'><strong>longe</strong></span> <span class='ocrx_word' id='word_1_322' title='bbox 454 2025 546 2056; x_wconf 80' lang='lat' dir='ltr'><strong>major.</strong></span> <span class='ocrx_word' id='word_1_323' title='bbox 563 2023 599 2050; x_wconf 84' lang='lat' dir='ltr'><strong>Ne</strong></span> <span class='ocrx_word' id='word_1_324' title='bbox 622 2024 702 2058; x_wconf 77' lang='lat' dir='ltr'><strong>igitur</strong></span> <span class='ocrx_word' id='word_1_325' title='bbox 714 2024 815 2050; x_wconf 84' lang='lat' dir='ltr'><strong>interea</strong></span> <span class='ocrx_word' id='word_1_326' title='bbox 832 2024 880 2050; x_wconf 85' lang='lat' dir='ltr'><strong>bac</strong></span> <span class='ocrx_word' id='word_1_327' title='bbox 896 2032 944 2050; x_wconf 90' lang='lat' dir='ltr'><strong>nos</strong></span> 
     </span>
    </p>
   </div>
   <div class='ocr_carea' id='block_1_42' title="bbox 144 2069 943 2104">
    <p class='ocr_par' dir='ltr' id='par_1_42' title="bbox 144 2069 943 2104">
     <span class='ocr_line' id='line_1_42' title="bbox 144 2069 943 2104; baseline 0.003 -10"><span class='ocrx_word' id='word_1_328' title='bbox 144 2069 291 2102; x_wconf 87' lang='lat' dir='ltr'><strong>privemns</strong></span> <span class='ocrx_word' id='word_1_329' title='bbox 305 2077 312 2094; x_wconf 86' lang='lat'><strong>:</strong></span> <span class='ocrx_word' id='word_1_330' title='bbox 328 2076 437 2104; x_wconf 86' lang='lat' dir='ltr'><strong>operam</strong></span> <span class='ocrx_word' id='word_1_331' title='bbox 451 2069 559 2100; x_wconf 85' lang='lat' dir='ltr'><strong>deuius,</strong></span> <span class='ocrx_word' id='word_1_332' title='bbox 573 2075 601 2096; x_wconf 92' lang='lat' dir='ltr'><strong>ut</strong></span> <span class='ocrx_word' id='word_1_333' title='bbox 627 2069 762 2104; x_wconf 76' lang='lat' dir='ltr'><strong>pulchram</strong></span> <span class='ocrx_word' id='word_1_334' title='bbox 779 2078 807 2096; x_wconf 78' lang='lat' dir='ltr'><strong>se</strong></span> <span class='ocrx_word' id='word_1_335' title='bbox 829 2074 855 2096; x_wconf 87' lang='lat' dir='ltr'><strong>et</strong></span> <span class='ocrx_word' id='word_1_336' title='bbox 882 2078 943 2104; x_wconf 76' lang='lat' dir='ltr'><strong>spe-</strong></span> 
     </span>
    </p>
   </div>
   <div class='ocr_carea' id='block_1_43' title="bbox 142 2114 943 2150">
    <p class='ocr_par' dir='ltr' id='par_1_43' title="bbox 142 2114 943 2150">
     <span class='ocr_line' id='line_1_43' title="bbox 142 2114 943 2150; baseline 0.001 -9"><span class='ocrx_word' id='word_1_337' title='bbox 142 2114 278 2141; x_wconf 86' lang='lat' dir='ltr'><strong>ctandam</strong></span> <span class='ocrx_word' id='word_1_338' title='bbox 289 2115 406 2148; x_wconf 69' lang='lat' dir='ltr'><strong>prmbeat</strong></span> <span class='ocrx_word' id='word_1_339' title='bbox 419 2115 517 2142; x_wconf 79' lang='lat' dir='ltr'><strong>anima.</strong></span> <span class='ocrx_word' id='word_1_340' title='bbox 530 2115 652 2150; x_wconf 76' lang='lat' dir='ltr'><strong>Magnum</strong></span> <span class='ocrx_word' id='word_1_341' title='bbox 663 2116 833 2150; x_wconf 64' lang='lat' dir='ltr'><strong>clecnmsyua</strong></span> <span class='ocrx_word' id='word_1_342' title='bbox 845 2117 943 2142; x_wconf 80' lang='lat' dir='ltr'><strong>Imlltltll</strong></span> 
     </span>
    </p>
   </div>
   <div class='ocr_carea' id='block_1_44' title="bbox 142 2161 944 2197">
    <p class='ocr_par' dir='ltr' id='par_1_44' title="bbox 142 2161 944 2197">
     <span class='ocr_line' id='line_1_44' title="bbox 142 2161 944 2197; baseline 0.001 -10"><span class='ocrx_word' id='word_1_343' title='bbox 142 2166 231 2195; x_wconf 85' lang='lat' dir='ltr'><strong>atque</strong></span> <span class='ocrx_word' id='word_1_344' title='bbox 248 2161 407 2187; x_wconf 86' lang='lat' dir='ltr'><strong>honoratum</strong></span> <span class='ocrx_word' id='word_1_345' title='bbox 431 2166 491 2194; x_wconf 90' lang='lat' dir='ltr'><strong>est,</strong></span> <span class='ocrx_word' id='word_1_346' title='bbox 515 2170 639 2197; x_wconf 72' lang='lat' dir='ltr'><strong>maguum</strong></span> <span class='ocrx_word' id='word_1_347' title='bbox 664 2162 783 2193; x_wconf 85' lang='lat' dir='ltr'><strong>donum,</strong></span> <span class='ocrx_word' id='word_1_348' title='bbox 808 2164 860 2189; x_wconf 89' lang='lat' dir='ltr'><strong>imo</strong></span> <span class='ocrx_word' id='word_1_349' title='bbox 880 2171 944 2189; x_wconf 71' lang='lat' dir='ltr'><strong>vero</strong></span> 
     </span>
    </p>
   </div>
   <div class='ocr_carea' id='block_1_45' title="bbox 144 2207 942 2242">
    <p class='ocr_par' dir='ltr' id='par_1_45' title="bbox 144 2207 942 2242">
     <span class='ocr_line' id='line_1_45' title="bbox 144 2207 942 2242; baseline 0.004 -9"><span class='ocrx_word' id='word_1_350' title='bbox 144 2214 249 2241; x_wconf 79' lang='lat' dir='ltr'><strong>magna</strong></span> <span class='ocrx_word' id='word_1_351' title='bbox 265 2211 304 2233; x_wconf 81' lang='lat' dir='ltr'><strong>est</strong></span> <span class='ocrx_word' id='word_1_352' title='bbox 318 2207 423 2234; x_wconf 81' lang='lat' dir='ltr'><strong>bonitas</strong></span> <span class='ocrx_word' id='word_1_353' title='bbox 440 2216 446 2233; x_wconf 87' lang='lat'><strong>:</strong></span> <span class='ocrx_word' id='word_1_354' title='bbox 463 2208 484 2234; x_wconf 89' lang='lat' dir='ltr'><strong>si</strong></span> <span class='ocrx_word' id='word_1_355' title='bbox 501 2208 673 2235; x_wconf 86' lang='lat' dir='ltr'><strong>didicerimus</strong></span> <span class='ocrx_word' id='word_1_356' title='bbox 697 2209 824 2242; x_wconf 79' lang='lat' dir='ltr'><strong>pecunias</strong></span> <span class='ocrx_word' id='word_1_357' title='bbox 852 2215 942 2236; x_wconf 87' lang='lat' dir='ltr'><strong>conte-</strong></span> 
     </span>
    </p>
   </div>
   <div class='ocr_carea' id='block_1_46' title="bbox 144 2252 928 2289">
    <p class='ocr_par' dir='ltr' id='par_1_46' title="bbox 144 2252 928 2289">
     <span class='ocr_line' id='line_1_46' title="bbox 144 2252 928 2289; baseline 0.003 -11"><span class='ocrx_word' id='word_1_358' title='bbox 144 2260 257 2283; x_wconf 86' lang='lat' dir='ltr'><strong>tonere,</strong></span> <span class='ocrx_word' id='word_1_359' title='bbox 267 2252 346 2278; x_wconf 82' lang='lat' dir='ltr'><strong>etiam</strong></span> <span class='ocrx_word' id='word_1_360' title='bbox 362 2253 411 2279; x_wconf 80' lang='lat' dir='ltr'><strong>alia</strong></span> <span class='ocrx_word' id='word_1_361' title='bbox 424 2253 569 2280; x_wconf 88' lang='lat' dir='ltr'><strong>discemus.</strong></span> <span class='ocrx_word' id='word_1_362' title='bbox 580 2253 647 2280; x_wconf 76' lang='lat' dir='ltr'><strong>Vide</strong></span> <span class='ocrx_word' id='word_1_363' title='bbox 658 2254 729 2280; x_wconf 79' lang='lat' dir='ltr'><strong>enim</strong></span> <span class='ocrx_word' id='word_1_364' title='bbox 743 2260 807 2288; x_wconf 86' lang='lat' dir='ltr'><strong>quot</strong></span> <span class='ocrx_word' id='word_1_365' title='bbox 824 2255 883 2281; x_wconf 87' lang='lat' dir='ltr'><strong>hinc</strong></span> <span class='ocrx_word' id='word_1_366' title='bbox 898 2264 928 2289; x_wconf 77' lang='lat' dir='ltr'><strong>pa</strong></span> 
     </span>
    </p>
   </div>
   <div class='ocr_carea' id='block_1_47' title="bbox 145 2298 943 2334">
    <p class='ocr_par' dir='ltr' id='par_1_47' title="bbox 145 2298 943 2334">
     <span class='ocr_line' id='line_1_47' title="bbox 145 2298 943 2334; baseline 0.004 -9"><span class='ocrx_word' id='word_1_367' title='bbox 145 2298 258 2326; x_wconf 81' lang='lat' dir='ltr'><strong>riantur</strong></span> <span class='ocrx_word' id='word_1_368' title='bbox 272 2298 339 2325; x_wconf 86' lang='lat' dir='ltr'><strong>bona</strong></span> <span class='ocrx_word' id='word_1_369' title='bbox 356 2299 418 2333; x_wconf 88' lang='lat' dir='ltr'><strong>:qui</strong></span> <span class='ocrx_word' id='word_1_370' title='bbox 433 2299 479 2324; x_wconf 88' lang='lat' dir='ltr'><strong>dat</strong></span> <span class='ocrx_word' id='word_1_371' title='bbox 493 2299 692 2334; x_wconf 80' lang='lat' dir='ltr'><strong>eleemosyuatn</strong></span> <span class='ocrx_word' id='word_1_372' title='bbox 707 2301 841 2334; x_wconf 84' lang='lat' dir='ltr'><strong>quomodo</strong></span> <span class='ocrx_word' id='word_1_373' title='bbox 857 2302 943 2328; x_wconf 80' lang='lat' dir='ltr'><strong>danda</strong></span> 
     </span>
    </p>
   </div>
   <div class='ocr_carea' id='block_1_48' title="bbox 143 2344 945 2380">
    <p class='ocr_par' dir='ltr' id='par_1_48' title="bbox 143 2344 945 2380">
     <span class='ocr_line' id='line_1_48' title="bbox 143 2344 945 2380; baseline 0.005 -11"><span class='ocrx_word' id='word_1_374' title='bbox 143 2350 207 2375; x_wconf 81' lang='lat' dir='ltr'><strong>est,</strong></span> <span class='ocrx_word' id='word_1_375' title='bbox 240 2344 264 2369; x_wconf 88' lang='lat' dir='ltr'><strong>is</strong></span> <span class='ocrx_word' id='word_1_376' title='bbox 287 2344 365 2370; x_wconf 82' lang='lat' dir='ltr'><strong>discit</strong></span> <span class='ocrx_word' id='word_1_377' title='bbox 385 2344 510 2377; x_wconf 88' lang='lat' dir='ltr'><strong>pecunias</strong></span> <span class='ocrx_word' id='word_1_378' title='bbox 536 2350 710 2371; x_wconf 63' lang='lat' dir='ltr'><strong>contemnere</strong></span> <span class='ocrx_word' id='word_1_379' title='bbox 725 2354 731 2372; x_wconf 86' lang='lat'>:</span> <span class='ocrx_word' id='word_1_380' title='bbox 749 2347 793 2380; x_wconf 90' lang='lat' dir='ltr'><strong>qui</strong></span> <span class='ocrx_word' id='word_1_381' title='bbox 820 2348 945 2380; x_wconf 78' lang='lat' dir='ltr'><strong>pecunias</strong></span> 
     </span>
    </p>
   </div>
   <div class='ocr_carea' id='block_1_49' title="bbox 145 2390 942 2422">
    <p class='ocr_par' dir='ltr' id='par_1_49' title="bbox 145 2390 942 2422">
     <span class='ocr_line' id='line_1_49' title="bbox 145 2390 942 2422; baseline 0.006 -7"><span class='ocrx_word' id='word_1_382' title='bbox 145 2394 328 2416; x_wconf 76' lang='lat' dir='ltr'><strong>contemnere</strong></span> <span class='ocrx_word' id='word_1_383' title='bbox 353 2390 466 2422; x_wconf 89' lang='lat' dir='ltr'><strong>didicit,</strong></span> <span class='ocrx_word' id='word_1_384' title='bbox 491 2391 512 2417; x_wconf 87' lang='lat' dir='ltr'><strong>is</strong></span> <span class='ocrx_word' id='word_1_385' title='bbox 538 2391 669 2417; x_wconf 86' lang='lat' dir='ltr'><strong>malorum</strong></span> <span class='ocrx_word' id='word_1_386' title='bbox 694 2392 811 2419; x_wconf 83' lang='lat' dir='ltr'><strong>radicem</strong></span> <span class='ocrx_word' id='word_1_387' title='bbox 835 2394 942 2420; x_wconf 78' lang='lat' dir='ltr'><strong>excidit.</strong></span> 
     </span>
    </p>
   </div>
   <div class='ocr_carea' id='block_1_50' title="bbox 143 2435 946 2473">
    <p class='ocr_par' dir='ltr' id='par_1_50' title="bbox 143 2435 946 2473">
     <span class='ocr_line' id='line_1_50' title="bbox 143 2435 946 2473; baseline 0.005 -12"><span class='ocrx_word' id='word_1_388' title='bbox 143 2435 334 2468; x_wconf 82' lang='lat' dir='ltr'><strong>Quamobrem</strong></span> <span class='ocrx_word' id='word_1_389' title='bbox 349 2443 401 2462; x_wconf 86' lang='lat' dir='ltr'><strong>non</strong></span> <span class='ocrx_word' id='word_1_390' title='bbox 412 2440 464 2461; x_wconf 87' lang='lat' dir='ltr'><strong>tam</strong></span> <span class='ocrx_word' id='word_1_391' title='bbox 479 2435 540 2462; x_wconf 82' lang='lat' dir='ltr'><strong>facit</strong></span> <span class='ocrx_word' id='word_1_392' title='bbox 554 2436 723 2468; x_wconf 74' lang='lat' dir='ltr'><strong>beneficium.</strong></span> <span class='ocrx_word' id='word_1_393' title='bbox 740 2446 817 2472; x_wconf 85' lang='lat' dir='ltr'><strong>quant</strong></span> <span class='ocrx_word' id='word_1_394' title='bbox 832 2440 946 2473; x_wconf 78' lang='lat' dir='ltr'><strong>acripit;</strong></span> 
     </span>
    </p>
   </div>
   <div class='ocr_carea' id='block_1_51' title="bbox 606 260 1313 294">
    <p class='ocr_par' dir='ltr' id='par_1_51' title="bbox 606 260 1313 294">
     <span class='ocr_line' id='line_1_51' title="bbox 606 260 1313 294; baseline -0.006 0"><span class='ocrx_word' id='word_1_395' title='bbox 606 265 639 294; x_wconf 75' lang='lat' dir='ltr'><strong>IN</strong></span> <span class='ocrx_word' id='word_1_396' title='bbox 659 263 766 293; x_wconf 75' lang='lat' dir='ltr'><strong>EPIST.</strong></span> <span class='ocrx_word' id='word_1_397' title='bbox 788 262 832 290; x_wconf 80' lang='lat' dir='ltr'><strong>AD</strong></span> <span class='ocrx_word' id='word_1_398' title='bbox 851 260 995 289; x_wconf 80' lang='lat' dir='ltr'><strong>PlllLlPP.</strong></span> <span class='ocrx_word' id='word_1_399' title='bbox 1016 260 1091 288; x_wconf 77' lang='lat' dir='ltr'><strong>CAP.</strong></span> <span class='ocrx_word' id='word_1_400' title='bbox 1114 261 1134 289; x_wconf 92' lang='lat' dir='ltr'><strong>I.</strong></span> <span class='ocrx_word' id='word_1_401' title='bbox 1156 261 1271 290; x_wconf 75' lang='lat' dir='ltr'><strong>IIOMIL.</strong></span> <span class='ocrx_word' id='word_1_402' title='bbox 1292 261 1313 290; x_wconf 70' lang='lat' dir='ltr'><strong>l’.</strong></span> 
     </span>
    </p>
   </div>
   <div class='ocr_carea' id='block_1_52' title="bbox 1732 263 1783 291">
    <p class='ocr_par' dir='ltr' id='par_1_52' title="bbox 1732 263 1783 291">
     <span class='ocr_line' id='line_1_52' title="bbox 1732 263 1783 291; baseline 0.039 -2"><span class='ocrx_word' id='word_1_403' title='bbox 1732 263 1783 291; x_wconf 71' lang='lat' dir='ltr'><strong>l3!</strong></span> 
     </span>
    </p>
   </div>
   <div class='ocr_carea' id='block_1_53' title="bbox 988 319 1779 356">
    <p class='ocr_par' dir='ltr' id='par_1_53' title="bbox 988 319 1779 356">
     <span class='ocr_line' id='line_1_53' title="bbox 988 319 1779 356; baseline 0.004 -13"><span class='ocrx_word' id='word_1_404' title='bbox 988 324 1040 345; x_wconf 91' lang='lat' dir='ltr'><strong>non</strong></span> <span class='ocrx_word' id='word_1_405' title='bbox 1057 319 1157 347; x_wconf 86' lang='lat' dir='ltr'><strong>idcirco</strong></span> <span class='ocrx_word' id='word_1_406' title='bbox 1175 319 1273 352; x_wconf 89' lang='lat' dir='ltr'><strong>solum,</strong></span> <span class='ocrx_word' id='word_1_407' title='bbox 1286 319 1357 355; x_wconf 84' lang='lat' dir='ltr'><strong>quod</strong></span> <span class='ocrx_word' id='word_1_408' title='bbox 1371 319 1550 356; x_wconf 57' lang='lat' dir='ltr'><strong>eleetnosyna‘.</strong></span> <span class='ocrx_word' id='word_1_409' title='bbox 1570 320 1714 348; x_wconf 80' lang='lat' dir='ltr'><strong>constituta</strong></span> <span class='ocrx_word' id='word_1_410' title='bbox 1737 327 1779 347; x_wconf 71' lang='lat' dir='ltr'><strong>est</strong></span> 
     </span>
    </p>
   </div>
   <div class='ocr_carea' id='block_1_54' title="bbox 993 366 1778 401">
    <p class='ocr_par' dir='ltr' id='par_1_54' title="bbox 993 366 1778 401">
     <span class='ocr_line' id='line_1_54' title="bbox 993 366 1778 401; baseline 0.003 -10"><span class='ocrx_word' id='word_1_411' title='bbox 993 374 1095 393; x_wconf 70' lang='lat' dir='ltr'><strong>uteri-es</strong></span> <span class='ocrx_word' id='word_1_412' title='bbox 1113 374 1144 392; x_wconf 88' lang='lat' dir='ltr'><strong>ac</strong></span> <span class='ocrx_word' id='word_1_413' title='bbox 1169 366 1325 396; x_wconf 87' lang='lat' dir='ltr'><strong>retributio,</strong></span> <span class='ocrx_word' id='word_1_414' title='bbox 1338 373 1429 393; x_wconf 81' lang='lat' dir='ltr'><strong>verum</strong></span> <span class='ocrx_word' id='word_1_415' title='bbox 1445 366 1526 393; x_wconf 83' lang='lat' dir='ltr'><strong>etiam</strong></span> <span class='ocrx_word' id='word_1_416' title='bbox 1547 366 1618 401; x_wconf 91' lang='lat' dir='ltr'><strong>quod</strong></span> <span class='ocrx_word' id='word_1_417' title='bbox 1633 367 1721 393; x_wconf 88' lang='lat' dir='ltr'><strong>anima</strong></span> <span class='ocrx_word' id='word_1_418' title='bbox 1749 369 1778 393; x_wconf 92' lang='lat' dir='ltr'><strong>tit</strong></span> 
     </span>
    </p>
   </div>
   <div class='ocr_carea' id='block_1_55' title="bbox 992 413 1783 449">
    <p class='ocr_par' dir='ltr' id='par_1_55' title="bbox 992 413 1783 449">
     <span class='ocr_line' id='line_1_55' title="bbox 992 413 1783 449; baseline 0.001 -11"><span class='ocrx_word' id='word_1_419' title='bbox 992 413 1176 447; x_wconf 73' lang='lat' dir='ltr'><strong>philosophica</strong></span> <span class='ocrx_word' id='word_1_420' title='bbox 1194 413 1354 447; x_wconf 80' lang='lat' dir='ltr'><strong>excelsaque</strong></span> <span class='ocrx_word' id='word_1_421' title='bbox 1367 421 1398 440; x_wconf 88' lang='lat' dir='ltr'><strong>ae</strong></span> <span class='ocrx_word' id='word_1_422' title='bbox 1411 413 1498 440; x_wconf 81' lang='lat' dir='ltr'><strong>dives.</strong></span> <span class='ocrx_word' id='word_1_423' title='bbox 1513 413 1563 447; x_wconf 84' lang='lat' dir='ltr'><strong>Qui</strong></span> <span class='ocrx_word' id='word_1_424' title='bbox 1580 414 1783 449; x_wconf 71' lang='lat' dir='ltr'><strong>eleetnosynazo</strong></span> 
     </span>
    </p>
   </div>
   <div class='ocr_carea' id='block_1_56' title="bbox 992 458 1782 494">
    <p class='ocr_par' dir='ltr' id='par_1_56' title="bbox 992 458 1782 494">
     <span class='ocr_line' id='line_1_56' title="bbox 992 458 1782 494; baseline 0.003 -10"><span class='ocrx_word' id='word_1_425' title='bbox 992 458 1046 489; x_wconf 85' lang='lat' dir='ltr'><strong>dat,</strong></span> <span class='ocrx_word' id='word_1_426' title='bbox 1062 458 1094 485; x_wconf 90' lang='lat' dir='ltr'><strong>ad</strong></span> <span class='ocrx_word' id='word_1_427' title='bbox 1105 458 1174 485; x_wconf 78' lang='lat' dir='ltr'><strong>hanc</strong></span> <span class='ocrx_word' id='word_1_428' title='bbox 1188 458 1358 492; x_wconf 82' lang='lat' dir='ltr'><strong>disciplinam</strong></span> <span class='ocrx_word' id='word_1_429' title='bbox 1373 459 1505 491; x_wconf 90' lang='lat' dir='ltr'><strong>eruditur,</strong></span> <span class='ocrx_word' id='word_1_430' title='bbox 1519 464 1547 486; x_wconf 90' lang='lat' dir='ltr'><strong>ut</strong></span> <span class='ocrx_word' id='word_1_431' title='bbox 1562 460 1690 493; x_wconf 82' lang='lat' dir='ltr'><strong>pecunias</strong></span> <span class='ocrx_word' id='word_1_432' title='bbox 1701 465 1782 494; x_wconf 77' lang='lat' dir='ltr'><strong>atquo</strong></span> 
     </span>
    </p>
   </div>
   <div class='ocr_carea' id='block_1_57' title="bbox 992 504 1782 539">
    <p class='ocr_par' dir='ltr' id='par_1_57' title="bbox 992 504 1782 539">
     <span class='ocr_line' id='line_1_57' title="bbox 992 504 1782 539; baseline 0.004 -10"><span class='ocrx_word' id='word_1_433' title='bbox 992 511 1086 530; x_wconf 88' lang='lat' dir='ltr'><strong>aurum</strong></span> <span class='ocrx_word' id='word_1_434' title='bbox 1100 504 1209 530; x_wconf 89' lang='lat' dir='ltr'><strong>minime</strong></span> <span class='ocrx_word' id='word_1_435' title='bbox 1234 504 1401 531; x_wconf 86' lang='lat' dir='ltr'><strong>admiretur:</strong></span> <span class='ocrx_word' id='word_1_436' title='bbox 1418 505 1462 539; x_wconf 91' lang='lat' dir='ltr'><strong>qui</strong></span> <span class='ocrx_word' id='word_1_437' title='bbox 1485 513 1548 532; x_wconf 89' lang='lat' dir='ltr'><strong>vero</strong></span> <span class='ocrx_word' id='word_1_438' title='bbox 1573 505 1623 532; x_wconf 87' lang='lat' dir='ltr'><strong>hac</strong></span> <span class='ocrx_word' id='word_1_439' title='bbox 1643 505 1782 539; x_wconf 80' lang='lat' dir='ltr'><strong>disciplina</strong></span> 
     </span>
    </p>
   </div>
   <div class='ocr_carea' id='block_1_58' title="bbox 994 549 1779 585">
    <p class='ocr_par' dir='ltr' id='par_1_58' title="bbox 994 549 1779 585">
     <span class='ocr_line' id='line_1_58' title="bbox 994 549 1779 585; baseline 0.004 -11"><span class='ocrx_word' id='word_1_440' title='bbox 994 549 1106 575; x_wconf 87' lang='lat' dir='ltr'><strong>instituit</strong></span> <span class='ocrx_word' id='word_1_441' title='bbox 1129 550 1258 581; x_wconf 81' lang='lat' dir='ltr'><strong>animum,</strong></span> <span class='ocrx_word' id='word_1_442' title='bbox 1276 558 1317 576; x_wconf 65' lang='lat' dir='ltr'><strong>nte</strong></span> <span class='ocrx_word' id='word_1_443' title='bbox 1340 551 1384 577; x_wconf 89' lang='lat' dir='ltr'><strong>ille</strong></span> <span class='ocrx_word' id='word_1_444' title='bbox 1400 551 1559 585; x_wconf 67' lang='lat' dir='ltr'><strong>prmelarum</strong></span> <span class='ocrx_word' id='word_1_445' title='bbox 1572 551 1736 578; x_wconf 73' lang='lat' dir='ltr'><strong>ascendendi</strong></span> <span class='ocrx_word' id='word_1_446' title='bbox 1754 552 1779 578; x_wconf 91' lang='lat' dir='ltr'><strong>io</strong></span> 
     </span>
    </p>
   </div>
   <div class='ocr_carea' id='block_1_59' title="bbox 992 595 1783 631">
    <p class='ocr_par' dir='ltr' id='par_1_59' title="bbox 992 595 1783 631">
     <span class='ocr_line' id='line_1_59' title="bbox 992 595 1783 631; baseline 0.004 -11"><span class='ocrx_word' id='word_1_447' title='bbox 992 595 1086 621; x_wconf 73' lang='lat' dir='ltr'><strong>emittm</strong></span> <span class='ocrx_word' id='word_1_448' title='bbox 1106 596 1266 630; x_wconf 79' lang='lat' dir='ltr'><strong>principium</strong></span> <span class='ocrx_word' id='word_1_449' title='bbox 1282 596 1361 627; x_wconf 79' lang='lat' dir='ltr'><strong>fecit;</strong></span> <span class='ocrx_word' id='word_1_450' title='bbox 1377 602 1574 631; x_wconf 78' lang='lat' dir='ltr'><strong>sexeentasque</strong></span> <span class='ocrx_word' id='word_1_451' title='bbox 1589 605 1703 631; x_wconf 72' lang='lat' dir='ltr'><strong>pugnat,</strong></span> <span class='ocrx_word' id='word_1_452' title='bbox 1719 605 1783 623; x_wconf 85' lang='lat' dir='ltr'><strong>con-</strong></span> 
     </span>
    </p>
   </div>
   <div class='ocr_carea' id='block_1_60' title="bbox 994 641 1781 676">
    <p class='ocr_par' dir='ltr' id='par_1_60' title="bbox 994 641 1781 676">
     <span class='ocr_line' id='line_1_60' title="bbox 994 641 1781 676; baseline 0.001 -10"><span class='ocrx_word' id='word_1_453' title='bbox 994 641 1135 672; x_wconf 81' lang='lat' dir='ltr'><strong>tentionis,</strong></span> <span class='ocrx_word' id='word_1_454' title='bbox 1152 642 1275 673; x_wconf 68' lang='lat' dir='ltr'><strong>invidim,</strong></span> <span class='ocrx_word' id='word_1_455' title='bbox 1301 643 1426 668; x_wconf 63' lang='lat' dir='ltr'><strong>maeroris</strong></span> <span class='ocrx_word' id='word_1_456' title='bbox 1445 643 1602 669; x_wconf 87' lang='lat' dir='ltr'><strong>occasiones</strong></span> <span class='ocrx_word' id='word_1_457' title='bbox 1626 644 1781 676; x_wconf 86' lang='lat' dir='ltr'><strong>amputavit.</strong></span> 
     </span>
    </p>
   </div>
   <div class='ocr_carea' id='block_1_61' title="bbox 993 686 1781 720">
    <p class='ocr_par' dir='ltr' id='par_1_61' title="bbox 993 686 1781 720">
     <span class='ocr_line' id='line_1_61' title="bbox 993 686 1781 720; baseline 0.001 -9"><span class='ocrx_word' id='word_1_458' title='bbox 993 686 1081 712; x_wconf 77' lang='lat' dir='ltr'><strong>Nostis</strong></span> <span class='ocrx_word' id='word_1_459' title='bbox 1092 686 1161 713; x_wconf 87' lang='lat' dir='ltr'><strong>enim</strong></span> <span class='ocrx_word' id='word_1_460' title='bbox 1172 686 1300 720; x_wconf 80' lang='lat' dir='ltr'><strong>profecto,</strong></span> <span class='ocrx_word' id='word_1_461' title='bbox 1319 688 1402 713; x_wconf 83' lang='lat' dir='ltr'><strong>nostis</strong></span> <span class='ocrx_word' id='word_1_462' title='bbox 1415 692 1443 714; x_wconf 89' lang='lat' dir='ltr'><strong>et</strong></span> <span class='ocrx_word' id='word_1_463' title='bbox 1457 695 1514 718; x_wconf 82' lang='lat' dir='ltr'><strong>vos,</strong></span> <span class='ocrx_word' id='word_1_464' title='bbox 1530 694 1562 713; x_wconf 74' lang='lat' dir='ltr'><strong>ev</strong></span> <span class='ocrx_word' id='word_1_465' title='bbox 1577 688 1697 720; x_wconf 75' lang='lat' dir='ltr'><strong>pecuniis</strong></span> <span class='ocrx_word' id='word_1_466' title='bbox 1713 689 1781 713; x_wconf 77' lang='lat' dir='ltr'><strong>mala</strong></span> 
     </span>
    </p>
   </div>
   <div class='ocr_carea' id='block_1_62' title="bbox 992 733 1777 766">
    <p class='ocr_par' dir='ltr' id='par_1_62' title="bbox 992 733 1777 766">
     <span class='ocr_line' id='line_1_62' title="bbox 992 733 1777 766; baseline 0 -8"><span class='ocrx_word' id='word_1_467' title='bbox 992 733 1091 763; x_wconf 80' lang='lat' dir='ltr'><strong>Omnia,</strong></span> <span class='ocrx_word' id='word_1_468' title='bbox 1107 741 1138 758; x_wconf 82' lang='lat' dir='ltr'><strong>ex</strong></span> <span class='ocrx_word' id='word_1_469' title='bbox 1155 733 1274 766; x_wconf 81' lang='lat' dir='ltr'><strong>pecuniis</strong></span> <span class='ocrx_word' id='word_1_470' title='bbox 1297 738 1422 759; x_wconf 73' lang='lat' dir='ltr'><strong>sexcenta</strong></span> <span class='ocrx_word' id='word_1_471' title='bbox 1442 733 1509 759; x_wconf 88' lang='lat' dir='ltr'><strong>bella</strong></span> <span class='ocrx_word' id='word_1_472' title='bbox 1526 733 1612 760; x_wconf 82' lang='lat' dir='ltr'><strong>solere</strong></span> <span class='ocrx_word' id='word_1_473' title='bbox 1636 734 1777 759; x_wconf 57' lang='lat' dir='ltr'><strong>CXSirlere.</strong></span> 
     </span>
    </p>
   </div>
   <div class='ocr_carea' id='block_1_63' title="bbox 993 777 1780 812">
    <p class='ocr_par' dir='ltr' id='par_1_63' title="bbox 993 777 1780 812">
     <span class='ocr_line' id='line_1_63' title="bbox 993 777 1780 812; baseline 0 -9"><span class='ocrx_word' id='word_1_474' title='bbox 993 778 1171 810; x_wconf 83' lang='lat' dir='ltr'><strong>Quamobrem</strong></span> <span class='ocrx_word' id='word_1_475' title='bbox 1194 778 1238 812; x_wconf 92' lang='lat' dir='ltr'><strong>qui</strong></span> <span class='ocrx_word' id='word_1_476' title='bbox 1253 778 1311 804; x_wconf 89' lang='lat' dir='ltr'><strong>illas</strong></span> <span class='ocrx_word' id='word_1_477' title='bbox 1324 782 1494 805; x_wconf 88' lang='lat' dir='ltr'><strong>contemnere</strong></span> <span class='ocrx_word' id='word_1_478' title='bbox 1508 777 1618 809; x_wconf 85' lang='lat' dir='ltr'><strong>didicit,</strong></span> <span class='ocrx_word' id='word_1_479' title='bbox 1635 778 1780 812; x_wconf 87' lang='lat' dir='ltr'><strong>tranquillo</strong></span> 
     </span>
    </p>
   </div>
   <div class='ocr_carea' id='block_1_64' title="bbox 994 823 1822 858">
    <p class='ocr_par' dir='ltr' id='par_1_64' title="bbox 994 823 1822 858">
     <span class='ocr_line' id='line_1_64' title="bbox 994 823 1822 858; baseline -0.001 -9"><span class='ocrx_word' id='word_1_480' title='bbox 994 823 1018 849; x_wconf 92' lang='lat' dir='ltr'><strong>in</strong></span> <span class='ocrx_word' id='word_1_481' title='bbox 1035 828 1111 858; x_wconf 85' lang='lat' dir='ltr'><strong>portu</strong></span> <span class='ocrx_word' id='word_1_482' title='bbox 1129 824 1244 857; x_wconf 79' lang='lat' dir='ltr'><strong>seipsum</strong></span> <span class='ocrx_word' id='word_1_483' title='bbox 1262 823 1376 855; x_wconf 84' lang='lat' dir='ltr'><strong>locavit,</strong></span> <span class='ocrx_word' id='word_1_484' title='bbox 1395 831 1443 850; x_wconf 89' lang='lat' dir='ltr'><strong>nec</strong></span> <span class='ocrx_word' id='word_1_485' title='bbox 1456 824 1583 850; x_wconf 87' lang='lat' dir='ltr'><strong>datnnum</strong></span> <span class='ocrx_word' id='word_1_486' title='bbox 1599 823 1710 857; x_wconf 81' lang='lat' dir='ltr'><strong>posthac</strong></span> <span class='ocrx_word' id='word_1_487' title='bbox 1727 832 1783 850; x_wconf 87' lang='lat' dir='ltr'><strong>me-</strong></span> <span class='ocrx_word' id='word_1_488' title='bbox 1816 844 1822 848; x_wconf 98' lang='lat'><strong>.</strong></span> 
     </span>
    </p>
   </div>
   <div class='ocr_carea' id='block_1_65' title="bbox 993 868 1781 904">
    <p class='ocr_par' dir='ltr' id='par_1_65' title="bbox 993 868 1781 904">
     <span class='ocr_line' id='line_1_65' title="bbox 993 868 1781 904; baseline -0.001 -9"><span class='ocrx_word' id='word_1_489' title='bbox 993 869 1052 895; x_wconf 88' lang='lat' dir='ltr'><strong>tuit.</strong></span> <span class='ocrx_word' id='word_1_490' title='bbox 1074 869 1112 895; x_wconf 77' lang='lat' dir='ltr'><strong>Ad</strong></span> <span class='ocrx_word' id='word_1_491' title='bbox 1136 868 1203 895; x_wconf 86' lang='lat' dir='ltr'><strong>hanc</strong></span> <span class='ocrx_word' id='word_1_492' title='bbox 1225 869 1295 895; x_wconf 89' lang='lat' dir='ltr'><strong>enim</strong></span> <span class='ocrx_word' id='word_1_493' title='bbox 1320 869 1488 904; x_wconf 77' lang='lat' dir='ltr'><strong>disciplinam</strong></span> <span class='ocrx_word' id='word_1_494' title='bbox 1514 869 1586 896; x_wconf 87' lang='lat' dir='ltr'><strong>illum</strong></span> <span class='ocrx_word' id='word_1_495' title='bbox 1611 870 1781 904; x_wconf 64' lang='lat' dir='ltr'><strong>elcemosyua</strong></span> 
     </span>
    </p>
   </div>
   <div class='ocr_carea' id='block_1_66' title="bbox 993 913 1780 954">
    <p class='ocr_par' dir='ltr' id='par_1_66' title="bbox 993 913 1780 954">
     <span class='ocr_line' id='line_1_66' title="bbox 993 913 1780 954; baseline 0 -14"><span class='ocrx_word' id='word_1_496' title='bbox 993 913 1108 954; x_wconf 79' lang='lat' dir='ltr'><strong>erudivit</strong></span> <span class='ocrx_word' id='word_1_497' title='bbox 1132 923 1137 940; x_wconf 73' lang='grc' dir='ltr'><strong>ε</strong></span> <span class='ocrx_word' id='word_1_498' title='bbox 1163 923 1214 940; x_wconf 91' lang='lat' dir='ltr'><strong>non</strong></span> <span class='ocrx_word' id='word_1_499' title='bbox 1242 915 1342 948; x_wconf 84' lang='lat' dir='ltr'><strong>appetit</strong></span> <span class='ocrx_word' id='word_1_500' title='bbox 1367 915 1479 948; x_wconf 79' lang='lat' dir='ltr'><strong>posthac</strong></span> <span class='ocrx_word' id='word_1_501' title='bbox 1503 915 1611 946; x_wconf 79' lang='lat' dir='ltr'><strong>aliena;</strong></span> <span class='ocrx_word' id='word_1_502' title='bbox 1643 917 1780 950; x_wconf 87' lang='lat' dir='ltr'><strong>quomodo</strong></span> 
     </span>
    </p>
   </div>
   <div class='ocr_carea' id='block_1_67' title="bbox 993 960 1782 996">
    <p class='ocr_par' dir='ltr' id='par_1_67' title="bbox 993 960 1782 996">
     <span class='ocr_line' id='line_1_67' title="bbox 993 960 1782 996; baseline 0.004 -10"><span class='ocrx_word' id='word_1_503' title='bbox 993 960 1075 992; x_wconf 87' lang='lat' dir='ltr'><strong>cuitu,</strong></span> <span class='ocrx_word' id='word_1_504' title='bbox 1089 968 1150 987; x_wconf 85' lang='lat' dir='ltr'><strong>cum</strong></span> <span class='ocrx_word' id='word_1_505' title='bbox 1173 968 1218 986; x_wconf 87' lang='lat' dir='ltr'><strong>sua</strong></span> <span class='ocrx_word' id='word_1_506' title='bbox 1232 961 1311 986; x_wconf 79' lang='lat' dir='ltr'><strong>etiam</strong></span> <span class='ocrx_word' id='word_1_507' title='bbox 1332 961 1473 994; x_wconf 72' lang='lat' dir='ltr'><strong>profundat</strong></span> <span class='ocrx_word' id='word_1_508' title='bbox 1486 968 1516 987; x_wconf 87' lang='lat' dir='ltr'><strong>ac</strong></span> <span class='ocrx_word' id='word_1_509' title='bbox 1530 961 1630 987; x_wconf 84' lang='lat' dir='ltr'><strong>donet?</strong></span> <span class='ocrx_word' id='word_1_510' title='bbox 1645 961 1714 988; x_wconf 89' lang='lat' dir='ltr'><strong>nulla</strong></span> <span class='ocrx_word' id='word_1_511' title='bbox 1727 962 1782 996; x_wconf 85' lang='lat' dir='ltr'><strong>jam</strong></span> 
     </span>
    </p>
   </div>
   <div class='ocr_carea' id='block_1_68' title="bbox 992 1005 1779 1040">
    <p class='ocr_par' dir='ltr' id='par_1_68' title="bbox 992 1005 1779 1040">
     <span class='ocr_line' id='line_1_68' title="bbox 992 1005 1779 1040; baseline 0.003 -9"><span class='ocrx_word' id='word_1_512' title='bbox 992 1013 1054 1040; x_wconf 81' lang='lat' dir='ltr'><strong>erga</strong></span> <span class='ocrx_word' id='word_1_513' title='bbox 1067 1005 1176 1031; x_wconf 87' lang='lat' dir='ltr'><strong>divitem</strong></span> <span class='ocrx_word' id='word_1_514' title='bbox 1197 1005 1292 1031; x_wconf 86' lang='lat' dir='ltr'><strong>invidia</strong></span> <span class='ocrx_word' id='word_1_515' title='bbox 1309 1008 1444 1040; x_wconf 76' lang='lat' dir='ltr'><strong>tangitur;</strong></span> <span class='ocrx_word' id='word_1_516' title='bbox 1459 1007 1594 1040; x_wconf 83' lang='lat' dir='ltr'><strong>quomodo</strong></span> <span class='ocrx_word' id='word_1_517' title='bbox 1624 1006 1706 1038; x_wconf 83' lang='lat' dir='ltr'><strong>enim,</strong></span> <span class='ocrx_word' id='word_1_518' title='bbox 1719 1015 1779 1033; x_wconf 85' lang='lat' dir='ltr'><strong>cum</strong></span> 
     </span>
    </p>
   </div>
   <div class='ocr_carea' id='block_1_69' title="bbox 994 1051 1782 1087">
    <p class='ocr_par' dir='ltr' id='par_1_69' title="bbox 994 1051 1782 1087">
     <span class='ocr_line' id='line_1_69' title="bbox 994 1051 1782 1087; baseline 0.004 -10"><span class='ocrx_word' id='word_1_519' title='bbox 994 1059 1093 1086; x_wconf 86' lang='lat' dir='ltr'><strong>pauper</strong></span> <span class='ocrx_word' id='word_1_520' title='bbox 1108 1051 1163 1078; x_wconf 89' lang='lat' dir='ltr'><strong>licri</strong></span> <span class='ocrx_word' id='word_1_521' title='bbox 1186 1052 1267 1078; x_wconf 81' lang='lat' dir='ltr'><strong>velit?</strong></span> <span class='ocrx_word' id='word_1_522' title='bbox 1282 1052 1420 1087; x_wconf 82' lang='lat' dir='ltr'><strong>ipsumque</strong></span> <span class='ocrx_word' id='word_1_523' title='bbox 1436 1053 1531 1079; x_wconf 78' lang='lat' dir='ltr'><strong>anima:</strong></span> <span class='ocrx_word' id='word_1_524' title='bbox 1544 1053 1651 1080; x_wconf 87' lang='lat' dir='ltr'><strong>oculum</strong></span> <span class='ocrx_word' id='word_1_525' title='bbox 1665 1054 1698 1080; x_wconf 83' lang='lat' dir='ltr'><strong>ab</strong></span> <span class='ocrx_word' id='word_1_526' title='bbox 1710 1055 1782 1080; x_wconf 89' lang='lat' dir='ltr'><strong>omni</strong></span> 
     </span>
    </p>
   </div>
   <div class='ocr_carea' id='block_1_70' title="bbox 994 1097 1781 1133">
    <p class='ocr_par' dir='ltr' id='par_1_70' title="bbox 994 1097 1781 1133">
     <span class='ocr_line' id='line_1_70' title="bbox 994 1097 1781 1133; baseline 0.003 -10"><span class='ocrx_word' id='word_1_527' title='bbox 994 1097 1052 1124; x_wconf 81' lang='lat' dir='ltr'><strong>labe</strong></span> <span class='ocrx_word' id='word_1_528' title='bbox 1068 1105 1163 1131; x_wconf 84' lang='lat' dir='ltr'><strong>purum</strong></span> <span class='ocrx_word' id='word_1_529' title='bbox 1177 1097 1272 1124; x_wconf 86' lang='lat' dir='ltr'><strong>reddit.</strong></span> <span class='ocrx_word' id='word_1_530' title='bbox 1284 1098 1370 1132; x_wconf 83' lang='lat' dir='ltr'><strong>Atque</strong></span> <span class='ocrx_word' id='word_1_531' title='bbox 1383 1098 1439 1125; x_wconf 74' lang='lat' dir='ltr'><strong>h;cc</strong></span> <span class='ocrx_word' id='word_1_532' title='bbox 1453 1098 1560 1132; x_wconf 87' lang='lat' dir='ltr'><strong>quidem</strong></span> <span class='ocrx_word' id='word_1_533' title='bbox 1586 1099 1629 1125; x_wconf 91' lang='lat' dir='ltr'><strong>hic</strong></span> <span class='ocrx_word' id='word_1_534' title='bbox 1646 1108 1651 1125; x_wconf 89' lang='lat'><strong>:</strong></span> <span class='ocrx_word' id='word_1_535' title='bbox 1668 1107 1781 1133; x_wconf 87' lang='lat' dir='ltr'><strong>quorum</strong></span> 
     </span>
    </p>
   </div>
   <div class='ocr_carea' id='block_1_71' title="bbox 994 1144 1784 1180">
    <p class='ocr_par' dir='ltr' id='par_1_71' title="bbox 994 1144 1784 1180">
     <span class='ocr_line' id='line_1_71' title="bbox 994 1144 1784 1180; baseline 0.003 -10"><span class='ocrx_word' id='word_1_536' title='bbox 994 1151 1059 1171; x_wconf 90' lang='lat' dir='ltr'><strong>vero</strong></span> <span class='ocrx_word' id='word_1_537' title='bbox 1075 1145 1108 1170; x_wconf 87' lang='lat' dir='ltr'><strong>ibi</strong></span> <span class='ocrx_word' id='word_1_538' title='bbox 1122 1144 1251 1170; x_wconf 86' lang='lat' dir='ltr'><strong>bonorum</strong></span> <span class='ocrx_word' id='word_1_539' title='bbox 1265 1152 1377 1179; x_wconf 87' lang='lat' dir='ltr'><strong>compos</strong></span> <span class='ocrx_word' id='word_1_540' title='bbox 1392 1144 1495 1171; x_wconf 78' lang='lat' dir='ltr'><strong>futurus</strong></span> <span class='ocrx_word' id='word_1_541' title='bbox 1511 1145 1555 1178; x_wconf 74' lang='lat' dir='ltr'><strong>sit,</strong></span> <span class='ocrx_word' id='word_1_542' title='bbox 1572 1146 1643 1172; x_wconf 77' lang='lat' dir='ltr'><strong>trulla</strong></span> <span class='ocrx_word' id='word_1_543' title='bbox 1658 1154 1784 1180; x_wconf 85' lang='lat' dir='ltr'><strong>umquam</strong></span> 
     </span>
    </p>
   </div>
   <div class='ocr_carea' id='block_1_72' title="bbox 995 1190 1785 1227">
    <p class='ocr_par' dir='ltr' id='par_1_72' title="bbox 995 1190 1785 1227">
     <span class='ocr_line' id='line_1_72' title="bbox 995 1190 1785 1227; baseline 0.004 -12"><span class='ocrx_word' id='word_1_544' title='bbox 995 1190 1078 1216; x_wconf 84' lang='lat' dir='ltr'><strong>oratio</strong></span> <span class='ocrx_word' id='word_1_545' title='bbox 1099 1195 1178 1223; x_wconf 85' lang='lat' dir='ltr'><strong>queat</strong></span> <span class='ocrx_word' id='word_1_546' title='bbox 1190 1198 1335 1224; x_wconf 74' lang='lat' dir='ltr'><strong>exponere.</strong></span> <span class='ocrx_word' id='word_1_547' title='bbox 1351 1190 1407 1217; x_wconf 76' lang='lat' dir='ltr'><strong>Non</strong></span> <span class='ocrx_word' id='word_1_548' title='bbox 1429 1199 1479 1218; x_wconf 85' lang='lat' dir='ltr'><strong>una</strong></span> <span class='ocrx_word' id='word_1_549' title='bbox 1494 1199 1555 1218; x_wconf 93' lang='lat' dir='ltr'><strong>cum</strong></span> <span class='ocrx_word' id='word_1_550' title='bbox 1572 1191 1660 1219; x_wconf 81' lang='lat' dir='ltr'><strong>stultis</strong></span> <span class='ocrx_word' id='word_1_551' title='bbox 1674 1192 1785 1227; x_wconf 74' lang='lat' dir='ltr'><strong>virgini-</strong></span> 
     </span>
    </p>
   </div>
   <div class='ocr_carea' id='block_1_73' title="bbox 996 1236 1783 1271">
    <p class='ocr_par' dir='ltr' id='par_1_73' title="bbox 996 1236 1783 1271">
     <span class='ocr_line' id='line_1_73' title="bbox 996 1236 1783 1271; baseline 0.001 -9"><span class='ocrx_word' id='word_1_552' title='bbox 996 1236 1044 1262; x_wconf 86' lang='lat' dir='ltr'><strong>bus</strong></span> <span class='ocrx_word' id='word_1_553' title='bbox 1065 1236 1130 1262; x_wconf 79' lang='lat' dir='ltr'><strong>foris</strong></span> <span class='ocrx_word' id='word_1_554' title='bbox 1153 1236 1270 1263; x_wconf 78' lang='lat' dir='ltr'><strong>manebit</strong></span> <span class='ocrx_word' id='word_1_555' title='bbox 1283 1257 1289 1267; x_wconf 92' lang='lat'><strong>,</strong></span> <span class='ocrx_word' id='word_1_556' title='bbox 1313 1236 1359 1263; x_wconf 81' lang='lat' dir='ltr'><strong>sed</strong></span> <span class='ocrx_word' id='word_1_557' title='bbox 1382 1244 1433 1263; x_wconf 86' lang='lat' dir='ltr'><strong>una</strong></span> <span class='ocrx_word' id='word_1_558' title='bbox 1450 1245 1510 1264; x_wconf 81' lang='lat' dir='ltr'><strong>cum</strong></span> <span class='ocrx_word' id='word_1_559' title='bbox 1525 1237 1716 1271; x_wconf 84' lang='lat' dir='ltr'><strong>prudentibus,</strong></span> <span class='ocrx_word' id='word_1_560' title='bbox 1733 1246 1783 1264; x_wconf 81' lang='lat' dir='ltr'><strong>una</strong></span> 
     </span>
    </p>
   </div>
   <div class='ocr_carea' id='block_1_74' title="bbox 994 1283 1782 1319">
    <p class='ocr_par' dir='ltr' id='par_1_74' title="bbox 994 1283 1782 1319">
     <span class='ocr_line' id='line_1_74' title="bbox 994 1283 1782 1319; baseline 0.003 -10"><span class='ocrx_word' id='word_1_561' title='bbox 994 1290 1054 1309; x_wconf 90' lang='lat' dir='ltr'><strong>cum</strong></span> <span class='ocrx_word' id='word_1_562' title='bbox 1076 1290 1175 1317; x_wconf 87' lang='lat' dir='ltr'><strong>sponso</strong></span> <span class='ocrx_word' id='word_1_563' title='bbox 1190 1283 1318 1314; x_wconf 82' lang='lat' dir='ltr'><strong>introibit,</strong></span> <span class='ocrx_word' id='word_1_564' title='bbox 1333 1284 1487 1317; x_wconf 84' lang='lat' dir='ltr'><strong>splendidas</strong></span> <span class='ocrx_word' id='word_1_565' title='bbox 1511 1284 1611 1311; x_wconf 86' lang='lat' dir='ltr'><strong>habens</strong></span> <span class='ocrx_word' id='word_1_566' title='bbox 1637 1285 1782 1319; x_wconf 67' lang='lat' dir='ltr'><strong>lampades.</strong></span> 
     </span>
    </p>
   </div>
   <div class='ocr_carea' id='block_1_75' title="bbox 996 1329 1783 1366">
    <p class='ocr_par' dir='ltr' id='par_1_75' title="bbox 996 1329 1783 1366">
     <span class='ocr_line' id='line_1_75' title="bbox 996 1329 1783 1366; baseline 0.004 -11"><span class='ocrx_word' id='word_1_567' title='bbox 996 1330 1031 1356; x_wconf 88' lang='lat' dir='ltr'><strong>Ita</strong></span> <span class='ocrx_word' id='word_1_568' title='bbox 1046 1329 1081 1356; x_wconf 87' lang='lat' dir='ltr'><strong>ob</strong></span> <span class='ocrx_word' id='word_1_569' title='bbox 1095 1329 1163 1356; x_wconf 90' lang='lat' dir='ltr'><strong>hanc</strong></span> <span class='ocrx_word' id='word_1_570' title='bbox 1179 1330 1261 1362; x_wconf 79' lang='lat' dir='ltr'><strong>ipsam</strong></span> <span class='ocrx_word' id='word_1_571' title='bbox 1276 1330 1473 1365; x_wconf 66' lang='lat' dir='ltr'><strong>elccmosynam</strong></span> <span class='ocrx_word' id='word_1_572' title='bbox 1491 1331 1532 1361; x_wconf 86' lang='lat' dir='ltr'><strong>iis,</strong></span> <span class='ocrx_word' id='word_1_573' title='bbox 1549 1339 1608 1366; x_wconf 84' lang='lat' dir='ltr'><strong>qtnc</strong></span> <span class='ocrx_word' id='word_1_574' title='bbox 1625 1332 1650 1358; x_wconf 89' lang='lat' dir='ltr'><strong>in</strong></span> <span class='ocrx_word' id='word_1_575' title='bbox 1673 1333 1783 1366; x_wconf 82' lang='lat' dir='ltr'><strong>virgini-</strong></span> 
     </span>
    </p>
   </div>
   <div class='ocr_carea' id='block_1_76' title="bbox 995 1376 1782 1412">
    <p class='ocr_par' dir='ltr' id='par_1_76' title="bbox 995 1376 1782 1412">
     <span class='ocr_line' id='line_1_76' title="bbox 995 1376 1782 1412; baseline 0.003 -9"><span class='ocrx_word' id='word_1_576' title='bbox 995 1381 1048 1403; x_wconf 77' lang='lat' dir='ltr'><strong>tate</strong></span> <span class='ocrx_word' id='word_1_577' title='bbox 1071 1376 1202 1403; x_wconf 85' lang='lat' dir='ltr'><strong>servanda</strong></span> <span class='ocrx_word' id='word_1_578' title='bbox 1228 1376 1305 1403; x_wconf 81' lang='lat' dir='ltr'><strong>valde</strong></span> <span class='ocrx_word' id='word_1_579' title='bbox 1327 1377 1497 1407; x_wconf 74' lang='lat' dir='ltr'><strong>laborarunt,</strong></span> <span class='ocrx_word' id='word_1_580' title='bbox 1524 1378 1600 1412; x_wconf 52' lang='lat' dir='ltr'><strong>longe</strong></span> <span class='ocrx_word' id='word_1_581' title='bbox 1628 1379 1782 1412; x_wconf 78' lang='lat' dir='ltr'><strong>pra-stabit,</strong></span> 
     </span>
    </p>
   </div>
   <div class='ocr_carea' id='block_1_77' title="bbox 994 1424 1784 1459">
    <p class='ocr_par' dir='ltr' id='par_1_77' title="bbox 994 1424 1784 1459">
     <span class='ocr_line' id='line_1_77' title="bbox 994 1424 1784 1459; baseline 0 -8"><span class='ocrx_word' id='word_1_582' title='bbox 994 1432 1090 1458; x_wconf 79' lang='lat' dir='ltr'><strong>expers</strong></span> <span class='ocrx_word' id='word_1_583' title='bbox 1105 1424 1161 1458; x_wconf 78' lang='lat' dir='ltr'><strong>ipse</strong></span> <span class='ocrx_word' id='word_1_584' title='bbox 1178 1424 1298 1450; x_wconf 82' lang='lat' dir='ltr'><strong>laborum</strong></span> <span class='ocrx_word' id='word_1_585' title='bbox 1314 1424 1419 1450; x_wconf 90' lang='lat' dir='ltr'><strong>illorum</strong></span> <span class='ocrx_word' id='word_1_586' title='bbox 1438 1435 1442 1449; x_wconf 95' lang='lat'>:</span> <span class='ocrx_word' id='word_1_587' title='bbox 1457 1429 1529 1450; x_wconf 89' lang='lat' dir='ltr'><strong>tanta</strong></span> <span class='ocrx_word' id='word_1_588' title='bbox 1549 1430 1589 1450; x_wconf 91' lang='lat' dir='ltr'><strong>est</strong></span> <span class='ocrx_word' id='word_1_589' title='bbox 1603 1425 1784 1459; x_wconf 76' lang='lat' dir='ltr'><strong>elecmosynat</strong></span> 
     </span>
    </p>
   </div>
   <div class='ocr_carea' id='block_1_78' title="bbox 995 1469 1786 1503">
    <p class='ocr_par' dir='ltr' id='par_1_78' title="bbox 995 1469 1786 1503">
     <span class='ocr_line' id='line_1_78' title="bbox 995 1469 1786 1503; baseline 0.001 -7"><span class='ocrx_word' id='word_1_590' title='bbox 995 1470 1079 1496; x_wconf 88' lang='lat' dir='ltr'><strong>virtus</strong></span> <span class='ocrx_word' id='word_1_591' title='bbox 1093 1478 1100 1501; x_wconf 88' lang='lat'>;</span> <span class='ocrx_word' id='word_1_592' title='bbox 1119 1469 1242 1496; x_wconf 86' lang='lat' dir='ltr'><strong>alumnos</strong></span> <span class='ocrx_word' id='word_1_593' title='bbox 1256 1476 1318 1495; x_wconf 90' lang='lat' dir='ltr'><strong>suos</strong></span> <span class='ocrx_word' id='word_1_594' title='bbox 1333 1477 1428 1503; x_wconf 73' lang='lat' dir='ltr'><strong>magna</strong></span> <span class='ocrx_word' id='word_1_595' title='bbox 1449 1477 1509 1496; x_wconf 91' lang='lat' dir='ltr'><strong>eum</strong></span> <span class='ocrx_word' id='word_1_596' title='bbox 1527 1470 1649 1496; x_wconf 83' lang='lat' dir='ltr'><strong>libertate</strong></span> <span class='ocrx_word' id='word_1_597' title='bbox 1664 1470 1786 1497; x_wconf 87' lang='lat' dir='ltr'><strong>introdu-</strong></span> 
     </span>
    </p>
   </div>
   <div class='ocr_carea' id='block_1_79' title="bbox 995 1515 1785 1550">
    <p class='ocr_par' dir='ltr' id='par_1_79' title="bbox 995 1515 1785 1550">
     <span class='ocr_line' id='line_1_79' title="bbox 995 1515 1785 1550; baseline 0.001 -8"><span class='ocrx_word' id='word_1_598' title='bbox 995 1516 1040 1543; x_wconf 89' lang='lat' dir='ltr'><strong>cit.</strong></span> <span class='ocrx_word' id='word_1_599' title='bbox 1052 1515 1119 1542; x_wconf 81' lang='lat' dir='ltr'><strong>Nota</strong></span> <span class='ocrx_word' id='word_1_600' title='bbox 1134 1516 1205 1542; x_wconf 89' lang='lat' dir='ltr'><strong>enim</strong></span> <span class='ocrx_word' id='word_1_601' title='bbox 1218 1520 1260 1542; x_wconf 87' lang='lat' dir='ltr'><strong>est</strong></span> <span class='ocrx_word' id='word_1_602' title='bbox 1277 1515 1334 1542; x_wconf 70' lang='grc' dir='ltr'><strong>(εωιί</strong></span> <span class='ocrx_word' id='word_1_603' title='bbox 1349 1515 1508 1548; x_wconf 75' lang='lat' dir='ltr'><strong>ianitoribus</strong></span> <span class='ocrx_word' id='word_1_604' title='bbox 1519 1537 1525 1547; x_wconf 98' lang='lat'><strong>,</strong></span> <span class='ocrx_word' id='word_1_605' title='bbox 1541 1516 1584 1550; x_wconf 93' lang='lat' dir='ltr'><strong>qni</strong></span> <span class='ocrx_word' id='word_1_606' title='bbox 1600 1516 1691 1550; x_wconf 86' lang='lat' dir='ltr'><strong>sponsi</strong></span> <span class='ocrx_word' id='word_1_607' title='bbox 1715 1516 1785 1543; x_wconf 77' lang='lat' dir='ltr'><strong>fores</strong></span> 
     </span>
    </p>
   </div>
   <div class='ocr_carea' id='block_1_80' title="bbox 995 1562 1784 1597">
    <p class='ocr_par' dir='ltr' id='par_1_80' title="bbox 995 1562 1784 1597">
     <span class='ocr_line' id='line_1_80' title="bbox 995 1562 1784 1597; baseline 0.001 -9"><span class='ocrx_word' id='word_1_608' title='bbox 995 1562 1164 1594; x_wconf 86' lang='lat' dir='ltr'><strong>custodiunt;</strong></span> <span class='ocrx_word' id='word_1_609' title='bbox 1188 1570 1236 1590; x_wconf 86' lang='lat' dir='ltr'><strong>nec</strong></span> <span class='ocrx_word' id='word_1_610' title='bbox 1250 1570 1314 1590; x_wconf 89' lang='lat' dir='ltr'><strong>vero</strong></span> <span class='ocrx_word' id='word_1_611' title='bbox 1328 1568 1388 1590; x_wconf 86' lang='lat' dir='ltr'><strong>nota</strong></span> <span class='ocrx_word' id='word_1_612' title='bbox 1407 1563 1510 1594; x_wconf 78' lang='lat' dir='ltr'><strong>solum,</strong></span> <span class='ocrx_word' id='word_1_613' title='bbox 1527 1563 1573 1590; x_wconf 87' lang='lat' dir='ltr'><strong>sed</strong></span> <span class='ocrx_word' id='word_1_614' title='bbox 1590 1564 1669 1589; x_wconf 90' lang='lat' dir='ltr'><strong>etiam</strong></span> <span class='ocrx_word' id='word_1_615' title='bbox 1692 1564 1784 1597; x_wconf 82' lang='lat' dir='ltr'><strong>hujus-</strong></span> 
     </span>
    </p>
   </div>
   <div class='ocr_carea' id='block_1_81' title="bbox 996 1610 1785 1645">
    <p class='ocr_par' dir='ltr' id='par_1_81' title="bbox 996 1610 1785 1645">
     <span class='ocr_line' id='line_1_81' title="bbox 996 1610 1785 1645; baseline 0.001 -9"><span class='ocrx_word' id='word_1_616' title='bbox 996 1610 1087 1641; x_wconf 81' lang='lat' dir='ltr'><strong>modi,</strong></span> <span class='ocrx_word' id='word_1_617' title='bbox 1104 1614 1133 1636; x_wconf 94' lang='lat' dir='ltr'><strong>ut</strong></span> <span class='ocrx_word' id='word_1_618' title='bbox 1156 1618 1213 1637; x_wconf 87' lang='lat' dir='ltr'><strong>eam</strong></span> <span class='ocrx_word' id='word_1_619' title='bbox 1238 1616 1434 1637; x_wconf 84' lang='lat' dir='ltr'><strong>revereantur:</strong></span> <span class='ocrx_word' id='word_1_620' title='bbox 1452 1618 1570 1645; x_wconf 64' lang='lat' dir='ltr'><strong>emque,</strong></span> <span class='ocrx_word' id='word_1_621' title='bbox 1596 1618 1610 1636; x_wconf 83' lang='lat' dir='ltr'><strong>a</strong></span> <span class='ocrx_word' id='word_1_622' title='bbox 1637 1611 1734 1645; x_wconf 71' lang='lat' dir='ltr'><strong>quibus</strong></span> <span class='ocrx_word' id='word_1_623' title='bbox 1756 1618 1785 1637; x_wconf 88' lang='lat' dir='ltr'><strong>se</strong></span> 
     </span>
    </p>
   </div>
   <div class='ocr_carea' id='block_1_82' title="bbox 995 1655 1786 1691">
    <p class='ocr_par' dir='ltr' id='par_1_82' title="bbox 995 1655 1786 1691">
     <span class='ocr_line' id='line_1_82' title="bbox 995 1655 1786 1691; baseline -0.001 -8"><span class='ocrx_word' id='word_1_624' title='bbox 995 1657 1092 1683; x_wconf 89' lang='lat' dir='ltr'><strong>cultam</strong></span> <span class='ocrx_word' id='word_1_625' title='bbox 1114 1657 1236 1688; x_wconf 82' lang='lat' dir='ltr'><strong>noverit,</strong></span> <span class='ocrx_word' id='word_1_626' title='bbox 1257 1664 1351 1691; x_wconf 77' lang='lat' dir='ltr'><strong>magna</strong></span> <span class='ocrx_word' id='word_1_627' title='bbox 1365 1655 1740 1687; x_wconf 82' lang='lat' dir='ltr'><strong>cumlibertateinlroducet;</strong></span> <span class='ocrx_word' id='word_1_628' title='bbox 1755 1663 1786 1682; x_wconf 89' lang='lat' dir='ltr'><strong>ae</strong></span> 
     </span>
    </p>
   </div>
   <div class='ocr_carea' id='block_1_83' title="bbox 997 1700 1785 1731">
    <p class='ocr_par' dir='ltr' id='par_1_83' title="bbox 997 1700 1785 1731">
     <span class='ocr_line' id='line_1_83' title="bbox 997 1700 1785 1731; baseline -0.001 -3"><span class='ocrx_word' id='word_1_629' title='bbox 997 1710 1074 1728; x_wconf 90' lang='lat' dir='ltr'><strong>nemo</strong></span> <span class='ocrx_word' id='word_1_630' title='bbox 1088 1702 1254 1728; x_wconf 82' lang='lat' dir='ltr'><strong>contradicet</strong></span> <span class='ocrx_word' id='word_1_631' title='bbox 1265 1722 1271 1731; x_wconf 85' lang='lat'><em>.</em></span> <span class='ocrx_word' id='word_1_632' title='bbox 1287 1702 1333 1728; x_wconf 72' lang='lat' dir='ltr'><strong>sed</strong></span> <span class='ocrx_word' id='word_1_633' title='bbox 1350 1709 1444 1728; x_wconf 76' lang='lat' dir='ltr'><strong>omnes</strong></span> <span class='ocrx_word' id='word_1_634' title='bbox 1459 1701 1565 1728; x_wconf 86' lang='lat' dir='ltr'><strong>cedent.</strong></span> <span class='ocrx_word' id='word_1_635' title='bbox 1580 1700 1647 1727; x_wconf 87' lang='lat' dir='ltr'><strong>Natn</strong></span> <span class='ocrx_word' id='word_1_636' title='bbox 1664 1702 1685 1727; x_wconf 86' lang='lat' dir='ltr'><strong>si</strong></span> <span class='ocrx_word' id='word_1_637' title='bbox 1703 1702 1785 1727; x_wconf 84' lang='lat' dir='ltr'><strong>Deum</strong></span> 
     </span>
    </p>
   </div>
   <div class='ocr_carea' id='block_1_84' title="bbox 996 1745 1787 1780">
    <p class='ocr_par' dir='ltr' id='par_1_84' title="bbox 996 1745 1787 1780">
     <span class='ocr_line' id='line_1_84' title="bbox 996 1745 1787 1780; baseline 0 -8"><span class='ocrx_word' id='word_1_638' title='bbox 996 1747 1021 1772; x_wconf 92' lang='lat' dir='ltr'><strong>in</strong></span> <span class='ocrx_word' id='word_1_639' title='bbox 1038 1751 1134 1773; x_wconf 86' lang='lat' dir='ltr'><strong>terram</strong></span> <span class='ocrx_word' id='word_1_640' title='bbox 1160 1746 1287 1778; x_wconf 76' lang='lat' dir='ltr'><strong>adduxit,</strong></span> <span class='ocrx_word' id='word_1_641' title='bbox 1310 1746 1389 1780; x_wconf 89' lang='lat' dir='ltr'><strong>idque</strong></span> <span class='ocrx_word' id='word_1_642' title='bbox 1415 1746 1463 1780; x_wconf 83' lang='lat' dir='ltr'><strong>ipsi</strong></span> <span class='ocrx_word' id='word_1_643' title='bbox 1482 1746 1633 1779; x_wconf 82' lang='lat' dir='ltr'><strong>persuasit,</strong></span> <span class='ocrx_word' id='word_1_644' title='bbox 1660 1750 1689 1771; x_wconf 91' lang='lat' dir='ltr'><strong>ut</strong></span> <span class='ocrx_word' id='word_1_645' title='bbox 1707 1745 1787 1773; x_wconf 91' lang='lat' dir='ltr'><strong>homo</strong></span> 
     </span>
    </p>
   </div>
   <div class='ocr_carea' id='block_1_85' title="bbox 997 1792 1787 1826">
    <p class='ocr_par' dir='ltr' id='par_1_85' title="bbox 997 1792 1787 1826">
     <span class='ocr_line' id='line_1_85' title="bbox 997 1792 1787 1826; baseline 0.003 -8"><span class='ocrx_word' id='word_1_646' title='bbox 997 1794 1071 1819; x_wconf 87' lang='lat' dir='ltr'><strong>lieret</strong></span> <span class='ocrx_word' id='word_1_647' title='bbox 1084 1801 1090 1818; x_wconf 92' lang='lat'>:</span> <span class='ocrx_word' id='word_1_648' title='bbox 1112 1792 1197 1819; x_wconf 91' lang='lat' dir='ltr'><strong>multo</strong></span> <span class='ocrx_word' id='word_1_649' title='bbox 1208 1793 1291 1826; x_wconf 75' lang='lat' dir='ltr'><strong>magis</strong></span> <span class='ocrx_word' id='word_1_650' title='bbox 1302 1792 1437 1818; x_wconf 87' lang='lat' dir='ltr'><strong>hominem</strong></span> <span class='ocrx_word' id='word_1_651' title='bbox 1450 1793 1475 1818; x_wconf 88' lang='lat' dir='ltr'><strong>in</strong></span> <span class='ocrx_word' id='word_1_652' title='bbox 1497 1792 1592 1818; x_wconf 66' lang='lat' dir='ltr'><strong>celum</strong></span> <span class='ocrx_word' id='word_1_653' title='bbox 1607 1792 1787 1820; x_wconf 88' lang='lat' dir='ltr'><strong>intromittere</strong></span> 
     </span>
    </p>
   </div>
   <div class='ocr_carea' id='block_1_86' title="bbox 997 1838 1785 1874">
    <p class='ocr_par' dir='ltr' id='par_1_86' title="bbox 997 1838 1785 1874">
     <span class='ocr_line' id='line_1_86' title="bbox 997 1838 1785 1874; baseline 0 -9"><span class='ocrx_word' id='word_1_654' title='bbox 997 1839 1095 1873; x_wconf 83' lang='lat' dir='ltr'><strong>poterit</strong></span> <span class='ocrx_word' id='word_1_655' title='bbox 1109 1846 1117 1863; x_wconf 73' lang='grc' dir='ltr'>ι</span> <span class='ocrx_word' id='word_1_656' title='bbox 1129 1846 1223 1873; x_wconf 75' lang='lat' dir='ltr'><strong>magna</strong></span> <span class='ocrx_word' id='word_1_657' title='bbox 1239 1838 1310 1864; x_wconf 83' lang='lat' dir='ltr'><strong>enim</strong></span> <span class='ocrx_word' id='word_1_658' title='bbox 1323 1842 1364 1865; x_wconf 89' lang='lat' dir='ltr'><strong>est</strong></span> <span class='ocrx_word' id='word_1_659' title='bbox 1382 1838 1465 1872; x_wconf 88' lang='lat' dir='ltr'><strong>ipsius</strong></span> <span class='ocrx_word' id='word_1_660' title='bbox 1481 1838 1608 1873; x_wconf 87' lang='lat' dir='ltr'><strong>potentia.</strong></span> <span class='ocrx_word' id='word_1_661' title='bbox 1624 1839 1693 1874; x_wconf 79' lang='lat' dir='ltr'><strong>Ergo</strong></span> <span class='ocrx_word' id='word_1_662' title='bbox 1708 1840 1729 1865; x_wconf 89' lang='lat' dir='ltr'><strong>si</strong></span> <span class='ocrx_word' id='word_1_663' title='bbox 1753 1847 1785 1866; x_wconf 82' lang='lat' dir='ltr'><strong>ex</strong></span> 
     </span>
    </p>
   </div>
   <div class='ocr_carea' id='block_1_87' title="bbox 997 1884 1788 1918">
    <p class='ocr_par' dir='ltr' id='par_1_87' title="bbox 997 1884 1788 1918">
     <span class='ocr_line' id='line_1_87' title="bbox 997 1884 1788 1918; baseline 0 -7"><span class='ocrx_word' id='word_1_664' title='bbox 997 1884 1180 1911; x_wconf 85' lang='lat' dir='ltr'><strong>misericordia</strong></span> <span class='ocrx_word' id='word_1_665' title='bbox 1207 1890 1287 1918; x_wconf 86' lang='lat' dir='ltr'><strong>atque</strong></span> <span class='ocrx_word' id='word_1_666' title='bbox 1317 1884 1455 1911; x_wconf 88' lang='lat' dir='ltr'><strong>hominum</strong></span> <span class='ocrx_word' id='word_1_667' title='bbox 1482 1892 1574 1910; x_wconf 86' lang='lat' dir='ltr'><strong>amore</strong></span> <span class='ocrx_word' id='word_1_668' title='bbox 1609 1885 1677 1911; x_wconf 90' lang='lat' dir='ltr'><strong>Deus</strong></span> <span class='ocrx_word' id='word_1_669' title='bbox 1708 1885 1788 1913; x_wconf 80' lang='lat' dir='ltr'><strong>homo</strong></span> 
     </span>
    </p>
   </div>
   <div class='ocr_carea' id='block_1_88' title="bbox 997 1931 1786 1966">
    <p class='ocr_par' dir='ltr' id='par_1_88' title="bbox 997 1931 1786 1966">
     <span class='ocr_line' id='line_1_88' title="bbox 997 1931 1786 1966; baseline 0.001 -9"><span class='ocrx_word' id='word_1_670' title='bbox 997 1931 1080 1958; x_wconf 80' lang='lat' dir='ltr'><strong>lactus</strong></span> <span class='ocrx_word' id='word_1_671' title='bbox 1095 1936 1145 1964; x_wconf 87' lang='lat' dir='ltr'><strong>est,</strong></span> <span class='ocrx_word' id='word_1_672' title='bbox 1163 1931 1184 1958; x_wconf 85' lang='lat' dir='ltr'><strong>si</strong></span> <span class='ocrx_word' id='word_1_673' title='bbox 1205 1938 1249 1962; x_wconf 87' lang='lat' dir='ltr'><strong>eo,</strong></span> <span class='ocrx_word' id='word_1_674' title='bbox 1271 1932 1377 1966; x_wconf 86' lang='lat' dir='ltr'><strong>inquam</strong></span> <span class='ocrx_word' id='word_1_675' title='bbox 1390 1952 1396 1963; x_wconf 90' lang='lat'><strong>,</strong></span> <span class='ocrx_word' id='word_1_676' title='bbox 1421 1932 1549 1958; x_wconf 88' lang='lat' dir='ltr'><strong>adductus</strong></span> <span class='ocrx_word' id='word_1_677' title='bbox 1575 1936 1615 1958; x_wconf 78' lang='lat' dir='ltr'><strong>est</strong></span> <span class='ocrx_word' id='word_1_678' title='bbox 1643 1936 1671 1958; x_wconf 92' lang='lat' dir='ltr'><strong>ut</strong></span> <span class='ocrx_word' id='word_1_679' title='bbox 1692 1939 1786 1958; x_wconf 83' lang='lat' dir='ltr'><strong>servus</strong></span> 
     </span>
    </p>
   </div>
   <div class='ocr_carea' id='block_1_89' title="bbox 998 1978 1785 2013">
    <p class='ocr_par' dir='ltr' id='par_1_89' title="bbox 998 1978 1785 2013">
     <span class='ocr_line' id='line_1_89' title="bbox 998 1978 1785 2013; baseline 0.001 -10"><span class='ocrx_word' id='word_1_680' title='bbox 998 1978 1085 2009; x_wconf 88' lang='lat' dir='ltr'><strong>lieret;</strong></span> <span class='ocrx_word' id='word_1_681' title='bbox 1097 1979 1178 2004; x_wconf 89' lang='lat' dir='ltr'><strong>multo</strong></span> <span class='ocrx_word' id='word_1_682' title='bbox 1187 1978 1269 2013; x_wconf 76' lang='lat' dir='ltr'><strong>magis</strong></span> <span class='ocrx_word' id='word_1_683' title='bbox 1278 1986 1371 2005; x_wconf 85' lang='lat' dir='ltr'><strong>servos</strong></span> <span class='ocrx_word' id='word_1_684' title='bbox 1383 1979 1408 2004; x_wconf 92' lang='lat' dir='ltr'><strong>in</strong></span> <span class='ocrx_word' id='word_1_685' title='bbox 1418 1978 1525 2004; x_wconf 91' lang='lat' dir='ltr'><strong>domum</strong></span> <span class='ocrx_word' id='word_1_686' title='bbox 1541 1978 1690 2005; x_wconf 85' lang='lat' dir='ltr'><strong>introducct</strong></span> <span class='ocrx_word' id='word_1_687' title='bbox 1699 1986 1785 2004; x_wconf 89' lang='lat' dir='ltr'><strong>suam.</strong></span> 
     </span>
    </p>
   </div>
   <div class='ocr_carea' id='block_1_90' title="bbox 998 2024 1786 2057">
    <p class='ocr_par' dir='ltr' id='par_1_90' title="bbox 998 2024 1786 2057">
     <span class='ocr_line' id='line_1_90' title="bbox 998 2024 1786 2057; baseline -0.001 -6"><span class='ocrx_word' id='word_1_688' title='bbox 998 2024 1070 2051; x_wconf 77' lang='lat' dir='ltr'><strong>llaue</strong></span> <span class='ocrx_word' id='word_1_689' title='bbox 1078 2032 1212 2057; x_wconf 78' lang='lat' dir='ltr'><strong>amemus,</strong></span> <span class='ocrx_word' id='word_1_690' title='bbox 1224 2025 1292 2051; x_wconf 89' lang='lat' dir='ltr'><strong>hanc</strong></span> <span class='ocrx_word' id='word_1_691' title='bbox 1305 2025 1437 2056; x_wconf 76' lang='lat' dir='ltr'><strong>colamus,</strong></span> <span class='ocrx_word' id='word_1_692' title='bbox 1454 2033 1506 2051; x_wconf 85' lang='lat' dir='ltr'><strong>non</strong></span> <span class='ocrx_word' id='word_1_693' title='bbox 1518 2033 1570 2051; x_wconf 90' lang='lat' dir='ltr'><strong>uno</strong></span> <span class='ocrx_word' id='word_1_694' title='bbox 1582 2029 1626 2051; x_wconf 89' lang='lat' dir='ltr'><strong>aut</strong></span> <span class='ocrx_word' id='word_1_695' title='bbox 1639 2025 1723 2051; x_wconf 86' lang='lat' dir='ltr'><strong>altero</strong></span> <span class='ocrx_word' id='word_1_696' title='bbox 1733 2025 1786 2057; x_wconf 85' lang='lat' dir='ltr'><strong>die,</strong></span> 
     </span>
    </p>
   </div>
   <div class='ocr_carea' id='block_1_91' title="bbox 997 2069 1786 2104">
    <p class='ocr_par' dir='ltr' id='par_1_91' title="bbox 997 2069 1786 2104">
     <span class='ocr_line' id='line_1_91' title="bbox 997 2069 1786 2104; baseline -0.003 -8"><span class='ocrx_word' id='word_1_697' title='bbox 997 2072 1042 2097; x_wconf 87' lang='lat' dir='ltr'><strong>sed</strong></span> <span class='ocrx_word' id='word_1_698' title='bbox 1058 2078 1104 2104; x_wconf 90' lang='lat' dir='ltr'><strong>per</strong></span> <span class='ocrx_word' id='word_1_699' title='bbox 1114 2079 1192 2097; x_wconf 88' lang='lat' dir='ltr'><strong>onme</strong></span> <span class='ocrx_word' id='word_1_700' title='bbox 1209 2076 1323 2104; x_wconf 76' lang='lat' dir='ltr'><strong>tempus,</strong></span> <span class='ocrx_word' id='word_1_701' title='bbox 1334 2077 1359 2096; x_wconf 88' lang='lat' dir='ltr'><strong>ut</strong></span> <span class='ocrx_word' id='word_1_702' title='bbox 1375 2071 1429 2103; x_wconf 77' lang='lat' dir='ltr'><strong>ipsa</strong></span> <span class='ocrx_word' id='word_1_703' title='bbox 1446 2078 1494 2095; x_wconf 88' lang='lat' dir='ltr'><strong>nos</strong></span> <span class='ocrx_word' id='word_1_704' title='bbox 1507 2070 1574 2096; x_wconf 84' lang='lat' dir='ltr'><strong>bene</strong></span> <span class='ocrx_word' id='word_1_705' title='bbox 1587 2074 1664 2095; x_wconf 84' lang='lat' dir='ltr'><strong>notos</strong></span> <span class='ocrx_word' id='word_1_706' title='bbox 1679 2069 1786 2095; x_wconf 78' lang='lat' dir='ltr'><strong>habent.</strong></span> 
     </span>
    </p>
   </div>
   <div class='ocr_carea' id='block_1_92' title="bbox 996 2114 1789 2147">
    <p class='ocr_par' dir='ltr' id='par_1_92' title="bbox 996 2114 1789 2147">
     <span class='ocr_line' id='line_1_92' title="bbox 996 2114 1789 2147; baseline -0.005 -4"><span class='ocrx_word' id='word_1_707' title='bbox 996 2116 1061 2143; x_wconf 77' lang='lat' dir='ltr'><strong>Nam</strong></span> <span class='ocrx_word' id='word_1_708' title='bbox 1076 2116 1098 2142; x_wconf 87' lang='lat' dir='ltr'><strong>si</strong></span> <span class='ocrx_word' id='word_1_709' title='bbox 1113 2124 1143 2143; x_wconf 85' lang='lat' dir='ltr'><strong>ea</strong></span> <span class='ocrx_word' id='word_1_710' title='bbox 1157 2124 1206 2142; x_wconf 83' lang='lat' dir='ltr'><strong>nos</strong></span> <span class='ocrx_word' id='word_1_711' title='bbox 1222 2117 1337 2146; x_wconf 86' lang='lat' dir='ltr'><strong>noverit,</strong></span> <span class='ocrx_word' id='word_1_712' title='bbox 1353 2120 1380 2141; x_wconf 88' lang='lat' dir='ltr'><strong>et</strong></span> <span class='ocrx_word' id='word_1_713' title='bbox 1395 2115 1522 2141; x_wconf 68' lang='lat' dir='ltr'><strong>Domiotn</strong></span> <span class='ocrx_word' id='word_1_714' title='bbox 1535 2120 1626 2140; x_wconf 87' lang='lat' dir='ltr'><strong>noscet</strong></span> <span class='ocrx_word' id='word_1_715' title='bbox 1638 2123 1645 2145; x_wconf 85' lang='lat'><strong>;</strong></span> <span class='ocrx_word' id='word_1_716' title='bbox 1658 2114 1698 2139; x_wconf 91' lang='lat' dir='ltr'><strong>sin</strong></span> <span class='ocrx_word' id='word_1_717' title='bbox 1713 2114 1789 2147; x_wconf 74' lang='lat' dir='ltr'><strong>igno-</strong></span> 
     </span>
    </p>
   </div>
   <div class='ocr_carea' id='block_1_93' title="bbox 998 2159 1787 2195">
    <p class='ocr_par' dir='ltr' id='par_1_93' title="bbox 998 2159 1787 2195">
     <span class='ocr_line' id='line_1_93' title="bbox 998 2159 1787 2195; baseline -0.006 -7"><span class='ocrx_word' id='word_1_718' title='bbox 998 2167 1048 2194; x_wconf 86' lang='lat' dir='ltr'><strong>ret,</strong></span> <span class='ocrx_word' id='word_1_719' title='bbox 1070 2163 1197 2188; x_wconf 83' lang='lat' dir='ltr'><strong>Dominns</strong></span> <span class='ocrx_word' id='word_1_720' title='bbox 1209 2162 1288 2188; x_wconf 73' lang='lat' dir='ltr'><strong>etiam</strong></span> <span class='ocrx_word' id='word_1_721' title='bbox 1305 2161 1438 2195; x_wconf 74' lang='lat' dir='ltr'><strong>ignorabit</strong></span> <span class='ocrx_word' id='word_1_722' title='bbox 1452 2181 1457 2190; x_wconf 88' lang='lat'><strong>,</strong></span> <span class='ocrx_word' id='word_1_723' title='bbox 1472 2168 1502 2186; x_wconf 86' lang='lat' dir='ltr'><strong>ac</strong></span> <span class='ocrx_word' id='word_1_724' title='bbox 1517 2160 1587 2186; x_wconf 77' lang='lat' dir='ltr'><strong>(licet</strong></span> <span class='ocrx_word' id='word_1_725' title='bbox 1601 2180 1608 2191; x_wconf 84' lang='lat'><strong>,</strong></span> <span class='ocrx_word' id='word_1_726' title='bbox 1620 2159 1717 2186; x_wconf 81' lang='lat' dir='ltr'><strong>Nescio</strong></span> <span class='ocrx_word' id='word_1_727' title='bbox 1732 2167 1787 2185; x_wconf 85' lang='lat' dir='ltr'><strong>vos.</strong></span> 
     </span>
    </p>
   </div>
   <div class='ocr_carea' id='block_1_94' title="bbox 999 2205 1788 2238">
    <p class='ocr_par' dir='ltr' id='par_1_94' title="bbox 999 2205 1788 2238">
     <span class='ocr_line' id='line_1_94' title="bbox 999 2205 1788 2238; baseline -0.004 -4"><span class='ocrx_word' id='word_1_728' title='bbox 999 2208 1096 2234; x_wconf 71' lang='lat' dir='ltr'><strong>Verum</strong></span> <span class='ocrx_word' id='word_1_729' title='bbox 1112 2208 1190 2238; x_wconf 79' lang='lat' dir='ltr'><strong>absit,</strong></span> <span class='ocrx_word' id='word_1_730' title='bbox 1209 2213 1235 2232; x_wconf 90' lang='lat' dir='ltr'><strong>Ill</strong></span> <span class='ocrx_word' id='word_1_731' title='bbox 1252 2207 1320 2233; x_wconf 86' lang='lat' dir='ltr'><strong>hanc</strong></span> <span class='ocrx_word' id='word_1_732' title='bbox 1330 2214 1378 2232; x_wconf 86' lang='lat' dir='ltr'><strong>nos</strong></span> <span class='ocrx_word' id='word_1_733' title='bbox 1394 2214 1485 2232; x_wconf 79' lang='lat' dir='ltr'><strong>vocem</strong></span> <span class='ocrx_word' id='word_1_734' title='bbox 1499 2206 1648 2235; x_wconf 83' lang='lat' dir='ltr'><strong>audiamus,</strong></span> <span class='ocrx_word' id='word_1_735' title='bbox 1663 2205 1709 2232; x_wconf 75' lang='lat' dir='ltr'><strong>St‘ti</strong></span> <span class='ocrx_word' id='word_1_736' title='bbox 1725 2206 1788 2231; x_wconf 71' lang='lat' dir='ltr'><strong>lica-</strong></span> 
     </span>
    </p>
   </div>
   <div class='ocr_carea' id='block_1_95' title="bbox 999 2251 1790 2284">
    <p class='ocr_par' dir='ltr' id='par_1_95' title="bbox 999 2251 1790 2284">
     <span class='ocr_line' id='line_1_95' title="bbox 999 2251 1790 2284; baseline -0.006 -4"><span class='ocrx_word' id='word_1_737' title='bbox 999 2260 1051 2280; x_wconf 81' lang='lat' dir='ltr'><strong>tam</strong></span> <span class='ocrx_word' id='word_1_738' title='bbox 1069 2254 1158 2280; x_wconf 87' lang='lat' dir='ltr'><strong>illaut:</strong></span> <span class='ocrx_word' id='word_1_739' title='bbox 1180 2253 1275 2283; x_wconf 73' lang='lat' dir='ltr'><strong>Venilc,</strong></span> <span class='ocrx_word' id='word_1_740' title='bbox 1292 2252 1414 2278; x_wconf 75' lang='lat' dir='ltr'><strong>benedicti</strong></span> <span class='ocrx_word' id='word_1_741' title='bbox 1429 2251 1514 2277; x_wconf 78' lang='lat' dir='ltr'><strong>Pulrix</strong></span> <span class='ocrx_word' id='word_1_742' title='bbox 1528 2251 1586 2282; x_wconf 66' lang='lat' dir='ltr'><strong>mei,</strong></span> <span class='ocrx_word' id='word_1_743' title='bbox 1604 2251 1728 2284; x_wconf 52' lang='lat' dir='ltr'><strong>posside”</strong></span> <span class='ocrx_word' id='word_1_744' title='bbox 1744 2259 1790 2283; x_wconf 69' lang='lat' dir='ltr'><strong>1m-</strong></span> 
     </span>
    </p>
   </div>
   <div class='ocr_carea' id='block_1_96' title="bbox 999 2295 1788 2331">
    <p class='ocr_par' dir='ltr' id='par_1_96' title="bbox 999 2295 1788 2331">
     <span class='ocr_line' id='line_1_96' title="bbox 999 2295 1788 2331; baseline -0.003 -7"><span class='ocrx_word' id='word_1_745' title='bbox 999 2305 1082 2325; x_wconf 84' lang='lat' dir='ltr'><strong>ratunt</strong></span> <span class='ocrx_word' id='word_1_746' title='bbox 1102 2298 1170 2324; x_wconf 75' lang='lat' dir='ltr'><strong>nobis</strong></span> <span class='ocrx_word' id='word_1_747' title='bbox 1191 2306 1297 2331; x_wconf 63' lang='lat' dir='ltr'><strong>regnum</strong></span> <span class='ocrx_word' id='word_1_748' title='bbox 1324 2306 1339 2322; x_wconf 85' lang='grc' dir='ltr'><em>α</em></span> <span class='ocrx_word' id='word_1_749' title='bbox 1364 2297 1541 2322; x_wconf 77' lang='lat' dir='ltr'><strong>conslitutioue</strong></span> <span class='ocrx_word' id='word_1_750' title='bbox 1567 2296 1652 2321; x_wconf 82' lang='lat' dir='ltr'><strong>numdi</strong></span> <span class='ocrx_word' id='word_1_751' title='bbox 1676 2295 1788 2328; x_wconf 39' lang='lat' dir='ltr'><strong>(Matt/1.</strong></span> 
     </span>
    </p>
   </div>
   <div class='ocr_carea' id='block_1_97' title="bbox 999 2343 1791 2377">
    <p class='ocr_par' dir='ltr' id='par_1_97' title="bbox 999 2343 1791 2377">
     <span class='ocr_line' id='line_1_97' title="bbox 999 2343 1791 2377; baseline -0.008 -6"><span class='ocrx_word' id='word_1_752' title='bbox 999 2346 1044 2372; x_wconf 70' lang='grc'><strong>25.</strong></span> <span class='ocrx_word' id='word_1_753' title='bbox 1063 2345 1108 2377; x_wconf 58' lang='grc'><strong>34)</strong></span> <span class='ocrx_word' id='word_1_754' title='bbox 1125 2354 1130 2369; x_wconf 88' lang='lat'>:</span> <span class='ocrx_word' id='word_1_755' title='bbox 1148 2343 1216 2377; x_wconf 87' lang='lat' dir='ltr'><strong>quod</strong></span> <span class='ocrx_word' id='word_1_756' title='bbox 1233 2343 1333 2368; x_wconf 90' lang='lat' dir='ltr'><strong>utinam</strong></span> <span class='ocrx_word' id='word_1_757' title='bbox 1353 2349 1401 2369; x_wconf 87' lang='lat' dir='ltr'><strong>nos</strong></span> <span class='ocrx_word' id='word_1_758' title='bbox 1414 2349 1505 2368; x_wconf 74' lang='lat' dir='ltr'><strong>omnes</strong></span> <span class='ocrx_word' id='word_1_759' title='bbox 1528 2348 1724 2374; x_wconf 82' lang='lat' dir='ltr'><strong>consequamur</strong></span> <span class='ocrx_word' id='word_1_760' title='bbox 1744 2349 1791 2372; x_wconf 67' lang='lat' dir='ltr'><strong>per</strong></span> 
     </span>
    </p>
   </div>
   <div class='ocr_carea' id='block_1_98' title="bbox 1000 2386 1791 2426">
    <p class='ocr_par' dir='ltr' id='par_1_98' title="bbox 1000 2386 1791 2426">
     <span class='ocr_line' id='line_1_98' title="bbox 1000 2386 1791 2426; baseline -0.011 -8"><span class='ocrx_word' id='word_1_761' title='bbox 1000 2392 1114 2426; x_wconf 75' lang='lat' dir='ltr'><strong>gratiam</strong></span> <span class='ocrx_word' id='word_1_762' title='bbox 1143 2395 1170 2416; x_wconf 91' lang='lat' dir='ltr'><strong>et</strong></span> <span class='ocrx_word' id='word_1_763' title='bbox 1190 2389 1382 2423; x_wconf 82' lang='lat' dir='ltr'><strong>benignitatem</strong></span> <span class='ocrx_word' id='word_1_764' title='bbox 1395 2409 1403 2421; x_wconf 89' lang='lat'><strong>,</strong></span> <span class='ocrx_word' id='word_1_765' title='bbox 1429 2388 1455 2415; x_wconf 91' lang='lat' dir='ltr'><strong>in</strong></span> <span class='ocrx_word' id='word_1_766' title='bbox 1475 2387 1583 2414; x_wconf 85' lang='lat' dir='ltr'><strong>Christo</strong></span> <span class='ocrx_word' id='word_1_767' title='bbox 1600 2386 1662 2413; x_wconf 80' lang='lat' dir='ltr'><strong>Jesu</strong></span> <span class='ocrx_word' id='word_1_768' title='bbox 1680 2386 1791 2412; x_wconf 80' lang='lat' dir='ltr'><strong>Domino</strong></span> 
     </span>
    </p>
   </div>
   <div class='ocr_carea' id='block_1_99' title="bbox 1001 2435 1415 2471">
    <p class='ocr_par' dir='ltr' id='par_1_99' title="bbox 1001 2435 1415 2471">
     <span class='ocr_line' id='line_1_99' title="bbox 1001 2435 1415 2471; baseline -0.007 -6"><span class='ocrx_word' id='word_1_769' title='bbox 1001 2443 1104 2469; x_wconf 87' lang='lat' dir='ltr'><strong>nostro,</strong></span> <span class='ocrx_word' id='word_1_770' title='bbox 1123 2444 1184 2463; x_wconf 91' lang='lat' dir='ltr'><strong>cum</strong></span> <span class='ocrx_word' id='word_1_771' title='bbox 1200 2444 1252 2471; x_wconf 91' lang='lat' dir='ltr'><strong>quo</strong></span> <span class='ocrx_word' id='word_1_772' title='bbox 1267 2435 1349 2469; x_wconf 81' lang='lat' dir='ltr'><strong>Patri,</strong></span> <span class='ocrx_word' id='word_1_773' title='bbox 1362 2440 1415 2462; x_wconf 88' lang='lat' dir='ltr'><strong>etc.</strong></span> 
     </span>
    </p>
   </div>
   <div class='ocr_carea' id='block_1_100' title="bbox 891 2544 1106 2575">
    <p class='ocr_par' dir='ltr' id='par_1_100' title="bbox 891 2544 1106 2575">
     <span class='ocr_line' id='line_1_100' title="bbox 891 2544 1106 2575; baseline -0.009 0"><span class='ocrx_word' id='word_1_774' title='bbox 891 2544 1061 2575; x_wconf 79' lang='lat' dir='ltr'><strong>HOMILIA</strong></span> <span class='ocrx_word' id='word_1_775' title='bbox 1083 2544 1106 2574; x_wconf 88' lang='lat' dir='ltr'><strong>l.</strong></span> 
     </span>
    </p>
   </div>
   <div class='ocr_carea' id='block_1_101' title="bbox 139 2610 948 2648">
    <p class='ocr_par' dir='ltr' id='par_1_101' title="bbox 139 2610 948 2648">
     <span class='ocr_line' id='line_1_101' title="bbox 139 2610 948 2648; baseline 0.001 -8"><span class='ocrx_word' id='word_1_776' title='bbox 139 2611 215 2640; x_wconf 71' lang='lat' dir='ltr'><strong>CAP.</strong></span> <span class='ocrx_word' id='word_1_777' title='bbox 235 2611 264 2638; x_wconf 82' lang='grc' dir='ltr'><strong>Ι.</strong></span> <span class='ocrx_word' id='word_1_778' title='bbox 278 2618 305 2638; x_wconf 79' lang='lat' dir='ltr'><strong>v.</strong></span> <span class='ocrx_word' id='word_1_779' title='bbox 321 2612 348 2638; x_wconf 74' lang='lat' dir='ltr'><strong>l.</strong></span> <span class='ocrx_word' id='word_1_780' title='bbox 365 2610 462 2638; x_wconf 68' lang='lat' dir='ltr'><strong>Paulus</strong></span> <span class='ocrx_word' id='word_1_781' title='bbox 474 2617 497 2638; x_wconf 78' lang='lat' dir='ltr'><strong>et</strong></span> <span class='ocrx_word' id='word_1_782' title='bbox 511 2610 669 2644; x_wconf 70' lang='lat' dir='ltr'><strong>Timotheus,</strong></span> <span class='ocrx_word' id='word_1_783' title='bbox 683 2613 748 2640; x_wconf 73' lang='lat' dir='ltr'><strong>servi</strong></span> <span class='ocrx_word' id='word_1_784' title='bbox 765 2612 828 2641; x_wconf 66' lang='lat' dir='ltr'><strong>les:</strong></span> <span class='ocrx_word' id='word_1_785' title='bbox 841 2613 948 2648; x_wconf 73' lang='lat' dir='ltr'><strong>Christi,</strong></span> 
     </span>
    </p>
   </div>
   <div class='ocr_carea' id='block_1_102' title="bbox 180 2657 948 2694">
    <p class='ocr_par' dir='ltr' id='par_1_102' title="bbox 180 2657 948 2694">
     <span class='ocr_line' id='line_1_102' title="bbox 180 2657 948 2694; baseline 0.001 -9"><span class='ocrx_word' id='word_1_786' title='bbox 180 2657 309 2685; x_wconf 69' lang='lat' dir='ltr'><strong>omnibus</strong></span> <span class='ocrx_word' id='word_1_787' title='bbox 321 2658 416 2684; x_wconf 78' lang='grc' dir='ltr'><strong>ιιιηιιὶι</strong></span> <span class='ocrx_word' id='word_1_788' title='bbox 428 2657 454 2684; x_wconf 83' lang='lat' dir='ltr'><strong>in</strong></span> <span class='ocrx_word' id='word_1_789' title='bbox 470 2657 573 2685; x_wconf 78' lang='lat' dir='ltr'><strong>Chrian</strong></span> <span class='ocrx_word' id='word_1_790' title='bbox 586 2657 659 2690; x_wconf 72' lang='lat' dir='ltr'><strong>Iesu,</strong></span> <span class='ocrx_word' id='word_1_791' title='bbox 672 2659 715 2691; x_wconf 79' lang='lat' dir='ltr'><strong>qui</strong></span> <span class='ocrx_word' id='word_1_792' title='bbox 733 2664 792 2685; x_wconf 71' lang='lat' dir='ltr'><strong>sunt</strong></span> <span class='ocrx_word' id='word_1_793' title='bbox 807 2658 948 2694; x_wconf 65' lang='lat' dir='ltr'><strong>Philippis,</strong></span> 
     </span>
    </p>
   </div>
   <div class='ocr_carea' id='block_1_103' title="bbox 181 2702 951 2739">
    <p class='ocr_par' dir='ltr' id='par_1_103' title="bbox 181 2702 951 2739">
     <span class='ocr_line' id='line_1_103' title="bbox 181 2702 951 2739; baseline 0.003 -10"><span class='ocrx_word' id='word_1_794' title='bbox 181 2702 349 2738; x_wconf 65' lang='lat' dir='ltr'><strong>coepiscopis</strong></span> <span class='ocrx_word' id='word_1_795' title='bbox 361 2707 384 2729; x_wconf 74' lang='lat' dir='ltr'><strong>et</strong></span> <span class='ocrx_word' id='word_1_796' title='bbox 401 2702 527 2735; x_wconf 69' lang='lat' dir='ltr'><strong>diuortia,</strong></span> <span class='ocrx_word' id='word_1_797' title='bbox 541 2703 559 2729; x_wconf 72' lang='lat'><strong>2</strong></span> <span class='ocrx_word' id='word_1_798' title='bbox 585 2704 669 2738; x_wconf 73' lang='lat' dir='ltr'><strong>gratia</strong></span> <span class='ocrx_word' id='word_1_799' title='bbox 682 2703 751 2730; x_wconf 69' lang='lat' dir='ltr'><strong>vobis</strong></span> <span class='ocrx_word' id='word_1_800' title='bbox 765 2709 789 2730; x_wconf 83' lang='lat' dir='ltr'><strong>et</strong></span> <span class='ocrx_word' id='word_1_801' title='bbox 802 2712 853 2739; x_wconf 71' lang='lat' dir='ltr'><strong>pax</strong></span> <span class='ocrx_word' id='word_1_802' title='bbox 867 2713 883 2731; x_wconf 77' lang='grc' dir='ltr'><em>α</em></span> <span class='ocrx_word' id='word_1_803' title='bbox 899 2705 951 2732; x_wconf 69' lang='lat' dir='ltr'><strong>Deo</strong></span> 
     </span>
    </p>
   </div>
   <div class='ocr_carea' id='block_1_104' title="bbox 184 2747 736 2777">
    <p class='ocr_par' dir='ltr' id='par_1_104' title="bbox 184 2747 736 2777">
     <span class='ocr_line' id='line_1_104' title="bbox 184 2747 736 2777; baseline -0.004 0"><span class='ocrx_word' id='word_1_804' title='bbox 184 2750 275 2777; x_wconf 75' lang='lat' dir='ltr'><strong>Patre</strong></span> <span class='ocrx_word' id='word_1_805' title='bbox 287 2752 374 2775; x_wconf 75' lang='lat' dir='ltr'><strong>nostro</strong></span> <span class='ocrx_word' id='word_1_806' title='bbox 386 2753 409 2774; x_wconf 76' lang='lat' dir='ltr'><strong>et</strong></span> <span class='ocrx_word' id='word_1_807' title='bbox 424 2747 535 2775; x_wconf 84' lang='lat' dir='ltr'><strong>Domino</strong></span> <span class='ocrx_word' id='word_1_808' title='bbox 548 2747 612 2775; x_wconf 76' lang='lat' dir='ltr'><strong>leui</strong></span> <span class='ocrx_word' id='word_1_809' title='bbox 626 2747 736 2776; x_wconf 71' lang='lat' dir='ltr'><strong>Christo.</strong></span> 
     </span>
    </p>
   </div>
   <div class='ocr_carea' id='block_1_105' title="bbox 184 2793 951 2829">
    <p class='ocr_par' dir='ltr' id='par_1_105' title="bbox 184 2793 951 2829">
     <span class='ocr_line' id='line_1_105' title="bbox 184 2793 951 2829; baseline 0.001 -8"><span class='ocrx_word' id='word_1_810' title='bbox 184 2795 215 2823; x_wconf 80' lang='grc'><strong>1.</strong></span> <span class='ocrx_word' id='word_1_811' title='bbox 237 2793 288 2821; x_wconf 77' lang='lat' dir='ltr'><strong>ﬂio</strong></span> <span class='ocrx_word' id='word_1_812' title='bbox 305 2793 381 2827; x_wconf 79' lang='lat' dir='ltr'><strong>quasi</strong></span> <span class='ocrx_word' id='word_1_813' title='bbox 399 2793 432 2820; x_wconf 79' lang='lat' dir='ltr'><strong>ad</strong></span> <span class='ocrx_word' id='word_1_814' title='bbox 452 2793 549 2827; x_wconf 65' lang='lat' dir='ltr'><strong>aquati</strong></span> <span class='ocrx_word' id='word_1_815' title='bbox 563 2794 667 2821; x_wconf 84' lang='lat' dir='ltr'><strong>honore</strong></span> <span class='ocrx_word' id='word_1_816' title='bbox 680 2794 807 2829; x_wconf 68' lang='lat' dir='ltr'><strong>praeditos</strong></span> <span class='ocrx_word' id='word_1_817' title='bbox 820 2795 951 2825; x_wconf 81' lang='lat' dir='ltr'><strong>scribens.</strong></span> 
     </span>
    </p>
   </div>
   <div class='ocr_carea' id='block_1_106' title="bbox 148 2840 952 2875">
    <p class='ocr_par' dir='ltr' id='par_1_106' title="bbox 148 2840 952 2875">
     <span class='ocr_line' id='line_1_106' title="bbox 148 2840 952 2875; baseline 0.001 -8"><span class='ocrx_word' id='word_1_818' title='bbox 148 2847 206 2868; x_wconf 87' lang='lat' dir='ltr'><strong>non</strong></span> <span class='ocrx_word' id='word_1_819' title='bbox 223 2841 302 2875; x_wconf 77' lang='lat' dir='ltr'><strong>ponlt</strong></span> <span class='ocrx_word' id='word_1_820' title='bbox 312 2845 391 2866; x_wconf 84' lang='lat' dir='ltr'><strong>suum</strong></span> <span class='ocrx_word' id='word_1_821' title='bbox 400 2840 545 2874; x_wconf 71' lang='lat' dir='ltr'><strong>magisterii</strong></span> <span class='ocrx_word' id='word_1_822' title='bbox 554 2847 663 2873; x_wconf 88' lang='lat' dir='ltr'><strong>nomen,</strong></span> <span class='ocrx_word' id='word_1_823' title='bbox 673 2840 721 2868; x_wconf 82' lang='lat' dir='ltr'><strong>sed</strong></span> <span class='ocrx_word' id='word_1_824' title='bbox 735 2840 807 2868; x_wconf 80' lang='lat' dir='ltr'><strong>aliud</strong></span> <span class='ocrx_word' id='word_1_825' title='bbox 815 2841 952 2875; x_wconf 85' lang='lat' dir='ltr'><strong>quiddam,</strong></span> 
     </span>
    </p>
   </div>
   <div class='ocr_carea' id='block_1_107' title="bbox 149 2885 952 2921">
    <p class='ocr_par' dir='ltr' id='par_1_107' title="bbox 149 2885 952 2921">
     <span class='ocr_line' id='line_1_107' title="bbox 149 2885 952 2921; baseline 0 -8"><span class='ocrx_word' id='word_1_826' title='bbox 149 2886 276 2921; x_wconf 80' lang='lat' dir='ltr'><strong>illudque</strong></span> <span class='ocrx_word' id='word_1_827' title='bbox 288 2892 427 2920; x_wconf 69' lang='lat' dir='ltr'><strong>magnum.</strong></span> <span class='ocrx_word' id='word_1_828' title='bbox 437 2885 521 2919; x_wconf 83' lang='lat' dir='ltr'><strong>Quale</strong></span> <span class='ocrx_word' id='word_1_829' title='bbox 533 2893 598 2914; x_wconf 77' lang='lat' dir='ltr'><strong>vero</strong></span> <span class='ocrx_word' id='word_1_830' title='bbox 609 2885 699 2913; x_wconf 71' lang='lat' dir='ltr'><strong>istud!</strong></span> <span class='ocrx_word' id='word_1_831' title='bbox 709 2886 821 2913; x_wconf 85' lang='lat' dir='ltr'><strong>Servum</strong></span> <span class='ocrx_word' id='word_1_832' title='bbox 835 2887 952 2921; x_wconf 84' lang='lat' dir='ltr'><strong>seipsutn</strong></span> 
     </span>
    </p>
   </div>
   <div class='ocr_carea' id='block_1_108' title="bbox 151 2931 952 2970">
    <p class='ocr_par' dir='ltr' id='par_1_108' title="bbox 151 2931 952 2970">
     <span class='ocr_line' id='line_1_108' title="bbox 151 2931 952 2970; baseline 0.005 -12"><span class='ocrx_word' id='word_1_833' title='bbox 151 2933 290 2966; x_wconf 83' lang='lat' dir='ltr'><strong>nominat,</strong></span> <span class='ocrx_word' id='word_1_834' title='bbox 311 2940 366 2960; x_wconf 91' lang='lat' dir='ltr'><strong>non</strong></span> <span class='ocrx_word' id='word_1_835' title='bbox 388 2931 548 2966; x_wconf 81' lang='lat' dir='ltr'><strong>apostolum.</strong></span> <span class='ocrx_word' id='word_1_836' title='bbox 571 2932 637 2960; x_wconf 83' lang='lat' dir='ltr'><strong>Nam</strong></span> <span class='ocrx_word' id='word_1_837' title='bbox 657 2938 684 2960; x_wconf 89' lang='lat' dir='ltr'><strong>et</strong></span> <span class='ocrx_word' id='word_1_838' title='bbox 703 2934 759 2961; x_wconf 73' lang='lat' dir='ltr'><strong>lucc</strong></span> <span class='ocrx_word' id='word_1_839' title='bbox 779 2942 841 2962; x_wconf 85' lang='lat' dir='ltr'><strong>vere</strong></span> <span class='ocrx_word' id='word_1_840' title='bbox 858 2942 952 2970; x_wconf 77' lang='lat' dir='ltr'><strong>magna</strong></span> 
     </span>
    </p>
   </div>
   <div class='ocr_carea' id='block_1_109' title="bbox 149 2977 952 3014">
    <p class='ocr_par' dir='ltr' id='par_1_109' title="bbox 149 2977 952 3014">
     <span class='ocr_line' id='line_1_109' title="bbox 149 2977 952 3014; baseline 0.002 -9"><span class='ocrx_word' id='word_1_841' title='bbox 149 2978 275 3014; x_wconf 71' lang='lat' dir='ltr'><strong>dignitas</strong></span> <span class='ocrx_word' id='word_1_842' title='bbox 295 2983 337 3006; x_wconf 76' lang='lat' dir='ltr'><strong>est</strong></span> <span class='ocrx_word' id='word_1_843' title='bbox 372 2984 404 3004; x_wconf 77' lang='lat' dir='ltr'><strong>ac</strong></span> <span class='ocrx_word' id='word_1_844' title='bbox 421 2977 552 3004; x_wconf 88' lang='lat' dir='ltr'><strong>bonorunt</strong></span> <span class='ocrx_word' id='word_1_845' title='bbox 571 2981 662 3011; x_wconf 86' lang='lat' dir='ltr'><strong>caput,</strong></span> <span class='ocrx_word' id='word_1_846' title='bbox 685 2985 790 3006; x_wconf 75' lang='lat' dir='ltr'><strong>servum</strong></span> <span class='ocrx_word' id='word_1_847' title='bbox 809 2987 869 3007; x_wconf 81' lang='lat' dir='ltr'><strong>esse</strong></span> <span class='ocrx_word' id='word_1_848' title='bbox 888 2979 952 3007; x_wconf 77' lang='lat' dir='ltr'><strong>.lesu</strong></span> 
     </span>
    </p>
   </div>
   <div class='ocr_carea' id='block_1_110' title="bbox 346 3024 682 3056">
    <p class='ocr_par' dir='ltr' id='par_1_110' title="bbox 346 3024 682 3056">
     <span class='ocr_line' id='line_1_110' title="bbox 346 3024 682 3056; baseline 0.006 -3"><span class='ocrx_word' id='word_1_849' title='bbox 346 3024 483 3053; x_wconf 77' lang='grc' dir='ltr'><strong>ΡΔτιιοι..</strong></span> <span class='ocrx_word' id='word_1_850' title='bbox 506 3024 564 3054; x_wconf 81' lang='lat' dir='ltr'><strong>Gtt.</strong></span> <span class='ocrx_word' id='word_1_851' title='bbox 587 3024 682 3056; x_wconf 81' lang='lat' dir='ltr'><strong>LXII.</strong></span> 
     </span>
    </p>
   </div>
   <div class='ocr_carea' id='block_1_111' title="bbox 1001 2610 1793 2647">
    <p class='ocr_par' dir='ltr' id='par_1_111' title="bbox 1001 2610 1793 2647">
     <span class='ocr_line' id='line_1_111' title="bbox 1001 2610 1793 2647; baseline -0.008 -5"><span class='ocrx_word' id='word_1_852' title='bbox 1001 2614 1112 2647; x_wconf 83' lang='lat' dir='ltr'><strong>Christi,</strong></span> <span class='ocrx_word' id='word_1_853' title='bbox 1134 2619 1161 2642; x_wconf 85' lang='lat' dir='ltr'><strong>et</strong></span> <span class='ocrx_word' id='word_1_854' title='bbox 1181 2622 1234 2641; x_wconf 83' lang='lat' dir='ltr'><strong>non</strong></span> <span class='ocrx_word' id='word_1_855' title='bbox 1255 2618 1357 2640; x_wconf 81' lang='lat' dir='ltr'><strong>tantum</strong></span> <span class='ocrx_word' id='word_1_856' title='bbox 1376 2613 1439 2640; x_wconf 87' lang='lat' dir='ltr'><strong>dici.</strong></span> <span class='ocrx_word' id='word_1_857' title='bbox 1458 2612 1507 2645; x_wconf 82' lang='lat' dir='ltr'><strong>Qui</strong></span> <span class='ocrx_word' id='word_1_858' title='bbox 1521 2610 1622 2639; x_wconf 81' lang='lat' dir='ltr'><strong>Christi</strong></span> <span class='ocrx_word' id='word_1_859' title='bbox 1636 2617 1730 2637; x_wconf 77' lang='lat' dir='ltr'><strong>servus</strong></span> <span class='ocrx_word' id='word_1_860' title='bbox 1742 2614 1793 2642; x_wconf 85' lang='lat' dir='ltr'><strong>est,</strong></span> 
     </span>
    </p>
   </div>
   <div class='ocr_carea' id='block_1_112' title="bbox 1003 2657 1794 2695">
    <p class='ocr_par' dir='ltr' id='par_1_112' title="bbox 1003 2657 1794 2695">
     <span class='ocr_line' id='line_1_112' title="bbox 1003 2657 1794 2695; baseline -0.004 -8"><span class='ocrx_word' id='word_1_861' title='bbox 1003 2660 1046 2687; x_wconf 86' lang='lat' dir='ltr'><strong>hic</strong></span> <span class='ocrx_word' id='word_1_862' title='bbox 1060 2668 1075 2687; x_wconf 87' lang='lat' dir='ltr'><strong>a</strong></span> <span class='ocrx_word' id='word_1_863' title='bbox 1092 2664 1201 2695; x_wconf 79' lang='lat' dir='ltr'><strong>peccato</strong></span> <span class='ocrx_word' id='word_1_864' title='bbox 1215 2660 1283 2687; x_wconf 87' lang='lat' dir='ltr'><strong>liber</strong></span> <span class='ocrx_word' id='word_1_865' title='bbox 1296 2663 1354 2690; x_wconf 82' lang='lat' dir='ltr'><strong>est;</strong></span> <span class='ocrx_word' id='word_1_866' title='bbox 1374 2663 1402 2685; x_wconf 92' lang='lat' dir='ltr'><strong>et</strong></span> <span class='ocrx_word' id='word_1_867' title='bbox 1421 2659 1471 2685; x_wconf 89' lang='lat' dir='ltr'><strong>hoc</strong></span> <span class='ocrx_word' id='word_1_868' title='bbox 1484 2657 1552 2692; x_wconf 84' lang='lat' dir='ltr'><strong>ipso,</strong></span> <span class='ocrx_word' id='word_1_869' title='bbox 1566 2657 1638 2692; x_wconf 88' lang='lat' dir='ltr'><strong>quod</strong></span> <span class='ocrx_word' id='word_1_870' title='bbox 1651 2663 1794 2691; x_wconf 72' lang='lat' dir='ltr'><strong>germanus</strong></span> 
     </span>
    </p>
   </div>
   <div class='ocr_carea' id='block_1_113' title="bbox 1004 2702 1794 2740">
    <p class='ocr_par' dir='ltr' id='par_1_113' title="bbox 1004 2702 1794 2740">
     <span class='ocr_line' id='line_1_113' title="bbox 1004 2702 1794 2740; baseline -0.003 -8"><span class='ocrx_word' id='word_1_871' title='bbox 1004 2713 1035 2732; x_wconf 81' lang='lat' dir='ltr'><strong>ae</strong></span> <span class='ocrx_word' id='word_1_872' title='bbox 1048 2705 1181 2740; x_wconf 75' lang='lat' dir='ltr'><strong>legitimus</strong></span> <span class='ocrx_word' id='word_1_873' title='bbox 1195 2712 1289 2731; x_wconf 83' lang='lat' dir='ltr'><strong>servus</strong></span> <span class='ocrx_word' id='word_1_874' title='bbox 1302 2707 1353 2735; x_wconf 84' lang='lat' dir='ltr'><strong>est,</strong></span> <span class='ocrx_word' id='word_1_875' title='bbox 1372 2710 1515 2736; x_wconf 79' lang='lat' dir='ltr'><strong>numquam</strong></span> <span class='ocrx_word' id='word_1_876' title='bbox 1527 2702 1684 2734; x_wconf 75' lang='lat' dir='ltr'><strong>committet,</strong></span> <span class='ocrx_word' id='word_1_877' title='bbox 1704 2706 1734 2730; x_wconf 93' lang='lat' dir='ltr'><strong>ut</strong></span> <span class='ocrx_word' id='word_1_878' title='bbox 1746 2710 1794 2730; x_wconf 76' lang='lat' dir='ltr'><strong>ut-</strong></span> 
     </span>
    </p>
   </div>
   <div class='ocr_carea' id='block_1_114' title="bbox 1001 2747 1795 2786">
    <p class='ocr_par' dir='ltr' id='par_1_114' title="bbox 1001 2747 1795 2786">
     <span class='ocr_line' id='line_1_114' title="bbox 1001 2747 1795 2786; baseline -0.005 -8"><span class='ocrx_word' id='word_1_879' title='bbox 1001 2751 1127 2786; x_wconf 80' lang='lat' dir='ltr'><strong>jusquam</strong></span> <span class='ocrx_word' id='word_1_880' title='bbox 1141 2750 1250 2777; x_wconf 88' lang='lat' dir='ltr'><strong>alterius</strong></span> <span class='ocrx_word' id='word_1_881' title='bbox 1263 2756 1356 2776; x_wconf 84' lang='lat' dir='ltr'><strong>servus</strong></span> <span class='ocrx_word' id='word_1_882' title='bbox 1370 2748 1415 2775; x_wconf 76' lang='lat' dir='ltr'><strong>ﬁat</strong></span> <span class='ocrx_word' id='word_1_883' title='bbox 1430 2757 1437 2775; x_wconf 90' lang='lat'><strong>:</strong></span> <span class='ocrx_word' id='word_1_884' title='bbox 1451 2748 1549 2782; x_wconf 84' lang='lat' dir='ltr'><strong>alioqui</strong></span> <span class='ocrx_word' id='word_1_885' title='bbox 1565 2755 1617 2775; x_wconf 90' lang='lat' dir='ltr'><strong>non</strong></span> <span class='ocrx_word' id='word_1_886' title='bbox 1631 2753 1703 2776; x_wconf 65' lang='lat' dir='ltr'><strong>aut</strong></span> <span class='ocrx_word' id='word_1_887' title='bbox 1716 2747 1795 2776; x_wconf 61' lang='lat' dir='ltr'><strong>Chr-iv</strong></span> 
     </span>
    </p>
   </div>
   <div class='ocr_carea' id='block_1_115' title="bbox 1005 2794 1799 2829">
    <p class='ocr_par' dir='ltr' id='par_1_115' title="bbox 1005 2794 1799 2829">
     <span class='ocr_line' id='line_1_115' title="bbox 1005 2794 1799 2829; baseline -0.004 -5"><span class='ocrx_word' id='word_1_888' title='bbox 1005 2798 1038 2824; x_wconf 87' lang='lat' dir='ltr'><strong>sti</strong></span> <span class='ocrx_word' id='word_1_889' title='bbox 1051 2803 1155 2829; x_wconf 82' lang='lat' dir='ltr'><strong>servus,</strong></span> <span class='ocrx_word' id='word_1_890' title='bbox 1171 2796 1221 2823; x_wconf 86' lang='lat' dir='ltr'><strong>nisi</strong></span> <span class='ocrx_word' id='word_1_891' title='bbox 1235 2803 1267 2822; x_wconf 79' lang='lat' dir='ltr'><strong>ex</strong></span> <span class='ocrx_word' id='word_1_892' title='bbox 1280 2794 1389 2822; x_wconf 87' lang='lat' dir='ltr'><strong>dimidia</strong></span> <span class='ocrx_word' id='word_1_893' title='bbox 1401 2798 1486 2828; x_wconf 83' lang='lat' dir='ltr'><strong>parte.</strong></span> <span class='ocrx_word' id='word_1_894' title='bbox 1499 2794 1537 2821; x_wconf 77' lang='lat' dir='ltr'><strong>Ac</strong></span> <span class='ocrx_word' id='word_1_895' title='bbox 1544 2801 1610 2822; x_wconf 70' lang='lat' dir='ltr'><strong>sane</strong></span> <span class='ocrx_word' id='word_1_896' title='bbox 1620 2794 1652 2821; x_wconf 74' lang='lat' dir='ltr'><strong>ad</strong></span> <span class='ocrx_word' id='word_1_897' title='bbox 1663 2794 1799 2821; x_wconf 69' lang='lat' dir='ltr'><strong>Romanos</strong></span> 
     </span>
    </p>
   </div>
   <div class='ocr_carea' id='block_1_116' title="bbox 1006 2838 1798 2874">
    <p class='ocr_par' dir='ltr' id='par_1_116' title="bbox 1006 2838 1798 2874">
     <span class='ocr_line' id='line_1_116' title="bbox 1006 2838 1798 2874; baseline -0.004 -5"><span class='ocrx_word' id='word_1_898' title='bbox 1006 2842 1137 2874; x_wconf 84' lang='lat' dir='ltr'><strong>scribens,</strong></span> <span class='ocrx_word' id='word_1_899' title='bbox 1150 2848 1243 2868; x_wconf 86' lang='lat' dir='ltr'><strong>rursus</strong></span> <span class='ocrx_word' id='word_1_900' title='bbox 1258 2840 1292 2867; x_wconf 85' lang='lat' dir='ltr'><strong>ita</strong></span> <span class='ocrx_word' id='word_1_901' title='bbox 1308 2840 1402 2874; x_wconf 81' lang='lat' dir='ltr'><strong>Inquit,</strong></span> <span class='ocrx_word' id='word_1_902' title='bbox 1419 2838 1519 2867; x_wconf 66' lang='lat' dir='ltr'><strong>Paulus</strong></span> <span class='ocrx_word' id='word_1_903' title='bbox 1530 2848 1617 2868; x_wconf 71' lang='lat' dir='ltr'><strong>cervus</strong></span> <span class='ocrx_word' id='word_1_904' title='bbox 1628 2839 1691 2867; x_wconf 69' lang='lat' dir='ltr'><strong>Iesu</strong></span> <span class='ocrx_word' id='word_1_905' title='bbox 1703 2839 1798 2867; x_wconf 68' lang='lat' dir='ltr'><strong>Christi</strong></span> 
     </span>
    </p>
   </div>
   <div class='ocr_carea' id='block_1_117' title="bbox 1007 2885 1798 2922">
    <p class='ocr_par' dir='ltr' id='par_1_117' title="bbox 1007 2885 1798 2922">
     <span class='ocr_line' id='line_1_117' title="bbox 1007 2885 1798 2922; baseline -0.003 -8"><span class='ocrx_word' id='word_1_906' title='bbox 1007 2887 1097 2922; x_wconf 70' lang='lat' dir='ltr'><strong>(Rern.</strong></span> <span class='ocrx_word' id='word_1_907' title='bbox 1114 2889 1140 2914; x_wconf 78' lang='grc' dir='ltr'><strong>Ι.</strong></span> <span class='ocrx_word' id='word_1_908' title='bbox 1160 2887 1204 2919; x_wconf 79' lang='lat' dir='ltr'><strong>l);</strong></span> <span class='ocrx_word' id='word_1_909' title='bbox 1219 2887 1251 2913; x_wconf 82' lang='lat' dir='ltr'><strong>ad</strong></span> <span class='ocrx_word' id='word_1_910' title='bbox 1264 2886 1418 2913; x_wconf 90' lang='lat' dir='ltr'><strong>Corinthios</strong></span> <span class='ocrx_word' id='word_1_911' title='bbox 1433 2894 1497 2913; x_wconf 91' lang='lat' dir='ltr'><strong>vero</strong></span> <span class='ocrx_word' id='word_1_912' title='bbox 1509 2891 1537 2914; x_wconf 94' lang='lat' dir='ltr'><strong>et</strong></span> <span class='ocrx_word' id='word_1_913' title='bbox 1550 2885 1719 2914; x_wconf 80' lang='lat' dir='ltr'><strong>Timotheum</strong></span> <span class='ocrx_word' id='word_1_914' title='bbox 1732 2886 1798 2913; x_wconf 81' lang='lat' dir='ltr'><strong>seri-</strong></span> 
     </span>
    </p>
   </div>
   <div class='ocr_carea' id='block_1_118' title="bbox 1008 2931 1798 2968">
    <p class='ocr_par' dir='ltr' id='par_1_118' title="bbox 1008 2931 1798 2968">
     <span class='ocr_line' id='line_1_118' title="bbox 1008 2931 1798 2968; baseline -0.003 -7"><span class='ocrx_word' id='word_1_915' title='bbox 1008 2935 1075 2961; x_wconf 85' lang='lat' dir='ltr'><strong>bens</strong></span> <span class='ocrx_word' id='word_1_916' title='bbox 1088 2933 1238 2968; x_wconf 80' lang='lat' dir='ltr'><strong>apostolum</strong></span> <span class='ocrx_word' id='word_1_917' title='bbox 1253 2933 1369 2967; x_wconf 79' lang='lat' dir='ltr'><strong>seipstnn</strong></span> <span class='ocrx_word' id='word_1_918' title='bbox 1391 2933 1520 2960; x_wconf 86' lang='lat' dir='ltr'><strong>nominat.</strong></span> <span class='ocrx_word' id='word_1_919' title='bbox 1539 2932 1607 2966; x_wconf 72' lang='lat' dir='ltr'><strong>Quid</strong></span> <span class='ocrx_word' id='word_1_920' title='bbox 1621 2932 1677 2959; x_wconf 77' lang='lat' dir='ltr'><strong>ita?</strong></span> <span class='ocrx_word' id='word_1_921' title='bbox 1690 2931 1748 2959; x_wconf 79' lang='lat' dir='ltr'><strong>Non</strong></span> <span class='ocrx_word' id='word_1_922' title='bbox 1764 2933 1798 2959; x_wconf 78' lang='lat' dir='ltr'><strong>ob</strong></span> 
     </span>
    </p>
   </div>
   <div class='ocr_carea' id='block_1_119' title="bbox 1008 2977 1799 3014">
    <p class='ocr_par' dir='ltr' id='par_1_119' title="bbox 1008 2977 1799 3014">
     <span class='ocr_line' id='line_1_119' title="bbox 1008 2977 1799 3014; baseline -0.003 -7"><span class='ocrx_word' id='word_1_923' title='bbox 1008 2987 1067 3007; x_wconf 86' lang='lat' dir='ltr'><strong>cam</strong></span> <span class='ocrx_word' id='word_1_924' title='bbox 1080 2983 1151 3006; x_wconf 74' lang='lat' dir='ltr'><strong>certe</strong></span> <span class='ocrx_word' id='word_1_925' title='bbox 1164 2985 1280 3011; x_wconf 84' lang='lat' dir='ltr'><strong>causam,</strong></span> <span class='ocrx_word' id='word_1_926' title='bbox 1296 2979 1367 3014; x_wconf 90' lang='lat' dir='ltr'><strong>quod</strong></span> <span class='ocrx_word' id='word_1_927' title='bbox 1388 2978 1429 3005; x_wconf 87' lang='lat' dir='ltr'><strong>isti</strong></span> <span class='ocrx_word' id='word_1_928' title='bbox 1450 2979 1575 3006; x_wconf 83' lang='lat' dir='ltr'><strong>meliores</strong></span> <span class='ocrx_word' id='word_1_929' title='bbox 1596 2982 1687 3006; x_wconf 74' lang='lat' dir='ltr'><strong>essent</strong></span> <span class='ocrx_word' id='word_1_930' title='bbox 1708 2977 1799 3006; x_wconf 75' lang='lat' dir='ltr'><strong>Timo-</strong></span> 
     </span>
    </p>
   </div>
   <div class='ocr_carea' id='block_1_120' title="bbox 1607 3023 1644 3052">
    <p class='ocr_par' dir='ltr' id='par_1_120' title="bbox 1607 3023 1644 3052">
     <span class='ocr_line' id='line_1_120' title="bbox 1607 3023 1644 3052; baseline 0 0"><span class='ocrx_word' id='word_1_931' title='bbox 1607 3023 1644 3052; x_wconf 80' lang='grc'>12</span> 
     </span>
    </p>
   </div>
   <div class='ocr_carea' id='block_1_121' title="bbox 1992 14 2106 1247">
    <p class='ocr_par' dir='ltr' id='par_1_121' title="bbox 2030 717 2059 816">
     <span class='ocr_line' id='line_1_121' title="bbox 2030 717 2059 816; baseline 0 0"><span class='ocrx_word' id='word_1_932' title='bbox 2030 717 2059 816; x_wconf 40' lang='lat' dir='ltr'><strong>it</strong></span> 
     </span>
    </p>
   </div>
  </div>
