4218 6266
501 450 598 505 res

496 566 648 630 Ilico;
684 568 841 636 absit,
871 571 963 628 sed
992 572 1196 642 potius;
1233 571 1373 641 quod
1403 586 1513 643 prae
1547 571 1817 638 omnibus,
1846 572 1913 628 ad
1938 586 2072 642 quos

491 657 700 724 scribit,
733 659 862 715 istos
902 661 1127 717 honoret
1153 672 1206 717 et
1245 662 1420 718 loveat
1452 682 1466 718 :
1496 677 1619 717 nam
1646 671 1700 717 et
1729 677 1934 733 magnae
1963 663 2074 718 vir-

497 750 621 802 nnis
661 751 1021 807 testimonium
1054 755 1178 824 ipsis
1218 755 1328 809 dat.
1359 755 1628 811 Prmterea
1667 770 1817 822 vero,
1854 771 1976 811 cum
2007 755 2074 811 ad

494 838 613 894 illos
650 841 904 896 scribenti
946 845 1110 898 multa
1156 856 1338 901 essent
1377 847 1750 902 constituenda
1793 856 1848 902 et
1888 847 2073 918 dispo-

494 930 688 996 nenda,
710 931 838 987 ideo
858 935 1083 1002 apostoli
1109 936 1420 1007 dignitatem
1446 954 1553 1008 prze
1574 954 1631 994 se
1663 939 1800 993 tulit.
1829 938 1926 994 Hic
1947 953 2075 994 vero

493 1020 625 1075 nihil
667 1022 799 1092 ipsis
839 1027 1054 1079 mandat
1082 1037 1276 1096 praeter
1303 1043 1386 1091 ea.
1420 1044 1538 1098 qua:
1578 1029 1738 1084 etiam
1766 1045 1862 1099 per
1887 1045 1946 1084 se
1976 1029 2075 1099 ipsi

490 1113 763 1169 videbant.
793 1116 997 1172 Sanctis
1022 1118 1074 1172 in
1105 1117 1303 1173 Christo
1328 1118 1474 1188 Jesu,
1520 1121 1608 1189 qui
1646 1129 1762 1174 sunt
1795 1120 2074 1191 Philippis.

492 1205 754 1274 Quoniam
785 1209 1074 1266 verisimile
1111 1220 1231 1267 erat
1265 1211 1479 1267 Iudaeos
1517 1214 1675 1267 etiam
1718 1213 1923 1282 seipsos
1949 1227 2074 1267 san-

494 1307 610 1353 ctos
640 1300 918 1356 nominare
945 1317 1010 1356 ex
1050 1302 1229 1373 priore
1271 1303 1361 1357 illo
1389 1303 1625 1369 oraculo,
1664 1303 1754 1358 ubi
1796 1303 1924 1358 dicti
1953 1311 2078 1357 sunt

495 1390 724 1459 populus
750 1401 967 1447 sanctus
997 1401 1052 1447 et
1082 1393 1366 1463 peculiaris
1392 1392 1566 1463 (Deut.
1599 1395 1652 1447 7.
1695 1394 1748 1449 6.
1778 1403 1825 1447 et
1861 1395 1947 1449 M.
1979 1391 2072 1465 2);

496 1489 780 1549 propterea
807 1481 975 1548 addit,
1009 1482 1216 1538 Sanctis
1241 1485 1294 1538 in
1321 1483 1524 1539 Christo
1546 1482 1692 1538 Jesu.
1715 1483 1778 1538 ili
1807 1483 1950 1538 enim
1976 1482 2077 1539 soli

497 1571 688 1632 sancti.
719 1571 796 1626 illi
827 1587 954 1627 vero
981 1573 1188 1644 reliquo
1214 1574 1322 1644 jam
1351 1583 1590 1644 tempore
1621 1573 1844 1644 profani.

571 1661 800 1717 Nomina
829 1663 1091 1735 EpiscOpi,
1117 1663 1408 1736 Presbyteri
1434 1676 1483 1719 et
1511 1664 1730 1719 Diaconi
1756 1665 1900 1718 initio
1935 1679 2076 1717 com-

501 1756 696 1808 munia.
714 1785 786 1795 —
804 1756 1124 1828 Coepiscopis
1145 1766 1191 1811 et
1216 1757 1464 1812 diaconis.
1492 1758 1630 1825 Quid
1659 1757 1794 1812 hoc?
1819 1771 1885 1811 an
1923 1757 2079 1810 unius

497 1847 726 1904 civitatis
758 1849 908 1902 multi
937 1858 1090 1904 erant
1119 1850 1354 1919 episc0pi
1375 1852 1398 1904 ?
1419 1849 1786 1920 Nequaquam,
1813 1849 1908 1904 sed
1935 1863 2078 1918 pres-

497 1937 716 2007 byteros
769 1939 872 1992 isto
912 1941 1126 1994 nomine
1165 1941 1468 2009 appellavit.
1502 1941 1652 1995 Tunc
1687 1941 1828 1994 enim
1865 1940 2079 1994 nomina

497 2028 672 2084 adhuc
711 2039 864 2084 erant
891 2031 1216 2097 communia,
1260 2039 1418 2101 atque
1453 2031 1567 2102 ipse
1608 2033 1771 2087 etiam
1800 2031 2082 2101 episeopus

496 2119 788 2173 vocabatur
818 2119 1092 2174 diaconus.
1122 2120 1328 2176 Idcirco
1367 2121 1432 2175 ad
1462 2121 1802 2176 Timotheum
1841 2119 2082 2175 scribens

497 2209 690 2281 inquit,
731 2210 1053 2280 Diaconiam,
1104 2212 1156 2268 id
1198 2222 1301 2281 est,
1347 2214 1684 2268 ministerium
1724 2223 1864 2267 tuum
1905 2209 2079 2280 imple,

499 2317 620 2356 cum
649 2312 825 2358 tamen
854 2305 943 2360 ille
971 2306 1253 2375 episcopus
1274 2315 1436 2360 esset.
1461 2305 1612 2374 Quod
1638 2314 1846 2360 constat
1870 2320 1934 2360 ex
1963 2318 2084 2358 ver-

501 2396 586 2450 bis
613 2395 717 2450 illis
741 2397 807 2450 ad
834 2398 1080 2452 eumdem
1103 2399 1314 2468 scriptis
1339 2417 1354 2452 :
1378 2398 1561 2451 Manus
1585 2399 1684 2452 cito
1705 2399 1892 2450 nemini
1915 2398 2082 2464 impo-

503 2487 665 2538 sueris
678 2502 698 2551 ;
715 2493 767 2539 et
787 2501 989 2550 rursus,
1014 2488 1142 2552 Quae
1156 2487 1276 2540 data
1292 2497 1361 2542 est
1390 2487 1478 2540 tibi
1493 2505 1604 2542 cum
1631 2489 1950 2558 impositioue
1971 2502 2078 2539 ma-

505 2593 661 2630 nuum
691 2577 983 2648 presbyterii
1007 2578 1082 2650 (ί.
1112 2577 1244 2632 Tim.
1274 2579 1328 2635 5.
1347 2579 1437 2632 22.
1464 2590 1508 2632 et
1533 2580 1587 2634 4.
1623 2578 1708 2648 Η)
1741 2597 1754 2633 :
1786 2578 2084 2649 presbyteri

507 2681 640 2722 vero
666 2667 973 2738 episcopum
1004 2685 1108 2723 non
1132 2669 1492 2723 ordinassent.
1521 2669 1587 2723 Et
1607 2683 1792 2723 rursus
1817 2669 1882 2722 ad
1907 2669 2085 2723 Titum

506 2758 746 2813 scribens
775 2757 946 2828 inquit
974 2774 987 2811 :
1021 2756 1195 2828 Hujus
1228 2759 1304 2812 rei
1328 2760 1493 2830 gratia
1531 2759 1713 2830 reliqui
1748 2769 1796 2814 te
1832 2759 1886 2813 in
1915 2759 2082 2825 Creta,

505 2859 562 2902 ut
602 2849 876 2903 constituas
915 2865 1005 2920 per
1041 2850 1265 2905 civitates
1305 2851 1616 2921 presbyteros
1657 2866 1676 2905 :
1723 2851 1853 2906 sicut
1899 2861 1948 2906 et
1993 2867 2086 2922 ego

507 2941 734 3010 disposui
768 2941 877 3008 tibi,
915 2941 958 2996 si
987 2941 1104 3012 quis
1128 2940 1236 2995 sine
1265 2943 1475 2997 crimine
1501 2953 1594 3009 est,
1635 2944 1786 2998 unius
1812 2945 1986 2998 uxoris
2011 2944 2088 2996 uir

512 3034 638 3106 (Tit.
663 3037 720 3090 4.
751 3036 805 3090 5.
838 3036 892 3106 6)
928 3054 942 3091 :
971 3052 1091 3107 quze
1120 3036 1334 3105 quidem
1361 3037 1428 3092 de
1454 3038 1706 3107 episcopo
1735 3037 1880 3093 dicit.
1910 3041 2085 3108 Atque

507 3126 622 3181 inec
645 3142 766 3182 cum
805 3126 1047 3193 dixisset,
1075 3128 1256 3182 statim
1287 3127 1486 3183 addidit
1524 3147 1537 3180 :
1570 3128 1782 3198 Oportet
1809 3131 1940 3184 enim
1967 3130 2080 3200 epi-

505 3234 714 3287 scopum
739 3218 848 3273 siue
874 3219 1083 3273 crimine
1115 3235 1222 3274 esse
1245 3219 1374 3273 sicut
1407 3219 1503 3273 Dei
1532 3219 1953 3290 dispensatorem,
1986 3238 2084 3276 non

504 3308 792 3377 superbum.
816 3309 1122 3379 Autiquitus
1147 3310 1320 3380 igitur,
1345 3311 1794 3381 quemadmodum
1819 3312 2082 3376 dicebam,

506 3399 606 3468 ipsi
631 3399 790 3454 etiam
827 3400 1131 3472 presbyteri
1163 3401 1494 3456 vocabantur
1518 3402 1754 3473 episcopi
1795 3411 1850 3458 et
1877 3402 2084 3458 diaconi

505 3491 702 3547 Christi
747 3504 802 3548 et
844 3493 1078 3562 episcopi
1121 3495 1423 3567 presbyteri
1456 3513 1471 3550 :
1504 3495 1756 3566 quocirca
1803 3496 1886 3551 vel
1929 3495 2088 3550 hodie

498 3581 659 3635 multi
687 3582 923 3651 episcopi
963 3582 1033 3636 ita
1072 3583 1330 3650 scribunt,
1356 3584 1826 3658 Compresbytcro,
1860 3596 1915 3642 et
1941 3587 2087 3641 Con-

502 3674 754 3728 diaceno.
777 3674 1118 3730 Procedente
1151 3691 1277 3730 vero
1319 3685 1556 3748 tempore
1591 3680 1865 3750 proprium
1895 3679 2088 3748 cuique

507 3763 848 3818 distributum
877 3775 960 3818 est
988 3780 1205 3832 nomen,
1235 3776 1290 3821 ut
1320 3767 1407 3823 hic
1431 3769 1644 3838 quidem
1666 3771 1969 3839 episcopus,
1998 3771 2088 3823 ille

506 3871 638 3911 vero
665 3855 944 3926 presbyter
966 3858 1284 3927 appelletur.
1310 3857 1652 3928 Coepiscopis,
1686 3861 1873 3930 inquit,
1902 3871 1950 3914 et
1971 3863 2086 3915 dia-

509 3948 673 4010 conis,
701 3948 867 4016 gratia
889 3947 1025 4001 nobis
1048 3957 1094 4001 et
1118 3965 1222 4017 paa:
1247 3965 1278 4002 a
1301 3948 1406 4002 Deo
1426 3948 1584 4004 Patre
1602 3961 1774 4004 nostro
1802 3962 1849 4005 et
1871 3951 2088 4005 Domino

506 4035 631 4092 Iesu
653 4035 873 4092 Christo.
917 4037 1028 4093 Hoc
1062 4039 1183 4094 loco
1212 4055 1318 4095 non
1344 4039 1441 4094 abs
1481 4054 1540 4094 re
1576 4049 1776 4110 quzm‘et
1801 4042 2085 4111 quispiam,

507 4131 633 4202 quid
660 4147 837 4187 causa:
871 4133 960 4198 sit,
1001 4133 1350 4202 quamobrem
1388 4147 1510 4188 eum
1555 4148 1814 4203 nusquam
1857 4134 1982 4188 alibi
2020 4133 2087 4188 ad

509 4225 728 4279 tiles-mn
758 4223 976 4292 scribat,
1010 4224 1210 4280 nonad
1238 4240 1358 4280 eum
1387 4225 1476 4294 qui
1505 4223 1711 4290 Romze,
1742 4240 1844 4280 non
1873 4226 1959 4295 qui
1980 4226 2087 4281 Co-

510 4317 694 4380 rinthi,
722 4330 827 4371 non
858 4317 946 4386 qui
971 4317 1187 4386 Ephesi,
1203 4316 1304 4372 sed
1327 4319 1619 4386 generatim
1642 4318 1800 4376 dicat.
1821 4317 2089 4373 Omnibus

509 4410 711 4464 sanctis
739 4409 821 4464 vel
851 4409 1116 4475 ﬁdelibus,
1144 4409 1376 4474 dilectis,
1407 4409 1492 4464 hic
1522 4409 1588 4464 ad
1617 4410 1828 4464 Clerum
1852 4410 2089 4464 scribat?

507 4499 791 4566 Nimirum,
819 4499 1071 4570 quoniam
1098 4499 1280 4554 clerici
1307 4499 1405 4569 ipsi
1433 4498 1666 4561 fuerant.
1698 4499 1790 4569 qui
1818 4499 2000 4553 literas
2021 4498 2090 4554 ad

505 4606 630 4646 eum
671 4590 935 4645 dederant
973 4597 1030 4645 et
1066 4588 1296 4643 fructum
1344 4589 1708 4658 protulerant,
1762 4588 1968 4658 ipsique
2021 4587 2088 4641 ad

502 4696 630 4736 eum
655 4681 909 4735 miserant
930 4678 1372 4748 Epaphroditum.
1395 4679 1449 4734 5.
1475 4677 1678 4733 Gratias
1703 4695 1800 4750 ago
1823 4677 1930 4732 Deo
1955 4693 2087 4741 meo,

504 4773 696 4842 inquit,
729 4773 782 4824 in
809 4773 944 4824 omni
970 4771 1210 4824 memoria
1237 4771 1387 4824 vestri
1415 4787 1628 4840 semper.
1673 4772 1814 4826 Alibi
1845 4772 1916 4825 ita
1955 4770 2090 4825 scri-

505 4868 614 4937 psit
642 4884 658 4922 :
693 4865 903 4921 Obedite
923 4865 1208 4933 prtcpositis
1238 4864 1414 4916 uestris
1439 4872 1484 4916 et
1511 4863 1807 4933 subjacete;
1834 4864 1934 4932 ipsi
1958 4863 2090 4916 enim

509 4956 811 5030 pervigilant
824 4955 966 5024 quasi
979 4953 1222 5006 rationem
1240 4967 1332 5022 pro
1348 4952 1614 5004 animabus
1632 4954 1804 5007 vestris
1817 4953 2088 5019 reddituri,

509 5061 562 5104 ut
577 5067 690 5104 cum
705 5048 892 5120 gaudio
906 5047 1000 5099 hoc
1018 5045 1227 5115 faciant,
1248 5053 1294 5097 et
1311 5059 1410 5097 non
1426 5053 1675 5113 gementes
1689 5041 2086 5112 (Ilebr.i3.i7).

510 5140 566 5195 Si
590 5141 751 5206 igitur
769 5152 984 5208 gemere
1005 5151 1069 5189 ex
1093 5135 1218 5188 vitio
1233 5133 1618 5202 discipularum
1637 5141 1739 5200 est,
1765 5135 2090 5203 cumgaudie

509 5231 563 5284 id
591 5230 790 5295 facere,
822 5244 887 5283 es
919 5227 1158 5298 profectu
1185 5225 1308 5280 erit.
1340 5223 1452 5278 Hoc
1481 5223 1640 5293 igitur
1665 5231 1768 5288 est,
1799 5222 1942 5292 quod
1969 5224 2043 5277 ait
2072 5241 2086 5279 :

507 5319 981 5388 Quotiescumque,
1032 5317 1233 5387 inquit,
1287 5316 1449 5369 vestri
1497 5316 1808 5369 memoriam
1864 5324 2086 5382 repeto,

510 5411 678 5466 Deum
704 5407 962 5478 gloriftco.
1002 5407 1066 5462 id
1113 5423 1244 5461 vero
1287 5404 1433 5470 facit,
1475 5404 1616 5474 quod
1656 5404 1944 5458 munitorum
1985 5402 2091 5458 illis

508 5503 776 5559 bonorum
797 5499 1044 5554 conscius
1067 5507 1232 5554 esset.
1266 5497 1331 5552 Et
1367 5495 1630 5566 gleriﬁeo,
1671 5495 1858 5564 inquit,
1883 5504 1940 5550 et
1973 5511 2090 5564 pre-

500 5607 624 5649 cor.
651 5587 766 5646 Non
791 5589 956 5653 enim,
989 5587 1236 5657 quoniam
1266 5585 1479 5641 virtutis
1516 5586 1654 5640 viam
1685 5585 1909 5654 ingressi
1935 5585 2086 5652 estis,

507 5684 672 5737 tinem
699 5679 948 5751 precandi
989 5693 1087 5748 pro
1111 5677 1263 5732 vobis
1289 5677 1444 5742 iacio,
1478 5675 1574 5731 sed
1604 5684 1786 5744 persto
1828 5677 2002 5732 adhuc
2031 5677 2084 5730 in

506 5772 772 5826 oratione.
805 5769 1028 5837 Gratias,
1055 5767 1247 5835 inquit,
1291 5782 1388 5836 ago
1435 5765 1543 5820 Deo
1581 5766 1635 5819 in
1672 5767 1808 5821 omni
1843 5770 2085 5823 memoria

510 5863 659 5918 vestri
695 5861 749 5917 ὁ.
791 5874 1004 5928 semper,
1041 5861 1097 5915 in
1138 5857 1276 5913 omni
1311 5857 1540 5912 oratione
1581 5872 1690 5912 mea
1729 5873 1822 5928 pro
1851 5859 2081 5913 omnibus

1263 457 1319 512 S.
1358 454 1634 512 JOANNIS
1672 455 2137 513 CHRYSOSTOMI
2181 456 2490 512 AﬂClllEP.
2531 442 3062 517 CONSTANTINOP.

3655 469 3753 526 εει

2183 573 2319 626 vobis
2338 589 2448 624 cum
2474 575 2659 643 gaudio
2680 576 2828 629 etiam
2848 576 3246 644 deprecationem
3265 578 3476 648 faciens.
3506 579 3721 647 Semper
3737 600 3758 638 ξ

2180 681 2285 720 non
2329 666 2522 729 solum,
2554 667 2766 736 quando
2807 683 3013 738 precor.
3071 668 3236 724 Recte
3282 681 3458 724 autem
3507 673 3751 741 addidit,

2178 755 2304 812 Cum
2348 758 2556 827 gaudio.
2601 759 2695 813 Est
2737 761 2879 814 enim
2920 770 3122 815 etcum
3160 776 3393 817 maerore
3436 763 3488 816 id
3540 763 3756 829 facere;

2179 848 2625 918 quemadmodum
2652 849 2778 904 alibi
2805 850 2954 916 dicit,
2990 849 3124 904 Nam
3150 869 3214 905 ea:
3248 855 3405 905 multa
3436 855 3768 908 tribulatione

2179 946 2228 990 et
2262 939 2496 1008 angustia
2528 939 2696 992 cordis
2734 940 2914 1008 scripsi
2951 940 3087 993 vobis
3126 957 3214 1010 per
3261 942 3447 996 multas
3483 941 3753 1015 lacrymas.

2181 1028 2350 1099 Super
2389 1031 2837 1085 communicatione
2872 1040 3054 1096 vestra,
3089 1031 3278 1101 inquit,
3307 1033 3360 1086 in
3389 1036 3703 1105 evangelium
3724 1051 3758 1090 a

2181 1119 2344 1184 prima
2375 1119 2458 1173 die
2486 1136 2638 1190 usque
2662 1137 2793 1174 nunc
2821 1120 2898 1192 (2.
2930 1119 3049 1179 Cor.
3079 1122 3132 1175 2.
3163 1124 3239 1192 4).

2250 1211 2304 1263 2.
2346 1210 2590 1280 Magmun
2623 1212 2872 1281 quiddam
2904 1222 3004 1279 est,
3033 1215 3100 1268 de
3125 1229 3231 1284 quo
3259 1215 3363 1269 illis
3392 1217 3757 1275 testimonlum

2179 1300 2282 1357 hoc
2312 1302 2430 1355 loco
2458 1301 2567 1366 dat,
2614 1312 2668 1356 et
2708 1303 2857 1357 valde
2901 1319 3169 1374 magnum,
3216 1307 3465 1375 quodque
3497 1311 3757 1378 apostolis

2179 1402 2235 1448 et
2270 1392 2608 1462 evangelistis
2655 1393 2769 1446 dari
2801 1393 3036 1447 solitum.
3071 1393 3186 1448 Non
3225 1396 3473 1464 quoniam
3513 1413 3639 1465 una,
3671 1400 3754 1454 in-

2179 1484 2313 1553 quit,
2346 1485 2532 1537 civitas
2565 1483 2714 1536 vobis
2744 1486 3113 1538 cummendata
3142 1499 3205 1540 ac
3233 1486 3436 1540 credita
3465 1499 3567 1555 est,
3611 1490 3756 1545 illam

2180 1576 2347 1631 solam
2369 1577 2605 1640 curatis;
2635 1575 2730 1630 sed
2768 1575 2898 1630 nihil
2934 1576 3200 1643 emittitis,
3235 1585 3293 1631 ut
3330 1577 3573 1634 laborum
3604 1596 3754 1636 meo-

2181 1683 2296 1720 rum
2325 1667 2610 1736 participes
2651 1667 2789 1732 sitis,
2834 1666 3028 1735 ubique
3073 1676 3384 1736 praesentes,
3413 1679 3754 1741 vestramque

2181 1771 2396 1826 Operam
2426 1772 2489 1810 ac
2515 1757 2842 1827 diligentiam
2885 1772 2988 1810 una
3028 1773 3236 1812 meeum
3281 1759 3333 1813 in
3379 1761 3756 1829 praedicatione

2181 1849 2506 1903 collocantes
2534 1865 2547 1902 :
2579 1864 2682 1902 non
2711 1849 2896 1912 semel,
2923 1849 3070 1904 bisve
3095 1857 3186 1902 aut
3213 1858 3313 1916 ter,
3341 1850 3434 1906 sed
3460 1867 3672 1922 semper
3691 1870 3755 1908 cx

2182 1954 2248 1993 eo
2292 1949 2550 2008 tempore,
2598 1953 2702 2008 quo
2746 1938 3066 2002 credidistis,
3117 1953 3283 2008 usque
3325 1940 3394 1994 adv
3436 1943 3576 1996 hunc
3613 1942 3754 1996 diem

2183 2028 2544 2098 apostolorum
2577 2029 2730 2097 plane
2761 2027 2994 2082 studium
3021 2038 3179 2098 atque
3206 2030 3532 2086 alacritatem
3559 2047 3759 2102 reprzc-

2184 2119 2454 2174 sentastis.
2488 2118 2620 2174 Vide
2647 2133 2740 2172 eos
2769 2119 3004 2188 quidem,
3027 2120 3118 2188 qui
3146 2121 3330 2175 Romae
3356 2133 3526 2189 erant,
3567 2126 3636 2179 ab
3665 2127 3758 2179 illo

2184 2223 2303 2263 sese
2332 2207 2625 2274 avertisse;
2658 2208 2779 2263 audi
2810 2209 2950 2263 enim
2981 2210 3129 2264 illum
3156 2212 3418 2267 dicentem
3452 2233 3464 2267 :
3491 2216 3608 2269 Scis
3637 2217 3752 2278 hoc,

2183 2299 2318 2370 quod
2347 2300 2508 2354 aversi
2533 2309 2650 2353 sunt
2669 2317 2700 2352 a
2729 2316 2807 2354 me
2831 2317 3019 2360 omnes,
3052 2302 3139 2372 qui
3167 2303 3219 2356 in
3245 2304 3368 2356 Asia
3395 2315 3545 2370 sunt;
3574 2314 3628 2361 et
3648 2323 3758 2360 rur-

2185 2405 2297 2457 sus,
2327 2389 2518 2444 Demas
2534 2405 2614 2444 me
2632 2392 2832 2456 reliquit
2850 2407 2868 2456 ;
2899 2400 2971 2455 et,
3003 2390 3068 2444 In
3102 2394 3266 2460 prima
3301 2410 3411 2448 mea
3448 2396 3756 2467 defensione,

2186 2481 2375 2553 inquit,
2399 2501 2547 2540 nemo
2573 2483 2694 2537 milii
2721 2483 2884 2554 adfuit
2913 2483 2987 2555 (2.
3022 2483 3150 2538 Tim.
3179 2486 3228 2540 l.
3261 2487 3347 2540 15.
3386 2497 3431 2540 et
3455 2489 3509 2542 4.
3544 2490 3599 2544 9.
3626 2488 3757 2560 16);

2188 2572 2284 2627 hos
2310 2583 2488 2627 autem
2517 2573 2676 2628 etiam
2706 2588 2826 2628 cum
2851 2575 3090 2640 aberant,
3123 2575 3261 2630 illius
3285 2576 3385 2632 sibi
3425 2576 3758 2634 incommoda

2185 2667 2484 2720 communia
2528 2665 2786 2722 duxisse:
2818 2668 3012 2738 quippe
3053 2682 3175 2722 cum
3205 2678 3259 2723 et
3299 2681 3475 2725 certos
3514 2670 3760 2728 homines

2187 2755 2252 2808 ad
2295 2756 2440 2809 illum
2491 2757 2783 2824 mitterent,
2815 2767 2868 2812 et
2903 2773 2999 2828 pro
3043 2759 3243 2814 viribus
3285 2775 3404 2831 quae
3446 2777 3582 2832 opus
3608 2773 3762 2818 erant

2187 2850 2669 2916 subministrarent,
2701 2853 3022 2922 omninoque
3060 2852 3192 2906 nihil
3231 2854 3557 2910 bmitterent.
3589 2857 3762 2925 Atque

2190 2940 2291 2996 hoc
2332 2941 2522 3006 facitis,
2570 2943 2759 3012 inquit,
2790 2959 2895 2998 non
2933 2943 3104 2998 solum
3148 2959 3306 3009 nunc,
3340 2947 3434 3000 sed
3477 2957 3755 3015 perpetuo,

2188 3033 2332 3086 omni
2361 3034 2567 3090 ratione
2610 3035 2905 3090 subsidium
2941 3035 3244 3091 atterentes.
3284 3037 3428 3107 Ergo
3463 3039 3759 3094 subsidimn

2189 3123 2347 3189 ferre,
2383 3127 2481 3180 hoc
2505 3137 2588 3181 est
2611 3128 3022 3181 communicatio
3063 3127 3114 3180 in
3153 3129 3510 3197 evangelium.
3553 3130 3761 3185 Etenim

2189 3218 2398 3285 quando
2439 3217 2528 3271 ille
2569 3217 2780 3287 quidem
2821 3217 3088 3287 praedicat,
3130 3225 3185 3271 tu
3215 3233 3344 3273 vero
3382 3220 3760 3289 praedicantem

2191 3306 2336 3362 loves
2364 3318 2413 3360 et
2445 3309 2694 3376 adiuvas;
2734 3308 2876 3363 illius
2903 3323 3114 3362 coronae
3143 3324 3454 3366 communes
3482 3311 3573 3365 tibi
3605 3311 3758 3367 ﬁunt.

2188 3399 2320 3454 Nam
2337 3409 2390 3454 et
2415 3401 2465 3454 in
2494 3404 2732 3456 externis
2757 3401 3134 3456 certaminibus
3154 3417 3260 3456 non
3282 3401 3348 3456 ad
3379 3402 3525 3457 illum
3559 3411 3762 3459 tantum

2188 3491 2278 3560 qui
2304 3499 2474 3546 certat
2499 3506 2693 3545 corona
2725 3492 2974 3561 pertinet,
3007 3491 3100 3546 sed
3118 3493 3279 3546 etiam
3298 3492 3363 3546 ad
3394 3493 3760 3563 paedotribam,

2189 3591 2242 3637 et
2273 3581 2340 3636 ad
2381 3582 2704 3648 ministrum,
2754 3581 3084 3650 omninoque
3127 3581 3194 3636 ad
3240 3596 3428 3637 omnes
3467 3583 3611 3649 illos,
3643 3585 3760 3654 qui-

2189 3688 2418 3744 cumque
2446 3673 2700 3728 athletam
2729 3673 3092 3727 instituerunt.
3123 3673 3331 3728 Etenim
3355 3677 3443 3744 qui
3470 3675 3617 3730 illum
3637 3691 3764 3730 con-

2192 3767 2424 3832 lirmant,
2453 3780 2514 3820 ac
2544 3773 2806 3831 recreant,
2833 3779 2927 3818 eos
2965 3764 3199 3820 victorize
3236 3779 3447 3835 quoque
3481 3767 3765 3835 participes

2191 3858 2304 3912 ﬁeri
2333 3871 2539 3927 aequum
2566 3865 2665 3910 est.
2699 3854 2881 3909 Itidem
2909 3869 3036 3908 vero
3070 3856 3123 3908 in
3161 3854 3313 3910 bellis
3354 3870 3459 3910 non
3489 3857 3636 3910 solus
3675 3857 3765 3912 ille

2191 3951 2280 4020 qui
2309 3949 2624 4019 praeclarum
2668 3945 2877 4000 facinus
2904 3945 3089 4012 edidit,
3129 3946 3223 4001 sed
3265 3962 3452 4002 omnes
3485 3949 3646 4004 etiam
3675 3951 3764 4018 qui

2189 4042 2238 4096 ei
2269 4042 2450 4095 utilem
2485 4054 2701 4108 cperam
2724 4038 3016 4103 .dederunt,
3062 4054 3168 4093 non
3207 4039 3396 4109 injuria
3425 4041 3492 4095 ad
3523 4049 3762 4110 trepam-

2190 4147 2310 4186 rum
2337 4131 2633 4201 gloriaeque
2663 4141 2867 4199 partem
2897 4139 3156 4184 vocantur
3183 4149 3197 4186 :
3229 4131 3448 4200 perinde
3476 4149 3538 4186 ac
3565 4134 3608 4187 si
3638 4132 3762 4188 dili-

2189 4237 2323 4292 gens
2359 4222 2446 4276 illa
2485 4236 2670 4290 opera,
2701 4229 2754 4275 et
2782 4221 3130 4275 ministerium
3162 4236 3284 4290 pars
3312 4221 3555 4290 quzedam
3585 4237 3649 4277 ac
3675 4237 3766 4277 so-

2191 4315 2357 4369 cietas
2377 4313 2688 4369 certaminis
2715 4311 2896 4366 fuerit.
2925 4313 3083 4382 Atqui
3112 4314 3312 4367 sanctis
3339 4313 3620 4378 inservire,
3660 4329 3766 4367 non

2194 4419 2412 4473 parvum
2437 4402 2688 4473 quiddam
2717 4411 2822 4468 est,
2850 4401 2943 4456 sed
2975 4403 3195 4457 multum
3217 4404 3436 4458 omnino
3465 4404 3606 4459 valet
3635 4423 3648 4460 :
3673 4421 3772 4459 no-

2194 4497 2276 4552 bis
2315 4496 2456 4551 enim
2497 4509 2813 4549 communes
2852 4493 2976 4547 iacit
3011 4495 3273 4562 repositas
3317 4494 3421 4548 illis
3465 4495 3765 4551 mercedes.

2195 4586 2438 4655 Exetnpli
2465 4599 2646 4650 causa,
2679 4583 2912 4653 profudit
2949 4583 3209 4653 quispiam
3246 4597 3487 4653 magnam
3529 4585 3768 4654 pecunia;

2193 4677 2300 4732 vim
2324 4685 2538 4746 propter
2566 4676 2753 4736 Deum.
2781 4674 2993 4729 assidue
3017 4673 3255 4728 adhaeret
3278 4675 3404 4739 Deo,
3429 4675 3639 4729 eximiae
3664 4677 3768 4729 vir-

2197 4768 2324 4822 tutis
2350 4766 2540 4821 ol‘lieiis
2575 4765 2828 4835 fungitur,
2858 4778 3104 4834 magnam
3133 4763 3394 4818 adhibens
3418 4764 3765 4834 diligentiam,

2196 4873 2264 4913 ne
2299 4856 2385 4911 vel
2414 4857 2466 4910 in
2495 4854 2672 4910 verbis
2696 4862 2788 4907 aut
2821 4853 3233 4922 cogitationibus
3271 4853 3424 4922 ipsis,
3465 4853 3639 4908 ullave
3669 4854 3768 4906 alia

2195 4964 2254 5004 re
2281 4948 2492 5005 labatur
2519 4962 2533 4999 :
2561 4947 2612 5000 in
2640 4954 2727 4999 tua
2755 4959 2914 4997 manu
2935 4953 3035 5009 est,
3063 4944 3306 5014 quamvis
3332 4944 3664 5000 tantumdem
3685 4945 3768 4999 di-

2196 5040 2428 5111 ligentiae
2457 5053 2560 5091 non
2589 5035 2915 5099 adhibueris,
2945 5037 3211 5104 repositas
3236 5035 3310 5090 illi
3338 5051 3435 5106 pro
3465 5045 3546 5090 tot
3571 5036 3765 5090 labori-

2196 5131 2299 5184 bus
2332 5127 2607 5183 mercedes
2635 5140 2947 5180 communes
2989 5126 3084 5179 tibi
3125 5125 3321 5180 lacere.
3359 5126 3680 5194 Quomodo?
3714 5124 3770 5180 Si

2197 5222 2346 5275 illum
2373 5232 2532 5274 cures
2561 5215 2851 5285 foveasque
2876 5226 2932 5270 et
2957 5231 3207 5270 sermone
3235 5224 3288 5270 et
3318 5219 3525 5284 reipsa;
3556 5217 3602 5270 si
3639 5231 3769 5270 con-

2194 5311 2386 5367 soleris
2407 5323 2532 5364 eum
2557 5305 2903 5376 suppeditans
2927 5308 3252 5372 necessaria,
3283 5313 3397 5359 tum
3415 5304 3470 5358 in
3498 5304 3646 5358 omni
3668 5304 3769 5357 mi-

2196 5402 2418 5457 nisterio
2461 5400 2759 5454 inserviens
2790 5415 2805 5452 :
2839 5407 2895 5452 tu
2932 5398 3079 5452 enim
3119 5399 3166 5451 is
3199 5398 3343 5461 eris,
3383 5397 3475 5467 qui
3521 5411 3768 5467 asperam

2195 5493 2339 5548 illam
2363 5493 2504 5546 viam
2533 5490 2822 5545 faciliorem
2857 5489 2957 5556 ipsi
2983 5487 3166 5543 iacies.
3195 5488 3577 5555 Quamobrem,
3603 5489 3648 5543 si
3675 5488 3769 5543 ad-

2194 5583 2462 5640 miremini
2488 5581 2609 5636 illos
2635 5581 2724 5650 qui
2745 5580 2795 5633 in
2810 5595 2998 5636 eremo
3020 5581 3222 5644 vivunt,
3241 5579 3332 5648 qui
3361 5579 3483 5634 vitae
3510 5579 3768 5634 rationem

2194 5673 2351 5746 plane
2379 5671 2674 5742 angelicam
2704 5678 3076 5739 susceperunt,
3105 5668 3194 5738 qui
3227 5670 3281 5724 in
3311 5668 3564 5723 Ecclesiis
3585 5670 3770 5724 eadem

2192 5777 2351 5836 atque
2383 5763 2458 5819 illi
2500 5764 2711 5818 virtutis
2750 5761 2952 5817 obeunt
2995 5777 3214 5816 munera
3259 5779 3274 5816 :
3323 5760 3369 5815 si
3403 5760 3742 5816 admirati-ini

2196 5857 2434 5926 inquam,
2472 5867 2536 5909 ac
2560 5852 2753 5910 doletis
2791 5862 2895 5908 tam
2935 5851 3094 5922 longo
3124 5864 3218 5906 vos
3246 5849 3532 5906 intervallo
3569 5851 3780 5906 abillis
