4218 6266
386 468 481 531 185
1302 459 1368 520 ΙΝ
1401 461 1623 520 EPIS’I‘.
1653 461 1744 516 Al)
1785 461 1961 517 PlllLl

2066 501 2075 515 .
2117 459 2269 516 CAP.
2300 460 2344 515 1.
2387 458 2623 516 Ηοιιιι..
2661 461 2702 513 1.
3553 459 3653 514 184

380 583 642 657 Τιμοθέου
671 581 825 637 αὐτοὶ
855 579 1137 652 κρείττους
1156 594 1170 609 ⁸
1203 579 1383 649 ἄπαγε
1404 596 1418 610 ·
1448 580 1584 633 ἀλλὰ
1633 579 1834 650 μᾶλλον
1870 581 1951 634 ὄτι

385 676 578 739 αὐτοὺς
633 674 769 745 τιμᾷ
814 672 910 726 καὶ
966 670 1258 743 θεραπεύει
1311 672 1547 742 μάλιστα
1600 674 1838 737 πάντων,
1871 667 1954 736 οἷς

379 766 697 823 ἐπέστελλεο
736 763 960 832 καὶγὰρ
985 763 1082 817 καὶ
1114 763 1318 832 πολλὴν
1346 764 1531 826 αὐτοῖς
1575 764 1779 834 ἀρετὴν
1809 781 1953 834 μαρ⁴

377 857 763 931 τυρεῖ.”Αλλως
791 855 871 920 δὲ,
897 856 1014 908 ἐκεῖ
1043 855 1141 924 μὲν
1169 852 1292 908 οὖν·
1319 854 1512 924 ἔμελλε
1545 855 1716 908 πολλά
1743 855 1960 910 διατάτ-

380 953 580 1015 τεσθαι,
605 949 694 1004 διά
724 947 883 1002 τοῦτο
917 947 1149 1002 ἀνέλαϐε
1176 947 1236 1000 16
1264 946 1360 1000 106
1392 947 1692 1001 ἀποστόλου
1719 945 1952 1017 ἀξίωμα·

384 1041 606 1096 ἐνταῦθα
636 1041 692 1094 δέ
718 1040 997 1092 ἐπιτάττει
1033 1037 1132 1107 μὲν
1156 1037 1340 1100 αὐτοῖς
1367 1037 1540 1101 οὐδὲν,
1575 1036 1713 1107 πλὴν
1743 1038 1843 1090 ὅσα
1865 1037 1959 1090 καὶ

378 1136 466 1205 ἀφ’
495 1133 706 1189 ἑαυτῶν
739 1131 1048 1202 συνεώρων.
1079 1130 1211 1196 Τοῖς
1235 1130 1432 1198 ἁγίοις
1469 1130 1540 1182 ἐν
1575 1129 1810 1198 Χριστῷ
1845 1131 1960 1196 Ἰη-

377 1227 489 1282 σοῦ
517 1227 644 1292 τοῖς
682 1222 865 1280 οὖσιν
889 1223 960 1276 ἑν
981 1222 1322 1288 Φιλίπποις.
1343 1221 1562 1290 Ἐπειδὴ
1594 1221 1740 1284 είκὺς
1767 1216 1836 1291 ἦν
1860 1220 1957 1274 καὶ

389 1318 674 1380 Ἰουδαίους
723 1315 910 1383 ἁγίους
961 1314 1188 1375 ἐαυτοὺς
1226 1312 1411 1366 καλεῖν
1443 1311 1551 1365 ἀπὸ
1597 1310 1691 1363 τοῦ
1739 1308 1958 1379 πρώτου

374 1408 654 1481 χρησμοῦ,
685 1407 848 1476 ἡνίκα
873 1403 1121 1472 ἐλέγοντο
1149 1403 1278 1463 λαὸς
1313 1402 1488 1468 ἅγιος,
1519 1399 1851 1471 περιούσιος,
1872 1400 1959 1454 διὰ

373 1499 534 1553 τοῦτο
585 1497 892 1570 προσέθηκε
919 1539 932 1562 ,
963 1495 1089 1561 Τοῖς
1115 1494 1307 1563 ἁγίοις
1347 1494 1416 1546 ἐν
1457 1491 1692 1560 Χριστῷ
1729 1491 1956 1559 Ἰησοῦ.

373 1581 540 1643 0610:
572 1589 682 1660 7&9
710 1586 857 1659 μόνοι
895 1586 1060 1655 ἀγιοι,
1097 1585 1295 1640 ἐκεῖνοι
1321 1583 1378 1637 δέ
1406 1582 1594 1637 λοιπὸν
1631 1582 1869 1654 βέϐηλοι.

445 1762 931 1826 Συνεπισκόποις
973 1759 1068 1813 καί
1105 1759 1426 1825 διακόνοις.
1464 1757 1528 1810 Τί
1581 1755 1780 1823 τοῦτο;
1833 1757 1962 1826 μιᾶς

374 1855 586 1916 πόλεως
609 1853 792 1906 πολλοὶ
812 1852 1100 1906 ἐπίσκοποι
1121 1849 1274 1922 [195]
1297 1846 1468 1921 ἧσανς
1500 1849 1767 1920 Οὐδαμῶς
1787 1866 1800 1880 ο
1823 1848 1960 1902 ἀλλά

368 1945 501 2007 τοὺς
552 1943 956 2014 πρεσϐυτέρους
1004 1940 1177 2004 οὕτως
1224 1941 1473 1995 ἐκάλεσε.
1507 1940 1639 1993 Τότε
1672 1939 1782 2010 7&9
1820 1939 1958 2001 τέως

370 2034 694 2090 ἐκοινώνουν
743 2037 854 2097 τοῖς
905 2034 1154 2104 ὀνόμασι,
1182 2034 1276 2086 καὶ
1317 2033 1562 2094 διάκονος
1595 2033 1626 2084 ό
1663 2031 1958 2094 ἐπίσκοπος

366 2128 613 2196 ἐλέγετο.
642 2127 740 2180 Διά
766 2127 924 2180 τοῦτο
952 2126 1180 2196 γράφων
1213 2126 1306 2178 καὶ
1333 2123 1584 2193 Τιμοθέῳ
1616 2122 1768 2190 έλεγε
1791 2138 1806 2154 ο
1843 2121 1962 2188 Τὴν

365 2217 693 2274 διακονίαν
754 2232 870 2269 σου
921 2217 1424 2283 πληροφόρησον
1482 2213 1767 2282 ἐπισκόπῳ
1823 2212 1956 2264 δντι.

366 2308 501 2361 Ὀτι
547 2307 657 2378 γὰρ
704 2307 998 2368 ἐπίσκοπος
1038 2301 1126 2374 ἦν,
1160 2305 1294 2375 φησὶ
1344 2303 1481 2375 πρὸς
1526 2303 1708 2365 αὑτὸν,
1742 2303 1950 2372 Χεῖρας

363 2399 607 2468 ταχέως
633 2397 850 2466 μηδενί
882 2397 1163 2452 έπιτίθειο
1198 2397 1294 2449 καὶ
1326 2395 1488 2449 πάλιν
1508 2412 1521 2426 ·
1563 2397 1634 2448 Ὀ
1656 2395 1834 2463 ἐδόθη
1865 2411 1964 2449 σοι

354 2491 522 2560 μετὰ
559 2489 887 2555 ἐπιθέσεως
936 2487 1054 2542 τῶν
1103 2485 1318 2556 χειρῶν
1362 2485 1469 2540 τοῦ
1497 2485 1957 2553 πρεσϐυτερίου·

358 2582 467 2634 οὐκ
497 2580 570 2635 ἂν
600 2580 657 2633 δὲ
687 2579 1047 2650 πρεσϐύτεροι
1074 2578 1369 2630 ἐπίσκοπον
1395 2577 1829 2647 ἐχειροτόνησαν.
1854 2575 1961 2628 Καὶ

359 2672 536 2726 πάλιν
571 2669 708 2740 πρὸς
739 2669 896 2722 Τίτον
929 2669 1156 2739 γράφων
1187 2667 1320 2736 φησί
1345 2683 1358 2696 ·
1383 2667 1603 2720 Τούτου
1625 2665 1802 2735 χάριν
1823 2681 1962 2718 κατ-

358 2763 589 2816 έλιπόν
608 2776 682 2814 σε
709 2761 779 2814 ἐν
803 2759 1028 2828 Κρήτῃ,
1051 2759 1153 2812 ἵνα
1181 2757 1576 2824 καταστήσῃς
1605 2757 1753 2810 κατά
1778 2759 1962 2810 πόλιν

357 2851 849 2921 πρεσϐυτέρους,
889 2851 970 2915 ὡς
1013 2849 1127 2918 ἐγώ
1167 2864 1267 2902 σοι
1312 2846 1710 2916 διεταξάμην-ο
1764 2847 1822 2900 ετ
1869 2865 1959 2913 τις

356 2945 768 3014 ἀνέγκλητος,
797 2940 936 3011 μιᾶς
965 2941 1246 3010 γυναικὸς
1266 2941 1421 3008 ἀνήρ
1439 2958 1452 2971 ο
1490 2939 1526 2993 ἃ.
1563 2940 1693 3010 περὶ
1723 2938 1816 2991 τοῦ
1841 2939 1961 2992 ἐπι-

363 3040 578 3094 σκόπου
608 3038 761 3110 φησί.
786 3039 896 3091 Καὶ
917 3035 1086 3090 είπὼν
1111 3035 1304 3100 ταῦτα,
1333 3036 1535 3099 εὐθέως
1558 3035 1809 3106 ἐπήγαγε
1826 3051 1840 3066 ο
1863 3033 1966 3087 Δεῖ

360 3132 478 3200 γὰρ
523 3132 640 3184 τὸν
676 3131 1015 3184 ἐπίσκοπον
1055 3129 1434 3197 ἀνέγκλητον
1474 3127 1646 3190 εἶναι,
1675 3127 1757 3192 ὡς
1808 3125 1959 3180 Θεοῦ

359 3224 717 3292 οίκονόμον,
765 3220 851 3290 μὴ
899 3217 1152 3288 αὐθάδη.
1180 3221 1358 3289 Ὅπερ
1413 3214 1506 3272 οὖν
1557 3217 1714 3288 ἔφην,
1758 3218 1852 3271 καὶ
1909 3218 1958 3270 οί

359 3313 739 3386 πρεσϐύτεροι
789 3312 849 3365 τὸ
898 3311 1126 3366 παλαιὸν
1184 3310 1474 3364 ἐκαλοῦντο
1525 3311 1813 3364 ἐπίσκοποι
1865 3309 1959 3363 καὶ

362 3407 615 3461 διάκονοι
643 3404 738 3460 τοῦ
772 3403 1034 3476 Χριστοῦ,
1060 3403 1154 3456 καὶ
1175 3405 1223 3455 οἱ
1253 3403 1541 3456 ἐπίσκοποι
1571 3401 1956 3474 πρεσϐύτεροι·

363 3496 496 3552 ὃθεν
529 3499 626 3552 καὶ
651 3497 746 3551 νῦν
773 3495 959 3551 πολλοὶ
1001 3493 1473 3565 συμπρεσϐυτέρῳ
1502 3493 1792 3547 ἐπίσκοποι
1825 3492 1960 3563 γρά-

366 3605 561 3656 φουσι,
595 3589 690 3642 καὶ
719 3585 1070 3656 συνδιακόνῳ.
1099 3583 1298 3638 Λοιπὸν
1326 3585 1382 3638 δὲ
1417 3583 1478 3636 τὺ
1512 3583 1710 3646 ἰδιάζον
1737 3584 1956 3652 ἑκάστῳ

367 3679 781 3750 ἀστονενέμηται
809 3679 1000 3747 δνομα,
1029 3678 1059 3730 ό
1083 3675 1404 3738 ἐπίσκοπος,
1436 3675 1532 3728 καὶ
1582 3677 1611 3728 ό
1663 3673 1962 3744 πρεσϐύτεο

378 3785 503 3838 ρος.
552 3770 1039 3835 Συνεπισκόποις,
1082 3769 1238 3839 φησὶ,
1287 3767 1385 3820 καί
1425 3765 1745 3830 διακόνοις,
1791 3762 1962 3832 χάρις

371 3859 538 3928 ὑμῖν
565 3860 658 3912 καί
680 3859 884 3928 είρήνη
912 3860 1030 3913 ἀπὸ
1065 3858 1212 3914 Θεοῦ
1247 3859 1476 3926 Πατρός
1509 3854 1680 3924 ἡμῶν
1708 3853 1805 3908 καί
1842 3857 1962 3908 Κυ-

356 3953 522 4022 ρίου
555 3951 759 4018 Ἰησοῦ
807 3950 1082 4019 Χριστοῦ.
1111 3950 1374 4004 Ἐνταῦθα
1427 3949 1716 4018 ζητήσειεν
1763 3944 1829 3998 ἀν
1881 3961 1964 4008 τις

358 4043 630 4108 είκότως·
665 4043 730 4096 Τί
756 4042 951 4112 δήποτε
979 4040 1210 4112 οὐδαμοῦ
1238 4040 1317 4112 τῷ
1340 4041 1526 4111 κλήρῳ
1549 4039 1774 4110 γράφων
1804 4036 1966 4091 ἀλλα-

356 4135 498 4207 χοῦ,
536 4135 637 4188 οὐκ
663 4136 721 4187 ἐν
752 4131 959 4203 Ῥώμῃ,
985 4131 1083 4185 οὐκ
1115 4133 1172 4185 ἐν
1211 4130 1483 4200 Κορίνθῳ,
1505 4129 1604 4182 οὐκ
1635 4130 1692 4182 ὲν
1727 4129 1959 4198 Ἐφέσῳ,

353 4226 511 4282 ἀλλά
550 4226 700 4296 κοινῇ
748 4224 879 4278 πᾶσι
911 4224 1020 4285 τοῖς
1061 4222 1256 4290 ἀγίοις,
1293 4221 1327 4291 ἢ
1359 4221 1470 4282 τοῖς
1517 4221 1751 4283 πιστοῖς,
1783 4218 1817 4290 ἢ
1851 4219 1964 4282 τοῖς

355 4318 775 4389 ἠγαπημένοις,
802 4314 1035 4370 ἐνταῦθα
1062 4314 1140 4385 τῷ
1163 4314 1354 4383 κλήρῳ
1383 4313 1583 4382 γράφει
1605 4328 1620 4375 ;
1652 4312 1775 4366 Ὀτι
1807 4311 1963 4364 αὐτοὶ

357 4409 466 4463 καὶ
496 4405 853 4467 ἀπέστειλαν,
876 4403 973 4458 καὶ
1000 4401 1481 4474 ἐκαρποφόρησαν,
1501 4401 1594 4453 καὶ
1614 4400 1768 4453 αὐτοὶ
1793 4399 1888 4452 ἕπε
1897 4417 1963 4469 μ-

355 4501 477 4570 ψαν
517 4498 655 4568 πρὸς
685 4495 850 4550 αὑτὸν
888 4495 980 4547 τὸν
1021 4492 1430 4562 Ἐπαφρόδιτονο
1481 4489 1836 4559 Εὐχαριστῶ
1881 4491 1964 4554 τῷ

359 4588 499 4654 Θεῷ
529 4604 671 4658 μου,
706 4587 892 4657 φησὶν,
917 4583 1016 4638 ἐπὶ
1059 4582 1228 4650 πάσῃ
1283 4580 1358 4648 τῇ
1391 4580 1568 4650 μνείᾳ
1615 4580 1780 4649 ὑμῶν
1811 4581 1963 4633 πάν-

353 4695 531 4734 τοτε.
572 4672 734 4730 Εἵπεν
764 4673 998 4744 ἀλλαχοῦ
1028 4671 1286 4743 γράφων·
1324 4672 1608 4726 Πείθεσθε
1636 4671 1762 4736 τοῖς
1795 4673 1964 4740 ήγου.

345 4769 585 4840 μένοις
611 4765 776 4834 ὑμῶν
797 4765 895 4819 καί
923 4765 1222 4826 ὑπείκετε,
1247 4762 1337 4815 ὅτι
1354 4762 1520 4816 αὐτοὶ
1547 4760 1965 4830 ἀγρυπνοῦσιν

352 4861 530 4930 ὑπὲρ
569 4857 688 4913 τῶν
728 4857 944 4927 ψυχῶν
977 4854 1167 4925 ὑμῶν,
1197 4855 1278 4920 ὠς
1309 4854 1495 4923 λόγον
1524 4853 1962 4918 ἀποδώσοντες,

350 4957 469 5008 ἳνα
493 4951 656 5023 μετά
689 4948 880 5018 χαρᾶς
914 4948 1090 5002 τοῦτο
1129 4945 1366 5007 ποιῶσι,
1393 4947 1488 5000 καί
1521 4946 1606 5016 μὴ
1647 4945 1966 5006 στενάζον-

349 5064 489 5113 τες.
530 5045 598 5096 Εἰ
627 5043 806 5096 τοίνυν
853 5042 915 5094 τὸ
960 5041 1262 5104 στενάζειν,
1299 5041 1498 5102 κακίας
1541 5039 1648 5093 τῶν
1679 5037 1963 5107 μαθητῶν.

345 5139 418 5190 τὸ
485 5133 636 5206 μετά
682 5135 856 5204 χαρᾶς
905 5132 1062 5186 τοῦτο
1114 5134 1309 5195 ποιεῖν,
1337 5131 1640 5201 προκοπῆς.
1671 5130 1841 5181 Τοῦτο
1873 5125 1966 5181 οὖν

346 5235 546 5288 ἐστιν,
570 5227 599 5279 ὃ
619 5226 796 5294 λέγει·
835 5226 1058 5287 Ὁσάκις
1088 5223 1243 5294 ὑμῶν
1269 5222 1620 5292 ἀναμνησθῶ,
1641 5221 1849 5285 δοξάζω
1875 5220 1966 5272 τὸν

345 5322 528 5374 Θεόν.
566 5316 736 5369 Τοῦτο
760 5317 815 5370 δέ
849 5318 992 5369 ποιεῖ
1021 5318 1086 5368 ἐκ
1127 5314 1223 5367 τοῦ
1257 5312 1427 5366 πολλὰ
1455 5313 1636 5374 αὐτοῖς
1669 5311 1966 5364 συνειδέναι

344 5409 582 5479 ἀγαθά.
601 5409 709 5462 Καὶ
733 5407 959 5471 δοξάζω,
989 5407 1142 5476 φησὶ,
1165 5406 1262 5459 καὶ
1286 5404 1499 5474 δέομαι.
1519 5405 1592 5455 Ού
1627 5407 1757 5473 μὴν,
1779 5402 1967 5472 ἐπειδὴ

347 5497 747 5555 ἐπιδεδώκατε
779 5499 858 5559 είς
883 5497 1107 5568 ἀρετὴν,
1143 5495 1414 5566 παύομαι,
1443 5495 1556 5548 ἀλλ’
1586 5495 1829 5564 ἐπιμένω
1851 5494 1968 5546 δεό-

351 5609 534 5665 μενος
585 5591 730 5660 ὑπὲρ
779 5589 953 5660 ὑμῶν.
997 5586 1370 5658 Εὐχαριστῶ,
1408 5589 1562 5658 φησὶ,
1593 5586 1672 5652 τῷ
1711 5585 1832 5650 Θεῷ
1866 5584 1968 5639 ἐπὶ

416 5814 448 5845 ⁸
471 5807 695 5865 coislin.
723 5808 823 5857 ἐκεῖ
846 5808 1015 5869 μένων,
1041 5820 1154 5869 (μω
1185 5803 1338 5856 lectio
1367 5818 1459 5854 non
1487 5805 1776 5868 spernenda.
1827 5805 1968 5855 Alius

351 5879 408 5926 ει
435 5885 613 5935 marg.
652 5867 960 5926 Βετὶιηέκιῖ
985 5869 1068 5930 μὲν
1099 5867 1205 5929 γάρ.

2069 576 2240 644 πάσῃ
2269 575 2342 644 τῇ
2369 576 2551 645 μνείᾳ
2589 572 2774 642 ὑμῶν.
2815 571 3101 637 Πάντοτε,
3129 571 3198 624 ὲν
3239 587 3408 638 πασῃ
3449 570 3650 638 δεήσει

2060 685 2178 739 μου
2202 667 2359 737 ὑπὲρ
2393 666 2639 720 πάντων
2684 664 2850 734 ὑμῶν
2887 663 3037 732 μετὰ
3077 661 3268 733 χαρᾶς
3295 661 3412 730 τὴν
3439 661 3655 730 δέησιν

2062 758 2441 826 ποιούμενος.
2502 755 2803 817 Πάντοτε,
2843 755 2942 824 οὐχ
2987 755 3116 807 ὅταν
3163 751 3414 824 εὖχωμαι
3468 753 3648 824 μόνον.

2067 847 2264 910 Καλῶς
2290 847 2346 900 δὲ
2373 845 2677 916 προσέθηκε
2704 845 2785 908 τὸ,
2825 844 2986 900 Μετὰ
3011 844 3202 914 χαρᾶς
3227 863 3242 877 ·
3272 844 3387 898 ἔστι
3417 845 3526 918 7&9
3557 847 3647 900 καλ

2071 939 2209 1010 μετά
2244 937 2422 1008 λύπης
2454 936 2612 989 τοῦτο
2644 937 2890 1005 ποιῆσαι,
2928 935 3002 1000 ὡς
3042 937 3170 989 ὅταν
3212 937 3347 1008 λέγῃ
3376 935 3612 1008 ἀλλαχοῦ
3636 955 3650 969 °

2076 1030 2172 1082 Ἐκ
2208 1028 2319 1098 γὰρ
2361 1025 2604 1093 πολλῆς
2651 1027 2916 1094 θλίψεως
2948 1026 3045 1079 καὶ
3088 1026 3366 1095 συνοχῆς
3405 1027 3656 1097 καρδίας

2064 1118 2299 1186 ἔγραψα
2321 1116 2462 1185 ὑμῖν
2486 1116 2584 1169 διὰ
2614 1116 2864 1170 πολλῶν
2883 1117 3179 1185 δακρύων.
3197 1120 3320 1172 Ἐπί
3352 1118 3423 1189 τῇ
3451 1138 3656 1174 κοινω-

2061 1211 2164 1276 νίᾳ
2183 1208 2369 1276 ὐμιῖιν,
2391 1209 2574 1276 φησὶν,
2591 1210 2680 1274 είς
2704 1207 3073 1278 Εὑαγγέλιον
3101 1209 3215 1263 ἀπὸ
3245 1210 3482 1280 πρώτης
3506 1209 3650 1281 ὴμέ-

2057 1318 2172 1370 ρας
2195 1300 2372 1370 μέκρι
2403 1300 2510 1354 τοῦ
2534 1300 2671 1356 νῦν.

2138 1495 2202 1566 β’.
2223 1494 2266 1566 [Ι
2280 1493 2370 1564 96]
2389 1497 2546 1563 Μέγα
2569 1497 2750 1558 αὐτοῖς
2767 1494 2997 1549 ἐνταῦθα
3017 1497 3305 1566 μαρτυρεῖ,
3324 1496 3420 1565 οὐχ
3436 1495 3647 1564 ἁπλῶς,

2065 1587 2199 1640 ἀλλά
2235 1589 2329 1640 καὶ
2356 1573 2559 1657 σφόδρα
2587 1587 2747 1656 μέγα,
2779 1588 2873 1640 καὶ
2903 1587 3038 1656 ὅπερ
3063 1586 3127 1640 ἀν
3155 1604 3236 1648 τις
3262 1587 3646 1660 ἐμαρτύρησεν

2063 1679 2380 1740 ἀποστόλοις
2415 1679 2510 1730 καὶ
2542 1678 2976 1746 εύαγγελισταῖς.
2997 1679 3111 1731 Οὐκ
3145 1678 3332 1750 ἐπειδὴ
3361 1678 3468 1750 γὰρ
3491 1680 3650 1733 πόλιν

2064 1769 2464 1840 ἐνεχειρίσθητε
2505 1769 2652 1838 μίαν,
2681 1769 2864 1839 φησὶν,
2887 1769 3100 1839 ἐκείνης
3122 1770 3430 1839 φροντίζετε
3459 1771 3646 1840 μόνης,

2062 1860 2199 1913 ἀλλά
2229 1861 2408 1914 πάντα
2458 1861 2750 1930 πράττετε,
2786 1861 2928 1914 ῶστε
2969 1863 3222 1932 μερισταὶ
3252 1863 3510 1930 γενέσθαι
3539 1862 3650 1916 τῶν

2063 1951 2212 2020 ἐμῶν
2248 1952 2443 2014 πόνων,
2467 1951 2744 2022 πανταχοῦ
2772 1951 3038 2022 παρόντες
3063 1952 3156 2005 καὶ
3180 1954 3647 2023 συμπράττοντες,

2065 2043 2159 2096 καὶ
2205 2043 2695 2112 συγκοινωνοῦντές
2743 2062 2843 2114 μου
2894 2043 2970 2114 τῷ
3015 2043 3364 2112 κηρύγματι·
3407 2046 3506 2115 οὐχ
3552 2045 3651 2100 ἱνα

2064 2134 2273 2205 χρόνον,
2308 2134 2427 2187 οὐδὲ
2461 2134 2735 2206 δεύτερον,
2764 2136 2884 2188 οὐδὲ
2920 2137 3125 2206 τρίτον,
3155 2135 3288 2189 ἀλλά
3332 2137 3561 2190 πάντοτε
3593 2137 3651 2202 ἐξ

2062 2222 2122 2280 οὗ
2154 2226 2511 2279 ἐπιστεύσατε
2538 2228 2700 2298 μέχρι
2732 2229 2824 2282 τοῦ
2849 2228 2963 2293 νῦν,
2988 2228 3302 2282 ἀποστόλων
3321 2229 3649 2300 ἀνειλήφατε

2064 2316 2546 2387 προθυμίαν.⁸’ορα
2571 2317 2687 2380 πῶς
2713 2319 2761 2371 οί
2789 2319 2886 2388 μὲν
2914 2321 2971 2372 ἐν
3005 2319 3193 2389 Ῥώμῃ
3219 2317 3368 2381 ὄντες
3390 2321 3652 2391 ἀπεστρέ-

2065 2423 2226 2475 φοντο
2270 2409 2470 2461 αὐτόν’
2521 2410 2682 2462 ἄκουε
2738 2412 2848 2479 γὰρ
2904 2409 3070 2462 αὐτοῦ
3124 2409 3412 2477 λέγοντος·
3473 2408 3651 2476 Οἶδας

2064 2500 2264 2563 τοῦτο,
2307 2499 2395 2553 ὅτι
2443 2501 2925 2570 ἀπεστράφησάν
2965 2519 3042 2569 με
3092 2502 3317 2568 πάντες
3361 2505 3414 2556 cl
3459 2503 3530 2555 ἐν
3575 2499 3648 2568 τῇ

2079 2592 2254 2659 Ἀσίᾳ
2275 2608 2289 2622 ⁸
2325 2593 2417 2644 καὶ
2446 2591 2610 2645 πάλιν
2629 2636 2642 2658 ,
2673 2592 2872 2660 Δημᾶς
2902 2609 2978 2661 με
3006 2593 3391 2660 ἐγκατέλιπεο
3425 2594 3536 2657 καὶ,
3556 2594 3658 2646 Ἐν

2064 2681 2141 2752 τῇ
2170 2683 2372 2751 πρώτῃ
2410 2702 2530 2752 μου
2571 2685 2888 2754 ἀπολογίᾳ,
2922 2686 3104 2755 φησὶν,
3131 2685 3330 2752 οὐδείς
3360 2704 3460 2755 μοι
3498 2700 3647 2754 συμο

2063 2774 2450 2844 παρεγένετοο
2491 2769 2634 2829 οὗτοι
2665 2775 2720 2828 δὲ
2758 2777 2851 2830 καὶ
2885 2777 3115 2839 ἀπόντες
3159 2776 3478 2830 ἐκοινώνουν
3503 2776 3654 2847 αύτῷ

2062 2865 2172 2918 τῶν
2202 2865 2450 2934 θλίψεων,
2485 2867 2796 2936 πέμποντές
2835 2885 2892 2919 τε
2935 2867 3133 2940 ἄνδρας
3163 2868 3297 2937 πρὸς
3347 2869 3530 2934 αὑτὸν,
3561 2871 3654 2922 καὶ

2064 2956 2208 3009 κατά
2240 2955 2468 3026 δύναμιν
2500 2957 2952 3028 ύπηρετούμενοι,
2983 2959 3076 3011 καὶ
3117 2959 3270 3013 ούδέν
3300 2959 3435 3023 ὅλως
3463 2960 3648 3029 ἐλλιμ-

2066 3045 2348 3108 πάνοντες.
2388 3049 2498 3099 Καὶ⁵
2529 3049 2688 3102 τοῦτο
2718 3051 2942 3112 ποιεῖτε,
2976 3051 3037 3102 06
3087 3050 3181 3102 νῦν
3232 3051 3410 3120 μόνον,
3457 3054 3648 3123 φησίν,

2065 3135 2181 3188 ἀλλ’
2208 3137 2315 3199 ἀεὶ,
2343 3137 2507 3189 παντὶ
2549 3137 2734 3206 τρόπῳ
2771 3139 3567 3210 συναντιλαμϐανόμενοι.’Λρα
3591 3142 3655 3194 τὸ

2066 3223 2658 3294 συναντιλαμϐάνεσθαι
2687 3226 2940 3278 κοινωνία
2969 3227 3086 3277 ἐστὶ
3111 3228 3190 3288 είς
3217 3226 3277 3278 τὺ
3302 3225 3649 3292 Εὐαγγέλιον.

2065 3314 2232 3367 Ὅταν
2281 3314 2391 3381 γὰρ
2439 3317 2647 3376 ἐκεῖνος
2698 3314 2796 3382 μὲν
2850 3314 3116 3385 κηρύττη,
3149 3317 3213 3368 σὺ
3243 3315 3299 3368 δέ
3340 3315 3655 3386 θεραπεύῃς

2063 3405 2156 3458 τὸν
2183 3407 2542 3475 κηρύττοντά,
2574 3408 2849 3466 κοινωνεῖς
2876 3405 3026 3474 αὐτῷ
3048 3406 3156 3458 τῶν
3187 3405 3485 3473 στεφάνων.
3505 3407 3656 3460 Ἐπεὶ

2065 3495 2160 3548 καὶ
2182 3497 2238 3546 έν
2259 3498 2370 3557 τοῖς
2395 3494 2594 3559 ἔξωθεν
2623 3493 2830 3556 ἀγῶσιν
2851 3494 2912 3545 06
2939 3493 3033 3546 τοῦ
3062 3494 3462 3562 ἀγωνιζομένου
3492 3495 3654 3565 μόνου

2065 3585 2216 3636 ἐστὶν
2244 3585 2272 3635 ό
2300 3583 2586 3650 στέφανος,
2621 3585 2757 3637 ἀλλὰ
2787 3583 2879 3636 καὶ
2911 3581 3006 3634 τοῦ
3039 3583 3408 3652 Μιδοτρίϐου.
3437 3585 3533 3638 καὶ
3561 3585 3655 3638 τοῦ

2066 3673 2487 3746 θεραπεύοντος,
2506 3675 2598 3727 καὶ
2631 3675 2846 3728 πάντων
2873 3673 3063 3736 ἁπλῶς
3094 3675 3200 3727 τῶν
3226 3675 3539 3729 ἀσκούντων
3559 3677 3654 3730 τὸν

2066 3766 2322 3836 ἀθλητήν.
2368 3765 2431 3818 Οἱ
2461 3765 2570 3835 7&9
2603 3766 2902 3838 ρωννύντες
2935 3767 3095 3820 αὑτὸν
3127 3768 3221 3821 καὶ
3250 3768 3652 3838 ἀνακτώμενοι,

2065 3852 2214 3910 0610:
2259 3858 2354 3910 καὶ
2392 3857 2492 3926 τῆς
2537 3857 2693 3927 νίκης
2742 3859 2966 3920 είκότως
2995 3859 3060 3912 ἂν
3091 3861 3332 3928 γένοιντο
3371 3863 3648 3932 μερισταί.

2067 3947 2176 3999 Καὶ
2209 3949 2265 4000 ἐν
2297 3948 2406 4010 τοῖς
2440 3948 2696 4017 πολέμοις
2728 3948 2784 4000 δὲ
2818 3950 2915 4019 οὐχ
2943 3952 2972 4003 ό
3003 3951 3259 4022 ἀριστεὺς
3308 3953 3489 4021 μόνος,
3521 3954 3656 4008 ἀλλὰ

2068 4037 2162 4090 καὶ
2206 4036 2406 4096 πάντες
2433 4037 2484 4088 οἱ
2517 4036 2909 4106 θεραπεύοντες
2943 4037 3104 4090 αὑτὸν
3135 4038 3359 4100 εἰκότως
3387 4039 3452 4092 ἂν
3485 4057 3652 4110 μετα-

2069 4130 2308 4181 ποιοῖντο
2333 4127 2440 4179 τῶν
2471 4129 2767 4198 τροπαίων,
2793 4127 2888 4179 καὶ
2920 4131 3018 4198 τῆς
3047 4128 3204 4195 δόξης
3239 4130 3538 4198 μετέχοιεν,
3558 4131 3654 4184 ἆτε

2070 4219 2496 4284 κοινωνήσαντες
2530 4217 2678 4287 αύτῷ
2700 4217 2794 4270 τοῦ
2816 4218 3025 4286 ἀγῶνος
3045 4222 3113 4290 τῇ
3136 4219 3421 4290 θεραπεία.
3449 4221 3523 4273 Οὐ
3545 4224 3655 4290 γάρ

2073 4311 2267 4381 μικρὸν
2294 4311 2517 4364 δύναται
2543 4312 2602 4363 τὸ
2622 4308 2950 4379 θεραπεύειν
2978 4311 3186 4378 ἀγίους,
3209 4311 3343 4364 ἀλλά
3369 4314 3461 4365 καὶ
3487 4313 3653 4382 μέγα·

2071 4402 2358 4463 κοινωνοὺς
2389 4399 2499 4471 γὰρ
2530 4401 2676 4468 ἡμᾶς
2709 4401 2854 4450 ποιεῖ
2877 4399 2986 4450 τῶν
3009 4400 3241 4464 ἐκείνοις
3271 4403 3654 4471 ἀποκειμένων

2073 4490 2300 4558 μισθῶν.
2337 4485 2495 4554 Οἷον,
2530 4488 2723 4560 ἐρριψέ
2779 4505 2862 4549 τις
2914 4490 3080 4544 πολλά
3125 4493 3383 4563 χρήματα
3431 4495 3519 4548 διὰ
3564 4496 3654 4550 τὸν

2071 4579 2224 4642 Θεὸν,
2258 4581 2550 4644 διαπαντὸς
2603 4581 2889 4636 ἀνάκειται
2939 4581 3018 4652 τῷ
3067 4582 3208 4652 Θεῷ,
3243 4585 3447 4656 ἀρετὴν
3496 4588 3657 4640 ἀσκεῖ

2074 4672 2339 4742 μεγάλην,
2372 4671 2468 4724 καί⁹
2523 4672 2683 4741 μέχρι
2741 4673 3026 4742 ῥημάτων,
3061 4677 3156 4727 καὶ
3189 4675 3383 4746 μέχρις
3413 4678 3654 4740 ἐννοιῶν,

2071 4763 2166 4815 καὶ
2198 4761 2364 4833 μέχρι
2411 4763 2626 4816 πάντων
2677 4764 2874 4829 πολλὴν
2905 4765 3194 4833 ἀκρίϐειαν
3221 4766 3505 4836 φυλάττων
3526 4785 3538 4797 ⁸
3575 4769 3658 4821 ἔνο

2071 4871 2186 4906 εστι
2207 4855 2300 4907 καὶ
2321 4853 2405 4905 σοὶ
2420 4854 2515 4905 καὶ
2539 4854 2611 4924 μὴ
2628 4854 2896 4926 τοσαύτην
2925 4857 3214 4926 ἀκρίϐειαν
3238 4858 3655 4928 ὲπιδειξαμένῳ,

2071 4945 2178 4998 τῶν
2203 4944 2296 4996 ἐπὶ
2324 4946 2530 5007 τούτοις
2567 4947 2947 5016 ἀποκειμένων
2978 4949 3127 5018 αύτῴ
3159 4950 3365 5019 μισθῶν
3400 4951 3660 5013 κοινωνῆ-

2076 5054 2186 5090 σαι.
2215 5037 2370 5102 Πῶς;
2403 5039 2499 5091 Ἂν
2523 5038 2867 5110 θεραπεύσῃς
2892 5040 3051 5092 αὐτὸν
3077 5042 3171 5093 καὶ
3198 5042 3340 5110 λόγῳ
3365 5043 3459 5094 καί¹
3491 5041 3657 5112 ἔργῳ,

2075 5131 2139 5184 ἀν
2173 5131 2562 5202 παρακαλέσῃς
2593 5133 2686 5184 καὶ
2715 5132 2804 5185 διὰ
2847 5131 2938 5183 τοῦ
2967 5135 3223 5202 χορηγεῖν
3259 5133 3326 5185 τά
3361 5134 3656 5201 ἀναγκαῖα,

2073 5221 2169 5274 καὶ
2215 5221 2301 5273 διὰ
2351 5221 2444 5273 τοῦ
2491 5221 2855 5274 διακονεῖσθαι
2909 5223 3088 5272 πᾶσαν
3134 5219 3427 5274 διακονίαν.
3456 5223 3514 5274 '0
3549 5222 3660 5293 7&9

2075 5311 2443 5382 εὐκολωτέραν
2465 5311 2635 5365 ποιῶν
2661 5312 2759 5380 τὴν
2779 5312 3036 5380 τραχεῖαν
3057 5309 3175 5363 ὁδὸν
3199 5310 3413 5382 ἐκείνῳ,
3439 5313 3501 5367 σὺ
3527 5313 3653 5386 ἔσῃ.

2075 5404 2236 5457 Ὥστε
2277 5405 2325 5455 εἰ
2375 5401 2683 5471 θαυμάζετε
2715 5402 2839 5463 106;
2872 5401 2930 5452 ἐν
2956 5403 3076 5462 ταῖς
3124 5401 3369 5471 ἐρήμοις,
3399 5405 3524 5468 τοὺς
3567 5407 3659 5459 τὸν

2072 5493 2362 5561 ἀγγελικὸν
2398 5491 2772 5562 ἀνῃρημένους
2823 5491 2954 5561 βίον,
3002 5491 3128 5554 106;
3178 5493 3235 5544 ἐν
3267 5497 3385 5556 ταῖς
3421 5496 3654 5562 Ἐκκλη-

2076 5585 2218 5647 σίαις
2263 5584 2332 5636 τὰ
2362 5584 2502 5636 αὐτὰ
2551 5582 2779 5646 ἐκείνοις
2806 5582 3204 5654 κατορθοῦντας
3224 5600 3236 5612 ·
3271 5586 3320 5637 εἰ
3348 5585 3656 5654 θαυμάζετε

2073 5677 2170 5729 καὶ
2189 5674 2516 5740 ἀλγεῖτε,ὄτι
2541 5672 2742 5740 σφόδρα
2768 5673 2946 5725 αὐτῶν
2968 5675 3432 5742 ἀπολιμπάνεσθε,
3453 5675 3659 5729 ἔνεστιν

2075 5768 2204 5836 ὑμῖν
2245 5765 2444 5834 ἑτέρως
2474 5764 2655 5824 αὐτοῖς
2687 5761 2835 5834 [197]
2867 5767 3210 5836 κοινωνῆσαι,
3246 5765 3325 5835 τῷ
3369 5765 3658 5829 διακονεῖν,

2076 5857 2154 5926 τῷ
2182 5853 2521 5926 θεραπεύειν.
2543 5852 2652 5906 Καὶ
2678 5855 2786 5927 γὰρ
2817 5855 2912 5911 καὶ
2947 5857 3107 5911 τοῦτο
3128 5857 3228 5928 τῆς
3253 5857 3347 5912 τοῦ
3381 5857 3516 5910 Θεοῦ
3542 5857 3660 5926 (9:1—
