2109 3133
219 252 266 281 te:
671 248 705 278 IN
722 248 828 278 EPIST.
849 248 896 277 AD
915 246 1058 276 PHILIPP.
1077 246 1153 275 CAP.
1174 246 1195 275 l.
1215 248 1332 277 HOMIL.
1353 248 1372 277 L

214 315 306 342 abesse
321 323 329 341 :
344 313 405 341 licet
423 311 499 341 vobis
523 310 574 339 alia
597 309 711 346 quadam
737 310 842 338 ratione
865 315 925 336 etim
948 306 1000 334 illis

213 360 283 387 coire
295 358 462 390 societatem,
482 356 508 386 id
527 361 570 385 est
585 355 765 387 inserviendo,
780 354 898 383 curando
911 360 943 380 ac
957 352 999 379 fo—

213 403 307 432 vendo.
326 403 393 431 Nam
411 407 437 430 et
458 402 509 430 hoc
528 402 576 430 Dei
595 401 767 436 benignitatis
782 404 836 433 est,
855 406 902 426 eos
919 398 999 426 etiam

212 449 255 484 qui
270 448 477 484 negligentiores
496 451 568 479 sunt,
584 454 635 474 nec
654 446 748 473 duram
763 445 847 477 illam,
865 450 998 478 asperam,

212 496 369 531 exquisitam
385 495 490 522 vivendi
505 495 636 522 rationem
649 493 786 527 suscipere
800 495 923 526 possunt,
937 497 997 517 rur-

212 550 258 570 sus
275 550 322 577 per
339 542 416 569 aliam
437 542 508 568 viam
528 540 561 568 ad
577 539 700 567 ettmdem
714 543 793 573 atque
812 537 871 564 illos
889 535 998 571 gradqu

211 588 368 623 provehere.
382 589 469 622 Atque
482 587 534 614 hoc
546 585 612 613 illud
626 589 676 618 est,
688 583 757 619 quod
770 583 867 611 Paulus
880 588 999 609 conmm—

210 635 318 661 niouem
342 638 418 661 vocat
434 641 439 659 :
455 632 659 660 Communicant
674 629 763 662 nobis,
785 628 880 663 inquit,
900 631 927 654 et
947 625 998 652 im-

209 681 328 715 partiunt.
342 679 474 711 carnalia;
491 684 518 706 et
532 686 580 706 nos
595 678 648 705 illis
667 675 897 704 communicantes
916 672 996 707 spiri-

208 725 289 753 tualia
307 724 394 760 (Rom.
414 724 456 751 15.
471 724 527 758 27).
547 723 612 750 Nam
628 719 852 757 quemadmodum
867 719 935 746 Deus
948 724 997 753 pro

205 770 314 804 exiguis
335 777 365 796 ac
388 769 487 796 nullius
502 767 627 803 ponderis
641 767 720 794 rebus
739 772 850 800 regnum
866 763 974 798 largitur
988 771 997 790 :

207 815 243 842 ita
260 819 288 842 et
303 815 373 841 illius
387 814 455 841 servi
471 821 519 849 pro
533 813 635 848 exiguis
648 819 679 840 ac
693 810 838 839 sensilibus
850 808 995 844 spiritualia

207 860 384 895 impartiunt;
399 860 452 886 imo
468 866 530 886 vero
544 859 601 893 ipse
614 862 666 891 est,
679 857 723 892 qui
739 864 786 891 per
800 856 849 883 hos
862 859 888 882 et
901 854 959 881 hate
970 858 997 880 et

205 905 250 932 illa
265 906 320 932 dat.
335 905 391 932 Non
405 909 481 940 potes
491 903 622 939 jejunium
637 901 727 930 ferre?
743 909 795 929 non
806 898 996 928 solitudinem?

204 959 259 978 non
272 951 344 979 humi
356 951 453 978 cubare
461 951 474 978 ?
485 959 539 978 non
549 951 665 985 integras
679 953 771 977 noctes
782 947 910 983 vigilare?
923 946 996 973 Licet

203 997 253 1025 tibi
276 997 370 1024 harum
393 997 512 1024 omnium
533 1003 624 1024 rerum
646 994 797 1023 mercedem
820 993 953 1027 accipere,
973 991 995 1017 si

200 1042 255 1070 alia
271 1043 386 1078 quadam
404 1043 508 1070 ratione
527 1049 587 1069 rem
608 1046 679 1069 tuam
699 1039 817 1076 gesseris
833 1047 839 1065 :
856 1044 952 1072 nempe
972 1037 995 1063 si

200 1095 279 1121 eun],
291 1089 336 1123 qui
345 1088 410 1115 istos
419 1088 526 1115 labores
536 1087 616 1121 capit,
626 1092 714 1118 cures,
725 1091 842 1117 recrees,
853 1082 996 1116 foveasque

199 1133 325 1165 assidue,
339 1137 366 1162 et
379 1133 499 1160 laborem
513 1132 557 1167 qui
569 1132 597 1158 in
610 1131 664 1158 illis
678 1129 868 1158 certaminibus
883 1127 996 1155 sustine-

199 1182 246 1206 tur
262 1179 352 1206 levem
366 1178 473 1205 reddas.
491 1177 538 1205 ille
556 1176 662 1212 quidem
683 1179 736 1203 stat
756 1181 877 1210 pugnans
891 1179 922 1200 ac
936 1172 995 1199 vul-

196 1231 267 1251 nera
292 1224 449 1258 excipiens;
476 1227 503 1250 tu
528 1229 593 1250 vero
619 1229 633 1249 a
657 1220 804 1249 certamine
828 1219 994 1250 redeuntem,

194 1277 276 1302 cura,
296 1269 380 1297 obviis
396 1269 518 1296 manibus
532 1267 647 1302 suscipe,
662 1266 787 1294 sudorem
802 1265 934 1298 absterge,
951 1270 995 1291 re-

194 1323 272 1349 crea,
290 1316 389 1348 solare,
406 1315 502 1341 lassam
518 1314 634 1341 animam
649 1313 710 1339 fove
723 1319 754 1339 ae
768 1311 857 1338 reﬁce.
873 1309 995 1337 Profecto

193 1362 217 1389 si
233 1366 314 1389 tanta
324 1369 384 1388 cum
395 1362 532 1388 alacritate
542 1360 642 1388 sanctis
653 1359 838 1390 inserviamus,
852 1356 994 1393 participes

194 1407 358 1435 mercedum
373 1415 432 1443 quae
447 1407 508 1434 illos
520 1410 628 1434 manent
640 1406 751 1433 erimus.
765 1405 819 1432 lloc
834 1408 860 1431 et
873 1403 994 1431 Christus

193 1453 279 1482 docet
291 1475 300 1486 ,
317 1453 406 1481 Facite
419 1453 487 1480 vobis
501 1454 595 1480 amicos
609 1452 641 1479 de
663 1459 780 1478 mamoua
803 1449 951 1484 iniquitatis,
967 1453 994 1475 ut

194 1501 328 1535 recipiant
341 1508 382 1527 vos
395 1500 420 1526 in
431 1506 525 1527 azterna
535 1498 696 1526 tabernacula
712 1497 786 1533 (an.
804 1496 847 1524 16.
860 1496 902 1529 9).
916 1495 994 1522 Vides

194 1545 339 1580 quomodo
355 1545 397 1572 isti
413 1545 555 1579 participes
577 1544 637 1571 facti
661 1543 776 1570 fuerint?
797 1543 817 1570 Α
841 1542 921 1576 prima
941 1542 992 1573 die,

195 1591 298 1625 inquit,
321 1599 398 1625 usque
420 1599 497 1618 nunc.
518 1590 558 1618 0b
582 1589 633 1617 hoc
649 1590 746 1625 ipsum,
763 1589 858 1623 inquit,
878 1587 991 1622 gaudeo.

194 1636 290 1672 Super
305 1637 529 1663 communicatione
542 1640 632 1663 uestra.
652 1634 761 1662 Gaudeo
781 1639 868 1660 autem
886 1640 940 1660 non
960 1632 993 1659 de

195 1683 346 1717 pneteritis
370 1686 482 1715 tantmn,
510 1681 556 1710 sed
577 1681 658 1709 etiam
680 1681 713 1707 de
733 1681 827 1707 futuris
851 1688 857 1706 :
879 1687 938 1706 nam
959 1686 992 1705 ex

195 1729 346 1763 prseteritis
359 1728 391 1756 de
407 1729 464 1755 istis
479 1735 584 1764 quoque
599 1727 779 1762 eonjecturam
794 1726 870 1753 facio.
884 1726 909 1753 6.
927 1725 993 1751 Con-

197 1774 284 1808 ﬁdens
298 1775 345 1801 hoc
358 1775 451 1809 ipsum,
465 1774 560 1809 inquit,
575 1774 633 1808 quia
647 1773 690 1807 qui
702 1774 776 1807 cwpit
799 1773 824 1798 in
846 1771 914 1798 vobis
929 1778 992 1805 opus

194 1819 305 1851 bonum,
320 1820 430 1854 perﬁciet
445 1828 522 1854 usque
537 1820 563 1846 in
577 1819 644 1846 diem
657 1818 719 1845 Iesu
733 1818 836 1845 Clu-isti.

238 1865 268 1892 '5.
287 1863 320 1890 In
335 1866 406 1892 bonis
420 1865 536 1900 operibus
554 1864 625 1892 Deus
637 1864 699 1899 agit,
720 1870 742 1891 et
756 1872 801 1890 nos
814 1871 870 1889 cum
888 1862 992 1888 nco.—

201 1908 276 1936 Vide
293 1910 425 1944 quomodo
440 1910 499 1937 illos
519 1910 675 1938 modestiam
696 1909 775 1937 etiam
799 1909 864 1935 tueri
886 1908 990 1934 doceat.

200 1953 314 1980 Etenim
329 1955 452 1988 quoniam
464 1962 584 1990 magnum
595 1955 719 1990 quiddam
731 1958 798 1986 erat,
813 1953 882 1989 quod
895 1953 927 1980 de
940 1952 991 1978 illis

200 2002 321 2025 testatus
341 1998 441 2031 fuerat;
462 2007 495 2027 ne
510 2000 614 2027 humani
632 2000 694 2035 quid
710 2000 854 2034 patiantur,
871 1998 991 2033 protinus

195 2044 280 2078 ipsos
293 2044 417 2078 instituit,
435 2049 462 2071 ιιι
476 2049 503 2072 et
519 2046 650 2080 prmterita
671 2050 697 2072 et
711 2045 798 2071 futura
817 2045 865 2078 ipsi
886 2044 991 2071 Christo

192 2095 311 2125 accepta
339 2090 464 2117 referant.
488 2090 642 2125 Quomodo?
669 2091 725 2117 Non
750 2090 829 2123 dixit,
860 2090 988 2121 Conﬁdo,

191 2136 428 2170 quemadmodum
442 2137 570 2170 coepistis,
593 2137 628 2163 ita
651 2137 730 2163 etiam
754 2137 926 2170 perfecturos,
943 2135 988 2162 sed

191 2181 343 2216 (ιιιίἁῖρυί
358 2182 431 2216 erepit
446 2182 470 2208 in
484 2182 550 2209 vobis
564 2190 627 2216 opus
641 2182 743 2214 bonum,
761 2181 872 2216 perﬁciet
884 2189 892 2207 :
904 2188 990 2215 neque

191 2228 317 2261 ipsorum
334 2227 360 2253 in
381 2233 454 2254 recte
468 2227 539 2254 facto
561 2228 663 2262 aliquas
682 2228 763 2254 fuisse
783 2232 872 2261 partes
888 2231 966 2261 negat
981 2236 988 2255 :

192 2272 270 2299 dixit
283 2272 364 2305 enim,
379 2271 484 2299 Gaudeo
502 2280 578 2307 super
592 2272 818 2299 communicatione
832 2277 932 2303 vestra;
947 2272 988 2298 tti—

192 2318 300 2345 rnirnnt
315 2322 449 2353 tamquam
470 2318 519 2353 ipsi
536 2323 609 2346 recte
623 2326 652 2345 se
670 2319 814 2353 gessissent
829 2328 834 2345 :
850 2325 936 2352 neque
952 2322 989 2344 ta-

191 2371 263 2390 men
277 2363 340 2399 ipsis
353 2364 491 2391 dumtaxat
505 2370 576 2392 recte
599 2366 664 2392 facta
682 2365 809 2400 assignat,
829 2364 875 2391 sed
893 2365 989 2398 princi-

191 2408 298 2443 paliter
310 2409 364 2436 Deo
379 2418 385 2436 :
401 2409 506 2444 Conﬁdo
522 2410 605 2443 enim,
621 2411 714 2444 inquit,
736 2411 795 2445 quia
813 2410 854 2444 qui
875 2410 948 2444 cwpit
963 2410 988 2436 in

187 2452 268 2480 vobis
280 2462 342 2488 opus
352 2455 455 2486 bonum,
470 2456 581 2490 perﬁciet
596 2464 674 2491 usque
686 2456 711 2482 in
725 2457 791 2483 diem
803 2456 865 2483 Jesu
878 2455 987 2486 Christi;

186 2499 218 2526 id
237 2505 289 2530 est,
303 2501 382 2527 Detts.
406 2501 460 2528 Nec
480 2509 544 2528 vero
559 2502 644 2528 solum
669 2502 702 2528 de
722 2502 808 2534 vobis,
829 2501 924 2535 inquit,
941 2501 988 2527 sed

186 2545 278 2571 ctiam
292 2545 324 2572 de
338 2545 380 2578 iis,
395 2547 440 2580 qui
456 2554 486 2572 ex
504 2546 579 2573 vobis
595 2546 724 2578 orientur,
748 2546 799 2574 ltoc
817 2553 905 2581 spero.
921 2545 987 2572 Natn

183 2594 218 2617 et
235 2589 295 2617 inec
316 2598 369 2617 non
386 2592 481 2626 exigua
503 2592 560 2618 laus
575 2596 625 2624 est,
650 2600 744 2627 nempe
760 2592 843 2619 Dcmn
859 2592 884 2618 in
901 2592 988 2626 aliquo

183 2636 313 2670 operari.
337 2636 441 2664 Etenim
460 2638 482 2664 si
505 2638 550 2665 ille
571 2646 745 2673 personarum
766 2643 919 2672 acceptator
935 2645 988 2664 non

184 2684 247 2713 est,
271 2681 494 2716 quemadmodum
517 2687 590 2711 certe
605 2691 657 2709 non
674 2689 724 2715 est,
740 2683 785 2710 sed
806 2684 837 2710 ad
859 2683 989 2718 cujusque

184 2726 360 2760 propositum
376 2732 500 2761 spectans
516 2729 592 2755 nobis
608 2729 632 2755 itt
647 2729 753 2756 virtutis
773 2729 869 2755 ofﬁciis
888 2728 989 2755 obeun-

184 2770 232 2797 dis
251 2771 394 2805 opitulatur
408 2781 414 2799 :
427 2774 492 2800 satis
506 2778 611 2800 constat
626 2782 674 2801 nos
690 2775 762 2809 ipsos
777 2782 847 2806 esse,
869 2775 912 2809 qni
935 2782 982 2801 oc-

184 2816 330 2843 casionem
355 2817 449 2845 demus
473 2826 522 2846 cur
541 2820 584 2846 ille
606 2820 681 2846 nobis
709 2820 875 2848 concilietur.
900 2820 987 2854 Quare

186 2859 245 2885 hac
260 2861 338 2888 etiam
353 2862 458 2889 ratione
479 2864 541 2890 illos
560 2864 665 2891 laudem
681 2872 739 2892 esse
755 2864 914 2899 promeritos
934 2865 985 2891 nti-

186 2905 268 2932 nime
278 2908 384 2941 negavit
399 2916 404 2933 :
421 2908 519 2943 alioqui
540 2909 561 2935 si
576 2910 696 2937 absolute
714 2915 814 2945 ageret,
839 2911 902 2937 nihil
922 2919 986 2938 sane

190 2948 382 2984 impedimenti
397 2957 464 2985 erat,
477 2954 618 2988 quominus
632 2959 658 2982 ct
673 2956 757 2984 Grieci
772 2961 797 2984 ct
813 2965 906 2984 omnes
926 2964 983 2985 0m-

50 12 1165 91 ////

1055 306 1117 333 nino
1128 305 1248 335 homines
1256 313 1376 343 agerent;
1388 308 1420 340 si,
1430 307 1547 343 inquam,
1555 317 1602 337 nos
1608 309 1840 345 perindeaeligna,

1052 357 1078 378 et
1092 353 1193 387 lapides
1213 359 1342 386 moveret,
1361 362 1448 389 neque
1469 360 1557 390 partes
1575 355 1654 382 etiam
1672 360 1776 382 nostras
1796 355 1843 382 dc-

1051 398 1192 426 sideraret.
1205 398 1395 433 Quamobrem,
1414 407 1486 433 eum,
1507 400 1603 435 inquit,
1626 400 1694 427 Deus
1715 401 1837 435 perﬁciet,

1051 449 1076 471 et
1091 445 1141 472 hoc
1156 453 1248 472 rursus
1259 446 1291 472 ad
1308 446 1412 473 illorum
1427 446 1533 474 laudem
1545 447 1669 482 pertinet,
1684 447 1781 482 quippe
1796 448 1841 482 qui

1053 489 1097 516 Dei
1111 491 1221 525 gratiam
1239 491 1273 518 ita
1287 491 1338 519 sibi
1353 492 1532 525 conciliariut,
1551 497 1579 520 ut
1600 493 1664 527 ipsis
1679 500 1840 527 cooperare—

1052 541 1093 562 tur
1106 536 1138 563 ad
1153 541 1255 564 natura:
1275 537 1397 564 humanm
1416 538 1597 565 conditionem
1615 539 1839 574 exsuperandam.

1051 581 1138 615 Atque
1151 582 1201 608 alia
1217 583 1297 609 etiam
1312 583 1415 611 ratione
1434 584 1483 611 hac
1496 584 1522 610 in
1541 592 1569 610 re
1589 584 1646 611 laus
1665 585 1744 618 inest,
1764 586 1845 612 uimi-

1050 635 1119 659 rum,
1137 627 1209 663 quod
1226 629 1285 656 talia
1307 629 1361 656 sint
1382 634 1469 657 vestra
1489 634 1561 657 recte
1585 629 1665 663 facta,
1687 636 1716 658 ut
1730 632 1840 659 minime

1050 674 1164 701 humana
1180 675 1242 706 sint,
1265 675 1312 703 sed
1326 675 1416 703 divino
1429 680 1487 703 actu
1503 676 1537 702 sit
1550 683 1627 710 opus.
1642 677 1718 709 ριιιιιῐ
1733 678 1754 704 si
1771 669 1842 705 oéus

1049 719 1181 754 perﬁciet,
1194 729 1247 747 non
1262 722 1393 748 maximus
1404 720 1547 755 capiendus
1558 722 1607 748 erit
1620 721 1703 754 labor,
1717 722 1763 749 sed
1774 729 1840 750 con-

1049 765 1132 793 ﬁdere
1152 771 1267 801 oportet,
1290 766 1365 794 facile
1384 775 1398 794 a
1419 767 1496 794 nobis
1515 767 1604 794 omnia
1623 767 1768 802 prmstitunt
1794 768 1838 801 iri,

1049 811 1145 846 quippe
1156 812 1198 847 qui
1213 812 1246 839 ab
1260 812 1305 839 illo
1320 805 1486 846 adjuvantur.
1502 813 1528 840 7.
1545 812 1617 839 Sicut
1636 818 1671 840 cst
1682 813 1782 848 justum
1798 822 1837 841 me

1049 857 1095 883 hoc
1109 858 1201 884 sentire
1215 866 1260 892 pro
1275 858 1390 885 omnibus
1411 859 1489 890 vobis,
1507 867 1535 885 ro
1547 859 1614 894 quod
1630 859 1734 886 habeam
1751 868 1793 887 vos
1811 862 1838 888 in

1048 903 1132 935 corde,
1146 908 1169 929 et
1181 904 1287 931 vinculis
1303 904 1373 935 meis,
1390 909 1413 930 et
1426 904 1452 931 in
1466 903 1611 940 defensione
1624 913 1689 939 utea,
1708 911 1730 932 et
1746 907 1839 940 conﬁr-

1049 949 1156 975 matione
1171 949 1303 983 evangelii,
1319 949 1386 984 quod
1398 958 1484 977 omnes
1500 958 1542 977 vos
1558 959 1609 976 una
1621 959 1718 977 mrcum
1732 952 1823 986 partiri
1828 966 1839 972 -

1049 1002 1091 1028 pes
1106 995 1164 1021 estis
1185 995 1283 1029 gratim.
1300 995 1420 1030 Magnam
1442 996 1542 1023 interea
1563 996 1690 1024 desiderii
1712 997 1764 1024 vim
1788 997 1839 1025 hoc

1047 1040 1107 1067 loco
1120 1041 1247 1073 ostendit,
1259 1042 1391 1076 siquidem
1408 1041 1467 1069 illos
1483 1042 1508 1069 in
1523 1042 1605 1070 corde
1619 1042 1743 1075 habebat,
1757 1049 1838 1078 atque

1048 1086 1074 1113 in
1088 1087 1202 1121 ipsomet
1214 1095 1322 1115 carcere
1337 1088 1440 1115 vinctus
1452 1088 1663 1123 Philippensium
1680 1089 1840 1116 recordaba-

1049 1137 1100 1160 tur.
1124 1133 1181 1160 Non
1205 1133 1320 1168 vulgaris
1341 1134 1460 1161 virorum
1484 1134 1553 1166 laus,
1580 1141 1640 1162 esse
1662 1135 1687 1161 in
1710 1135 1837 1162 memoria

1047 1179 1130 1205 sancti
1147 1179 1223 1213 hujus
1239 1188 1244 1205 :
1262 1186 1313 1206 non
1336 1180 1406 1207 enim
1429 1179 1499 1206 illius
1514 1180 1621 1206 dilectio
1638 1187 1669 1207 ex
1687 1180 1839 1208 inconside-

1047 1229 1105 1251 rato
1115 1224 1227 1259 quodam
1242 1225 1322 1252 animi
1335 1230 1419 1258 motu,
1432 1225 1478 1252 sed
1489 1224 1591 1259 judicio
1601 1233 1632 1252 ac
1641 1225 1710 1253 bene
1722 1227 1835 1261 cogitata

1048 1269 1150 1296 ratione
1160 1270 1314 1297 exsistebat.
1327 1269 1507 1303 Quamobrem
1520 1270 1591 1305 diligi
1603 1271 1717 1306 aliquem
1730 1280 1743 1297 a
1757 1272 1837 1299 Pau'o

1046 1314 1114 1341 adeo
1127 1314 1308 1347 vehementer,
1324 1317 1388 1342 satis
1402 1317 1551 1350 argumenti
1567 1321 1617 1349 est,
1638 1325 1762 1351 tnagnum
1777 1326 1837 1346 esse

1047 1362 1120 1388 illum
1142 1367 1221 1396 atque
1243 1362 1439 1390 admirabilem.
1466 1362 1499 1389 Et
1519 1363 1544 1389 in
1569 1363 1722 1398 defensione,
1741 1364 1835 1399 inquit,

1046 1412 1069 1434 et
1082 1408 1270 1441 conﬁrmatione
1282 1408 1414 1442 evangelii.
1432 1408 1464 1434 Et
1480 1408 1541 1441 quid
1564 1409 1669 1439 mirum,
1690 1409 1711 1435 si
1737 1409 1761 1435 in
1778 1417 1836 1436 car-

1046 1461 1108 1481 cere
1124 1454 1183 1481 illos
1206 1454 1231 1481 in
1254 1454 1336 1481 corde
1359 1455 1489 1482 haberet?
1513 1454 1579 1481 Nam
1599 1463 1685 1490 neque
1706 1456 1750 1482 illo
1772 1461 1837 1483 tent-

1047 1506 1121 1533 pore,
1145 1500 1238 1534 inquit,
1261 1507 1314 1535 quo
1340 1500 1373 1526 ad
1398 1499 1512 1527 tribunal
1534 1500 1693 1527 accedebam
1717 1501 1836 1528 dicturus

1045 1552 1162 1576 causam,
1178 1554 1211 1572 ex
1231 1547 1319 1572 animo
1339 1553 1399 1573 meo
1420 1546 1569 1573 efﬁttxistis.
1589 1546 1672 1573 Tanta
1689 1548 1758 1574 enim
1778 1549 1834 1574 vio-

1046 1590 1126 1617 lentia
1141 1595 1182 1618 est
1196 1592 1295 1618 amoris
1314 1591 1472 1626 spiritualis,
1489 1596 1517 1618 ut
1533 1591 1596 1618 nulli
1612 1591 1688 1619 cedat
1709 1593 1751 1619 ille
1769 1597 1835 1619 tem-

1046 1636 1112 1670 pori,
1138 1635 1185 1663 sed
1206 1637 1319 1663 amantis
1341 1636 1456 1663 anitnam
1478 1642 1608 1671 perpetuo
1631 1638 1834 1670 complectatur,

1046 1681 1169 1715 nullaque
1188 1682 1337 1708 calamitate
1359 1687 1405 1708 aut
1429 1682 1522 1708 dolore
1538 1682 1607 1709 vinci
1630 1683 1709 1709 sinat.
1729 1683 1833 1710 Etenim

1045 1726 1268 1760 quemadmodum
1291 1726 1316 1752 in
1335 1726 1443 1753 fornace
1461 1726 1634 1761 Babylonica,
1655 1735 1714 1753 cum
1735 1732 1834 1753 tantum

1044 1777 1115 1799 esset
1135 1772 1277 1799 excitatum
1299 1772 1462 1803 incendium,
1488 1779 1534 1799 ros
1564 1778 1651 1799 tautcn
1673 1778 1730 1800 erat
1751 1773 1835 1800 beatis

1045 1817 1096 1843 iilis
1111 1817 1199 1851 pueris
1216 1826 1222 1843 :
1239 1817 1272 1843 ita
1296 1817 1376 1844 etiam
1398 1817 1524 1850 amicitia,
1547 1818 1592 1844 ttbi
1615 1818 1697 1845 semel
1720 1819 1834 1846 amantis

1047 1864 1153 1898 Deoque
1174 1863 1277 1898 accepti
1306 1863 1422 1890 hominis
1446 1864 1631 1898 apprehendit,
1658 1872 1764 1892 omnem
1787 1873 1835 1892 ex-

1044 1910 1153 1944 stinguit
1179 1909 1322 1942 ﬂammant,
1348 1918 1490 1945 roremque
1513 1911 1697 1938 admirabilem
1721 1912 1832 1946 spargit.

1044 1955 1077 1982 Et
1091 1955 1281 1989 conﬁrmatione
1291 1956 1423 1991 evangelii,
1441 1956 1535 1990 inquit.
1555 1956 1623 1991 Ergo
1640 1956 1741 1983 vincula
1756 1962 1834 1984 erant

1043 2000 1210 2026 conﬁrmatio
1232 2000 1375 2034 evangelii,
1399 2008 1462 2035 ergo
1481 2005 1557 2027 erant
1574 2000 1710 2034 defensio;
1730 2002 1832 2035 acjttt‘e

1043 2046 1159 2080 quidem.
1176 2045 1240 2072 Nam
1256 2046 1277 2072 si
1292 2046 1396 2072 vincula
1408 2046 1595 2078 detrectassct,
1611 2047 1763 2080 impostoris
1775 2055 1832 2073 ont-

1043 2092 1105 2118 nino
1123 2091 1238 2125 Speciem
1262 2091 1419 2124 pnebuissct
1441 2098 1447 2116 :
1475 2098 1544 2116 nunc
1568 2098 1629 2116 vero
1653 2091 1741 2116 omnia
1762 2091 1830 2117 tole-

1043 2145 1120 2169 rans,
1140 2142 1167 2164 et
1186 2137 1291 2163 vitienla
1309 2141 1335 2163 ct
1355 2137 1544 2168 calamitatem,
1569 2137 1645 2170 plane
1666 2136 1835 2164 demonstrat

1043 2191 1094 2208 nott
1116 2190 1144 2208 se
1165 2181 1309 2208 lnnnanam
1324 2181 1438 2215 aliquam
1455 2180 1489 2207 ob
1504 2188 1610 2207 causam
1629 2180 1683 2207 hsce
1701 2181 1763 2215 pati,
1783 2182 1830 2208 sed

1044 2232 1150 2260 propter
1171 2226 1265 2258 Deum,
1289 2226 1332 2260 qui
1357 2225 1507 2252 mercedem
1531 2225 1644 2252 reddere
1667 2226 1760 2252 solitus
1781 2234 1831 2253 est.

1043 2272 1125 2299 Nemo
1138 2272 1208 2298 enim
1233 2271 1322 2303 fuerit,
1344 2272 1387 2305 qtti
1404 2276 1429 2297 ct
1451 2271 1518 2297 mori
1535 2277 1561 2298 et
1576 2276 1613 2297 ιυι
1628 2271 1700 2298 adire
1715 2273 1831 2306 perientia

1042 2322 1158 2350 statuat;
1173 2324 1253 2344 nemo
1268 2318 1311 2350 qui
1328 2317 1391 2343 tanti
1414 2316 1596 2351 imperatoris,
1613 2317 1744 2343 Neronem
1761 2318 1828 2350 dico,

1042 2362 1217 2390 offensionem
1234 2362 1337 2395 subeat,
1351 2363 1401 2389 nisi
1413 2362 1492 2389 alium
1508 2363 1590 2389 multo
1605 2363 1731 2397 majorem
1751 2363 1830 2397 lmpe-

1042 2413 1155 2436 ratorem
1172 2408 1328 2435 intueretur.
1352 2409 1435 2435 Erant
1451 2408 1529 2442 igitur
1542 2409 1648 2436 vim-ala
1663 2410 1832 2437 conﬁrmatio

1041 2455 1181 2489 evangelii.
1196 2454 1262 2481 Vide
1276 2454 1422 2489 quomodo,
1438 2459 1466 2481 ut
1480 2455 1584 2489 plenius
1600 2461 1679 2490 atque
1691 2456 1831 2482 abundan—

1042 2500 1093 2526 tius
1107 2500 1176 2534 quod
1188 2500 1244 2526 vult
1258 2500 1388 2532 obtineat,
1401 2500 1489 2526 omnia
1505 2500 1530 2527 in
1546 2501 1708 2526 contrariam
1728 2506 1829 2534 partem

1041 2545 1211 2573 cunverterit.
1228 2545 1303 2578 Quod
1324 2546 1394 2573 enim
1414 2546 1576 2572 inﬁrmitatis
1592 2551 1617 2571 et
1637 2546 1756 2572 Criminis
1773 2547 1833 2573 loco

1041 2592 1180 2626 putabant,
1202 2591 1226 2618 id
1246 2591 1475 2618 conﬁrmationem
1498 2596 1575 2618 vocat
1591 2600 1596 2616 :
1615 2596 1641 2617 ut
1657 2592 1706 2618 nisi
1722 2592 1746 2618 id
1767 2600 1827 2619 eve-

1042 2638 1135 2671 nisset,
1152 2638 1305 2664 inﬁrmitate
1320 2637 1488 2664 laboraturus
1510 2637 1600 2663 fuerit.
1623 2637 1723 2664 Deinde
1737 2643 1828 2665 osten-

1042 2685 1080 2710 (ιιι
1094 2684 1263 2710 dilectionem
1278 2691 1330 2709 non
1346 2687 1457 2714 temere,
1483 2682 1529 2708 sed
1548 2682 1647 2715 jttdicio
1668 2689 1828 2718 susceptam.

1042 2729 1137 2756 Unde?
1155 2728 1241 2754 Habeo
1264 2736 1316 2759 vos,
1334 2728 1428 2762 inquit,
1452 2728 1476 2753 in
1497 2728 1603 2754 vinculis
1620 2729 1689 2759 meis,
1705 2734 1727 2755 ct
1743 2730 1767 2755 in
1784 2731 1828 2755 (Ic—

1042 2775 1163 2809 fonsiotte,
1184 2782 1211 2800 eo
1227 2774 1294 2808 quod
1314 2782 1364 2799 una
1383 2781 1478 2799 mecum
1502 2773 1636 2807 participes
1654 2775 1712 2800 estis
1729 2776 1828 2808 grati/1’.

1041 2820 1109 2853 Quid
1127 2821 1177 2846 hoc
1190 2819 1251 2846 est?
1268 2819 1318 2845 hoc
1333 2819 1453 2852 ipsuninc
1463 2824 1519 2846 erat
1530 2821 1646 2853 Apostoli
1661 2822 1754 2853 gratia,
1771 2822 1793 2846 \i
1807 2831 1827 2845 :-

1041 2867 1098 2898 ciri,
1114 2865 1218 2899 jactari,
1242 2870 1383 2891 sescentas
1400 2864 1468 2891 ferre
1490 2866 1648 2891 acerbitates
1657 2867 1667 2890 't
1687 2865 1799 2892 Maxime
1817 2875 1824 2892 :

1042 2919 1112 2941 nam,
1131 2910 1227 2944 Sufficit
1251 2910 1305 2941 tibi,
1322 2910 1415 2944 inquit,
1429 2912 1509 2945 gratia
1524 2919 1595 2940 mea;
1610 2911 1686 2936 virtus
1698 2911 1760 2937 enim
1773 2921 1828 2938 mm

1042 2958 1066 2983 in
1090 2957 1234 2991 inﬁrntiiatu
1256 2956 1393 2991 perﬁcitur.
1416 2955 1524 2992 Propter
1551 2956 1615 2992 quod
1642 2958 1728 2992 placeo
1755 2960 1827 2991 mihi,
