4218 6266
551 448 650 505 187

554 563 742 634 inquit,
790 563 842 616 in
881 556 1277 631 inﬁrmitatibus,
1309 557 1361 610 in
1403 553 1717 610 contumeliis
1759 553 1831 623 (2.
1875 551 1994 608 Cor.
2040 551 2126 606 12.

551 655 602 709 9.
641 653 748 725 10).
781 650 1005 720 Quando
1031 647 1191 718 igitur
1219 645 1375 700 video
1403 660 1501 700 vos
1541 644 1692 698 factis
1721 643 1850 712 ipsis
1881 643 2128 697 virtutem

550 745 855 808 ostendere,
887 751 1047 810 atque
1076 739 1234 808 hujus
1259 737 1446 808 gratiae
1472 751 1592 792 esse
1622 734 1928 805 participes,
1971 734 2130 802 idque

549 837 816 892 alacriter.
850 847 949 887 nec
980 832 1245 886 immerito
1289 829 1387 884 has
1428 829 1766 898 conjecturas
1807 827 1961 881 facio.
1997 826 2130 882 Nam

549 927 637 995 qui
675 941 770 978 vos
807 923 994 978 fuerim
1021 931 1296 991 expertus,
1325 936 1388 975 ac
1418 936 1528 990 pne
1555 920 1804 974 omnibus
1833 933 1926 972 vos
1956 927 2009 973 et
2036 935 2128 972 ve-

549 1027 657 1072 stra
687 1017 957 1071 benefacta
988 1016 1181 1080 norim,
1214 1015 1301 1084 qui
1331 1014 1413 1068 vel
1442 1022 1588 1066 tanto
1618 1028 1645 1064 a
1671 1013 1822 1067 nobis
1847 1012 2130 1066 intervallo

549 1111 798 1179 sejuncti,
831 1123 1043 1163 omnem
1075 1107 1473 1162 contentionem
1502 1103 1766 1158 adhibetis
1797 1118 1863 1158 ne
1897 1103 1945 1157 in
1983 1103 2127 1157 cala-

549 1202 823 1257 mitatibus
879 1216 908 1255 a
965 1201 1116 1254 nobis
1170 1197 1522 1268 sejungamini
1556 1238 1570 1261 ,
1623 1195 1718 1250 sed
1771 1196 2128 1266 periculorum

549 1311 669 1363 qua:
701 1309 796 1364 pro
823 1291 1098 1362 eVangelio
1124 1289 1399 1344 subeunda
1443 1299 1565 1342 sunt
1594 1288 1884 1356 participes
1909 1286 2044 1349 sitis,
2077 1295 2131 1341 et

549 1385 736 1456 procul
781 1384 933 1452 positi
982 1383 1113 1436 nihil
1157 1383 1332 1436 minus
1375 1395 1461 1434 me
1498 1380 1614 1448 ipso
1648 1377 1913 1442 habeatis,
1944 1377 2031 1447 qui
2074 1377 2127 1430 in

548 1477 841 1532 certamina
875 1476 986 1544 ipsa
1015 1473 1301 1538 descendi;
1349 1487 1558 1542 azqnum
1592 1471 1749 1542 plane
1783 1479 1885 1534 est,
1928 1479 1983 1522 ιιι
2015 1469 2128 1523 hrec

548 1569 844 1636 relinquam
890 1575 1097 1620 testata.
1136 1564 1246 1619 Cur
1274 1573 1449 1618 autem
1491 1579 1594 1616 non
1639 1561 2124 1629 dixit,Participes,

548 1659 670 1725 sed,
723 1657 840 1713 Una
884 1674 1078 1711 mecum
1119 1656 1430 1725 participes?
1479 1655 1544 1708 Et
1579 1669 1678 1723 ego
1725 1656 1867 1722 ipse,
1921 1653 2125 1722 inquit,

547 1752 700 1807 alteri
735 1752 1004 1819 impertio,
1053 1757 1110 1803 ut
1147 1765 1246 1802 una
1294 1747 1412 1801 [iam
1456 1747 1724 1816 particeps
1751 1745 2010 1812 evangelii
2049 1745 2126 1815 (l.

546 1845 666 1899 Cor.
713 1843 767 1899 9.
808 1843 926 1912 23),
960 1841 1010 1896 id
1043 1849 1125 1896 est
1152 1840 1432 1902 bonorum,
1467 1852 1583 1906 quae
1609 1851 1704 1906 pro
1731 1835 2008 1904 evangelio
2029 1849 2128 1890 nos

547 1946 783 1990 manent.
817 1935 892 1988 Ae
915 1933 1106 1987 mirum
1141 1930 1380 2001 profecto
1411 1937 1512 1992 est,
1537 1940 1724 1981 omnes
1755 1926 1872 1980 illos
1902 1927 1972 1980 ita
2001 1927 2128 1981 a’ll'e-

545 2037 661 2080 ctos
685 2025 864 2079 animo
889 2025 1068 2087 fuisse,
1099 2031 1156 2078 ut
1183 2037 1211 2075 a
1240 2021 1402 2076 Paulo
1435 2018 1611 2073 vocari
1645 2027 1864 2088 possent
1890 2017 1970 2071 sui
2007 2033 2129 2087 par-

545 2117 734 2186 ticipcs
767 2133 782 2169 :
817 2115 885 2169 ita
915 2115 1056 2168 enim
1089 2113 1277 2182 inquit,
1311 2111 1460 2178 Quod
1493 2125 1665 2163 omnes
1693 2125 1779 2162 vos
1804 2125 1905 2162 una
1934 2125 2127 2163 mecum

546 2209 816 2279 participes
847 2209 966 2261 estis
999 2207 1199 2279 gratim.
1248 2205 1373 2258 [lare
1411 2203 1571 2274 igitur
1613 2203 1756 2256 initia
1791 2201 1947 2255 lidcm
1997 2201 2127 2256 mihi

546 2301 765 2365 faciunt,
790 2316 883 2354 vos
912 2315 1078 2368 usque
1107 2298 1171 2352 ad
1198 2297 1356 2352 finem
1380 2297 1510 2350 tales
1540 2295 1674 2349 fore.
1706 2293 1808 2348 Vix
1843 2294 1982 2353 enim
2009 2293 2125 2348 fieri

545 2403 742 2464 potest,
773 2405 824 2448 ut
856 2393 1173 2464 principium
1209 2392 1343 2445 adeo
1371 2387 1706 2460 splendidum
1734 2388 2122 2457 exstinguatur,

544 2497 705 2554 atque
745 2494 1049 2544 evanescat.
1094 2484 1188 2539 sed
1230 2497 1449 2552 magnos
1483 2495 1694 2552 quoque
1736 2495 1799 2534 ac
1840 2480 2126 2550 prmelaros

544 2579 720 2630 exitus
750 2585 989 2646 prmstat.

615 2669 670 2721 4.
700 2668 960 2733 Quoniam
999 2667 1157 2736 igitur
1197 2668 1302 2722 alia
1341 2665 1569 2735 quadam
1608 2665 1812 2720 ratione
1849 2665 1973 2720 licet
2007 2679 2126 2719 esse

547 2759 857 2828 participem
880 2758 1065 2827 gratia:
1087 2767 1140 2812 et
1161 2758 1518 2826 periculorum
1546 2765 1599 2811 et
1623 2756 2005 2817 calamitatum,
2031 2755 2126 2807 ob-

543 2863 698 2904 secro
743 2863 843 2918 ego
888 2862 1017 2912 vos,
1047 2851 1214 2901 simus
1251 2861 1348 2901 nos
1384 2861 1594 2916 quoque
1624 2846 1930 2914 participes.
1955 2844 2123 2910 Quam

543 2941 692 2994 multi
719 2955 782 2994 ex
810 2940 874 2993 iis
896 2939 985 3009 qui
1017 2938 1101 2992 hic
1125 2947 1251 2992 sunt
1272 2937 1509 2992 vellent?
1535 2937 1772 3006 quinimo
1796 2951 1984 2992 omnes
2008 2935 2124 2990 vel-

544 3030 664 3084 letis
701 3029 982 3098 participes
1007 3044 1128 3084 esse
1155 3028 1304 3082 Pauli
1337 3029 1386 3082 in
1417 3027 1663 3096 repositis
1690 3027 1795 3081 illis
1824 3027 1998 3081 bonis.
2032 3027 2128 3080 At-

541 3122 630 3190 qui
661 3120 800 3183 licct.
830 3120 874 3173 si
907 3119 1090 3185 vultis,
1121 3118 1275 3173 facile
1324 3117 1463 3172 istud
1491 3117 1727 3188 assequi,
1754 3118 1797 3172 si
1822 3118 1885 3171 iis
1909 3118 1995 3187 qui
2020 3119 2122 3173 mi-

543 3212 820 3267 nisterium
871 3212 1011 3266 illius
1056 3219 1482 3280 reprresentant,
1513 3211 1578 3264 iis
1625 3210 1712 3279 qui
1763 3225 1862 3279 pro
1907 3211 2122 3266 Christo

541 3310 678 3362 male
722 3284 1077 3376 accipiundur,
1109 3305 1285 3360 velitis
1326 3303 1626 3359 subsidium
1667 3303 1914 3358 alacriter
1957 3302 2115 3367 ferre,

538 3400 807 3468 epitulari,
829 3415 1040 3452 manum
1068 3397 1357 3468 porrigi-re.
1378 3394 1537 3450 Vides
1560 3394 1846 3464 periclitari
1869 3394 2122 3448 fratrem?

538 3495 750 3563 porrige
797 3509 1033 3546 matrum.
1080 3492 1238 3546 Vides
1283 3501 1669 3560 pra'ceptorcm
1703 3487 1888 3558 prmlio
1917 3489 2122 3557 appeti-

541 3586 684 3637 tum?
709 3585 920 3638 assiste.
950 3587 1016 3637 At
1039 3585 1180 3637 enim
1207 3582 1361 3644 dicis.
1379 3596 1536 3636 nemo
1563 3589 1646 3635 est
1669 3580 1758 3650 qui
1789 3579 1953 3633 Paulo
1975 3594 2122 3632 con:-

540 3675 713 3743 parari
741 3685 921 3743 queat.
956 3675 1035 3727 En
1060 3674 1235 3726 subito
1255 3673 1416 3726 animi
1448 3672 1626 3734 elatio,
1657 3671 1833 3725 subito
1855 3669 2116 3739 iudicant.

538 3766 819 3820 Neminem
848 3781 1013 3833 prope
1040 3765 1104 3817 ad
1135 3763 1358 3818 Paulum
1382 3762 1661 3826 accedere,
1681 3777 1781 3830 ego
1811 3776 2024 3830 quoque
2047 3760 2119 3811 fa-

540 3865 656 3909 teor
674 3863 1081 3920 :verumtamen,
1109 3853 1207 3918 Qui
1225 3852 1419 3922 recipit,
1441 3853 1630 3921 inquit,
1647 3851 1943 3920 prophetam
1959 3851 2012 3904 in
2029 3867 2122 3904 no-

540 3949 675 4002 mine
690 3949 968 4018 propltctw,
989 3947 1264 4000 mercedem
1281 3962 1372 4018 pro
1379 3945 1540 4014 pltette
1555 3945 1761 4012 accipiet
1778 3944 1797 4015 (
1821 3943 2007 3997 Matth.
2030 3944 2117 4000 10.

536 4040 663 4109 41).
707 4039 843 4094 Nom
876 4039 1242 4108 Philippenses
1270 4037 1338 4090 ob
1365 4052 1483 4091 eam
1515 4050 1729 4090 causam
1777 4035 2122 4089 admirabiles

537 4141 712 4196 erant,
738 4129 876 4200 quod
899 4129 1116 4184 Paulum
1136 4127 1494 4198 adjuvabant?
1507 4125 1644 4192 Non,
1664 4125 1984 4196 inquam.ob
2001 4141 2118 4180 eam

536 4237 773 4282 causam.
800 4221 892 4276 sed
919 4222 1169 4292 quoniam
1196 4219 1664 4275 communicabant
1685 4217 1754 4282 ei,
1778 4216 1867 4288 qui
1889 4231 2122 4286 evange-

543 4313 595 4368 lii
621 4312 1047 4383 praedicationem
1071 4321 1399 4382 susceperat.
1428 4311 1716 4382 Propterea
1740 4311 1932 4366 Paulus
1955 4309 2123 4365 hono-

542 4426 652 4464 rem
677 4407 1098 4477 promerebatur,
1117 4408 1374 4478 quoniam
1399 4405 1514 4461 haec
1538 4405 1834 4475 patiebatur
1857 4419 1951 4474 pro
1971 4403 2126 4460 Chri-

540 4511 644 4556 sto.
677 4499 862 4567 Qualis
889 4499 1103 4563 Paulus,
1131 4513 1289 4554 nemo
1317 4507 1418 4553 est.
1449 4496 1588 4566 Quid
1613 4496 1755 4562 dico,
1787 4495 1961 4566 qualis
1987 4494 2125 4550 Pau-

541 4595 665 4649 lus?
690 4608 846 4648 nemo
870 4593 1060 4662 estqui
1082 4592 1149 4646 ad
1173 4593 1383 4647 beatum
1409 4591 1554 4645 illum
1579 4590 1661 4644 vel
1687 4603 1853 4658 prOpe
1872 4587 2120 4643 accedat:

542 4683 854 4755 prazdicatio
896 4692 1074 4737 autem
1117 4682 1303 4736 eadem
1331 4689 1432 4745 est,
1462 4696 1579 4749 qua:
1606 4681 1696 4734 illo
1721 4689 1961 4749 tempore
1985 4686 2122 4734 erat.

543 4778 654 4832 Nec
677 4785 903 4840 tantum,
921 4773 1049 4827 dum
1075 4773 1126 4826 in
1151 4772 1377 4826 vinculis
1398 4778 1536 4837 erat,
1561 4771 1610 4825 ei
1632 4769 2122 4832 communicabant,

542 4870 636 4926 sed
667 4869 830 4925 etiam
861 4884 889 4921 a
919 4867 1180 4938 principio
1209 4883 1222 4917 :
1255 4865 1376 4919 audi
1399 4865 1540 4918 enim
1566 4864 1732 4932 ipsius
1758 4864 1942 4928 verba,
1970 4861 2126 4917 Scitis

539 4973 708 5018 autem
733 4973 778 5020 et
801 4978 886 5016 vos
907 5003 922 5027 ,
951 4959 1326 5029 Philippenscs,
1358 4956 1494 5025 quod
1518 4956 1570 5008 in
1598 4955 1852 5023 principio
1880 4955 2126 5025 evangelii

543 5061 688 5115 nulla
719 5058 840 5112 mihi
870 5055 1097 5109 Ecclesia
1123 5050 1504 5106 comnmnicavit
1532 5050 1586 5102 in
1615 5049 1810 5101 ratione
1835 5048 1941 5100 dati
1971 5059 2016 5102 et
2041 5065 2128 5101 ac-

539 5155 691 5224 cepti,
709 5153 806 5207 nisi
823 5167 908 5205 vos
924 5149 1020 5204 soli
1033 5145 1288 5218 (Philipp.
1305 5143 1488 5210 4.15).
1505 5144 1579 5198 Ac
1596 5156 1724 5197 sane
1738 5141 1952 5195 omissis
1968 5141 2127 5196 etiam

543 5245 818 5314 periculis.
842 5243 1037 5298 multas
1057 5239 1217 5295 habet
1239 5236 1510 5292 molestias
1534 5242 1830 5306 praeceptor
1855 5251 1867 5288 :
1897 5234 2124 5302 vigilias,

541 5336 754 5390 dicendi
781 5349 842 5389 ac
869 5333 1092 5388 docendi
1124 5331 1381 5394 laborem,
1411 5327 1882 5399 reprehensiones.
1911 5341 2129 5381 accusa-

543 5429 719 5480 tiones
738 5465 755 5492 ,
785 5426 1052 5494 querelas,
1069 5422 1504 5480 obtrectationes.
1524 5418 1795 5472 invidiam.
1814 5417 1970 5471 Levia
1990 5416 2125 5480 lucc,

542 5521 629 5574 dic
647 5517 798 5583 mihi,
819 5518 1084 5571 sexcentis
1100 5531 1157 5569 se
1174 5515 1368 5585 linguis
1384 5526 1673 5584 exponere,
1691 5525 1812 5564 cum
1834 5509 2016 5563 liceret
2033 5523 2127 5562 sua

545 5614 702 5666 unius
725 5608 1050 5682 procurare?
1075 5606 1184 5661 lleu
1203 5607 1327 5676 quid
1351 5605 1478 5659 mihi
1497 5604 1659 5659 animi
1682 5603 1798 5657 est?
1821 5601 2026 5654 duabus
2046 5615 2130 5655 re-

546 5705 646 5757 bus
668 5703 1006 5764 interclusus,
1035 5699 1243 5763 lucsito,
1265 5709 1424 5766 atque
1443 5696 1642 5750 ἥλιξι-ει).
1665 5693 1796 5747 Nam
1819 5708 1938 5746 cum
1961 5706 2056 5744 vos
2076 5700 2131 5745 et

547 5795 836 5847 admonere
863 5801 918 5847 et
943 5789 1212 5846 cohortari
1245 5788 1421 5858 cupio,
1455 5795 1515 5841 ut
1539 5793 1755 5844 sanctos
1785 5784 1878 5838 Dei
1906 5781 2128 5837 foveatis

547 5884 804 5952 omnique
843 5897 943 5953 ope
983 5881 1212 5952 juvetis;
1244 5888 1353 5935 tum
1394 5892 1522 5933 vero
1559 5884 1739 5933 metuo
1782 5889 1848 5930 ne
1898 5875 1980 5930 cui
2026 5873 2125 5927 alia

1293 442 1348 498 S.
1386 437 1661 495 JOANNIS
1697 435 2166 494 CllRYSOSTOMI
2197 437 2512 496 ARClllEP.
2553 440 3083 503 CONSTANTINOP.

3720 450 3821 508 188

2239 555 2481 623 quzedam
2521 555 2716 612 incidat
2750 561 3005 628 suSpicio,
3038 559 3285 616 nimirum
3311 559 3446 616 hanc
3471 561 3597 616 mihi
3621 565 3821 619 oratio-

2237 661 2358 700 nem
2379 663 2483 702 non
2504 650 2686 716 vestri,
2710 650 2803 705 sed
2828 651 3037 706 illorum
3060 667 3218 708 causa
3240 668 3360 708 esse
3377 664 3704 724 susceptam.
3729 656 3821 712 Ve-

2238 754 2355 793 rum
2378 741 2568 796 scitote
2588 743 2701 798 haec
2723 759 2751 797 a
2776 759 2861 798 me
2884 760 2987 798 non
3010 745 3244 811 illorum,
3263 747 3354 802 sed
3378 757 3548 802 vestra
3580 749 3816 817 ipsorum

2236 843 2395 882 causa
2422 829 2546 894 dici,
2581 831 2756 902 idque,
2792 833 2837 887 si
2869 844 3100 889 mentem
3126 835 3407 891 advertere
3455 838 3656 905 velitis,
3688 841 3818 910 ipsae

2237 921 2387 975 vobis
2414 923 2647 978 rationes
2675 927 3086 994 persuadebunt.
3113 927 3225 983 Non
3251 939 3453 998 aequate
3475 941 3563 985 est
3583 932 3814 996 lucrum,

2235 1012 2374 1080 quod
2415 1028 2508 1068 vos
2549 1018 2830 1084 reportatis
2872 1027 3031 1083 atque
3076 1019 3148 1073 illi
3181 1037 3193 1072 :
3228 1036 3348 1073 nam
3391 1036 3485 1074 vos
3519 1022 3733 1091 quidem
3771 1026 3813 1079 si

2235 1102 2510 1170 dederitis,
2534 1121 2594 1160 ea
2622 1106 2836 1175 dabitis,
2869 1125 2988 1178 qua:
3010 1110 3170 1178 paulo
3199 1120 3335 1179 post,
3367 1112 3542 1166 velitis
3562 1152 3578 1175 ,
3611 1113 3812 1181 nolitis,

2235 1193 2354 1247 aliis
2377 1196 2692 1265 resignaturi
2719 1207 2772 1252 et
2798 1200 3105 1254 concessuri
3136 1201 3299 1262 estis;
3331 1211 3385 1254 at
3407 1217 3524 1271 qua:
3550 1204 3811 1273 accipitis.

2237 1298 2524 1354 permagna
2554 1295 2678 1341 sunt
2697 1328 2713 1351 ,
2743 1287 2929 1358 longe,
2963 1289 3177 1359 inquam
3198 1331 3213 1356 ,
3242 1291 3464 1360 majora.
3495 1292 3685 1346 Annon
3715 1293 3814 1349 hoe

2235 1375 2414 1429 animo
2439 1377 2586 1441 estis,
2616 1381 2860 1448 accipere
2886 1395 2980 1434 vos
2999 1423 3014 1446 ,
3041 1395 3162 1435 cum
3195 1381 3369 1436 datis?
3396 1382 3510 1451 Ego
3534 1399 3681 1446 vero.
3710 1385 3814 1441 nisi

2236 1466 2337 1520 hoc
2381 1471 2559 1522 animo
2601 1472 2767 1536 estis,
2817 1487 2883 1526 ne
2925 1473 3064 1528 detis
3112 1474 3324 1543 quidem
3373 1475 3577 1529 velim:
3610 1486 3811 1532 tantum

2234 1561 2406 1619 abeSI.
2433 1577 2530 1630 pro
2555 1563 2656 1617 illis
2685 1580 2986 1620 sermonem
3011 1565 3221 1621 faciam.
3245 1567 3356 1622 Nisi
3383 1571 3498 1639 quis
3528 1579 3684 1624 antea
3712 1571 3812 1625 sibi

2233 1654 2593 1722 persuaserit,
2627 1657 2871 1724 accipere
2914 1672 2972 1711 se
3017 1659 3182 1731 magis
3224 1675 3380 1728 quant
3430 1660 3596 1724 dare,
3626 1661 3814 1730 ingens

2236 1743 2440 1797 lucrum
2475 1743 2668 1810 facere,
2703 1746 2962 1802 beneficio
2993 1750 3159 1819 magis
3193 1749 3332 1804 affici
3372 1765 3530 1820 quam
3559 1753 3812 1819 afficere;

2236 1833 2326 1889 ille
2354 1851 2484 1891 vero
2513 1853 2579 1890 ne
2607 1837 2699 1892 det
2725 1856 2738 1891 :
2769 1840 2812 1893 si
2842 1840 2910 1892 ita
2943 1849 3112 1908 putat,
3137 1839 3265 1896 dare
3295 1857 3355 1898 se
3383 1842 3698 1899 beneﬁcium
3719 1861 3813 1899 ac-

2233 1927 2471 1996 cipienti,
2502 1944 2570 1985 ne
2598 1929 2709 1985 det.
2753 1930 2866 1985 Non
2894 1933 3036 1986 enim
3069 1932 3120 1986 id
3155 1933 3284 1989 mihi
3317 1950 3460 1990 nunc
3490 1951 3818 2006 magnopere

2234 2031 2378 2073 curre
2401 2029 2504 2086 est,
2528 2028 2586 2073 ut
2605 2021 2818 2076 alantur
2837 2023 3008 2077 sancti
3035 2041 3048 2076 :
3074 2039 3195 2077 nam
3219 2025 3321 2079 nisi
3350 2033 3403 2079 tu
3425 2025 3658 2090 dederis,
3677 2027 3816 2082 alius

2233 2107 2380 2163 dabit
2422 2108 2777 2175 Quamobrem
2805 2113 2944 2181 quod
2968 2114 3110 2182 volo,
3132 2115 3230 2170 hoc
3253 2124 3336 2170 est
3357 2134 3370 2170 :
3395 2126 3450 2171 ut
3471 2132 3568 2172 vos
3586 2120 3816 2185 peccatis

2233 2201 2425 2254 vestris
2455 2201 2626 2256 lenem
2653 2204 2937 2274 quamdam
2965 2206 3280 2262 medicinam
3305 2207 3509 2262 faciatis
3531 2227 3544 2261 :
3566 2211 3654 2280 qui
3685 2227 3814 2266 vero

2234 2292 2370 2348 hanc
2387 2293 2439 2348 in
2457 2295 2631 2350 dando
2653 2299 2908 2353 rationem
2934 2314 3036 2353 non
3063 2308 3226 2366 tenet,
3252 2301 3567 2356 medicinam
3594 2317 3697 2357 non
3721 2303 3812 2358 hac

2232 2385 2396 2441 bebit.
2428 2387 2542 2442 Non
2572 2391 2714 2444 enim
2745 2390 2893 2452 dare,
2927 2392 3020 2447 sed
3049 2394 3276 2448 alacrem
3306 2393 3457 2458 dare,
3487 2393 3579 2448 sed
3607 2394 3809 2459 Ianum,
3904 2372 3910 2377 ”

2232 2477 2324 2533 sed
2343 2479 2541 2549 gratias
2559 2479 2843 2536 habentem
2861 2483 3161 2552 accipienti.
3182 2484 3282 2537 hoc
3297 2492 3396 2545 est.
3417 2483 3809 2555 eleemosynam

2234 2570 2411 2624 facere
2443 2589 2456 2624 :
2489 2572 2563 2625 ait
2587 2573 2751 2635 enim,
2785 2571 2905 2627 Non
2935 2589 2998 2627 ea:
3025 2573 3244 2636 tristitia,
3273 2585 3359 2626 aut
3388 2590 3451 2627 ex
3476 2576 3768 2629 necessitate
3793 2590 3813 2629 :

2233 2661 2445 2715 hilarem
2470 2662 2601 2715 enim
2622 2661 2849 2716 datorem
2872 2664 3034 2734 diligit
3057 2661 3194 2717 Deus
3217 2661 3236 2734 (
3253 2661 3289 2716 2
3341 2663 3456 2717 Cor.
3488 2664 3541 2718 9.
3575 2666 3668 2735 7).
3693 2667 3808 2722 Non

2232 2755 2322 2810 det
2351 2755 2526 2825 igitur,
2552 2755 2640 2824 qui
2671 2755 2771 2810 hoc
2797 2755 2958 2809 modo
2983 2770 3088 2810 non
3119 2755 3203 2809 dat
3238 2773 3250 2809 :
3276 2757 3483 2824 jactura
3505 2759 3645 2812 enim
3670 2759 3807 2814 istud

2230 2857 2330 2910 est,
2364 2862 2468 2900 non
2496 2848 2857 2920 eleemosyna.
2891 2849 3065 2914 Quare
3091 2850 3133 2902 si
3166 2849 3314 2904 vobis
3345 2849 3446 2904 hoc
3471 2853 3807 2922 exploratum

2231 2947 2334 3005 est,
2365 2953 2462 2994 vos
2487 2953 2608 2994 esse
2633 2941 2720 3007 qui
2747 2949 3009 3008 quastum
3039 2939 3231 3002 facilis,
3263 2956 3369 2995 non
3397 2942 3538 3009 illos,
3566 2945 3810 3013 explora-

2231 3038 2340 3084 tum
2364 3045 2576 3101 quoque
2603 3030 2730 3086 illud
2758 3032 2846 3095 sit,
2872 3033 3042 3102 majus
3065 3035 3224 3087 etiam
3256 3033 3456 3088 lucrum
3481 3035 3632 3090 vobis
3657 3051 3808 3092 acce-

2229 3122 2379 3178 dere.
2408 3123 2544 3178 Nam
2585 3123 2690 3178 illis
2729 3123 2946 3194 quidem
2986 3139 3181 3194 corpus
3223 3125 3416 3189 alitur;
3451 3126 3602 3182 vobis
3628 3139 3805 3184 autem

2228 3214 2554 3284 splendescit
2582 3216 2757 3269 anima
2787 3231 2800 3267 :
2832 3215 2968 3280 illis,
2995 3229 3114 3270 cum
3147 3217 3413 3284 accipiunt
3435 3257 3450 3278 ,
3485 3217 3686 3271 nullum
3719 3234 3806 3272 re-

2229 3307 2459 3363 mittitur
2479 3315 2753 3378 peccatum
2771 3323 2786 3371 ;
2807 3306 2959 3362 vobis
2981 3322 3108 3362 vero
3130 3308 3309 3361 multae
3335 3307 3657 3364 offensiones
3681 3310 3808 3364 abo-

2229 3400 2426 3455 lentur.
2457 3399 2926 3455 Communicemus
2975 3399 3133 3468 igitur
3176 3399 3304 3468 ipsis
3348 3400 3399 3453 in
3439 3399 3717 3455 laboribus
3745 3415 3807 3455 ac

2227 3491 2640 3555 certaminibus,
2672 3500 2729 3545 ut
2759 3492 2811 3545 in
2843 3492 3049 3562 magnis
3080 3506 3289 3560 quoque
3316 3491 3417 3545 illis
3451 3494 3684 3561 prmmiis
3713 3494 3807 3547 ali-

2227 3581 2440 3651 quando
2467 3582 2939 3636 communieemus.
2972 3581 3084 3636 Non
3111 3580 3396 3636 defuerunt
3416 3583 3502 3652 qui
3527 3598 3681 3653 reges
3705 3582 3804 3637 sibi

2228 3674 2565 3742 adoptarent,
2597 3684 2758 3742 atque
2801 3674 2852 3727 in
2892 3689 2958 3728 eo
2999 3674 3168 3744 magis
3209 3690 3268 3729 se
3307 3673 3457 3741 dare,
3486 3690 3643 3745 quam
3671 3675 3808 3730 acci-

2228 3780 2356 3834 pere
2386 3773 2648 3833 putarent.
2693 3764 2773 3820 Tu
2801 3764 3074 3820 Christum
3103 3765 3193 3818 tibi
3221 3763 3435 3834 adopta,
3470 3774 3693 3835 tuasque
3723 3779 3808 3820 res

2231 3857 2282 3910 in
2319 3865 2432 3911 tuto
2461 3855 2770 3911 collocabis.
2804 3855 2894 3910 Vis
2924 3865 2976 3911 et
3008 3855 3173 3910 Paulo
3211 3856 3648 3911 communicare?
3682 3855 3806 3924 quid

2227 3953 2350 4008 dico
2378 3953 2561 4018 Paulo,
2595 3952 2682 4007 ubi
2709 3950 2952 4006 Christus
2983 3950 3097 4018 ipse
3122 3959 3224 4012 est,
3252 3949 3340 4019 qui
3363 3949 3596 4017 accipit”!

2300 4044 2352 4100 ὅ.
2397 4042 2744 4114 Eleemosyme
2783 4040 3028 4112 faciendae
3051 4041 3202 4094 ratio.
3225 4037 3376 4094 —Ut
3405 4049 3580 4092 autem
3612 4038 3809 4092 intelli-

2227 4133 2386 4204 gatis,
2415 4149 2500 4188 me
2527 4147 2632 4187 non
2655 4132 2880 4186 aliorum
2907 4129 3221 4185 recreationi
3245 4127 3568 4194 studentem,
3592 4127 3684 4180 sed
3720 4142 3813 4180 ve-

2228 4235 2337 4280 stra
2364 4238 2523 4278 causa
2547 4222 2663 4277 hzee
2684 4221 2862 4276 omnia
2884 4229 2938 4275 et
2969 4220 3149 4274 dicere
3176 4227 3227 4272 et
3258 4218 3431 4272 facere
3456 4235 3468 4270 :
3493 4218 3538 4272 si
3577 4219 3696 4287 quis
3726 4224 3810 4270 est

2229 4331 2294 4370 ex
2321 4313 2584 4384 praifectis
2601 4312 2872 4373 Ecclesiae,
2893 4312 2979 4381 qui
3004 4310 3160 4364 vitam
3183 4324 3290 4363 non
3314 4309 3524 4378 inopem
3550 4316 3670 4378 agat
3695 4309 3812 4361 nul-

2232 4409 2387 4478 laque
2417 4421 2475 4461 re
2505 4413 2678 4476 egeat,
2711 4403 2920 4458 etiamsi
2953 4412 3170 4457 sanctus
3213 4401 3314 4465 sit,
3349 4410 3527 4456 tamen
3584 4399 3710 4453 nolo
3759 4399 3808 4453 ei

2231 4502 2358 4565 des;
2405 4499 2497 4555 sed
2527 4499 2650 4554 huic
2675 4512 2929 4568 prmpone
2958 4495 3102 4549 illum
3130 4494 3218 4564 qui
3250 4503 3404 4564 eget,
3433 4493 3676 4563 quamvis
3703 4506 3808 4545 non

2232 4593 2368 4648 adeo
2413 4589 2805 4645 admirabilem.
2861 4587 2997 4655 Quid
3041 4587 3146 4640 ita?
3197 4586 3459 4653 Quoniam
3492 4586 3605 4655 ipse
3647 4584 3807 4639 etiam

2233 4683 2476 4739 Christus
2503 4683 2603 4736 hoc
2626 4681 2697 4734 ita
2722 4680 2853 4743 vult,
2883 4679 3046 4748 idque
3075 4678 3179 4731 illis
3213 4677 3389 4731 verbis
3411 4675 3612 4731 indicat
3640 4693 3652 4727 :
3687 4674 3813 4730 Cum

2233 4774 2360 4846 facis
2380 4789 2573 4826 caenam
2601 4781 2687 4824 aut
2715 4769 3008 4840 prandium,
3041 4769 3144 4821 noli
3175 4783 3352 4820 vocare
3369 4767 3560 4819 amicos
3589 4776 3702 4819 tuos
3723 4780 3813 4817 ne-

2235 4882 2332 4935 que
2349 4873 2609 4935 cognatos,
2648 4863 2738 4916 sed
2776 4861 2980 4924 debiles,
3014 4858 3224 4913 claudos
3248 4867 3294 4912 et
3337 4873 3495 4912 caecos
3524 4856 3688 4926 (Luc.
3723 4856 3812 4909 H.

2243 4955 2328 5010 12.
2364 4954 2453 5024 15)
2481 4971 2492 5005 :
2518 4967 2612 5008 eos
2643 4951 2889 5006 nimirum
2912 4992 2926 5016 ,
2959 4948 3049 5018 qui
3083 4949 3173 5002 tibi
3201 4964 3299 5020 par
3331 4949 3447 5018 pari
3475 4947 3680 5002 referre
3710 4961 3818 4999 non

2237 5055 2479 5118 possunt.
2509 5044 2622 5098 Ncn
2665 5045 2807 5098 enim
2836 5051 3036 5096 temere
3081 5050 3206 5095 sunt
3245 5040 3470 5109 quilibet
3519 5037 3819 5100 invitandi,

2238 5140 2332 5195 sed
2363 5138 2683 5203 esurientes,
2715 5134 2809 5190 sed
2855 5134 3116 5196 sitientes,
3147 5132 3240 5187 sed
3282 5130 3432 5194 nudi,
3456 5128 3551 5185 sed
3583 5127 3835 5198 peregri-

2237 5232 2314 5298 ni,
2347 5230 2423 5303 (a)
2448 5228 2571 5302 [sed
2603 5228 2637 5282 ii
2673 5226 2761 5297 qui
2806 5241 2870 5281 ex
2914 5225 3112 5279 divitiis
3151 5224 3214 5278 ad
3245 5224 3473 5293 inopiam
3521 5229 3645 5276 sunt
3698 5218 3836 5273 red-

2237 5321 2388 5394 acti.]
2408 5322 2518 5375 Non
2537 5320 2676 5375 enim
2697 5319 2935 5372 absolute
2951 5317 3103 5382 dixit,
3120 5315 3338 5369 Aluistis
3356 5329 3463 5378 me,
3485 5313 3575 5367 sed
3594 5311 3838 5376 addidit,

2242 5414 2574 5467 Esnrienlem
2606 5428 2618 5463 :
2658 5411 2992 5472 I'Isuricntem,
3033 5407 3221 5477 inquit,
3256 5423 3333 5458 me
3370 5405 3583 5466 vidistis,
3631 5412 3679 5455 et
3727 5401 3846 5453 de-

2238 5506 2384 5559 distis
2401 5505 2522 5558 mihi
2545 5502 2850 5555 manducare
2879 5499 3210 5568 (Malliuﬂﬁ.
3244 5497 3354 5565 55).
3384 5493 3536 5562 Quod
3562 5494 3605 5546 si
3636 5506 3805 5562 quem
3827 5523 3854 5534 -

2238 5597 2321 5651 vis
2357 5596 2686 5650 esurientem
2731 5591 2936 5646 nutrire
2967 5603 3102 5662 opus
3131 5597 3243 5653 est;
3292 5585 3461 5640 nmlto
3501 5586 3670 5653 magis
3699 5597 3857 5639 cum

2302 5811 2376 5873 (a)
2401 5811 2590 5859 Uncinis
2608 5807 2768 5858 clausa
2797 5803 3096 5873 deerant_i_n.
3111 5796 3459 5873 Edito;sgd_e}
3479 5791 3660 5845 Codice
3683 5787 3874 5842 Cois-

2239 5859 2417 5925 liniano
2439 5877 2664 5921 restituta
2685 5876 2800 5918 sunt
2827 5877 2878 5918 et
2902 5882 2926 5917 a
2952 5863 3132 5916 Nobilio
3157 5862 3281 5910 lecta
3303 5859 3463 5907 fuere.
