2109 3133
282 193 330 223 189

281 250 312 277 ad
327 248 378 277 cibi
390 247 579 276 necessitatem
594 246 644 273 viri
657 246 784 274 sanctitas
796 247 948 274 accesserit.
962 247 1064 281 Duplici

280 296 348 323 enim
364 294 472 321 nomine
493 292 612 320 officium
633 291 733 326 justum
747 296 788 318 est
803 291 896 326 ,‘quod
913 297 939 319 et
959 292 984 318 in
1004 300 1065 318 sane

279 344 359 372 ctum,
376 342 403 365 et
418 339 444 364 in
467 338 630 364 esurientem
643 336 793 364 confertur.
810 337 878 371 Ergo
894 337 915 363 si
929 337 988 371 quis
1002 345 1064 364 san-

280 390 335 412 ctus
346 384 454 419 quidem
469 383 557 414 fuerit,
575 382 622 409 sed
634 389 686 409 non
699 387 785 416 egeat,
801 382 865 409 nihil
880 383 904 409 ei
918 384 999 409 dato:
1012 391 1063 409 non

280 430 346 458 enim
365 430 415 456 hoc
439 429 541 455 lucrum
555 432 614 457 est.
641 436 694 455 non
721 427 771 454 hoc
785 427 907 455 Christus
921 429 1063 462 przeeepit;

280 475 397 509 quinimo
411 482 444 501 ne
453 478 562 501 sanctus
576 473 683 508 quidem
697 472 739 499 ille
750 473 837 504 fuerit,
854 473 897 507 qtti
909 481 967 499 cum
982 473 1065 499 abnu-

281 521 330 553 det,
347 520 443 554 accipit
458 525 557 546 tamen.
580 517 659 545 Vides
674 527 726 545 non
743 519 827 552 turpis
840 519 904 545 lucri
918 526 995 545 causa
1009 519 1065 545 lucc

278 574 291 593 tt
307 574 349 594 me
364 574 424 593 esse
437 565 517 596 dicta,
542 564 588 591 sed
618 569 714 590 vestra:
736 564 866 590 utilitatis.
884 564 932 590 Ale
946 565 1065 591 esurien-

279 616 328 640 tem
341 632 350 645 ,
367 617 394 639 ut
409 619 441 638 nc
459 611 514 637 alas
525 610 652 645 gehennze
668 609 754 644 ignem
776 617 783 635 :
801 610 845 636 ille
860 610 892 636 de
915 610 965 636 ιυις
986 610 1065 636 rebus

277 658 438 688 comedens,
454 663 512 683 eam
528 656 607 682 etiam
629 660 730 689 partem
755 662 815 689 qua:
835 655 879 680 tibi
899 655 1063 689 relinquitur,

279 700 684 737 sanctificat.Cogita.quomodo
700 701 778 727 vidua
800 700 901 727 llcliam
915 701 1019 731 aluerit,
1034 709 1065 728 ac

279 756 332 775 non
343 748 427 782 magis
451 746 547 774 aluerit
562 753 640 781 quam
655 746 707 773 alta
722 746 771 777 sit;
784 754 837 772 non
852 747 936 780 magis
949 746 1062 776 dederit,

279 802 357 828 qttam
374 793 516 827 acceperit.
534 791 561 818 ld
576 800 644 819 nunc
658 791 737 819 etiam
751 791 788 823 fit,
805 796 831 818 et
845 792 927 818 multo
940 792 1063 825 amplius.

276 839 334 866 Non
347 839 418 866 enim
432 838 522 873 hydria
540 838 643 869 farinae,
658 842 703 863 aut
719 837 840 872 lccytluts
850 837 913 869 olei,
929 837 976 863 sed
990 837 1065 871 quid?

276 885 448 919 centuplum,
464 889 491 911 et
504 884 555 910 vita
571 888 670 910 mterna
686 882 836 916 bujustnodi
858 883 954 910 officiis
969 890 1065 917 propo-

275 931 326 958 sita
344 938 447 958 merces
469 935 518 958 est.
541 929 722 957 Misericordia
739 930 799 961 Dei,
815 929 970 957 alimentum
986 930 1064 964 spiri-

277 978 348 1004 tttale
364 977 421 1009 lias,
447 976 608 1004 fermentum
623 975 762 1002 tnttndum.
781 975 861 1001 Vidua
878 979 935 1002 erat
951 975 1004 1006 illa,
1022 983 1065 1001 ur-

273 1023 355 1057 gebat
380 1022 475 1055 fames,
493 1027 520 1049 et
536 1021 601 1048 nihil
618 1022 712 1048 horum
736 1021 924 1055 impedimento
948 1021 984 1047 illi
1001 1021 1063 1052 fuit;

276 1068 394 1094 habebat
408 1067 491 1099 filios,
506 1074 591 1101 neque
613 1067 674 1093 hinc
697 1067 776 1093 etiam
802 1074 831 1093 se
849 1066 976 1092 retardari
992 1067 1062 1093 si\il.

276 1113 407 1147 {Equavit
422 1112 494 1139 illam
506 1132 514 1143 ,
527 1120 587 1146 qua:
600 1112 673 1138 misit
687 1112 740 1138 duo
755 1113 855 1138 minuta
869 1113 894 1138 in
907 1113 1066 1148 gazophyla-

275 1158 360 1185 cium.
386 1157 445 1184 Non
460 1163 551 1185 secum
567 1157 622 1191 ipsa
638 1157 704 1184 dixit
720 1166 726 1183 :
745 1158 809 1191 ρυςυ
830 1158 893 1184 mihi
919 1158 1016 1185 utilitas
1032 1159 1065 1185 ob

275 1204 330 1231 hoc
346 1203 527 1238 exspectanda
541 1203 600 1230 est!
622 1203 678 1237 ipse
691 1208 751 1237 eget
768 1211 774 1228 :
789 1204 809 1229 si
825 1203 888 1238 quid
911 1204 1005 1230 virium
1020 1204 1065 1231 ha-

273 1251 371 1282 beret,
401 1258 455 1276 non
481 1249 619 1277 incidisset
644 1249 670 1275 in
697 1249 792 1276 famem
809 1258 815 1276 :
832 1250 976 1284 depulisset
999 1250 1065 1277 hanc

271 1297 439 1328 siccitatem,
451 1303 505 1322 non
520 1295 614 1322 iisdem
631 1299 794 1329 premeretur
804 1295 881 1321 malis
898 1305 903 1321 :
922 1295 1030 1322 forsitan
1040 1301 1066 1323 et

272 1343 331 1377 ipse
346 1342 371 1369 in
386 1341 432 1368 Dei
443 1341 617 1368 offensionem
630 1341 751 1367 incurrit.
774 1340 842 1367 Nihil
855 1341 949 1367 horum
963 1342 1063 1376 cogita-

272 1389 321 1416 vit.
342 1387 422 1415 Vides
444 1391 572 1422 quantum
594 1387 655 1414 boni
671 1387 705 1413 sit
726 1386 852 1413 adbibere
868 1387 1064 1421 simplicitatem

273 1435 299 1461 in
314 1433 518 1465 benefaciendo,
535 1440 585 1460 nec
597 1433 674 1459 nimis
689 1440 793 1459 curiose
809 1432 834 1459 in
845 1439 905 1459 cum
918 1433 1060 1467 inquirere,

723 189 756 218 IN
775 189 882 218 EPIST.
902 190 949 218 AD
968 190 1109 218 PHILIPP.
1131 191 1207 218 CAP.
1229 190 1249 219 1.
1271 191 1383 219 ιιοιιιι..
1400 191 1430 219 ll.

1858 194 1911 223 I90

1119 248 1163 281 qui
1189 247 1346 275 beneficium
1363 249 1397 275 sit
1428 250 1604 283 accepturus?
1625 250 1652 278 Si
1668 250 1755 277 omnia
1783 252 1908 283 voluisset

1120 294 1199 320 nimia
1216 295 1329 328 quadam
1345 295 1479 329 diligentia
1491 295 1654 330 expendere,
1671 297 1751 323 multa
1766 297 1834 324 illitis
1850 306 1905 325 au:-

1120 347 1190 364 ιιιιιιιι
1206 339 1313 366 diverse
1330 341 1472 367 traxissent
1484 361 1491 371 ,
1509 348 1557 367 nec
1571 340 1648 368 fidem
1669 341 1746 368 habui
1763 347 1814 369 set.
1832 343 1866 369 Ita
1879 349 1906 372 et

1119 384 1252 411 Abraham
1265 386 1285 411 si
1300 386 1404 412 curiOsc
1418 394 1496 420 agerc
1508 386 1645 417 voluisset.
1656 388 1764 422 angelus
1780 396 1831 415 non
1847 397 1905 415 sus-

1118 431 1244 464 cepisset.
1255 431 1322 457 Fieri
1339 431 1408 457 enim
1425 432 1533 459 minime
1544 434 1716 467 potest,lieri,
1727 434 1844 468 inquam,
1855 442 1907 461 non

1120 480 1214 508 potest,
1233 481 1259 502 ut
1276 477 1319 509 qui
1342 481 1394 502 tam
1411 482 1516 503 lennem
1533 478 1645 511 singulis
1667 479 1813 513 quibusque
1829 479 1908 505 rebus

1118 521 1301 547 examinandis
1316 521 1478 555 diligentiam
1502 522 1619 553 adhibet,
1633 528 1725 549 sancto
1739 524 1839 550 homini
1860 525 1907 550 ali-

1118 566 1224 599 quando
1240 567 1352 602 benigne
1371 568 1449 594 faciat
1461 589 1467 599 ,
1484 568 1531 594 sed
1553 569 1669 595 muniunt
1686 571 1799 597 maxime
1817 571 1909 598 invidit

1119 611 1144 637 in
1172 612 1344 645 intposloies.
1371 613 1648 647 thnontodoislud,
1666 622 1716 649 ego
1741 616 1836 642 dicam.
1863 617 1908 643 Vir

1119 658 1177 691 pius
1191 665 1243 683 non
1259 657 1308 684 hoc
1320 658 1422 684 alii-clm
1438 680 1444 690 ,
1463 664 1489 685 ιιι
1505 660 1563 693 pius
1583 659 1714 690 videatur,
1731 668 1816 694 neque
1840 661 1908 688 hanc

1118 703 1167 729 sibi
1183 711 1323 736 personam
1336 705 1391 730 vult
1403 705 1549 738 imponere.
1565 705 1668 731 etiamsi
1679 705 1795 731 futurum
1808 706 1905 737 videat,

1119 754 1146 774 ut
1159 748 1306 782 despicatui
1324 750 1451 775 habeatur
1467 760 1472 776 :
1486 750 1615 783 impostor
1626 755 1731 781 autent,
1747 751 1846 785 quippe
1862 752 1908 785 qui

1118 801 1174 819 rem
1185 794 1251 820 hanc
1267 795 1330 820 artis
1345 796 1403 820 loco
1418 794 1494 820 habet
1507 816 1513 827 ,
1531 795 1635 821 eximia:
1650 796 1786 829 enjusdatn
1803 797 1907 830 pictatis

1118 840 1234 873 speciem
1246 840 1356 866 artificio
1372 840 1403 867 ad
1416 840 1667 875 deprehendendum
1682 842 1839 869 difﬁcillimo
1854 851 1908 877 pra:

1119 892 1146 910 se
1161 885 1221 911 fert.
1237 885 1414 917 Quamobrem
1432 886 1469 917 ill,
1487 891 1514 913 ut
1529 886 1573 913 ille
1586 887 1703 921 quidem,
1719 887 1762 922 qui
1773 889 1852 914 etiam
1873 889 1905 915 iis

1118 931 1160 963 qui
1181 938 1231 956 non
1249 931 1371 957 videntur
1385 932 1418 965 pii
1433 953 1439 963 ,
1458 931 1570 966 benigne
1584 933 1655 964 facit,
1671 933 1696 959 in
1709 933 1766 967 pios
1786 934 1883 960 incidat
1899 944 1905 959 :

1118 978 1160 1009 qui
1175 981 1263 1002 autent
1278 985 1324 1002 eos
1351 978 1422 1004 srlos
1438 979 1532 1009 qua-rit
1546 978 1590 1013 qtti
1606 979 1639 1013 pii
1656 980 1852 1012 existimantur,
1866 982 1905 1007 iti-

1117 1022 1185 1048 cidat
1201 1029 1317 1056 persznpe
1344 1023 1368 1048 in
1395 1023 1499 1057 impios.
1519 1024 1637 1051 Obsecro
1659 1025 1747 1059 igitur,
1774 1026 1862 1052 omnia
1880 1027 1905 1053 in

1118 1067 1285 1102 simplicitate
1302 1068 1438 1094 faciamus.
1456 1068 1518 1095 Esto
1533 1069 1614 1101 enim,
1628 1070 1671 1104 qui
1686 1069 1718 1096 ad
1730 1077 1778 1096 nos
1792 1071 1905 1104 accedit,

1118 1115 1151 1140 sit
1163 1115 1308 1146 impostor;
1322 1122 1373 1139 non
1391 1119 1477 1140 tamen
1490 1114 1579 1148 jussus
1594 1122 1623 1142 es
1639 1115 1695 1141 hmc
1709 1116 1813 1143 curiose
1828 1123 1905 1143 scru-

1119 1159 1167 1184 tari
1184 1166 1189 1183 :
1206 1157 1281 1184 Omni
1296 1159 1366 1184 enim
1379 1179 1385 1189 ,
1403 1159 1496 1192 inquit,
1512 1168 1527 1184 ιι
1543 1165 1566 1185 ιε
1577 1161 1668 1193 petenti
1683 1161 1763 1187 tribue
1780 1161 1861 1196 (Luc.
1878 1162 1906 1189 6.

1118 1204 1162 1237 ’50)
1176 1212 1181 1234 ;
1198 1208 1234 1235 et,
1251 1204 1300 1235 Qui
1316 1205 1450 1230 trahuntur
1461 1204 1495 1230 ad
1509 1206 1646 1238 interitum,
1665 1206 1771 1233 liberare
1784 1216 1814 1233 ne
1827 1215 1907 1235 cases

1121 1249 1208 1283 (Prov.
1227 1250 1270 1276 2i.
1289 1249 1331 1285 ll)
1349 1258 1355 1276 :
1369 1251 1488 1284 quamvis
1505 1251 1578 1277 multi
1591 1259 1682 1277 eorum
1697 1252 1741 1286 qtti
1757 1258 1885 1279 necantur
1897 1274 1903 1285 ,

1119 1295 1144 1321 in
1160 1295 1314 1324 criminibus
1336 1295 1496 1330 deprehensi
1514 1304 1543 1323 ea
1558 1304 1633 1331 pinna
1658 1298 1775 1324 mulctati
1792 1298 1906 1331 fuerint;

1118 1341 1176 1373 sed,
1195 1341 1235 1367 Ne
1250 1350 1339 1373 cesses,
1356 1343 1450 1376 inquit.
1468 1342 1503 1369 lla
1519 1342 1619 1369 similes
1634 1343 1698 1376 Deo,
1713 1344 1747 1370 ita
1763 1345 1906 1371 admirabi-

1120 1388 1157 1413 les
1170 1389 1277 1418 crimus.
1294 1393 1320 1415 ct
1336 1389 1494 1415 immortalia
1507 1390 1574 1415 bona
1589 1397 1784 1424 consequemur
1796 1399 1802 1417 :
1813 1391 1908 1425 quibus

1120 1435 1219 1459 utinam
1231 1434 1302 1467 digni
1318 1435 1475 1467 efficiamur,
1488 1441 1538 1462 etc.

983 1535 1154 1566 HOMILIA
1177 1538 1216 1567 ll.

273 1611 343 1641 CAP-
359 1610 385 1637 Ι.
396 1617 423 1637 v.
438 1608 466 1637 8.
482 1607 561 1636 Tertia
573 1611 609 1635 ut
623 1607 684 1634 mihi
696 1605 774 1640 Dm,
788 1606 914 1642 quatuodo
926 1614 969 1634 sua
981 1615 1067 1634 antire;

312 1655 415 1690 cupiam
431 1655 458 1681 in
472 1653 608 1680 uisceribus
619 1651 683 1679 Im
697 1650 800 1678 Christi.
814 1651 840 1679 9.
856 1650 890 1678 Et
903 1651 951 1678 hoc
963 1659 1019 1684 oro,
1039 1656 1068 1679 ut

314 1700 407 1728 caritas
418 1704 500 1727 uestra
510 1698 595 1725 adhuc
608 1697 689 1732 magis
696 1704 726 1723 ac
736 1696 816 1731 magis
828 1696 937 1723 abundet
948 1696 974 1723 in
988 1696 1068 1723 uicu-

317 1747 352 1774 tt'a
373 1751 397 1774 et
417 1745 487 1772 omni
500 1752 575 1771 sensu
587 1751 597 1770 :
613 1743 655 1770 ιο.
671 1746 699 1769 ιιι
713 1742 822 1777 probetis
837 1742 946 1776 potiora,
970 1746 996 1769 ut
1013 1742 1068 1769 sitis

318 1791 408 1818 sinceri
419 1795 443 1817 et
451 1790 506 1817 sine
518 1787 616 1822 oﬂ'ma
629 1787 655 1814 in
666 1787 732 1814 diem
743 1786 847 1819 Christi,
860 1787 903 1814 ll.
913 1786 1001 1821 repleti
1011 1788 1069 1820 [ru-

321 1837 398 1863 ctibus
406 1835 514 1871 jutittc
523 1842 567 1869 per
579 1833 670 1861 Iesum
678 1831 805 1860 Christum
818 1832 844 1859 iu
855 1832 963 1868 gloriam
975 1836 998 1859 et
1011 1831 1068 1858 lau-

324 1882 379 1909 dem
392 1880 448 1907 Dei.

325 1927 349 1954 Ι.
368 1926 427 1953 Non
453 1925 552 1953 idcirco
571 1923 639 1959 quod
655 1924 705 1952 sibi
723 1923 789 1951 fides
803 1930 856 1951 non
871 1922 1014 1956 habeatur,
1029 1927 1069 1949 te-

282 1977 354 2000 stem
365 1972 430 2000 citat
443 1970 538 2003 Dcum,
550 1969 597 1998 sed
609 1977 642 1997 ex
656 1969 738 1997 animi
750 1969 846 1997 aﬂ‘ectu
861 1968 886 1996 id
902 1968 975 2000 facit,
988 1972 1070 2003 utque

282 2018 338 2046 illis
352 2019 403 2046 hoc
417 2017 452 2045 sit
465 2016 707 2052 persuasissimum.
723 2015 789 2043 Nam
803 2016 927 2051 quoniam
946 2014 1068 2048 dixerat,

280 2072 332 2092 eos
346 2063 396 2091 sibi
410 2062 623 2091 communicasse
637 2069 644 2088 :
661 2069 695 2090 ne
709 2062 745 2089 ob
759 2061 827 2088 hanc
842 2068 961 2093 causam,
987 2060 1012 2088 id
1029 2064 1071 2088 est

279 2109 318 2137 ob
330 2116 361 2137 ea
375 2116 436 2144 qute
450 2108 602 2139 mittebant,
618 2111 779 2142 putarentse
795 2107 829 2134 ab
843 2107 900 2142 ipso
912 2105 1069 2139 desiderari,

279 2155 392 2184 minime
403 2162 467 2182 vero
478 2153 549 2190 quod
562 2153 612 2189 ipsi
622 2161 670 2189 per
682 2160 712 2181 se
723 2157 886 2186 amarentur,
902 2152 1001 2180 idcirco
1009 2152 1071 2179 sub-

275 2202 389 2236 jnnxit,
414 2199 449 2228 In
469 2200 603 2227 visceribus
629 2198 732 2226 Christi.
760 2198 827 2232 Quid
856 2198 907 2227 hoc
930 2198 980 2225 sibi
997 2197 1071 2224 vult?

280 2247 355 2274 Idem
379 2254 411 2274 ac
434 2246 456 2273 si
471 2245 600 2278 dixisset,
613 2244 760 2272 secundum
774 2243 908 2272 Christum
924 2252 930 2270 :
945 2244 1070 2279 quoniam

283 2291 378 2319 fideles
391 2290 457 2318 estis
467 2311 474 2324 ,
488 2290 614 2325 quoniam
634 2289 730 2317 amatis
744 2289 891 2321 Christum,
907 2293 1015 2323 propter
1028 2287 1071 2314 di-

281 2337 427 2364 lectionem
441 2343 500 2371 quze
513 2334 661 2363 secundutn
675 2333 811 2362 Christum
824 2338 875 2361 cst.
888 2333 979 2368 Neque
994 2333 1070 2365 dixit,

281 2383 469 2415 Dilectionem.
483 2381 542 2414 sed,
555 2381 625 2416 quod
634 2380 771 2409 ardentius
780 2384 831 2413 est,
844 2379 950 2407 Viscera
961 2378 1071 2406 Christi:

281 2428 394 2463 perinde
407 2431 487 2462 atque
498 2426 534 2454 ita
545 2426 658 2460 diceret,
673 2426 774 2454 viscera
787 2425 862 2460 ejus,
873 2425 919 2460 qui
935 2424 1015 2451 veluti
1027 2431 1074 2458 pa-

280 2478 326 2501 ter
339 2477 429 2501 vester
441 2472 552 2500 effectus
565 2476 608 2499 est
620 2479 667 2506 per
681 2478 741 2499 eam
751 2471 948 2506 cognationem,
964 2477 1022 2504 qum
1031 2473 1074 2496 est

279 2518 430 2546 secundum
443 2517 587 2544 Christum.
602 2517 665 2545 llaec
675 2516 747 2544 enim
761 2520 812 2549 est,
824 2523 883 2551 qua:
893 2515 969 2542 nobis
980 2515 1025 2542 dat
1036 2523 1045 2540 ι
1053 2515 1074 2540 i-

278 2570 377 2595 smara,
400 2562 503 2590 viscera
527 2562 641 2590 calentia
667 2566 695 2589 et
709 2561 870 2590 inﬂammata
888 2562 978 2588 :veris
1002 2560 1073 2587 enim

278 2610 369 2638 servis
379 2609 435 2638 suis
446 2609 550 2637 viscera
564 2609 686 2645 largitur.
701 2608 729 2635 In
744 2608 807 2640 illis,
820 2607 914 2643 inquit,
928 2606 1075 2634 visceribus

277 2658 345 2685 aino
357 2663 406 2684 vos
418 2664 426 2683 :
442 2663 474 2683 ac
486 2656 507 2683 si
523 2655 603 2687 dicat,
613 2655 762 2683 visceribus
772 2662 825 2681 non
840 2653 1015 2685 naturalibus,
1026 2652 1074 2679 scd

279 2703 317 2730 iis
332 2711 391 2738 qua:
400 2702 557 2730 ardentiora
572 2706 647 2734 sunt,
664 2702 802 2734 nimirum,
814 2708 873 2735 quae
887 2699 987 2727 Christi
1002 2703 1073 2726 sunt.

280 2747 430 2780 Quomodo.
445 2747 541 2783 inquit,
553 2755 596 2774 vos
609 2755 694 2774 omne:
706 2747 817 2782 cupiam.
828 2746 929 2773 Omnes
941 2744 1074 2777 desidero,

279 2794 412 2828 quoniam
426 2798 454 2821 et
469 2800 564 2820 omnes
579 2793 646 2819 tales
660 2792 735 2820 estis.
754 2791 860 2819 Modum
874 2799 938 2826 ergo
951 2790 1074 2818 desiderii

280 2847 337 2866 non
354 2847 464 2875 possum
478 2837 607 2872 consequi
620 2837 740 2864 oratione
754 2845 761 2863 :
778 2845 830 2865 non
843 2837 913 2864 enim
928 2838 1016 2865 verbis
1028 2845 1076 2865 ex-

281 2885 364 2919 primi
380 2888 468 2918 potest
483 2891 490 2909 :
507 2885 622 2916 ideoque
645 2882 698 2909 Dee
714 2882 925 2917 cognoscendum
954 2883 1076 2918 relinquo

1121 1609 1270 1643 penetranti
1285 1610 1377 1637 corda.
1390 1610 1467 1643 Quod
1485 1611 1506 1638 si
1524 1610 1576 1638 illis
1590 1616 1783 1644 assentaretur,
1799 1612 1909 1640 minime

1120 1652 1202 1680 Deum
1218 1654 1327 1682 citasset
1350 1659 1444 1682 testem
1463 1663 1469 1681 :
1487 1663 1540 1682 non
1555 1655 1626 1682 enim
1651 1656 1677 1682 id
1694 1660 1778 1683 tutum
1797 1661 1848 1683 est.
1875 1656 1909 1683 Et

1116 1697 1181 1729 hoc,
1206 1699 1301 1733 inquit,
1323 1706 1379 1731 oro,
1405 1704 1432 1726 ut
1454 1700 1547 1726 caritas
1562 1706 1644 1726 vestra
1661 1701 1743 1734 magis
1755 1720 1762 1732 ,
1777 1708 1807 1727 ac
1828 1703 1909 1736 magis

1117 1742 1237 1770 abundet.
1265 1743 1365 1774 ﬂecte;
1392 1744 1542 1771 insatiabile
1562 1744 1633 1771 enim
1657 1749 1699 1773 est
1720 1746 1819 1773 bonum
1847 1746 1908 1774 hoc.

1120 1788 1187 1816 Vide
1214 1789 1359 1823 quomodo,
1375 1797 1437 1817 eum
1459 1789 1527 1818 adeo
1553 1795 1701 1825 amaretur,
1717 1791 1806 1819 adhuc
1826 1794 1910 1827 magis

1117 1834 1200 1860 amari
1215 1834 1348 1867 cupit-bat.
1359 1835 1408 1868 Qui
1418 1836 1489 1863 enim
1504 1835 1554 1863 hoc
1563 1837 1643 1863 modo
1658 1842 1740 1869 amat.
1758 1845 1819 1865 eum
1830 1846 1909 1873 quem

1117 1883 1190 1906 amat
1198 1878 1232 1905 ita
1243 1879 1292 1906 sibi
1305 1880 1468 1914 respondere
1476 1880 1542 1912 vult,
1552 1886 1580 1908 ut
1589 1881 1615 1909 in
1629 1882 1702 1909 nullo
1714 1883 1814 1910 amoris
1825 1883 1909 1918 gradu

1119 1925 1269 1952 consistere
1282 1926 1397 1959 patiatur
1411 1934 1418 1952 :
1433 1926 1524 1954 nullus
1538 1927 1610 1954 enim
1624 1931 1665 1954 cst
1679 1926 1758 1963 hujus
1771 1928 1833 1955 boni
1853 1936 1912 1955 mo-

1118 1969 1179 1998 dus.
1197 1970 1297 1998 Idcirco
1313 1971 1410 1999 Paulus
1427 1971 1452 1999 id
1466 1980 1573 2007 semper
1585 1973 1676 2001 deberi
1691 1974 1747 2001 vnlt
1771 1983 1778 2000 :
1795 1973 1909 2006 Nemini,

1120 2016 1223 2051 inquit,
1249 2017 1385 2052 quidquam
1407 2018 1516 2045 debeatis
1540 2019 1590 2044 nisi
1616 2024 1642 2045 ut
1669 2020 1775 2046 inuicem
1797 2020 1911 2055 diligatis

1120 2061 1208 2096 (Rom.
1227 2062 1270 2089 ιδ.
1285 2062 1324 2096 8).
1342 2062 1435 2089 Modus
1455 2067 1481 2090 et
1499 2070 1623 2089 mensura
1643 2064 1762 2091 caritatis
1780 2069 1831 2097 est,
1845 2073 1910 2092 ιιιιιι-

1120 2115 1199 2142 quam
1224 2109 1372 2135 eonsisterc
1387 2116 1393 2134 :
1410 2107 1444 2135 Ut
1467 2108 1561 2135 caritas
1581 2113 1681 2142 vestra,
1707 2109 1799 2144 inquit,
1829 2110 1912 2137 adhuc

1120 2154 1202 2188 magis
1229 2162 1259 2180 ac
1274 2154 1354 2188 magis
1367 2153 1487 2180 abundet.
1503 2153 1618 2181 Attende
1639 2154 1780 2182 verborum
1794 2155 1911 2191 disposi-

1122 2198 1221 2225 tionem
1237 2207 1243 2223 :
1262 2198 1296 2226 Ut
1310 2198 1395 2224 adhuc
1408 2198 1498 2232 magis,
1511 2198 1606 2233 inquit,
1623 2207 1652 2225 ac
1665 2200 1745 2235 magis
1762 2200 1872 2228 abundet
1885 2202 1911 2229 in

1121 2244 1224 2271 scicntia
1238 2248 1261 2270 et
1272 2243 1339 2270 omni
1352 2251 1437 2270 sensu.
1465 2243 1521 2270 Non
1538 2243 1662 2271 universe
1681 2246 1803 2279 quamvis
1816 2247 1913 2273 caritu—

1123 2293 1176 2316 tem
1188 2288 1344 2322 admiratur,
1359 2289 1405 2316 sed
1419 2296 1477 2316 eam
1490 2297 1549 2324 qua:
1563 2296 1596 2316 ex
1605 2289 1715 2316 scientia
1723 2290 1909 2324 proficiscitur;

1124 2334 1149 2361 id
1165 2338 1216 2365 est,
1231 2339 1259 2361 ut
1275 2342 1326 2361 non
1341 2342 1405 2369 erga
1418 2342 1513 2362 onmes
1533 2334 1654 2362 eamdem
1671 2336 1810 2362 caritatem
1835 2336 1912 2363 adhi-

1123 2379 1209 2407 bentis
1223 2388 1229 2405 :
1243 2379 1268 2406 id
1284 2379 1355 2406 enim
1367 2380 1476 2407 minimc
1489 2381 1607 2407 caritatis
1618 2385 1669 2414 est,
1686 2380 1732 2408 sed
1744 2381 1908 2409 insulsitatis.

1124 2425 1192 2458 Quid
1208 2430 1266 2457 est,
1280 2425 1313 2453 In
1339 2426 1463 2453 scientia?
1478 2426 1603 2454 Adhibito
1615 2427 1728 2461 judicio,
1742 2429 1855 2462 cogitata
1869 2435 1912 2454 ra-

1125 2472 1206 2505 tione,
1222 2471 1325 2499 delectu
1337 2472 1450 2507 quodam
1461 2480 1492 2500 ac
1506 2480 1596 2500 sensu.
1609 2472 1665 2499 Non
1677 2473 1748 2500 enim
1759 2472 1855 2500 desunt
1866 2472 1910 2507 qui

1124 2517 1274 2544 inconsulto
1286 2524 1318 2543 ac
1332 2520 1432 2544 temere
1445 2522 1535 2544 ament
1547 2526 1553 2544 :
1568 2525 1600 2544 ex
1614 2524 1667 2551 quo
1678 2517 1757 2544 etiatu
1773 2517 1810 2547 lit,
1822 2521 1848 2543 ut
1865 2516 1912 2543 hu-

1124 2561 1239 2597 jusmodi
1255 2562 1378 2589 amicitiae
1391 2570 1484 2597 partnn
1499 2562 1602 2589 roboris
1612 2561 1737 2589 habeant.
1752 2561 1785 2588 In
1796 2562 1911 2596 scientia,

1126 2607 1220 2642 inquit,
1236 2612 1257 2633 et
1268 2607 1336 2633 omni
1350 2615 1438 2640 sensu,
1451 2612 1478 2632 ut
1489 2607 1596 2641 probetis
1611 2607 1709 2640 potiora
1724 2606 1769 2634 :id
1783 2612 1836 2642 est,
1852 2616 1912 2643 qua:

1127 2654 1198 2681 utilia
1212 2658 1284 2680 sunt.
1300 2653 1356 2680 Non
1369 2661 1438 2685 mea,
1452 2653 1546 2687 inquit,
1560 2653 1607 2680 sed
1620 2657 1707 2680 vestra
1722 2654 1838 2689 ipsorum
1851 2663 1913 2682 cau-

1126 2707 1154 2726 sa
1172 2699 1228 2725 hzec
1242 2698 1302 2725 dico
1317 2707 1323 2724 :
1340 2698 1485 2732 perieulum
1503 2698 1573 2724 enim
1587 2702 1627 2725 est
1643 2706 1676 2725 ne
1688 2699 1747 2733 quis
1761 2700 1794 2727 ab
1810 2700 1914 2726 lucreti-

1126 2753 1218 2772 cornm
1229 2752 1320 2771 amore
1333 2748 1528 2777 corrumpatur.
1545 2744 1599 2772 Iloe
1611 2745 1682 2771 enim
1696 2749 1779 2772 totum
1793 2745 1917 2772 subindi-

1127 2796 1179 2823 cat,
1196 2790 1257 2816 dum
1273 2789 1307 2816 ita
1330 2787 1457 2823 loquitur.
1490 2788 1553 2815 Vide
1579 2794 1667 2816 autem
1683 2789 1817 2823 quomodo
1845 2790 1914 2816 istud

1128 2836 1227 2871 injicit:
1244 2835 1300 2863 Non
1317 2842 1385 2866 mea,
1401 2833 1495 2869 inquit,
1513 2842 1591 2863 causa
1607 2835 1700 2862 istluec
1712 2834 1782 2866 dico,
1797 2835 1861 2868 sed,
1878 2835 1912 2862 Ut

1129 2884 1181 2910 sitis
1204 2882 1303 2911 sinceri,
1319 2882 1342 2909 id
1357 2885 1407 2914 est,
1419 2888 1451 2908 nc
1465 2882 1582 2914 Spurium
1608 2881 1715 2916 aliquod
1730 2880 1824 2916 dogma
1848 2890 1915 2916 prte-
