4030 6204
379 303 469 356 l.9l
1052 301 1108 358 Β.
1145 297 1420 358 JOANNIS
1456 294 1921 353 CllliYSOSTOlll
1959 290 2276 354 ARCHIEP.
2314 297 2843 366 CONSTANTINOP.

383 430 488 471 text
502 437 530 470 u
546 418 786 472 raritatis
805 417 1116 473 admittatis.
1130 418 1368 483 Quaeres,
1382 413 1652 486 quomodo
1675 411 1832 484 igitur
1853 404 1982 463 alibi

381 509 536 574 dixit,
562 510 624 565 Si
646 511 757 579 ﬁen
782 519 962 580 potest,
985 525 1097 562 cum
1117 507 1346 561 omnibus
1371 506 1655 560 hominibus
1677 520 1850 575 pacem
1872 503 1965 555 ha-

383 599 490 652 bete
520 600 696 668 (Rom.
730 600 815 654 12.
846 598 933 668 f8)
953 599 976 652 ν
1000 597 1117 652 Νοη
1142 611 1270 651 sane
1302 597 1402 650 hoc
1426 597 1650 660 docens,
1695 596 1766 648 ita
1809 594 1965 648 vobis

385 691 674 744 amandum
701 704 841 753 esse,
885 698 941 742 ut
965 703 1028 743 ex
1065 688 1294 742 amicitia
1325 687 1577 741 damnum
1633 686 1918 756 reportetis
1947 701 1961 737 :

389 795 511 832 natu
542 779 603 833 Si
631 771 804 832 oculus
840 788 955 831 fsms
977 777 1150 831 dexter
1171 777 1484 830 scandalizat
1515 787 1583 841 te,
1632 777 1820 846 inquit,
1849 791 1967 829 erue

383 885 520 932 eum,
553 879 598 920 et
621 870 810 937 projtce
834 868 922 920 abs
944 877 991 921 te
1016 867 1227 937 (Matth.
1257 869 1310 922 5.
1335 868 1429 936 ‘29)
1454 884 1467 919 :
1495 867 1588 922 sed
1618 866 1744 920 illud
1770 866 1966 920 facieno

382 959 506 1013 dum
533 973 652 1012 esse
678 999 693 1023 ,
731 957 798 1014 Ut
829 959 939 1013 sitis
958 1001 973 1024 ,
1006 959 1146 1028 quod
1176 959 1390 1028 quidem
1419 958 1486 1012 ad
1519 959 1682 1013 Deum
1713 957 1960 1028 pertinet,

381 1052 562 1106 sinceri
582 1091 596 1115 ,
629 1051 769 1121 quod
803 1066 930 1104 vero
959 1050 1024 1105 ad
1057 1051 1300 1105 homines
1321 1091 1336 1115 ,
1377 1051 1486 1104 sine
1513 1049 1710 1116 offensa
1732 1065 1751 1104 :
1782 1050 1965 1104 multis

382 1145 523 1198 enim
551 1159 696 1214 Stepe
717 1143 966 1198 amicitiae
994 1151 1207 1198 nocent.
1240 1142 1374 1198 Nam
1395 1144 1494 1197 etsi
1517 1142 1610 1196 tibi
1639 1143 1767 1196 nihil
1785 1151 1962 1206 nocet,

383 1238 576 1307 inquit,
607 1247 840 1290 attamen
863 1239 998 1291 alius
1018 1237 1218 1290 interea
1237 1235 1544 1291 offenditur.
1565 1233 1630 1288 In
1656 1235 1789 1288 diem
1814 1233 1963 1288 Chri-

380 1330 479 1388 sti:
511 1328 562 1382 id
586 1337 688 1395 est,
722 1337 778 1382 ut
810 1338 934 1382 tunc
963 1327 1306 1396 reperiaiuiui
1335 1327 1451 1396 puri
1480 1367 1494 1391 ,
1526 1327 1724 1397 quippe
1753 1327 1844 1395 qui
1873 1341 1968 1380 ne-

382 1419 514 1473 mini
545 1419 801 1474 scandalo
832 1419 1082 1485 fueritis;
1130 1411 1309 1490 repleti
1350 1417 1593 1489 fructibus
1626 1418 1847 1488 justitia:
1876 1434 1966 1486 per

382 1508 562 1565 Jesum
593 1511 868 1577 Christum,
891 1512 943 1564 in
963 1511 1178 1582 gloriam
1198 1519 1244 1564 et
1269 1509 1473 1564 laudem
1501 1509 1630 1576 Dei;
1657 1510 1705 1564 id
1727 1519 1832 1576 est,
1862 1523 1965 1563 una

383 1619 504 1657 cum
540 1603 878 1674 dogmatibus
909 1603 1069 1657 vitam
1107 1617 1320 1673 quoque
1337 1613 1536 1657 rectam
1557 1601 1833 1656 habentes.
1856 1600 1967 1656 Nec

382 1695 886 1765 quomodocumque
908 1703 1108 1750 rectam
1138 1709 1259 1750 esse
1280 1695 1410 1749 satis
1425 1701 1530 1759 est,
1560 1693 1652 1749 sed
1671 1693 1966 1749 confertam

385 1789 648 1844 fructibus
693 1788 954 1858 justitite;
988 1797 1071 1842 est
1115 1788 1259 1841 enim
1305 1785 1547 1856 quzedam
1594 1786 1817 1855 justitia,
1847 1801 1967 1856 qua:

384 1895 493 1935 non
521 1880 812 1935 secundum
840 1879 1112 1933 Christum
1154 1887 1256 1941 est,
1282 1885 1340 1931 ut
1377 1877 1484 1932 vita
1511 1877 1620 1942 illa,
1653 1891 1772 1946 quae
1804 1876 1972 1929 virtu-

388 1981 494 2028 tem
520 1971 902 2042 quoquomodo
930 1972 1088 2036 colit;
1117 1970 1211 2024 sed
1251 1969 1351 2025 Per
1377 1969 1554 2024 Jesum
1581 1969 1855 2030 Christum,
1883 1969 1967 2022 in-

383 2064 519 2135 quit,
543 2066 594 2118 in
619 2064 838 2134 gloriam
867 2073 914 2117 et
935 2063 1137 2116 laudem
1163 2062 1274 2116 Dei.
1309 2061 1473 2117 Vides
1500 2077 1586 2117 me
1614 2077 1717 2116 non
1743 2061 1968 2131 gloriam

387 2172 558 2210 meam
583 2171 794 2220 curare,
825 2155 920 2210 sed
949 2155 1174 2223 gloriam
1201 2154 1326 2208 Dei?
1355 2153 1511 2223 Saepe
1527 2162 1704 2207 autem
1738 2153 1971 2208 cleemo-

385 2262 572 2319 synam
613 2247 834 2316 iustitiae
866 2247 1078 2301 nomine
1106 2246 1355 2314 appellat.
1404 2244 1500 2309 Ne,
1533 2244 1725 2314 inquit,
1772 2244 1972 2299 officiat

386 2342 539 2396 vobis
565 2341 781 2405 caritas,
813 2340 1098 2407 quominus
1128 2342 1466 2407 cognoscatis
1489 2353 1610 2406 quae
1641 2336 1694 2390 in
1726 2351 1838 2390 rem
1881 2352 1974 2392 ve-

388 2442 553 2486 stram
586 2440 742 2494 sunt;
774 2446 871 2485 nec
897 2432 1146 2500 quoniam
1177 2430 1320 2484 hunc
1348 2431 1428 2484 vel
1468 2430 1615 2482 illum
1647 2444 1816 2494 amas,
1852 2445 1970 2498 pro-

389 2536 572 2597 pterea
620 2524 925 2579 collabaris.
969 2523 1142 2593 Cupio
1185 2521 1400 2595 quidem
1448 2530 1681 2580 vestram
1723 2534 1982 2594 crescere~

391 2619 692 2681 caritatem,
721 2617 814 2672 sed
849 2634 954 2671 non
1000 2617 1154 2682 adeo,
1205 2627 1263 2672 ut
1303 2618 1427 2673 imle
1473 2618 1726 2672 damnum
1759 2617 1970 2685 feratis;

391 2725 493 2765 nec
521 2712 708 2780 quavis
738 2719 1000 2778 praecepta
1032 2709 1200 2764 semel
1225 2708 1480 2778 opinione
1505 2723 1600 2762 vos
1646 2710 1852 2763 moveri
1885 2724 1975 2764 ve-

391 2801 508 2866 lim,
532 2800 626 2855 sed
654 2815 774 2854 cum
803 2799 1214 2870 perpenderitis,
1238 2809 1414 2853 utrum
1437 2814 1555 2869 quae
1580 2799 1807 2854 dicimus
1829 2809 1974 2854 recte

393 2906 454 2946 se
485 2890 735 2945 habeant.
761 2889 942 2960 Neque
971 2890 1123 2954 dixit,
1149 2892 1348 2947 Utmea
1381 2889 1724 2959 prmponalis.
1756 2889 1872 2954 sed,
1906 2889 1973 2944 Ut

397 2981 636 3052 probetis.
669 2981 851 3051 Neque
883 2981 1168 3051 perspicue
1205 2981 1359 3048 dixit,
1389 2981 1466 3037 Ne
1491 2997 1611 3035 cum
1644 2982 1746 3036 isto
1772 2982 1856 3036 vel
1885 2982 1975 3036 illo

394 3075 726 3130 familiariter
757 3073 1072 3139 versemini;
1100 3073 1218 3139 sed,
1264 3073 1433 3128 Velim
1475 3074 1670 3129 caritas
1712 3072 1864 3128 vobis
1908 3072 1974 3128 ad

394 3169 680 3224 utilitatem
706 3167 979 3238 proficiat;
1009 3168 1227 3222 minime
1250 3183 1377 3223 vero
1397 3167 1617 3237 perinde
1634 3166 1807 3222 affecti
1835 3167 1972 3234 sitis,

397 3273 460 3315 ac
484 3259 529 3315 si
554 3275 716 3316 sensu
732 3259 978 3314 careatis.
1005 3259 1110 3314 Res
1125 3260 1265 3314 enim
1288 3260 1526 3315 stultitiae
1543 3259 1850 3329 plenissima
1870 3269 1973 3325 est,

391 3352 652 3422 justitiam
708 3352 918 3420 operari
963 3351 1120 3406 aliam
1165 3353 1236 3404 ob
1265 3367 1476 3407 causam
1503 3393 1518 3418 ,
1567 3368 1724 3422 quam
1759 3360 1977 3422 propter

392 3447 665 3502 Christum
711 3455 761 3501 et
791 3461 888 3516 per
917 3447 1113 3517 ipsum.
1147 3447 1286 3502 Ecce
1333 3462 1518 3501 rursus
1545 3447 1686 3502 illam
1727 3447 1976 3517 loquendi

395 3537 702 3602 formulam,
725 3536 828 3592 Per
858 3537 1053 3606 ipsum.
1084 3537 1218 3591 Num
1239 3537 1397 3606 igitur
1425 3552 1550 3591 usus
1571 3547 1655 3592 est
1685 3538 1812 3602 Deo,
1843 3546 1978 3591 tam-

396 3643 556 3698 quam
586 3627 803 3691 famulo,
833 3628 924 3696 qui
955 3628 1261 3682 inferiorem
1291 3629 1342 3682 in
1373 3628 1646 3698 operando
1677 3629 1848 3683 locum
1895 3638 1976 3684 te-

397 3714 601 3773 nebat?
627 3717 802 3772 Absit.
827 3717 1004 3786 lnquit
1044 3719 1226 3787 igitur,
1273 3718 1388 3772 Non
1433 3729 1489 3773 ut
1518 3735 1616 3789 ego
1645 3719 1851 3787 lauder,
1906 3721 1975 3774 ita

397 3809 648 3878 loquutus
668 3821 809 3874 sum,
838 3807 932 3863 sed
959 3817 1014 3861 ut
1043 3808 1369 3879 glorificetur
1399 3809 1559 3864 Deus.
1593 3811 1677 3864 l2.
1720 3812 1866 3866 Scire
1888 3828 1981 3864 au-

400 3909 500 3955 tem
525 3916 613 3955 vos
634 3899 768 3968 volo,
798 3902 1002 3972 fratres,
1035 3902 1152 3970 quia
1179 3918 1294 3972 qute
1335 3905 1470 3956 circa
1515 3920 1592 3957 me
1633 3916 1787 3972 sunt,
1817 3909 1978 3979 magis

403 3995 473 4049 ad
499 3998 778 4066 profectum
809 4004 1045 4048 venerunt
1072 3996 1335 4066 evangelii,
1369 3997 1439 4051 15
1481 3997 1551 4049 ita
1572 4007 1626 4050 ut
1651 3998 1848 4051 vincula
1868 4016 1978 4053 mea

403 4087 674 4157 manifesta
695 4085 872 4154 fierent
899 4086 952 4139 in
974 4084 1172 4140 Christo
1193 4087 1244 4139 in
1272 4087 1410 4140 omni
1439 4090 1698 4157 pra'torio,
1729 4097 1774 4142 et
1802 4091 1855 4142 in
1881 4105 1979 4144 ca:-

397 4180 514 4234 teris
541 4179 794 4235 omnibus.

469 4272 527 4326 2.
552 4271 853 4327 Verisimile
877 4281 994 4327 erat
1031 4272 1170 4338 illos,
1201 4287 1321 4328 cum
1358 4287 1481 4327 eum
1517 4273 1568 4326 in
1601 4272 1826 4328 vinculis
1857 4288 1979 4330 esse

398 4363 710 4428 audissent,
743 4362 959 4427 dolere,
994 4373 1284 4435 putareque
1314 4367 1638 4420 obstructam
1679 4380 1799 4421 esse
1839 4367 1977 4420 viam

401 4455 788 4525 praedicationi.
813 4455 947 4524 Quid
974 4457 1134 4525 igitur
1157 4457 1320 4512 facit?
1342 4458 1529 4513 Statim
1554 4457 1692 4514 hanc
1717 4459 1978 4529 suspicio.

401 4563 525 4603 nem
559 4548 728 4611 tollit,
763 4559 924 4617 atque
959 4549 1030 4604 ita
1075 4550 1246 4618 inquit
1278 4567 1291 4601 :
1330 4549 1409 4602 Ea
1435 4567 1549 4618 qua:
1575 4552 1710 4604 circa
1739 4567 1817 4604 me
1862 4561 1979 4606 sunt

403 4641 564 4712 magis
591 4641 660 4693 ad
695 4643 977 4711 profectum
1007 4651 1244 4695 venerunt
1274 4645 1535 4714 evangelii.
1583 4644 1679 4698 Est
1718 4657 1894 4700 autem
1925 4654 1979 4699 et

400 4733 506 4790 hoc
530 4735 779 4797 amantis,
803 4745 927 4787 suas
951 4732 1054 4786 illis
1093 4748 1181 4788 res
1216 4734 1547 4802 patefacere,
1579 4745 1760 4806 utpote
1786 4737 1978 4806 quibus

398 4843 542 4882 cura:
572 4826 701 4880 sint.
736 4825 874 4893 Quid
915 4825 1036 4880 ais?
1067 4826 1116 4879 in
1145 4826 1369 4881 vinculis
1405 4843 1464 4882 es
1487 4869 1502 4894 ,
1545 4829 1829 4898 impeditus
1867 4845 1926 4884 es
1958 4847 1973 4883 :

393 4935 565 4991 ecquo
593 4919 754 4991 igitur
783 4918 943 4974 modo
977 4918 1310 4986 evangelium
1350 4917 1519 4988 ipsum
1549 4934 1865 4990 progressus
1895 4921 1976 4975 fa-

394 5011 506 5068 cit?
536 5011 603 5068 Ut
624 5010 822 5066 vincula
841 5027 972 5078 mea,
1003 5010 1192 5081 inquit,
1212 5011 1481 5080 manifesta
1504 5011 1700 5080 ﬁerent,
1723 5027 1835 5080 qua:
1858 5024 1976 5067 sunt

389 5105 444 5157 in
473 5102 696 5171 Christo,
727 5106 781 5160 in
809 5105 950 5160 omni
974 5105 1234 5176 praetorio.
1262 5103 1318 5159 ld
1350 5119 1458 5159 non
1487 5104 1648 5159 modo
1668 5105 1788 5159 aliis
1814 5107 1976 5161 silen-

392 5197 524 5250 tium
543 5213 645 5250 non
671 5199 944 5267 imposuit,
969 5213 1142 5268 neque
1157 5198 1402 5254 timorem
1431 5199 1672 5265 incussit,
1697 5199 1790 5255 sed
1812 5201 1971 5255 etiam

395 5286 497 5342 hoc
539 5288 653 5356 ipso
681 5289 988 5345 fidentiores
1023 5300 1146 5345 sunt
1175 5290 1321 5346 facti.
1362 5291 1517 5359 Quod
1559 5293 1603 5347 si
1636 5291 1732 5358 illi,
1784 5293 1872 5363 qui
1920 5295 1972 5348 in

393 5378 586 5434 mediis
632 5379 884 5450 periculis
921 5392 1221 5447 versantur,
1256 5400 1360 5439 non
1411 5385 1584 5439 solum
1618 5385 1749 5440 nihil
1793 5387 1970 5441 damni

395 5472 664 5538 tulerunt,
694 5473 788 5527 Sed
832 5473 993 5527 etiam
1025 5475 1143 5542 plus
1172 5478 1334 5532 animi
1373 5494 1438 5533 ac
1479 5479 1708 5535 lidentire
1729 5497 1971 5550 sumpse-

390 5573 558 5618 runt:
592 5565 759 5619 multo
803 5566 971 5635 magis
1017 5581 1113 5622 vos
1153 5569 1326 5624 fidatis
1361 5580 1589 5641 oportet.
1632 5572 1764 5627 Nam
1799 5574 1842 5628 si
1883 5575 1971 5630 ille

391 5654 627 5722 quidem,
655 5659 745 5726 qui
783 5659 992 5711 vinctus
1017 5667 1122 5724 est,
1157 5659 1206 5713 id
1237 5662 1464 5718 miserim
1508 5665 1625 5720 loco
1651 5665 1860 5724 tulisset
1907 5683 1970 5723 ac

395 5745 664 5813 tacuisset,
689 5756 1106 5805 consentaneum
1129 5760 1240 5806 crat
1264 5751 1383 5809 illos
1404 5755 1590 5814 eodem
1610 5759 1766 5817 modo
1789 5760 1925 5818 affici
1949 5779 1962 5817 :

3561 327 3658 383 £09

2093 425 2234 467 nunc
2257 427 2383 470 vero
2407 420 2598 475 cumis
2631 425 2718 493 qui
2745 435 2827 480 est
2854 426 2906 480 in
2941 430 3164 488 vinculis
3184 472 3199 499 ,
3247 433 3467 495 liberius
3512 453 3561 496 et
3592 451 3654 498 tl-

2074 500 2290 601 d_en_tius
2315 507 2454 579 agit,
2498 511 2652 582 longe
2679 517 2845 586 magis
2873 520 3110 576 animum
3161 524 3264 579 illis
3291 528 3468 598 addit,
3499 547 3656 601 quam

2072 595 2117 650 si
2142 595 2353 654 vinctus
2383 617 2489 657 non
2513 616 2676 661 esset.
2729 607 2836 664 Sed
2873 615 3142 680 quomodo
3174 617 3380 675 vincula
3425 595 3492 678 ad
3516 595 3658 694 'prn-

2070 703 2310 781 gressum
2335 697 2596 764 evangelii
2640 697 2891 754 fuerunt?
2930 703 3042 758 Hoc
3061 747 3077 771 ,
3108 707 3278 778 inquit
3299 751 3312 774 ,
3343 711 3662 781 gubernavit

2073 779 2234 844 Deus,
2269 789 2324 834 ut
2376 798 2444 837 ne
2474 785 2702 841 laterent
2741 804 2859 845 mea
2887 792 3118 862 vincula,
3149 813 3268 866 qua:
3321 779 3372 854 in
3400 803 3614 858 Christo
3635 846 3652 872 ,

2070 885 2187 936 qua:
2218 885 2313 939 per
2351 870 2661 943 Christum,
2709 878 2776 932 In
2821 885 2959 935 omni
3005 889 3261 954 prtetorio.
3310 890 3460 947 Tunc
3513 870 3656 951 enim

2073 960 2173 1015 hoc
2217 964 2436 1019 nomine
2479 970 2653 1038 regias
2693 973 3054 1040 appellabant.
3089 978 3272 1050 Neque
3320 999 3448 1039 vero
3483 988 3656 1044 solum

2071 1053 2273 1124 inquit,
2304 1054 2370 1109 In
2401 1061 2676 1126 praetorio,
2709 1064 2802 1118 sed
2833 1066 3017 1133 etiam,
3051 1069 3107 1122 In
3140 1072 3386 1129 universa
3421 1079 3653 1135 civitate.

2074 1145 2158 1196 f4.
2196 1145 2260 1198 Et
2281 1146 2452 1214 plures
2481 1167 2508 1202 e
2539 1150 2782 1220 fratribus
2803 1155 2856 1208 in
2886 1155 3108 1214 Domino
3128 1166 3437 1232 conﬁdentes
3462 1172 3513 1223 in
3544 1174 3654 1226 vin-

2069 1236 2197 1288 culis
2243 1239 2364 1292 meis
2388 1279 2403 1304 ,
2456 1240 2797 1300 abundantius
2838 1248 3080 1303 auderent
3105 1253 3214 1308 sine
3251 1258 3430 1311 timore
3457 1265 3656 1316 verbum

2070 1329 2225 1397 loqui.
2295 1331 2387 1385 His
2436 1334 2612 1390 verbis
2665 1338 2902 1392 ostendit
2957 1350 3012 1396 et
3055 1353 3211 1400 antea
3262 1345 3491 1406 fidenter
3537 1353 3656 1408 illos

2069 1424 2242 1492 egisse
2283 1440 2348 1481 ac
2389 1427 2554 1483 libere
2583 1429 2934 1500 disseruisse,
2969 1436 3064 1491 sed
3095 1453 3236 1493 nunc
3266 1442 3433 1496 multo
3465 1447 3652 1515 magis.

2070 1515 2250 1585 Ergo,
2292 1517 2336 1570 si
2385 1518 2476 1572 alii
2503 1530 2726 1591 prepter
2755 1539 2874 1578 mea
2919 1525 3131 1582 vincula
3182 1529 3410 1586 fidenter
3457 1546 3653 1604 agunt,

2071 1605 2239 1660 multo
2265 1609 2433 1677 magis
2459 1623 2597 1679 ego;
2627 1611 2670 1665 si
2703 1613 2822 1668 aliis
2854 1613 3087 1670 fidentia:
3113 1631 3273 1674 causa
3312 1636 3452 1683 sum.
3485 1626 3656 1680 multo

2072 1697 2242 1766 magis
2273 1697 2401 1752 mihi
2427 1699 2546 1768 ipsi.
2578 1699 2644 1754 Et
2666 1702 2836 1772 plures
2857 1722 2885 1758 e
2908 1704 3150 1774 fratribus
3177 1708 3230 1762 in
3253 1709 3493 1768 Domino.
3514 1715 3656 1782 Quo-

2073 1789 2213 1842 niam
2243 1805 2489 1860 magnum
2531 1792 2680 1848 dictu
2707 1805 2844 1861 erat,
2893 1813 3009 1852 mea
3039 1800 3144 1854 illis
3173 1802 3379 1858 vincula
3419 1809 3654 1864 animum

2071 1880 2370 1946 addidisse;
2395 1893 2676 1953 propterea
2705 1901 2976 1956 occupans
3003 1889 3158 1958 dixit,
3192 1892 3258 1948 In
3286 1894 3530 1952 Domino.
3567 1899 3657 1955 γε-

2073 1972 2168 2028 dcs
2194 1976 2514 2030 necessitate
2559 1981 2722 2032 etiam
2771 1979 2867 2048 ipsi
2897 1981 3144 2048 imposita
3188 1988 3470 2056 magnifice
3497 1989 3563 2044 de
3597 2007 3656 2048 se

2074 2063 2366 2134 loquendi,
2393 2081 2551 2136 quam
2600 2076 2776 2124 tamen
2823 2071 3101 2128 modestia:
3131 2091 3237 2130 non
3267 2077 3658 2136 obliviscatur?

2073 2155 2429 2210 Abundantius
2457 2159 2722 2226 auderent,
2756 2161 2946 2232 inquit,
2991 2166 3101 2220 sine
3124 2169 3302 2224 timore
3344 2171 3543 2226 verbum
3575 2173 3653 2227 fo-

2073 2249 2178 2316 qui.
2206 2246 2338 2300 Dum
2367 2248 2557 2318 inquit,
2587 2251 2958 2321 Abundantius,
2981 2257 3109 2310 satis
3141 2257 3356 2322 indicat,
3381 2261 3498 2316 illos
3514 2265 3654 2330 jam-

2077 2335 2278 2404 pridem
2308 2339 2556 2406 cmpisse.
2591 2342 2678 2397 l5.
2712 2342 2928 2407 Quidam
2953 2347 3152 2414 quidem
3179 2361 3386 2419 prapter
3413 2353 3653 2408 invidiam

2076 2435 2122 2479 et
2150 2429 2536 2495 contentionem,
2565 2432 2772 2501 quidam
2815 2449 2929 2488 vero
2959 2444 3008 2489 et
3035 2447 3241 2508 propter
3266 2439 3447 2494 bonam
3475 2443 3654 2498 volun-

2077 2526 2229 2571 tatem
2291 2517 2542 2574 Christum
2590 2523 2888 2592 prazdicant.
2955 2526 3143 2597 Opera:
3202 2531 3428 2600 pretium
3499 2534 3657 2591 fuerit

2083 2621 2426 2676 cognoscere,
2457 2610 2582 2679 quid
2615 2613 2716 2667 hoc
2759 2616 2848 2668 sit.
2878 2615 3010 2671 Cum
3055 2618 3106 2672 in
3137 2620 3363 2676 vinculis
3388 2623 3659 2680 detinere-

2078 2709 2164 2755 tur
2187 2698 2405 2771 Paulus,
2431 2703 2581 2756 multi
2616 2718 2682 2759 ex
2711 2705 3014 2764 infidelibus
3041 2714 3321 2782 cupientes
3363 2731 3487 2773 acre
3541 2719 3656 2773 bel-

2080 2793 2188 2846 lum
2245 2795 2312 2849 ab
2365 2797 2695 2866 lmperatore
2748 2797 3003 2855 adversus
3051 2801 3198 2857 illum
3231 2806 3499 2874 excitare,
3558 2811 3655 2879 ipsi

2077 2899 2289 2954 quoque
2316 2885 2587 2942 Christum
2642 2891 3045 2962 przedicahant,
3097 2905 3154 2948 ut
3190 2895 3529 2966 Imperatoris
3579 2903 3657 2957 ira

2077 2977 2445 3034 vehementior
2483 2981 3052 3048 fieret,'dissemiuari
3097 2991 3435 3058 evangelium
3481 2995 3656 3047 anim-

2078 3068 2426 3139 advertentis,
2458 3081 2513 3128 et
2557 3075 2609 3129 in
2646 3075 2796 3132 Pauli
2843 3092 3030 3148 eaput,
3064 3063 3315 3154 quidquid
3346 3085 3432 3139 ille
3462 3087 3659 3141 furoris

2078 3162 2433 3231 concepisset,
2461 3165 2747 3222 recideret.
2775 3168 2954 3240 itaque
2978 3171 3095 3226 dum
3118 3175 3307 3243 agendi
3333 3181 3564 3234 rationes
3585 3194 3657 3233 ex

2079 3252 2306 3306 vinculis
2335 3254 2505 3320 Pauli,
2543 3265 2812 3327 tamquam
2852 3276 2918 3316 ex
2949 3277 3110 3318 causa
3139 3267 3461 3322 exstiterunt
3493 3287 3506 3322 :
3538 3270 3660 3325 aliis

2080 3343 2222 3398 enim
2269 3344 2355 3398 illa
2389 3346 2612 3401 multum
2661 3351 2823 3405 animi
2873 3352 3229 3423 addiderunt;
3261 3358 3393 3412 alios
3425 3375 3556 3415 vero
3606 3363 3661 3416 in

2081 3449 2228 3504 spem
2253 3437 2504 3504 perniciei
2527 3453 2660 3493 mete
2681 3441 2996 3497 adducenda
3013 3444 3076 3497 ad
3097 3446 3488 3514 prwdicandum
3508 3446 3664 3506 Chri-

2080 3539 2220 3584 stum
2251 3530 2558 3586 invitarunt.
2591 3533 2810 3598 Quidam
2838 3536 3038 3605 quidem
3059 3550 3266 3609 propter
3300 3541 3578 3608 invidiam;
3609 3544 3664 3599 id

2080 3629 2164 3676 est
2183 3663 2198 3688 ,
2227 3637 2362 3677 mete
2393 3623 2691 3679 invidentes
2717 3625 2902 3695 gloriae
2933 3635 2985 3681 et
3011 3630 3281 3697 pra'claris
3309 3631 3493 3701 initiis,
3543 3649 3664 3689 me-

2081 3731 2186 3785 que
2206 3716 2472 3786 perditum
2495 3718 2790 3787 cupientes,
2815 3734 3130 3790 mecumque
3170 3734 3482 3793 pugnantes,
3513 3726 3670 3796 adju-

2083 3817 2208 3862 vant
2249 3823 2313 3863 ac
2341 3809 2642 3880 provehunt
2671 3811 2910 3866 actiones
2953 3827 3134 3877 meas;
3167 3815 3252 3869 vel
3299 3816 3398 3886 ipsi
3449 3833 3670 3888 quoque

2083 3901 2302 3957 honoris
2329 3904 2616 3973 cupiditate
2644 3903 2809 3970 ducti,
2837 3919 2899 3959 ac
2942 3913 3189 3975 putantes
3228 3907 3344 3962 fore
3381 3915 3438 3961 ut
3465 3909 3666 3979 aliquid

2081 3997 2150 4053 de
2174 4013 2290 4052 mea
2322 3997 2488 4066 gloria
2517 3998 2825 4067 decerpant.
2873 3998 3091 4064 Quidam
3118 4016 3234 4054 vero
3263 4009 3311 4054 et
3345 4011 3550 4072 propter
3576 4002 3671 4056 bo-

2082 4105 2198 4142 nam
2228 4089 2570 4155 voluntatem;
2599 4089 2651 4142 id
2679 4097 2780 4155 est,
2805 4089 2922 4145 sine
2947 4089 3307 4157 simulatione,
3350 4093 3670 4163 peni‘ttsqne

2082 4195 2148 4234 ex
2181 4180 2381 4232 animo.
2425 4178 2513 4233 16.
2571 4178 2793 4246 Quidam
2826 4179 3028 4250 quidem
3065 4197 3128 4235 ea:
3166 4184 3484 4238 contentione
3518 4183 3677 4246 Cleri.

2082 4282 2213 4325 stum
2239 4271 2539 4326 annuntiant
2567 4287 2667 4325 non
2694 4273 2926 4338 sincere;
2953 4272 3002 4328 id
3031 4281 3146 4339 est,
3195 4288 3300 4328 non
3328 4291 3457 4343 pure
3496 4287 3667 4347 atque

2084 4365 2324 4434 integre,
2372 4375 2478 4417 non
2505 4373 2728 4432 propter
2767 4379 2883 4418 rem
2914 4364 3104 4433 ipsam,
3156 4365 3252 4420 sed
3292 4367 3434 4420 cur?
3467 4366 3667 4422 Existi-

2083 4464 2274 4509 mantes
2302 4471 2588 4524 pressuram
2609 4455 2852 4510 suscitare
2875 4455 3088 4510 vinculis
3113 4458 3254 4510 meis.
3283 4457 3671 4515 Existimantes

2084 4547 2224 4600 enim
2269 4545 2338 4600 ita
2361 4545 2491 4600 mihi
2523 4546 2697 4616 majus
2724 4547 3016 4616 periculum
3062 4549 3265 4614 creari,
3289 4547 3528 4604 dolorem
3563 4551 3666 4605 do-

2085 4639 2196 4693 lore
2226 4638 2520 4693 cumulant.
2548 4637 2592 4692 Ο
2622 4637 3022 4694 crudelitatem!
3067 4653 3101 4693 ο
3125 4638 3448 4694 diabolicum
3495 4642 3673 4712 impe-

2084 4732 2224 4786 tum!
2255 4732 2488 4786 vinctum
2514 4731 2826 4799 cernebant,
2864 4731 3270 4803 conjectumque
3289 4733 3342 4788 in
3366 4750 3658 4806 carcerem,

2083 4833 2137 4880 et
2163 4824 2337 4880 adhuc
2377 4826 2686 4881 invidebant
2714 4843 2728 4881 :
2761 4841 2958 4897 augere
2980 4827 3145 4896 ipsius
3172 4827 3539 4895 calamitates,
3572 4844 3668 4883 ve-

2083 4916 2510 4987 hementiorique
2543 4920 2636 4973 ira:
2664 4917 2956 4973 obnoxium
2999 4918 3226 4974 reddere
3255 4919 3559 4988 cupiebant.
3587 4922 3672 4975 Ac

2082 5019 2226 5065 recte
2248 5010 2403 5077 dixit,
2435 5009 2818 5072 Existimantes;
2847 5024 2952 5064 non
2983 5010 3128 5064 enim
3154 5009 3203 5062 id
3233 5010 3339 5065 illis
3360 5026 3425 5064 ex
3448 5018 3666 5065 senten-

2084 5101 2152 5154 tia
2174 5101 2451 5156 successit.
2469 5099 2599 5155 Nam
2620 5101 2693 5155 illi
2711 5100 2925 5171 quidem
2945 5099 3046 5155 hac
3069 5115 3126 5154 re
3147 5099 3405 5170 putabant
3422 5101 3668 5156 dolorem

2083 5191 2213 5246 mihi
2240 5192 2472 5260 afferre;
2499 5208 2600 5263 ego
2623 5207 2754 5248 vero
2785 5191 3044 5263 evangelii
3093 5207 3378 5262 progressu
3421 5191 3668 5247 lzetabar.

2081 5285 2155 5340 Ita
2185 5285 2452 5341 interdum
2484 5295 2590 5353 est,
2617 5299 2740 5340 cum
2768 5299 2903 5354 opus
2926 5284 3123 5337 bonum
3152 5298 3258 5337 non
3286 5298 3352 5337 ex
3377 5281 3518 5336 bono
3538 5297 3675 5350 pro-

2080 5378 2255 5446 posito
2284 5377 2342 5430 fit
2366 5393 2380 5441 ;
2413 5391 2514 5430 nec
2539 5374 2700 5430 modo
2728 5374 2871 5429 nulla
2903 5374 2977 5428 illi
3009 5389 3216 5428 merces
3245 5383 3327 5428 est
3357 5372 3630 5442 proposita
3651 5411 3672 5435 ,

2079 5470 2172 5528 sed
2214 5471 2534 5542 supplicium
2565 5476 2762 5524 manet.
2794 5466 2928 5522 Nam
2959 5466 3209 5537 quoniam
3241 5465 3362 5520 ideo
3390 5463 3672 5520 Christum

2078 5565 2457 5637 prmdicabaut,
2503 5561 2646 5633 quod
2675 5560 2871 5617 Christi
2913 5559 3316 5630 prmdieatorem
3359 5559 3409 5611 in
3454 5556 3671 5623 majora

2077 5659 2311 5732 pericula
2329 5659 2632 5729 conjectum
2654 5657 2884 5721 vellent;
2909 5669 3014 5708 non
3040 5653 3201 5708 modo
3221 5652 3418 5708 nullam
3445 5648 3670 5719 capient

2078 5754 2410 5821 mercedem,
2454 5751 2548 5808 sed
2590 5750 2750 5807 ctiam
2795 5745 3057 5817 supplicio
3087 5754 3244 5802 erunt
3287 5741 3540 5808 obnoxii,
3598 5749 3674 5791 ae
