4030 6204
437 438 531 495 091

435 554 687 625 φέροντα.
729 549 844 605 Οὑκ
871 547 1004 622 ἐμοῦ
1033 547 1217 602 ἕνεκεν
1255 548 1427 604 ταῦτα
1461 551 1624 620 λέγω,
1670 553 1858 625 φησὶν,
1892 553 2008 608 ἀλλ’

435 649 590 720 ὑμῶν
621 647 839 702 αὑτῶν·
902 647 1020 711 δέος
1051 648 1162 720 γάρ
1196 649 1269 720 μή
1305 665 1389 712 τις
1425 648 1756 720 παραφθαρῇ
1783 649 1890 704 ὑπὸ
1913 649 2012 720 τῆς

432 745 540 800 τῶν
585 743 879 815 αίρετικῶν
921 744 1162 814 ἀγάπης.
1213 743 1382 797 Τοῦτο
1428 743 1538 814 γὰρ
1568 743 1689 797 ὅλον
1722 744 2014 798 αἰνίττεται

434 839 510 912 τῷ
540 838 712 901 οὑτως
734 837 932 890 εἰπεῖν.
957 836 1066 889 Καὶ
1103 837 1204 907 δρα
1246 835 1362 900 πῶς
1385 837 1517 891 αὐτὸ
1545 836 1760 907 τίθησιν
1786 853 1800 867 ⁸
1831 836 1906 889 Ού
1941 835 2011 888 δι’

436 935 555 1004 ἐμὲ,
591 934 744 1006 φησὶ,
792 932 969 987 ταῦτα
1019 932 1185 1001 λέγω,
1218 933 1334 987 ἀλλ’
1373 934 1476 989 ἵνα
1513 929 1618 1002 ἦτε
1650 931 1819 1002 ὑμεῖς
1866 935 2014 986 είλι-

437 1032 656 1102 κρινεῖς
675 1049 686 1063 ·
722 1030 1026 1094 τουτέστιν,
1055 1030 1176 1084 Ἵνα
1208 1029 1385 1100 μηδὲν
1413 1031 1566 1084 νόθον
1598 1029 1772 1099 δόγμα
1797 1027 1876 1099 τῷ
1917 1028 2016 1098 τῆς

437 1130 654 1199 ἀγάπης
691 1127 1040 1199 προσχήματι
1066 1126 1466 1198 παραδέχησθε.
1498 1127 1624 1191 Πῶς
1649 1124 1742 1180 οῦν
1775 1121 2011 1194 ἀλλαχοῦ

438 1243 622 1297 φησιν,
660 1227 727 1279 El
752 1222 1038 1287 δυνατὸν,
1067 1221 1215 1291 μετὰ
1240 1224 1484 1276 πάντων
1511 1221 1840 1290 ἀνθρώπων
1866 1223 2016 1287 είρη-

437 1323 679 1384 νεύετε;
703 1321 1076 1388 Είρηνεύετε,
1105 1317 1280 1384 εἶπεν,
1303 1321 1363 1374 ού
1383 1321 1541 1374 τοῦτο
1566 1320 1767 1390 δηλῶν,
1792 1319 1874 1372 ὅτι
1898 1317 2012 1385 Οὐχ

437 1417 613 1479 οὓτως
665 1417 936 1485 ἀγαπᾶτε,
969 1414 1108 1469 ὥστε
1147 1415 1252 1469 ὑπὸ
1287 1415 1391 1486 τῆς
1436 1415 1622 1484 φιλίας
1657 1411 2014 1485 βλάπτεσθαιο

442 1517 513 1570 El
538 1516 651 1583 γὰρ
687 1515 720 1567 ὁ
748 1512 1055 1582 ὀφθαλμός
1077 1527 1193 1567 σου
1222 1511 1254 1565 ὁ
1287 1511 1486 1577 δεξιὸς
1512 1508 1896 1569 σκανδαλίζει
1919 1525 2014 1575 σε,

443 1608 630 1680 φησὶν,
663 1609 932 1676 ἔκκοψον
961 1607 1167 1669 αὑτὸν,
1213 1607 1314 1661 καί
1353 1607 1512 1672 ,ϐάλε
1539 1607 1660 1661 ἀπὸ
1694 1604 1845 1659 σοῦ·
1874 1603 2014 1670 ἀλλ’,

445 1708 572 1764 Ἵνα
607 1701 712 1776 ἦτε
761 1704 1124 1774 εἰλικρινεῖς,
1167 1704 1228 1758 τὸ
1263 1704 1406 1760 κατά
1442 1703 1573 1758 Θεὸν
1623 1701 1890 1774 δηλονότι,
1922 1701 2018 1754 καὶ

441 1804 842 1871 ἀπρόσκοποι,
870 1799 932 1854 τὸ
957 1798 1096 1854 κατά
1116 1797 1456 1869 ἀνθρώπους.
1484 1798 1717 1861 Πολλοὺς
1753 1798 1862 1868 γὰρ
1891 1795 2020 1849 πολ-

441 1898 598 1961 λάκις
630 1897 687 1950 αἱ
740 1895 915 1964 φιλίαι
969 1893 1319 1966 βλάπτουσιν.
1385 1895 1448 1948 El
1483 1893 1592 1966 7&9
1616 1895 1712 1948 καὶ
1762 1896 1823 1948 σέ
1864 1892 2019 1947 οὐδὲν

445 1994 690 2064 βλάπτει,
724 1992 912 2061 φησὶν,
948 1991 1065 2045 ἀλλ’
1096 1989 1287 2063 ἕτερος
1339 1991 1700 2063 προσκόπτει.
1743 1992 1849 2058 Εις
1877 1988 2020 2058 ήμέο

434 2105 556 2157 ⁴ραν
579 2086 872 2156 Χριστοῦ’
903 2085 1199 2151 τουτέστιν,
1236 2086 1356 2138 ἰνα
1391 2086 1514 2139 τότε
1548 2086 1807 2157 εὑρεθῆτε
1844 2085 2017 2138 καθα-

448 2186 567 2257 ροὶ,
612 2183 816 2254 μηδένα
855 2182 1302 2246 σκανδαλίσαντες
1326 2198 1340 2211 ·
1373 2181 1838 2252 Πεπληρωμένοι
1884 2196 2022 2247 καρ-

445 2280 579 2335 πῶν
626 2279 1018 2346 δικαιοσύνης
1063 2278 1182 2334 τῶν
1227 2279 1324 2335 διὰ
1351 2280 1556 2348 Ἰησοῦ
1602 2277 1883 2348 Χριστοῦ,
1935 2280 2016 2344 εις

447 2386 637 2452 δόξαν
672 2385 772 2440 καί
800 2385 1054 2440 ἔπαινον
1084 2383 1233 2440 Θεοῦ
1251 2403 1266 2416 ο
1312 2386 1558 2440 τουτέστι
1598 2383 1738 2456 μετὰ
1768 2383 1875 2438 τῶν
1904 2385 2024 2452 δογ-

451 2485 637 2554 μάτων
673 2483 770 2537 καὶ
817 2481 932 2552 βίον
966 2481 1124 2552 ὀρθὸν
1153 2482 1387 2552 ἔχοντες.
1413 2484 1487 2536 Οὐ
1520 2483 1626 2554 7&9
1657 2482 1843 2546 ἁπλῶς
1867 2481 2024 2553 ὀρθὸν

448 2577 587 2635 εἶναι
624 2579 754 2652 χρὴ,
801 2579 939 2633 ἀλλά
972 2577 1366 2650 πεπληρῶσθαι
1395 2579 1624 2650 καρπῶν
1653 2577 2020 2648 δικαιοσύνης.

451 2677 604 2730 Ἔστι
638 2674 749 2745 γάρ
791 2671 1130 2743 δικαιοσύνη,
1165 2672 1280 2725 ἀλλ’
1310 2673 1372 2726 οὑ
1419 2672 1562 2727 κατά
1603 2673 1861 2744 Χριστὸν,
1912 2665 2023 2725 οἷον

451 2771 558 2843 βίος
597 2770 781 2833 ἁπλῶς
817 2769 1109 2841 ἐνάρετος·
1156 2767 1314 2830 ἀλλά.
1356 2767 1479 2823 Τῶν
1515 2768 1614 2824 διὰ
1655 2769 1854 2837 Ἰησοῦ
1887 2771 2025 2838 Χρι-

449 2866 617 2933 στοῦ,
647 2865 832 2937 φησὶν,
862 2867 950 2930 είς
989 2863 1180 2928 δόξαν
1210 2861 1309 2916 καὶ
1360 2861 1612 2919 ἔπαινον
1643 2863 1812 2918 Θεοῦ.
1861 2861 2024 2931 Ὁρᾷς

450 2965 529 3018 ὅτι
561 2963 622 3015 οὑ
648 2963 745 3033 τὴν
773 2959 1014 3031 ἐμαυτοῦ
1057 2960 1216 3023 δόξαν
1261 2959 1426 3026 λέγω,
1459 2958 1597 3012 ἀλλά
1624 2960 1723 3030 τὴν
1767 2958 1860 3012 τοῦ
1887 2956 2022 3012 Θεοῦ

450 3057 794 3126 δικαιοσύνην
819 3074 834 3121 ;
874 3055 1149 3126 Πολλαχοῦ
1169 3055 1227 3108 δέ
1256 3054 1602 3127 δικαιοσύνην
1623 3057 1718 3109 καὶ
1745 3055 1843 3126 τὴν
1870 3055 2024 3125 ἐλεη-

455 3153 692 3224 μοσύνην
735 3151 905 3221 λέγει.
939 3153 1030 3222 Μὴ
1078 3150 1521 3222 παραϐλαπτέτω
1561 3152 1726 3222 ὑμᾶς,
1770 3151 1955 3220 φησὶν,
1989 3149 2025 3220 ὴ

451 3253 640 3324 ἀγάπη
677 3251 813 3323 πρὸς
841 3249 902 3304 τὸ
928 3250 1127 3303 είδέναι
1154 3251 1225 3302 τά
1247 3250 1616 3321 συμφέροντα,
1649 3248 1805 3320 μηδὲ,
1835 3246 2024 3318 ἐπειδὴ

451 3349 540 3402 τὸν
571 3349 719 3401 δεῖνα
766 3346 965 3415 φιλεῖς,
1019 3345 1335 3416 καταπέσῃς
1389 3343 1557 3416 [2οη.
1602 3343 1872 3414 Βούλομαι
1923 3344 2025 3413 μὲν

453 3443 776 3509 αὐξάνεσθαι
810 3441 909 3512 τὴν
945 3439 1170 3510 ἀγάπην
1203 3440 1380 3509 ὑμῶν,
1411 3440 1508 3510 οὑχ
1533 3438 1674 3492 οὕτω
1717 3438 1919 3509 μέντοι,
1950 3437 2026 3500 ὼς

453 3543 546 3593 καὶ
581 3536 914 3610 βλάπτεσθαι
935 3552 950 3566 ’
984 3534 1079 3589 καὶ
1107 3535 1205 3605 οὑχ
1233 3534 1419 3598 ἀπλῶς
1452 3533 1713 3604 βούλομαι
1736 3531 2024 3603 προλήψει,

457 3637 591 3692 ἀλλά
632 3636 1055 3706 δοκιμάσαντας,
1108 3635 1156 3685 εί
1203 3633 1363 3702 ἡμεῖς
1415 3630 1595 3693 καλῶς
1638 3630 1889 3698 λέγομεν.
1921 3629 2029 3682 Καὶ

462 3735 561 3785 οὑκ
585 3728 753 3796 εἶπεν,
773 3732 892 3784 Ἵνα
913 3730 982 3783 τά
1005 3728 1247 3799 ἡμέτερα
1271 3727 1522 3799 αἱρῆσθε,
1552 3726 1690 3792 ἀλλ’,
1713 3726 1838 3779 Ἵνα
1865 3725 2026 3778 δοκι-

459 3827 697 3899 μάζητε.
732 3829 842 3881 Καὶ
868 3830 968 3881 οὑκ
1001 3823 1118 3879 εἷπε
1161 3825 1439 3898 φανερῶς,
1474 3824 1567 3894 Μὴ
1611 3822 1688 3893 τῷ
1717 3822 1850 3876 δεῖνι
1892 3823 2026 3892 πλη-

464 3925 680 3988 σιάζετε
699 3940 713 3954 ο
746 3923 902 3989 ἀλλά,
927 3923 1068 3995 Πρὸς
1095 3923 1153 3976 τὸ
1178 3921 1454 3994 συμφέρον
1488 3919 1750 3991 βούλομαι
1772 3919 1899 3988 ὑμῖν
1931 3919 2028 3989 τὴν

457 4021 681 4091 ἀγάπην
727 4019 998 4090 γίνεσθαι,
1042 4020 1138 4091 οὐχ
1188 4019 1276 4074 ῖνα
1321 4017 1663 4087 ἀναισθήτως
1712 4015 2024 4084 διακέησθε.

469 4118 722 4186 ’Δνόητον
753 4129 780 4158 ι
808 4115 938 4188 7&9,
965 4117 1014 4170 εἰ
1063 4116 1139 4188 μὴ
1170 4115 1258 4170 διὰ
1288 4113 1523 4187 Χριστὸν
1552 4112 1652 4184 τὴν
1681 4109 2029 4180 δικαιοσύνην

455 4214 774 4288 ἐργάζεσθε,
803 4216 897 4270 καὶ
928 4214 994 4268 δι’
1027 4213 1214 4268 αὑτοῦ.
1251 4214 1381 4268 Ἰδοὺ
1409 4212 1488 4278 τὸ,
1522 4213 1598 4266 Δι’
1629 4210 1816 4276 αὑτοῦ,
1845 4209 2026 4263 πάλιν.

453 4309 600 4385 *Αρα
628 4307 720 4366 οῦν
747 4312 1008 4383 ὑπουργῷ
1042 4312 1310 4384 κέχρηται
1353 4309 1431 4380 τῷ
1461 4309 1615 4380 Θεῷ;
1647 4309 1862 4375 Ἀπαγε
1881 4324 1895 4336 ·
1931 4307 2029 4376 οὑχ

456 4409 544 4463 ἶνα
579 4408 712 4478 ἐγὼ,
746 4409 939 4480 φησὶν,
987 4406 1284 4470 ἐπαινεθῶ,
1330 4405 1504 4469 οὑτως
1531 4400 1706 4467 εἶπον,
1737 4402 1850 4455 ἀλλ’
1885 4403 1972 4453 ἵνα
2002 4402 2030 4452 ὁ

457 4509 588 4573 Θεὸς
648 4507 966 4577 δοξάζηται.
1019 4504 1353 4558 Γινώσκειν
1390 4502 1458 4556 δὲ
1513 4501 1667 4571 ὑμᾶς
1708 4500 2028 4566 βούλομαι,

458 4603 729 4674 ἀδελφοὶ,
762 4602 852 4656 ὄτι
884 4603 960 4656 τὰ
999 4599 1126 4654 κατ’
1177 4600 1283 4670 ἐμὲ
1330 4598 1572 4669 μᾶλλον
1598 4599 1686 4662 εἰς
1714 4593 2033 4664 προκοπὴν

457 4703 563 4757 τοῦ
597 4699 964 4770 Εὐαγτελίου
1011 4696 1332 4765 ἐλήλυθεν.
1362 4696 1546 4750 Ὥστε
1585 4692 1728 4757 τοὺς
1774 4690 2035 4758 δεσμούς

454 4817 570 4870 μου
609 4796 910 4867 φανεροὺς
959 4794 1030 4848 ἐν
1085 4792 1319 4861 Χριστῷ
1355 4790 1635 4860 γενέσθαι
1683 4789 1754 4841 ἐν
1797 4787 1918 4853 ὅλῳ
1956 4785 2036 4851 τῷ

456 4895 804 4966 πραιτωρίῳ,
832 4890 932 4946 καὶ
957 4891 1081 4957 τοῖς
1111 4889 1345 4955 λοιποῖς
1381 4889 1592 4943 πᾶσιν.

533 5079 598 5148 β’.
635 5077 799 5141 Εἰκὸς
817 5071 884 5147 ἧν
905 5074 1246 5138 ἀκούσαντας
1260 5075 1342 5128 ὅτι
1369 5073 1595 5137 δέδεται,
1612 5074 1818 5142 ἀλγεῖν,
1843 5072 1936 5126 καὶ
1954 5089 2038 5124 νο-

463 5175 639 5247 μίζειν
684 5174 1053 5245 ἐγκόπτεσθαι
1095 5174 1157 5228 τὺ
1190 5176 1473 5245 κήρυγμα.
1505 5173 1568 5224 Τί
1598 5168 1690 5225 οὖν
1727 5173 1900 5235 ποιεῖ;
1936 5171 2040 5222 Εὑ-

459 5273 594 5335 θέως
644 5272 850 5342 ταύτην
898 5273 1116 5343 ἀναιρεῖ
1160 5270 1258 5339 τὴν
1308 5268 1566 5337 ὑποψίαν,
1611 5267 1703 5318 καί
1748 5281 1913 5334 φησι·
1959 5264 2041 5318 Τὰ

461 5370 590 5422 κατ’
624 5367 730 5436 ἐμὲ
757 5367 1002 5436 μᾶλλον
1033 5369 1120 5432 είς
1168 5363 1488 5433 προκοπὴν
1533 5363 1638 5416 τοῦ
1669 5360 2038 5428 Εὐαγγελίου

460 5463 742 5531 ἐλήλυθε.
778 5463 890 5514 Καὶ
914 5462 1073 5515 τοῦτο
1097 5463 1155 5515 δέ
1180 5461 1481 5530 φιλοῦντος,
1517 5459 1579 5510 τὸ
1607 5458 1674 5510 τά
1705 5455 1824 5508 καθ’
1854 5457 2039 5508 ἑαυτὸν

461 5558 654 5629 δηλοῦν
706 5561 910 5623 αὐτοῖς,
951 5558 1049 5612 ἆτε
1094 5557 1420 5630 μεριμνῶσι.
1453 5557 1518 5609 Τί
1561 5556 1740 5623 λέγεις
1766 5570 1780 5617 ;
1811 5553 2038 5615 δέδεσαι,

463 5655 834 5728 ἐνεποδίσθης,
895 5657 991 5708 καὶ⁹
1045 5655 1164 5718 πῶς
1213 5654 1275 5708 τὸ
1327 5651 1658 5721 Εὑαγγέλιον
1698 5649 2040 5714 ἐπιδίδωσιν;

528 5876 552 5904 ι
581 5865 750 5914 Mallet
767 5863 992 5921 άνὸνιητον
1017 5865 1247 5910 "unicus.

1363 433 1430 488 IN
1471 433 1686 490 EPIST.
1731 433 1821 489 AD
1852 435 2135 492 PHILIPP.
2175 435 2325 496 CAP.
2367 433 2408 491 Ι.
2475 435 2704 494 HOMIL.
2743 436 2808 494 ιι.

3591 442 3691 501 109.

2119 553 2301 609 Ὥστε
2329 555 2470 622 τοὺς
2505 555 2768 625 δεσμούς
2806 572 2949 624 μου,
2983 553 3135 622 φησι,
3189 555 3488 625 φανεροὺς
3519 557 3688 626 γενέ-

2114 655 2256 706 σθαι
2281 651 2423 719 τοὺς
2445 652 2516 706 ὲν
2542 649 2774 720 Χριστῷ
2801 651 2871 704 ἐν
2894 650 3014 717 ὅλῳ
3041 647 3121 716 τῷ
3145 653 3492 720 πραιτωρΙῳ.
3519 652 3691 705 Τοῦτο

2119 749 2180 802 οὑ
2242 750 2407 820 μόνον
2448 751 2548 803 οὑκ
2587 748 2912 820 ἐπεστόμισε
2942 751 3068 813 τοὺς
3111 749 3301 812 ἀλλους
3333 750 3452 804 οὑδέ
3482 750 3686 814 δειλοὺς

2117 847 2393 918 ἐποίησεν,
2420 848 2534 902 ἀλλ’
2565 847 2696 901 αὐτὸ
2723 846 2882 900 τοῦτο
2908 847 3003 900 καὶ
3031 846 3227 917 μᾶλλον
3254 847 3688 919 παρεθάρρυνεν.

2117 944 2182 997 Εί
2211 944 2393 998 τοίνυν
2420 946 2470 999 οί
2492 943 2720 1014 πλησίον
2748 943 2900 1006 ὄντες
2926 942 3036 997 τῶν
3057 942 3316 997 κινδύνων
3349 943 3508 1014 μόνον
3537 943 3691 998 οὑδέν

2118 1040 2447 1110 ἐὸλάσησαν,
2489 1039 2625 1095 άλλά
2670 1041 2766 1092 καὶ
2805 1038 2967 1092 πλέον
3012 1040 3211 1111 θάρσος
3259 1040 3468 1106 ἔλαϐον,
3515 1040 3694 1110 πολλῷ

2121 1136 2324 1207 μᾶλλον
2345 1137 2491 1206 ὑμᾶς
2518 1134 2742 1207 θαρρεῖν
2766 1135 2896 1206 χρή.
2926 1135 2990 1188 Εἰ
3022 1137 3120 1205 μὲν
3154 1135 3264 1206 γὰρ
3288 1135 3465 1200 δεθεὶς
3495 1136 3696 1200 ἀθλίως

2118 1230 2338 1300 ἤνεγκε,
2373 1229 2470 1284 καὶ
2503 1230 2782 1299 ἐσίγησεν,
2805 1229 2954 1293 είκδς
2987 1225 3052 1299 ἦν
3077 1231 3174 1282 καὶ
3204 1230 3444 1294 ἐκείνους
3476 1233 3538 1284 τὸ
3566 1231 3697 1284 αὐτὸ

2118 1325 2330 1380 παθεῖν·
2366 1328 2414 1379 εί
2447 1325 2504 1378 δέ
2549 1325 2727 1389 δεθεὶς
2771 1326 2938 1379 πλέον
2975 1325 3436 1397 ἐπαρρησιάζετο,
3494 1327 3698 1398 μᾶλλον

2118 1421 2302 1485 αὐτοῖς
2332 1421 2533 1494 θάρσος
2581 1421 2802 1484 ἔδωκεν,
2843 1420 2878 1490 ἢ
2923 1421 2973 1473 εί
3022 1421 3098 1491 μὴ
3144 1421 3322 1491 ἐδέθη.
3356 1422 3480 1485 Πῶς
3521 1423 3577 1475 δέ
3617 1425 3698 1486 είς

2119 1515 2402 1586 προκοπὴν
2437 1514 2530 1568 τοῦ
2566 1514 2899 1583 Εὑαγγελίου
2921 1515 3109 1583 γέγονε
3133 1515 3202 1568 τά
3235 1514 3442 1586 δεσμά;
3479 1517 3537 1569 ’0
3566 1517 3699 1578 Θεὸς

2119 1610 2278 1664 τοῦτο
2302 1610 2640 1681 ᾡκονόμησε,
2670 1609 2854 1679 φησὶν,
2880 1608 3021 1662 ὥστε
3051 1609 3126 1680 μὴ
3169 1609 3351 1662 λαθεῖν
3381 1613 3506 1674 τοὺς
3532 1613 3701 1682 ἐμοὺς

2119 1707 2370 1776 δεσμοὺς,
2397 1709 2520 1772 τοὺς
2545 1708 2604 1760 ἐν
2629 1703 2870 1777 Χριστῷ,
2901 1704 3027 1770 τοὺς
3051 1705 3139 1758 διὰ
3161 1705 3416 1776 Χριστόν,
3454 1707 3549 1759 Ἐν
3580 1706 3702 1772 ὅλῳ

2118 1801 2200 1872 τῷ
2235 1801 2579 1871 πραιτωρίῳ.
2613 1800 2764 1864 Τέως
2795 1800 2905 1873 γὰρ
2943 1799 3116 1865 οὕτως
3163 1802 3390 1856 ἐκάλουν
3441 1802 3510 1855 τά
3549 1801 3689 1872 βασί-

2120 1899 2258 1952 λεια.
2294 1895 2430 1951 Οὑδέ
2472 1895 2543 1949 ἐν
2569 1893 2648 1960 τῷ
2675 1898 3004 1965 πραιτωρίῳ
3035 1899 3219 1968 μόνον,
3253 1897 3392 1953 ἀλλά
3426 1899 3523 1952 καὶ
3548 1901 3605 1952 ἐν
3630 1900 3700 1970 τῇ

2122 1996 2297 2060 πόλει,
2328 1996 2483 2064 φησὶ,
2518 1996 2685 2068 πάσῃ.
2724 1995 2834 2050 Kal
2866 1996 3009 2064 τοὺς
3043 1999 3331 2063 πλείονας
3368 1996 3487 2051 τῶν
3521 1998 3701 2052 ἀδελ-

2121 2093 2251 2164 φῶν
2307 2093 2376 2146 ἐν
2441 2094 2634 2160 Κυρίῳ
2697 2094 3054 2160 πεποιθότας
3106 2072 3230 2161 τοῖς
3283 2095 3529 2165 δεσμοῖς
3582 2111 3702 2164 μου

2123 2190 2563 2262 περισσοτέρως
2593 2187 2822 2260 τολμᾷν
2857 2191 3092 2260 ἀφόϐως
3121 2191 3228 2245 τὸν
3259 2193 3445 2262 λόγον
3466 2190 3699 2246 λαλεῖν.

2123 2292 2372 2342 Δείκνυσι
2422 2288 2602 2349 τοῦτο,
2660 2289 2744 2341 ὅτι
2807 2288 2902 2342 καὶ
2958 2288 3223 2360 πρότερον
3266 2287 3555 2361 ἐθάρρουν,
3606 2286 3702 2340 καὶ

2127 2386 2263 2458 μετά
2302 2383 2615 2456 παρρησίας
2663 2382 2984 2451 διελέγοντο,
3032 2382 3126 2437 νῦν
3159 2383 3217 2436 δέ
3277 2383 3460 2454 πολλῷ
3515 2383 3699 2437 πλέον.

2125 2485 2188 2537 Et
2220 2483 2367 2535 ἄλλοι
2399 2481 2600 2544 τοίνυν,
2641 2481 2796 2550 φησὶ,
2822 2479 2912 2532 διὰ
2939 2482 3066 2542 τοὺς
3103 2482 3272 2551 ἐμοὺς
3304 2480 3537 2552 δεσμοὺς
3567 2479 3700 2552 θαρο

2126 2579 2302 2652 ροῦσι,
2326 2577 2505 2648 πολλῷ
2543 2575 2744 2647 μᾶλλον
2767 2575 2879 2645 ἐγώ
2897 2593 2910 2606 ·
2942 2577 2992 2629 εί
3025 2576 3204 2641 ἀλλοις
3235 2578 3352 2647 εἰμὶ
3381 2576 3552 2640 αἴτιος
3571 2576 3703 2648 θάρ-

2127 2694 2274 2741 σους,
2309 2674 2490 2745 πολλῷ
2517 2674 2717 2745 μᾶλλον
2754 2672 2997 2744 ἐμαυτῷ.
3056 2673 3166 2728 Καὶ
3219 2673 3363 2738 τοὺς
3416 2675 3703 2740 πλείονας

2124 2772 2244 2826 τῶν
2272 2768 2554 2840 ἀδελφῶν
2590 2769 2659 2822 ἐν
2707 2770 2921 2838 Κυρίῳ.
2967 2768 3188 2840 Ἐπειδὴ
3225 2770 3369 2840 μέγα
3409 2764 3478 2841 ἦν
3523 2769 3585 2822 τὸ
3624 2773 3706 2823 εί·-

2127 2871 2270 2934 πεῖν,
2301 2868 2384 2920 ὅτι
2411 2867 2474 2920 Οἱ
2502 2866 2624 2936 ἐμοὶ
2653 2865 2842 2936 δεσμοὶ
2859 2865 3059 2938 θάρσος
3082 2866 3269 2930 αὑτοῖς
3300 2869 3582 2937 παρεῖχον,
3615 2867 3706 2922 διά

2125 2966 2284 3020 τοῦτο
2325 2961 2610 3034 προλαϐὼν
2651 2957 2823 3014 εἶπεν·
2867 2962 2965 3015 Ἐν
2995 2963 3212 3030 Κυρίῳ.
3256 2962 3420 3034 ὐρᾷς
3454 2963 3572 3026 πῶς
3611 2962 3709 3017 καὶ

2127 3062 2377 3129 ἀνάγκην
2406 3059 2544 3130 ἔχων
2570 3059 2662 3113 τοῦ
2690 3059 3110 3130 μεγαληγορεῖν,
3131 3059 3225 3112 τοῦ
3265 3059 3582 3130 μετριάζειν
3607 3057 3708 3110 οὑκ

2126 3157 2454 3227 ἀφίσταται;
2506 3156 2953 3224 Περισσοτέρως
3014 3155 3266 3225 τολμᾷν,
3316 3155 3466 3227 [905]
3522 3155 3705 3224 φησὶν,

2127 3254 2366 3324 ἀφόϐως
2404 3254 2512 3308 τὸν
2563 3255 2752 3322 λόγον
2803 3251 3037 3308 λαλεῖν.
3093 3253 3187 3316 Τὸ,
3239 3251 3705 3319 Περισσοτέρως,

2127 3349 2436 3411 δεικνύντος
2469 3349 2640 3412 ἐστὶν,
2687 3349 2769 3401 ὃτι
2825 3348 2926 3418 ἠδη
2963 3346 3215 3417 ἤρξαντο.
3264 3345 3429 3410 Τινὲς
3456 3345 3572 3412 μὲν
3610 3345 3707 3397 καὶ

2129 3446 2226 3500 διὰ
2257 3448 2488 3516 φθόνον
2523 3445 2621 3497 καὶ
2673 3443 2821 3511 ἔριν,
2854 3444 3016 3508 τινὲς
3061 3442 3129 3494 δὲ
3184 3441 3279 3494 καὶ
3322 3440 3396 3494 δι’
3427 3440 3712 3494 εὐδοκίαν

2129 3539 2237 3593 τὸν
2269 3540 2529 3607 Χριστὸν
2560 3539 2964 3605 κηρύσσουσι.
2997 3535 3062 3588 Τι’
3085 3534 3148 3604 δὴ
3177 3535 3335 3588 τοῦτό
3364 3537 3531 3600 ἐστιν,
3563 3533 3711 3599 ἀξιον

2132 3637 2346 3707 μαθεῖν.
2399 3635 2617 3705 Ἐπειδὴ
2676 3632 2980 3704 κατεσχέθη
3015 3635 3042 3687 ὁ
3089 3631 3319 3696 Παῦλος,
3351 3632 3441 3684 τὸν
3476 3631 3711 3700 πόλεμον

2130 3733 2341 3802 ἐγεῖραι
2375 3730 2688 3800 βουλόμενοι
2725 3729 2952 3800 σφοδρὸν
2985 3729 3075 3782 τὸν
3110 3727 3262 3800 παρά
3292 3727 3386 3782 τοῦ
3443 3727 3712 3798 βασιλέως

2130 3827 2315 3880 πολλοὶ
2347 3827 2455 3880 τῶν
2494 3826 2758 3892 ἀπίστων,
2791 3829 2884 3881 καὶ
2913 3826 3065 3879 αὐτοὶ
3089 3826 3178 3878 τὸν
3209 3825 3446 3896 Χριστὸν
3479 3826 3712 3895 ἐκήρυτο

2132 3941 2221 3976 τον
2242 3940 2255 3953 ο
2290 3923 2432 3977 ὥστε
2474 3925 2699 3995 μείζονα
2748 3922 3000 3991 γενέσθαι
3033 3922 3111 3993 τῷ
3143 3921 3355 3992 βασιλεῖ
3388 3921 3486 3992 τὴν
3516 3922 3708 3994 ὀργὴν,

2130 4019 2227 4074 ἇτε
2272 4021 2365 4073 τοῦ
2413 4019 2770 4092 κηρύγματος
2811 4019 3283 4090 διασπειρομένου,
3344 4021 3440 4072 καὶ
3495 4020 3573 4082 εἰς
3613 4018 3712 4088 τὴν

2129 4115 2225 4169 τοῦ
2261 4115 2476 4170 Παύλου
2516 4115 2759 4187 κεφαλὴν
2795 4113 2858 4166 τὸ
2892 4116 3001 4166 πᾶν
3045 4114 3220 4166 ἐλθεῖν
3248 4112 3344 4166 τοῦ
3377 4113 3573 4182 θυμοῦ.
3607 4114 3714 4166 Δύο

2130 4212 2307 4266 τοίνυν
2344 4211 2675 4283 προφάσεων
2703 4210 2991 4278 γεγόνασιν
3032 4210 3081 4262 οί
3112 4210 3305 4279 δεσμοὶ
3357 4208 3544 4262 αἴτιοι.
3588 4209 3716 4272 Τοῖς

2136 4311 2235 4380 μὲν
2269 4310 2376 4380 γάρ
2411 4308 2608 4379 θάρσος
2642 4309 2904 4377 παρεῖχον
2939 4307 3099 4372 πολὺ,
3135 4308 3260 4369 τοὺς
3298 4305 3357 4360 δέ
3406 4306 3485 4369 είς
3528 4305 3716 4359 ἐλπίδα

2133 4407 2358 4472 ἄγοντες
2388 4403 2489 4472 τῆς
2537 4403 2678 4473 ἐμῆς
2725 4402 3022 4467 ἀπωλείας,
3058 4401 3477 4472 παρεσκεύασαν
3510 4402 3714 4474 κηρύτ-

2133 4517 2247 4554 τειν
2278 4500 2368 4552 τὸν
2393 4498 2650 4570 Χριστόν.
2688 4499 2850 4564 Τίνες
2875 4499 2993 4567 μὲν
3021 4498 3118 4550 διὰ
3149 4499 3406 4566 φθόνον-⁸
3446 4500 3713 4565 τουτέστι,

2136 4594 2458 4666 φθονοῦντες
2498 4597 2565 4665 τῇ
2619 4594 2746 4668 δόξῃ
2798 4596 2864 4664 τῇ
2917 4595 3024 4664 ἐμῇ
3057 4593 3149 4644 καὶ
3187 4595 3252 4664 τῇ
3303 4593 3576 4656 ἐνστάσει,
3621 4596 3716 4646 καὶ

2140 4690 2452 4764 βουλόμενοί
2483 4707 2547 4761 με
2574 4689 2872 4744 ἀπολέσθαι
2894 4689 3275 4759 καὶὲρίζοντές
3305 4703 3417 4759 μοι,
3441 4689 3718 4756 συμπράτ-

2137 4805 2320 4841 τουσιν
2351 4786 2503 4857 ἐμοί·
2542 4785 2575 4858 ἢ
2609 4785 2750 4840 ὥστε
2789 4788 2884 4841 καὶ
2916 4785 3070 4841 αὑτοὶ
3095 4785 3381 4858 τιμᾶσθαι,
3415 4784 3510 4838 καὶ
3534 4784 3717 4854 οίόμε-
3757 4847 3762 4853 δ

2138 4903 2218 4938 νοι
2250 4883 2549 4954 παρασπᾷν
2577 4900 2630 4936 τι
2657 4885 2757 4954 τῆς
2784 4883 2941 4954 δόξης
2987 4883 3087 4954 τῆς
3114 4883 3276 4955 ἐμῆς.
3331 4882 3498 4948 Τινὲς
3525 4880 3593 4934 δὲ
3620 4880 3716 4935 καί

2138 4981 2211 5034 δι’
2242 4980 2542 5035 εὐδοκίανυ
2572 4979 2839 5045 τουτέστι,
2868 4979 3036 5050 χωρὶς
3054 4980 3416 5051 ὑποκρίσεως,
3444 4977 3552 5029 ἀπὸ
3579 4994 3713 5047 προ-

2141 5080 2337 5151 θυμίας
2366 5079 2603 5149 ἀπάσης.
2661 5081 2725 5132 Οἱ
2767 5079 2886 5146 μὲν
2911 5078 2981 5142 ἐξ
3010 5078 3263 5144 ἐριθείας
3305 5078 3410 5129 τὸν
3458 5075 3721 5144 Χριστὸν

2141 5178 2660 5250 καταγγέλλουσιν
2687 5178 2799 5244 οὺχ
2827 5175 3022 5244 ἁγνῶς
3043 5193 3056 5206 ·
3095 5173 3390 5234 τουτέστιν,
3440 5173 3540 5226 οὐκ
3587 5173 3716 5225 εἰλι-

2143 5278 2366 5347 κρινῶς,
2393 5275 2513 5328 οὑδὲ
2546 5274 2612 5326 δι’
2639 5274 2771 5327 αὑτὸ
2798 5273 2858 5324 τὸ
2893 5275 3149 5342 πρᾶγμα,
3184 5271 3319 5324 ἀλλά
3356 5271 3443 5324 διὰ
3465 5271 3551 5337 τίς
3589 5273 3718 5326 Οἰό-

2138 5390 2312 5443 μενοι
2361 5370 2570 5436 θλῖμυιν
2619 5367 2924 5436 ἐπιφέρειν
2955 5367 3078 5433 τοῖς
3107 5367 3351 5437 δεσμοῖς
3376 5387 3512 5437 μου.
3544 5369 3713 5439 Νομί-

2146 5467 2330 5531 ζοντες
2366 5464 2473 5533 γὰρ
2503 5461 2646 5515 οὑτω
2687 5479 2756 5531 με
2782 5461 2862 5522 είς
2891 5462 3115 5530 μείζονα
3144 5465 3498 5533 ἐμπεσεῖσθαι
3539 5465 3716 5517 κίνδυ-

2145 5580 2254 5624 νον,
2281 5559 2457 5627 θλῖψιν
2493 5561 2792 5625 ἐπάγουσιν
2822 5556 2916 5608 ἐπὶ
2946 5557 3141 5628 θλίψει.
3182 5560 3245 5611 Ὢ
3273 5560 3371 5627 τῆς
3403 5559 3715 5628 ὼμότητοςί

2147 5659 2192 5710 ὣ
2234 5657 2334 5723 τῆς
2369 5653 2682 5721 διαϐολικῆς
2714 5653 3027 5721 ἐνεργείαςῑ
3081 5653 3366 5724 δεδεμένον
3414 5653 3598 5724 ἐώρων
3629 5657 3723 5708 καὶ

2148 5751 2385 5820 ἐμϐεὸλη
2396 5752 2553 5820 μένον
2571 5751 2649 5811 εἰς
2670 5749 3065 5818 δεσμωτήριον,
3094 5754 3186 5806 καὶ
3208 5752 3289 5804 ἔτι
3315 5751 3567 5818 ἐφθόνουν
3582 5767 3596 5781 °
3631 5755 3724 5804 οὓς

2157 5846 2265 5909 ζειν
2306 5845 2454 5916 αὐτῷ
2486 5845 2551 5899 τὰ
2585 5844 2693 5898 τῶν
2736 5844 3032 5912 συμφορῶν
3080 5848 3290 5918 ἦθελον,
3338 5846 3429 5899 καὶ
3482 5849 3721 5918 μείζονος
