4030 6204
335 278 442 335 £95

327 387 498 458 ὀργῆς
526 383 828 440 ὐπεύθυνον
857 382 1139 453 καθιστᾷν.
1167 380 1279 435 Καὶ
1312 377 1492 441 καλῶς
1512 373 1635 432 εἷπε
1659 377 1740 441 τὸ,
1770 374 1896 429 Old-

331 495 500 548 μενοι
524 495 539 512 ο
568 478 631 532 οὐ
676 476 785 550 7&9
827 475 1001 539 οὕτως
1032 472 1327 540 ἐξέϐαινεν.
1368 470 1594 525 Ἐκεῖνοι
1644 468 1744 540 μὲν
1791 467 1904 537 γὰρ

334 568 582 640 ἐνόμιζόν
615 585 684 639 με
715 567 888 639 τούτῳ
936 566 1147 628 λυπεῖν,
1196 562 1308 632 ἐγὼ
1351 561 1409 616 δὲ
1461 561 1679 632 ἔχαιρον
1710 559 1791 613 ὅτι
1842 559 1905 612 τὸ

335 664 600 732 κήρυγμα
622 655 885 710 ἐπεδίδου.
909 653 1095 717 Οῦτως
1127 651 1225 715 ένι,
1258 651 1418 723 ἔργον
1453 650 1676 721 ποιῆσαι
1704 644 1905 717 ἀγαθὸν

336 751 436 804 οὐκ
460 748 567 803 ἀπὸ
594 744 968 818 προαιρέσεως
989 741 1203 814 ἀγαθῆς
1219 757 1234 770 ⁸
1265 741 1359 795 καὶ
1380 740 1440 794 οὐ
1466 740 1628 811 μόνον
1652 738 1712 792 οὐ
1731 739 1906 791 κεῖται

341 839 530 911 μισθὸς
562 836 702 907 ὐπδρ
730 835 942 900 τούτου,
985 833 1121 887 ἀλλά
1148 834 1244 887 καὶ
1264 832 1506 895 κόλασις.
1545 828 1765 899 Ἐπειδὴ
1798 827 1908 897 γάρ

342 929 554 1000 μείζοσι
574 926 840 989 κινδύνοις
861 924 1180 994 περιϐαλεῖν
1205 923 1297 977 τὸν
1320 921 1414 976 τοῦ
1428 919 1666 993 Χριστοῦ
1690 920 1910 990 κήρυκα

341 1019 680 1092 βουλόμενοι,
710 1017 803 1071 τὸν
832 1016 1069 1089 Χριστὸν
1095 1016 1416 1087 ἐκήρυττον,
1440 1015 1500 1066 οὐ
1532 1013 1691 1083 μόνον
1717 1011 1779 1063 οὐ
1812 1009 1912 1080 λήο

338 1111 533 1180 ψονται
567 1107 780 1180 μισθδν,
820 1107 956 1162 ἀλλά
988 1105 1086 1160 καὶ
1131 1103 1402 1176 τιμωρίας
1434 1100 1647 1156 ἔσονται
1677 1099 1913 1155 ὑπεύθυ-

340 1217 421 1256 νοι
444 1199 540 1255 καὶ
564 1198 861 1261 κολάσεως.
885 1199 952 1252 Ol
981 1197 1051 1250 δέ
1070 1195 1139 1260 ἐξ
1167 1194 1423 1266 ἀγάπης,
1454 1193 1680 1259 ειδότες
1707 1191 1797 1245 ὅτι
1826 1192 1914 1257 εἰς

342 1291 683 1354 ἀπολογίαν
711 1288 819 1345 τοῦ
848 1287 1220 1356 Εὑαγτελίου
1256 1283 1467 1354 κεῖμαι.
1493 1283 1557 1337 Τί
1586 1285 1755 1347 ἐστιν,
1783 1282 1916 1336 Ὀτι

341 1385 433 1449 είς
458 1381 794 1451 ἀπολογίαν
825 1379 932 1432 τοῦ
978 1375 1351 1447 Εὑαγγελίου
1377 1376 1603 1444 uelum;
1634 1371 1914 1438 Τουτέστι,

343 1473 441 1537 τὰς
467 1470 696 1534 εὐθύνας
746 1487 838 1541 μοι
881 1468 1278 1538 ὑποτέμνοντες
1324 1464 1424 1530 τὰς
1473 1464 1612 1536 πρὸς
1644 1464 1738 1519 τὸν
1761 1463 1915 1530 Θεὸν,

345 1563 442 1618 καὶ
472 1558 1099 1632 συναντιλαμϐανόμενοί
1129 1576 1182 1612 τι
1217 1560 1296 1623 είς
1325 1557 1642 1625 ἀπολογίαν.
1661 1557 1727 1610 ’0
1748 1555 1917 1625 λέγει,

344 1654 505 1710 τοῦτό
539 1656 656 1709 ἐστι
678 1670 695 1686 ο
724 1653 1078 1724 Προσετάγην
1104 1650 1370 1722 κηρῦξαιο
1406 1648 1584 1721 μέλλω
1606 1648 1805 1702 διδόναι
1834 1649 1923 1703 εὐο

348 1745 533 1810 θύνας,
562 1745 657 1799 καὶ
700 1742 1087 1813 ἀπολογεῖσθαι
1120 1743 1261 1813 ὐπὲρ
1288 1740 1383 1795 τοῦ
1430 1740 1615 1812 ἔργου,
1661 1733 1723 1794 οὗ
1755 1756 1924 1812 προσο

348 1836 581 1907 ετάγην·
631 1834 775 1889 ὥστε
805 1831 898 1889 οὖν
926 1851 1016 1904 μοι
1039 1833 1137 1905 τήν
1165 1832 1468 1900 ἀπολογίαν
1494 1831 1746 1902 γενέσθαι
1767 1830 1926 1886 εὐκο-

348 1926 461 1990 λον,
508 1925 1097 1996 συναντιλαμϐἀνονταί
1157 1941 1268 1996 μοι;
1322 1924 1446 1977 Ἐἀν
1483 1923 1593 1995 γὰρ
1638 1922 1907 1995 εὐρεθῶσι

352 2018 536 2072 πολλοὶ
560 2020 611 2070 οί
637 2018 1039 2090 κατηχηθέντες
1072 2015 1483 2080 πιστεύσαντες,
1512 2015 1734 2080 εὐκολός
1763 2032 1853 2087 μοι
1892 2016 1927 2087 ῆ

355 2108 623 2177 ἀπολογία
658 2107 833 2162 ἔσται.
874 2106 934 2161 Τί
975 2104 1125 2177 γάρς
1154 2103 1323 2172 πλὴν
1358 2104 1538 2159 παντὶ
1564 2105 1778 2174 τρόπῳ,
1807 2104 1929 2159 εἴτε

354 2198 674 2269 προφάσει,
702 2199 823 2252 alta
850 2198 1104 2266 ἀληθείᾳ
1149 2195 1403 2266 Χριστὸς
1439 2194 1927 2266 καταγγέλλεται.

358 2291 502 2362 ’θρα
549 2289 611 2343 τδ
658 2289 947 2359 φιλόσοφον
1003 2286 1098 2341 τοῦ
1140 2287 1358 2358 ἀνδρός
1412 2287 1471 2340 οὐ
1518 2286 1724 2357 σφόδρα
1751 2286 1931 2339 αὐτῶν

360 2383 761 2454 κατηγόρησεν,
784 2380 899 2435 ἀλλ’
924 2376 1047 2433 εἷπε
1077 2378 1138 2431 τὸ
1166 2379 1466 2448 γινόμενον.
1490 2377 1556 2431 Τί
1583 2377 1710 2450 γὰρ,
1747 2380 1930 2449 φησὶν,

360 2474 486 2544 ἐμοὶ
524 2472 791 2543 διαφέρει,
825 2471 891 2527 ἀν
919 2486 980 2524 τε
1029 2469 1224 2534 οὕτως,
1254 2470 1321 2524 ἀν
1367 2486 1425 2522 τε
1478 2469 1733 2536 ἐκείνωςς
1793 2469 1935 2542 πλὴν

362 2564 528 2620 παντὶ
582 2563 789 2632 τρόπῳ,
839 2562 950 2614 εἴτε
1001 2561 1294 2632 προφάσει,
1341 2558 1494 2632 [206]
1553 2560 1663 2614 εἴτε
1707 2559 1937 2633 ἀληθείᾳ

363 2652 598 2727 Χριστός
642 2650 1093 2721 καταγγέλλεται.
1133 2650 1248 2705 Οὐκ
1274 2646 1416 2715 εἷπε,
1448 2649 1937 2719 Καταγγελλέσθω,

366 2743 693 2816 νομοθετῶν,
719 2741 859 2797 ἀλλά
906 2741 1123 2809 πρῶτον
1172 2743 1271 2813 μὲν
1307 2740 1368 2795 τὸ
1413 2740 1709 2811 συμϐαῖνον
1756 2743 1941 2814 ἀπήγ-

365 2836 540 2907 γειλε,
584 2834 839 2907 δεύτερον
882 2834 964 2898 δέ,
993 2834 1045 2886 εί
1082 2834 1177 2886 καί⁵
1218 2832 1525 2904 νομοθετῶν
1572 2831 1780 2904 ἔλεγεν,
1821 2834 1942 2888 οὐδέ

367 2926 514 2981 οὕτω
540 2925 640 2990 τὰς
662 2924 904 2996 αἱρέσεις
930 2924 1173 2994 εἰσῆγεν.

442 3175 513 3237 γ’.
558 3166 932 3238 Ἐξετάσωμεν
947 3167 1075 3239 7&9,
1092 3168 1140 3220 εἰ
1152 3166 1316 3232 δοκεῖ,
1332 3168 1391 3224 τὸ
1409 3170 1658 3241 πρᾶγμα,
1676 3171 1769 3224 καὶ
1784 3171 1844 3224 εὐ
1850 3171 1947 3245 ρή-

373 3277 538 3332 σομεν
561 3301 578 3330 ,
618 3261 721 3326 ὅτι,
759 3260 806 3312 εί
843 3260 935 3312 καὶ
973 3259 1142 3324 οὕτως
1194 3260 1462 3332 ἐπέτρεπε
1507 3261 1819 3333 κηρύττειν,
1871 3262 1947 3327 ὡς

372 3354 590 3417 ἐκεῖνοι,
640 3353 760 3406 οὐδέ
811 3350 983 3415 οῦτως
1028 3352 1278 3424 εἰσήγετο
1324 3352 1556 3422 αἵρεσις.
1614 3352 1769 3419 Πῶς;
1827 3353 1948 3404 Ὀτι

374 3446 569 3520 ἐκεῖνοι
598 3443 762 3511 ὑγιῶς
794 3442 891 3513 μὲν
927 3444 1242 3515 ἐκήρυττον,
1273 3444 1301 3497 ό
1334 3444 1535 3509 σκοπὸς
1568 3443 1626 3496 δὲ
1654 3444 1747 3498 καὶ
1775 3444 1808 3515 ἡ
1835 3443 1951 3497 διάο

374 3552 514 3596 νοια,
547 3534 662 3605 μεθ’
691 3529 759 3607 ἧς
785 3533 1002 3586 ἐποίουν
1034 3532 1197 3599 οὕτω,
1234 3532 1544 3605 διέφθαρτο,
1582 3534 1644 3587 οὐ
1684 3533 1745 3587 τὸ
1778 3536 1951 3606 κήρυ-

377 3641 494 3693 γμα
519 3623 834 3694 ἐνήλλακτο.
869 3624 978 3676 Καὶ
1002 3623 1199 3692 πολλὴν
1228 3619 1373 3693 εἶχον
1405 3624 1649 3695 ἀνάγκην
1681 3622 1824 3677 οὕτω
1851 3641 1945 3694 κη-

382 3712 616 3784 ρύττειν.
665 3710 762 3763 Διά
806 3710 894 3776 τίς
930 3712 1050 3764 Ὅτι
1081 3713 1128 3763 εί
1162 3712 1361 3782 ἑτέρως
1403 3710 1706 3782 ἐκήρυξαν,
1740 3712 1839 3781 οὐχ
1876 3712 1952 3776 ῶς

381 3802 614 3867 Παῦλος,
655 3804 704 3855 εί
733 3800 933 3873 ἑτέρως
966 3801 1233 3867 ἐδίδαξαν,
1264 3802 1364 3874 οὐχ
1400 3802 1475 3866 ῶς
1501 3804 1729 3866 ἐκεῖνος,
1762 3804 1861 3857 οὐκ
1887 3802 1954 3857 ἀν

382 3893 481 3966 τὴν
504 3892 598 3947 τοῦ
646 3891 912 3964 βασιλέως
937 3893 1106 3966 ὀργήν
1136 3892 1401 3964 ηὐξησαψ
1435 3890 1529 3948 νῦν
1556 3894 1615 3948 δὲ
1644 3894 1723 3965 τῷ
1751 3894 1812 3948 τδ
1851 3895 1953 3965 κή-

387 3999 573 4057 ρυγμα
602 3983 767 4039 αὐτοῦ
796 3982 981 4049 αὔξειν
1019 3985 1113 4037 καὶ
1139 3982 1336 4055 ὁμοίως
1359 3984 1652 4049 διδάσκειν,
1688 3987 1778 4038 καὶ
1809 3984 1956 4049 ἴσους

383 4075 533 4146 αύτῷ
558 4074 805 4146 μαθητὰς
830 4078 1022 4137 ποιεῖν,
1059 4076 1286 4146 ίσχυσαν
1318 4075 1701 4146 ἐκπολεμῶσαι
1736 4077 1829 4130 τὸν
1862 4075 1958 4147 βα-

389 4164 562 4232 σιλέα,
594 4164 689 4219 ἀτε
718 4164 912 4220 πολλοῦ
949 4164 1044 4220 τοῦ
1080 4165 1318 4235 πλήθους
1349 4166 1458 4220 τῶν
1488 4165 1747 4237 μαθητῶν
1773 4183 1960 4236 φαινο-

388 4256 576 4328 μένου.
607 4254 767 4311 Ἀλλά
782 4273 862 4320 τις
888 4255 1081 4328 μιαρὸς
1103 4256 1195 4311 καὶ
1214 4256 1557 4328 ἀναίσθητος,
1577 4256 1961 4329 ἐπιλαϐόμενος

387 4344 482 4399 τοῦ
511 4344 711 4416 χωρίου
736 4345 946 4412 τούτου,
974 4346 1125 4417 φησί·
1149 4347 1258 4400 Καὶ
1282 4347 1389 4418 μὴν
1418 4348 1476 4400 τὸ
1498 4349 1740 4402 ἐναντίον
1774 4349 1965 4419 εἰργά-

391 4452 552 4492 σαντο
595 4435 681 4501 ἀν,
720 4437 846 4502 τοὺς
887 4437 988 4510 ήδη
1020 4439 1452 4503 πεπιστευκότας
1494 4440 1802 4512 ἀπήλασαν,
1845 4440 1963 4511 οὐχὶ

389 4529 515 4592 τοὺς
544 4530 769 4595 πιστοὺς
789 4529 1065 4582 ἐπιδοῦναι
1094 4528 1354 4599 ἐποίησαν
1376 4528 1463 4593 ἀν,
1490 4530 1542 4583 εί
1570 4548 1633 4599 γε
1656 4530 1844 4586 δακεῖν
1864 4533 1966 4586 αὐ-

389 4619 481 4673 τὸν
515 4617 815 4673 ἐϐούλοντο.
853 4619 922 4672 Τί
961 4615 1054 4673 οὖν
1086 4619 1354 4691 ἐροῦμεν;
1391 4621 1509 4675 Ὅτι
1541 4621 1674 4691 πρὸς
1706 4622 1766 4676 ἒν
1810 4621 1968 4677 τοῦτο

392 4709 578 4781 ἐώρων
621 4709 840 4773 ἐκεῖνοι,
887 4700 948 4765 ’ἒὸ
999 4709 1264 4767 κινδύνοις
1304 4711 1468 4766 αὐτὸν
1502 4713 1817 4782 περιϐαλεῖν
1852 4717 1968 4777 τοῖς

394 4798 648 4872 παροῦσι,
685 4797 744 4852 τδ
779 4797 854 4869 μὴ
889 4798 1107 4868 ἀφεῖναι
1143 4798 1449 4871 διαφυγεῖν·
1488 4803 1585 4856 καὶ
1622 4804 1797 4875 τούτῳ
1829 4805 1969 4876 μᾶλ-

393 4891 486 4945 λον
518 4889 687 4963 ᾤοντο
710 4889 871 4945 αὐτὸν
902 4892 1110 4956 λυπεῖν,
1150 4892 1245 4944 καὶ
1269 4892 1330 4951 τὸ
1365 4893 1623 4965 κήρυγμα
1661 4894 1964 4963 σϐεννύναι,

395 4983 431 5053 ἢ
463 4982 705 5047 ἐκείνως.
745 4980 977 5054 Ἑτέρως
998 4982 1098 5053 μὲν
1119 4984 1225 5055 γάρ
1256 4983 1320 5038 ἂν
1341 4985 1437 5038 καὶ
1457 4984 1686 5039 ἔσϐεσαν
1700 4987 1793 5041 τοῦ
1816 4987 1971 5058 βασι-

396 5072 533 5137 λέως
560 5073 661 5144 τὴν
698 5072 887 5144 ὀργῆν,
918 5074 1013 5126 καὶ
1047 5074 1266 5146 ἀφῆκαν
1297 5075 1364 5129 ἀν
1395 5072 1653 5146 ἐξελθεῖν,
1685 5079 1779 5132 καὶ
1808 5079 1970 5133 πάλιν

399 5162 653 5233 κηρῦξαι’
691 5162 835 5218 οὕτω
877 5162 934 5217 δέ
976 5164 1044 5218 δι’
1073 5165 1234 5220 αὐτὸν
1266 5166 1327 5219 τὸ
1362 5168 1472 5221 πᾶν
1504 5168 1644 5223 ἑλεῖν
1684 5169 1969 5241 ἐνόμιζον,

399 5253 683 5315 ἀνελόντες
711 5253 893 5308 αὐτόν.
920 5255 1030 5309 Καὶ
1059 5255 1217 5311 τοῦτο
1241 5258 1343 5311 οὐκ
1371 5252 1441 5330 ἦν
1471 5259 1581 5313 τῶν
1611 5259 1821 5315 πολλῶν
1852 5278 1974 5315 συν-

403 5344 553 5408 ιδεῖν,
570 5341 710 5399 ἀλλά
730 5342 943 5415 πικρῶν
956 5361 1115 5400 τινων
1136 5348 1231 5401 καὶ
1251 5349 1454 5419 σφόδρα
1479 5349 1788 5423 μοχθηρῶν.
1814 5348 1972 5420 Εἶτα,

400 5434 513 5489 Καὶ
540 5434 613 5490 έν
640 5434 849 5507 τούτῳ,
878 5434 1036 5505 φησὶ,
1067 5439 1269 5506 χαίρω,
1289 5439 1453 5495 ἀλλά
1479 5440 1580 5495 καί
1614 5443 1971 5513 χαρήσομαι.

402 5524 470 5582 Τί
500 5526 671 5595 ἐστιν,
714 5524 903 5583 tu.»
929 5527 1304 5597 χαρήσομαις
1347 5528 1465 5585 Κάν
1502 5532 1780 5587 ἐπιπλεῖον
1807 5535 1974 5606 γένη-

403 5631 518 5685 ται,
553 5617 738 5690 φησίν.
780 5616 936 5689 Ἐμοὶ
983 5616 1094 5689 γάρ
1140 5619 1550 5691 συμπράττουσι
1592 5626 1686 5679 καὶ
1729 5625 1971 5693 ἄκοντες,

1026 269 1086 327 S.
1124 265 1409 325 JOANNIS
1443 258 1936 321 Cl-IRYSOSTUMI
1973 253 2292 315 ARCHIEP.
2334 248 2884 311 CONSTANTINOP.

2004 369 2230 425 καὶτῶν
2249 367 2431 432 αὐτοῖς
2455 365 2844 438 πεπονημένων
2868 365 3060 420 ἐκεῖνοι
3085 363 3183 435 μὲν
3202 362 3440 427 κόλασιν,
3464 360 3577 433 ἐγὼ

2000 463 2058 517 δὲ
2086 464 2116 516 δ
2150 460 2315 533 μηδὲν
2355 458 2825 531 συμϐαλλόμενος,
2868 457 3062 527 μισθὸν
3105 456 3370 527 λήψομαι.
3429 450 3579 526 Ἀρα

2011 549 2133 603 ἐστι
2159 568 2212 604 τι
2256 548 2349 603 τοῦ
2383 548 2629 604 διαϐόλου
2661 548 3018 622 μιαρώτερον,
3047 547 3139 601 τοῦ
3174 547 3436 618 κήρυγμα
3460 546 3582 599 ἐπι-

2003 642 2296 711 νοήσαντος
2323 638 2681 705 ἀναδέξασθαι
2700 638 2921 695 κόλασιν
2947 640 3059 703 τοῖς
3081 636 3428 707 πειθομένοις
3449 653 3582 706 προ-

2009 731 2191 799 ξενοῦν
2214 750 2230 800 ;
2261 731 2426 804 Ὁρᾷς
2451 731 2639 797 πόσοις
2661 734 2853 795 κακοῖς
2872 731 2997 796 τοὺς
3019 729 3210 785 ἐαυτοῦ
3234 747 3299 781 πε
3309 729 3542 800 ριπείρει
3564 745 3580 794 ;

2007 826 2227 879 κόλασιν
2254 823 2346 878 καὶ
2376 823 2645 896 τιμωρίαν
2674 824 2856 884 αὐτοῖς
2885 823 2950 877 ἐκ
2980 821 3075 875 τοῦ
3108 821 3459 895 κηρύγματος
3485 820 3581 873 καὶ

2007 913 2117 969 τῶν
2146 914 2325 969 πόνων
2347 913 2555 967 ἐπινοεῖ
2575 912 2800 969 τούτων.
2828 913 2938 966 Καὶ
2961 914 3110 976 ποῖος
3129 911 3194 967 ἀν
3214 912 3371 974 ἄλλος
3397 909 3586 982 ἐχθρὸς

2010 1008 2107 1062 καὶ
2136 1007 2395 1077 πολέμιος
2426 1006 2526 1076 τῆς
2557 1007 2782 1061 ἐκείνων
2823 1004 3093 1078 σωτηρίας
3116 1004 3178 1058 τὸ
3214 1006 3322 1061 πᾶν
3351 1004 3492 1057 οῦτω
3516 1003 3590 1055 δι-

2016 1097 2233 1169 έθηκεν;
2250 1097 2414 1170 Ὁρᾷς
2428 1098 2510 1153 δτι
2527 1099 2555 1151 ὁ
2574 1097 2672 1169 τὴν
2691 1098 2948 1168 ἀλήθειαν
2965 1096 3212 1168 πολεμῶν
3227 1096 3375 1149 οὐδὲν
3394 1095 3585 1165 ἰσχύει,

2025 1187 2141 1243 ἀλλ’
2164 1186 2355 1241 ἐαυτδν
2384 1186 2608 1258 πλήττει
2638 1187 2838 1259 μᾶλλον
2859 1227 2875 1253 ,
2908 1186 2983 1251 ῶς
3011 1188 3038 1240 ὁ
3074 1184 3211 1257 πρὸς
3256 1185 3457 1256 κέντρα
3493 1184 3589 1238 λα-

2014 1277 2251 1344 κτίζωνς
2285 1272 2430 1330 Οἶδα
2449 1277 2582 1347 τὰρ,
2611 1277 2797 1347 φησὶν,
2839 1274 2929 1329 ὅτι
2953 1274 3133 1329 τοῦτό
3157 1292 3260 1344 μοι
3287 1273 3588 1343 ἀποϐήσε-

2015 1386 2111 1424 ται
2146 1371 2229 1436 είς
2256 1369 2562 1437 σωτηρίαν·
2588 1367 2687 1422 διὰ
2705 1367 2818 1437 τῆς
2838 1365 3005 1436 ὑμῶν
3032 1365 3315 1433 δεήσεως,
3346 1365 3443 1419 καί
3467 1365 3593 1418 ἐπι-

2018 1461 2302 1531 χορηγίας
2330 1460 2439 1514 τοῦ
2484 1460 2833 1529 Πνεύματος
2881 1458 3076 1526 Ἰησοῦ
3115 1457 3390 1527 Χριστοῦ,
3427 1457 3594 1510 Οὐδὲν

2017 1552 2113 1607 τοῦ
2158 1550 2404 1606 διαϐόλου
2456 1549 2797 1623 μιαρώτερον
2820 1567 2835 1582 ο
2893 1549 3036 1604 οὕτω
3091 1547 3364 1620 πανταχοῦ
3414 1548 3595 1612 πόνοις

2022 1640 2298 1709 ἀνονήτοις
2329 1639 2455 1703 τούς
2491 1639 2687 1692 ἐαυτοῦ
2719 1638 3085 1708 περιϐάλλει,
3127 1638 3222 1693 καὶ
3248 1639 3469 1710 διασπᾷο
3501 1639 3596 1691 καὶ

2022 1729 2085 1785 οὐ
2110 1730 2270 1800 μόνον
2301 1728 2407 1782 τῶν
2438 1727 2591 1801 [207]
2616 1728 2865 1783 ἐπάθλων
2892 1729 2993 1783 οὐκ
3014 1729 3206 1799 ἀφίησι
3231 1730 3432 1800 τυχεῖν,
3461 1728 3600 1781 ἀλλά

2024 1821 2119 1876 καὶ
2146 1820 2422 1886 κολάσεως
2462 1820 2798 1885 ὑπευθύνους
2826 1822 2998 1874 ποιεῖν
3020 1816 3180 1875 οἶδεν.
3212 1821 3286 1874 Οὐ
3306 1820 3415 1892 γὰρ
3440 1819 3599 1890 μόνον

2026 1911 2306 1982 κήρυγμα,
2343 1909 2480 1965 ἀλλά
2510 1911 2603 1965 καὶ
2630 1911 2884 1982 νηστείαν
2907 1909 3163 1982 τοιαύτην
3191 1909 3284 1964 καὶ
3306 1910 3602 1981 παρθενίαν

2029 2002 2213 2066 αὐτοῖς
2244 2001 2557 2073 νομοθετεῖ,
2590 2002 2626 2074 ἢ
2658 2003 2719 2056 οὐ
2761 2003 2922 2076 μόνον
2967 2002 3175 2074 μισθῶν
3217 2003 3601 2072 ἀποστερήσει,

2029 2093 2164 2148 ἀλλά
2199 2094 2291 2149 καὶ
2320 2093 2463 2166 μέγα
2504 2094 2674 2148 κακὸν
2716 2093 2907 2160 ἐπάξει
2952 2095 3065 2159 τοῖς
3111 2093 3280 2164 αὐτὴν
3312 2091 3556 2164 μετιοῦσι
3580 2107 3600 2125 ο

2031 2203 2098 2239 πε
2106 2187 2160 2257 ρὶ
2189 2180 2265 2240 ῶν
2290 2203 2423 2257 φησι
2454 2187 2549 2241 καὶ
2571 2185 2804 2258 ἀλλαχοῦ
2826 2201 2840 2216 ⁸
2864 2186 3447 2255 Κεκαυτηριασμένοι
3487 2183 3603 2253 τὴν

2033 2276 2194 2331 ίδίαν
2240 2275 2620 2347 συνείδησιν.
2677 2277 2769 2330 Διὸ
2812 2276 3137 2349 παρακαλῶ,
3193 2275 3334 2348 ὑπὲρ
3390 2275 3606 2330 πάντων

2033 2366 2440 2438 εὐχαριστῶμεν
2485 2367 2565 2440 τῷ
2612 2365 2751 2440 Θεῷ,
2796 2369 2877 2422 ὃτι
2908 2369 3040 2438 ἡμῖν
3087 2369 3179 2422 καὶ
3236 2369 3362 2432 τοὺς
3412 2368 3609 2431 πόνους

2035 2458 2357 2530 ἐπεκούφισε
2378 2500 2394 2525 ,
2424 2460 2517 2513 καὶ
2561 2460 2684 2524 τοὺς
2723 2459 2946 2531 μισθοὺς
2994 2458 3246 2531 ηὐξησεν.
3280 2452 3384 2513 Ὧν
3423 2459 3531 2531 γάρ
3557 2459 3609 2512 οί

2037 2551 2167 2622 παρ’
2193 2552 2326 2621 ἡμῖν
2354 2549 2660 2620 γαμοῦντες
2693 2549 2987 2622 σωφρόνως
3013 2548 3346 2604 ἀπολαύουσι
3377 2549 3609 2620 μισθῶν,

2037 2640 2137 2694 οὐκ
2171 2639 2534 2694 ἀπολαύουσιν
2562 2642 2611 2694 οί
2638 2640 3059 2712 παρθενεύοντες
3085 2641 3216 2713 παρ’
3248 2640 3451 2704 αὐτοῖς,
3476 2640 3613 2697 ἀλλά

2040 2735 2106 2801 τῇ
2135 2730 2245 2785 τῶν
2270 2732 2641 2803 πορνευόντων
2667 2732 2718 2785 οί
2763 2730 3181 2804 παρθενεύοντες
3210 2731 3360 2803 παρά
3389 2733 3500 2795 τοῖς
3531 2718 3616 2785 αἱὲ

2045 2825 2275 2896 ρετικοῖς
2304 2822 2735 2895 δίκῃ’γεγόνασιν
2756 2823 3064 2878 ὑπεύθυνοι.
3091 2823 3262 2877 Πόθεν
3285 2839 3301 2888 ;
3344 2823 3443 2877 Ἐκ
3470 2823 3562 2876 τοῦ
3586 2836 3613 2866 ι

2046 2915 2122 2985 μὴ
2154 2913 2299 2987 ὀρθῷ
2333 2914 2523 2987 σκοπῷ
2554 2933 2607 2969 τι
2643 2918 2836 2982 ποιεῖν,
2870 2915 2984 2969 ἀλλ’
3009 2917 3103 2969 ἐπὶ
3132 2916 3349 2989 διαϐολῇ
3381 2916 3492 2970 τῶν
3520 2915 3616 2969 τοῦ

2043 3005 2180 3063 Θεοῦ
2214 3006 2529 3077 κτισμάτων
2556 3007 2649 3061 καὶ
2679 3008 2989 3078 ἀπορρήτου
3041 3008 3232 3077 σοφίας
3285 3006 3472 3062 αὐτοῦ.
3525 3009 3618 3080 Μὴ

2044 3095 2108 3167 δὴ
2137 3095 2493 3169 ρᾳθυμῶμενο
2527 3098 2728 3151 ἔδωκεν
2749 3100 2881 3169 ήμῖν
2905 3100 2934 3152 ό
2952 3098 3085 3163 Θεὸς
3109 3099 3459 3171 συμμέτρους
3474 3100 3619 3168 ἀγῶ-

2046 3205 2160 3253 νας,
2191 3189 2383 3243 οὐδένα
2414 3188 2577 3244 πόνον
2605 3188 2850 3261 ἔχοντας.
2893 3189 3052 3244 Ἀλλά
3086 3189 3160 3262 μὴ
3188 3190 3622 3262 καταφρονῶμεν

2046 3278 2135 3332 διὰ
2163 3278 2338 3334 τοῦτο.
2361 3279 2425 3333 Et
2453 3279 2567 3350 7&9
2588 3282 2638 3333 οἱ
2660 3280 2926 3352 αίρετικοὶ⁵
2967 3281 3370 3335 κατατείνουσιν
3398 3283 3625 3345 ἑαυτοὺς

2049 3369 2231 3432 πόνοις
2259 3369 2559 3440 ἀνονήτοις,
2587 3369 2671 3432 τίς
2701 3370 2831 3439 ήμῖν
2862 3369 3014 3423 ἔσται
3035 3367 3298 3437 ἀπολογία
3330 3369 3467 3439 μηδέ
3492 3369 3620 3431 τοὺς

2059 3460 2369 3523 ἐλάττονας,
2409 3460 2502 3514 καὶ
2532 3459 2751 3515 πλείονα
2794 3459 2983 3530 μισθὸν
3018 3460 3239 3531 ἔχοντας
3281 3460 3627 3531 βουλομένοις

2055 3551 2300 3618 ἐνεγκεῖν
2323 3565 2339 3614 ;
2361 3550 2426 3603 Τί
2451 3552 2558 3620 γὰρ
2585 3550 2858 3621 φορτικὸν,
2877 3549 2929 3603 τί
2946 3549 3003 3607 δέ
3018 3549 3249 3621 ἐπαχθὲς
3272 3549 3381 3604 τῶν
3401 3551 3629 3618 ἐπιταγ-
3686 3583 3697 3591 -

2066 3640 2252 3711 μάτων
2280 3639 2375 3695 τοῦ
2408 3639 2680 3714 Χριστοῦς
2738 3639 2814 3693 Οὐ
2853 3639 3077 3694 δύνασαι
3119 3639 3505 3711 παρθενεύειν;
3537 3639 3628 3704 ἐξ·

2057 3732 2174 3784 εστί
2192 3748 2272 3785 σοι
2291 3734 2512 3802 γαμεῖν.
2531 3732 2603 3785 Οὐ
2626 3730 2852 3786 δύνασαι
2877 3731 3093 3786 πάντων
3115 3731 3306 3786 ἐαυτὸν
3328 3730 3633 3802 ἀποστερῆ-

2057 3838 2146 3875 σαι
2173 3822 2281 3876 τῶν
2314 3822 2455 3889 σῶν;
2491 3821 2669 3887 ἔξεστί
2708 3839 2790 3876 σοι
2821 3822 2930 3879 ἀπὸ
2973 3822 3082 3876 τῶν
3129 3821 3298 3878 όντων
3332 3825 3589 3894 χορηγεῖν
3612 3838 3628 3852 ·

2063 3911 2134 3965 τὸ
2185 3909 2352 3982 ὑμῶν
2405 3913 2820 3982 περίσσευμα,
2875 3912 3076 3984 φησὶν,
3136 3913 3225 3981 είς
3269 3912 3339 3969 τὸ
3382 3914 3635 3967 ἐκείνων

2057 4001 2380 4071 ὑστέρημα.
2421 4002 2603 4056 Ταῦτα
2641 4003 2748 4079 γάρ
2776 3998 2915 4061 εἶναι
2945 4002 3092 4057 δοκεῖ
3121 4004 3376 4077 φορτικὰ,
3409 4004 3627 4077 χρημά-

2058 4110 2168 4147 των
2207 4093 2352 4161 λέγω
2398 4098 2778 4165 καταφρονεῖν,
2827 4095 2922 4148 καὶ
2969 4095 3266 4168 ἐπιθυμίας
3311 4097 3634 4168 σωματικῆς

2062 4186 2461 4255 περιγενέσθαι·
2509 4186 2578 4239 τά
2607 4187 2664 4239 δὲ
2694 4186 2831 4242 ἀλλα
2869 4187 3124 4258 οὐδεμιᾶς
3164 4188 3334 4242 δεῖται
3367 4188 3635 4260 δαπάνης,

2062 4278 2315 4348 οὐδεμιᾶς
2346 4276 2483 4348 βίας.
2520 4278 2658 4332 Ποία
2684 4278 2811 4351 γὰρ,
2845 4280 2966 4334 εἰπέ
2995 4296 3106 4350 μοι,
3138 4279 3228 4351 βία
3256 4279 3315 4334 τὸ
3346 4281 3422 4351 μὴ
3452 4280 3638 4344 κακῶς

2065 4371 2260 4435 εἰπεῖν,
2304 4370 2440 4442 μηδὲ
2485 4370 2788 4425 διαϐάλλειν
2822 4368 3042 4441 ἀπλῶς;
3091 4371 3219 4425 ποία
3249 4370 3306 4424 δέ
3352 4370 3441 4441 βία
3470 4372 3531 4424 τὸ
3562 4370 3640 4442 μή

2068 4458 2379 4530 βασκαίνειν
2407 4463 2518 4524 τοῖς
2546 4461 2749 4532 ἐτέρων
2775 4461 3000 4531 ἀγαθοῖς
3026 4478 3041 4529 ;
3093 4462 3124 4531 ἢ
3171 4460 3300 4514 ποία
3343 4462 3434 4532 βία
3461 4461 3522 4517 τὸ
3562 4462 3640 4532 μὴ

2065 4549 2190 4622 δόξῃ
2222 4551 2462 4617 ἀλῶναι;
2492 4553 2565 4606 Τὸ
2594 4552 2973 4622 βασανίζεσθαι
2998 4552 3094 4607 καὶ
3116 4552 3320 4624 φέρειν,
3347 4552 3641 4625 καρτερίας

2068 4643 2211 4695 ἐστί·
2237 4643 2555 4715 καρτερίας,
2597 4645 2693 4698 καὶ
2739 4645 3054 4714 φιλοσοφίαν
3082 4645 3292 4699 ἀσκεῖν
3323 4644 3642 4716 καρτερίας,

2068 4734 2131 4788 τὸ
2181 4737 2372 4789 πενίαν
2428 4735 2722 4805 διενεγκεῖν
2745 4752 2760 4766 ·
2820 4735 3145 4808 καρτερίας,
3188 4737 3250 4789 τὸ
3298 4736 3442 4807 λιμῶ
3474 4752 3644 4807 προσ-

2073 4826 2334 4881 παλαῖσαι
2360 4827 2457 4881 καὶ
2482 4828 2642 4898 δίψει.
2682 4827 2849 4883 Ὅταν
2876 4828 2934 4882 δέ
2984 4828 3150 4899 μηδὲν
3188 4826 3390 4881 τούτων
3425 4822 3495 4901 ᾖ,
3529 4826 3645 4880 ἀλλ’

2071 4917 2281 4983 εξεστιν
2298 4917 2636 4974 ἀπολαύοντα
2651 4919 2758 4973 τῶν
2769 4919 2956 4984 όντων,
2968 4920 3042 4984 ῶς
3053 4921 3099 4973 Χ
3108 4918 3364 4990 ριστιανῷ
3375 4919 3645 4991 προσῆκε,

2076 5009 2150 5081 μὴ
2183 5010 2396 5079 φθονεῖν
2430 5013 2542 5073 τοῖς
2572 5011 2795 5082 ἐτέρων,
2821 5012 2949 5065 ποία
2981 5011 3109 5082 βίας
3135 5011 3445 5082 Οὐδαμόθεν
3489 5010 3647 5065 ἀλλο-

2074 5099 2164 5155 θεν
2180 5100 2436 5169 όφθόνος,
2454 5101 2571 5154 ἀλλ’
2600 5103 2665 5156 ἐκ
2679 5100 2774 5156 τοῦ
2798 5100 3228 5173 προστετηκέναι
3250 5105 3361 5166 τοῖς
3388 5102 3646 5173 παροῦσι,

2079 5193 2277 5264 μᾶλλον
2307 5195 2365 5251 δὲ
2412 5197 2588 5251 πάντα
2617 5197 2687 5250 τὸ.
2717 5196 2879 5251 κακά.
2924 5197 2988 5250 Εἰ
3032 5196 3141 5269 γὰρ
3191 5197 3355 5267 μηδὲν
3400 5195 3653 5264 ἐνόμιζες

2076 5280 2216 5339 εἶναι
2250 5286 2319 5340 τά
2338 5288 2616 5358 χρήματα,
2650 5288 2743 5342 καὶ
2774 5288 2873 5360 τὴν
2893 5288 3053 5355 δόξαν
3078 5286 3173 5343 τοῦ
3196 5290 3403 5360 κόσμου
3435 5289 3654 5355 τούτου,

2076 5376 2179 5432 οὐκ
2216 5375 2281 5431 ἀν
2304 5380 2421 5442 τοῖς
2448 5378 2664 5450 ἔχουσιν
2692 5380 3023 5451 ἐϐάσκηνας.

2145 5647 2170 5676 ⁸
2200 5645 2377 5704 Ιιὸοεν;
2404 5640 2475 5693 sic
2493 5656 2611 5693 mss.
2639 5642 2768 5694 Ediu
2793 5657 2926 5705 vero,
2948 5644 3001 5693 τὸ
3023 5645 3071 5693 δὲ
3091 5649 3182 5693 πᾶν
3200 5644 3252 5693 ἐκ
3270 5639 3371 5693 τοῦ.
