4030 6204
416 273 506 327 ,97.
1318 262 1384 319 IN
1423 261 1633 318 EPIST.
1676 261 1766 316 ao
1805 259 2090 316 PlllLlPP.
2129 259 2279 316 CAP.
2323 263 2364 316 ι.
2405 237 2634 318 nouit.
2678 261 2741 318 ιι.

402 403 587 462 muas
612 385 837 442 dabunt.
869 383 954 438 17.
989 380 1207 446 Quidam
1254 394 1367 432 rero
1394 393 1456 431 ex
1492 378 1736 439 caritate,
1767 376 1978 430 scientes

400 455 639 552 quoniam
684 481 737 530 in
774 474 1113 546 defensionem
1143 469 1384 538 evtmgefii
1427 469 1615 538 positus
1660 483 1789 520 sum.
1842 466 1977 535 Quid

407 579 508 627 est.
539 569 607 621 in
629 566 971 635 defensionem
999 561 1243 630 euangelii
1271 561 1462 630 positus
1485 559 1641 612 sum?
1670 558 1724 612 ld
1751 566 1850 620 est,
1880 557 1982 612 hoc

409 665 751 731 prmstantes,
783 664 837 708 nt
867 669 934 709 ne
963 652 1091 706 mihi
1139 652 1191 705 in
1236 651 1530 704 rationibus
1558 650 1668 704 Deo
1695 648 1981 703 reddendis

404 749 558 804 \alde
586 744 935 801 laborandum
963 743 1067 805 sit,
1122 751 1175 797 et
1202 741 1452 811 quiddam
1499 739 1627 794 mihi
1655 738 1874 794 subsidii
1913 738 1979 792 ad

409 839 767 897 defensionem
793 834 1104 889 afferentes.
1135 833 1247 887 lloc
1274 840 1375 897 est,
1419 830 1608 887 Jussus
1637 846 1752 884 sum
1782 829 1976 900 prmdi-

409 944 560 994 care;
589 929 828 982 rationes
853 925 982 978 mihi
1008 923 1293 978 reddenda!
1318 932 1462 984 sunt,
1489 935 1552 975 ac
1573 921 1810 975 defensio
1834 935 1982 974 com-

411 1017 637 1088 paranda
669 1032 764 1086 pro
811 1015 1060 1086 imposito
1105 1013 1234 1066 mihi
1277 1011 1492 1066 officio:
1541 1012 1715 1081 igitur,
1759 1019 1817 1066 ut
1862 1025 1980 1064 mea

408 1108 644 1167 defensio
673 1107 742 1160 sit
771 1105 995 1168 facilior,
1027 1103 1336 1172 adjumento
1380 1102 1509 1156 mihi
1556 1113 1700 1157 sunt.
1743 1101 1976 1167 Etenim,

409 1202 450 1253 si
481 1199 631 1253 multi
661 1199 857 1250 inventi
896 1195 1089 1250 fuerint
1115 1195 1206 1264 qui
1229 1193 1549 1250 catechesim
1579 1194 1882 1264 acceperint
1927 1202 1982 1248 et

408 1288 753 1353 (redidcrint,
781 1287 945 1340 facilis
973 1285 1101 1340 mihi
1123 1286 1364 1340 defensio
1386 1287 1509 1341 erit.
1534 1285 1620 1342 18.
1649 1285 1784 1352 Quid
1808 1286 1982 1340 enim?

408 1383 532 1436 dum
550 1380 687 1432 ουιηὶ
718 1379 864 1431 modo
883 1379 986 1432 sive
1016 1394 1103 1447 per
1127 1379 1460 1439 occasionem,
1491 1379 1594 1430 sive
1609 1394 1697 1448 per
1723 1379 1982 1431 ueritatem

413 1466 642 1521 Christus
671 1469 1017 1521 annuntiatnr.
1050 1467 1177 1522 Vide
1205 1467 1300 1520 viri
1329 1466 1716 1536 philosophiam
1747 1484 1761 1521 :
1791 1482 1894 1521 non
1928 1468 1980 1520 in

418 1558 532 1612 illos
558 1559 898 1613 vehementer
918 1559 1161 1612 invectus
1186 1568 1292 1623 est,
1314 1559 1404 1612 sed
1435 1559 1628 1613 factum
1659 1560 1831 1630 ipsum
1858 1574 1981 1612 nar-

417 1649 567 1703 ravit.
595 1648 730 1716 Quid
758 1648 898 1704 enim
924 1663 1062 1712 mea,
1087 1648 1276 1718 inquit,
1310 1649 1556 1717 interest,
1583 1657 1758 1703 utrum
1789 1649 1890 1703 hoc
1912 1664 1982 1704 an

417 1741 509 1796 illo
531 1740 728 1795 modo?
763 1740 807 1794 si
839 1739 1186 1794 nihilominus
1209 1741 1320 1794 sive
1349 1741 1660 1804 occasione,
1687 1739 1800 1794 sive
1843 1741 1982 1793 veri-

414 1841 519 1888 tate
541 1831 785 1888 Christus
811 1835 1012 1888 interea
1033 1833 1416 1887 annuntiatur?
1442 1831 1556 1886 Non
1578 1832 1731 1899 dixit,
1762 1835 1982 1886 Annuu-

414 1923 591 1986 tiatur,
632 1923 783 1992 quasi
829 1923 1000 1992 legem
1043 1921 1263 1988 ferens,
1306 1921 1403 1976 sed
1452 1922 1682 1991 primum
1735 1933 1981 1976 eventum

417 2017 584 2082 ipsum
611 2012 850 2068 narravit
876 2029 892 2076 ;
922 2012 1138 2079 deinde,
1165 2014 1326 2068 etiam
1371 2011 1416 2067 si
1459 2012 1630 2082 legem
1659 2011 1837 2067 ferens
1883 2011 1984 2068 hoc

415 2103 682 2169 dixisset,
738 2118 846 2157 non
877 2111 1158 2173 propterea
1206 2101 1497 2158 hatresibus
1533 2102 1734 2157 aditum
1780 2100 1982 2172 patefe-

414 2193 594 2246 cisset.

485 2285 538 2338 5.
575 2283 705 2338 Rem
735 2283 876 2338 enim
911 2283 1104 2352 ipsam,
1130 2283 1172 2336 si
1203 2283 1350 2348 libet,
1379 2283 1744 2352 expendamus
1766 2324 1782 2349 ,
1823 2295 1878 2339 et
1904 2284 1987 2338 in-

412 2378 713 2447 telligemus
741 2375 998 2444 profecto,
1022 2376 1181 2430 etiam
1217 2378 1260 2429 si
1296 2375 1362 2429 ad
1397 2392 1520 2430 eum
1550 2376 1764 2430 modum
1795 2377 1987 2446 praedi-

411 2486 532 2525 care
555 2469 826 2538 jnssisset,
868 2467 1314 2538 quemadmodum
1347 2469 1424 2522 illi
1457 2469 1848 2538 praedicabant;
1877 2483 1984 2522 non

415 2571 588 2616 tamen
634 2561 734 2615 hac
780 2560 986 2614 ratione
1032 2558 1224 2614 ha-resi
1271 2560 1446 2614 locum
1491 2560 1628 2614 dari.
1675 2558 1984 2626 Quomodo?

413 2653 669 2719 Quoniam
703 2651 776 2704 illi
805 2665 990 2704 sanam
1013 2650 1227 2718 quidem
1276 2649 1572 2703 doctrinam
1601 2649 1981 2718 praedicabant,

418 2745 744 2811 propositum
775 2757 902 2796 vero
928 2756 991 2795 ac
1011 2756 1186 2806 mens,
1213 2757 1312 2810 qua
1344 2741 1393 2794 id
1418 2740 1702 2802 faciebant,
1734 2751 1984 2810 corrupta

416 2845 546 2898 erat,
572 2850 677 2886 non
701 2842 876 2886 tamen
905 2842 961 2887 ιιι
983 2832 1222 2886 doctrina
1259 2830 1540 2900 praedicata
1574 2832 1864 2885 variaretur
1885 2830 1982 2902 (a).

419 2924 521 2980 Sed
553 2934 611 2978 ut
636 2924 825 2978 eodem
857 2923 1015 2976 modo
1042 2921 1415 2992 praedicarent,
1445 2937 1631 2992 magna
1665 2922 1768 2976 illis
1814 2923 1985 2991 impo-

418 3019 513 3070 sita
545 3018 835 3071 necessitas
860 3024 993 3070 erat.
1038 3015 1412 3085 Quapropter?
1442 3016 1722 3083 Quoniam,
1759 3016 1803 3071 si
1832 3016 1986 3069 aliter

419 3110 796 3177 praulicaSseut
823 3123 885 3162 ac
921 3108 1146 3174 Paulus;
1189 3108 1235 3162 si
1277 3109 1434 3164 aliter
1479 3109 1786 3165 docuissent
1827 3118 1986 3178 atque

418 3200 520 3260 ille,
555 3201 792 3268 profecto
825 3199 1166 3270 Imperatoris
1197 3200 1326 3254 iram
1355 3217 1464 3255 non
1502 3203 1778 3256 auxissent
1803 3221 1816 3255 :
1846 3217 1986 3255 nunc

417 3306 541 3346 vero
572 3291 673 3345 hoc
715 3292 850 3360 ipso,
882 3290 1024 3360 quod
1057 3291 1200 3344 illius
1228 3291 1657 3361 prmdicatiOnem
1697 3293 1988 3348 dilatabant

418 3393 575 3450 atque
624 3383 814 3441 eadem
857 3383 1160 3450 docebant,
1210 3395 1264 3437 et
1309 3384 1511 3438 similes
1553 3385 1654 3441 sibi
1701 3395 1858 3455 atque
1898 3387 1987 3440 ille

419 3471 704 3540 discipulos
729 3472 1126 3543 comparabant,
1154 3473 1533 3543 Imperatorem
1563 3476 1775 3530 irritare
1799 3487 1987 3545 potue-

425 3573 564 3629 rant,
593 3573 733 3618 tanta
779 3564 1157 3634 discipulorum
1210 3567 1547 3621 multitudine
1596 3569 1890 3638 prodeunte
1936 3570 1988 3624 in

427 3663 785 3721 causpcctum.
832 3655 938 3710 Sed
980 3656 1316 3726 importunus
1361 3658 1618 3729 quispiam
1663 3670 1716 3714 et
1765 3661 1987 3715 stolidus

429 3741 572 3797 bime
605 3744 775 3797 locum
814 3746 1238 3813 reprehendens,
1288 3749 1358 3803 ita
1385 3750 1526 3804 dicet
1558 3767 1571 3803 :
1603 3750 1712 3805 lino
1756 3767 1882 3805 vero
1913 3753 1986 3806 illi

423 3835 748 3889 contrariam
775 3837 1032 3891 rationem
1059 3843 1264 3908 sequuti
1296 3851 1475 3896 essent
1498 3881 1511 3904 ,
1539 3843 1584 3896 si
1631 3842 1848 3895 Paulum
1898 3843 1990 3896 lte-

421 3927 551 3980 dere
588 3927 918 3982 voluissent:
950 3944 1050 3984 non
1073 3933 1211 3984 enim
1239 3933 1474 3986 fidelium
1509 3949 1783 3988 numerum
1815 3935 1986 3989 auxis-

419 4027 558 4083 sent,
590 4017 683 4072 sed
715 4033 806 4073 eos
835 4020 1008 4088 potius
1037 4021 1248 4092 quijam
1273 4023 1637 4090 crediderunt,
1666 4025 1986 4094 abcgissent.

419 4107 552 4172 Quid
573 4108 730 4177 igitur
751 4111 1226 4179 rcSpondebimus?
1250 4113 1360 4167 Hoc
1376 4130 1535 4167 unum
1559 4114 1676 4169 illos
1696 4127 1986 4185 spectasse,

419 4210 476 4250 ut
502 4199 722 4253 Paulum
752 4203 1101 4268 praesentibus
1124 4204 1372 4273 periculis
1400 4205 1898 4277 circumcingerent,
1927 4220 1990 4263 ut

422 4305 489 4345 ne
522 4291 666 4344 illum
691 4292 882 4347 dimitti
913 4295 1172 4360 sinerent;
1204 4306 1361 4366 atque
1384 4297 1480 4352 hac
1506 4301 1712 4353 ratione
1736 4303 1992 4369 putabant

422 4378 676 4448 majorem
707 4395 764 4435 se
796 4382 870 4435 illi
897 4383 1140 4438 dolorem
1165 4385 1441 4450 allaturos,
1472 4399 1629 4457 atque
1655 4392 1990 4459 evangelium

421 4469 773 4525 exstincturos
795 4513 810 4535 ,
843 4488 1005 4542 quam
1043 4476 1087 4528 si
1121 4474 1240 4530 illos
1282 4478 1604 4546 abegissent.
1648 4481 1820 4536 Aliter
1848 4481 1991 4535 enim

423 4557 662 4614 faciendo
692 4569 747 4616 et
789 4561 1131 4634 ln'iperatoris
1152 4567 1284 4621 iram
1320 4568 1599 4624 scdassent
1623 4611 1638 4636 ,
1669 4581 1723 4625 et
1769 4572 1992 4625 Paulum

421 4648 567 4704 exire
585 4665 648 4704 ac
668 4666 852 4708 rursus
871 4655 1160 4722 prtedicare
1190 4657 1483 4720 sivissent;
1518 4660 1617 4715 hoc
1639 4670 1817 4715 autem
1835 4662 1994 4717 modo

422 4747 584 4794 totam
606 4756 666 4795 se
683 4758 796 4797 rem
815 4753 1057 4801 evertere
1073 4747 1593 4814 existimabant,eum
1614 4752 1784 4820 ipsum
1803 4752 1869 4806 de
1883 4767 1995 4808 tne-

423 4827 510 4882 dio
536 4833 895 4888 sustulissent.
926 4835 1105 4906 Neque
1133 4853 1260 4892 vero
1291 4841 1440 4894 multi
1475 4842 1578 4897 huc
1620 4844 1993 4912 penetrabant,

420 4919 513 4972 sed
539 4923 707 4977 amari
729 4925 941 4992 quidam
972 4927 1218 4984 homines
1239 4940 1292 4983 et
1324 4931 1566 5000 improbi.
1595 4934 1816 5000 Deinde,
1851 4935 1916 4988 Et
1943 4936 1996 4988 in

423 5009 536 5074 hoc,
558 5012 744 5081 inquit,
772 5016 986 5084 gaudeo,
1013 5018 1101 5072 sed
1131 5029 1176 5072 et
1196 5021 1442 5090 gaudebo.
1473 5025 1608 5090 Quid
1639 5026 1738 5079 hoc
1759 5039 1858 5093 est,
1891 5027 1998 5080 Sed

420 5111 464 5150 et
492 5102 761 5170 gaudebo?
792 5105 961 5159 Etiam
985 5107 1050 5170 si,
1069 5109 1258 5179 inquit,
1283 5116 1449 5182 magis
1466 5131 1528 5167 ac
1551 5118 1716 5184 magis
1741 5116 1790 5168 id
1815 5128 1990 5185 agant.

418 5191 548 5244 Nam
583 5191 666 5247 vel
708 5193 859 5249 inviti
897 5199 1135 5255 actiones
1163 5219 1312 5257 meas
1354 5206 1628 5274 adjuvant,
1677 5220 1730 5262 et
1756 5210 1996 5265 laborum

483 5385 1065 5464 ςαλὲὲριιξκιβιιιειξ-ιιίειηο
1097 5405 1148 5447 et
1180 5411 1245 5448 ex
1285 5398 1468 5450 Nobilio
1512 5403 1830 5452 restituimus.
1873 5404 1994 5464 Quae

420 5456 582 5521 autem
629 5449 726 5521 hic
745 5454 1278 5521 dieit__(‘hrysostomus,
1305 5464 1498 5511 omnino
1515 5449 1997 5515 consonantcutitwiiws

421 5512 831 5594 procubui-ri
854 5512 1139 5594 Aliotiiiliiain
1166 5512 1295 5587 hunc
1319 5522 1546 5594 Epistoltc
1570 5527 1627 5572 ad
1655 5512 1999 5594 Philippenses

421 5563 596 5646 Erizam,
619 5573 736 5646 sive
745 5589 830 5636 per
846 5563 1996 5646 aeiauiwiiﬁipgpii

419 5633 657 5681 mutuetur
703 5633 820 5694 Quae
848 5633 1057 5689 habetur
1074 5633 1204 5691 't‘oin.
1231 5633 1319 5705 lll',
1344 5633 1687 5696 calami-SH.

3567 276 3671 333 IN

2091 389 2225 444 quos
2253 375 2304 428 in
2349 376 2447 430 hac
2475 392 2530 430 re
2558 377 2888 447 impendunt,
2919 378 3016 448 ipsi
3045 379 3258 450 quidem
3288 395 3518 451 pmnam,
3565 400 3668 456 ego

2087 481 2214 520 vero
2244 468 2330 534 qui
2359 483 2425 522 eo
2468 468 2600 522 nihil
2644 469 2886 533 confero,
2931 471 3230 527 mercedem
3268 473 3452 527 feram.
3498 475 3667 532 Estne

2087 555 2377 626 quidquam
2405 557 2621 612 diabolo
2647 559 2928 615 scelestius
2957 559 3058 615 hoc
3081 571 3291 630 agente,
3321 573 3374 616 ut
3403 569 3668 633 evangelii

2086 647 2356 715 susceptio
2385 648 2470 711 iis,
2522 649 2718 716 quibus
2745 651 3020 718 suscipere
3046 654 3370 720 persuaserit
3395 695 3410 716 ,
3462 657 3658 724 suppil-

2087 736 2228 790 cium
2278 738 2568 792 conciliet?
2599 738 2761 793 Vides
2808 742 3024 809 quantis
3068 743 3222 798 malis
3267 745 3496 814 undique
3538 761 3664 803 suos

2085 825 2388 896 perfodiat?
2432 842 2647 897 poenam
2698 830 2815 884 istis
2861 840 2918 886 et
2960 833 3277 901 supplicium
3323 851 3388 890 ex
3434 837 3660 906 ipsatnet

2087 915 2466 985 prmdicatione
2492 927 2548 971 et
2569 918 2845 974 laboribus
2873 921 2925 975 in
2957 936 3019 977 ea
3059 926 3323 994 susceptis
3353 925 3658 984 fabricatur.

2087 1005 2284 1075 Ecquis
2309 1007 2446 1060 alius
2477 1008 2727 1064 inimicus
2751 1021 2910 1080 atque
2939 1013 3130 1077 hostis,
3157 1015 3414 1085 quidquid
3446 1017 3510 1071 ad
3541 1018 3659 1072 illo-

2087 1113 2205 1152 rum
2226 1099 2454 1154 salutem
2484 1100 2700 1167 faceret,
2725 1105 2804 1158 sic
2828 1103 3216 1174 disposuisset?
3248 1106 3502 1178 Intelligis
3530 1111 3666 1165 nihil

2085 1203 2208 1242 eum
2241 1205 2418 1258 posse,
2445 1192 2536 1260 qui
2564 1192 2827 1249 adversus
2853 1197 3131 1250 veritatem
3161 1197 3357 1250 bellum
3387 1200 3544 1268 gerit,
3566 1203 3664 1256 sed

2088 1282 2263 1350 potius
2275 1284 2508 1352 seipsum
2528 1287 2826 1349 vulnerare,
2841 1287 3290 1356 quemadmodum
3306 1291 3395 1359 qui
3410 1291 3664 1348 adversus

2086 1374 2356 1428 Stimulum
2384 1377 2667 1432 ealcitrat?
2697 1378 2785 1433 l9.
2820 1378 2941 1434 Scio
2967 1381 3121 1445 enim,
3153 1382 3362 1449 inquit,
3412 1382 3530 1450 quia
3569 1384 3665 1437 hoc

2087 1468 2212 1520 mihi
2241 1471 2496 1536 proveniet
2539 1469 2608 1521 ad
2651 1471 2865 1523 salutem
2912 1488 2999 1540 per
3028 1482 3243 1525 vestram
3295 1475 3574 1526 orationem
3614 1485 3661 1529 et

2084 1557 2601 1613 subministrationem
2629 1559 2858 1628 Spiritus
2902 1560 3028 1616 Jesu
3055 1562 3261 1617 Christi.
3289 1562 3427 1617 Nihil
3451 1565 3662 1618 diabolo

2087 1650 2369 1704 scelestius
2411 1669 2425 1705 :
2470 1651 2537 1704 ita
2587 1651 2780 1720 ubique
2823 1650 3162 1708 infructuosis
3214 1655 3484 1709 laboribus
3534 1672 3661 1710 suos

2084 1739 2262 1795 obruit
2293 1755 2354 1795 ac
2380 1740 2600 1795 dilaniat
2633 1759 2646 1795 :
2679 1757 2778 1798 nec
2805 1745 2978 1797 solum
3011 1747 3346 1813 praemiorum
3387 1758 3661 1816 compotes

2085 1845 2205 1886 esse
2229 1831 2446 1887 minime
2474 1833 2620 1899 sinit,
2648 1833 2740 1888 sed
2757 1836 2916 1890 etiam
2939 1837 3199 1906 supplicio
3231 1840 3376 1893 novit
3401 1839 3662 1895 obnoxios

2086 1919 2282 1976 facere.
2312 1921 2428 1976 Non
2475 1923 2619 1977 enim
2647 1925 2818 1979 solum
2860 1927 3288 1996 praedicationem
3312 1970 3328 1994 ,
3375 1930 3466 1983 sed
3497 1934 3659 1986 etiam

2087 2012 2348 2082 ejusmodi
2373 2014 2571 2084 jejunia
2613 2030 2678 2071 ac
2708 2017 3058 2088 virginitatem
3094 2020 3223 2088 ipsis
3251 2020 3496 2091 injungit,
3541 2037 3662 2092 qum

2087 2119 2193 2158 non
2221 2105 2378 2160 modo
2417 2108 2648 2175 prmmiis
2671 2109 2742 2163 sit
2785 2109 2907 2165 illos
2932 2112 3195 2181 privatura
3221 2153 3237 2179 ,
3267 2129 3448 2168 verum
3499 2117 3658 2169 etiam

2087 2209 2334 2265 magnam
2361 2197 2718 2254 calamitatem
2757 2200 2838 2265 iis,
2871 2202 2961 2271 qui
2990 2203 3158 2271 ipsam
3185 2204 3412 2274 amplexi
3446 2204 3660 2270 fuerint,

2090 2283 2384 2341 invectura.
2413 2287 2488 2342 De
2507 2288 2702 2357 quibus
2724 2299 2780 2345 et
2797 2290 2922 2345 alibi
2953 2292 3123 2363 inquit
3160 2310 3175 2347 :
3204 2293 3540 2348 Cauteriatam
3570 2297 3664 2350 Im-

2088 2375 2254 2430 bentes
2277 2393 2422 2430 suam
2447 2379 2799 2433 conscientiam
2829 2379 2904 2452 (ί.
2937 2379 3074 2441 Tim.
3103 2383 3156 2437 4.
3183 2383 3262 2454 2).
3300 2384 3657 2452 Quamobrem

2089 2467 2294 2534 hortor,
2327 2483 2425 2539 pro
2468 2470 2716 2524 omnibus
2746 2473 2940 2541 gratias
2973 2488 3192 2543 agamus
3225 2475 3351 2541 Deo,
3383 2476 3470 2546 qui
3511 2478 3664 2532 nobis

2087 2567 2142 2612 et
2166 2557 2374 2614 labores
2402 2560 2545 2615 leves
2584 2559 2729 2626 fecit,
2771 2575 2825 2617 et
2853 2564 3130 2620 mercedes
3157 2567 3323 2620 auxit.
3355 2566 3497 2634 Quas
3520 2569 3660 2622 enim

2087 2651 2365 2706 mercedes
2392 2652 2531 2720 apud
2567 2667 2662 2707 nos
2693 2654 2726 2707 ii
2756 2665 3176 2724 consequuntur,
3208 2659 3296 2728 qui
3328 2669 3476 2715 caste
3504 2674 3664 2715 utun-

2090 2749 2176 2794 tur
2205 2743 2565 2810 matrimonio,
2609 2759 2702 2800 eas
2725 2746 2865 2816 apud
2912 2747 3042 2803 istos
3069 2764 3137 2804 ne
3183 2749 3257 2803 illi
3296 2752 3532 2820 quidem,
3572 2754 3663 2822 qui

2087 2833 2441 2903 virginitatem
2470 2847 2704 2901 servant,
2737 2840 2946 2908 assequi
2975 2851 3226 2909 possunt;
3271 2844 3361 2897 sed
3393 2845 3481 2913 qui
3525 2845 3664 2913 apud

2090 2924 2372 2980 hzereticos
2404 2927 2757 2996 virginitatem
2786 2931 2989 2994 colunt,
3021 2933 3263 2988 eamdem
3291 2949 3353 2989 ac
3379 2936 3664 2990 fornicato-

2090 3028 2178 3068 res
2209 3030 2419 3083 pmnam
2448 3018 2700 3070 subeunt.
2734 3017 2918 3073 Unde?
2947 3019 3098 3087 Quod
3131 3022 3257 3076 nihil
3285 3024 3424 3078 bono
3443 3027 3666 3081 consilio

2087 3117 2150 3158 ac
2175 3105 2450 3174 prOposito
2495 3105 2728 3173 faciant,
2777 3107 2870 3162 sed
2902 3119 2958 3162 ut
2996 3122 3271 3166 creaturas
3303 3113 3394 3168 Dei
3432 3114 3664 3170 immen-

2088 3210 2310 3266 samque
2337 3197 2478 3251 illius
2506 3199 2818 3268 sapientiam
2851 3201 3216 3256 criminentur.
3250 3204 3410 3273 Igitur
3448 3221 3514 3260 ne
3558 3216 3667 3262 tor-

2089 3300 2308 3354 peamus
2326 3287 2646 3357 negligentia
2679 3306 2693 3342 :
2725 3289 2997 3343 moderata
3029 3291 3183 3344 nobis
3208 3294 3497 3348 certamina
3528 3297 3668 3352 Deus

2092 3378 2354 3446 injunxit,
2389 3379 2586 3433 nullius
2615 3378 2727 3434 fere
2760 3380 2956 3434 laboris
2991 3381 3165 3450 plena.
3199 3383 3306 3438 Nec
3337 3395 3509 3440 tamen
3543 3402 3668 3457 pro-

2092 3478 2273 3538 pterea
2299 3469 2676 3538 despiciamus.
2711 3469 2844 3525 Nam
2875 3475 2919 3526 si
2947 3472 3184 3530 hmretici
3213 3476 3484 3531 inutilibus
3515 3480 3667 3534 Iaho-

2092 3559 2240 3614 ribus
2268 3561 2473 3629 seipsos
2502 3561 2696 3617 misere
2721 3561 2978 3619 afflictam
3003 3581 3018 3630 ;
3068 3581 3188 3636 qua:
3213 3568 3366 3624 nobis
3395 3573 3666 3625 excusatio

2091 3651 2293 3720 reliqua
2316 3652 2438 3716 erit,
2471 3652 2514 3706 si
2545 3669 2716 3722 neque
2747 3663 2894 3710 tanto
2921 3657 3156 3712 minores
3178 3698 3192 3723 ,
3224 3660 3520 3730 quibusque
3548 3678 3666 3718 Ina-

2091 3743 2230 3798 xima
2245 3752 2328 3800 est
2342 3747 2606 3814 proposita
2628 3763 2854 3812 merces,
2876 3749 3056 3805 subire
3076 3753 3432 3810 voluerimus?
3450 3756 3664 3827 Ecquod

2096 3835 2233 3888 enim
2262 3834 2458 3888 Christi
2496 3847 2878 3906 pra‘ceptorum
2904 3843 3104 3909 grave?
3133 3846 3336 3913 ecquod
3368 3847 3521 3902 valde
3551 3865 3668 3902 mo-

2101 3925 2292 3979 lestum
2323 3927 2441 3980 est?
2464 3927 2578 3981 Non
2600 3937 2749 3997 potes
2771 3931 2821 3983 in
2849 3932 3145 3999 virginitate
3173 3934 3402 4003 degere?
3425 3937 3546 3991 licet
3576 3938 3669 3996 tibi

2095 4020 2432 4072 matrimonio
2458 4019 2629 4088 jungi.
2677 4018 2792 4072 Non
2821 4031 2970 4088 potes
3005 4025 3108 4076 tuis
3150 4035 3198 4078 te
3230 4026 3387 4080 rebus
3419 4029 3669 4084 omnibus

2094 4111 2336 4176 privare?
2370 4111 2488 4164 licet
2519 4111 2612 4163 tibi
2653 4125 2718 4164 ex
2767 4111 2917 4164 bonis
2946 4114 3049 4166 tuis
3075 4115 3226 4168 alti-ri
3273 4120 3610 4186 suppeditare
3651 4138 3668 4179 :

2104 4196 2305 4262 Vestra,
2347 4199 2537 4268 inquit,
2589 4200 2899 4252 abundantia
2922 4201 3126 4255 illorum
3169 4204 3392 4273 inopiam
3439 4210 3672 4278 suppleat

2099 4286 2174 4356 (Ξ.
2207 4288 2324 4342 Cor.
2344 4290 2398 4343 8.
2429 4290 2539 4358 li).
2571 4289 2702 4343 Nam
2735 4292 2832 4344 ista
2872 4292 3086 4360 quidem
3114 4295 3263 4348 valde
3288 4299 3469 4366 gravia
3500 4301 3670 4357 videri

2097 4379 2339 4448 possint,
2388 4379 2644 4447 pecunias
2689 4395 2782 4447 pro
2831 4381 2996 4434 nihilo
3049 4384 3276 4447 habere,
3325 4397 3380 4440 et
3413 4404 3672 4458 corporea

2097 4469 2386 4537 cupiditate
2437 4471 2770 4539 superiorem
2818 4487 2970 4536 esse;
3018 4474 3118 4528 alia
3151 4491 3279 4530 vero
3323 4487 3377 4530 ut
3428 4493 3668 4546 pra-stes,

2098 4559 2244 4612 nullo
2265 4569 2496 4629 sumptu,
2520 4561 2661 4615 nulla
2685 4561 2934 4616 violentia
2951 4578 3084 4634 opus
3099 4575 3198 4619 est.
3221 4565 3386 4632 Quam
3414 4571 3556 4623 enim
3580 4573 3672 4628 tibi

2098 4649 2204 4702 vim
2245 4647 2436 4704 eﬂ’eras
2463 4661 2690 4720 oportet,
2721 4662 2777 4706 ut
2804 4668 2871 4708 ne
2919 4655 3207 4718 maledicas
3238 4673 3336 4712 nec
3369 4659 3674 4716 crimineris

2102 4739 2348 4792 temere?
2379 4754 2446 4793 ne
2474 4749 2790 4796 cmterorum
2824 4741 2979 4798 bonis
3001 4745 3277 4802 invideas?
3301 4764 3366 4802 ne
3387 4749 3676 4807 ambitione

2099 4831 2366 4900 capiaris?
2394 4831 2697 4889 Tormentis
2723 4836 2934 4904 subjici,
2966 4853 3064 4892 nec
3083 4840 3148 4894 de
3174 4841 3337 4909 gradu
3363 4843 3549 4910 dejici,
3584 4859 3677 4914 pa-

2102 4922 2302 4976 tientiae
2330 4933 2440 4988 est;
2471 4924 2524 4978 in
2553 4927 2935 4982 exercitatione
2984 4929 3345 4998 philosophica
3391 4946 3452 4986 se
3500 4937 3676 4989 conti-

2103 5028 2252 5077 nere,
2281 5014 2546 5083 patientia:
2576 5025 2690 5080 est;
2716 5025 3079 5086 paupertatem
3108 5019 3268 5085 ferre,
3295 5035 3415 5076 cum
3444 5021 3584 5080 fame
3612 5041 3675 5083 ac

2102 5103 2187 5156 siti
2218 5103 2429 5170 luctari,
2463 5105 2727 5172 patientia:
2774 5115 2875 5159 est.
2907 5109 2976 5160 At
3025 5108 3108 5159 ubi
3139 5109 3271 5161 nihil
3324 5111 3510 5165 horum
3537 5130 3678 5185 prm-

2103 5201 2244 5246 stare
2289 5194 2529 5263 cogeris,
2580 5194 2674 5249 sed
2727 5195 2850 5249 licet
2896 5197 2990 5249 tibi
3033 5195 3188 5251 bonis
3230 5198 3370 5265 tuis,
3419 5215 3678 5272 quatenus

2102 5281 2464 5336 Christianum
2495 5284 2670 5349 decet,
2703 5284 2992 5351 fruentem,
3022 5287 3212 5342 alienis
3256 5305 3360 5345 non
3389 5293 3626 5352 invidere
3659 5315 3674 5351 :

2103 5389 2262 5443 quant
2307 5373 2561 5426 adhibeas
2611 5374 2912 5427 violentiam
2963 5379 3214 5445 oportet?
3263 5379 3422 5436 Certe
3487 5385 3677 5437 invidia

2105 5463 2318 5514 aliunde
2342 5477 2446 5515 non
2475 5462 2717 5526 exsistit,
2747 5477 2903 5531 quam
2931 5468 3159 5535 quodex
3201 5470 3558 5536 prmscntibus
3593 5483 3677 5525 re-

2106 5551 2204 5605 bus
2237 5551 2558 5619 pendemus;
2590 5552 2696 5604 itno
2718 5567 2844 5606 vero
2873 5570 3041 5625 neque
3088 5558 3301 5612 alitutdc
3347 5565 3522 5615 omnia
3565 5581 3681 5616 nia.

2111 5644 2178 5697 la.
2219 5642 2348 5697 Nam
2375 5644 2419 5696 si
2478 5642 2755 5712 pecuniam
2797 5655 2849 5700 et
2891 5649 3111 5716 gloriam
3156 5651 3339 5707 mundi
3391 5652 3545 5724 hujus
3589 5671 3687 5724 pro
