4030 6204
359 284 462 341 195

358 399 525 453 nihilo
558 403 713 467 putes
735 438 750 461 ,
801 394 1108 465 neutiquam
1152 394 1216 448 iis
1241 393 1434 462 quibus
1473 401 1765 462 suppetunt
1798 391 1936 446 iuvi-

359 488 532 544 dehis.

429 581 481 633 4.
506 578 608 634 Sed
639 578 887 647 quoniam
920 577 1034 631 istis
1063 574 1259 640 iuhias,
1292 576 1390 629 ista
1420 574 1703 629 admiraris
1726 590 1788 628 ac
1817 584 1937 629 stu-

359 685 455 739 pes
482 688 496 726 :
530 670 728 724 idcirco
771 668 982 723 invidiae
1006 710 1021 734 ,
1058 668 1255 722 idcirco
1287 668 1458 721 inanis
1486 668 1671 737 gloriae
1702 668 1936 723 stimulis

358 762 577 831 agitaris
610 778 623 813 :
655 776 717 814 ac
747 760 977 829 denique
1006 760 1184 814 omnia
1218 760 1341 813 hinc
1374 758 1785 829 proficiscuntur
1817 800 1832 825 ,
1865 774 1932 813 ex

359 852 710 905 admiratione
737 892 753 915 ,
787 851 1001 920 inquam
1038 890 1052 913 ,
1099 853 1218 903 vita:
1252 853 1531 919 pneseutis
1560 867 1844 921 rerumque
1872 851 1939 903 ad

361 940 504 996 illam
540 942 944 1011 pertinentium.
976 942 1186 997 Iuvides
1216 944 1307 1006 illi,
1342 960 1498 1013 quem
1532 945 1679 999 vides
1709 945 1939 998 ditesce-

362 1034 461 1089 re?
491 1035 557 1087 At
582 1032 673 1087 ille
695 1033 1058 1087 misericordia
1083 1035 1258 1102 potius
1274 1050 1335 1087 ac
1360 1036 1607 1106 lacrymis
1627 1036 1817 1104 dignus
1834 1044 1936 1089 est.

359 1122 465 1179 Sed
495 1125 752 1178 continuo
782 1139 902 1176 eum
932 1124 1039 1177 risu
1066 1124 1240 1192 inquis
1269 1143 1280 1176 :
1310 1125 1418 1194 Ego
1443 1125 1691 1195 lacrymis
1712 1125 1902 1193 dignus
1922 1165 1935 1186 ,

360 1232 469 1271 non
516 1216 605 1270 ille
648 1214 907 1284 profecto.
955 1215 1227 1286 Lacrymis
1254 1215 1445 1285 dignus
1472 1225 1527 1270 et
1566 1224 1643 1281 tu,
1672 1231 1777 1270 non
1820 1215 1939 1269 ideo

358 1311 500 1381 quod
533 1324 734 1380 pauper
762 1324 842 1373 es,
869 1308 962 1363 sed
990 1310 1240 1378 quoniam
1272 1318 1322 1363 te
1351 1309 1521 1379 ipsum
1551 1310 1803 1363 miserum
1832 1308 1934 1361 du-

360 1404 463 1457 cis.
522 1401 628 1457 Eos
665 1402 809 1456 enim
839 1442 855 1465 ,
877 1400 1070 1470 quibus
1112 1399 1240 1453 nihil
1274 1399 1398 1453 mali
1427 1398 1583 1454 adest
1610 1438 1627 1465 ,
1670 1412 1733 1453 ac
1761 1406 1937 1452 tamen

361 1507 505 1562 aegro
532 1492 711 1545 animo
733 1499 858 1545 sunt
888 1530 903 1553 ,
935 1490 1184 1561 lacrymis
1213 1490 1584 1559 prosequimur
1612 1528 1627 1553 ,
1659 1504 1765 1542 non
1798 1488 1937 1556 quod

362 1585 502 1638 male
531 1584 777 1645 habeant,
812 1582 904 1637 sed
929 1582 1092 1652 quod,
1121 1598 1239 1635 cum
1265 1582 1481 1635 minime
1510 1583 1648 1635 male
1674 1579 1936 1646 habeant,

362 1677 558 1730 habere
583 1692 641 1730 se
671 1685 876 1745 putant.
925 1672 1410 1737 Etenim,dicmihi
1436 1714 1450 1738 ,
1493 1674 1537 1727 si
1585 1673 1703 1743 quis
1727 1689 1756 1726 a
1792 1673 1939 1727 febre

360 1769 496 1823 liber
539 1777 761 1822 mmreat
800 1767 1089 1835 valensqne
1129 1765 1414 1819 decumbat
1455 1776 1615 1833 atque
1656 1765 1707 1817 in
1738 1764 1939 1817 lectulo

356 1858 780 1921 circumferatur,
814 1874 991 1911 nonne
1019 1859 1118 1911 iste
1148 1858 1399 1926 lacrymis
1428 1846 1643 1926 dignior
1667 1871 1825 1926 quam
1861 1856 1938 1911 fe-

359 1949 440 2002 bri
468 1949 791 2014 laborantes,
823 1964 928 2003 non
959 1948 1099 2018 quod
1128 1947 1261 2002 febri
1294 1948 1498 2001 laboret
1526 1989 1539 2011 ,
1571 1948 1664 2003 sed
1692 1948 1834 2018 quod
1861 1950 1941 2003 ni-

360 2039 429 2092 hil
472 2040 593 2093 mali
648 2038 889 2104 habens,
920 2039 1117 2095 habere
1160 2053 1219 2093 se
1251 2040 1441 2107 putet?
1472 2037 1551 2092 Tu
1600 2054 1813 2108 quoque
1864 2038 1939 2092 la-

356 2130 555 2200 cryuiis
605 2128 818 2200 dignus,
866 2129 988 2199 quia
1039 2138 1089 2183 te
1139 2130 1309 2198 ipsum
1359 2128 1716 2183 miserabilem
1744 2130 1934 2192 ducis;

360 2223 577 2276 minime
630 2237 759 2275 vero
812 2230 1031 2290 propter
1083 2229 1489 2289 paupertatem;
1539 2234 1659 2272 nam
1710 2235 1938 2289 pauper-

359 2324 438 2367 tas
484 2315 593 2383 ipsa
637 2314 716 2367 vel
760 2313 1123 2366 beatissimum
1166 2322 1216 2365 te
1255 2314 1469 2365 faceret.
1500 2310 1632 2376 Quid
1675 2321 1757 2364 est
1795 2311 1937 2379 quod

358 2405 595 2459 invideas
619 2403 769 2458 diviti
788 2405 811 2457 ?
830 2402 971 2473 quod
1000 2404 1232 2471 seipsum
1261 2401 1501 2472 pluribus
1521 2402 1667 2455 curis
1686 2401 1938 2469 subjecit?

358 2496 497 2564 quod
526 2495 814 2549 difﬁciliori
861 2495 1153 2549 servituti?
1197 2495 1337 2563 quod
1383 2494 1650 2547 sexcentis
1675 2495 1883 2548 catenis
1917 2532 1935 2560 ,

357 2589 519 2642 veluti
570 2588 720 2642 cauis
761 2588 1020 2658 quispiam
1054 2627 1069 2652 ,
1099 2588 1211 2641 suis
1261 2586 1497 2654 pecuniis
1544 2586 1776 2654 illigatus
1812 2587 1941 2640 est?

358 2679 590 2733 Advenit
621 2695 813 2748 vesper
833 2720 847 2743 ,
878 2679 1135 2733 successit
1173 2693 1276 2732 uox
1308 2718 1323 2743 ,
1368 2677 1489 2731 huic
1518 2692 1643 2731 vero
1672 2678 1845 2733 solatii
1875 2694 1938 2733 ac

358 2773 612 2841 requietis
644 2781 850 2840 tempus
882 2772 939 2825 fit
981 2772 1237 2825 tumultus
1266 2812 1281 2834 ,
1317 2772 1543 2826 tristitiae
1577 2813 1591 2836 ,
1639 2774 1888 2827 maeroris
1919 2815 1933 2840 ,

363 2863 736 2917 sollicitudinis
769 2873 998 2930 tempus.
1030 2863 1297 2931 lncrepuit
1319 2862 1486 2932 quid?
1514 2864 1770 2918 continuo
1816 2880 1939 2934 pro-

360 2955 483 3022 ripit
506 2969 583 3007 se.
611 2955 649 3006 A
682 2954 977 3009 latronibus
998 2953 1256 3023 spoliatus
1276 2962 1357 3007 est
1378 2952 1637 3022 quispiam
1662 2954 1685 3003 τ
1707 2955 1796 3023 qui
1822 2953 1934 3007 nul-

359 3042 465 3098 lum
508 3043 758 3098 damnum
811 3044 970 3098 habet
1014 3044 1215 3111 majore
1260 3051 1539 3113 torquetur
1575 3043 1940 3100 sollicitudine

356 3150 513 3204 quam
537 3134 627 3189 ille
647 3136 735 3205 qui
765 3150 953 3204 passus
974 3144 1077 3189 est.
1102 3133 1235 3188 Nam
1264 3134 1354 3188 ille
1380 3134 1594 3204 quidem
1621 3136 1786 3191 semel
1819 3152 1940 3205 per-

356 3226 488 3282 didit
513 3268 529 3293 ,
576 3243 639 3282 ac
669 3228 856 3282 dolore
882 3237 1105 3297 accepto
1135 3243 1317 3281 curam
1348 3227 1599 3297 deposuit
1626 3243 1641 3293 ;
1690 3228 1776 3283 hic
1805 3243 1937 3283 vero

361 3333 621 3393 perpetuo
646 3336 826 3376 secum
858 3320 998 3375 illam
1024 3321 1179 3390 gerit.
1212 3320 1445 3375 Advenit
1466 3336 1591 3386 nox,
1617 3330 1801 3389 portus
1826 3336 1937 3374 ma-

355 3412 526 3467 lorum
560 3422 889 3480 nostrorum,
920 3421 1225 3466 nostrarum
1256 3411 1622 3465 calamitatum
1645 3412 1893 3465 solatium
1916 3453 1933 3477 ,

353 3506 629 3559 vulnerum
660 3506 1154 3570 medicamentum;
1196 3520 1318 3558 nam
1360 3515 1413 3559 et
1455 3504 1528 3558 illi
1572 3504 1663 3574 qui
1708 3506 1759 3559 in
1791 3504 1935 3559 luctu

352 3597 531 3667 aliquo
558 3606 685 3651 sunt
714 3637 728 3661 ,
766 3598 952 3651 amicis
977 3598 1194 3667 quidem
1222 3605 1278 3651 et
1302 3599 1545 3666 cognatis
1572 3607 1628 3653 et
1658 3596 1935 3653 familiari-

354 3687 453 3741 bus
478 3727 493 3750 ,
522 3702 585 3740 ac
610 3702 752 3756 sa'pe
779 3689 939 3741 etiam
974 3687 1214 3755 patribus
1241 3690 1660 3743 consolationem
1698 3689 1933 3744 afferen-

354 3776 517 3841 tibus,
547 3790 653 3829 non
686 3775 1147 3845 obtemperaruut,
1182 3792 1352 3845 neque
1372 3792 1574 3832 morem
1602 3790 1882 3849 gesserunt
1915 3820 1931 3846 ,

351 3866 445 3921 sed
473 3867 633 3920 etiam
667 3866 760 3921 illo
789 3866 904 3937 ipso
927 3879 1178 3921 sermone
1203 3867 1267 3920 ad
1294 3867 1624 3922 iracundiam
1656 3880 1779 3924 sunt
1805 3887 1931 3941 pro-

351 3960 522 4015 vocati
549 3979 562 4014 :
587 3960 765 4015 nullus
785 3960 926 4015 enim
948 3970 1109 4014 :estus
1129 3971 1232 4025 est,
1247 3962 1334 4030 qui
1358 3971 1412 4014 ut
1429 3961 1693 4017 acerbitas
1708 3964 1929 4031 doloris,

349 4054 555 4108 animas
583 4062 793 4108 nostras
821 4054 1023 4108 cruciet
1049 4095 1063 4118 ,
1092 4068 1284 4107 somno
1313 4063 1491 4109 autem
1520 4055 1757 4125 requiem
1788 4057 1929 4111 indi-

347 4153 502 4198 rente
529 4186 545 4211 ,
576 4161 640 4198 ne
666 4144 856 4199 oculos
885 4144 1106 4215 quidem
1134 4154 1321 4200 contra
1352 4147 1599 4201 attollere
1623 4148 1926 4205 valuerunt.

346 4233 805 4299 Quemadmodum
846 4235 1005 4304 igitur
1038 4249 1235 4304 corpus
1263 4235 1416 4290 valde
1459 4246 1694 4291 aestuans
1733 4248 1787 4292 et
1830 4239 1933 4293 sub

348 4325 759 4381 ferventioribus
776 4326 934 4380 radiis
953 4326 1225 4390 fatiscens,
1240 4326 1534 4382 diversorio
1550 4328 1698 4398 quasi
1715 4330 1925 4385 cuidam

347 4417 529 4472 multis
557 4418 755 4486 irriguo
778 4417 1032 4483 fontibus,
1066 4427 1121 4472 et
1145 4435 1208 4472 ex
1240 4418 1339 4473 levi
1360 4434 1489 4473 aura
1516 4420 1764 4475 solatium
1796 4421 1929 4476 alie.

347 4509 483 4563 renti
529 4510 909 4563 commendare
957 4510 1237 4564 solemus:
1270 4511 1339 4563 ita
1389 4526 1493 4564 nox
1535 4526 1724 4566 somno
1764 4515 1928 4569 tradit

345 4600 579 4653 animant
627 4610 865 4655 nostram
892 4618 907 4668 ;
934 4602 1016 4655 vel
1049 4602 1225 4670 potius
1270 4616 1443 4671 neque
1480 4615 1605 4666 nox,
1638 4619 1812 4674 neque
1839 4620 1926 4659 so-

345 4706 501 4745 mnus
543 4690 645 4745 hoc
676 4699 893 4761 pra-stat
923 4732 938 4757 ,
969 4691 1064 4744 sed
1111 4693 1289 4745 omnia
1321 4691 1437 4747 haec
1478 4709 1506 4746 a
1556 4692 1663 4748 Deo
1691 4695 1924 4763 profecta

342 4793 468 4839 sunt
498 4824 514 4851 ,
560 4784 651 4853 qui
702 4783 953 4837 miseram
1015 4782 1232 4836 humani
1286 4784 1499 4852 generis
1560 4786 1921 4841 conditionem

342 4876 504 4931 novit.

411 4965 715 5021 Diuitiarum
755 4982 929 5021 onera.
959 4995 1032 5006 —
1061 4964 1256 5019 Verum
1288 4981 1392 5020 non
1420 4966 1587 5020 nostri
1617 4967 1921 5023 misericor-

337 5059 426 5113 dia
459 5062 758 5130 tangimur;
793 5058 887 5113 sed
921 5057 1173 5127 perinde,
1203 5072 1265 5111 ac
1292 5056 1447 5112 nobis
1476 5057 1573 5125 ipsi
1604 5057 1803 5113 inimici
1845 5059 1922 5113 si-

348 5165 467 5204 mus
496 5189 513 5214 ,
545 5150 877 5219 tyrannidem
911 5149 1138 5202 naturali
1172 5148 1495 5203 necessitate
1523 5157 1575 5203 ct
1600 5149 1793 5205 solatio
1833 5165 1924 5205 su-

337 5238 604 5310 periorem
635 5240 786 5294 nobis
810 5240 1253 5308 comparavimus,
1284 5240 1511 5309 vigilias,
1536 5240 1773 5311 inquam,
1802 5256 1922 5313 qua:

339 5347 404 5387 ex
432 5330 632 5384 divitiis
650 5330 929 5385 exsistunt.
951 5329 1255 5386 Diuitiarum
1283 5331 1448 5398 enim,
1471 5331 1658 5401 inquit,
1677 5349 1799 5387 cura
1828 5349 1923 5388 att-

337 5425 438 5496 fert
479 5440 712 5479 cantuum
756 5420 777 5495 (
803 5423 963 5477 Eccli.
997 5426 1085 5479 5|.
1119 5428 1138 5479 Ι
1171 5422 1212 5496 ).
1259 5426 1335 5480 Ac
1362 5424 1481 5479 vide
1507 5434 1703 5493 quanta
1729 5426 1801 5482 sit
1827 5426 1921 5482 Dei

334 5517 693 5585 providentia.
724 5514 984 5570 Solatium
1010 5525 1065 5569 et
1089 5517 1326 5585 requiem
1350 5516 1489 5571 hanc
1511 5533 1614 5571 non
1646 5518 1920 5587 preposito

335 5609 669 5679 consilioque
697 5605 989 5672 commisit,
1020 5607 1193 5659 somni
1221 5622 1376 5661 usum
1401 5624 1507 5662 non
1526 5609 1799 5665 electionis
1817 5626 1918 5664 no-

332 5712 458 5756 stra:
489 5714 610 5754 esse
639 5697 847 5765 voluit;
876 5696 973 5752 ιω
1011 5697 1269 5752 naturalis
1314 5700 1647 5756 necessitatis
1687 5700 1914 5761 vinculis

1096 279 1151 335 S.
1193 279 1468 337 JOANNIS
1504 276 1974 336 CIIRYSOSTOMI
2015 274 2331 333 ARCIllEP.
2371 275 2901 335 CONSTANTINOP.

3534 270 3630 333 I96

2052 386 2355 455 adstrinxit,
2394 399 2450 444 ut
2473 390 2554 444 vel
2584 390 2732 445 inviti
2766 392 3082 447 beneficium
3110 394 3433 464 accipiamus
3465 414 3479 452 ;
3508 396 3630 454 dot-

2051 481 2185 536 mire
2227 482 2369 535 enim
2418 494 2622 536 natura:
2663 496 2762 538 est.
2795 484 2901 539 Nos
2940 496 3117 541 autem
3164 490 3313 555 quasi
3351 505 3449 545 nos
3488 488 3634 560 ipsos

2049 574 2203 628 valde
2230 573 2519 638 oderimus,
2540 576 2689 644 quasi
2714 594 2817 631 non
2848 594 2963 639 nos.
2991 579 3083 632 sed
3109 580 3313 634 alienos
3343 581 3484 635 bello
3511 598 3630 652 per-

2049 680 2339 731 sequamur
2364 681 2425 718 ac
2456 680 2711 721 vexemus
2736 710 2748 730 ,
2784 668 2881 721 hac
2915 671 3023 735 ipsa
3051 671 3280 723 naturali
3310 675 3632 727 necessitate

2050 754 2305 822 majorem
2339 754 2493 808 nobis
2524 757 2860 826 tyrannidem
2886 758 3257 827 imposuimus,
3292 761 3434 815 illam
3465 763 3625 815 nimi-

2048 859 2164 897 rum
2196 860 2314 913 qua:
2337 861 2405 899 ex
2436 848 2675 915 pecuniis
2698 857 2799 902 est.
2830 849 2951 902 Dies
2980 849 3151 902 illuxit
3176 852 3197 901 ?
3224 860 3384 919 atque
3414 851 3498 904 hic
3529 853 3629 907 sibi

2048 937 2235 990 metuit
2263 952 2290 988 a
2318 938 2683 1008 sthillh-Inlis.
2718 939 2829 993 Nox
2862 942 3161 995 successit?
3190 943 3338 996 timet
3368 942 3624 997 latrones.

2047 1026 2293 1083 Imminet
2336 1031 2525 1084 mors?
2571 1048 2677 1084 non
2710 1042 2914 1085 tantum
2959 1049 3021 1085 ex
3056 1034 3167 1101 ipsa
3211 1044 3382 1087 morte
3421 1034 3626 1089 doloris

2045 1122 2185 1190 capit
2213 1164 2227 1185 ,
2272 1139 2428 1191 quam
2458 1123 2600 1193 quod
2632 1140 2725 1177 sua
2761 1126 2812 1178 in
2842 1126 3068 1178 aliorum
3102 1141 3290 1179 rnauus
3315 1126 3625 1181 devenient.

2047 1214 2330 1267 Puerulum
2362 1215 2573 1268 habet?
2609 1224 2733 1271 tunc
2772 1232 2899 1269 vero
2941 1226 3087 1270 tanto
3120 1218 3289 1285 major
3314 1218 3577 1286 cupiditas
3610 1256 3627 1281 ,

2047 1310 2173 1357 tunc
2200 1320 2259 1358 se
2291 1321 2575 1373 pauperem
2603 1318 2771 1374 putat.
2798 1306 2910 1361 Non
2938 1306 3095 1359 habet
3114 1307 3137 1359 ἒ)
3155 1308 3469 1376 :rgritudine
3496 1324 3622 1363 con-

2046 1394 2245 1449 ficitur.
2294 1396 2442 1451 l’lune
2474 1399 2634 1468 igitur
2661 1399 2874 1452 beatum
2902 1398 3111 1467 judieas
3138 1441 3151 1462 ,
3184 1400 3249 1453 ad
3281 1418 3437 1469 quem
3479 1402 3623 1455 nullo

2044 1500 2107 1539 ex
2139 1486 2255 1541 loco
2280 1487 2497 1542 amnere
2529 1498 2699 1556 potest
2722 1491 2998 1558 voluptas?
3021 1489 3140 1543 huic
3166 1490 3408 1545 iliictibus
3424 1491 3625 1559 jactato

2045 1577 2250 1632 invides
2274 1619 2288 1639 .
2327 1594 2449 1633 cmn
2480 1590 2531 1633 tu
2565 1582 2615 1633 in
2648 1583 2936 1651 tranquillo
2967 1596 3143 1651 portu.
3172 1593 3504 1652 paupertate,
3537 1584 3621 1637 iu-

2043 1684 2201 1738 quam
2225 1711 2240 1735 ,
2285 1672 2637 1739 eouquiescas
2660 1676 2682 1723 Υ
2715 1673 2849 1726 Vere
2877 1684 2930 1727 et
2961 1673 3076 1727 ha:c
3105 1674 3386 1728 iutirmitas
3410 1683 3494 1729 est
3522 1690 3619 1728 na-

2045 1770 2176 1814 tura:
2209 1761 2472 1829 humana},
2505 1764 2638 1815 bona
2666 1780 2925 1833 generose
2958 1780 3061 1819 non
3096 1765 3253 1830 ferre,
3273 1766 3365 1820 sed
3390 1782 3451 1821 ea
3479 1767 3623 1822 unde

2044 1852 2197 1905 nobis
2220 1852 2353 1906 bene
2376 1861 2456 1905 est
2475 1854 2818 1908 contumeliis
2845 1856 3133 1910 incessere.
3168 1860 3337 1925 Atque
3360 1856 3473 1910 haec
3503 1861 3620 1927 qui-

2042 1941 2161 1995 dem
2214 1942 2266 1995 in
2312 1942 2411 1996 hoc
2442 1945 2683 1997 mundo:
2719 1961 2903 1999 vermu
2944 1962 3064 1999 cmn
3113 1948 3239 2001 illnc
3281 1948 3565 2003 abierimus
3602 1992 3618 2013 ,

2041 2034 2164 2087 andi
2184 2034 2309 2102 quid
2331 2035 2471 2089 dicat
2488 2036 2637 2090 dives
2660 2037 2749 2090 ille
2767 2038 3233 2093 innumerabilium
3252 2041 3510 2095 bonorum
3531 2042 3622 2096 do-

2044 2127 2240 2192 tniuus,
2259 2136 2314 2180 ut
2335 2127 2546 2197 quidem
2572 2138 2624 2181 tu
2648 2130 2778 2183 dicis
2803 2146 2816 2182 :
2845 2133 3172 2198 nequeenim
3195 2148 3294 2201 ego
3318 2134 3450 2187 lmna
3474 2134 3622 2188 dixe-

2040 2222 2163 2286 rim,
2179 2221 2269 2275 sed
2288 2221 2659 2275 indifferentia.
2680 2222 2774 2275 llic
2794 2224 2951 2292 igitur
2973 2224 3438 2279 innumerabilium
3460 2227 3619 2280 bono.

2042 2328 2159 2365 rum
2179 2313 2448 2378 dominus,
2468 2314 2589 2367 audi
2618 2314 2741 2381 quid
2764 2315 2926 2381 dicat,
2950 2326 3001 2369 et
3023 2316 3174 2385 cujus
3201 2318 3276 2371 rei
3303 2319 3620 2373 necessitate

2043 2401 2266 2455 laboret.
2296 2402 2466 2465 Pater,
2488 2404 2677 2473 inquit,
2702 2404 2976 2470 Abraham,
3002 2408 3140 2460 mitte
3170 2406 3440 2473 Lazarum,
3460 2420 3514 2461 ut
3541 2411 3621 2462 iu-

2042 2494 2199 2565 tingat
2220 2504 2497 2548 extremum
2513 2495 2658 2566 digiti
2671 2498 2748 2549 sui
2767 2498 2818 2549 in
2839 2514 3039 2565 aquam,
3060 2509 3105 2551 et
3118 2501 3375 2570 refrigeret
3395 2502 3618 2571 linguam

2041 2601 2234 2649 meam,
2269 2588 2507 2653 quoniam
2533 2590 2731 2642 crucior
2761 2590 2813 2642 in
2840 2591 2934 2643 hac
2965 2591 3174 2659 ﬂamma
3199 2590 3350 2661 (Luc.
3387 2592 3471 2647 16.
3501 2594 3616 2661 24).

2041 2675 2171 2729 Nam
2204 2678 2300 2730 etsi
2334 2677 2486 2731 dives
2514 2679 2613 2733 iste
2648 2680 2778 2733 nihil
2810 2696 2995 2735 eorum
3028 2683 3286 2737 malorum
3321 2725 3337 2749 ,
3382 2703 3498 2754 quze
3526 2702 3617 2740 su-

2041 2783 2134 2839 pra
2176 2773 2662 2825 commemorabam
2696 2815 2710 2838 ,
2758 2789 3041 2843 perpessus
3087 2786 3241 2837 erat;
3276 2777 3374 2833 etsi
3406 2796 3618 2834 (nituem

2041 2859 2199 2913 vitam
2229 2861 2591 2918 sollicitudine
2618 2874 2671 2918 et
2700 2879 2826 2918 cura
2858 2865 2991 2920 liber
3014 2866 3371 2934 placidissime
3400 2881 3615 2939 egerat:

2039 2967 2378 3023 quamquam,
2412 2955 2535 3023 quid
2559 2956 2700 3021 dico,
2730 2973 2943 3013 omnem
2974 2961 3129 3013 vitam
3158 2962 3380 3031 egerat?
3404 2965 3615 3019 unicum

2040 3045 2167 3100 illud
2199 3057 2561 3114 momentum;
2595 3059 2922 3105 momentum
2968 3054 3109 3106 enim
3150 3064 3232 3108 est
3275 3056 3513 3120 unicum,
3541 3058 3620 3111 in-

2039 3138 2153 3205 quit
2183 3176 2197 3199 ,
2241 3138 2415 3191 omnis
2447 3148 2627 3193 nostra
2658 3140 2762 3193 vita
2791 3183 2806 3207 ,
2838 3141 2882 3194 si
2913 3157 3034 3196 cum
3065 3142 3155 3197 illo
3184 3144 3395 3199 infinito
3420 3148 3618 3201 saeculo

2040 3227 2346 3282 conferatur
2377 3231 2511 3283 :etsi
2552 3231 2709 3299 igitur
2735 3232 2912 3286 omnia
2955 3234 3028 3287 illi
3064 3250 3128 3288 ex
3163 3238 3423 3290 sententia
3451 3236 3617 3292 ﬂuxe-

2039 3329 2158 3371 rant
2192 3359 2205 3381 ,
2249 3335 2424 3373 uoune
2456 3336 2521 3374 ex
2551 3320 2631 3374 his
2661 3322 2791 3389 ipsis
2823 3325 3000 3378 verbis
3036 3364 3051 3389 ,
3097 3325 3178 3379 vel
3211 3328 3387 3395 potius
3424 3344 3493 3383 ex
3534 3331 3617 3385 bis

2039 3410 2168 3479 ipsis
2208 3412 2366 3466 rebus
2402 3414 2721 3468 miserabilis
2750 3417 2870 3469 est?
2896 3421 3086 3470 Annon
3117 3417 3240 3471 vino
3270 3428 3355 3473 tua
3382 3421 3614 3490 undique

2039 3516 2221 3554 mensa
2272 3501 2640 3557 redundabat?
2687 3520 2827 3559 tuine
2875 3522 3003 3559 vero
3049 3522 3116 3562 ne
3154 3518 3356 3578 guttam
3400 3512 3612 3581 quidem

2037 3607 2190 3662 aqua:
2219 3594 2269 3647 in
2302 3604 2561 3663 potestate
2592 3595 2757 3651 habes
2779 3638 2791 3657 .
2824 3612 2944 3651 cum
2974 3600 3203 3654 maxime
3245 3616 3387 3670 eges.
3425 3605 3613 3657 Auuon

2039 3697 2325 3751 pauperem
2363 3685 2508 3738 illum
2554 3687 2822 3741 ulceribus
2851 3687 3204 3743 deformatum
3241 3691 3569 3762 despicit-has
3592 3697 3617 3749 ?

2036 3788 2177 3830 nunc
2193 3792 2318 3831 vero
2342 3779 2595 3846 postulas,
2623 3789 2677 3832 ut
2700 3780 2869 3848 ipsum
2894 3783 3063 3849 possis
3089 3784 3349 3852 aspicere,
3374 3801 3435 3839 ac
3459 3802 3617 3840 nemo

2036 3869 2315 3936 permittit.
2342 3868 2423 3922 Ad
2452 3870 2592 3925 fores
2635 3880 2749 3925 tuas
2782 3870 3028 3939 jacebat;
3059 3890 3197 3928 nunc
3238 3891 3366 3930 vero
3410 3878 3459 3931 in
3492 3881 3612 3931 sinu

2037 3960 2266 4015 Abrahae
2313 3972 2397 4015 est
2429 3980 2441 4015 ε
2471 3972 2525 4016 ιιι
2568 3963 2668 4016 sub
2708 3965 2900 4034 amplis
2946 3965 3285 4036 laquearibus
3330 3969 3609 4036 cubabas;

2035 4065 2175 4104 nunc
2202 4067 2329 4106 vero
2358 4052 2407 4105 in
2437 4053 2557 4122 igne
2584 4052 2866 4123 gehennae.

2104 4142 2157 4196 5.
2188 4142 2419 4197 Audiaut
2448 4144 2559 4199 luec
2588 4146 2901 4209 divites,vel
2934 4148 3110 4216 potius
3142 4165 3245 4204 non
3274 4150 3487 4218 divites,
3517 4152 3613 4209 sed

2034 4231 2308 4287 inhumani
2339 4251 2351 4287 :
2388 4252 2491 4289 non
2530 4237 2673 4291 enim
2714 4238 2913 4293 idcirco
2945 4240 3032 4293 ille
3061 4242 3381 4311 puuiebatur
3410 4285 3424 4308 ,
3472 4262 3611 4313 quo-

2034 4324 2175 4377 niam
2201 4324 2351 4379 dives
2374 4337 2510 4389 erat,
2534 4328 2626 4381 sed
2650 4330 2901 4397 quoniam
2926 4331 3175 4387 misertus
3200 4347 3304 4386 non
3333 4346 3431 4388 est.
3466 4335 3615 4390 Licet

2030 4418 2171 4471 enim
2199 4416 2369 4484 diviti,
2391 4418 2681 4473 dummodo
2710 4421 3075 4476 misericordia
3107 4438 3166 4477 se
3186 4425 3308 4478 duci
3330 4427 3488 4489 sinat,
3519 4442 3611 4480 cu-

2026 4508 2197 4576 jusvis
2224 4508 2348 4562 boni
2379 4523 2501 4564 esse
2538 4520 2862 4579 compotem.
2906 4513 2982 4565 Ac
3028 4528 3158 4566 sane
3189 4513 3310 4567 ideo
3342 4517 3610 4571 nemiuem

2031 4598 2132 4653 iste
2159 4599 2319 4652 alium
2354 4600 2503 4665 vidit,
2530 4616 2688 4670 quam
2713 4601 2861 4656 illum
2886 4612 3152 4671 egentem,
3182 4613 3238 4656 ut
3268 4604 3393 4660 hinc
3420 4606 3473 4660 in
3500 4624 3611 4661 meo

2029 4690 2255 4745 muriam
2283 4691 2492 4747 rediens
2519 4691 2776 4746 factorum
2804 4708 3021 4748 suorum
3045 4695 3530 4767 iutelligeretjuste
3552 4714 3613 4753 se

2032 4781 2334 4851 hujusmodi
2364 4785 2534 4851 ptenis
2560 4781 2719 4837 affici.
2750 4785 2831 4838 An
2865 4785 3092 4840 fortasse
3118 4786 3340 4841 deerant
3368 4792 3610 4844 sexcenti

2028 4872 2117 4926 alii
2150 4888 2408 4942 pauperes
2440 4874 2608 4941 justi?
2636 4874 2738 4928 Sed
2766 4876 2855 4944 qui
2886 4875 2952 4928 ad
2981 4876 3121 4930 fores
3153 4878 3320 4946 ipsius
3346 4878 3562 4947 jaeebat
3594 4923 3607 4943 ,

2030 4964 2075 5017 is
2098 4964 2202 5017 illis
2231 4980 2289 5019 se
2309 4965 2655 5033 Spectandum
2680 4967 2903 5035 praebet,
2939 4982 3039 5020 una
3064 4968 3314 5021 erudiens
3346 4968 3517 5036 ipsum
3549 4986 3611 5024 ac

2028 5071 2157 5121 nos,
2190 5067 2445 5125 quantmn
2477 5058 2599 5110 boni
2626 5058 2694 5111 sit
2724 5058 2962 5126 pecuniis
3001 5076 3105 5113 non
3137 5060 3428 5115 confidere.
3464 5061 3608 5117 Nihil

2029 5148 2101 5202 illi
2131 5158 2413 5218 paupertas
2442 5148 2611 5203 obfuit
2631 5148 2695 5202 ad
2723 5164 2947 5219 regnum
2973 5152 3443 5221 consequendum;
3474 5154 3609 5211 nihil

2028 5239 2151 5295 huic
2172 5240 2370 5294 divitia:
2394 5238 2711 5307 profuerunt
2729 5240 2793 5294 ad
2816 5240 3085 5295 vitandam
3102 5242 3423 5311 gehennam.
3457 5243 3608 5307 Quo-

2026 5348 2196 5403 usque
2227 5347 2487 5403 pauperes
2513 5331 2536 5385 ?
2561 5347 2839 5404 quousque
2870 5332 3099 5389 mendici
3126 5334 3149 5387 t
3176 5333 3290 5388 Non
3322 5342 3403 5387 est
3434 5375 3448 5399 ,
3497 5349 3606 5387 non

2026 5436 2108 5484 est
2136 5441 2335 5498 pauper
2364 5424 2453 5480 ille
2481 5425 2572 5495 qui
2602 5425 2733 5479 nihil
2766 5426 2944 5491 habet,
2978 5425 3072 5481 sed
3099 5426 3188 5495 qui
3220 5424 3383 5478 multa
3408 5426 3555 5493 copit
3591 5444 3605 5479 :

2025 5535 2132 5576 non
2155 5529 2237 5574 est
2260 5518 2409 5573 dives
2436 5517 2525 5587 qui
2550 5516 2712 5570 multa
2736 5518 2994 5587 possidet,
3027 5516 3122 5571 sed
3150 5516 3241 5587 qui
3265 5515 3463 5569 nullius
3485 5530 3610 5584 eget

2024 5610 2127 5666 rei.
2158 5607 2294 5675 Quid
2326 5609 2467 5662 enim
2501 5606 2721 5677 prodest
2751 5608 3059 5662 universum
3089 5605 3303 5674 quidem
3338 5615 3603 5659 terrarum

2026 5699 2210 5757 orbem
2236 5696 2536 5771 possidere,
2566 5696 2734 5752 nihilo
2764 5712 2891 5753 vero
2918 5695 3208 5767 jucundius
3230 5695 3292 5750 iis
3312 5695 3492 5749 vivere
3512 5696 3606 5765 qui
