4030 6204
480 380 580 435 195

540 490 602 543 δ’.
650 488 790 543 Ἀλλ’
817 489 999 560 ἐπειδὴ
1021 489 1253 558 κέχηνας
1277 530 1292 551 ,
1328 490 1421 543 καὶ
1451 491 1749 560 θαυμάζεις
1781 490 1920 544 αὐτὰ
1944 490 2039 543 καὶ

471 579 758 649 ἐπτόησαι,
777 577 864 630 διά
883 577 1039 630 τοῦτό
1070 595 1150 631 σοι
1170 578 1266 630 καὶ
1285 579 1355 631 τά
1371 579 1469 648 τῆς
1493 578 1790 648 βασκανίας
1807 579 2036 648 ἐνοχλεῖ,

469 669 556 723 διὰ
583 668 742 723 τοῦτο
775 669 870 722 καὶ
891 670 957 723 τά
985 670 1085 739 τῆς
1105 669 1429 734 κενοδοξίας·
1462 671 1557 724 καὶ
1587 671 1762 724 πάντα
1791 671 1900 724 ἀπὸ
1921 670 2044 723 τού-

469 774 564 810 του
578 757 809 825 γίνεται,
827 758 934 811 ἀπὸ
955 757 1050 811 τοῦ
1083 757 1383 828 θαυμάζειν
1404 759 1472 813 τά
1496 760 1590 813 τοῦ
1615 761 1880 831 παρόντος
1900 759 2036 830 βίου.

474 849 812 913 Βασκαίνεις,
837 851 920 904 ὅτι
951 851 979 902 6
1007 849 1157 904 δεῖνα
1188 850 1437 916 πλουτεῖς
1473 853 1583 906 Kal
1617 851 1722 923 μὴν
1744 851 1926 916 ἐλέους
1947 852 2042 905 καὶ⁹

475 940 719 1011 δακρύων
748 941 897 1006 ἄξιος
921 942 950 993 6
977 940 1233 1004 τοιοῦτος.
1276 942 1416 995 Ἀλλ’
1445 943 1590 1013 ἐρεῖς
1611 943 1812 1006 εὐθέως
1833 943 2037 1011 γελῶν·

478 1029 617 1098 Ἐγὼ
645 1030 894 1100 δακρύων
915 1029 1083 1095 ἄξιος,
1115 1033 1215 1084 οὐκ
1243 1034 1466 1095 ἐκεῖνος.
1489 1032 1749 1102 Δακρύων
1770 1033 1917 1100 ἄξιος
1945 1033 2039 1087 καὶ

474 1121 556 1184 σὺ,
589 1123 689 1192 οὐχ
717 1122 798 1176 ὅτι
822 1121 981 1193 πένῃ,
1014 1122 1150 1175 ἀλλὰ
1180 1121 1266 1176 διὰ
1297 1123 1359 1175 16
1391 1123 1616 1176 σεαυτὸν
1643 1123 1875 1177 ἐλεεινὸν
1897 1120 2038 1178 εἶναι

473 1213 724 1284 νομιζειν.
774 1212 924 1286 1208]
957 1215 1094 1277 Τοὺς
1122 1214 1233 1285 γὰρ
1274 1214 1426 1267 οὐδὲν
1471 1214 1695 1285 ἔχοντας
1734 1216 1901 1268 κακὸν
1943 1216 2038 1269 καὶ

465 1304 865 1374 δυσφοροῦντας
895 1304 1219 1375 δακρύομεν,
1248 1306 1344 1375 οὐχ
1372 1306 1456 1359 ὅτι
1488 1308 1662 1359 κακόν
1691 1323 1745 1360 τι
1781 1306 1995 1379 ἔχουσιν
2019 1345 2036 1372 ,

467 1395 582 1448 ἀλλ’
615 1397 696 1449 ὅτι
729 1395 806 1466 μὴ
833 1396 1064 1466 ἔχοντες,
1090 1395 1232 1466 ἔχειν
1254 1396 1585 1466 νομίζουσιν.
1619 1399 1755 1452 Είπὲ
1783 1400 1890 1470 γάρ
1923 1416 2032 1470 μοι,

468 1488 522 1540 ετ
545 1504 630 1550 τις
664 1487 896 1559 πυρετοῦ
937 1486 1375 1558 ἀπηλλαγμένος,
1409 1488 1562 1542 ἀλύει
1612 1491 1706 1543 καὶ
1743 1489 2034 1560 περιστρέ-

470 1594 650 1645 φεται,
683 1578 936 1647 ὑγιαίνων
975 1578 1068 1631 ἐπὶ
1109 1581 1208 1648 τῆς
1238 1578 1425 1650 κλίνης
1467 1580 1737 1650 κείμενος,
1782 1577 1891 1652 ἄρα
1927 1581 2034 1635 τῶν

469 1669 842 1737 πυρεττόντων
878 1668 1077 1738 μᾶλλον
1103 1669 1226 1738 οὐχ)⁵
1253 1669 1502 1740 δακρύων
1540 1671 1689 1735 ἀξιος
1716 1673 1744 1725 ό
1773 1672 2030 1737 τοιοῦτος,

468 1757 567 1810 οὐκ
589 1757 775 1827 ἐπειδὴ
800 1759 1078 1829 πυρέττει,
1106 1760 1225 1812 οὐδὲ
1250 1760 1359 1831 γὰρ
1393 1762 1666 1832 πυρέττει,
1696 1763 1814 1817 ἀλλ’
1845 1764 2034 1835 ἐπειδὴ

468 1849 633 1919 μηδὲν
653 1847 791 1919 ἔχων
815 1849 1006 1916 δεινὸν,
1025 1850 1169 1921 ἔχειν
1198 1870 1249 1906 τι
1283 1852 1494 1922 νομίζει
1514 1870 1529 1920 ;
1551 1855 1661 1908 Καὶ
1692 1854 1754 1908 σὺ
1780 1853 2033 1925 δακρύων

463 1939 609 2003 ἄξιος
640 1941 727 1994 διά
754 1941 930 2005 τοῦτο,
962 1942 1044 1995 ότι
1068 1944 1264 1997 σαυτὸν
1295 1945 1523 1998 ἐλεεινὸν
1559 1946 1823 2016 νομίζεις,
1853 1947 1913 1998 ού
1945 1945 2034 2000 διὰ

462 2030 560 2102 τὴν
594 2032 803 2083 πενίαν·
840 2035 937 2102 τῆς
966 2032 1077 2103 γὰρ
1116 2033 1306 2098 πενίας
1341 2034 1527 2089 ἕνεκεν
1551 2037 1642 2089 καὶ
1670 2036 2033 2108 μακαριστός.

464 2123 530 2173 Τί
552 2121 765 2190 φθονεῖς
789 2121 866 2192 τῷ
891 2122 1167 2192 πλουσίῳ;
1199 2124 1280 2176 ὅτι
1320 2127 1617 2194 φροντίδων
1648 2127 1836 2181 ἑαυτὸν
1863 2127 2034 2180 ὑπεύ-

467 2209 624 2263 θυνον
655 2210 954 2280 κατέστησε
985 2212 1268 2278 πλειόνων,
1297 2215 1379 2268 ὅτι
1403 2215 1617 2289 δουλείᾳ
1643 2219 2032 2292 χαλεπωτέρα;

389 2301 391 2304 ’
467 2300 548 2354 δτι
585 2301 807 2372 μυρίαις
842 2301 1082 2370 ἁλύσεσι,
1131 2303 1381 2376 καθάπερ
1409 2322 1494 2369 τις
1527 2307 1694 2372 κύων,
1730 2310 1842 2372 τοῖς
1870 2309 2035 2363 αὑτοῦ

464 2393 669 2446 δέδεται
705 2395 985 2463 χρήμασι;
1018 2395 1328 2450 Κατέλαϐεν
1360 2398 1587 2468 ἑσπέρα,
1623 2398 1889 2452 κατέλαϐε
1918 2399 2032 2466 νὺξ.

465 2485 558 2537 καὶ
581 2483 672 2536 τὸν
687 2485 786 2555 τῆς
813 2485 1169 2552 ἀναπαύσεως
1186 2488 1376 2559 καιρὸν
1403 2483 1554 2554 0610;
1587 2489 1815 2560 θορύϐου
1845 2491 2035 2562 καιρὸν

465 2578 556 2628 καὶ
588 2575 783 2646 ἀηδίας
835 2578 928 2631 καὶ
972 2577 1148 2650 λύπης
1194 2579 1306 2650 ἔχει
1353 2581 1448 2635 καὶ
1499 2582 1792 2652 μερίμνης.
1847 2583 2033 2653 Ψόφος

465 2667 714 2736 ἐγένετο;
762 2668 966 2732 εὐθέως
1017 2670 1373 2742 ἀνεπήδησεν.
1439 2671 1496 2725 Ὀ
1546 2672 1691 2725 δεῖνα
1757 2672 2032 2743 ἐσυλήθη;

469 2756 665 2826 μᾶλλον
716 2757 926 2811 ἐκείνου
982 2759 1252 2830 φροντίζει
1304 2759 1396 2814 τοῦ
1438 2761 1840 2826 ἀπολωλεκότος
1883 2764 1912 2816 6
1958 2763 2033 2834 μὴ

466 2847 840 2913 ἀπολωλεκώς.
899 2849 1131 2914 Ἐκεῖνος
1172 2851 1272 2920 μὲν
1312 2852 1421 2922 γάρ
1462 2852 1607 2918 ἅπαξ
1637 2853 1909 2919 ἀπώλεσε,
1939 2855 2034 2909 καὶ

465 2937 722 3010 λυπηθεὶς
751 2939 985 2997 ἀπέθετο
1011 2941 1111 3012 τὴν
1142 2944 1418 3012 φροντίδα·
1450 2939 1604 3008 0610;
1635 2945 1692 2998 δὲ
1725 2947 1893 3016 αὐτὴν
1919 2947 2034 3016 ἔχει

463 3029 744 3101 διηνεκῶς.
776 3031 1057 3085 Κατέλαϐε
1085 3033 1203 3099 νὺξ,
1234 3037 1262 3088 6
1293 3033 1459 3104 λιμὴν
1482 3035 1594 3088 τῶν
1622 3036 1904 3108 ἡμετέρων
1934 3053 2035 3090 κα-

465 3120 597 3184 κῶν,
649 3121 710 3174 16
747 3123 1091 3194 παραμύθιον
1137 3124 1245 3177 τῶν
1277 3125 1560 3196 ἡμετέρων
1608 3128 1933 3198 συμφορῶν,
1974 3129 2034 3181 16

467 3212 755 3283 φάρμακον
783 3213 891 3268 τῶν
935 3216 1289 3286 τραυμάτων.
1326 3217 1436 3269 Kal
1471 3217 1580 3288 γὰρ
1613 3219 1662 3270 οί
1707 3219 2033 3290 περιωδυνίᾳ

463 3305 570 3358 τινὶ
592 3307 946 3377 κατεχόμενοι
969 3309 1084 3371 τοῖς
1116 3308 1298 3378 φίλοις
1338 3308 1436 3379 μὲν
1485 3309 1575 3362 καὶ
1609 3311 1896 3378 συγγενέσι
1939 3313 2034 3365 καὶ

463 3398 704 3462 οίκείοις,
741 3399 1003 3463 πολλάκις
1026 3399 1082 3452 δὲ
1111 3399 1207 3453 καὶ
1237 3399 1472 3469 πατράσι
1522 3399 2034 3471 παραμυθουμένοις

463 3490 562 3544 οὐκ
589 3486 734 3554 εἶξαν
770 3491 892 3545 οὐδὲ
927 3489 1312 3562 ὑπεχώρησαν,
1348 3489 1483 3544 ἀλλά
1511 3492 1606 3544 καὶ
1641 3491 1775 3562 πρὸς
1821 3490 1891 3544 τὰ
1928 3493 2031 3563 ῥή-

471 3598 614 3649 ματα
638 3583 776 3636 αὐτὰ
793 3584 1199 3653 ἠγανάκτησαν·
1230 3582 1430 3645 παντὸς
1459 3581 1566 3652 γὰρ
1601 3580 1879 3652 καύματος
1906 3583 2034 3652 μᾶλ-

469 3670 559 3723 λον
586 3672 645 3723 16
663 3673 852 3742 πικρὸν
874 3674 972 3741 τῆς
992 3672 1180 3743 ὀδύνης
1203 3672 1300 3735 τὰς
1333 3673 1605 3743 ἡμετέρας
1625 3671 1796 3724 θλίϐει
1825 3672 2000 3742 ψυχάς
2017 3690 2031 3704 ·

471 3760 550 3831 τῷ
595 3761 649 3814 δέ
706 3762 857 3831 ὕπνῳ
910 3763 1178 3816 κελεύοντι
1229 3762 1497 3816 παύεσθαι
1548 3763 1669 3816 οὐδὲ
1717 3763 2032 3832 ἀντιϐλέψαι

366 3922 369 3924 _
471 3848 716 3918 ἴσχυσαν.
750 3852 1013 3923 Καθάπερ
1037 3848 1126 3906 οῦν
1154 3853 1311 3923 σῶμα
1345 3855 1568 3917 διακαὲς
1601 3855 1694 3906 καὶ
1727 3853 2036 3926 θερμοτέρα

467 3939 884 4008 προσπαλαῖσαν
927 3941 1100 3994 ἀκτῖνι
1151 3945 1645 4016 κατατρυχόμενον,
1703 3943 1890 4016 ὥσπερ
1925 3945 2035 3998 τινὶ

465 4028 792 4099 καταγωγίῳ
821 4030 1017 4094 πολλὰς
1061 4031 1234 4102 έχοντι
1286 4033 1468 4102 πηγὰς
1505 4035 1600 4086 καὶ
1644 4033 1742 4104 τὴν
1785 4035 1894 4088 ἀπὸ
1937 4034 2034 4104 τῆς

455 4120 662 4196 λεπτῆς
695 4125 868 4195 αὕρας
913 4127 1296 4198 παραμυθίαν·
1330 4126 1500 4188 οὕτως
1529 4129 1563 4196 ἡ
1612 4126 1709 4193 νὺξ
1757 4127 1834 4196 τῷ
1883 4127 2034 4198 ὕπνῳ

462 4217 835 4288 παραδίδωσιν
863 4218 1020 4288 ἡμῶν
1046 4218 1144 4290 τὴν
1170 4219 1373 4288 ψυχήν·
1406 4218 1604 4287 μᾶλλον
1641 4217 1697 4270 δὲ
1724 4218 1821 4288 οὐχ
1852 4221 1885 4288 ἡ
1915 4219 2028 4284 νὺξ,

464 4305 583 4359 οῦδὲ
616 4308 644 4358 6
691 4304 860 4368 ὕπνος
905 4305 1061 4359 τοῦτο
1119 4307 1431 4377 ἐργάζεται,
1480 4305 1596 4358 ἀλλ’
1628 4306 1656 4357 6
1691 4305 1842 4370 Θεὸς,
1880 4306 2031 4369 εἰδὼς

464 4395 524 4447 16
550 4395 898 4466 ταλαίπωρον
916 4397 1072 4449 τοῦτο
1101 4398 1278 4466 γένος,
1299 4396 1513 4451 ἀπαντα
1529 4397 1697 4450 ταῦτα
1720 4399 1767 4449 εί
1775 4401 2030 4466 ργάσατο.

548 4487 686 4539 Ἀλλ’
703 4490 864 4557 ἡμεῖς
891 4489 992 4540 οὐκ
1021 4488 1276 4558 ἐλεοῦμεν
1299 4489 1542 4552 ἑαυτοὺς,
1576 4487 1689 4540 ἀλλ’
1738 4492 2035 4559 ἐπενοήσα-

474 4594 591 4648 μεθ,
630 4579 882 4649 καθάπερ
929 4581 1114 4652 ἐχθροὶ
1165 4581 1318 4644 ὄντες
1375 4580 1605 4643 ἑαυτῶν,
1661 4581 1761 4649 τῆς
1803 4582 2036 4652 φυσικῆς

472 4670 710 4742 ἀνάγκης
754 4673 848 4724 καὶ
897 4671 1253 4734 ἀναπαύσεως
1307 4671 1528 4741 μείζονα
1578 4673 1884 4742 τυραννίδα,
1939 4675 2036 4744 τὴν

472 4763 577 4816 ἀπὸ
602 4763 692 4816 τοῦ
728 4765 957 4817 πλούτου
1005 4765 1328 4833 ἀγρυπνίαν.
1378 4763 1645 4832 Μέριμνα
1693 4763 1833 4835 γὰρ,
1867 4766 2031 4835 φησὶ,

469 4853 752 4915 πλούτου,
787 4852 1011 4922 ἀριστᾷ
1052 4853 1267 4906 ὕπνον.
1305 4854 1412 4906 Kal
1453 4855 1553 4924 ὅρα
1596 4855 1736 4925 πόση
1769 4855 1860 4908 τοῦ
1901 4857 2034 4910 Θεοῦ

469 4943 812 5014 ἡκηδεμονία
830 4960 843 4973 ·
866 4944 978 4996 Οὐκ
1006 4942 1271 5013 ἐπέτρεψε
1297 4947 1363 5014 τῇ
1395 4945 1648 5016 προθέσει
1675 4946 1772 5016 τὴν
1801 4947 2037 5000 ἀνάπαυο

468 5051 571 5101 σιν,
605 5035 726 5088 οὐδὲ
756 5033 1072 5104 προαιρέσει
1097 5035 1202 5086 τινὶ
1227 5034 1324 5105 τὴν
1348 5037 1536 5105 χρείαν
1557 5036 1652 5090 τοῦ
1682 5035 1873 5102 ὕπνου,
1900 5036 2036 5091 ἀλλά

466 5131 721 5197 φυσικαῖς
753 5126 922 5198 αὐτὴν
949 5126 1215 5194 ἀνάγκαις
1239 5127 1554 5197 κατέδησεν,
1579 5129 1666 5181 ἵνα
1693 5129 1786 5181 καὶ
1809 5129 2034 5194 ἄκοντες

465 5217 897 5289 εὐεργετώμεθα·
929 5216 1114 5286 τὸγὰρ
1137 5216 1439 5281 καθεύδειν,
1457 5218 1556 5286 τῆς
1577 5217 1809 5287 φύσεως.
1843 5220 2034 5288 Ἦμεῖς

462 5313 519 5364 δέ
554 5311 633 5372 Cu;
665 5309 870 5378 σφόδρα
898 5309 1121 5371 ἑαυτοὺς
1157 5308 1464 5376 μισοῦντες,
1520 5308 1596 5371 ώς
1630 5310 1848 5380 ἐτέρους
1878 5312 2034 5364 πολε-

469 5398 694 5469 μοῦντες
723 5398 819 5450 καὶ
845 5397 1139 5462 θλίϐοντες,
1171 5396 1270 5467 τῆς
1302 5398 1532 5468 φυσικῆς
1563 5397 1766 5469 ταύτης
1791 5399 2036 5471 ἀνάγκης

469 5488 687 5561 μείζονα
712 5491 812 5560 τὴν
843 5488 952 5542 ἀπὸ
989 5489 1097 5542 τῶν
1126 5506 1230 5560 χρη
1241 5490 1421 5558 μάτων
1449 5489 1820 5559 ἐπενοήσαμεν
1848 5508 2036 5560 τυραν-

467 5580 604 5634 νίδα.
652 5581 864 5651 Ἡμέρα
906 5577 1127 5648 γέγονε;
1174 5581 1269 5632 καί¹
1303 5579 1535 5632 δέδοικεν
1572 5580 1601 5630 6
1645 5579 1882 5643 τοιοῦτος
1911 5582 2036 5644 τοὺς

463 5671 826 5740 συκοφάντας.
861 5671 925 5722 'H
949 5668 1044 5733 νὺξ
1068 5666 1367 5733 κατέλαϐες
1396 5667 1586 5737 τρέμει
1614 5666 1834 5737 λῃστάς.
1864 5667 2035 5722 Θάνα-

459 5780 551 5826 τος
580 5763 816 5832 ἐπέστης
857 5760 949 5814 τοῦ
985 5759 1214 5813 θανάτου
1253 5757 1449 5828 μᾶλλον
1474 5757 1746 5826 δάκνεται,
1784 5756 1932 5829 [ΞΟΘ]
1952 5759 2033 5811 ὅτι

1351 371 1417 428 ΙΝ
1457 372 1677 432 EPIST.
1717 374 1806 429 AD
1844 369 2130 429 l'lllLlPP.
2174 371 2322 436 CAP,
2367 374 2408 428 Ι.
2453 371 2686 430 IIOMIL.
2727 372 2795 428 ll.

3619 378 3724 436 196

2153 491 2357 560 ἐτέρων
2384 491 2567 545 ἐκεῖνα
2610 490 2839 559 γίνεται.
2875 487 3093 542 Παιδίον
3124 487 3278 558 ἔσχες
3311 487 3510 544 πλείων
3537 492 3570 562 ἡ
3602 496 3722 548 ἐπι·

2148 580 2335 650 θυμία·
2369 582 2462 634 καὶ
2490 581 2608 634 τότε
2632 581 2779 634 δοκεῖ
2801 579 2968 650 πένης
2993 575 3152 633 εἶναι.
3182 581 3295 634 Οὐκ
3324 581 3482 651 ἔσχε,
3515 581 3719 650 μᾶλλον

2151 670 2417 724 ὂδυνάται.
2483 671 2682 724 Τοῦτον
2746 667 2838 725 οὖν
2897 669 3222 742 μακαρίζεις
3275 671 3366 724 τὸν
3417 671 3718 740 οὐδαμόθεν

2153 760 2382 832 ἡσθῆναι
2433 761 2763 832 δυνάμενον;
2801 761 2975 832 τούτῳ
3014 746 3227 831 φθονεῖς
3277 762 3356 833 τῷ
3398 763 3727 829 κλυδωνιξο-

2149 853 2294 923 μένῳ
2314 891 2328 915 ,
2359 854 2416 905 ἐν
2459 852 2638 923 λιμένι
2666 853 2887 923 γαληνῷ
2918 855 2982 922 τῇ
3018 852 3178 921 πενίᾳ
3205 851 3478 925 ἐστηκώς;
3516 855 3726 918 Ὄντως

2144 940 2238 994 καὶ
2271 940 2431 994 τοῦτο
2461 941 2749 1010 ἐλάττωμα
2777 943 2878 1012 τῆς
2906 941 3254 1010 ἀνθρωπίνης
3287 942 3520 1011 φύσεως,
3550 943 3613 996 16
3648 943 3726 1013 μὴ

2152 1031 2339 1103 φέρειν
2368 1033 2435 1087 τὰ
2469 1031 2650 1100 ἀγαθά
2681 1032 2968 1101 γενναίως,
3027 1033 3144 1085 ἀλλ’
3189 1036 3268 1097 είς
3297 1035 3396 1097 τὰς
3423 1034 3726 1103 εὐπραγίας

2143 1123 2468 1194 ἐξυϐρίζειν.
2511 1125 2622 1178 Καὶ
2655 1124 2828 1178 ταῦτα
2864 1125 2961 1195 μὲν
2999 1125 3253 1179 ἐνταῦθα·
3287 1128 3417 1180 ὅταν
3461 1127 3518 1180 δέ
3553 1127 3722 1181 ἀπέλα

2141 1213 2323 1284 θωμεν
2356 1216 2492 1280 ἐκεῖ,
2527 1215 2760 1269 ἄκουσον
2791 1216 2844 1268 τί
2880 1233 3044 1285 φησιν
3081 1219 3109 1270 6
3141 1217 3414 1281 πλούσιος,
3447 1220 3476 1271 6
3509 1219 3724 1290 μυρίων

2139 1301 2360 1370 ἀγαθῶν
2403 1303 2613 1375 κύριος,
2644 1304 2832 1376 ὥσπερ
2859 1305 2923 1357 σὺ
2962 1304 3139 1372 λέγεις
3161 1322 3176 1338 ο
3205 1306 3268 1358 06
3303 1305 3414 1373 γὰρ
3442 1307 3508 1360 ἂν
3546 1307 3722 1376 ἔγωγε

2138 1393 2310 1446 ταῦτα
2339 1393 2547 1464 εἴποιμι
2603 1395 2804 1462 ἀγαθά,
2839 1395 2953 1448 ἀλλ’
3003 1396 3287 1466 ἀδιάφορα.
3340 1391 3506 1459 Οὗτος
3543 1398 3724 1452 τοίνυν

2137 1485 2166 1536 6
2197 1484 2406 1554 μυρίων
2432 1484 2650 1552 ἀγαθῶν
2683 1485 2889 1556 κύριος,
2913 1485 3143 1539 ἀκουσον
3181 1487 3232 1538 τί
3265 1503 3418 1555 φησι,
3452 1487 3720 1551 καὶτίνας

2137 1575 2196 1627 ἐν
2229 1576 2389 1646 χρείᾳ
2413 1577 2738 1646 καθέστηκε·
2776 1577 2985 1644 Πάτερ,
3028 1578 3214 1645 φησὶν,
3267 1578 3534 1647 Ἀϐραὰμ,
3573 1578 3722 1648 πέμ-

2135 1666 2261 1731 ψον
2282 1663 2566 1731 Λάζαρον,
2581 1665 2693 1737 ,ἵνα
2713 1663 2872 1732 ἄκρῳ
2893 1666 2969 1729 τῷ
2991 1665 3267 1732 δακτύλῳ
3290 1667 3576 1736 ἐπιστάζη
3597 1685 3720 1736 μου

2135 1756 2252 1822 τὴν
2278 1754 2576 1824 γλῶτταν,
2607 1755 2696 1808 ὅτι
2744 1757 3266 1825 ἀποτηγανίᾰλιιαι.
3313 1757 3376 1810 Et
3409 1758 3514 1828 γὰρ
3554 1759 3719 1829 μηδὲν

2135 1835 2210 1897 ὧν
2243 1841 2394 1896 εἷπον
2420 1844 2652 1914 ἔπασχεν
2682 1846 2710 1898 6
2742 1845 2994 1909 πλούσιος
3023 1848 3250 1912 ἐκεῖνος,
3277 1850 3324 1900 εί
3352 1850 3460 1918 γὰρ
3483 1850 3540 1902 ἐν
3564 1849 3720 1920 ἀδείᾳ

2136 1935 2232 1989 καὶ
2260 1936 2536 2004 φροντίδος
2587 1937 2757 2006 χωρὶς
2805 1938 2896 1990 τὸν
2949 1939 3161 1992 ἅπαντα
3211 1939 3325 2008 βίον
3363 1939 3593 2010 διήγαγε
3616 1957 3631 1971 ·
3661 1940 3716 1993 τί

2135 2025 2278 2094 λέγω
2305 2025 2395 2080 16v
2417 2025 2631 2080 ἀπαντα
2665 2027 2778 2098 βίον
2799 2045 2815 2094 ;
2835 2029 2932 2100 τὴν
2956 2030 3083 2100 μίαν
3116 2030 3287 2102 ῥοπὴν
3317 2031 3553 2100 ἐκείνην·
3576 2031 3720 2102 ῥοπὴ

2136 2117 2246 2188 γάρ
2272 2117 2418 2169 ἐστιν
2441 2131 2454 2144 ·
2489 2117 2564 2180 ώς
2598 2118 2694 2186 μία
2725 2118 2834 2189 γὰρ
2889 2119 3050 2189 ῥοπὴ,
3094 2121 3279 2190 φησὶν,
3337 2123 3366 2173 6
3405 2123 3515 2184 πᾶς
3557 2121 3720 2191 ἡμῶν

2137 2203 2270 2260 αἰὼν
2301 2205 2438 2276 πρὸς
2465 2205 2558 2257 τὸν
2585 2206 2760 2261 αίῶνα
2809 2207 2900 2260 τὸν
2945 2207 3171 2278 ἄπειρον
3193 2227 3204 2240 ·
3255 2212 3302 2262 εί
3331 2211 3509 2282 τοίνυν
3540 2211 3716 2265 πάντα

2135 2297 2285 2365 αὕτῴ
2316 2297 2452 2349 κατά
2481 2296 2706 2368 γνώμην
2737 2300 3202 2370 προεκεχωρήκει,
3233 2296 3342 2371 ἆρα
3366 2301 3467 2354 οὐκ
3485 2300 3717 2364 ἐλεεινός

2136 2386 2252 2439 ἐστι
2284 2385 2489 2438 τούτων
2535 2385 2644 2439 τῶν
2691 2387 2970 2458 ῥημάτων,
3006 2389 3207 2457 μᾶλλον
3253 2389 3309 2442 δέ
3356 2389 3560 2444 τούτων
3604 2391 3715 2444 τῶν

2137 2476 2477 2547 πραγμάτων
2498 2492 2513 2542 ;
2539 2478 2673 2547 Οὐχὶ
2693 2477 2822 2548 οίνῳ
2844 2478 3230 2549 περιεκλύζετό
3256 2495 3350 2532 σου
3376 2482 3408 2550 ἡ
3434 2479 3713 2551 τράπεζας

2135 2571 2230 2626 νῦν
2262 2571 2318 2625 δὲ
2346 2570 2467 2624 οὐδὲ
2504 2571 2760 2639 σταγόνος
2795 2571 2984 2635 ὕδατος
3008 2569 3059 2626 εῐ
3086 2573 3298 2644 κύριος,
3331 2575 3426 2627 καὶ
3451 2574 3626 2628 ταῦτα
3653 2575 3715 2627 ἐν

2136 2664 2296 2735 χρείᾳ
2316 2663 2484 2734 πολλῇ
2512 2662 2887 2732 καθεστηκώς.
2913 2665 3026 2734 Οὐχ
3046 2664 3366 2736 ἡλκωμένον
3395 2665 3715 2737 ὑπερεώρας

2133 2755 2226 2808 τὸν
2259 2755 2497 2824 πένητας
2520 2754 2615 2808 νῦν
2642 2755 2699 2807 δὲ
2725 2754 2896 2819 ἀξιοῖς
2926 2757 3087 2811 αὑτὸν
3119 2758 3268 2822 ίδεῖν,
3305 2759 3399 2812 καὶ
3431 2759 3605 2822 οὐδεὶς
3628 2759 3713 2812 δί-

2133 2845 2286 2900 δωσι.
2341 2843 2503 2916 Παρά
2552 2845 2644 2897 τὸν
2677 2845 2899 2900 πυλῶνα
2929 2843 2996 2917 ἦν
3032 2846 3124 2901 16v
3158 2849 3270 2914 σὺν,
3310 2849 3406 2904 νῦν
3429 2849 3486 2902 δέ
3514 2849 3573 2902 ἐν
3603 2850 3716 2911 τοῖς

2135 2934 2356 2998 κόλποις
2377 2933 2472 2988 τοῦ
2511 2934 2781 3005 Ἀϐραάμ·
2803 2936 2911 2989 ὑπὸ
2939 2936 3035 3000 τὰς
3062 2939 3304 3008 μεγάλας
3332 2936 3395 2994 σὺ
3427 2938 3718 2995 κατέκεισο

2133 3027 2354 3099 όροφάς,
2385 3025 2480 3079 νῦν
2512 3025 2569 3078 δέ
2606 3028 2664 3079 ἐν
2691 3025 2770 3097 τῷ
2803 3029 2936 3098 πυρὶ
2965 3029 3065 3098 τῆς
3094 3030 3338 3101 γεέννης.

2204 3123 2266 3171 ε’.
2313 3116 2686 3171 Ἀκουέτωσαν
2714 3118 2887 3173 ταῦτα
2912 3121 2959 3172 οί
2977 3120 3237 3174 πλούσιοι·
3265 3124 3464 3193 μᾶλλον
3480 3124 3538 3178 δέ
3553 3124 3650 3195 οὐχ
3663 3125 3714 3178 οι

2133 3205 2397 3270 πλούσιοι,
2431 3205 2545 3260 ἀλλ’
2583 3208 2631 3259 οί
2663 3208 3051 3277 ἀνελεήμονες·
3085 3212 3144 3263 06
3175 3213 3302 3282 γὰρ,
3332 3215 3518 3286 ἐπειδὴ
3548 3214 3716 3269 πλού-

2134 3314 2248 3361 σιος
2273 3292 2361 3369 ἦν,
2397 3296 2706 3361 ἐκολάζετο,
2741 3299 2856 3352 ἀλλ’
2885 3299 3072 3371 ἐπειδὴ
3098 3302 3198 3354 οὐκ
3221 3301 3472 3372 ἠλέησεν.
3498 3305 3716 3358 Ἐνεστι

2134 3389 2241 3458 γὰρ
2276 3387 2609 3441 πλουτοῦντα
2639 3390 2733 3441 καὶ
2763 3389 3013 3442 ἐλεοῦντα
3036 3393 3221 3460 τυχεῖν
3252 3393 3453 3455 παντὸς
3477 3393 3708 3461 ἀγαθοῦ.

2134 3479 2244 3530 Καὶ
2271 3477 2358 3531 διὰ
2389 3477 2548 3530 τοῦτο
2575 3479 2766 3531 οὐδένα
2795 3478 2953 3532 ἀλλον
2981 3481 3084 3550 ὁρᾷ
3107 3521 3119 3541 ,
3167 3479 3284 3533 ἀλλ’
3329 3481 3362 3551 ἦ
3393 3484 3600 3537 ἐκεῖνον
3623 3484 3716 3538 16v

2132 3567 2384 3637 δεόμενον
2426 3567 2611 3633 αὐτοῦ,
2662 3567 2748 3621 ἵνα
2803 3567 2972 3641 μάθῃ,
2999 3569 3081 3623 ὅτι
3112 3568 3340 3634 δικαίως
3369 3571 3543 3626 ταῦτα
3571 3573 3713 3627 Επα-

2136 3675 2283 3730 σχεν,
2315 3660 2394 3722 είς
2426 3658 2729 3730 ὑπόμνησιν
2755 3659 2928 3713 ἐλθὼν
2953 3656 3027 3714 ὧν
3053 3661 3311 3733 ἔπραττε.
3355 3662 3446 3734 Μὴ
3477 3664 3585 3736 γάρ
3617 3665 3717 3720 οὐκ

2133 3745 2273 3820 ἦσαν
2301 3749 2484 3819 μυρίοι
2511 3749 2739 3820 πένητες
2759 3751 2986 3819 δίκαιοι;
3031 3752 3173 3807 Ἀλλ’
3191 3753 3221 3806 6
3251 3754 3390 3825 πρὸς
3407 3753 3485 3825 τῷ
3511 3755 3718 3811 πυλῶνι

2134 3839 2298 3894 αὐτοῦ
2320 3840 2588 3910 κείμενος,
2624 3833 2778 3905 0610;
2823 3842 2971 3912 αὐτῷ
3004 3843 3276 3910 φαίνεται,
3312 3843 3584 3898 παιδεύων
3615 3845 3719 3899 αὐ·

2136 3927 2228 3981 τὸν
2257 3928 2350 3980 καὶ
2385 3928 2552 3997 ἡμᾶς,
2592 3927 2716 3981 ὅσον
2745 3929 2892 3981 ἐστὶν
2927 3929 3132 3997 ἀγαθὸν
3167 3929 3241 4001 μὴ
3270 3930 3590 3986 πεποιθέναι
3619 3933 3714 3984 ἐπὶ

2136 4017 2430 4085 χρήμασιν.
2461 4016 2626 4070 Οὐδὲν
2655 4018 2862 4071 ἐκεῖνον
2911 4018 3146 4086 ἔϐλαψεν
3200 4020 3234 4089 ἡ
3270 4019 3431 4072 πενία
3468 4021 3606 4091 πρὸς
3653 4020 3716 4074 16

2139 4101 2412 4171 βασιλείας
2443 4105 2642 4170 τυχεῖν·
2679 4104 2830 4156 οὐδὲν
2862 4104 3051 4157 τοῦτον
3099 4101 3380 4174 ὠφέλησεν
3419 4109 3448 4159 6
3483 4108 3716 4172 πλοῦτος

2137 4192 2269 4260 πρὸς
2295 4190 2355 4242 16
2386 4189 2610 4256 γέενναν
2640 4191 2915 4257 ἐκφυγεῖν.
2947 4189 3126 4259 Μέχρι
3160 4191 3289 4242 πότε
3315 4191 3581 4261 πένητεςς
3614 4193 3714 4264 μέ..

2136 4296 2227 4348 χρι
2252 4278 2379 4331 πότε
2411 4276 2649 4346 πτωχοί;
2683 4278 2795 4329 Οὐκ
2829 4277 2996 4340 ἔστιν,
3027 4278 3126 4331 οὐκ
3156 4277 3270 4330 ἔστι
3300 4280 3466 4352 πένης
3489 4283 3518 4334 6
3547 4283 3716 4352 μηδὲν

2137 4364 2293 4433 έχων,
2331 4362 2445 4414 ἀλλ’
2469 4366 2496 4415 ό
2525 4362 2734 4415 πολλῶν
2764 4363 3066 4432 ἐπιθυμῶν·
3107 4364 3205 4416 οὐκ
3243 4364 3358 4419 εστι
3404 4366 3659 4434 πλούσιος
3684 4372 3714 4424 6

2138 4448 2306 4500 πολλά
2334 4449 2690 4519 κεκτημένος,
2718 4447 2832 4500 ἀλλ’
2868 4449 2895 4499 6
2936 4449 3162 4519 μηδενὸς
3194 4449 3462 4520 δεόμενος.
3503 4456 3567 4508 Τί
3606 4457 3713 4527 γὰρ

2135 4536 2325 4605 ὄφελος
2355 4537 2532 4592 πᾶσαν
2562 4537 2656 4605 μὲν
2684 4537 2980 4606 κεκτῆσθαι
3020 4537 3118 4607 τὴν
3159 4540 3508 4612 οἰκουμένην,
3530 4545 3626 4597 τοῦ
3653 4546 3712 4599 δέ

2141 4623 2306 4694 μηδὲν
2331 4621 2544 4691 ἔχοντος
2575 4623 2774 4692 μᾶλλον
2800 4624 2857 4676 ἐν
2891 4623 3100 4696 ἀθυμίᾳ
3125 4625 3370 4694 διάγειν;
3404 4629 3471 4680 Al
3514 4646 3712 4698 προαι-

2140 4709 2318 4781 ρέσεις
2351 4709 2591 4772 καὶτοὺς
2615 4709 2975 4775 πλουτοῦντας
3005 4712 3100 4765 καὶ
3125 4713 3254 4777 τοὺς
3274 4714 3601 4784 πενομένους
3623 4719 3718 4789 έρ-

2139 4795 2422 4865 γάζονται,
2451 4795 2549 4866 οὐχ
2575 4799 2608 4866 ἡ
2637 4796 2746 4850 τῶν
2774 4798 3072 4869 χρημάτων
3101 4799 3387 4870 περιουσία
3418 4801 3537 4854 οὐδὲ
3566 4803 3598 4872 ἡ
3631 4802 3717 4856 έν-

2136 4884 2274 4938 δεια.
2311 4880 2461 4956 [210]
2497 4883 2681 4938 Βούλει
2735 4885 2988 4953 γενέσθαι
3022 4886 3277 4950 πλούσιος
3329 4889 3392 4940 σὺ
3443 4890 3470 4942 6
3502 4888 3711 4960 πένηςς

2142 4971 2356 5036 Ἔξεστί
2397 4987 2476 5023 σοι
2507 4970 2832 5042 βουλομένῳ,
2870 4975 2963 5026 καὶ
2991 4975 3019 5026 6
3047 4973 3273 5026 κωλύων
3321 4974 3516 5037 οὐδείς·
3545 4993 3715 5030 κατα-

2139 5059 2404 5130 φρόνησον
2435 5058 2544 5110 τῶν
2582 5058 2676 5110 τοῦ
2711 5059 2918 5129 κόσμου
2959 5061 3279 5129 χρημάτων·
3320 5060 3541 5129 νόμισον
3573 5060 3713 5117 εῐναι

2140 5146 2323 5216 μηδὲν,
2353 5145 2541 5215 ῶσπερ
2579 5140 2673 5198 06v
2703 5144 2825 5197 ούδέ
2854 5147 3031 5210 ἐστιν;
3062 5145 3258 5197 ἔκϐαλε
3294 5145 3393 5216 τὴν
3420 5147 3715 5220 ἐπιθυμίαν

2135 5237 2229 5289 τοῦ
2255 5236 2498 5298 πλούτου,
2528 5236 2621 5288 καὶ
2644 5234 3002 5301 ἐπλούτησας.
3029 5229 3196 5297 0616;
3216 5237 3363 5289 ἐστιν
3388 5239 3416 5290 6
3440 5237 3710 5306 πλουτῶν,

2137 5325 2164 5375 6
2193 5324 2267 5392 μὴ
2301 5321 2468 5374 θέλων
2516 5322 2779 5373 πλουτεῖν·
2828 5321 2855 5371 6
2899 5320 2974 5390 μὴ
3019 5320 3186 5374 θέλων
3233 5323 3510 5390 πένεσθαι,
3558 5321 3710 5392 οὗτός

2139 5412 2283 5462 ἐστιν
2308 5409 2336 5460 6
2369 5408 2678 5477 πενόμενος.
2728 5405 2990 5477 Καθάπερ
3040 5409 3246 5472 ἐκεῖνος
3274 5412 3445 5465 νοσῶν
3473 5415 3500 5466 ό
3528 5415 3620 5467 καὶ
3656 5417 3714 5466 ἐν

2140 5495 2297 5564 ὑγεία
2323 5494 2525 5554 ἀλύων,
2548 5494 2647 5545 οὐκ
2673 5493 2875 5552 ἐκεῖνος
2893 5493 2920 5543 6
2938 5494 3116 5564 πάσης
3139 5494 3325 5562 ὑγείας
3349 5497 3714 5569 εὐκολώτερον

2137 5580 2234 5648 τὴν
2257 5579 2409 5631 νόσον
2440 5578 2642 5647 φέρων,
2671 5575 2813 5628 οὕτω
2836 5577 2928 5629 καὶ
2955 5579 3190 5632 ἐνταῦθα
3214 5580 3382 5648 πένης
3411 5581 3558 5632 ἐστὶν
3577 5581 3604 5632 6
3636 5582 3711 5652 μὴ

2138 5668 2431 5736 δυνάμενος
2460 5665 2647 5718 πενίαν
2672 5667 2933 5732 ἐνεγκεῖν,
2958 5667 3071 5720 ἀλλ’
3101 5670 3159 5722 ἐν
3189 5667 3404 5739 πλούτῳ
3429 5669 3538 5722 τῶν
3557 5687 3713 5723 πενοε

2144 5759 2321 5831 μένων
2369 5759 2567 5830 μᾶλλον
2605 5756 2904 5826 ἡγούμενος
2936 5754 3072 5815 εῖναι
3108 5761 3295 5831 πένης,
3327 5762 3427 5816 οὐκ
3455 5765 3657 5828 ἐκεῖνος
3685 5766 3716 5816 ό
