4030 6204
312 311 417 371 197

309 429 421 484 τῶν
441 421 812 480 πλουτούντων
835 419 1035 492 μᾶλλον
1061 417 1160 488 τὴν
1189 415 1378 470 πενίαν
1399 412 1762 484 εὐκολώτερον
1785 410 1886 480 φέ-

316 534 456 593 ρωνο
487 508 640 578 οὗτος
677 513 787 584 γάρ
831 514 948 565 ἐστι
1004 507 1201 580 μᾶλλον
1231 509 1260 560 ὁ
1293 504 1714 593 πλουσιώτερος.
1753 500 1890 556 Εἰπὲ

312 592 422 682 7&9
455 627 566 680 μοι,
598 606 696 678 τὴν
726 603 916 658 πενίαν
943 601 1030 655 διά
1048 599 1100 654 τί
1127 599 1401 664 δέδοικας;
1429 596 1520 650 διὰ
1541 595 1593 649 τί
1625 592 1848 665 τρέμεις

313 680 433 773 δοκι
463 701 551 754 διὰ
586 697 771 768 λιμόνς
804 693 924 762 οὐχὶ
969 692 1056 744 διὰ
1096 689 1279 758 δῖψος
1321 687 1443 757 οὐχὶ
1482 686 1571 739 διὰ
1617 684 1818 754 ψῦχος;
1855 680 1890 753 ῆ

312 794 373 848 ού
399 793 488 847 διά
527 789 734 852 ταῦτα;
783 784 924 839 Ἀλλ’
970 783 1070 836 οὐκ
1111 781 1290 844 ἐστιν,
1333 780 1432 834 ούκ
1467 778 1612 832 ἔστιν
1640 777 1814 838 οὐδεὶς
1864 775 1894 828 0

311 885 516 940 τούτων
539 881 825 952 ἀπορήσας
849 876 996 931 ποτέ.
1015 873 1382 944 Ἑμϐλέψατε
1401 873 1510 942 7&9
1530 873 1617 936 είς
1640 868 1894 938 ἀρχαίας

311 976 544 1048 γενεὰς,
570 972 667 1026 καί
700 970 856 1024 ἴδετε
879 984 895 998 ο
942 969 1034 1032 τίς
1064 967 1392 1020 ἐπίστευσε
1423 963 1504 1028 τῷ
1534 962 1746 1029 Κυρίῳ,
1793 959 1892 1012 καὶ

309 1063 737 1137 ἐγκατελείφθη
761 1078 780 1126 ;
803 1059 842 1128 ἢ
874 1058 966 1123 τίς
980 1057 1246 1125 ἤλπισεν
1267 1054 1360 1108 ἐπ’
1387 1052 1593 1114 αὐτὸν,
1618 1049 1720 1105 καί
1749 1065 1890 1103 κατ-

311 1158 589 1227 ῃσχύνθη
616 1170 635 1219 ;
668 1152 764 1207 καὶ
797 1151 980 1215 πάλιν,
1020 1145 1390 1218 Ἐμϐλέψατε
1423 1147 1512 1210 εις
1559 1141 1632 1196 τὰ
1658 1140 1897 1195 πετεινὰ

313 1248 420 1303 τοῦ
448 1243 730 1315 οὐρανοῦ,
769 1242 859 1296 ὅτι
895 1242 968 1295 οὐ
998 1238 1361 1306 σπείρουσιν
1391 1234 1537 1290 οὐδὲ
1563 1232 1900 1301 θερίζουσιν

314 1338 456 1395 οὐδὲ
471 1336 850 1406 συνάγουσιν
863 1335 952 1399 είς
975 1331 1306 1396 ἀποθήκας,
1340 1328 1440 1382 καί
1460 1329 1494 1381 ὀ
1512 1327 1714 1394 Πατὴρ
1734 1324 1901 1394 ὑμῶν

316 1437 349 1487 ό
380 1431 658 1499 οὐράνιος
698 1427 898 1497 τρέφει
925 1424 1100 1480 αὐτά.
1145 1421 1350 1476 Οὐδένα
1388 1420 1454 1475 ἂν
1497 1419 1612 1490 ἔχοι
1654 1436 1740 1482 τις
1767 1420 1898 1489 ἡμῖν

313 1521 485 1586 δεῖξαί
523 1536 644 1574 τινα
677 1517 890 1588 ταχέως
933 1514 1025 1568 διά
1052 1513 1210 1583 λιμὸν
1232 1512 1328 1566 καὶ
1361 1510 1533 1582 ψῦχος
1557 1509 1894 1564 ἀπολωλότα.

316 1613 474 1675 Τίνος
501 1605 594 1664 οὖν
627 1609 812 1662 ἕνεκεν
839 1606 1063 1677 τρέμεις
1095 1603 1195 1675 τὴν
1233 1602 1424 1657 πενίαν
1443 1602 1603 1670 ;,υύκ
1641 1599 1784 1670 ἔχεις
1821 1602 1899 1653 είς-

318 1706 460 1757 πεῖν.
505 1703 567 1756 EE
609 1700 719 1770 7&9
770 1699 1025 1768 εύπορείς
1064 1695 1175 1749 τῶν
1217 1693 1548 1762 ἀναγκαίων,
1593 1692 1646 1744 τί
1695 1691 1894 1760 δήποτε

317 1793 542 1864 τρέμεις
578 1790 783 1860 αὑτήν;
831 1789 914 1842 ὄτι
971 1784 1175 1856 πλῆθος
1223 1783 1323 1839 ούκ
1368 1783 1483 1836 ἐστι
1515 1799 1598 1836 σοι
1631 1780 1891 1847 οίκετῶν;

318 1882 491 1937 Τοῦτο
522 1879 800 1936 δεσποτῶν
829 1879 980 1931 ἐστιν
1015 1874 1415 1944 ἀπαλλαγῆναι,
1437 1871 1598 1926 τοῦτο
1627 1870 1895 1942 μακαριό-

316 1991 418 2045 της
464 1972 737 2044 διηνεκὴς,
778 1969 939 2024 τοῦτο
983 1966 1264 2037 φροντίδος
1301 1963 1602 2034 ἐλευθερία.
1647 1963 1785 2016 Ἀλλ’
1814 1963 1897 2015 δτι

318 2063 414 2118 καὶ
443 2061 634 2130 σκεύη,
659 2060 754 2114 καὶ
779 2059 978 2120 κλίναι,
999 2058 1094 2110 καὶ
1121 2054 1327 2108 ἔπιπλα
1346 2053 1447 2106 οὐκ
1470 2051 1619 2106 ἔστιν
1643 2050 1702 2116 ἐξ
1725 2051 1896 2122 ἀργυ-

321 2154 440 2228 ρίου
467 2151 953 2222 κατεσκευασμένα
978 2165 1062 2204 σοι
1079 2167 1094 2214 ;
1114 2148 1180 2201 Τί
1196 2147 1308 2219 γάρ
1335 2163 1432 2200 σου
1449 2144 1609 2198 πλέον
1626 2143 1738 2214 ἔχει
1756 2142 1899 2195 κατά

319 2245 416 2317 τὴν
443 2243 744 2298 ἀπόλαυσιν
776 2243 804 2295 0
835 2239 1010 2294 ταῦτα
1039 2237 1411 2308 κεκτημένος;
1453 2235 1643 2289 Οὐδέν·
1678 2232 1748 2287 τά
1787 2231 1898 2303 7&9

320 2335 418 2406 τῆς
441 2335 692 2405 χρήσεως
720 2334 830 2395 ἴσα,
851 2333 915 2386 ἀν
937 2347 996 2384 τε
1024 2328 1133 2384 ἀπὸ
1153 2328 1376 2398 ταύτης,
1395 2327 1461 2381 ἀν
1487 2343 1545 2379 τε
1566 2326 1662 2379 ἀπ’
1683 2323 1899 2393 ἐκείνης

321 2427 422 2496 τῆς
458 2425 590 2495 ὕλης
722 2422 864 2476 Ἀλλ’
897 2421 977 2476 ότι
1011 2419 1242 2490 φοϐερὸς
1280 2419 1381 2472 οὐκ
1413 2412 1464 2470 εἷ
1489 2417 1602 2478 τοῖς
1650 2413 1896 2480 nonan;

323 2517 472 2588 Μηδὲ
508 2515 688 2586 γένοιό
717 2531 848 2569 ποτε
875 2530 890 2546 ο
945 2512 1074 2566 ποία
1101 2511 1211 2582 7&9
1252 2509 1413 2581 ἡδονὴ
1439 2507 1665 2580 τρέμειν
1693 2506 1788 2559 καὶ
1813 2506 1900 2559 δεο

321 2607 559 2662 δοικέναι
581 2606 641 2658 σέ
671 2620 852 2670 τινας;
904 2602 1020 2657 ἀλλ’
1059 2602 1143 2656 ὅτι
1185 2601 1404 2672 ἑτέρους
1449 2599 1621 2669 φοϐῇ;
1657 2596 1770 2650 ἀλλ’
1799 2598 1901 2650 οὐκ

323 2695 441 2750 εστι
491 2694 788 2766 φοϐηθῆναι
809 2705 858 2747 ι.
894 2692 1101 2756 Θέλεις
1151 2689 1260 2761 7&9
1305 2689 1391 2758 μὴ
1450 2687 1758 2757 φοϐεῖσθαι
1785 2686 1902 2753 τὴν

321 2785 616 2852 ἐξουσίαν
639 2803 656 2850 ;
684 2786 751 2840 τὸ
772 2783 999 2855 ἀγαθὸν
1032 2781 1212 2845 ποίει,
1239 2779 1336 2834 καί
1365 2778 1522 2844 ἔξεις
1547 2776 1800 2834 ἔπαινον
1830 2776 1902 2840 ἐξ

323 2876 533 2948 αὐτῆς.
595 2877 736 2934 Ἀλλ’
764 2877 848 2931 ὃτι
879 2869 1341 2944 εὐκαταφρόνητοί
1383 2871 1586 2941 ἔσμεν,
1616 2868 1772 2939 φησι,
1807 2868 1904 2922 καὶ

387 3070 418 3102 ⁸
441 3068 727 3134 Legendum
750 3065 965 3128 videtur,
984 3067 1087 3115 ἀλλ’
1106 3065 1234 3114 ιστιν
1257 3064 1312 3113 ού
1337 3065 1442 3125 φοϐ.

1065 300 1121 357 S.
1159 297 1442 356 ιοΑΝΜε
1477 287 1959 352 CIIRYSOSTOMI
1998 284 2318 341 ARCIIIEP.
2354 281 2904 341 CONS'I‘ANTINOI’.

3476 286 3581 344 198

1990 404 2124 475 πρὸς
2154 405 2215 458 τὸ
2243 403 2436 457 παθεῖν
2466 403 2679 472 ἕτοιμοι
2727 401 2949 465 κακῶςς
2983 398 3233 454 Μάλιστα
3276 400 3377 471 μιν
3421 402 3518 472 ούχ
3548 404 3584 474 ή

1991 497 2152 550 πενία
2177 496 2335 550 τοῦτο
2357 498 2519 555 ποιεῖ,
2552 493 2663 546 ἀλλ’
2695 495 2727 564 ή
2755 493 2944 546 κακία.
2981 493 3136 545 Ἐπεὶ
3171 491 3385 546 πολλῶν
3415 501 3581 565 πενή-

1998 605 2110 642 των
2139 589 2509 659 ἀπραγμόνως
2536 587 2630 639 τὸν
2663 585 2844 640 πάντα
2875 584 2987 655 βίον
3027 583 3344 653 διαγόντων,
3385 583 3586 657 ἄρχον-

1991 695 2112 744 τες,
2164 677 2518 740 πλουτοῦντες
2560 676 2654 729 καὶ
2692 675 2952 728 δυνάσται
3007 674 3223 728 πάντων
3256 675 3586 746 κακούργων

1995 770 2090 821 καὶ
2113 769 2327 838 λῃστῶν
2361 769 2454 820 καὶ
2484 765 2860 837 τυμϐωρύχων
2890 765 3215 833 ἀθλιώτερον
3248 765 3586 835 ἀπήλλαξαν.

1996 859 2175 929 ’Ὅπερ
2211 858 2318 930 γὰρ
2340 857 2433 910 ἐπὶ
2455 858 2548 910 σοῦ
2573 859 2606 927 ή
2633 855 2818 922 πενία,
2846 854 3003 908 τοῦτο
3021 855 3104 909 ἐπ’
3124 856 3334 908 ἐκείνου
3363 858 3393 908 0
3420 855 3587 908 πλοῦ-

1993 967 2084 1012 τος
2114 949 2246 1021 ἔχει.
2273 951 2485 1020 Ὥσπερ
2531 949 2640 1018 γάρ
2671 965 2732 1002 σε
2768 948 2856 1002 διά
2897 947 2959 1000 τὸ
2996 947 3455 1018 καταφρονεῖσθαι
3502 949 3588 1000 ὲν-

1994 1041 2166 1095 ταῦθα
2214 1039 2431 1093 ποιοῦσι
2481 1039 2669 1104 κακῶς
2714 1040 2765 1092 οἱ
2811 1037 3019 1092 κακοῦν
3049 1037 3377 1108 βουλόμενοι·
3417 1038 3589 1103 οὕτως

1997 1133 2205 1186 ἐκεῖνον
2235 1131 2324 1185 διὰ
2371 1131 2434 1184 τὸ
2463 1130 2680 1200 φθονεῖν
2728 1130 2824 1184 καὶ
2870 1128 3182 1200 βασκαίνειν
3204 1145 3218 1160 ⁸
3252 1131 3345 1184 καὶ
3385 1132 3588 1202 μᾶλλον

1997 1218 2163 1286 οὗτοι,
2201 1223 2233 1294 ἢ
2264 1224 2478 1276 ἐκεῖνοι·
2515 1223 2718 1292 μᾶλλον
2761 1221 2902 1293 αὕτη
2941 1223 2977 1292 ή
3010 1223 3226 1294 ἀνάγκη
3262 1224 3590 1297 ίσχυροτέρα

1998 1309 2096 1363 τοῦ
2127 1309 2310 1373 κακῶς
2341 1313 2535 1364 ποιεῖν.
2577 1309 2637 1363 '0
2688 1309 2787 1380 μὲν
2833 1309 2942 1381 γὰρ
2976 1309 3188 1378 φθονῶν
3215 1349 3230 1375 ,
3265 1311 3410 1382 ίσχύῖ
3439 1313 3590 1386 πάσῃ

2000 1397 2096 1452 καὶ
2126 1398 2354 1468 δυνάμει
2384 1398 2563 1452 πάντα
2593 1399 2823 1468 πράττει
2847 1436 2863 1460 ,
2903 1401 2932 1452 0
2970 1398 3028 1452 δὲ
3058 1401 3419 1473 καταφρονῶν
3453 1403 3588 1456 πολ-

1999 1485 2157 1550 λάκις
2195 1487 2287 1540 καὶ
2317 1486 2515 1556 ἠλέησε
2566 1486 2658 1540 τὸν
2703 1485 3217 1557 καταφρονούμενον
3240 1505 3258 1520 ο
3295 1489 3390 1542 καὶ
3423 1489 3582 1544 τοῦτο

1999 1574 2134 1629 αὐτὸ
2155 1573 2375 1643 γέγονεν
2391 1573 2538 1644 αύτῷ
2559 1574 2730 1627 αἴτιον
2753 1572 3098 1644 ἀπαλλαγῆς,
3117 1573 3202 1646 [2|
3219 1574 3270 1648 ί]
3298 1577 3358 1629 τὺ
3385 1577 3590 1649 πένητα

2002 1656 2167 1724 εἶναι,
2198 1663 2259 1715 τὸ
2290 1661 2645 1732 μὴδύνασθαι
2674 1661 2820 1732 ἔχειν
2857 1661 3032 1733 ίσχύν·
3073 1664 3303 1732 Μεγάλα
3351 1683 3410 1718 τε
3456 1684 3589 1720 κατ-

2000 1750 2284 1822 ορθώσεις,
2315 1750 2566 1819 λέγοντες
2587 1751 2722 1822 πρὸς
2755 1751 2940 1816 αὑτὸν,
2967 1751 3063 1804 ἐὰν
3079 1751 3171 1805 τόν
3195 1753 3343 1807 δεῖνα
3372 1754 3589 1828 ἀνέλῃς,

2000 1834 2096 1889 ιάν
2131 1835 2460 1909 ἀποκτείνῃς
2511 1836 2609 1890 ἕνα
2666 1836 2898 1908 πένητα·
2938 1837 3120 1891 πόσων
3167 1837 3268 1892 ούκ
3308 1839 3590 1914 ἀπολαύσῃ

2002 1921 2251 1993 μισθῶν;
2285 1924 2377 1976 καὶ
2405 1921 2581 1986 οὕτως
2612 1922 2793 1978 αὐτῶν
2822 1923 2915 1977 τὸν
2947 1923 3116 1994 θυμὸν
3150 1925 3428 1996 χαλῶμεν.
3465 1929 3593 1982 Ἐπὶ

1997 2012 2056 2064 δὲ
2095 2012 2204 2066 τῶν
2233 2011 2609 2067 πλουτούντων
2632 2013 2660 2065 ό
2692 2013 2889 2083 φθόνος
2917 2013 3255 2086 ἐφέστηκεν,
3300 2018 3363 2070 ού
3392 2017 3592 2086 πρότε-

2002 2115 2092 2170 ρον
2121 2099 2324 2172 λήγων,
2353 2099 2457 2163 ἕως
2481 2097 2546 2154 ἂν
2577 2100 2715 2172 ὅπερ
2747 2099 2993 2171 βούλεται
3020 2102 3347 2175 ἐργάσηται,
3377 2106 3470 2157 καί⁵
3499 2105 3591 2159 τὸν

2003 2187 2079 2240 ίδν
2130 2187 2296 2261 ὲκχέῃ
2341 2187 2432 2240 τὸν
2467 2186 2656 2241 αὑτοῦ.
2703 2189 2836 2259 Ὁρᾷ
2869 2189 2950 2242 ὅτι
2992 2189 3149 2262 ούχή
3181 2191 3363 2254 πενία,
3401 2193 3520 2246 οὐδὲ
3561 2194 3592 2245 ό

2001 2273 2234 2339 πλοῦτος
2261 2275 2484 2344 ἀγαθὸν,
2517 2275 2634 2328 ἀλλ’
2664 2277 2698 2347 ή
2719 2276 2968 2348 ἡμετέρα
2998 2278 3314 2350 προαίρεσις
3339 2297 3354 2346 ;
3381 2281 3590 2337 Οὐκοῦν

1999 2361 2202 2432 ταύτην
2233 2362 2605 2438 ῥυθμίξωμεν,
2641 2364 2846 2434 ταύτην
2891 2366 3236 2435 παιδεύωμεν
3262 2368 3586 2437 φιλοσοφεῖν.

2004 2450 2104 2502 “Av
2131 2447 2269 2519 αὕτη
2317 2439 2497 2513 καλῶς
2623 2451 2962 2521 διακειμένη,
2998 2451 3124 2506 οὕτε
3174 2453 3405 2518 πλοῦτος
3443 2457 3590 2526 ἡμᾶς

2001 2535 2253 2590 ἐκϐαλεῖν
2269 2536 2368 2607 τῆς
2399 2534 2676 2606 βασιλείας
2697 2536 3010 2608 δυνήσεται,
3033 2536 3158 2605 οῠδτε
3192 2539 3350 2592 πενία
3375 2541 3590 2608 ποιήσει

2001 2621 2225 2676 ἔλαττον
2278 2622 2461 2693 ἔχειν’
2521 2623 2657 2676 ἀλλὰ
2697 2623 2900 2693 ’πράως
2958 2623 3058 2695 τὴν
3105 2624 3292 2678 πενίαν
3330 2627 3587 2697 οἴσομεν,

2001 2709 2121 2763 οὐδὲ
2183 2709 2266 2772 είς
2321 2709 2420 2780 τήν
2474 2710 2583 2764 τῶν
2645 2709 2952 2781 μελλόντων
3009 2711 3230 2780 ἀγαθῶν
3293 2713 3592 2768 ἀπόλαυσιν

2002 2790 2547 2866 παραϐλαπτόμενοι,
2577 2796 2700 2850 οὐδὲ
2740 2797 2974 2850 ἐνταῦθα
2999 2812 3016 2828 ο
3069 2797 3208 2852 ἀλλά
3255 2801 3351 2852 καὶ
3387 2801 3590 2853 τούτων

2002 2882 2411 2954 ἀπολαύσομεν,
2473 2885 2569 2938 καὶ
2615 2885 2726 2938 τῶν
2777 2886 2837 2938 ἐν
2883 2885 3132 2953 οὐρανοῖς
3188 2887 3590 2958 ὲπιτευξόμεθα

2005 2968 2226 3036 ἀγαθῶν
2251 2983 2266 2998 ⁸
2311 2961 2387 3025 ὧν
2414 2971 2626 3039 γένοιτο
2651 2973 2861 3037 πάντας
2893 2973 3044 3044 ἡμᾶς
3070 2975 3367 3045 ἐπιτυχεῖν,
3401 2977 3492 3029 καὶ
3525 2976 3619 3029 τά·

2009 3054 2164 3126 ἑξῆς.

1827 3525 2067 3580 ΟΜΙΛΙΑ
2109 3526 2176 3580 Γ’.

341 3693 448 3747 Καὶ
491 3694 562 3748 ἐν
603 3695 790 3758 τούτῳ
828 3695 1033 3763 χαίρω,
1057 3691 1218 3748 ἀλλὰ
1245 3694 1342 3746 καὶ
1385 3693 1742 3763 χαρήσομαι.
1775 3689 1920 3747 Οἶδα

407 3783 518 3853 τὰρ
559 3784 650 3837 ὅτι
694 3784 871 3836 τοῦτό
911 3801 1015 3852 μοι
1059 3783 1430 3851 ἀποϐήσεται
1474 3786 1562 3850 είς
1610 3785 1920 3852 σωτηρίαν

408 3871 506 3927 διὰ
551 3872 663 3942 τῆς
700 3873 864 3943 ὑμῶν
908 3871 1193 3938 δεήσεως,
1239 3873 1335 3926 καί
1390 3873 1775 3942 ἐπιχορηγίας
1812 3871 1919 3927 τοῦ

414 3965 760 4033 Πνεύματος
815 3963 1010 4031 Ἰησοῦ
1053 3960 1314 4030 Χριστοῦ
1338 4003 1355 4030 ,
1412 3962 1564 4018 κατὰ
1619 3963 1734 4031 τὴν
1771 3963 1921 4018 ἀπο-

411 4055 778 4124 καραδοκίαν
837 4053 938 4108 καί
977 4052 1195 4107 ἐλπίδα
1243 4071 1400 4124 μου,
1451 4053 1542 4108 ὅτι
1596 4054 1668 4109 ἐν
1718 4053 1918 4108 οὐδενί

410 4145 892 4216 αἰσχυνθήσομαι
912 4187 928 4210 ,
970 4144 1109 4199 ἀλλ’
1148 4144 1219 4198 ὲν
1266 4144 1434 4213 πάσῃ
1475 4145 1811 4215 παρρησίᾳ,
1841 4146 1922 4212 ὡς

415 4240 686 4300 πάντοτε,
726 4236 824 4291 καί
864 4236 984 4291 νῦν
1017 4235 1538 4305 μεγαλυνθήσεται
1570 4237 1823 4305 Χριστὸς
1851 4238 1922 4291 ἐν

413 4329 494 4394 τῷ
512 4327 742 4396 σώματί
769 4345 904 4394 μου,
927 4327 1046 4381 είτε
1071 4327 1168 4381 διὰ
1193 4324 1360 4396 ζωῆς,
1376 4328 1496 4381 εἶτε
1513 4327 1612 4383 διὰ
1633 4327 1918 4383 θανάτου.

412 4425 479 4474 α’.
511 4419 622 4488 Τὴν
647 4418 887 4488 μεγάλην
912 4419 1005 4472 καὶ
1033 4417 1320 4488 φιλόσοφον
1345 4417 1523 4489 ψυχὴν
1547 4419 1697 4473 οὐδὲν
1727 4418 1836 4473 τῶν
1860 4419 1920 4473 ὲν

342 4505 422 4579 τῷ
440 4506 666 4578 παρόντι
693 4504 792 4576 βίῳ
817 4504 1076 4576 λυπηρῶν
1099 4504 1321 4559 δύναται
1346 4505 1550 4574 δακεῖν,
1582 4507 1684 4561 οὐκ
1706 4507 1917 4580 ἔχθραι,

341 4600 404 4652 ού
437 4596 793 4668 κατηγορίαι,
845 4595 909 4648 οὐ
956 4593 1234 4659 διαϐολαὶ,
1277 4595 1337 4648 ού
1377 4596 1644 4661 κίνδυνοι,
1675 4598 1775 4651 οὐκ
1801 4599 1921 4652 ἑπι-

345 4693 552 4748 ϐουλαί.
578 4693 791 4762 Ὠσπερ
819 4690 926 4760 7&9
953 4689 1032 4753 είς
1064 4690 1308 4762 μεγάλην
1335 4691 1458 4745 τινὰ
1483 4692 1795 4766 ἀκρώρειαν
1822 4713 1921 4749 κα-

341 4781 682 4855 ταφυγοῦσα,
700 4779 939 4850 ἄληπτος
962 4779 1126 4832 πᾶσίν
1147 4780 1264 4832 ἐστι
1284 4783 1396 4844 τοῖς
1417 4781 1658 4839 κάτωθεν
1679 4783 1920 4840 ἀνιοῦσιν

344 4875 451 4929 ἀπὸ
476 4876 572 4945 τῆς
599 4873 723 4944 γῆς.
755 4869 992 4942 Τοιαύτη
1021 4864 1090 4941 ἦν
1119 4870 1154 4942 ή
1184 4867 1279 4922 τοῦ
1303 4870 1515 4925 Παύλου
1538 4873 1705 4945 ψυχὴ,
1738 4877 1920 4947 πάσης

341 4965 650 5038 ἀκρωρείας
668 4963 995 5036 ὑψηλότερον
1019 4961 1181 5015 τόπον
1193 4960 1284 5016 τὸν
1297 4961 1400 5031 τῆς
1415 4961 1730 5032 φιλοσοφίας
1755 4981 1920 5018 κατα-

344 5057 580 5110 λαϐοῦσα
622 5055 721 5126 τῆς
768 5055 1145 5126 πνευματικῆς
1168 5090 1185 5116 ,
1219 5051 1319 5122 τῆς
1349 5053 1520 5116 δντως
1571 5053 1916 5124 φιλοσοφίας.

345 5149 427 5201 Τά
460 5147 567 5217 7&9
591 5146 700 5199 τῶν
727 5145 943 5210 ἔξωθεν,
989 5144 1212 5216 ῥήματα
1247 5143 1406 5216 μόνον
1436 5144 1553 5197 ἐστὶ
1593 5144 1686 5198 καὶ
1713 5145 1920 5199 παίδων

346 5245 657 5316 ἀθύρματα.
708 5241 846 5295 ’Δλλ⁹
880 5241 941 5294 ού
985 5241 1116 5313 περὶ
1156 5239 1361 5294 τούτων
1395 5239 1552 5308 λόγος
1600 5238 1715 5307 νῦν,
1761 5240 1832 5296 τά
1861 5240 1921 5295 δὲ

347 5335 564 5389 Παύλου
611 5331 960 5402 φθεγγόμεθα
1005 5331 1164 5396 τέως.
1206 5331 1266 5384 ὐ
1302 5329 1570 5402 μακάριος
1595 5331 1800 5396 ἐκεῖνος
1827 5332 1921 5384 καὶ

346 5426 438 5480 τὸν
487 5424 710 5497 βασιλέα
756 5421 896 5493 ἔχων
948 5421 1286 5492 πολεμοῦντα
1330 5421 1479 5490 αύτῷ
1497 5461 1513 5484 ,
1565 5422 1702 5492 πρὸς
1747 5421 1922 5492 τούτῳ

346 5514 460 5588 εἶχε
521 5518 615 5571 καὶ
649 5513 868 5585 ἑτέρους
909 5512 1140 5584 ἐχθροὺς
1173 5512 1444 5585 διαφόρως
1485 5511 1648 5567 αὐτὸν
1695 5511 1926 5566 λυποῦν-

351 5625 484 5675 τας,
536 5609 628 5662 καὶ
685 5605 823 5678 μετά
864 5604 1069 5676 πικράς
1118 5603 1370 5673 διαϐολῆς
1411 5619 1424 5632 ·
1468 5606 1566 5657 καὶ
1620 5607 1673 5658 τί
1722 5618 1926 5676 φησιν;

2020 3693 2115 3745 καὶ
2155 3695 2329 3765 χαίρω
2377 3695 2472 3750 καί⁵
2508 3696 2822 3767 χαρήσομαι
2845 3713 2861 3728 ·
2889 3697 2948 3750 ού
2995 3695 3135 3768 πρὸς
3172 3698 3382 3770 καιρὸν,
3412 3701 3594 3770 φησὶν,

2018 3781 2134 3835 ἀλλ’
2157 3786 2242 3838 ἀεὶ
2265 3786 2406 3858 ὑπὲρ
2422 3785 2625 3840 τούτων
2649 3788 2984 3858 χαρήσομαι.
3011 3783 3154 3840 Οἶδα
3181 3789 3292 3857 γὰρ
3314 3787 3403 3842 ὅτι
3423 3790 3602 3844 τοῦτό

2014 3891 2115 3944 μοι
2139 3875 2506 3945 ἀποϐήσεται
2543 3879 2632 3944 εις
2663 3877 2968 3946 σωτηρίαν
2991 3876 3090 3948 τὴν
3121 3877 3437 3948 μέλλουσαν.
3475 3881 3601 3944 Πῶς

2020 3966 2129 4034 γὰρ
2150 3966 2247 4019 οὐκ
2268 3967 2624 4038 ἀποϐήσεται,
2651 3969 2782 4022 ὅταν
2812 3967 2905 4020 καὶ
2935 3967 3149 4038 ήέχθρα
3182 3985 3285 4035 μου
3317 3968 3378 4022 τὸ
3404 3970 3600 4040 κήρυγ-

2023 4070 2102 4122 μα
2123 4054 2303 4126 ὠφελῇ
2329 4059 2422 4109 καὶ
2448 4057 2478 4108 0
2502 4055 2638 4127 πρὸς
2665 4056 2764 4126 ἐμὲ
2789 4056 2982 4126 ζῆλοςς
3017 4059 3121 4109 Διὰ
3145 4055 3255 4124 τῆς
3275 4055 3444 4126 ὑμῶν
3466 4057 3602 4123 δεήο

2020 4159 2208 4210 σεως,
2255 4146 2420 4213 φησὶ,
2487 4146 2585 4199 καὶ
2649 4145 3039 4216 ἐπιχορηγίας
3090 4146 3198 4200 τοῦ
3252 4149 3601 4216 Πνεύματος

2035 4234 2237 4302 Ἰησοῦ
2272 4234 2534 4303 Χριστοῦ
2592 4235 2744 4291 κατὰ
2797 4237 2914 4305 τὴν
2956 4237 3444 4305 ἀποκαραδοκίαν
3502 4240 3600 4292 καί

2021 4325 2240 4379 ἐλπίδα
2267 4342 2406 4395 μου.
2440 4327 2582 4396 Ὅρα
2612 4327 2713 4396 τὴν
2749 4328 3252 4399 ταπεινοφροσύνην
3287 4327 3383 4381 τοῦ
3426 4346 3604 4399 μακα-

2027 4413 2141 4485 ρίου
2177 4415 2365 4470 τούτου
2397 4435 2410 4448 ι
2443 4418 2502 4470 ἐν
2532 4417 2681 4491 [212]
2713 4421 2826 4483 τοῖς
2847 4419 3028 4483 ἄθλοις
3067 4415 3135 4489 ἦν
3179 4420 3600 4490 ἀγωνιζόμενος,

2026 4507 2195 4580 μυρία
2231 4507 2605 4579 κατωρθὼκει,
2650 4509 2788 4581 πρὸς
2822 4511 2972 4580 αύτῷ
3005 4510 3086 4580 τῷ
3126 4511 3374 4582 στεφάνῳ
3419 4511 3604 4564 λοιπὸν

2023 4595 2202 4651 ἔκειτο
2225 4613 2240 4629 ·
2269 4597 2480 4662 Παῦλος
2508 4599 2618 4669 7&9
2648 4594 2719 4670 ἦν
2750 4615 2764 4628 ·
2797 4599 2848 4652 τί
2873 4599 2980 4670 7&9
3018 4600 3084 4654 ἄν
3116 4615 3200 4663 τις
3229 4601 3374 4653 εἴποι
3399 4600 3602 4665 πλέονς

2023 4689 2118 4743 καὶ
2151 4689 2530 4760 Φιλιππησίοις
2559 4691 2781 4763 γράφει,
2809 4691 2891 4744 ὅτι
2921 4690 3020 4744 Διά
3040 4690 3140 4762 τῆς
3173 4689 3326 4760 ὑμῶν
3367 4690 3604 4761 δεήσεως

2021 4780 2257 4850 δύναμαι
2281 4782 2545 4852 σωθῆναι,
2567 4785 2597 4836 0
2633 4782 2742 4836 ἀπὸ
2767 4783 2978 4853 μυρίων
3018 4781 3462 4852 κατορθωμάτων
3521 4800 3607 4858 κε·-

2025 4871 2298 4942 κτημένος
2342 4874 2442 4942 τὴν
2474 4874 2771 4946 σωτηρίαν.
2823 4873 2931 4926 Καὶ
2969 4872 3356 4942 ἐπιχορηγίας
3377 4911 3393 4936 ,
3443 4876 3597 4943 φησὶ,

2023 4963 2130 5017 τοῦ
2167 4965 2511 5033 Πνεύματος
2551 4965 2755 5032 Ἰησοῦ
2795 4965 3076 5033 Χριστοῦ.
3123 4965 3189 5018 Τί
3229 4967 3397 5029 ἐστιν,
3445 4965 3608 5017 Ἐπιο

2025 5055 2340 5126 χορηγίαςς
2375 5055 2472 5109 “Av
2499 5055 2587 5108 διὰ
2621 5055 2728 5108 τῶν
2757 5053 3038 5125 ὑμετέρων
3065 5055 3264 5125 εύχῶν,
3290 5054 3444 5125 φησὶ,
3474 5070 3606 5108 κατ·

2026 5146 2244 5213 αξιωθῶ
2280 5147 2379 5216 τῆς
2405 5148 2648 5218 χάριτος.
2682 5147 2756 5199 Τὸ
2783 5147 2893 5216 7&9
2915 5186 2932 5212 ,
2981 5147 3414 5216 Ἐπιχορηγίας,
3447 5145 3608 5200 τοῦτό

2026 5242 2192 5302 ἔστιν,
2215 5238 2282 5293 ἃν
2295 5237 2694 5309 ἐπιχορηγηθῇ,
2719 5237 2786 5292 ἂν
2808 5237 2966 5290 πλέον
2986 5237 3209 5309 ὲπιδοθῇ
3238 5255 3328 5308 μοι
3351 5236 3599 5307 πνεῦμα·

2023 5332 2126 5397 El;
2158 5329 2796 5397 σωτηρίαν,τουτέστι,
2847 5328 2946 5400 τήν
2991 5329 3333 5401 ἀπαλλαγὴν,
3379 5333 3472 5383 καὶ
3515 5330 3606 5383 τὸν

2029 5421 2276 5492 παρόντα
2328 5419 2732 5490 ὃιαφεύξομαι,
2781 5419 2857 5483 ὼς
2907 5419 3004 5474 τὸν
3062 5419 3282 5488 πρῶτον
3339 5419 3604 5474 κίνδυνον.

2030 5509 2168 5580 Περὶ
2195 5510 2386 5564 τούτου
2432 5510 2542 5581 γάρ
2581 5525 2747 5581 φησιν
2769 5525 2784 5540 ο
2830 5512 2928 5566 Ἐν
2959 5509 3036 5579 τῆ
3069 5509 3271 5579 πρώτῃ
3301 5526 3422 5579 μου
3455 5511 3608 5566 ἀπο·

2031 5597 2208 5669 λοτίᾳ
2231 5598 2430 5666 οὐδείς
2448 5616 2550 5669 μοι
2573 5599 3086 5671 συμπαρετένετγ
3105 5600 3192 5669 μὴ
3226 5599 3428 5665 αὐτοῖς
3447 5601 3610 5668 .107:-

349 5698 428 5753 Οὑ
460 5696 620 5770 μόνον
647 5695 748 5750 οὐκ
793 5692 944 5762 ἀλγῶ
987 5694 1196 5758 τούτοις
1237 5693 1356 5746 οὐδὲ
1408 5695 1750 5762 καταπίπτω,
1791 5694 1930 5749 ἀλλὰ
2036 5694 2210 5766 σθείη
2232 5710 2248 5726 °
2277 5694 2416 5750 ἀλλ’
2448 5697 2482 5748 ό
2520 5695 2733 5764 Κύριός
2781 5714 2883 5766 μοι
2923 5695 3213 5764 παρέστη,
3255 5695 3352 5747 καί
3407 5691 3611 5746 ἐνεδυ-
