4030 6204
425 176 527 233 197

422 294 553 350 nihil
575 290 779 348 habent
802 291 823 346 Ι
850 288 1156 347 Electiones
1181 289 1310 360 ipsa;
1328 297 1384 344 et
1412 288 1536 344 vitae
1562 287 1801 344 instituta
1822 295 1949 341 sunt
1966 312 1999 349 -,

422 400 545 456 qua:
587 382 781 440 divites
822 391 877 439 et
920 394 1187 453 pauperes
1229 377 1433 435 faciunt
1458 418 1476 445 ,
1510 394 1616 433 non
1655 376 1999 448 pecuniarum

424 473 753 529 abundantia
782 477 879 528 aut
900 469 1100 542 inopia.
1127 469 1222 527 Vis
1248 479 1307 526 tu
1324 510 1343 537 ,
1374 482 1408 524 ο
1438 483 1639 539 pauper
1662 508 1677 533 ,
1704 465 2008 523 ditescere?

425 566 483 620 Si
514 566 649 621 velis
668 605 682 630 .
731 565 857 620 licet
895 562 988 618 tibi
1023 579 1038 616 :
1066 576 1227 617 nemo
1249 570 1332 617 est
1352 601 1369 627 ,
1398 562 1487 631 qui
1517 559 1795 630 prohibeat
1825 575 1840 612 :
1871 574 1996 613 con-

426 667 605 712 tenme
626 655 807 711 mundi
836 654 1110 725 pecunias,
1146 668 1243 724 pro
1273 652 1442 708 nihilo
1464 652 1582 706 illas
1611 650 1750 706 habe
1776 691 1792 717 ,
1825 656 1885 705 ut
1915 664 2007 705 re-

429 763 556 803 vera
589 747 720 802 nihil
749 756 875 802 sunt
906 788 924 813 ,
969 746 1140 817 abjioe
1183 745 1488 801 divitiarum
1526 744 1868 814 cupiditatem
1895 783 1911 809 ,
1953 752 2010 799 et

428 835 602 891 factus
623 850 684 892 es
703 837 856 891 dives
906 837 1008 904 Qui
1035 836 1193 893 ditari
1226 852 1334 890 non
1360 836 1496 902 vult,
1529 835 1616 891 hic
1641 845 1722 890 est
1746 836 1834 900 qui
1865 835 2004 890 dita-

433 936 519 979 tur
549 944 562 980 :
593 927 683 996 qui
712 927 931 981 minime
974 927 1087 980 vult
1133 927 1184 980 in
1231 935 1601 1003 paupertatem
1650 925 1885 980 incidere
1914 967 1928 988 ,
1962 926 2009 979 is

430 1015 633 1069 incidit.
664 1016 795 1070 Nam
826 1025 882 1070 ut
913 1016 957 1070 is
987 1030 1113 1071 vere
1139 1025 1383 1087 mgrotat,
1410 1016 1680 1086 quietiam
1708 1017 1759 1071 in
1782 1016 2012 1072 sanitate

430 1106 648 1177 languet
674 1121 839 1177 seque
868 1106 1118 1165 afﬂictat.
1161 1122 1265 1161 non
1313 1108 1405 1162 ille
1443 1107 1532 1177 qui
1562 1107 1807 1161 ntorbum
1840 1107 2008 1161 nihilo

430 1196 704 1253 difficilius
739 1198 843 1253 fert
877 1213 1037 1267 quam
1080 1198 1340 1267 integrant
1369 1198 1662 1254 sanitatem
1696 1216 1710 1254 :
1744 1199 1812 1252 ita
1844 1199 2007 1253 etiam

432 1303 637 1358 pauper
665 1296 749 1343 est
777 1288 865 1358 qui
897 1298 1265 1359 paupertatem
1292 1290 1435 1345 ferre
1465 1305 1571 1344 non
1606 1300 1779 1360 potest
1806 1333 1820 1355 ,
1850 1302 2013 1362 atque

433 1378 673 1449 undique
698 1378 1040 1434 affluentibus
1063 1379 1264 1435 divitiis
1291 1394 1352 1436 sc
1382 1396 1492 1451 pra:
1523 1383 1775 1438 omnibus
1806 1398 2010 1454 paupe-

437 1482 552 1523 rem
584 1477 762 1536 putat:
785 1483 888 1523 non
918 1469 1003 1525 ille
1030 1470 1120 1538 qui
1146 1479 1511 1541 paupertatem
1537 1473 1787 1529 facillime
1808 1474 2010 1543 ferens,

438 1555 660 1611 hilarius
686 1557 812 1613 vivit
837 1574 994 1628 quam
1022 1559 1213 1616 divites
1232 1579 1246 1616 :
1263 1560 1351 1616 hic
1373 1562 1515 1617 enim
1540 1562 1699 1633 longe
1723 1563 1886 1619 ditior
1908 1572 2010 1619 est.

437 1649 531 1703 Dic
555 1650 696 1703 enim
734 1651 885 1715 mihi,
917 1667 1014 1707 cur
1044 1663 1408 1723 paupertatem
1442 1655 1635 1711 times?
1668 1670 1765 1712 cur
1787 1656 2013 1712 tremis?

433 1754 611 1795 nonne
637 1750 852 1811 propter
880 1743 1036 1797 famis
1065 1744 1397 1814 periculum?
1418 1761 1594 1802 nonne
1623 1757 1840 1816 propter
1868 1749 2013 1818 peri-

430 1830 610 1883 culum
656 1831 774 1886 sitis
815 1841 870 1887 et
919 1832 1170 1902 frigoris?
1200 1849 1379 1890 nonne
1421 1836 1491 1890 ob
1535 1836 1666 1891 alias
1711 1837 2012 1907 hujusmodi

431 1922 663 1976 causas?
694 1923 762 1976 At
790 1938 971 1985 neuio,
1004 1939 1179 1987 nemo,
1216 1925 1453 1995 inquam,
1481 1935 1584 1993 est,
1608 1929 1696 1998 qui
1729 1930 1781 1983 in
1814 1937 2013 1983 tantam

433 2013 672 2082 inopiam
700 2014 952 2070 redactus
987 2016 1078 2069 sit.
1125 2015 1378 2086 Respicite
1414 2017 1557 2072 enim
1588 2019 1641 2072 iu
1668 2020 1900 2088 antiquas
1926 2036 2015 2090 geo

435 2111 724 2165 iterationes
754 2151 768 2173 ,
809 2120 856 2164 et
876 2110 1039 2164 videte
1071 2125 1090 2164 :
1113 2110 1227 2180 quis
1252 2110 1463 2165 credidit
1488 2111 1597 2165 Deo
1626 2151 1642 2176 ,
1678 2122 1724 2166 et
1753 2112 2017 2167 derelictus

436 2209 511 2257 est
536 2203 562 2254 .9
587 2200 667 2255 vel
690 2202 802 2268 quis
830 2203 1046 2268 speravit
1076 2203 1128 2255 in
1158 2203 1289 2272 ipso,
1313 2212 1360 2257 et
1389 2202 1632 2272 confusus
1650 2213 1722 2258 est
1747 2204 1932 2274 (Eccli.
1961 2205 2014 2259 ‘2.

435 2292 462 2346 1
483 2291 575 2359 l)?
604 2302 655 2344 et
677 2305 889 2354 rursus,
909 2292 1157 2361 Respicite
1178 2292 1402 2346 volatilia
1423 2294 1552 2358 cwli,
1580 2309 1817 2369 qutenon
1845 2305 2016 2350 serunt

428 2397 594 2449 neque
624 2389 814 2433 metunt
844 2397 1004 2444 neque
1036 2393 1344 2453 congregant
1366 2384 1419 2438 in
1449 2387 1650 2450 horrea,
1674 2394 1722 2438 et
1752 2384 1909 2439 Pater
1930 2401 2017 2439 ve-

424 2480 536 2523 ster
559 2470 769 2525 celestis
796 2472 957 2540 pascit
993 2472 1086 2525 illa
1133 2472 1150 2542 (
1178 2472 1366 2528 Matth.
1398 2473 1452 2529 6.
1474 2473 1554 2535 26
1583 2475 1624 2545 ).
1665 2474 1835 2531 Nemo
1863 2476 2016 2532 nobis

426 2560 738 2629 quempiam
771 2561 1089 2629 protulerit,
1129 2564 1218 2633 qui
1247 2565 1359 2619 cito
1390 2567 1529 2621 fame
1567 2575 1659 2621 aut
1690 2567 1889 2637 frigore
1920 2584 2014 2639 pe-

427 2653 622 2707 rierit:
655 2669 751 2709 cur
802 2669 932 2725 ergo
982 2666 1349 2726 paupertatem
1403 2659 1637 2716 timeas?
1670 2660 1809 2716 Nihil
1850 2662 2015 2720 habes

426 2743 574 2812 quod
606 2744 956 2815 respondeas.
987 2745 1120 2801 Nam
1149 2748 1193 2802 si
1224 2750 1525 2805 necessaria
1552 2750 1643 2805 tibi
1677 2762 1967 2822 suppetunt
1994 2793 2012 2819 ,

429 2849 533 2887 cur
557 2834 789 2904 denique
822 2835 964 2890 illam
1001 2838 1157 2894 times
1178 2839 1203 2890 ?
1233 2840 1374 2908 quod
1405 2855 1507 2896 non
1538 2842 1631 2897 tibi
1663 2843 1816 2899 adest
1847 2843 2015 2901 fama.

431 2924 608 2978 lorum
650 2927 978 2982 multitudo?
1006 2928 1063 2984 Id
1105 2944 1234 2985 vero
1278 2932 1409 2987 nihil
1450 2933 1592 2990 aliud
1621 2944 1751 3002 est,
1783 2953 1940 3007 quam
1983 2954 2014 2994 a

428 3014 670 3071 dotuinis
700 3031 820 3072 esse
848 3018 1068 3073 liberum
1098 3062 1114 3085 ,
1143 3036 1302 3091 quam
1333 3034 1586 3093 perpetua
1616 3027 1857 3096 quaedam
1887 3030 2017 3085 bea-

437 3105 613 3161 titudo
641 3148 656 3168 ,
686 3122 844 3176 quam
875 3124 1122 3165 curarum
1152 3112 1389 3167 vacuitas
1411 3123 1467 3170 et
1489 3115 1728 3172 libertas.
1760 3119 1842 3173 An
1874 3122 2013 3191 quod

432 3211 559 3248 vasa
579 3237 595 3262 ,
621 3199 788 3253 lectos
810 3240 825 3263 ,
862 3202 1251 3268 supellectilem
1283 3218 1386 3258 non
1409 3204 1575 3262 habes
1601 3222 1665 3263 ex
1692 3219 1913 3279 argento
1937 3210 2018 3263 fa-

435 3287 725 3343 brefacta?
763 3291 829 3344 Et
878 3291 1006 3360 quid
1057 3293 1175 3361 plus
1222 3293 1384 3349 habet
1428 3311 1587 3365 quam
1633 3307 1687 3352 tu
1718 3339 1735 3364 ,
1767 3300 1908 3368 quod
1948 3300 2015 3354 ad

434 3376 715 3435 frui-udum
740 3382 990 3449 pertinet,
1022 3382 1065 3438 is
1091 3386 1175 3437 cui
1204 3384 1302 3439 ista
1333 3394 1619 3454 suppetunt
1642 3387 1666 3439 ?
1689 3386 1865 3444 Nihil:
1890 3404 2020 3446 usus

443 3474 585 3527 enim
614 3474 753 3528 idem
776 3483 882 3539 est,
916 3476 1034 3529 sive
1057 3491 1123 3531 ex
1148 3476 1248 3533 hac
1275 3478 1391 3534 sive
1417 3494 1484 3535 ex
1514 3480 1601 3534 illa
1630 3484 1853 3537 materia
1883 3499 2017 3539 con-

1307 171 1373 229 IN
1413 169 1627 230 EPSST.
1669 169 1759 225 AD
1798 112 2100 227 ΡΙΙΙῌΡΙΓ
2124 162 2279 221 CAP.
2320 163 2361 220 l.
2404 164 2635 222 IIOMIL.
2676 164 2765 221 Ill.

3587 167 3689 227 I98

2114 289 2279 337 stent.
2311 281 2394 337 An
2422 282 2567 352 quod
2595 281 2775 340 multis
2803 295 2911 338 non
2943 298 3003 339 es
3042 284 3282 340 terrori?
3321 284 3476 341 Absit
3498 325 3515 352 .
3547 297 3606 344 ut
3633 290 3687 345 id

2116 374 2211 429 tibi
2239 389 2490 444 umquam
2520 379 2734 431 eveniat
2758 393 2773 430 :
2798 391 2919 447 quae
2966 376 3109 433 enim
3140 378 3386 448 voluptas
3409 419 3425 445 ,
3451 392 3572 435 esse
3600 396 3694 451 qut

2117 476 2170 523 te
2209 475 2451 523 metuant
2482 482 2546 522 ac
2586 466 2914 523 formident?
2942 468 3022 524 An
3053 468 3194 539 quod
3220 468 3358 525 alios
3384 468 3643 526 formidas
3672 473 3697 527 ?

2115 561 2185 613 At
2211 558 2332 614 licet
2360 574 2465 613 non
2495 557 2805 613 formidare.
2858 558 2946 614 Vis
2970 560 3115 615 enim
3146 576 3247 615 non
3269 561 3444 616 timere
3469 572 3698 631 potesta-

2117 660 2216 704 tem
2247 651 2272 705 ἲ
2295 650 2482 705 bonum
2510 652 2614 722 fac,
2646 661 2697 705 et
2727 650 2931 705 habebis
2957 652 3163 707 laudem
3182 670 3246 708 ex
3270 652 3364 708 illa
3391 653 3570 722 (Rom.
3598 655 3689 712 13.

2115 744 2195 811 3).
2218 743 2287 798 At
2309 740 2453 799 enim
2482 741 2619 797 dicis
2643 783 2657 808 ,
2684 741 2863 798 Facile
2886 745 3282 799 contemnimur
3308 785 3324 810 ,
3357 744 3513 801 facile
3538 745 3699 802 malis

2117 834 2382 890 afticimur
2407 835 2430 888 ?
2457 833 2710 901 Quinimo
2742 834 2793 889 id
2821 835 3157 904 potissimum
3189 835 3313 892 facit
3339 836 3653 906 improbitas
3678 878 3698 904 ,

2117 940 2224 980 non
2279 936 2588 995 paupertas.
2642 927 2853 983 Etenim
2909 942 3031 983 cum
3085 928 3235 985 multi
3302 944 3563 999 pauperes
3614 930 3697 986 vi-

2120 1025 2225 1071 tam
2269 1026 2430 1087 agant
2467 1017 2585 1073 sine
2629 1018 2915 1085 molestia;
2953 1034 3059 1071 non
3103 1018 3390 1073 defuerunt
3425 1021 3698 1091 principes

2119 1108 2452 1164 abundantes
2472 1108 2695 1176 divitiis,
2724 1124 2788 1164 ac
2808 1108 3070 1179 dynastae,
3097 1110 3185 1178 qui
3211 1109 3400 1178 quovis
3422 1108 3697 1168 facinoro-

2119 1215 2215 1264 so,
2249 1200 2457 1255 latrone
2485 1208 2539 1255 et
2565 1199 2936 1270 sepulcrorum
2982 1198 3242 1254 effossore
3270 1197 3508 1254 deterius
3550 1200 3699 1255 mul-

2121 1292 2216 1345 tati
2247 1291 2633 1346 discesserunt.
2668 1290 2820 1357 Quod
2846 1291 2994 1345 enim
3028 1290 3081 1344 in
3112 1300 3165 1345 tc
3192 1298 3480 1359 paupertas
3502 1330 3520 1356 ,
3567 1290 3701 1345 idin

2121 1381 2208 1435 illo
2234 1381 2433 1437 divitia:
2469 1381 2687 1436 faciunt.
2719 1380 2852 1436 Nam
2891 1381 2980 1452 qui
3025 1381 3341 1436 malefaeere
3382 1380 3571 1436 volunt
3593 1420 3610 1447 ,
3641 1390 3702 1437 ut

2120 1472 2215 1527 tibi
2246 1487 2309 1527 ex
2339 1480 2671 1540 contemptu.
2696 1472 2767 1526 ita
2794 1469 2946 1525 diviti
2973 1487 3038 1525 ex
3070 1470 3266 1525 invidia
3291 1478 3347 1526 et
3377 1472 3549 1526 livore
3578 1486 3698 1525 ma-

2120 1563 2412 1627 lefaciant;
2441 1571 2601 1632 atque
2623 1563 2790 1634 magis
2813 1562 2974 1618 invidi
3005 1577 3163 1632 quam
3189 1562 3415 1618 malefici
3438 1580 3451 1617 :
3472 1562 3526 1617 hi
3554 1563 3700 1618 enim

2119 1656 2377 1711 validiore
2408 1657 2613 1726 impetu
2640 1655 2707 1709 ad
2737 1655 3180 1712 malefaciendum
3204 1655 3574 1724 impelluntur.
3597 1654 3697 1711 Et-
3784 1726 3789 1731 ι

2120 1750 2264 1804 enim
2295 1749 2384 1819 qui
2412 1747 2633 1814 invidet,
2660 1761 2876 1803 omnem
2901 1748 3063 1802 animi
3092 1747 3198 1802 vim
3230 1755 3287 1802 et
3317 1745 3622 1803 facultatem
3645 1748 3699 1802 iu

2121 1839 2329 1911 agendo
2353 1838 2572 1895 adhibet
2604 1857 2617 1892 :
2651 1846 2707 1894 at
2733 1838 2824 1909 qui
2849 1840 3166 1904 contemnit,
3192 1854 3338 1908 smpe
3370 1838 3532 1894 etiam
3558 1838 3701 1893 illius

2120 1946 2280 2001 quem
2308 1930 2605 1985 contemnit
2634 1929 2963 1996 miseretur;
2994 1937 3156 1999 atque
3196 1928 3302 1983 hoc
3332 1929 3505 2000 ipsum
3535 1942 3698 1983 causa

2122 2023 2196 2076 illi
2228 2022 2415 2077 salutis
2444 2022 2561 2084 fuit,
2592 2035 2900 2090 pauperem,
2927 2021 3164 2089 inquam,
3184 2033 3324 2085 esse,
3344 2019 3472 2073 nihil
3503 2019 3704 2075 habere

2122 2115 2339 2168 virium.
2371 2114 2445 2168 Ita
2470 2113 2614 2167 enim
2643 2112 2901 2167 adversus
2926 2127 3047 2165 eum
3071 2111 3162 2181 qui
3186 2111 3407 2181 pauperi
3431 2111 3697 2173 imminet,

2121 2207 2303 2261 dicere
2330 2205 2473 2259 soliti
2495 2218 2713 2259 sumus:
2738 2202 2982 2273 Magnum
3013 2216 3142 2257 vero
3165 2201 3416 2272 quiddam
3437 2200 3701 2264 effeceris.

2122 2300 2166 2352 si
2194 2296 2336 2352 hunc
2362 2295 2645 2350 sustuleris
2669 2334 2685 2361 ,
2717 2294 2761 2349 si
2793 2308 3083 2363 pauperem
3112 2307 3278 2346 unum
3313 2290 3649 2346 interfeceris
3680 2308 3696 2345 :

2121 2404 2188 2443 en
2219 2397 2420 2458 quanta
2454 2396 2511 2442 et
2551 2401 2710 2455 quam
2741 2385 2917 2454 ampla
2945 2383 3292 2453 consequeris
3320 2383 3540 2453 praemia
3572 2400 3586 2436 :
3614 2393 3691 2435 at-

2121 2494 2227 2549 que
2249 2480 2331 2533 his
2360 2478 2537 2533 verbis
2566 2475 2801 2532 furorem
2831 2476 2970 2531 illius
2992 2474 3326 2529 cohibemus.
3347 2472 3417 2527 At
3444 2472 3703 2529 adversus

2121 2567 2529 2625 divitesiuvidia
2554 2566 2627 2621 ita
2649 2565 2894 2636 insurgit.
2926 2576 2984 2620 ut
3006 2580 3111 2619 ncn
3138 2573 3263 2619 ante
3287 2562 3516 2629 desinat,
3544 2577 3705 2633 quam

2122 2658 2264 2730 quod
2307 2659 2421 2713 vult
2460 2658 2738 2721 effecerit,
2772 2669 3036 2724 suumque
3081 2669 3345 2709 venenum
3372 2652 3699 2707 evomuerit.

2124 2749 2287 2806 Vides
2319 2765 2425 2804 non
2470 2750 2521 2802 in
2551 2754 2865 2819 paupertate
2894 2754 2986 2800 aut
3012 2744 3214 2799 divitiis
3241 2744 3398 2800 sitam
3429 2757 3549 2798 esse
3581 2741 3706 2797 boni

2122 2853 2368 2898 naturam
2403 2880 2419 2905 ,
2451 2839 2545 2895 sed
2588 2840 2641 2893 in
2674 2847 2863 2893 nostro
2890 2836 3158 2893 arbitrio?
3187 2836 3340 2892 Hanc
3371 2836 3531 2905 igitur
3556 2848 3707 2891 como

2123 2947 2406 3003 ponamus,
2427 2930 2821 2998 doceamusque
2846 2925 3230 2997 philosophari.
3259 2925 3314 2985 Si
3346 2925 3459 2981 Ittec
3486 2926 3621 2980 bene
3647 2937 3709 2980 se

2125 3023 2392 3087 habuerit,
2421 3036 2593 3091 neque
2618 3021 2821 3074 divitia:
2849 3034 2949 3074 nos
2968 3018 3255 3074 excludere
3283 3034 3312 3071 a
3354 3031 3520 3087 regno
3551 3024 3707 3085 pote-

2122 3126 2287 3177 runt,
2326 3128 2424 3167 nec
2469 3112 2760 3183 quidquam
2806 3110 2959 3164 nobis
2993 3109 3195 3163 adimet
3236 3117 3561 3179 paupertas;
3608 3105 3706 3160 sed

2123 3221 2277 3275 :equo
2305 3206 2471 3275 ipsam
2496 3204 2730 3258 feremus
2759 3202 2961 3264 animo,
2993 3199 3192 3252 nullum
3224 3214 3287 3253 ex
3316 3213 3380 3251 ea
3410 3197 3708 3255 detrimen-

2125 3307 2234 3351 tum
2265 3306 2357 3349 aut
2384 3295 2449 3348 ad
2481 3293 2658 3347 futura
2690 3293 2827 3345 bona
2861 3287 3257 3357 cnnscqucuda.
3279 3297 3364 3343 aut
3390 3286 3439 3339 in
3471 3285 3572 3340 hac
3600 3285 3702 3338 vita

2127 3396 2505 3455 reportantes;
2537 3382 2630 3439 sed
2663 3392 2712 3438 et
2763 3381 2848 3436 his
2902 3381 3142 3434 fruemur
3183 3389 3233 3433 et
3264 3375 3572 3435 ca'lestibus
3600 3376 3704 3429 illis

2125 3481 2392 3552 potiemur
2421 3476 2603 3530 bonis:
2631 3475 2823 3543 quibus
2850 3473 3047 3525 utinam
3081 3470 3225 3540 digiti
3251 3470 3568 3535 efficiamur,
3597 3479 3706 3528 etc.

1835 3688 2169 3751 HOMILIA
2219 3687 2328 3749 ΠΙ.

440 3824 573 3881 Cir.
620 3828 670 3881 Ι.
714 3841 764 3880 v.
810 3826 894 3880 18.
938 3827 1002 3881 Et
1022 3828 1073 3882 in
1105 3829 1196 3881 hoc
1225 3830 1442 3900 gaudeo,
1471 3829 1559 3884 sed
1583 3839 1627 3883 et
1656 3829 1904 3897 gaudebo.
1929 3829 2015 3885 l9.

515 3917 638 3972 Scio
683 3917 818 3971 enim
857 3918 973 3986 quia
1006 3918 1100 3973 hoc
1135 3918 1257 3972 mihi
1300 3921 1553 3990 proveniet
1598 3920 1665 3973 ad
1693 3918 1906 3973 salutem
1935 3936 2023 3984 per

512 4019 728 4062 vestram
745 4008 1039 4074 orationem,
1063 4018 1108 4063 et
1128 4009 1636 4064 subministrationem
1661 4008 1886 4078 Spiritus
1896 4008 2023 4063 Iesu

512 4096 720 4160 Christi,
741 4096 833 4151 20.
861 4098 1135 4152 secundum
1159 4099 1577 4169 exspectationem
1602 4108 1648 4152 et
1673 4115 1813 4167 spem
1839 4115 2022 4162 meum,

512 4190 629 4257 quia
676 4189 729 4241 in
778 4188 918 4241 nullo
962 4189 1276 4256 confundor,
1326 4189 1414 4242 sed
1440 4191 1493 4242 in
1523 4190 1658 4243 omni
1680 4190 1867 4257 ﬁducia
1895 4191 2024 4243 sicut

515 4295 731 4346 semper,
766 4286 812 4331 et
853 4294 986 4331 nunc
1019 4277 1427 4348 magni/imbitur
1456 4278 1687 4334 Christus
1725 4279 1779 4332 in
1817 4294 2028 4348 corpore

518 4387 646 4435 meo,
674 4369 778 4423 sire
808 4385 898 4438 per
917 4370 1091 4433 vitam,
1121 4369 1224 4423 sive
1248 4386 1338 4437 per
1365 4378 1593 4423 mortem.

523 4459 574 4511 1.
613 4458 850 4529 Magnam
878 4469 933 4513 et
965 4458 1387 4528 philosophicam
1414 4460 1646 4513 animam
1675 4459 1840 4522 nihil,
1886 4459 2027 4530 quod

450 4550 507 4602 iu
535 4549 635 4604 hac
658 4550 762 4605 vita
790 4552 1014 4606 moleste
1043 4550 1272 4617 accidat,
1302 4551 1495 4606 laedere
1525 4559 1699 4620 potest
1728 4570 1741 4605 :
1777 4567 1881 4605 non
1926 4552 2027 4605 iui-

448 4641 689 4709 micitiae,
717 4656 821 4696 non
845 4641 1239 4706 accusationes,
1269 4657 1378 4697 non
1407 4642 1706 4708 calumniae,
1747 4658 1852 4697 non
1882 4642 2028 4712 peri-

441 4732 590 4797 cula,
620 4746 726 4787 non
755 4731 981 4787 insidia.
1010 4731 1141 4787 Nam
1172 4731 1395 4803 perinde
1416 4741 1575 4802 atque
1603 4732 1646 4786 si
1678 4731 1730 4786 iu
1756 4732 2027 4787 excelsum

436 4821 710 4893 quoddam
733 4822 930 4877 montis
953 4837 1209 4878 cacumen
1235 4837 1294 4877 se
1324 4823 1604 4892 receperit,
1630 4821 1764 4876 nihil
1789 4820 1856 4876 ad
1886 4821 2028 4876 illam

437 4928 514 4968 es
545 4913 613 4967 iis
640 4927 760 4982 qua:
795 4911 862 4966 de
892 4911 1148 4967 inferiore
1174 4912 1293 4967 loco
1318 4912 1384 4967 de
1423 4921 1562 4967 terra
1589 4912 1876 4981 iaciuntur,
1907 4926 2030 4980 pcr-

428 5003 630 5060 venire
651 5010 848 5073 potest.
871 5003 1016 5058 Talis
1036 5013 1153 5058 erat
1177 5002 1327 5058 Pauli
1357 5002 1533 5056 anima
1568 5019 1580 5054 :
1606 5003 1795 5071 quovis
1823 5000 2032 5069 fastigio

426 5094 691 5149 altiorem
723 5093 898 5147 locum
933 5092 1308 5162 prehenderat.
1341 5092 1514 5146 locum
1540 5090 1890 5160 philosophiae
1921 5091 2030 5155 Spi-

424 5187 674 5250 ritualis,
713 5202 855 5241 vera:
882 5185 1253 5256 philosophiae.
1283 5184 1418 5239 Nam
1448 5199 1510 5238 ea
1536 5184 1588 5237 in
1620 5183 1816 5251 quibus
1836 5181 2033 5234 etlmiei

423 5268 767 5343 versantur,
798 5279 962 5333 verba
991 5286 1199 5332 tantum
1241 5284 1367 5332 sunt
1416 5284 1472 5330 et
1517 5288 1805 5344 puerormn
1860 5273 2031 5327 lusus.

422 5370 645 5427 Verum
669 5370 739 5425 de
769 5369 852 5424 bis
876 5384 1018 5423 nunc
1044 5383 1224 5422 sermo
1251 5384 1356 5421 non
1383 5377 1505 5430 est;
1549 5364 1641 5420 sed
1673 5363 1739 5418 de
1769 5363 1918 5417 Pauli
1946 5377 2032 5417 rc-

421 5462 546 5517 lms
568 5460 733 5515 verba
766 5457 1009 5513 facimus.
1062 5458 1253 5512 Beatus
1292 5458 1383 5512 ille
1425 5469 1478 5512 et
1511 5456 1892 5524 Imperatorem
1936 5451 2036 5505 sibi

427 5549 825 5607 adversantem
871 5547 1134 5606 habebat.
1182 5557 1235 5600 et
1277 5546 1416 5601 alios
1470 5553 1730 5615 praeterea
1763 5539 2031 5606 inimicos,

790 5632 1060 5691 ΡΑτιιοι.
1109 5629 1224 5688 Gn.
1280 5630 1464 5693 LXII.

2128 3828 2217 3899 qui
2270 3827 2430 3882 variis
2479 3834 2534 3881 et
2583 3824 2942 3880 acerbissima:
2992 3821 3273 3876 calumnia:
3318 3821 3489 3890 plenis
3536 3810 3711 3874 modis

2131 3922 2301 3991 ipsum
2331 3919 2591 3974 vexabant
2623 3932 2637 3969 :
2664 3925 2719 3971 et
2744 3915 2867 3984 quid
2907 3913 3023 3966 ait?
3061 3912 3176 3965 Non
3229 3912 3389 3963 modo
3428 3919 3707 3979 propterea

2131 4029 2236 4067 non
2266 4012 2422 4066 doleo
2450 4022 2626 4078 neque
2652 4006 2833 4059 animo
2859 4002 3084 4057 concido
3107 4042 3122 4064 ,
3168 4000 3261 4053 sed
3292 4000 3451 4053 etiam
3480 3998 3710 4067 gaudeo.

2130 4114 2177 4158 et
2210 4101 2451 4172 gaudebo
2493 4115 2507 4152 :
2535 4112 2639 4151 non
2666 4095 2732 4150 ad
2763 4104 2993 4162 tempus,
3020 4089 3213 4159 inquit,
3252 4088 3347 4142 sed
3396 4103 3611 4155 semper
3645 4089 3714 4143 de

2133 4193 2215 4245 his
2258 4188 2522 4261 gaudebo.
2556 4186 2679 4240 Scio
2721 4184 2855 4235 enim
2899 4181 3019 4249 quia
3059 4181 3153 4233 hoc
3194 4178 3317 4231 mihi
3347 4179 3599 4248 proveniet
3639 4178 3708 4230 ad

2133 4282 2346 4335 salutem
2375 4278 2627 4331 futuram.
2675 4275 2743 4328 Et
2771 4270 3039 4343 quomodo
3070 4284 3173 4323 non
3209 4270 3516 4337 proveniat,
3543 4284 3715 4338 quan-

2133 4371 2204 4425 do
2248 4377 2304 4422 et
2343 4364 2632 4419 inimicitiae
2676 4372 2730 4417 et
2770 4361 2918 4415 zelus
2961 4358 3244 4411 adversum
3302 4371 3388 4409 me
3436 4367 3717 4424 susceptus

2138 4457 2569 4530 pra‘dicationem
2594 4454 2820 4523 juvant?
2848 4451 2947 4504 Per
2971 4461 3182 4504 vestram
3202 4449 3499 4511 orationem,
3524 4447 3712 4517 inquit,

2137 4563 2182 4606 et
2228 4548 2740 4605 subminislratiouem
2785 4544 3009 4611 Spiritus
3048 4540 3174 4595 Jesu
3215 4540 3400 4596 Clu-isti
3437 4540 3712 4594 secundum

2139 4638 2555 4709 exspectationem
2582 4647 2626 4690 et
2652 4652 2789 4705 spem
2822 4651 2999 4687 meam.
3037 4632 3171 4687 Vide
3192 4632 3331 4687 beati
3359 4631 3514 4701 hujus
3545 4629 3719 4682 Immi-

2140 4733 2342 4786 lilatcm
2386 4746 2400 4782 :
2440 4728 2491 4782 in
2539 4726 2927 4782 certationibus
2970 4722 3265 4778 laborabat.
3314 4719 3719 4774 innumerabilia

2142 4830 2295 4875 erant
2335 4820 2499 4887 ipsius
2536 4817 2848 4879 benefacta,
2896 4814 3222 4882 jamjamque
3249 4826 3499 4864 coronam
3552 4810 3719 4880 ipsam

2146 4913 2390 4973 tenebat;
2426 4911 2616 4964 Paulus
2647 4909 2787 4962 enim
2818 4915 2933 4960 crat
2959 4923 2969 4955 :
3007 4919 3125 4956 nam
3154 4901 3277 4969 quid
3310 4902 3482 4962 maius
3503 4900 3602 4954 dici
3627 4915 3724 4969 po-

2146 5012 2244 5054 test
2271 5002 2293 5053 ‘l
2319 5016 2379 5053 ac
2419 5011 2592 5052 tamen
2618 4995 3051 5064 Philippettsibus
3077 4991 3142 5043 ad
3173 4990 3313 5042 hunc
3341 4988 3556 5042 modum
3580 4991 3717 5044 srri—

2144 5092 2219 5146 bit
2245 5131 2257 5154 ,
2292 5090 2391 5144 Per
2423 5099 2650 5142 vestram
2678 5087 2973 5140 orationem
3005 5094 3220 5149 possunt
3260 5080 3484 5133 Salutem
3530 5094 3725 5135 conse-

2146 5181 2236 5249 qui
2291 5178 2447 5241 :ille,
2496 5179 2726 5245 inquam,
2775 5174 2858 5226 cui
2902 5177 3161 5225 sexcenta
3194 5168 3466 5224 benefacta
3502 5171 3725 5224 salutem

2146 5267 2546 5338 comparabant.
2586 5266 2647 5318 Et
2685 5261 3221 5324 subministrationem,
3274 5260 3462 5330 inquit,
3506 5259 3733 5327 Spiritus

2150 5360 2273 5413 Jesu
2314 5358 2520 5412 Christi.
2554 5357 2606 5408 1.]
2654 5367 2772 5418 est,
2804 5354 2846 5405 si
2898 5368 2991 5419 per
3021 5360 3224 5404 vestras
3268 5363 3452 5419 preces
3486 5349 3732 5416 dignatus

2148 5449 2298 5504 fuero
2332 5447 2517 5514 gratia.
2556 5445 2662 5498 Vox
2695 5442 2835 5496 cnim
2866 5442 2987 5506 ista,
3017 5440 3566 5501 Subministrationem,
3620 5436 3729 5492 hoc

2150 5538 2442 5608 significat,
2484 5536 2537 5587 Si
2582 5529 3033 5599 sulnuinislretur,
3075 5530 3120 5583 si
3157 5528 3282 5582 mihi
3330 5528 3448 5608 plus
3493 5524 3728 5596 Spiritu

3291 5605 3364 5666 13
