4030 6204
301 291 406 368 iss

300 427 556 483 tributum
584 414 745 473 fuerit
774 428 788 466 :
820 408 886 462 ad
907 405 1161 464 salutem;
1206 395 1256 451 id
1287 401 1400 454 est,
1430 387 1497 442 ad
1535 385 1638 439 hoc
1662 390 1722 436 ut
1748 379 1880 433 lihe-

302 537 413 587 rcr,
443 526 497 571 et
534 529 597 568 ex
630 503 878 580 praesenti
907 493 1143 570 periculo
1173 483 1394 559 perinde
1430 487 1590 547 atque
1617 488 1683 528 es
1712 470 1886 541 primo

1099 585 1108 587 _
1202 579 1219 587 _
1347 577 1359 587 _
1541 585 1579 587 ,_
1611 562 1886 587 “mh”

303 563 518 682 eripiar.
549 562 819 673 De'primo
845 562 983 648 enim
1006 585 1159 646 dixit,
1192 579 1258 633 1η
1281 577 1444 648 prima
1471 585 1582 624 mea
1602 562 1892 634 defensione

306 659 452 760 nemo
483 697 604 753 mihi
645 659 808 761 t-tdfuli
836 705 852 740 :
882 699 982 737 non
1018 677 1122 732 illis
1159 675 1435 741 imputetur
1463 680 1482 718 :
1520 659 1764 716 Dominus
1799 669 1894 707 att-

820 784 864 830 el
893 765 1197 840 confortavit
1217 777 1296 816 me
1323 757 1404 829 (2.
1429 751 1640 848 τίνι-4.
1676 741 1892 814 16.17).

310 886 422 939 lloc
447 880 606 950 igitur
632 883 686 928 et
715 840 859 924 nunc
889 857 1205 932 prophetice
1235 845 1476 923 praedicit
1509 860 1525 901 :
1560 840 1661 896 Per
1679 845 1896 892 vestram

1082 949 1089 950 ί
1292 939 1324 950 ’-
1371 939 1384 950 ’
1419 937 1450 950 ·-
1572 931 1587 950 ι
1711 923 1896 950 ιη.-κά

313 923 590 1028 σιπιὶοῖιεηι
633 971 678 1017 et
723 949 1242 1014 subministrationem
1285 937 1514 1010 Spiritus
1556 931 1682 985 Jesu
1709 923 1898 982 Christi

314 1062 589 1122 secundum
633 1048 1056 1124 exspectationem
1096 1047 1142 1095 et
1182 1051 1324 1106 spem
1364 1043 1545 1085 meam.
1599 1023 1674 1078 Ita
1713 1018 1856 1074 enim
1879 1054 1896 1082 ,

319 1155 505 1226 inquit,
535 1111 874 1218 Spero.'Natn
914 1145 971 1189 nt
1015 1145 1119 1186 non
1153 1128 1223 1181 ita
1251 1131 1424 1179 totum
1465 1111 1899 1226 committamus“,

789 1192 886 1300 pro
915 1223 1069 1280 nobis
1095 1215 1412 1276 funduntur,
1444 1217 1503 1262 ut
1533 1201 1667 1259 nihil
1697 1197 1797 1316 ip'si
1825 1192 1907 1298 af-

321 1287 557 1393 ieramus
581 1346 596 1394 ;
632 1287 752 1379 vlide
772 1315 1042 1392 quomodo
1075 1313 1307 1380 exponat
1333 1299 1460 1373 quid
1485 1298 1604 1366 ipse
1627 1287 1863 1347 attulerit
1887 1326 1905 1351 ,

325 1427 578 1482 nimirum
619 1430 769 1487 spem
806 1410 1044 1465 omnium
1092 1403 1355 1457 bonorum
1399 1401 1614 1446 causam
1662 1401 1677 1438 :
1717 1393 1908 1451 quem-

329 1515 615 1574 admodum
648 1471 908 1579 prepheta
937 1497 1126 1568 inquit,
1155 1491 1272 1545 Fiat
1291 1479 1640 1540 misericordia
1663 1485 1770 1537 tua,
1808 1471 1912 1524 Do-

329 1611 483 1673 mine,
503 1619 654 1674 super
679 1615 788 1662 nos,
805 1586 1227 1663 quemadmodum
1253 1575 1565 1651 speravimus
1589 1571 1640 1623 in
1669 1579 1715 1620 te
1741 1562 1910 1635 (Psul.

664 1701 718 1748 et
738 1657 862 1744 alibi
877 1686 1031 1746 alius,
1059 1674 1312 1745 Respicite
1328 1672 1378 1724 in
1397 1667 1628 1734 antiquas
1643 1657 1917 1732 generatio-

333 1812 443 1858 nes,
474 1802 520 1846 et
551 1787 708 1842 videte
732 1800 748 1839 :
791 1781 901 1850 quis
928 1773 1144 1847 speravit
1169 1769 1222 1821 in
1248 1762 1490 1826 Domino,
1513 1765 1558 1811 et
1583 1754 1825 1824 confusus
1846 1755 1918 1800 est

337 1844 525 1958 (Ec'cli.
553 1881 608 1934 2.
639 1874 762 1948 ll)?
796 1844 859 1926 lit
894 1844 1080 1924 rursus
1120 1861 1306 1915 beatus
1333 1854 1418 1906 hic
1447 1850 1553 1912 ait,
1595 1844 1727 1914 Spes
1755 1849 1922 1892 autem

336 1935 436 2032 ;t0lt
463 1935 729 2044 confundit
760 1964 935 2038 (Rom.
962 1961 1016 2015 5.
1043 1956 1120 2027 5).
1147 1947 1441 2007 Secundum
1478 1935 1920 2007 exspectationem,

340 2025 436 2032 ""’
465 2025 479 2030 '
497 2025 509 2028 '
544 2025 570 2044 ’t
766 2025 779 2038 ι
1081 2025 1086 2027 ν

340 2069 528 2139 inquit,
550 2075 595 2119 et
619 2075 758 2129 spem
778 2049 1097 2120 meam,qnia
1123 2047 1175 2098 in
1206 2040 1347 2096 nullo
1373 2030 1679 2104 confundor.
1706 2025 1828 2079 lla'c
1843 2030 1927 2076 est

1459 2126 1478 2139 ι-
1524 2138 1530 2139 κ
1563 2136 1626 2139 η--
1661 2116 1721 2139 ε..ι
1767 2113 1926 2139 um-..

341 2113 492 2217 Publi
523 2169 645 2224 spes
669 2169 684 2216 ;
730 2159 948 2218 sperare
980 2149 1240 2207 nusquam
1267 2145 1324 2184 se
1352 2126 1632 2181 confusum
1661 2116 1746 2172 iri.
1767 2113 1929 2170 Vides

349 2203 606 2322 quantum
637 2203 805 2296 valeat
832 2246 1049 2304 sperare
1094 2203 1147 2281 in
1181 2221 1332 2278 Deo?
1377 2209 1646 2283 Quidquid
1673 2250 1688 2276 ,
1723 2203 1925 2275 inquit,

347 2303 578 2400 eveniat,
626 2324 732 2386 non
778 2321 1075 2382 confundar
1101 2338 1114 2374 :
1143 2315 1198 2370 id
1222 2320 1304 2367 est
1324 2353 1340 2376 ,
1371 2322 1478 2363 non
1507 2303 1564 2359 bi
1599 2315 1687 2356 me
1715 2308 1934 2365 supera~

353 2435 506 2487 bunt.
541 2424 646 2481 Sed
671 2424 723 2474 in
750 2417 885 2472 omni
913 2413 1101 2484 fiducia
1123 2407 1249 2460 sicut
1271 2413 1489 2468 semper,
1515 2403 1561 2448 et
1584 2405 1716 2446 nunc
1742 2383 1934 2454 magni-

355 2522 588 2592 ﬁcabitur
612 2513 843 2568 Christus
867 2476 922 2559 in
945 2515 1158 2569 corpore
1185 2510 1318 2548 meo.
1351 2486 1650 2560 Sperabam
1693 2480 1766 2534 illi
1811 2476 1938 2532 dolo

358 2573 454 2667 suo
478 2606 640 2663 veluti
675 2603 864 2670 laqueo
895 2592 1126 2664 quodam
1159 2588 1262 2640 hoc
1291 2597 1348 2637 sc
1375 2578 1594 2635 efﬁcere
1637 2585 1794 2642 posse
1819 2610 1834 2634 ,
1882 2573 1942 2620 ut

366 2703 589 2762 Paulum
624 2661 836 2766 quidem
876 2661 926 2742 ei
954 2682 1131 2739 medio
1173 2676 1460 2733 tollerent,
1503 2661 1941 2737 praedicationem

363 2811 495 2854 vero
521 2788 940 2856 exstinguerent,
986 2775 1112 2830 dolo
1157 2781 1347 2836 nempe
1386 2777 1483 2817 suo
1509 2754 1851 2830 prmvalcnte.
1891 2748 1944 2801 Id

369 2890 533 2959 igitur
581 2892 724 2936 nunc
766 2877 996 2928 futurum
1037 2870 1234 2934 negat:
1268 2857 1382 2913 Non
1419 2864 1581 2915 nunc,
1606 2847 1795 2916 inquit,
1829 2855 1946 2895 nio-

1445 2946 1457 2958 ⁶
1473 2945 1496 2959 ⁸
1567 2942 1578 2959 ¹
1598 2935 1946 2959 "uerri-“1-1...

369 2935 506 3043 riar;
540 2971 644 3030 Sed
666 2969 792 3022 sicut
818 2976 1032 3029 semper,
1058 2967 1102 3010 et
1131 2967 1264 3007 nunc
1287 2935 1949 3019 magniﬁcabiturChristus

367 3076 422 3128 in
451 3080 662 3138 corpore
687 3075 816 3116 meo.
856 3047 1174 3122 Quomodo?
1221 3045 1375 3112 Srepe
1404 3041 1456 3093 in
1484 3033 1718 3108 pericula
1749 3026 1909 3082 incidi
1935 3064 1950 3089 ,

1220 3135 1232 3138 “
1335 3131 1387 3138 ’⁷⁵
1555 3124 1568 3138 ¹
1728 3120 1738 3138 9
1786 3118 1823 3138 -2
1861 3116 1919 3138 ΔΑ

371 3166 424 3219 in
457 3116 650 3232 quibus
678 3154 745 3208 de
785 3147 942 3204 nobis
976 3157 1081 3198 non
1112 3135 1272 3193 modo
1299 3131 1426 3196 alii,
1477 3124 1572 3181 sed
1602 3138 1700 3177 nos
1728 3118 1826 3188 ipsi
1856 3116 1953 3170 de-

371 3215 749 3325 sperabamus;
804 3239 915 3311 Ipsi
954 3234 1098 3290 enim
1141 3230 1194 3283 in
1241 3215 1612 3288 nobismetipsis
1662 3221 1957 3281 responsum

370 3298 544 3401 niortis
575 3298 850 3394 habuimus.
881 3329 959 3403 (2.
994 3326 1114 3380 Cor.
1145 3323 1196 3376 1.
1221 3319 1321 3388 9);
1354 3329 1415 3370 ac
1454 3320 1632 3366 tamen
1678 3319 1745 3358 ex
1780 3298 1959 3356 omni-

373 3441 472 3496 bus
500 3451 599 3491 nos
629 3426 825 3500 eripuit
847 3389 1005 3478 Deus.
1054 3415 1131 3470 lta
1167 3421 1222 3468 et
1252 3421 1392 3463 nunc
1437 3394 1870 3471 magnificahitur
1909 3389 1960 3441 in

375 3541 601 3598 corpore
650 3483 792 3576 meo.
820 3516 1021 3569 Verum
1047 3522 1116 3561 ne
1145 3504 1262 3572 quis
1298 3501 1367 3554 ita
1394 3493 1622 3563 cogitet,
1667 3500 1729 3540 ac
1774 3483 1910 3538 dicat
1944 3493 1962 3533 :

1240 3593 1286 3598 ’λ’
1362 3590 1372 3598 ·
1399 3589 1409 3598 ·
1512 3583 1534 3598 ιι
1556 3584 1635 3598 παν
1660 3578 1723 3598 ι»Δ
1775 3571 1940 3598 ε-.,....;.

377 3571 517 3689 Quid
545 3616 590 3671 si
615 3623 669 3668 tu
697 3607 919 3669 obieris,
949 3616 1054 3656 non
1078 3571 1534 3663 magnilicabitur?
1555 3578 1749 3638 Probe,
1775 3571 1963 3642 inquit,

382 3661 506 3767 πῖογί
532 3725 548 3772 ;
599 3712 762 3771 atque
792 3696 911 3750 ideo
939 3705 1044 3745 non
1079 3685 1223 3747 dixi,
1252 3696 1346 3749 per
1375 3676 1544 3730 solam
1574 3671 1734 3724 vitam
1765 3661 1969 3732 magni-

1476 3766 1509 3772 η
1708 3768 1717 3772 -
1863 3757 1894 3772 ι.
1955 3751 1966 3772 .

385 3751 548 3858 ficari,
563 3751 872 3851 Dominum,
915 3786 1008 3838 sed
1038 3773 1218 3832 addidi
1244 3772 1436 3832 etiam,
1472 3766 1570 3818 Per
1591 3768 1817 3814 mortem.
1863 3751 1970 3808 Sed

387 3896 617 3953 interea,
659 3881 852 3953 inquit,
899 3875 1002 3930 Per
1034 3871 1224 3931 vitam;
1268 3876 1376 3916 non
1416 3856 1559 3913 enim
1611 3867 1698 3906 mc
1740 3849 1920 3902 tolli-nt
1957 3866 1970 3898 :

390 3981 534 4056 quod
561 3980 605 4034 si
638 3938 845 4034 tollant,
897 3959 1250 4022 nihilominus
1281 3955 1349 4008 ita
1375 3949 1535 4006 etiam
1557 3938 1976 4013 magnificabitur

390 4032 655 4132 Ehristus.
686 4057 1007 4133 Quomodo?
1036 4053 1138 4108 Per
1163 4049 1325 4102 vitam
1355 4039 1590 4112 quidem,
1617 4032 1864 4103 quoniam
1893 4041 1977 4080 me

391 4165 622 4236 eripuit;
655 4173 753 4230 per
781 4162 1007 4210 mortem
1039 4157 1188 4209 vero,
1221 4136 1476 4210 quoniam
1508 4141 1681 4197 neque
1712 4137 1857 4178 mors
1879 4163 1892 4185 ,
1924 4128 1980 4174 ut

393 4220 544 4318 ιιιιὶιη
571 4263 844 4324 negarem,
875 4243 1007 4300 mihi
1040 4233 1325 4310 persuasit.
1355 4225 1621 4296 Quoniam
1651 4220 1740 4275 ille
1776 4224 1979 4271 tantum

397 4351 528 4410 mihi
559 4309 846 4402 alacritatis
875 4335 1095 4407 largitus
1121 4339 1234 4393 est,
1283 4337 1474 4394 meque
1515 4324 1689 4372 morte
1728 4309 1978 4382 superio~

399 4459 514 4500 rem
583 4437 710 4493 fecit
751 4451 764 4487 :
813 4430 886 4485 ibi
932 4425 1146 4498 quidem
1175 4462 1189 4485 ,
1235 4414 1490 4487 quoniam
1535 4423 1621 4464 ure
1661 4422 1689 4459 a
1739 4399 1987 4474 periculis

400 4530 682 4593 liberavit;
731 4523 819 4578 hic
853 4533 1003 4581 vero,
1036 4513 1289 4585 quoniam
1316 4520 1403 4561 me
1429 4518 1461 4558 ιι
1491 4499 1679 4556 mortis
1704 4490 1990 4567 tyrannide

407 4633 648 4680 metuere
671 4630 776 4670 non
804 4611 950 4668 sivit.
983 4607 1059 4660 lta
1089 4617 1188 4673 per
1217 4599 1378 4654 vitam
1409 4603 1463 4650 et
1491 4598 1717 4646 mortem
1745 4580 1990 4653 magnifi-

405 4715 632 4770 cabitur.

478 4807 536 4860 2.
579 4799 737 4856 Pauli
783 4791 1005 4849 charitas
1033 4795 1078 4842 et
1110 4779 1416 4838 constantia.
1447 4805 1518 4816 -—
1543 4773 1670 4828 llzcc
1696 4783 1822 4824 vero
1843 4765 1992 4829 dicit,

412 4912 520 4955 non
555 4890 700 4965 quod
741 4892 970 4943 mortem
1011 4884 1156 4934 esset
1201 4873 1465 4932 obiturus,
1511 4863 1606 4920 sed
1658 4876 1722 4916 ne
1762 4859 1875 4922 illi,
1909 4853 1999 4910 ubi

416 4947 642 5044 mortem
674 4979 869 5037 obierit
889 5017 904 5043 ,
937 4972 1168 5026 humana
1197 4960 1440 5031 qumdam
1474 4955 1766 5026 patiantur.
1793 4947 2000 5002 Etenim

417 5097 486 5134 ne
515 5080 764 5148 putarent
803 5036 1074 5136 tamquam
1107 5057 1376 5112 obiturum
1418 5049 1531 5102 hmc
1571 5042 1773 5098 dixisse
1798 5080 1811 5101 ,
1863 5036 2004 5106 quod

421 5185 613 5241 nr-gna
663 5168 785 5222 illos
841 5155 1159 5230 a-gritudinc
1211 5146 1516 5204 affecisset;
1577 5136 1696 5190 vide
1737 5129 2006 5202 quomodo

424 5263 679 5317 adhibeat
715 5251 1170 5310 consolationem;
1213 5237 1404 5294 talibus
1436 5245 1598 5302 prope
1629 5225 1806 5281 verbis
1837 5236 1962 5274 usus
1993 5239 2005 5275 :

431 5357 558 5412 llrrc
598 5358 777 5405 autem
809 5345 1020 5412 loquor,
1053 5334 1243 5405 inquit,
1295 5343 1400 5384 non
1429 5323 1579 5395 quasi
1618 5317 1745 5373 mihi
1779 5314 2011 5368 morien-

431 5453 558 5501 dum
586 5441 678 5496 sit.
723 5399 1018 5504 Propterea
1041 5437 1094 5482 et
1124 5399 1177 5480 in
1208 5430 1490 5493 progressu
1521 5412 1607 5466 illa
1635 5405 1895 5475 adjungil,
1948 5399 2012 5452 lit

441 5542 532 5593 hoc
563 5532 824 5603 conﬁdens
846 5525 975 5588 scio,
1005 5522 1123 5590 quia
1153 5514 1386 5578 ntanebo,
1428 5521 1472 5564 et
1505 5505 1806 5579 permanebo
1846 5497 2014 5553 omni-

443 5631 537 5683 bus
565 5591 718 5679 vobis.
766 5615 898 5675 Illud
931 5622 1127 5673 autem,
1171 5608 1234 5660 In
1281 5607 1426 5659 nullo
1465 5597 1772 5669 confundor,
1813 5591 1863 5646 id
1896 5599 2013 5653 est,

443 5725 640 5774 nullam
664 5711 791 5766 mihi
822 5705 1198 5779 ignominiam,
1245 5697 1339 5752 scd
1369 5706 1618 5765 magnum
1643 5689 1851 5745 lucrum
1882 5678 2016 5738 affe-

1093 282 1150 339 S.
1189 268 1466 336 JOANNIS
1499 258 1977 325 CIIRYSOSTOMI
2017 251 2331 312 ARCHIEP.
2360 240 2898 307 CONSTANTINOP.

3463 223 3572 282 200

1995 380 2077 428 ret
2105 383 2272 424 mors.
2309 363 2526 434 Quare?
2556 354 2880 416 Immortalis
2907 349 3124 425 quidem
3151 345 3376 404 minime
3411 356 3531 398 sum
3555 381 3574 407 ,

1991 462 2086 518 sed
2099 459 2297 516 clarior
2318 469 2414 512 ero
2441 467 2600 524 quam
2623 451 2669 505 si
2693 443 3014 504 immortalis
3027 441 3190 499 etiam
3215 449 3392 495 essein
3425 453 3440 490 :
3467 446 3578 489 non

1991 556 2136 611 enim
2161 567 2262 625 par
2287 551 2402 605 laus
2421 556 2505 604 est
2525 587 2541 613 ,
2568 545 2614 602 si
2642 539 2961 599 immortalis
2985 545 3216 593 mortem
3242 536 3576 594 contemnat,

1995 662 2057 702 ac
2098 622 2461 700 si‘mortalis.
2508 633 2868 705 Quamobrem
2910 628 3015 685 etsi
3055 622 3390 683 moriendum
3436 632 3580 675 nunc

1998 737 2130 795 mihi
2171 742 2356 800 esset,
2399 730 2605 786 nullum
2649 726 2777 782 hinc
2814 722 3052 779 subirem
3078 717 3331 783 dedecus;
3361 725 3580 768 verum-

2001 837 2177 883 tamen
2207 838 2314 879 non
2339 799 2561 876 moriar.
2612 815 2681 870 In
2714 813 2857 869 nullo
2877 808 3202 883 mfundar;
3226 817 3399 874 neque
3425 802 3474 858 si
3497 799 3590 856 vi-

2002 931 2145 983 vam,
2174 927 2349 984 neque
2376 911 2422 966 si
2451 906 2689 965 moriar:
2718 913 3003 972 utrumque
3041 899 3186 955 enim
3217 907 3481 967 generose
3503 890 3586 945 fe-

2004 1025 2142 1076 ram,
2184 1007 2298 1062 sive
2319 1001 2603 1058 vivendum
2625 1040 2642 1067 ,
2670 999 2784 1054 sive
2813 993 3154 1051 moriendum
3184 989 3274 1044 sit.
3308 985 3537 1043 Pulchre
3566 999 3585 1039 :

2009 1103 2123 1156 lloc
2151 1097 2460 1154 christiana:
2485 1092 2678 1148 anima:
2705 1098 2807 1146 est.
2841 1085 2948 1142 Sed
2967 1086 3022 1140 in
3049 1082 3208 1150 omni,
3237 1079 3428 1151 inquit,
3452 1076 3589 1148 ﬁdu-

2009 1191 2109 1245 cia.
2135 1188 2296 1244 \'ides
2321 1183 2592 1258 quomodo
2618 1195 2725 1237 non
2766 1175 3102 1234 confundas?
3148 1172 3280 1229 Nam
3304 1170 3348 1226 si
3375 1167 3592 1240 quidem

2012 1281 2202 1337 mortis
2229 1281 2390 1333 timor
2416 1291 2590 1330 meam
2617 1273 2748 1328 mihi
2776 1270 3069 1326 ademisset
3093 1265 3363 1326 fiduciam,
3385 1259 3592 1333 puden-

2013 1373 2140 1428 dum
2181 1386 2310 1426 sane
2351 1368 2539 1423 luisset
2570 1366 2705 1422 mori
2733 1382 2746 1430 ;
2776 1377 2919 1418 nunc
2944 1375 3093 1426 vero,
3119 1374 3240 1413 cum
3275 1357 3362 1410 illa
3391 1356 3594 1424 impen-

2016 1467 2151 1522 dens
2178 1479 2264 1519 me
2294 1462 2424 1518 nihil
2454 1460 2664 1524 terruit,
2693 1457 2897 1510 nullum
2923 1452 3163 1524 profecto
3193 1452 3245 1504 in
3282 1465 3344 1503 ea
3365 1445 3597 1502 dedecus

2019 1565 2177 1612 esset.
2215 1554 2320 1609 Sed
2352 1553 2464 1607 sive
2492 1551 2687 1613 vivam,
2721 1562 2786 1602 ex
2818 1546 2925 1600 vita
2954 1558 3059 1597 non
3085 1538 3409 1602 confundar;
3458 1551 3597 1606 prac-

2021 1648 2141 1701 dico
2165 1645 2307 1700 enim
2339 1641 2599 1712 evangelii
2631 1636 3060 1708 prmdicationem
3091 1651 3104 1687 :
3135 1633 3248 1686 sive
3267 1629 3486 1692 moriar,
3532 1640 3601 1681 ex

2026 1747 2197 1792 morte
2227 1751 2330 1790 non
2357 1732 2688 1795 confundar;
2727 1745 2831 1783 non
2860 1726 3003 1782 enim
3039 1732 3252 1779 coercet
3283 1735 3368 1776 me
3399 1720 3558 1773 timor
3584 1732 3601 1778 ;

2026 1829 2268 1886 eamdem
2323 1821 2591 1881 fidentiam
2631 1833 2791 1892 atque
2832 1819 2995 1874 animi
3040 1817 3337 1871 libertatem
3382 1826 3490 1880 pra:
3521 1823 3606 1862 me

2029 1923 2159 1977 fero.
2194 1921 2375 1990 Neque
2399 1919 2562 1979 enim,
2595 1913 2734 1985 quod
2765 1911 3100 1965 vinculorum
3131 1905 3458 1961 mentionem
3483 1899 3606 1964 feri,

2031 2029 2145 2068 rem
2174 2013 2328 2065 istam
2369 2018 2576 2077 turpem
2611 2003 2826 2075 putetis.
2865 2000 3158 2055 Tantorum
3189 1995 3318 2050 mihi
3349 1994 3610 2048 bonorum

2033 2120 2194 2161 causa
2227 2105 2434 2157 fuerunt
2462 2142 2478 2164 ,
2500 2110 2556 2152 ιιι
2585 2095 2797 2152 ctetcris
2831 2094 2992 2147 etiam
3017 2091 3252 2144 animum
3283 2082 3612 2147 addiderint,

2035 2215 2142 2269 quo
2186 2194 2471 2249 conlidunt.
2519 2190 2634 2246 Non
2687 2189 2828 2243 enim
2881 2187 3114 2239 vinctum
3163 2195 3284 2235 esse
3325 2193 3421 2249 pro
3464 2174 3618 2231 Chri-

2039 2299 2156 2356 sto,
2187 2287 2281 2342 sed
2315 2285 2644 2340 vinculorum
2689 2288 2830 2334 metu
2859 2276 3087 2348 prodere
3110 2272 3379 2344 quidpiam
3431 2282 3618 2324 eorum

2042 2395 2158 2449 qua:
2187 2376 2381 2432 Christi
2413 2383 2536 2429 sunt
2563 2414 2578 2438 ,
2605 2372 2658 2426 id
2709 2381 2865 2438 turpe
2895 2376 3014 2421 est:
3045 2363 3297 2434 quamdiu
3328 2358 3470 2414 istud
3518 2358 3620 2411 mi-

2044 2472 2188 2526 nime
2235 2469 2472 2531 accidet,
2520 2463 2854 2518 iidentiorem
2903 2459 3138 2511 animum
3162 2453 3372 2508 vincula
3405 2450 3620 2505 faciunt.

2047 2562 2160 2616 Non
2178 2561 2428 2630 quoniam
2455 2571 2596 2624 Saepe
2622 2569 2684 2607 ex
2715 2549 2964 2621 periculis
2987 2546 3164 2609 evasi;
3193 2554 3350 2614 atque
3380 2541 3500 2596 inde
3519 2546 3622 2604 est,

2049 2669 2146 2708 cur
2190 2650 2445 2706 adversus
2489 2644 2730 2700 infideles
2778 2641 3020 2712 glorier:
3054 2638 3098 2692 si
3138 2635 3261 2706 quid
3309 2631 3484 2688 simile
3522 2645 3627 2685 non

2050 2742 2287 2805 accidat,
2315 2741 2422 2808 jam
2454 2753 2549 2792 vos
2577 2735 2863 2805 ignominia
2907 2729 3080 2785 notari
3109 2725 3429 2782 existimetis
3457 2740 3471 2775 :
3501 2735 3624 2775 nam

2053 2845 2108 2889 et
2135 2833 2236 2887 hoc
2259 2832 2419 2884 etiam
2445 2845 2550 2882 non
2581 2828 2756 2880 minus
2779 2822 2930 2876 vobis
2962 2817 3195 2874 fidentia!
3231 2813 3452 2885 prmhet,
3475 2825 3632 2882 quam

2057 2926 2203 2982 illud.
2226 2923 2380 2988 Vide,
2409 2919 2676 2991 quomodo
2705 2919 2802 2970 suh
2832 2926 3058 2986 persona
3087 2925 3180 2965 sua
3209 2908 3346 2961 hanc
3373 2920 3488 2960 rem
3516 2917 3636 2973 per-

2060 3025 2296 3072 tractet:
2347 3011 2489 3081 quod
2530 3019 2584 3065 et
2629 3023 2772 3076 saape
2826 3003 2952 3058 alibi
2997 3001 3145 3066 facit,
3186 2993 3636 3070 quemadmodum

2059 3123 2184 3177 erga
2213 3106 2504 3165 Romanos,
2541 3099 2661 3153 Non
2697 3098 2831 3152 enim
2860 3093 3094 3148 erubesco
3123 3089 3435 3159 euangelium
3463 3083 3636 3156 (Rom.

2063 3201 2116 3254 l.
2147 3198 2274 3267 16);
2301 3204 2360 3250 ut
2387 3209 2511 3264 erga
2538 3189 2844 3248 Corinthios
2864 3229 2877 3250 ,
2930 3185 3056 3240 Haec
3083 3193 3251 3236 autem
3281 3177 3641 3251 transﬁgurari

2063 3294 2114 3347 in
2142 3308 2240 3356 me,
2274 3299 2320 3343 et
2352 3287 2535 3358 Apollo
2554 3287 2630 3356 (l.
2659 3283 2775 3339 Cor.
2801 3284 2854 3336 4.
2877 3281 2955 3343 6).
2980 3279 3098 3334 Sive
3128 3293 3214 3346 per
3241 3276 3411 3336 vitam,
3434 3273 3534 3327 sive
3558 3286 3649 3338 per

2067 3392 2295 3436 mortem.
2321 3379 2434 3432 Non
2460 3377 2561 3431 hoc
2584 3373 2746 3428 veluti
2774 3373 3025 3441 ignorans
3055 3367 3183 3421 dicit
3213 3383 3226 3419 :
3259 3371 3481 3419 noverat
3500 3363 3648 3416 enim

2072 3473 2290 3528 minime
2331 3479 2455 3523 tunc
2501 3466 2600 3520 sibi
2649 3461 2979 3518 moriendum
3021 3473 3160 3520 esse,
3189 3455 3283 3510 sed
3320 3455 3371 3508 in
3408 3451 3653 3522 sequenti

2072 3575 2331 3632 tempore,
2357 3571 2588 3614 attamen
2608 3556 2716 3624 jam
2741 3554 2974 3623 ipsorum
2994 3551 3224 3602 animam
3250 3553 3510 3616 pra'paral
3531 3541 3620 3596 εει
3638 3581 3654 3596 .

2077 3656 2207 3708 dli/ii
2235 3653 2389 3710 enim.
2415 3648 2601 3718 inquit,
2621 3647 2781 3698 vivere
2800 3643 3049 3706 Christus,
3064 3649 3107 3693 et
3125 3639 3249 3691 mori
3275 3637 3494 3689 lucrum.
3523 3631 3656 3685 Nam

2077 3759 2132 3806 cl
2177 3745 2472 3810 moriendo,
2517 3741 2704 3810 inquit,
2741 3755 2842 3791 non
2891 3736 3108 3800 moriar,
3150 3733 3312 3787 vitam
3351 3728 3555 3783 habens
3604 3727 3660 3781 in

2079 3846 2301 3916 melpSO.
2331 3843 2477 3896 Tunc
2506 3855 2589 3894 mc
2616 3835 2975 3895 sustulissent,
3008 3829 3050 3884 si
3080 3821 3178 3896 per
3219 3833 3416 3878 metum
3459 3820 3664 3890 potuis-

2081 3947 2199 3991 sent
2239 3952 2303 3990 ex
2350 3934 2523 3987 anima
2555 3943 2670 3983 mea
2708 3925 2866 3981 fidem
2899 3921 3180 3975 exturbare
3212 3933 3224 3968 :
3253 3911 3504 3983 quamdiu
3535 3924 3668 3964 vero

2082 4030 2322 4083 Christus
2352 4039 2556 4078 mecum
2603 4020 2781 4083 fuerit,
2821 4011 3028 4070 etiamsi
3079 4022 3222 4063 mors
3269 4003 3545 4075 ingruerit,
3579 4003 3668 4054 vi-

2086 4136 2224 4175 vam.
2259 4122 2430 4186 Atque
2477 4115 2528 4167 in
2585 4111 2684 4165 hac
2729 4110 2886 4164 etiam
2933 4107 3060 4168 vita,
3111 4115 3215 4157 non
3266 4099 3367 4151 hoc
3415 4093 3542 4148 mihi
3588 4093 3671 4145 vi.

2087 4227 2210 4267 vere
2237 4219 2337 4275 est,
2373 4206 2464 4262 sed
2503 4203 2764 4259 Christus.
2797 4197 2949 4264 Quod
2997 4196 3040 4250 si
3087 4193 3212 4247 dum
3256 4189 3341 4244 hic
3384 4187 3525 4247 vivo,
3562 4199 3674 4238 non

2089 4309 2190 4362 hoc
2232 4304 2362 4360 mihi
2403 4301 2582 4354 vivere
2609 4297 2627 4327 ¹
2659 4314 2672 4351 :
2709 4292 2858 4362 Quod
2887 4305 3000 4344 vero
3027 4302 3180 4350 nunc,
3209 4282 3411 4352 inquit,
3436 4279 3488 4332 in
3519 4293 3678 4330 carne

2090 4401 2219 4462 uiro,
2261 4397 2315 4450 in
2343 4394 2444 4464 [ide
2469 4392 2577 4445 vivo
2618 4405 2636 4443 :
2677 4387 2775 4440 hoc
2803 4392 2857 4438 et
2888 4380 2960 4436 ibi
2988 4379 3106 4432 dico
3139 4395 3151 4428 :
3194 4374 3314 4428 Viro
3353 4383 3519 4425 autem
3559 4369 3679 4437 jam

2095 4461 2476 4562 nonego,vuivit
2505 4500 2618 4537 vero
2645 4481 2695 4534 in
2731 4494 2810 4532 me
2838 4474 3066 4529 Christus
3091 4469 3232 4538 (Gal.
3262 4467 3316 4520 2.
3349 4463 3466 4534 20).
3489 4461 3682 4516 Talem

2097 4592 2307 4654 oportet
2333 4577 2697 4636 Christianum
2724 4584 2862 4624 esse.
2890 4565 3006 4620 Non
3039 4563 3181 4626 vivo,
3209 4556 3411 4626 inquit,
3439 4565 3686 4606 commit.

2099 4688 2222 4732 nem
2252 4675 2432 4727 vitam.
2460 4662 2742 4734 Quomodo
2775 4660 2935 4729 igitur
2961 4654 3117 4719 vivis,
3160 4651 3315 4704 beate
3345 4643 3549 4700 Paule?
3575 4655 3690 4694 non

2101 4767 2269 4822 solem
2297 4758 2522 4831 aspicis?
2542 4769 2646 4808 non
2674 4761 3013 4806 communem
3038 4755 3216 4797 aerem
3250 4735 3558 4806 iespiraudo
3587 4730 3696 4785 du-

2103 4856 2224 4912 cis?
2257 4867 2360 4908 nou
2393 4848 2578 4904 iisdem
2610 4853 2768 4913 atque
2793 4851 2982 4894 omnes
3012 4830 3280 4888 alimentis
3312 4823 3555 4881 nutricis?
3579 4836 3696 4874 non

2109 4961 2342 5011 terram,
2389 4935 2838 5011 quemadmodum
2884 4945 2980 4984 nos
3022 4926 3274 4988 faciams,
3329 4915 3546 4974 calcas?
3582 4929 3700 4967 nim

2109 5037 2280 5095 soumi
2309 5032 2471 5104 eges?
2504 5044 2608 5084 non
2636 5026 2862 5079 vestium
2883 5061 2899 5087 ,
2930 5033 3035 5073 non
3063 5009 3407 5071 calceorum?
3445 5003 3582 5074 Quid
3614 5003 3705 5055 di-

2111 5133 2187 5186 cis
2213 5171 2227 5192 ,
2270 5127 2388 5180 Non
2431 5123 2581 5177 uiro!
2626 5111 2899 5188 quomodo
2929 5124 3036 5164 non
3066 5103 3243 5160 vivis?
3285 5098 3419 5168 Quid
3448 5095 3546 5149 sibi
3577 5092 3708 5146 vult

2114 5226 2213 5279 iste
2251 5218 2534 5274 verborum
2586 5206 2801 5264 tumor?
2830 5203 2947 5257 Non
2984 5209 3111 5254 sunt
3149 5195 3262 5248 haec
3294 5181 3706 5243 ostentationis.

2117 5317 2326 5372 Etenim
2355 5311 2453 5365 nisi
2482 5320 2569 5361 res
2591 5305 2722 5373 ipsa:
2755 5291 3116 5352 testimonium
3141 5286 3366 5343 darent,
3388 5278 3576 5332 merito
3609 5273 3712 5326 illa

2117 5406 2380 5478 quispiam
2424 5395 2618 5452 tumori
2645 5407 2706 5446 ac
2736 5385 2957 5442 vanitati
2985 5376 3313 5436 adscriberet
3354 5389 3368 5424 :
3403 5379 3541 5420 nunc
3571 5377 3718 5416 vero

2186 5562 2199 5591 ‘
2239 5560 2321 5606 llic
2344 5559 2392 5605 in
2417 5553 2581 5602 Graeca
2603 5518 3721 5614 serietpiidpiam‘dgid'tiat‘ttrﬁptgg3::

2186 5575 2199 5591 ‘
2240 5575 2321 5606 HIC
2344 5575 2392 5605 111
2417 5575 2581 5602 “rm
2603 5575 2739 5597 δυιιυ
2760 5575 3006 5614 quur.-."
3026 5575 3208 5600 ..ν-τι(
3228 5575 3235 5576 ,
3259 5575 3269 5577 ἡ
3341 5575 3351 5584 ,
3391 5575 3404 5585 _

2123 5621 2288 5684 primit
2309 5615 2522 5684 Nobilius
2547 5627 2558 5660 :
2581 5587 3411 5684 ,Μιειό
3430 5575 3613 5634 πσυιο
3627 5577 3724 5640 [FP

2311 5653 2755 5733 E§"i'ii§uiséiii;ti'
2769 5653 2918 5717 nostri
2944 5653 3066 5710 nihil
3083 5653 3281 5702 habent.
