4030 6204
478 328 575 385 201

479 460 602 499 cum
632 458 719 498 res
750 443 876 513 ipsa:
904 441 1267 497 testimonium
1290 441 1454 509 dent,
1498 458 1654 513 quam
1685 441 2061 498 ostentationis

480 533 715 605 speciem
756 534 1071 590 habebunt?
1107 534 1385 590 Discamus
1431 535 1591 606 igitur
1637 534 1907 605 quomodo
1956 548 2064 588 non

481 626 620 678 vivat
650 642 666 679 :
699 639 821 679 nam
848 634 904 680 et
927 624 1055 679 alibi
1078 624 1245 691 dicit,
1282 624 1391 696 Ego
1419 625 1696 695 cruciﬁxus
1716 641 1827 679 sum
1854 623 2062 688 mundo,

482 726 526 767 et
561 714 683 767 mihi
720 716 939 768 mundus
980 714 1128 784 (Cal.
1153 716 1207 769 6.
1238 716 1350 784 ll).
1399 714 1680 783 Quomodo
1721 715 1884 785 igitur
1911 715 2062 780 dicit,

485 802 606 859 Non
640 807 754 875 jam
772 820 869 876 ego
914 807 1045 871 sive,
1101 813 1157 859 et
1192 805 1462 875 quomodo
1503 820 1710 870 rursus,
1741 803 1874 859 Mihi
1906 806 2069 859 vivere

483 894 733 960 Christus,
766 897 1015 951 audiatis.

564 986 695 1042 Vita.-
712 1005 896 1059 genera
919 987 1174 1059 quaedam.
1197 1013 1269 1027 --
1285 987 1418 1042 Vita:
1447 1002 1641 1043 nomen
1665 987 1938 1058 multiplex
1966 997 2068 1049 est,

483 1080 666 1135 dilecti
698 1098 710 1130 :
742 1080 794 1133 id
809 1080 1095 1143 est,inulta
1122 1079 1419 1148 significat,
1451 1089 1512 1134 ut
1558 1082 1747 1134 mortis
1786 1081 1946 1134 etiam
1977 1095 2073 1133 no-

487 1185 638 1225 men.
687 1170 783 1224 Est
806 1170 912 1224 vita
940 1170 1057 1224 haec
1078 1170 1350 1239 corporis;
1383 1179 1465 1224 est
1499 1171 1663 1224 etiam
1694 1170 1800 1225 vita
1826 1168 2071 1239 quaedam

492 1260 724 1331 peccati,
776 1260 1226 1331 quemadmodum
1274 1261 1470 1315 Paulus
1509 1261 1635 1315 alibi
1664 1261 1811 1325 dicit,
1845 1262 1905 1316 Si
1942 1266 2077 1314 enim

496 1354 684 1408 mortui
717 1370 892 1409 sumus
932 1363 1167 1423 peccato,
1212 1353 1461 1423 quomodo
1486 1354 1653 1407 adhuc
1672 1353 1888 1407 vivemus
1911 1355 1962 1406 in
1986 1353 2077 1406 illo

498 1441 675 1513 (Rom.
702 1442 756 1498 6.
786 1442 891 1513 2)?
921 1444 1012 1498 Est
1038 1444 1193 1513 igitur
1214 1446 1392 1498 vivere
1431 1445 1635 1513 peccati
1670 1444 1829 1498 vitam
1866 1462 1881 1498 :
1909 1440 2080 1497 atten-

498 1534 631 1602 dite,
672 1535 917 1601 obsecro,
951 1533 1255 1605 diligenter,
1284 1550 1353 1591 ne
1381 1534 1575 1590 frustra
1606 1537 1914 1591 laboremus
1946 1553 1958 1588 :
1989 1544 2076 1590 est

498 1625 608 1679 vita
632 1633 829 1679 :eterna
861 1636 916 1679 et
946 1625 1282 1688 immortalis,
1318 1640 1437 1694 qua:
1480 1625 1641 1679 etiam
1687 1625 1920 1680 caelestis
1943 1635 2026 1678 est
2060 1642 2079 1678 :

499 1715 694 1772 Nostra
716 1716 882 1779 enim,
912 1716 1107 1787 inquit,
1132 1717 1446 1771 conversatio
1469 1717 1521 1770 in
1556 1718 1695 1771 ca'lis
1718 1727 1792 1771 est
1818 1715 2077 1786 (Philipp.

498 1817 554 1872 5.
579 1814 797 1887 ‘20).Est
808 1815 968 1871 etiam
994 1816 1098 1869 vita
1120 1815 1383 1884 corporis,
1405 1813 1473 1868 de
1501 1829 1607 1883 qua
1628 1814 1777 1877 dicit,
1803 1812 1901 1866 Per
1920 1812 2085 1881 ipsum

499 1911 737 1976 uiuimus,
759 1919 805 1963 et
837 1924 1114 1972 movetur",
1142 1917 1188 1960 et
1222 1923 1393 1961 sumus
1424 1906 1538 1977 (Act
1582 1906 1668 1960 l7.
1702 1905 1817 1973 28).
1849 1904 1962 1959 Non
1992 1902 2086 1973 igi-

503 2012 590 2056 tur
619 2010 777 2070 negat
817 1998 1113 2053 naturalem
1149 1997 1396 2053 scvitatn
1429 1997 1630 2059 vivere,
1678 1996 1771 2050 sed
1802 2010 1920 2050 eam
1964 2007 2083 2063 qua:

505 2099 852 2159 peccatorum
895 2097 999 2150 est,
1052 2102 1211 2156 quam
1256 2087 1444 2141 vivunt
1487 2100 1675 2141 omnes
1718 2086 1982 2139 homines.
2026 2083 2092 2137 Et

507 2181 706 2236 Incrito
736 2178 949 2250 quidem
990 2188 1167 2247 negat.
1205 2177 1336 2232 Nam
1366 2178 1457 2249 qui
1484 2178 1762 2248 praisentis
1786 2178 1910 2231 vita:
1934 2176 2089 2245 cupi-

506 2270 612 2326 dus
644 2285 759 2324 non.
781 2278 883 2333 est,
913 2269 1184 2339 quomodo
1213 2268 1353 2323 hanc
1383 2269 1555 2323 vivit?
1599 2269 1690 2339 qui
1755 2268 1822 2322 ad
1868 2268 2091 2322 alteram

505 2363 746 2426 Festinat;
778 2360 1050 2431 quomodo
1074 2360 1213 2415 hanc
1238 2361 1506 2430 vivit?qui
1536 2369 1762 2415 mortem
1781 2360 2091 2420 contemnit,

503 2460 779 2523 quomodo
805 2451 941 2506 hanc
970 2451 1132 2506 vivit?
1176 2451 1265 2521 qui
1295 2451 1427 2505 nihil
1451 2467 1523 2505 ex.
1543 2451 1609 2505 iis
1636 2466 1754 2520 qua:
1797 2451 1855 2505 in
1886 2450 2085 2504 mundo

509 2553 639 2599 sunt
675 2542 1029 2612 concupiscit,
1075 2542 1345 2612 quomodo
1375 2542 1511 2596 hanc
1538 2543 1710 2596 vivit?
1744 2541 1878 2596 Nam
1902 2558 2095 2611 queui-

509 2637 800 2693 admodum
827 2637 916 2705 qui
941 2650 1007 2691 ex
1036 2636 1319 2691 adamante
1344 2643 1574 2697 constat,
1604 2650 1671 2688 ne
1695 2634 1740 2689 si
1766 2635 1962 2688 millies
1982 2634 2099 2703 qui—

507 2729 635 2785 dem
658 2728 1010 2799 percntiatur,
1031 2727 1318 2796 quidquam
1346 2725 1771 2780 commovebitur
1801 2743 1813 2778 :
1847 2726 1916 2779 ita
1938 2725 2098 2778 etiam

512 2821 709 2878 Paulus
740 2839 753 2872 :
781 2818 902 2872 Viuo
932 2830 1122 2884 autem,
1150 2818 1340 2886 inquit,
1370 2833 1469 2870 non
1486 2817 1601 2886 jam
1630 2832 1741 2887 ego,
1776 2815 1829 2869 id
1855 2825 1960 2881 est,
1992 2829 2097 2867 non

508 2912 626 2980 jam
655 2920 806 2964 vetus
833 2909 995 2963 homo
1028 2924 1042 2961 :
1074 2918 1130 2962 et
1158 2922 1345 2961 rursus
1369 2906 1492 2960 alibi
1518 2946 1533 2969 ,
1583 2905 1741 2959 Miser
1781 2922 1872 2975 ego
1916 2903 2103 2958 homo!

514 3002 631 3071 quis
648 3017 726 3055 me
747 2999 978 3054 liberabit
1004 3015 1066 3054 ea:
1083 3015 1299 3069 corpore
1319 2999 1496 3052 mortis
1524 2998 1680 3067 hujus
1705 2996 1882 3067 (Rom.
1909 2997 1959 3049 7.
1983 2994 2106 3064 ‘24)?

519 3094 598 3148 Ita
624 3092 711 3161 qui
744 3090 875 3145 nihil
899 3089 1160 3155 alimenti,
1190 3089 1322 3143 nihil
1355 3088 1578 3142 vestium
1600 3128 1615 3153 ,
1665 3087 1799 3141 nihil
1828 3087 1992 3141 ullius
2022 3084 2102 3139 rei

521 3182 801 3254 praesentis
843 3196 1007 3237 causa
1048 3180 1171 3235 facit
1191 3221 1207 3247 ,
1228 3179 1499 3249 quomodo
1543 3177 1631 3232 hic
1659 3176 1833 3232 vivit?
1861 3176 1957 3231 Hic
1986 3190 2109 3245 pro-

522 3277 663 3330 fecto
703 3290 769 3329 ne
809 3273 1110 3327 naturalem
1155 3271 1370 3341 quidem
1410 3272 1570 3324 vitam
1621 3271 1803 3325 vivere
1851 3269 2109 3324 dicendus

525 3374 610 3420 est
640 3383 653 3419 :
678 3366 769 3435 qui
799 3365 929 3419 nihil
957 3378 1147 3418 eorum
1175 3379 1295 3433 qua:
1324 3362 1391 3417 ad
1420 3363 1582 3417 vitam
1616 3363 1818 3417 faciunt
1844 3371 2027 3424 curat,
2066 3361 2111 3413 is

528 3470 626 3510 nec
651 3456 801 3510 vivit.
830 3454 937 3509 Nos
965 3454 1105 3508 hanc
1133 3454 1298 3507 vitam
1326 3453 1554 3507 vivimus
1575 3494 1590 3516 ,
1626 3452 1715 3521 qui
1746 3465 1841 3520 pro
1872 3451 1971 3504 hac
1997 3465 2112 3503 om—

533 3549 616 3600 nia
643 3546 907 3611 facimus;
935 3547 1024 3601 ille
1064 3560 1191 3600 vero
1236 3561 1341 3598 non
1397 3544 1628 3608 vivebat,
1660 3557 1832 3611 neque
1865 3542 1916 3595 in
1955 3541 2114 3594 rebus

540 3637 657 3690 ullis
699 3635 1040 3690 inferioribus
1089 3635 1422 3691 versabatur.
1469 3634 1749 3701 Quomodo
1783 3633 1942 3702 igitur
1969 3633 2110 3687 vive-

540 3724 672 3781 bat?
700 3725 777 3780 lta
794 3727 954 3780 etiam
987 3724 1056 3778 de
1082 3725 1397 3795 quibusdam
1426 3725 1679 3790 dicimus,
1709 3724 1808 3778 lllc—
1835 3723 1965 3778 inihi
2008 3739 2113 3778 non

536 3817 728 3884 adest;
771 3818 861 3872 ubi
908 3817 1039 3873 nihil
1082 3827 1239 3888 agat,
1288 3818 1431 3889 quod
1470 3817 1536 3873 ad
1586 3834 1672 3873 me
1715 3817 2113 3887 pertineatzita

530 3911 693 3966 etiam
716 3924 923 3976 furatis,
957 3910 1052 3965 Ille
1075 3911 1203 3965 mihi
1235 3927 1340 3965 non
1373 3911 1523 3964 vivit.
1549 3909 1701 3977 Quod
1730 3911 1873 3964 enim
1902 3917 2117 3963 natura-

532 4008 637 4058 lem
668 4002 807 4058 hanc
837 4003 999 4057 vitam
1030 4017 1135 4057 non
1168 4002 1398 4072 rejiciat,
1436 4002 1563 4056 alibi
1604 4002 1687 4056 his
1729 4001 1904 4056 verbis
1931 4012 2116 4055 osten-

527 4093 611 4148 dit
639 4112 652 4147 :
688 4094 840 4162 Quod
865 4100 1029 4148 autem
1057 4111 1191 4148 nunc
1218 4095 1326 4149 vivo
1355 4095 1407 4147 in
1432 4109 1603 4158 carne,
1648 4094 1701 4147 in
1729 4094 1831 4161 fide
1857 4094 1965 4147 vivo
1992 4092 2117 4146 Filii

536 4185 661 4252 Dei,
706 4185 794 4256 qui
836 4184 1013 4240 dilexit
1041 4201 1122 4238 me
1140 4224 1157 4250 ,
1184 4194 1232 4239 et
1260 4183 1469 4239 tradidit
1492 4188 1712 4254 seipsum
1742 4202 1834 4256 pro
1860 4202 1938 4240 me
1973 4185 2114 4255 (Gal.

517 4276 575 4333 .2
612 4274 730 4346 20).
764 4275 820 4331 Id
845 4284 962 4342 est,
995 4290 1189 4331 novam
1217 4275 1503 4347 quamdam
1535 4278 1694 4331 vitam
1722 4277 1840 4332 vivo
1867 4287 2025 4348 atque
2052 4278 2119 4331 ab

535 4369 726 4421 usitata
753 4369 1041 4425 diversam.

613 4459 665 4513 5.
692 4459 822 4514 11ωο
846 4476 978 4516 sane
1019 4461 1198 4515 omnia
1229 4461 1294 4514 ad
1330 4462 1751 4532 Pliilippensium
1796 4464 2120 4521 consolatio-

544 4562 667 4601 nem
685 4548 829 4604 dicit.
856 4550 931 4606 Ne
955 4552 1172 4621 putetis,
1204 4553 1394 4616 inquit,
1414 4554 1529 4608 fore
1550 4562 1606 4607 ut
1629 4554 1729 4608 hac
1750 4554 1856 4607 vita
1881 4555 2078 4623 spolier
2103 4571 2118 4608 :

545 4638 975 4708 quandoquidem
991 4656 1058 4695 ne
1078 4641 1264 4695 vivens
1278 4642 1493 4711 quidem
1519 4643 1658 4698 banc
1673 4644 1914 4698 vivebam
1936 4644 2118 4707 vitam,

537 4729 638 4785 sed
665 4731 831 4795 illam,
853 4748 1016 4801 quam
1032 4733 1243 4788 volchat
1270 4734 1542 4794 Christus.
1571 4736 1666 4792 Dic
1690 4737 1832 4791 enim
1856 4737 2006 4799 mihi,
2030 4737 2122 4805 qui

533 4824 793 4892 pecunias
821 4825 1141 4888 contemnit,
1174 4827 1265 4895 qui
1293 4827 1493 4893 cibum,
1525 4829 1612 4897 qui
1642 4828 1837 4883 famem
1868 4837 1921 4884 et
1947 4829 2117 4894 sitim,

526 4913 628 4981 qui
658 4914 917 4981 pericula,
946 4917 1040 4984 qui
1070 4916 1377 4981 s.'init.'item,
1410 4921 1498 4985 qui
1546 4919 1773 4974 salutem
1800 4934 1815 4982 ;
1844 4919 1960 4973 isne
1986 4919 2126 4972 hanc

525 5003 701 5058 vitam
734 5005 909 5060 vivit?
934 5008 1027 5075 qui
1055 5007 1187 5061 nihil
1219 5009 1272 5062 in
1307 5010 1466 5063 terris
1497 5010 1680 5074 habet,
1704 5012 1793 5079 qui
1824 5026 1968 5081 smpe
1998 5026 2121 5080 pro-

525 5094 768 5149 fundere
809 5096 979 5164 ipsam
1005 5099 1154 5166 cupit
1178 5139 1193 5163 ,
1224 5099 1268 5152 si
1297 5114 1433 5168 opus
1457 5101 1565 5166 sit,
1599 5116 1771 5169 neque
1798 5102 2123 5167 reluctatur;

516 5188 655 5241 isne
685 5185 828 5240 hanc
871 5187 1002 5241 vivit
1031 5189 1234 5243 vitam?
1266 5188 1604 5259 Nentiquam.
1646 5191 1755 5245 Sed
1798 5191 1937 5245 istud
1973 5193 2128 5247 vobis

511 5277 690 5347 quasi
729 5278 978 5346 exemplo
1004 5279 1235 5346 quodam
1293 5281 1632 5350 pchpicuum
1690 5281 1986 5336 faciendum
2021 5294 2125 5338 est.

514 5369 673 5423 Esto
711 5368 978 5437 quispiam
1023 5369 1227 5424 divitiis
1266 5372 1468 5435 multis,
1516 5372 1747 5438 famulis,
1785 5387 1915 5427 auro
1958 5375 2128 5428 abun-

509 5457 719 5520 dans;
753 5459 897 5512 nulla
927 5471 1106 5515 autem
1139 5461 1326 5515 harum
1357 5478 1536 5517 rerum
1565 5472 1743 5516 utatur
1773 5481 1786 5517 :
1820 5480 1945 5517 num
1978 5464 2024 5518 is
2052 5465 2131 5518 di-

512 5547 686 5603 vitiis
716 5548 835 5604 istis
875 5549 1029 5607 dives
1051 5552 1197 5608 erit?
1228 5553 1466 5608 Minime.
1513 5554 1618 5610 Sed
1660 5553 1838 5609 videat
1877 5563 2130 5624 prietcrea

508 5642 681 5696 bona
711 5652 743 5692 a
773 5639 900 5695 filiis
926 5641 1177 5713 dissipari
1206 5652 1413 5700 temere
1437 5645 2005 5711 circumcursantibus,
2037 5662 2134 5701 nec

504 5726 831 5803 quidquam
876 5742 1069 5801 curet;
1116 5732 1253 5790 addc
1291 5735 1454 5790 etiam
1479 5735 1523 5790 si
1555 5737 1631 5790 vis
1658 5775 1671 5801 ,
1704 5750 1988 5805 percussus
2031 5750 2131 5789 non

1397 328 1462 385 IN
1503 328 1719 385 EPIST.
1764 329 1855 383 AD
1893 325 2175 383 PlllLlPP.
2217 325 2372 382 CAP.
2415 325 2454 380 1.
2498 324 2730 383 HOMIL.
2773 326 2856 383 Ill.

3644 328 3747 384 20?.

2171 439 2381 497 doleat:
2405 455 2470 495 an
2489 439 2632 496 hunc
2650 441 2892 496 dicemus
2911 439 2961 494 in
2990 438 3188 494 divitiis
3203 453 3320 495 esse
3340 439 3361 494 ’ἱ
3384 439 3751 511 Nequaquam,

2173 532 2383 585 tametsi
2414 532 2584 600 ipsius
2608 540 2732 587 sunt
2751 531 2970 586 divitiae.
2995 530 3075 585 Ad
3104 530 3243 587 hunc
3268 531 3428 587 etiam
3456 533 3671 586 modum
3695 548 3755 589 so

2171 620 2401 676 habebat
2424 622 2638 676 Paulus:
2662 620 2812 688 Mihi,
2834 622 3024 691 inquit,
3047 622 3211 676 vivere
3226 621 3479 677 Christus.
3499 623 3551 678 Si
3577 638 3751 678 meam

2174 711 2307 765 velis
2334 711 2601 780 vestigare
2631 711 2823 775 vitam,
2855 711 2947 765 ille
2991 711 3121 766 mihi
3148 721 3249 766 est.
3282 709 3351 765 Et
3380 714 3507 766 mori
3536 713 3755 766 lucrum.
3845 711 3864 794 τ’

2173 804 2281 859 Cur
2301 805 2326 857 'i
2351 803 2614 872 Quoniam
2657 804 2831 875 major
2857 803 2987 858 mihi
3015 804 3159 859 illius
3187 806 3373 859 notitia
3403 806 3529 868 erit,
3556 813 3610 859 et
3637 820 3758 859 cum

2176 896 2292 965 ipso
2309 896 2768 964 versabor.Quare
2786 896 2887 953 boe
2903 897 3032 952 nihil
3049 897 3190 952 aliud
3204 906 3459 967 estquam
3478 897 3763 953 moriendo

2176 988 2243 1043 ad
2270 990 2429 1043 vitam
2464 991 2775 1059 pervenire?
2799 991 2938 1045 Nihil
2965 991 3093 1044 mihi
3118 991 3306 1045 durius
3338 990 3530 1045 facient
3559 992 3647 1059 qui
3680 991 3761 1044 in—

2180 1079 2507 1147 tcrfecerint,
2535 1081 2600 1135 ad
2628 1096 2798 1135 meam
2830 1096 2916 1135 me
2952 1082 3258 1135 emittentes
3288 1081 3467 1147 vitam,
3500 1092 3551 1135 et
3578 1080 3645 1133 ab
3666 1079 3765 1133 hac

2179 1186 2298 1240 quite
2316 1171 2443 1224 mihi
2467 1180 2585 1241 apta
2607 1188 2714 1226 non
2735 1182 2817 1226 est
2834 1172 3141 1227 liberantes.
3161 1172 3295 1239 Quid
3321 1172 3479 1242 igitur
3497 1173 3660 1227 ?duni
3682 1173 3767 1225 hic

2180 1277 2259 1328 es,
2283 1262 2481 1317 Christi
2510 1279 2615 1317 non
2641 1264 2786 1319 eris?
2806 1264 2871 1318 Et
2899 1264 3052 1319 valde
3077 1264 3317 1335 quidem.
3336 1264 3427 1317 22.
3452 1264 3602 1329 Quod
3630 1266 3673 1319 si
3694 1267 3768 1317 vi-

2183 1371 2295 1409 vere
2316 1356 2368 1409 in
2389 1371 2559 1420 carne,
2583 1356 2678 1409 hoc
2700 1357 2822 1409 mihi
2849 1358 3043 1428 [ructus
3065 1357 3231 1425 operis
3248 1367 3339 1422 est,
3369 1367 3417 1411 et
3439 1357 3562 1427 quid
3583 1359 3768 1430 eligam

2185 1448 2382 1517 ignoro.
2411 1446 2626 1517 Nequis
2647 1447 2820 1502 dicat:
2844 1448 2898 1501 Si
2929 1449 3233 1517 igiturillud
3263 1459 3347 1504 est
3368 1450 3495 1517 vita,
3514 1451 3772 1505 curChri-

2186 1547 2302 1592 stus
2330 1538 2416 1591 hic
2443 1547 2494 1592 te
2523 1553 2742 1592 manere
2770 1538 2939 1592 sinit?
2970 1537 3215 1603 Fructus,
3247 1541 3453 1609 inquit,
3482 1542 3649 1611 operis
3675 1551 3768 1595 est.

2186 1628 2542 1695 Quamobrem
2566 1629 2695 1683 licet
2711 1630 2960 1697 praisenti
2980 1633 3141 1685 etiam
3169 1631 3279 1685 vita
3292 1647 3378 1696 eo,
3404 1647 3511 1702 quo
3532 1642 3768 1703 Oportet,

2189 1720 2350 1775 modo
2389 1720 2463 1774 uti
2486 1761 2502 1786 ,
2535 1720 2580 1774 si
2610 1721 2778 1789 ipsam
2806 1721 3024 1775 minime
3057 1720 3298 1776 vivamus
3326 1738 3392 1776 eo
3432 1722 3593 1776 modo
3616 1764 3632 1789 ,
3663 1738 3772 1791 quo

2190 1811 2381 1880 vulgus
2401 1811 2551 1864 vivit.
2574 1810 2686 1866 lloc
2711 1811 2995 1877 ideodicit,
3016 1828 3084 1868 ne
3112 1821 3265 1881 putes
3291 1813 3455 1867 vitam
3478 1814 3645 1883 ipsam
3668 1813 3773 1877 epi-

2193 1903 2320 1956 miui
2351 1901 2502 1967 dari;
2522 1917 2697 1973 neque
2725 1902 2892 1968 dicas,
2910 1905 2965 1960 Si
2996 1905 3155 1975 igitur
3176 1904 3263 1959 hic
3283 1904 3425 1959 nulla
3452 1905 3607 1960 nobis
3631 1921 3780 1960 coni-

2195 2004 2411 2061 paratur
2437 1994 2660 2061 utilitas,
2679 1996 2805 2065 quid
2824 2006 2906 2050 est
2929 2011 3025 2050 cur
3042 2011 3140 2051 nos
3157 2012 3262 2051 non
3279 2012 3311 2051 e
3328 1996 3509 2052 medio
3527 1997 3777 2051 tollamus

2193 2093 2250 2139 et
2277 2084 2584 2139 occidamus
2604 2086 2627 2140 ?
2647 2085 2987 2156 Neutiquam,
3007 2088 3179 2157 inquit
3204 2107 3218 2142 :
3245 2089 3370 2143 licet
3389 2103 3455 2143 ex
3485 2088 3586 2143 hac
3614 2089 3775 2143 etiam

2198 2174 2474 2230 mansione
2502 2176 2711 2231 lucrum
2734 2187 3030 2246 reportare,
3061 2178 3118 2231 si.
3139 2180 3276 2232 hanc
3301 2179 3467 2233 vitam
3496 2194 3601 2234 non
3629 2179 3779 2232 viva-

2195 2281 2340 2332 mus,
2370 2266 2465 2321 sed
2494 2266 2741 2322 alteram.
2773 2267 2877 2324 Sed
2901 2269 3163 2338 quispiam
3195 2267 3425 2324 fortasse
3446 2269 3737 2337 interroget
3764 2286 3782 2324 :

2199 2357 2386 2412 llocne
2418 2357 2510 2413 tibi
2552 2358 2778 2414 fructum
2811 2360 3017 2415 affert?
3043 2361 3200 2416 Certe
3222 2402 3237 2427 ,
3279 2363 3471 2432 inquit.
3514 2361 3612 2417 Ubi
3645 2376 3786 2415 nunc

2203 2446 2436 2502 haeretici
2459 2448 2640 2503 ?‘\'ide
2668 2466 2807 2505 nunc
2836 2492 2851 2515 ,
2892 2450 3067 2505 Vivere
3090 2452 3141 2505 in
3167 2469 3320 2506 carne
3344 2493 3359 2516 ,
3394 2452 3497 2506 hoc
3521 2452 3648 2507 dicit
3678 2452 3787 2505 fru-

2200 2545 2344 2591 ctum
2362 2539 2573 2605 operis:
2602 2541 2782 2609 oneris
2803 2541 2944 2594 enim
2973 2552 3079 2595 est.
3111 2540 3392 2607 Quomodo
3423 2543 3626 2596 fructus
3654 2559 3788 2610 ope-

2204 2628 2315 2681 ris?
2339 2629 2486 2692 Quod
2506 2640 2673 2683 autem
2694 2647 2827 2684 nunc
2852 2633 2961 2685 viro
2991 2633 3043 2685 in
3076 2649 3227 2687 carne
3251 2675 3263 2699 ,
3287 2636 3340 2687 in
3368 2633 3471 2703 ﬁde
3498 2635 3625 2687 uiro.
3655 2632 3791 2687 llinc

2214 2717 2418 2773 fructus
2445 2721 2643 2789 cperis.
2671 2721 2736 2774 Et
2760 2723 2881 2791 quid
2900 2724 3082 2792 eligam
3108 2725 3304 2795 ignoro.

2284 2811 2437 2865 Pauli
2468 2814 2812 2883 philosOphia.
2859 2845 2931 2854 —
2960 2817 3114 2886 Papa:
3147 2819 3160 2870 ε
3205 2827 3399 2887 quanta
3429 2827 3515 2873 est
3548 2817 3791 2888 philoso-

2210 2901 2367 2970 phia!
2415 2903 2694 2969 Quomodo
2723 2908 3002 2974 praesentis
3032 2911 3154 2962 vita:
3180 2908 3526 2979 cupiditatem
3571 2911 3790 2977 abjecc-

2209 3003 2327 3058 rat,
2358 3011 2458 3050 nec
2488 3005 2663 3052 tamen
2692 2998 2836 3052 illam
2861 3000 3283 3054 criminabatur?
3308 3016 3427 3054 nam
3456 3002 3540 3055 his
3578 3001 3793 3069 quidem

2212 3088 2413 3152 verbis,
2459 3087 2594 3142 Mori
2651 3088 2867 3153 lucrum,
2919 3090 3265 3158 cupiditatem
3316 3091 3634 3160 abjicicbat;
3690 3091 3797 3144 illis

2213 3193 2360 3242 vero,
2403 3176 2575 3232 Vivere
2602 3179 2655 3232 in
2680 3195 2832 3232 carne
2858 3181 3052 3246 [ructus
3073 3182 3263 3245 aperis,
3292 3181 3525 3235 ostendit
3554 3196 3794 3248 pra-sen-

2216 3278 2321 3324 tem
2352 3286 2565 3339 quoque
2594 3271 2754 3324 vitam
2801 3286 2921 3326 esse
2963 3273 3338 3327 necessaiiam.
3391 3273 3713 3339 Quomodo?
3741 3278 3799 3329 Si

2217 3362 2329 3429 ipsa
2361 3371 2419 3414 ut
2447 3370 2661 3429 oportet
2685 3371 2918 3425 utamur,
2951 3364 2995 3417 si
3024 3362 3254 3417 fructum
3288 3364 3522 3419 feramus
3552 3383 3563 3417 :
3598 3369 3796 3421 etenim

2217 3455 2260 3505 si
2286 3450 2616 3506 infructuosa
2646 3452 2756 3519 sit,
2790 3468 2964 3523 neque
2993 3455 3100 3509 vita
3153 3456 3382 3525 amplius
3421 3465 3523 3511 est.
3567 3455 3699 3510 Nam
3747 3468 3803 3512 et

2218 3544 2439 3599 arbores
2468 3559 2585 3613 quae
2610 3544 2845 3599 fructum
2877 3563 2981 3601 non
3016 3548 3214 3615 ferunt,
3243 3549 3466 3618 perinde
3495 3560 3656 3621 atque
3686 3552 3796 3603 ari-

2218 3634 2313 3688 (las
2339 3649 2653 3691 aversamur
2677 3645 2731 3691 et
2761 3637 2812 3691 in
2844 3638 3019 3708 ignem
3049 3641 3387 3710 conjicimns.
3416 3642 3624 3696 Rursus
3653 3644 3798 3696 enim

2222 3726 2323 3780 vita
2353 3737 2436 3781 est
2462 3743 2526 3783 ex
2558 3744 2745 3784 earum
2793 3745 2973 3786 rerum
3003 3749 3229 3788 numero
3250 3775 3265 3801 ,
3307 3750 3428 3804 qua:
3458 3734 3649 3789 medim
3679 3744 3805 3788 sunt

2220 3827 2273 3873 et
2297 3818 2658 3876 indilIerentes
2684 3839 2698 3887 ;
2729 3823 2866 3878 bene
2890 3832 3068 3878 autem
3099 3826 3179 3879 vel
3213 3827 3349 3880 male
3377 3829 3557 3881 vivere
3585 3869 3598 3892 ,
3624 3828 3675 3881 in
3702 3842 3803 3880 no—

2222 3908 2302 3962 bis
2341 3919 2424 3964 cst
2468 3911 2650 3965 situm.
2700 3912 2866 3981 Igitur
2910 3929 2976 3966 ne
3004 3915 3282 3983 displiceat
3329 3916 3434 3968 vita
3484 3932 3646 3970 :nam
3678 3918 3805 3971 licet

2221 4000 2381 4052 etiam
2431 4000 2656 4055 honeste
2705 4003 2885 4055 vivere
2936 4018 2950 4054 :
2997 4004 3042 4056 si
3089 4004 3230 4057 male
3278 4005 3381 4057 vita
3415 4015 3658 4070 utamur,
3693 4023 3803 4063 non

2221 4090 2383 4143 etiam
2421 4100 2700 4159 prOpterea
2750 4092 2917 4160 ipsam
2961 4106 3215 4146 accusare
3243 4092 3556 4149 debeamus.
3586 4095 3806 4162 Quare?

2223 4180 2485 4246 Quoniam
2513 4196 2619 4235 non
2652 4182 2765 4250 ipsa
2793 4197 2953 4236 causa
2991 4183 3107 4248 fuit,
3134 4185 3228 4238 sed
3258 4185 3452 4241 electio
3478 4203 3687 4254 eorum,
3716 4191 3809 4259 qui

2226 4269 2365 4324 male
2399 4269 2512 4337 ipsa
2548 4279 2673 4324 sunt
2700 4271 2803 4325 usi.
2834 4271 2966 4325 Nam
2998 4272 3136 4327 Deus
3161 4276 3375 4343 quidem
3406 4277 3526 4332 ideo
3550 4287 3601 4333 te
3630 4279 3811 4335 vivere

2226 4361 2512 4424 concessit,
2548 4369 2605 4414 ut
2634 4361 2735 4432 ipsi
2767 4362 2910 4416 vivas
2944 4380 2957 4415 :
2990 4372 3041 4417 tu
3073 4379 3202 4419 vero
3231 4376 3446 4434 propter
3463 4369 3809 4423 vitiositatem

2230 4461 2452 4518 peccato
2472 4451 2679 4517 vivens,
2710 4467 2925 4508 omnem
2946 4454 2997 4507 in
3029 4464 3079 4509 te
3111 4454 3316 4510 haerere
3342 4456 3554 4527 culpam
3573 4460 3806 4514 voluisti.

2228 4543 2362 4609 Quid
2381 4543 2479 4610 ais,
2500 4559 2703 4613 quasso,
2728 4546 2925 4602 l’aule?
2945 4548 3156 4618 ignoras
3180 4550 3307 4619 quid
3335 4550 3534 4622 eligas?
3560 4549 3671 4606 lloc
3694 4553 3814 4608 loco

2229 4650 2477 4703 magnum
2507 4635 3104 4709 patefecitmystcrimn,
3134 4657 3326 4711 nempe
3348 4641 3540 4697 factam
3563 4641 3664 4698 sibi
3693 4658 3815 4700 esse

2232 4733 2548 4792 potestatem
2594 4727 2886 4784 decedendi
2922 4745 2936 4782 :
2979 4731 3192 4800 quando
3222 4732 3364 4786 enim
3398 4733 3553 4786 nobis
3583 4732 3814 4802 eligendi

2230 4816 2381 4885 Copia
2399 4815 2574 4883 datur,
2596 4828 2912 4888 potestatem
2933 4820 3209 4875 habemus.
3228 4822 3365 4888 Quid
3388 4823 3593 4890 eligant,
3618 4823 3811 4894 inquit,

2231 4907 2428 4975 ignoro.
2455 4907 2596 4978 Ergo
2625 4910 2676 4963 in
2707 4921 2759 4965 te
2784 4911 2946 4965 situm
2973 4910 3099 4963 est?
3127 4911 3307 4974 Certe,
3336 4911 3537 4979 inquit,
3572 4913 3617 4966 si
3648 4928 3678 4967 a
3709 4915 3821 4969 Deo

2234 4997 2371 5052 lianc
2402 5001 2671 5068 postulare
2708 5004 2934 5071 gratiam
2977 5003 3216 5056 voluero.
3247 5001 3339 5054 25.
3369 5002 3610 5057 Coarclor
3635 5006 3766 5059 enim
3805 5004 3843 5073 ,’

2234 5090 2449 5154 duobus,
2474 5092 2774 5146 desiderium
2797 5093 3002 5147 habens.
3031 5093 3261 5147 Attende
3293 5095 3430 5149 beati
3459 5094 3621 5165 hujus
3646 5108 3822 5165 pater-

2236 5197 2362 5234 num
2391 5181 2635 5235 allectum
2668 5200 2681 5235 :
2714 5183 2814 5236 hac
2841 5184 3000 5237 etiam
3032 5185 3239 5237 ratione
3282 5185 3426 5254 ipsos
3467 5189 3780 5242 consolatur
3804 5230 3818 5254 ,

2236 5273 2323 5327 ubi
2356 5273 2715 5328 intellexerint
2761 5275 2811 5328 id
2844 5277 2895 5329 in
2946 5277 3114 5344 ipsius
3157 5279 3432 5333 voluntate
3480 5283 3640 5333 situm
3673 5297 3816 5342 esse,

2238 5381 2412 5434 neque
2443 5367 2510 5419 ab
2532 5365 2808 5418 hominum
2834 5367 3196 5436 improbitate,
3226 5373 3317 5424 sed
3348 5388 3378 5424 ιι
3408 5371 3500 5425 Dei
3534 5374 3817 5440 providens

2241 5458 2307 5510 tia
2336 5458 2620 5526 proﬁcisci.
2647 5458 2755 5512 Cur
2780 5473 2926 5528 ergo,
2954 5461 3146 5532 inquit,
3173 5477 3319 5517 mors
3347 5462 3502 5516 vobis
3526 5478 3815 5519 maerorem

2239 5549 2434 5602 affert?
2491 5549 2658 5603 imilto
2698 5549 2865 5603 satius
2904 5563 3020 5605 erat
3076 5554 3394 5622 jampridem
3446 5554 3745 5610 decessisse
3803 5570 3821 5607 ε

2243 5639 2461 5692 Dissolvi
2492 5641 2652 5705 enim,
2687 5640 2874 5708 inquit,
2892 5651 2936 5692 et
2954 5658 3060 5697 esse
3083 5661 3197 5697 cum
3227 5644 3424 5699 Christo
3453 5646 3822 5708 multomelius;

2246 5730 2334 5787 ili.
2367 5747 2565 5787 munere
2612 5733 2847 5787 autcmin
2873 5749 3026 5791 carne
3055 5740 3211 5807 magis
3253 5740 3586 5795 necessarium
3626 5748 3837 5807 propter
