4030 6204
437 544 734 600 ἀπελθόντα
749 544 846 596 σὺν
861 538 1081 610 Χριστῷ
1100 534 1260 594 εἶναι·
1279 538 1347 593 τά
1371 538 1508 610 μετά
1534 538 1783 602 θάνατον,
1811 537 2004 611 ήκαλά

437 630 471 701 ή
500 630 665 684 κακά.
694 628 786 699 Μὴ
814 627 992 681 τοίνυν
1019 625 1112 679 ἐπὶ
1149 628 1261 689 τοῖς
1286 626 1690 698 ἀποθνήσκουσι
1719 626 2002 695 πενθῶμεν

436 720 640 784 ἁπλῶς,
683 717 820 790 μηδὲ
851 716 945 771 επὶ
970 718 1085 780 τοῖς
1127 714 1263 781 ζῶσι
1305 716 1584 788 χαίρωμεν
1613 715 1832 779 ἀπλῶς·
1868 715 2005 769 ἀλλά

435 812 521 873 τίς
554 808 849 878 Πενθῶμεν
884 807 1012 871 τοὺς
1056 804 1415 877 ἁμαρτωλοὺς
1456 804 1530 877 μὴ
1564 805 2005 874 ἀποθνήσκοντας

441 902 617 972 μόνον,
650 900 790 954 ἀλλά
830 901 927 953 καὶ
971 897 1201 965 ζῶντας.
1235 896 1532 966 Χαίρωμεν
1565 896 1622 949 δὲ
1660 896 1753 948 ἐπὶ
1782 896 1894 957 τοῖς
1921 893 2003 946 δι·

438 993 640 1055 καίοις,
686 989 764 1062 μὴ
812 988 948 1055 ζῶσι
1009 988 1190 1060 μόνον,
1223 987 1361 1041 ἀλλά
1404 986 1497 1040 καὶ
1538 984 1999 1054 τετελευτηκόσιν.

448 1081 679 1135 Ἐκεῖνοι
716 1079 814 1150 μὲν
858 1077 967 1149 γὰρ
1004 1078 1099 1131 καὶ
1140 1075 1341 1141 ζῶντες
1381 1076 1725 1143 τεθνήκασιν,
1755 1069 1899 1127 οῦτοι
1946 1071 2005 1125 δὲ

437 1172 535 1226 καὶ
562 1170 924 1233 ἀποθανόντες
967 1169 1166 1233 ζῶσιν⁹
1214 1169 1410 1221 ἐκείνοι
1457 1166 1552 1219 καὶ
1592 1162 1823 1231 ἐνταῦθα
1854 1162 2007 1225 ὄντες

439 1262 665 1318 ἐλεεινοὶ
699 1260 864 1315 πᾶσίν
918 1262 1088 1323 εἰσιν,
1142 1257 1330 1327 ἐπειδὴ
1375 1255 1496 1326 Θεῷ
1539 1253 1965 1327 προσκρούουσιν
1988 1270 2003 1284 ·

438 1346 589 1407 οῦτοι
619 1355 717 1409 καὶ
757 1352 873 1404 ἐκεῖ
916 1349 1286 1419 μεταστάντες
1316 1346 1600 1417 μακάριοι,
1635 1345 1717 1398 δτι
1744 1342 1881 1415 πρὸς
1915 1343 2007 1395 τὸν

443 1441 682 1512 Χριστὸν
739 1439 1000 1511 ἀπῆλθον.
1053 1438 1117 1491 Ol
1175 1435 1517 1508 ἁμαρτωλοὶ,
1570 1435 1705 1488 ὃπου
1757 1433 1824 1487 ἂν
1866 1425 2004 1496 ὦσι,

446 1533 638 1604 πόρρω
659 1529 753 1584 τοῦ
785 1529 1051 1601 βασιλέως
1077 1527 1203 1583 είσί.
1234 1526 1334 1581 Διά
1363 1525 1521 1580 τοῦτο
1549 1524 1799 1597 δακρύων
1824 1524 1962 1591 ἀξιοι
1987 1541 2005 1557 ο

441 1625 498 1677 οί
530 1622 589 1677 δὲ
628 1622 847 1686 δίκαιοι,
888 1621 954 1674 ἀν
982 1637 1043 1674 τε
1081 1617 1333 1682 ἐνταῦθα,
1366 1616 1431 1672 ἀν
1468 1634 1526 1670 τε
1570 1617 1705 1681 ὲκεί,
1738 1614 1876 1686 μετά
1912 1614 2007 1667 τοῦ

443 1712 710 1784 βασιλέως
733 1712 843 1766 είσὶ
862 1752 878 1779 ,
919 1711 1082 1765 κάκεῖ
1113 1708 1313 1780 μᾶλλον
1346 1707 1440 1761 καὶ
1473 1705 1786 1777 ἐγγύτερον,
1819 1705 1880 1759 οὐ
1920 1704 2009 1758 διά

440 1804 615 1868 εἴδους
631 1813 673 1869 ⁸,
690 1803 752 1857 οὐ
768 1803 858 1857 διὰ
877 1802 1130 1867 πίστεως,
1149 1798 1304 1866 ἀλλά,
1324 1797 1672 1868 Πριῖσωπον,
1689 1796 1845 1868 φησὶ,
1861 1794 2010 1864 πρὸς

439 1895 783 1966 πρόσωπον.

513 2070 575 2124 δ’.
600 2069 695 2140 Μὴ
721 2068 899 2122 τοίνυν
927 2066 1113 2131 ἀπλῶς
1154 2067 1430 2137 κλαίωμεν
1452 2068 1579 2130 τοὺς
1605 2064 1973 2126 ἀποθανόντας
1990 2104 2007 2129 ,

442 2159 588 2213 ἀλλὰ
614 2159 742 2219 τοὺς
787 2157 845 2208 ὲν
876 2156 1206 2225 ἀμαρτίαις’
1239 2148 1388 2207 οὗτοι
1420 2152 1635 2222 θρήνων
1671 2150 1834 2216 ἄξιοι.
1866 2143 2012 2203 οὗτοι

445 2244 696 2301 κοπετῶν
725 2245 822 2299 καὶ
858 2243 1127 2317 δακρύων.
1182 2241 1319 2296 Ποία
1349 2240 1459 2312 γὰρ
1505 2240 1695 2304 ἐλπὶς,
1729 2237 1850 2292 είπέ
1890 2253 2011 2310 μοι,

441 2337 592 2408 μετά
626 2335 1035 2406 ἁμαρτημάτων
1071 2333 1347 2395 ἀπελθεῖν,
1375 2330 1500 2383 ἔνθα
1530 2330 1629 2383 οὐκ
1663 2329 1808 2383 εστιν
1838 2329 2015 2399 ἀμαρ-

438 2426 665 2496 τήθ-νατα
703 2420 1099 2489 ἀποδύσασθαι;
1141 2421 1288 2483 Ἕως
1321 2421 1418 2490 μὲν
1443 2418 1550 2489 7&9
1577 2410 1719 2488 ἦσαν
1760 2418 2009 2481 ἐνταῦθα,

440 2518 577 2579 ἴσως
605 2510 672 2585 ἦν
705 2512 855 2586 [217]
898 2510 1191 2583 προσδοκία
1222 2510 1412 2580 πολλὴ.
1440 2510 1521 2563 ὅτι
1562 2506 2009 2580 μεταϐαλοῦνται,

440 2610 531 2663 δτι
562 2605 803 2677 βελτίους
831 2603 1042 2656 ἔσονται
1064 2618 1078 2632 ·
1115 2603 1181 2656 ἂν
1209 2602 1268 2655 δδ
1294 2600 1600 2655 ἀπέλθωσιν
1631 2601 1709 2663 είς
1738 2600 1829 2653 τὸν
1860 2599 2010 2670 ᾅδην,

443 2695 582 2752 ἔνθα
605 2695 704 2748 οὐκ
732 2693 880 2746 ἔστιν
907 2692 1017 2745 ἀπὸ
1045 2691 1332 2761 μετανοίας
1365 2688 1621 2761 κερδᾶναί
1651 2706 1703 2743 τι
1745 2689 1875 2760 (Ἐν
1908 2689 2015 2760 7&9

441 2786 532 2854 τῷ
571 2786 709 2854 ᾄδῃ,
745 2784 899 2855 φησι,
929 2783 1021 2849 τίς
1051 2780 1557 2852 ἐξομολογήσεται
1587 2797 1685 2836 σοι
1701 2781 1767 2850 ;),
1800 2781 1916 2845 πῶς
1953 2782 2014 2834 οὐ

441 2878 662 2949 θρήνων
697 2875 868 2942 ἀξιοι;
903 2873 1195 2943 κλαίωμεν
1232 2873 1358 2935 τοὺς
1388 2870 1562 2933 οὓτως
1589 2870 2015 2942 ἀπερχομένους,

443 2969 512 3022 οὐ
542 2968 756 3031 κωλύω,
789 2965 1089 3036 κλαίωμεν,
1128 2961 1265 3016 ἀλλά
1300 2961 1374 3033 μὴ
1403 2962 1750 3032 ἀσχημόνως,
1784 2962 1859 3032 μὴ
1899 2963 2015 3032 τρί-

446 3077 555 3131 χας
598 3058 869 3122 τίλλοντες
888 3098 904 3122 ,
946 3057 1022 3129 μὴ
1050 3054 1346 3127 βραχίονας
1372 3052 1704 3125 γυμνοῦντες
1727 3092 1742 3116 ,
1784 3053 1858 3124 μή
1895 3053 2017 3123 ὄψιν

449 3149 895 3223 σπαράττοντες,
948 3146 1024 3218 μή
1069 3145 1584 3217 μελανειμονοῦντες
1606 3184 1622 3210 ,
1674 3144 1811 3220 ἀλλά
1861 3145 2019 3214 μόνον

450 3241 594 3296 κατά
616 3240 793 3311 ψυχὴν
822 3238 1005 3310 ήρέμα
1031 3236 1265 3309 δάκρυον
1287 3236 1538 3306 ἀφιέντες
1561 3235 1777 3306 πικρόν.
1802 3235 2018 3289 Ἐνεστι

451 3331 560 3401 7&9
583 3331 679 3385 καὶ⁵
708 3329 914 3400 ταύτης
936 3328 1108 3400 χωρὶς
1132 3327 1231 3398 τῆς
1268 3326 1491 3398 πομπῆς
1523 3324 1753 3379 κλαῦσαι
1782 3325 2017 3397 πικρῶς,

454 3424 554 3478 καὶ
586 3424 661 3495 μὴ
687 3421 877 3486 παῖξαι
910 3419 1067 3491 μόνον
1091 3435 1106 3449 ο
1143 3417 1410 3486 παιγνίων
1434 3416 1544 3487 7&9
1571 3415 1724 3469 οὐδὲν
1748 3415 2019 3486 διενήνοχε

456 3514 526 3568 τὰ
555 3514 660 3567 ὐπό
705 3528 869 3566 τινων
912 3509 1193 3580 γινόμενα.
1248 3507 1359 3561 Καὶ
1403 3507 1512 3577 γὰρ
1559 3507 1620 3559 οὐ
1681 3506 2025 3576 συμπαθείας

469 3603 658 3656 εκεῐνοι
682 3603 732 3656 οι
758 3600 979 3655 κοπετοὶ
1003 3601 1052 3653 οί
1077 3599 1164 3652 ἔπ’
1188 3599 1415 3669 ἀγορᾶς,
1443 3596 1559 3650 ἀλλ’
1589 3596 1902 3661 ἐπιδείξεως
1927 3596 2021 3648 καὶ

472 3690 774 3761 φιλοτιμίας
801 3688 898 3741 καὶ
940 3686 1236 3751 κενοδοξίας
1274 3685 1381 3739 είσί
1402 3702 1417 3715 ο
1462 3684 1656 3739 πολλαὶ
1703 3684 1793 3739 διὰ
1826 3685 2022 3755 τέχνην

470 3778 624 3835 τοῦτο
670 3777 964 3833 ποιοῦνται.
1017 3776 1262 3831 Κλαῦσον
1313 3775 1542 3846 πικρὸν,
1602 3773 1855 3838 στέναξον
1900 3775 2020 3828 κατ’

461 3869 669 3934 οἰκίαν,
721 3867 948 3940 μηδενὸς
988 3866 1218 3938 δρῶντος
1240 3881 1255 3895 ·
1296 3866 1455 3919 τοῦτο
1501 3865 1843 3936 συμπαθείας
1874 3866 2017 3931 ἐστὶ,

457 3960 616 4015 τοῦτο
643 3961 740 4014 καὶ
776 3958 836 4012 σὲ
874 3958 1090 4027 ὠφελεῖ.
1148 3956 1205 4011 '0
1232 3959 1343 4029 7&9
1380 3958 1589 4010 ἐκεῖνον
1619 3956 1831 4011 πενθῶν
1857 3957 2018 4023 οὕτω,

459 4051 638 4124 πολλῷ
664 4050 867 4122 μᾶλλον
894 4048 1055 4111 αὐτὸς
1088 4046 1377 4101 σπουδάσει
1405 4047 1670 4118 μηδέποτε
1696 4050 1809 4112 τοῖς
1839 4048 2023 4111 αὐτοῖς

458 4144 814 4216 περιπεσεῖνο
866 4139 1071 4211 φοϐερά
1104 4155 1186 4192 σοι
1231 4137 1381 4191 ἔσται
1431 4140 1465 4209 ή
1518 4139 1763 4209 ἁμαρτία
1815 4139 2019 4193 λοιπόν.

459 4233 705 4288 Κλαῦσον
728 4232 855 4294 τούς
882 4228 1168 4292 ἀπίστους,
1211 4226 1445 4282 κλαῦσον
1466 4228 1592 4290 τοὺς
1621 4227 1773 4280 οὐδὲν
1800 4228 2022 4280 ἐκείνων

456 4325 786 4395 ἀπέχοντας,
819 4321 947 4383 τοὺς
993 4318 1162 4390 χωρὶς
1194 4316 1541 4388 φωτίσματος
1577 4318 2019 4389 ἀπερχομένους,

458 4416 580 4479 τούς
608 4416 776 4486 χωρὶς
829 4413 1122 4483 σφραγῖδος
1141 4427 1157 4442 ο
1193 4403 1341 4464 οὗτοι
1386 4409 1555 4473 ὅντως
1588 4409 1802 4480 θρήνων
1845 4407 2019 4474 ἄξιοι,

463 4495 607 4555 οὗτοι
649 4500 932 4573 ὀδυρμῶν
973 4500 1080 4564 ἔξω
1106 4498 1214 4552 τῶν
1245 4496 1530 4568 βασιλείων
1575 4496 1684 4549 είσὶ
1734 4496 1874 4566 μετά
1914 4496 2022 4549 τῶν

469 4590 791 4656 καταδίκων,
835 4588 973 4662 μετά
1013 4587 1121 4642 τῶν
1161 4585 1644 4657 κατεγνωσμένων.
1691 4583 1878 4654 Ἀμὴν
1913 4584 2022 4654 γὰρ

465 4679 619 4749 λέγω
643 4679 808 4748 ὑμῖν,
849 4679 961 4734 ἐὰν
996 4678 1084 4749 μή
1119 4695 1208 4744 τις
1251 4676 1513 4748 γεννηθῇ
1554 4675 1624 4741 ἐξ
1661 4675 1877 4744 ὕδατος
1922 4676 2022 4730 καὶ

462 4771 815 4838 πνεύματος,
844 4771 917 4823 οὐ
933 4769 1020 4838 μὴ
1040 4768 1287 4836 εἰσέλθῃ
1305 4769 1393 4834 είς
1417 4767 1533 4837 τὴν
1545 4768 1877 4833 βασιλείαν
1905 4765 2024 4821 τῶν

455 4859 748 4930 οὐρανῶν.
779 4858 1029 4913 κλαῦσον
1053 4859 1179 4923 τοὺς
1206 4859 1265 4912 ὲν
1306 4858 1519 4930 πλούτῳ
1544 4858 2021 4928 τετελευτηκότας,

458 4950 553 5005 καὶ
604 4948 876 5021 μηδεμίαν
918 4947 1028 5003 ἀπδ
1071 4948 1169 5002 τοῦ
1220 4948 1453 5003 πλούτου
1501 4948 1855 5020 παραμυθίαν
1902 4949 2023 5012 ταῖς

453 5041 665 5094 ἑαυτῶν
697 5038 899 5109 ψυχαῖς
945 5038 1342 5105 ιπινοήσαντας
1356 5079 1372 5103 ,
1404 5039 1531 5101 τοὺς
1575 5037 1841 5103 λαϐόντας
1871 5039 2025 5104 ἐξου-

455 5130 583 5185 σίαν
608 5128 1016 5184 ἀπολούσασθαι
1052 5127 1235 5184 αὐτῶν
1271 5129 1341 5183 τά
1366 5128 1758 5199 ἁμαρτήματα,
1803 5129 1900 5183 καὶ
1947 5129 2024 5201 μὴ

450 5221 840 5293 βουληθέντας.
878 5219 1115 5283 Τούτους
1138 5220 1421 5291 κλαίωμεν
1464 5220 1562 5273 καὶ⁸
1599 5220 1708 5291 ἰδίᾳ
1745 5221 1839 5274 καὶ
1869 5224 2023 5292 κοινῇ

448 5311 679 5375 πάντες,
715 5308 855 5364 ἀλλά
899 5308 1039 5379 μετά
1066 5308 1449 5380 κοσμιότητος,
1488 5305 1625 5361 ἀλλά
1666 5305 1806 5377 μετά
1832 5306 2026 5375 σεμνό-

518 5571 550 5604 ³
571 5569 698 5622 Εὐίιί
720 5570 910 5622 habent
933 5571 988 5620 οὐ
1011 5569 1089 5619 διὰ
1112 5571 1319 5620 εἰσόδου.
1345 5567 1559 5620 Smilius
1581 5567 1847 5630 legenduim
1867 5563 2029 5630 ευξρῇ-

442 5637 593 5693 ειειιιε
613 5639 689 5682 est
731 5633 787 5682 οὐ
810 5634 870 5681 δι’
908 5633 1157 5693 ἐσόπτρου.
1193 5632 1370 5682 Veram
1405 5628 1666 5681 lectionem
1694 5629 1876 5691 profert
1918 5628 2027 5675 Cul-

446 5691 682 5746 trutinas
702 5694 862 5745 codex
893 5693 949 5742 οὐ
974 5691 1240 5748 διὰέῑδους.

1242 333 1309 389 IN
1349 332 1564 391 EPIST.
1604 332 1697 388 AD
1728 332 2015 389 PHILIPP.
2051 329 2207 387 CAP.
2247 333 2292 391 1.
2329 331 2562 390 ιιονιι..
2602 332 2689 389 Ill.

438 452 760 520 κολάζεσθαι
782 469 796 483 ·
839 450 959 506 οὐδὶ
998 446 1161 503 καλὸν
1202 451 1231 503 ό
1262 448 1511 514 θάνατος,
1549 448 1685 503 ἀλλά
1734 447 1899 502 καλὸν
1934 444 1997 500 τδ
2040 468 2055 488 ι

2102 462 2295 516 τητος,
2343 445 2477 501 ἀλλά
2526 445 2604 517 μὴ
2651 445 2790 499 ῶστε
2837 445 3360 519 παραδειγματίζειν
3414 451 3660 519 ἑαυτούς.

2100 535 2333 601 Τούτους
2360 538 2635 608 κλαίωμεν
2670 538 2744 609 μὴ
2786 538 2916 609 μίαν
2943 538 3175 609 ἡμέραν,
3217 541 3350 612 μηδὲ
3379 541 3659 614 δευτέραν,

2098 626 2234 682 ἀλλά
2258 627 2351 680 τὸν
2378 627 2556 682 πάντα
2581 628 2695 699 βίον
2727 627 2902 699 ήμῶν.
2948 628 3118 682 Τοῦτο
3166 630 3267 683 οὐκ
3307 630 3423 685 ἐστι
3458 635 3662 698 πάθους

2099 714 2294 782 ἀλόγου
2322 714 2383 767 τὺ
2402 714 2657 786 δάκρυον,
2688 716 2823 770 ἀλλά
2847 716 3227 788 φιλοστοργίας
3246 735 3260 748 ·
3283 721 3458 775 έκεῖνο
3482 722 3538 776 δὲ
3562 724 3665 777 πά-

2101 802 2226 867 θους
2258 804 2453 874 ἀλόγου
2476 820 2489 833 ·
2518 804 2606 858 διά
2634 806 2790 859 τοῦτο
2814 807 2908 861 καὶ
2932 808 3142 878 ταχέως
3168 809 3471 866 σϐέννυται.
3499 812 3665 867 Ὅταν

2103 892 2209 965 γὰρ
2238 893 2329 948 διά
2359 894 2452 948 τὸν
2473 894 2566 948 τοῦ
2594 895 2730 949 Θεοῦ
2764 897 2928 965 φόϐον
2949 898 3188 968 γίνηται,
3221 899 3307 953 ἀεὶ
3336 901 3663 972 παραμένει.

2102 984 2394 1056 Κλαίωμεν
2420 980 2513 1040 οὖν
2542 986 2783 1053 τούτους,
2813 987 3097 1059 βοηθῶμεν
3127 992 3310 1055 αὐτοῖς
3339 993 3479 1046 κατά
3507 993 3667 1048 δύνα-

2106 1090 2220 1144 μιν,
2242 1076 2618 1147 ἐπινοήσωμεν
2643 1077 2828 1142 αὐτοῖς
2857 1096 2978 1133 τινα
3008 1079 3277 1152 βοήθειαν,
3310 1083 3513 1155 μικρὰν
3544 1085 3666 1156 μὲν,

2105 1162 2318 1233 βοηθεῖν
2354 1164 2411 1219 δὲ
2457 1166 2605 1236 ὅμως
2645 1166 2969 1239 δυναμένην.
3004 1170 3126 1233 Πῶς
3171 1171 3265 1225 καὶ
3304 1172 3412 1227 τίνι
3443 1176 3667 1246 τρόπῳ;

2101 1251 2263 1304 Αὐτοί
2293 1269 2351 1306 τε
2393 1253 2706 1325 εὐχόμενοι,
2738 1257 2830 1310 καὶ
2862 1258 3081 1329 ἐτέρους
3110 1262 3554 1330 παρακαλοῦντες
3581 1264 3670 1316 εὐ-

2102 1339 2203 1408 χάς
2223 1340 2361 1412 ὑπὲρ
2380 1341 2558 1396 αὐτῶν
2578 1344 2863 1411 ποιεῖσθαι,
2888 1345 3112 1416 πένησιν
3142 1347 3282 1420 ὑπὲρ
3306 1350 3483 1404 αὐτῶν
3502 1352 3670 1406 διδόν-

2102 1448 2193 1495 τες
2237 1431 2496 1503 συνεχῶς.
2534 1434 2686 1504 Ἔχει
2729 1436 2850 1491 τινά
2886 1438 2948 1491 τὸ
2998 1441 3232 1511 πρᾶγμα
3272 1442 3623 1514 παραμυθίαν
3652 1462 3666 1474 ·

2103 1521 2266 1575 ἀκουε
2292 1522 2401 1594 7&9
2426 1522 2520 1577 τοῦ
2546 1523 2680 1578 Θεου
2707 1525 2956 1595 λέγοντος
2980 1544 2994 1559 ·
3033 1528 3404 1598 Ὑπερασπιῶ
3430 1531 3539 1601 τῆς
3564 1535 3670 1588 πό-

2102 1615 2254 1679 λεως
2273 1614 2493 1682 ταύτης
2506 1613 2583 1669 δι’
2597 1614 2721 1684 ἐμὲ,
2745 1616 2843 1670 καὶ
2857 1617 2955 1672 διὰ
2968 1619 3150 1673 Δαυΐδ
3169 1622 3274 1677 τόν
3292 1623 3519 1681 δοῦλόν
3526 1644 3668 1696 μου.

2106 1701 2167 1754 Et
2205 1703 2389 1774 μνήμη
2432 1705 2591 1775 μόνον
2618 1705 2829 1761 δικαίου
2865 1709 3118 1765 τοσοῦτον
3155 1713 3391 1787 ἴσχυσεν,
3423 1718 3551 1772 ὅταν
3578 1722 3672 1773 καὶ

2106 1788 2244 1859 ἔργα
2273 1792 2498 1862 γένηται
2541 1793 2682 1865 ὑπὲρ
2725 1795 2911 1864 αὐτοῦ,
2959 1798 3077 1862 πῶς
3121 1801 3219 1855 οὐκ
3272 1805 3512 1874 ἰσχύσεις
3557 1809 3671 1862 Οὐκ

2107 1881 2229 1952 είκῆ
2258 1879 2431 1936 ταῦτα
2462 1883 2824 1959 ἐνομοθετήθη
2857 1888 2963 1942 ὐπὸ
2984 1890 3093 1944 τῶν
3127 1893 3459 1959 ἀποστόλων,
3491 1898 3554 1952 τὸ
3580 1899 3674 1952 ἐπὶ

2105 1971 2213 2024 τῶν
2238 1972 2479 2042 φρικτῶν
2510 1976 2824 2047 μυστηρίων
2856 1980 3077 2051 μνήμην
3101 1981 3348 2049 γίνεσθαι
3371 1984 3478 2038 τῶν
3501 1986 3673 2041 ἀπελ-

2104 2058 2305 2115 θόντων
2327 2077 2341 2091 ⁸
2369 2061 2548 2118 ῐσασιν
2566 2066 2750 2131 αὐτοῖς
2765 2068 2899 2121 πολύ
2920 2069 3108 2139 κέρδος
3140 2072 3445 2143 γινόμενον,
3473 2076 3674 2147 πολλὴν

2104 2153 2203 2223 τὴν
2233 2153 2523 2224 ὠφέλειαν.
2549 2157 2716 2210 ὀταν
2741 2157 2850 2229 γὰρ
2877 2160 3082 2233 ἑστήκῃ
3102 2161 3229 2225 λαὸς
3248 2163 3443 2234 όλόκλη
3453 2183 3544 2236 ρος
3564 2171 3675 2237 χεῖ-

2108 2257 2208 2311 ρας
2238 2242 2627 2307 ἀνατείνοντες,
2646 2245 2916 2317 πλήρωμα
2944 2248 3236 2320 Ιερατικδν,
3257 2253 3350 2306 καὶ
3370 2254 3674 2325 προκέηται

2108 2331 2142 2399 ἡ
2211 2333 2413 2403 φρικτὴ
2495 2333 2689 2400 θυσία,
2748 2335 2865 2400 πῶς
2919 2338 2981 2391 οὐ
3060 2338 3455 2413 δυσωπήσομεν
3533 2346 3675 2412 ὑπὲρ

2108 2423 2313 2476 τούτων
2377 2422 2528 2497 [218]
2585 2425 2678 2479 τὸν
2754 2426 2886 2482 Θεὸν
2954 2430 3401 2500 παρακαλοῦντες
3444 2450 3459 2499 ;
3514 2434 3675 2490 Ἀλλά

2106 2509 2265 2563 τοῦτο
2309 2511 2409 2580 μὲν
2465 2514 2595 2582 περὶ
2646 2514 2754 2568 τῶν
2811 2517 2869 2568 ὲν
2922 2516 3100 2571 πίστει
3147 2520 3523 2591 παρελθόντων
3560 2539 3575 2554 ⁸
3621 2526 3671 2576 οἱ

2106 2599 2165 2653 δὲ
2226 2602 2625 2673 κατηχούμενοι
2696 2605 2818 2659 οὐδὲ
2882 2607 3087 2678 ταύτης
3137 2608 3521 2675 καταξιοῦνται
3574 2614 3676 2685 τῆς

2109 2692 2480 2762 παραμυθίας,
2506 2694 2639 2747 ἀλλά
2693 2696 3092 2768 ἀπεστέρηνται
3147 2701 3327 2771 πάσης
3358 2703 3456 2772 τῆς
3487 2703 3674 2757 τοιαύ-

2106 2797 2208 2852 της
2275 2781 2546 2853 βοηθείας,
2606 2786 2745 2857 πλήν
2794 2790 2922 2858 μιᾶς
2974 2807 3140 2854 τινος.
3210 2792 3375 2858 Ποίας
3419 2795 3482 2864 δὴ
3545 2795 3673 2851 ταύο

2108 2887 2250 2941 της;
2295 2873 2513 2927 Ἔνεστι
2562 2875 2789 2947 πένησιν
2846 2879 2986 2950 ὐπέρ
3035 2882 3215 2935 αὐτῶν
3264 2885 3495 2940 διδόναι·
3536 2892 3678 2943 ποιεῖ

2111 2979 2233 3016 τινα
2281 2963 2465 3029 αὐτοῖς
2510 2966 2833 3038 παραψυχὴν
2870 2969 2930 3022 τὸ
2978 2973 3209 3041 πρᾶγμα
3238 2991 3252 3004 ·
3280 2976 3372 3028 καὶ
3396 2978 3505 3050 γὰρ
3546 2982 3675 3051 παρ’

2110 3054 2357 3127 ἀλλήλων
2382 3058 2529 3128 ἡμᾶς
2555 3057 2881 3128 ὡφελεῖσθαι
2930 3060 3178 3130 βούλεται
3219 3066 3247 3115 ὁ
3289 3066 3441 3132 Θεός.
3491 3069 3588 3124 Διά
3625 3071 3677 3123 τί

2112 3145 2220 3217 γὰρ
2242 3146 2384 3218 ὑπὲρ
2419 3149 2645 3220 εἰρήνης
2696 3151 2790 3203 καὶ
2838 3152 3155 3217 εὐσταθείας
3184 3155 3276 3209 τοῦ
3308 3158 3513 3228 κόσμου
3555 3162 3678 3215 ἐκέ-

2112 3236 2305 3291 λευσεν
2352 3238 2610 3308 εὐχεσθαι
2643 3257 2659 3303 ;
2691 3240 2780 3293 διά
2820 3241 2872 3294 τί
2915 3239 3054 3313 ὅπερ
3086 3244 3305 3299 πάντων
3329 3248 3631 3319 ἀνθρώπων
3662 3272 3676 3319 ς

2115 3328 2306 3382 Καίτοι
2323 3345 2386 3397 γε
2415 3329 2650 3384 ἐνταῦθα
2677 3332 2735 3383 έν
2768 3331 2935 3385 πᾶσίν
2956 3334 3064 3386 είσι
3091 3336 3185 3388 καὶ
3208 3336 3402 3408 λῃσταὶ
3421 3342 3517 3394 καὶ
3539 3360 3678 3413 τυμ-

2118 3416 2352 3488 βωρύχοι
2379 3418 2473 3471 καὶ
2509 3418 2759 3487 κλέπται,
2795 3421 2891 3475 καὶ
2918 3421 3127 3491 μυρίων
3162 3426 3348 3480 κακῶν
3376 3429 3637 3499 γέμοντες
3664 3451 3676 3464 ·

2115 3504 2231 3557 ἀλλ’
2272 3505 2422 3575 ὅμως
2470 3504 2612 3576 ὐπὲρ
2653 3507 2871 3564 πάντων
2903 3512 3173 3582 εὐχόμεθα
3201 3532 3214 3546 -
3249 3514 3376 3581 ἴσως
3404 3519 3510 3590 γὰρ
3530 3520 3680 3576 ἔσται

2115 3610 2196 3656 τις
2218 3593 2399 3648 αὐτῶν
2424 3595 2749 3667 ἐπιστροφή.
2782 3598 2990 3670 Ὥσπερ
3020 3597 3114 3654 οὖν
3144 3603 3281 3674 ὑπὲρ
3323 3605 3430 3659 τῶν
3464 3607 3680 3672 ζώντων

2117 3682 2386 3753 εὐχόμεθα
2416 3683 2526 3737 τῶν
2551 3685 2702 3739 οὐδὲν
2727 3685 3153 3745 διαλλαττόντων
3179 3692 3287 3746 τῶν
3314 3696 3524 3764 νεκρῶν
3548 3737 3562 3761 .
3585 3698 3680 3752 οὐ·

2114 3790 2223 3837 τως
2252 3773 2428 3830 ἔνεστι
2449 3775 2545 3829 καὶ
2574 3776 2714 3847 ὑπὲρ
2742 3777 2965 3834 ἐκείνων
2980 3780 3257 3852 εὐχεσθαι.
3290 3786 3348 3839 Ὀ
3393 3788 3508 3840 Ἰὼϐ
3543 3791 3681 3860 ὑπὲρ

2115 3864 2225 3918 τῶν
2254 3864 2460 3919 παίδων
2502 3864 2936 3933 ἑποίει,θυσὶας,
2982 3871 3076 3922 καὶ
3120 3871 3458 3941 ἀπήλλαττεν
3485 3877 3680 3938 αὐτοὺς

2116 3954 2223 4009 τῶν
2245 3956 2657 4027 ἁμαρτημάτων
2681 3942 2823 4022 (Μή
2852 3973 2996 4010 ποτε
3026 3960 3389 4026 ἐνενόησαν,
3425 3964 3557 4031 φησὶ
3580 4005 3594 4026 ,
3627 3968 3683 4019 τι

2115 4045 2185 4100 ἐν
2212 4045 2289 4115 τῇ
2330 4046 2541 4115 καρδίᾳ
2571 4045 2791 4101 αὐτῶν.
2821 4045 2977 4099 Οὕτω
3005 4063 3090 4110 τις
3116 4053 3420 4119 προνοεῖται
3452 4055 3679 4109 παίδων.

2117 4138 2231 4190 Οὐκ
2296 4133 2438 4203 εἷπε,
2485 4136 2738 4206 καθάπερ
2763 4137 2813 4188 οἱ
2844 4135 3027 4188 πολλοὶ
3078 4136 3186 4189 τῶν
3210 4139 3304 4192 νῦν
3337 4140 3638 4211 ἀνθρώπων
3667 4164 3680 4177 ·

2118 4227 2444 4280 Καταλείπω
2482 4227 2663 4290 αὐτοῖς
2690 4226 3002 4297 ὑπάρχοντα
3025 4240 3040 4255 ’
3079 4229 3178 4281 οὐκ
3198 4225 3339 4282 εἷπε’
3384 4233 3469 4285 Δῶ
3501 4236 3683 4300 αὐτοῖς

2117 4318 2309 4378 δόξαν
2341 4319 2442 4370 οὐκ
2493 4313 2668 4370 εἶπενο
2714 4317 2913 4387 ’Λρχὴν
2964 4316 3246 4390 ὠνήσομαι
3274 4337 3287 4351 ·
3338 4325 3439 4378 οὐκ
3492 4323 3681 4381 εἶπεν·

2129 4410 2358 4480 Ἀγροὺς
2414 4408 2662 4478 πρίωμαι
2688 4423 2703 4438 ⁸
2739 4407 2875 4461 ἀλλά
2930 4408 3011 4473 τίς
3042 4411 3135 4476 Μή
3165 4428 3218 4464 τι
3255 4413 3590 4483 ἐνενόησαν
3615 4422 3685 4473 ἐν

2119 4500 2194 4569 τῇ
2243 4498 2455 4567 καρδίᾳ
2502 4496 2731 4552 αὐτῶν.
2762 4498 2827 4551 Τί
2849 4498 2957 4570 γὰρ
2994 4500 3186 4568 ὄφελος
3214 4503 3436 4558 ἐκείνων
3466 4510 3683 4563 πάντων

2120 4588 2351 4645 ἐνταῦθα
2408 4587 2722 4659 μενόντων;
2779 4588 2964 4642 οὐδέν.
3025 4592 3127 4644 Τὸν
3180 4593 3410 4649 Βασιλέα
3469 4598 3686 4653 πάντων

2121 4683 2278 4736 ἵλεων
2307 4681 2536 4751 ποιήσω,
2567 4680 2752 4749 φησὶν,
2783 4680 2983 4746 αὐτοῖς,
3013 4682 3107 4736 καὶ
3126 4683 3277 4737 οὐδὲν
3305 4686 3487 4751 αὐτοῖς
3510 4688 3685 4742 λείπει

2119 4770 2306 4824 λοιπόν
2340 4786 2354 4800 ’
2390 4770 2607 4838 Κύριος
2641 4770 2769 4841 7&9,
2814 4770 2967 4840 φησὶ,
3002 4775 3297 4842 ποιμαίνει
3318 4793 3429 4844 με,
3460 4778 3556 4831 καὶ
3581 4782 3685 4833 οὐ·

2119 4862 2227 4917 δέν
2247 4879 2320 4933 με
2343 4862 2682 4930 ὑστερήσει.
2715 4856 2881 4925 Οὗτος
2907 4863 3134 4927 πλοῦτος
3185 4865 3378 4935 μέγας,
3401 4862 3553 4933 οὗτος
3585 4870 3683 4939 οη-

2123 4954 2324 5025 σαυρός
2358 4968 2373 4981 ’
2402 4952 2471 5007 ἀν
2525 4953 2615 5006 τὸν
2648 4952 2741 5006 τοῦ
2793 4952 2929 5006 Θεοῦ
2987 4953 3152 5023 φόϐον
3188 4954 3402 5025 ἔχωμεν
3423 4998 3438 5022 ,
3470 4960 3681 5024 οὐδενὸς

2122 5046 2253 5116 ήμϊν
2279 5045 2360 5099 δεῖ
2386 5060 2401 5075 ⁶
2431 5044 2498 5099 ἂν
2527 5045 2586 5099 δὲ
2605 5045 2763 5098 τοῦτο
2796 5045 2874 5115 μή
2899 5044 3132 5115 ἔχωμεν,
3164 5048 3256 5099 καὶ
3277 5049 3378 5117 τὴν
3403 5050 3683 5118 βασιλείαν

2122 5134 2291 5205 αὐτὴν
2322 5134 2416 5188 ὲάν
2446 5134 2679 5203 ἔχωμεν,
2713 5134 2934 5188 πάντων
2962 5133 3126 5203 ἐσμὲν
3150 5138 3489 5208 πενέστεροι.
3520 5143 3684 5195 Οὐδὲν

2124 5225 2238 5277 ίσον
2280 5222 2375 5275 τοῦ
2415 5222 2751 5291 φοϐουμένου
2797 5222 2890 5276 τὸν
2935 5223 3173 5294 Κύριονο
3222 5224 3275 5277 '0
3318 5231 3503 5296 φόϐος
3553 5233 3686 5302 γὰρ,

2124 5310 2259 5380 φησὶ
2287 5348 2303 5374 ,
2333 5308 2427 5363 τοῦ
2460 5310 2665 5381 Κυρίου
2699 5309 2898 5363 πάντα
2937 5309 3286 5378 ὑπερέϐαλε.
3321 5316 3519 5369 Τουτον
3551 5334 3687 5386 κτη-

2126 5399 2368 5469 σώμεθα,
2402 5399 2543 5469 ὑπὲρ
2570 5399 2760 5453 τούτου
2812 5399 2988 5454 πάντα
3033 5401 3363 5472 πράττωμεν
3393 5419 3408 5432 '
3444 5406 3547 5457 κᾶν
3591 5407 3689 5476 τὴν

2123 5491 2302 5560 ψυχὴν
2335 5489 2626 5543 ἀποδόσθαι
2671 5490 2763 5560 δέῃ
2787 5529 2802 5552 ,
2838 5491 2911 5561 μὴ
2947 5492 3280 5563 φεισώμεθα,
3314 5494 3413 5546 κᾶν
3442 5496 3501 5546 τὸ
3533 5498 3691 5567 σῶμα

2127 5581 2430 5650 κατακόψαι
2458 5596 2473 5610 ·
2513 5581 2688 5634 πάντα
2726 5580 3072 5651 πράττωμεν,
3095 5584 3183 5635 ἵνα
3210 5582 3303 5634 τοῦ
3324 5584 3484 5649 φόϐου
3503 5586 3688 5643 τούτου

2131 5669 2495 5739 ἐπιτύχωμεν.
2541 5668 2695 5721 Οῦτω
2737 5669 2840 5738 7&9
2880 5671 3114 5740 ἐσόμεθα
3137 5669 3354 5724 πάντων
3389 5672 3691 5742 037109031:-
