  <div class='ocr_page' id='page_1' title='image "/cluster/home/n/w/nwhite01/storage/ocr_20150623/62/mdp.39015008622626/211.png"; bbox 0 0 4030 6204; ppageno 0'>
   <div class='ocr_carea' id='block_1_1' title="bbox 360 339 468 400">
    <p class='ocr_par' dir='ltr' id='par_1_1' title="bbox 360 339 468 400">
     <span class='ocr_line' id='line_1_1' title="bbox 360 339 468 400; baseline -0.046 0"><span class='ocrx_word' id='word_1_1' title='bbox 360 339 468 400; x_wconf 74' lang='grc' dir='ltr'>’Ζθδ</span> 
     </span>
    </p>
   </div>
   <div class='ocr_carea' id='block_1_2' title="bbox 362 444 1930 523">
    <p class='ocr_par' dir='ltr' id='par_1_2' title="bbox 362 444 1930 523">
     <span class='ocr_line' id='line_1_2' title="bbox 362 444 1930 523; baseline -0.006 -18"><span class='ocrx_word' id='word_1_2' title='bbox 362 467 533 523; x_wconf 85' lang='grc' dir='ltr'>τεροι,</span> <span class='ocrx_word' id='word_1_3' title='bbox 566 451 661 504; x_wconf 75' lang='grc' dir='ltr'>καὶ</span> <span class='ocrx_word' id='word_1_4' title='bbox 709 448 820 503; x_wconf 89' lang='grc' dir='ltr'>τῶν</span> <span class='ocrx_word' id='word_1_5' title='bbox 846 447 1152 520; x_wconf 86' lang='grc' dir='ltr'>μελλόντων-</span> <span class='ocrx_word' id='word_1_6' title='bbox 1176 446 1570 517; x_wconf 79' lang='grc' dir='ltr'>ἐπιτευξόμεθα</span> <span class='ocrx_word' id='word_1_7' title='bbox 1615 444 1835 515; x_wconf 80' lang='grc' dir='ltr'>ἀγαθῶν</span> <span class='ocrx_word' id='word_1_8' title='bbox 1871 446 1930 497; x_wconf 86' lang='grc' dir='ltr'>ἐν</span> 
     </span>
    </p>
   </div>
   <div class='ocr_carea' id='block_1_3' title="bbox 364 529 1932 609">
    <p class='ocr_par' dir='ltr' id='par_1_3' title="bbox 364 529 1932 609">
     <span class='ocr_line' id='line_1_3' title="bbox 364 529 1932 609; baseline -0.004 -18"><span class='ocrx_word' id='word_1_9' title='bbox 364 536 584 609; x_wconf 80' lang='grc' dir='ltr'>Χριστῷ</span> <span class='ocrx_word' id='word_1_10' title='bbox 625 534 799 607; x_wconf 81' lang='grc' dir='ltr'>Ἰησοῦ</span> <span class='ocrx_word' id='word_1_11' title='bbox 854 533 931 605; x_wconf 83' lang='grc' dir='ltr'>τῷ</span> <span class='ocrx_word' id='word_1_12' title='bbox 980 534 1169 604; x_wconf 82' lang='grc' dir='ltr'>Κυρίῳ</span> <span class='ocrx_word' id='word_1_13' title='bbox 1200 532 1386 603; x_wconf 84' lang='grc' dir='ltr'>ήμῶν,</span> <span class='ocrx_word' id='word_1_14' title='bbox 1417 534 1536 603; x_wconf 82' lang='grc' dir='ltr'>μεθ’</span> <span class='ocrx_word' id='word_1_15' title='bbox 1562 529 1624 589; x_wconf 80' lang='grc' dir='ltr'>οῦ</span> <span class='ocrx_word' id='word_1_16' title='bbox 1654 533 1730 604; x_wconf 79' lang='grc' dir='ltr'>τῷ</span> <span class='ocrx_word' id='word_1_17' title='bbox 1757 533 1932 602; x_wconf 85' lang='grc' dir='ltr'>Πατρ“ι</span> 
     </span>
    </p>
   </div>
   <div class='ocr_carea' id='block_1_4' title="bbox 1030 332 2866 393">
    <p class='ocr_par' dir='ltr' id='par_1_4' title="bbox 1030 332 2866 393">
     <span class='ocr_line' id='line_1_4' title="bbox 1030 332 2866 393; baseline 0.001 -1"><span class='ocrx_word' id='word_1_18' title='bbox 1030 337 1087 393; x_wconf 89' lang='lat' dir='ltr'>S.</span> <span class='ocrx_word' id='word_1_19' title='bbox 1120 336 1403 393; x_wconf 76' lang='lat' dir='ltr'>JOANNIS</span> <span class='ocrx_word' id='word_1_20' title='bbox 1438 333 1919 392; x_wconf 70' lang='lat' dir='ltr'>CIIRYSOSTOMI</span> <span class='ocrx_word' id='word_1_21' title='bbox 1957 332 2276 390; x_wconf 67' lang='lat' dir='ltr'>AIKCHIEP.</span> <span class='ocrx_word' id='word_1_22' title='bbox 2319 334 2866 393; x_wconf 80' lang='lat' dir='ltr'>CONSTANTINOP.</span> 
     </span>
    </p>
   </div>
   <div class='ocr_carea' id='block_1_5' title="bbox 3487 339 3592 397">
    <p class='ocr_par' dir='ltr' id='par_1_5' title="bbox 3487 339 3592 397">
     <span class='ocr_line' id='line_1_5' title="bbox 3487 339 3592 397; baseline 0 0"><span class='ocrx_word' id='word_1_23' title='bbox 3487 339 3592 397; x_wconf 69' lang='lat'>206</span> 
     </span>
    </p>
   </div>
   <div class='ocr_carea' id='block_1_6' title="bbox 2037 443 3595 519">
    <p class='ocr_par' dir='ltr' id='par_1_6' title="bbox 2037 443 3595 519">
     <span class='ocr_line' id='line_1_6' title="bbox 2037 443 3595 519; baseline 0.004 -23"><span class='ocrx_word' id='word_1_24' title='bbox 2037 443 2155 513; x_wconf 77' lang='grc' dir='ltr'>ἅμα</span> <span class='ocrx_word' id='word_1_25' title='bbox 2201 443 2280 514; x_wconf 83' lang='grc' dir='ltr'>τῷ</span> <span class='ocrx_word' id='word_1_26' title='bbox 2307 444 2449 515; x_wconf 82' lang='grc' dir='ltr'>ἁγίῳ</span> <span class='ocrx_word' id='word_1_27' title='bbox 2477 445 2756 516; x_wconf 87' lang='grc' dir='ltr'>Πνεύματι</span> <span class='ocrx_word' id='word_1_28' title='bbox 2775 446 2918 513; x_wconf 81' lang='grc' dir='ltr'>δόξα,</span> <span class='ocrx_word' id='word_1_29' title='bbox 2940 448 3163 519; x_wconf 86' lang='grc' dir='ltr'>κράτος,</span> <span class='ocrx_word' id='word_1_30' title='bbox 3199 448 3351 519; x_wconf 80' lang='grc' dir='ltr'>τιμὴ,</span> <span class='ocrx_word' id='word_1_31' title='bbox 3381 446 3476 504; x_wconf 87' lang='grc' dir='ltr'>νῦν</span> <span class='ocrx_word' id='word_1_32' title='bbox 3502 451 3595 505; x_wconf 79' lang='grc' dir='ltr'>καὶ</span> 
     </span>
    </p>
   </div>
   <div class='ocr_carea' id='block_1_7' title="bbox 2035 530 3380 605">
    <p class='ocr_par' dir='ltr' id='par_1_7' title="bbox 2035 530 3380 605">
     <span class='ocr_line' id='line_1_7' title="bbox 2035 530 3380 605; baseline 0.007 -22"><span class='ocrx_word' id='word_1_33' title='bbox 2035 530 2142 593; x_wconf 77' lang='grc' dir='ltr'>ἀεὶ,</span> <span class='ocrx_word' id='word_1_34' title='bbox 2172 531 2264 583; x_wconf 72' lang='grc' dir='ltr'>καὶ</span> <span class='ocrx_word' id='word_1_35' title='bbox 2297 531 2376 594; x_wconf 91' lang='grc' dir='ltr'>εἰς</span> <span class='ocrx_word' id='word_1_36' title='bbox 2401 532 2528 595; x_wconf 83' lang='grc' dir='ltr'>τοὺς</span> <span class='ocrx_word' id='word_1_37' title='bbox 2549 531 2749 596; x_wconf 77' lang='grc' dir='ltr'>αἰῶνας</span> <span class='ocrx_word' id='word_1_38' title='bbox 2771 532 2880 586; x_wconf 88' lang='grc' dir='ltr'>τῶν</span> <span class='ocrx_word' id='word_1_39' title='bbox 2908 534 3136 590; x_wconf 88' lang='grc' dir='ltr'>αίώνων.</span> <span class='ocrx_word' id='word_1_40' title='bbox 3187 536 3380 605; x_wconf 79' lang='grc' dir='ltr'>Ἀμήν.</span> 
     </span>
    </p>
   </div>
   <div class='ocr_carea' id='block_1_8' title="bbox 1708 948 2252 1023">
    <p class='ocr_par' dir='ltr' id='par_1_8' title="bbox 1708 948 2252 1023">
     <span class='ocr_line' id='line_1_8' title="bbox 1708 948 2252 1023; baseline -0.007 -21"><span class='ocrx_word' id='word_1_41' title='bbox 1708 948 1858 1023; x_wconf 71' lang='lat'>[219]</span> <span class='ocrx_word' id='word_1_42' title='bbox 1901 952 2138 1007; x_wconf 69' lang='lat' dir='ltr'>omum</span> <span class='ocrx_word' id='word_1_43' title='bbox 2179 950 2252 1001; x_wconf 75' lang='lat' dir='ltr'>A’.</span> 
     </span>
    </p>
   </div>
   <div class='ocr_carea' id='block_1_9' title="bbox 364 1106 1933 1177">
    <p class='ocr_par' dir='ltr' id='par_1_9' title="bbox 364 1106 1933 1177">
     <span class='ocr_line' id='line_1_9' title="bbox 364 1106 1933 1177; baseline -0.001 -15"><span class='ocrx_word' id='word_1_44' title='bbox 364 1106 469 1166; x_wconf 76' lang='grc' dir='ltr'>Καὶ</span> <span class='ocrx_word' id='word_1_45' title='bbox 504 1107 564 1169; x_wconf 67' lang='grc' dir='ltr'>τι</span> <span class='ocrx_word' id='word_1_46' title='bbox 591 1107 929 1177; x_wconf 75' lang='grc' dir='ltr'>αἱρήσομαι.</span> <span class='ocrx_word' id='word_1_47' title='bbox 956 1106 1041 1177; x_wconf 7' lang='grc' dir='ltr'>,οὐ</span> <span class='ocrx_word' id='word_1_48' title='bbox 1079 1106 1350 1177; x_wconf 72' lang='grc' dir='ltr'>γνωρίζω.</span> <span class='ocrx_word' id='word_1_49' title='bbox 1382 1109 1718 1176; x_wconf 86' lang='grc' dir='ltr'>Συνέχομαι</span> <span class='ocrx_word' id='word_1_50' title='bbox 1758 1107 1826 1160; x_wconf 86' lang='grc' dir='ltr'>δὲ</span> <span class='ocrx_word' id='word_1_51' title='bbox 1864 1108 1933 1161; x_wconf 84' lang='grc' dir='ltr'>ἐκ</span> 
     </span>
    </p>
   </div>
   <div class='ocr_carea' id='block_1_10' title="bbox 430 1175 1935 1245">
    <p class='ocr_par' dir='ltr' id='par_1_10' title="bbox 430 1175 1935 1245">
     <span class='ocr_line' id='line_1_10' title="bbox 430 1175 1935 1245; baseline -0.001 -14"><span class='ocrx_word' id='word_1_52' title='bbox 430 1177 553 1231; x_wconf 84' lang='grc' dir='ltr'>τῶν</span> <span class='ocrx_word' id='word_1_53' title='bbox 606 1175 738 1237; x_wconf 88' lang='grc' dir='ltr'>δύο,</span> <span class='ocrx_word' id='word_1_54' title='bbox 783 1177 898 1241; x_wconf 82' lang='grc' dir='ltr'>τὴν</span> <span class='ocrx_word' id='word_1_55' title='bbox 940 1175 1259 1245; x_wconf 66' lang='grc' dir='ltr'>ἐπιθυμίαν</span> <span class='ocrx_word' id='word_1_56' title='bbox 1306 1176 1464 1245; x_wconf 77' lang='grc' dir='ltr'>ἔχων</span> <span class='ocrx_word' id='word_1_57' title='bbox 1512 1175 1624 1242; x_wconf 13' lang='lat' dir='ltr'>silc,</span> <span class='ocrx_word' id='word_1_58' title='bbox 1664 1177 1732 1230; x_wconf 84' lang='grc' dir='ltr'>τὸ</span> <span class='ocrx_word' id='word_1_59' title='bbox 1791 1177 1935 1245; x_wconf 81' lang='grc' dir='ltr'>ἁνα-</span> 
     </span>
    </p>
   </div>
   <div class='ocr_carea' id='block_1_11' title="bbox 432 1242 1932 1314">
    <p class='ocr_par' dir='ltr' id='par_1_11' title="bbox 432 1242 1932 1314">
     <span class='ocr_line' id='line_1_11' title="bbox 432 1242 1932 1314; baseline -0.001 -14"><span class='ocrx_word' id='word_1_60' title='bbox 432 1246 619 1300; x_wconf 78' lang='grc' dir='ltr'>λῦσαι</span> <span class='ocrx_word' id='word_1_61' title='bbox 648 1245 745 1314; x_wconf 77' lang='grc' dir='ltr'>καὶ</span> <span class='ocrx_word' id='word_1_62' title='bbox 773 1245 896 1297; x_wconf 87' lang='grc' dir='ltr'>σὺν</span> <span class='ocrx_word' id='word_1_63' title='bbox 924 1242 1154 1314; x_wconf 77' lang='grc' dir='ltr'>Χριστῷ</span> <span class='ocrx_word' id='word_1_64' title='bbox 1183 1242 1376 1299; x_wconf 52' lang='grc' dir='ltr'>εἶναιῖ</span> <span class='ocrx_word' id='word_1_65' title='bbox 1409 1246 1619 1310; x_wconf 81' lang='grc' dir='ltr'>πολλῷ</span> <span class='ocrx_word' id='word_1_66' title='bbox 1643 1245 1752 1314; x_wconf 67' lang='grc' dir='ltr'>γὰρ</span> <span class='ocrx_word' id='word_1_67' title='bbox 1782 1243 1932 1313; x_wconf 82' lang='grc' dir='ltr'>μᾶλ-</span> 
     </span>
    </p>
   </div>
   <div class='ocr_carea' id='block_1_12' title="bbox 431 1312 1931 1383">
    <p class='ocr_par' dir='ltr' id='par_1_12' title="bbox 431 1312 1931 1383">
     <span class='ocr_line' id='line_1_12' title="bbox 431 1312 1931 1383; baseline -0.001 -15"><span class='ocrx_word' id='word_1_68' title='bbox 431 1319 550 1383; x_wconf 83' lang='grc' dir='ltr'>λον</span> <span class='ocrx_word' id='word_1_69' title='bbox 592 1312 900 1382; x_wconf 78' lang='grc' dir='ltr'>κρεῖσσον.</span> <span class='ocrx_word' id='word_1_70' title='bbox 944 1312 1025 1383; x_wconf 40' lang='grc' dir='ltr'>-Τὸ</span> <span class='ocrx_word' id='word_1_71' title='bbox 1083 1313 1167 1383; x_wconf 41' lang='grc' dir='ltr'>δὲ-</span> <span class='ocrx_word' id='word_1_72' title='bbox 1199 1314 1503 1383; x_wconf 85' lang='grc' dir='ltr'>ἐπιμένειν</span> <span class='ocrx_word' id='word_1_73' title='bbox 1531 1316 1600 1368; x_wconf 84' lang='grc' dir='ltr'>ἐν</span> <span class='ocrx_word' id='word_1_74' title='bbox 1623 1312 1931 1383; x_wconf 72' lang='grc' dir='ltr'>τῇσαρκί,</span> 
     </span>
    </p>
   </div>
   <div class='ocr_carea' id='block_1_13' title="bbox 433 1381 1935 1451">
    <p class='ocr_par' dir='ltr' id='par_1_13' title="bbox 433 1381 1935 1451">
     <span class='ocr_line' id='line_1_13' title="bbox 433 1381 1935 1451; baseline -0.003 -13"><span class='ocrx_word' id='word_1_75' title='bbox 433 1381 896 1451; x_wconf 74' lang='grc' dir='ltr'>ἀναγκαιότερον</span> <span class='ocrx_word' id='word_1_76' title='bbox 931 1381 1029 1451; x_wconf 42' lang='grc' dir='ltr'>διδ</span> <span class='ocrx_word' id='word_1_77' title='bbox 1056 1381 1232 1451; x_wconf 84' lang='grc' dir='ltr'>ὑμᾶς.</span> <span class='ocrx_word' id='word_1_78' title='bbox 1287 1381 1396 1438; x_wconf 76' lang='grc' dir='ltr'>Καὶ</span> <span class='ocrx_word' id='word_1_79' title='bbox 1427 1384 1603 1437; x_wconf 87' lang='grc' dir='ltr'>τοῦτο</span> <span class='ocrx_word' id='word_1_80' title='bbox 1635 1381 1935 1447; x_wconf 81' lang='grc' dir='ltr'>πεποιθὼς</span> 
     </span>
    </p>
   </div>
   <div class='ocr_carea' id='block_1_14' title="bbox 434 1449 1931 1522">
    <p class='ocr_par' dir='ltr' id='par_1_14' title="bbox 434 1449 1931 1522">
     <span class='ocr_line' id='line_1_14' title="bbox 434 1449 1931 1522; baseline -0.003 -16"><span class='ocrx_word' id='word_1_81' title='bbox 434 1449 599 1517; x_wconf 82' lang='grc' dir='ltr'>οῖδα,</span> <span class='ocrx_word' id='word_1_82' title='bbox 617 1450 715 1522; x_wconf 19' lang='grc' dir='ltr'>*ὅτι</span> <span class='ocrx_word' id='word_1_83' title='bbox 728 1449 912 1522; x_wconf 60' lang='grc' dir='ltr'>μενῶ,</span> <span class='ocrx_word' id='word_1_84' title='bbox 941 1450 1038 1504; x_wconf 79' lang='grc' dir='ltr'>καί</span> <span class='ocrx_word' id='word_1_85' title='bbox 1076 1449 1516 1522; x_wconf 70' lang='grc' dir='ltr'>συμπαραμενῶ</span> <span class='ocrx_word' id='word_1_86' title='bbox 1545 1451 1897 1522; x_wconf 32' lang='grc' dir='ltr'>πᾶσινᾼύμῖν</span> <span class='ocrx_word' id='word_1_87' title='bbox 1917 1493 1931 1518; x_wconf 86' lang='grc'>,</span> 
     </span>
    </p>
   </div>
   <div class='ocr_carea' id='block_1_15' title="bbox 433 1519 1935 1591">
    <p class='ocr_par' dir='ltr' id='par_1_15' title="bbox 433 1519 1935 1591">
     <span class='ocr_line' id='line_1_15' title="bbox 433 1519 1935 1591; baseline -0.001 -15"><span class='ocrx_word' id='word_1_88' title='bbox 433 1524 523 1587; x_wconf 75' lang='grc' dir='ltr'>είς</span> <span class='ocrx_word' id='word_1_89' title='bbox 569 1519 907 1591; x_wconf 36' lang='grc' dir='ltr'>τὴνςύμῶν</span> <span class='ocrx_word' id='word_1_90' title='bbox 951 1519 1291 1591; x_wconf 69' lang='grc' dir='ltr'>προκοπὴν</span> <span class='ocrx_word' id='word_1_91' title='bbox 1321 1519 1422 1591; x_wconf 62' lang='grc' dir='ltr'>καί</span> <span class='ocrx_word' id='word_1_92' title='bbox 1469 1521 1663 1591; x_wconf 83' lang='grc' dir='ltr'>χαρὰν</span> <span class='ocrx_word' id='word_1_93' title='bbox 1692 1519 1804 1588; x_wconf 77' lang='grc' dir='ltr'>τῆς</span> <span class='ocrx_word' id='word_1_94' title='bbox 1839 1521 1935 1591; x_wconf 73' lang='grc' dir='ltr'>πί-</span> 
     </span>
    </p>
   </div>
   <div class='ocr_carea' id='block_1_16' title="bbox 434 1588 1935 1658">
    <p class='ocr_par' dir='ltr' id='par_1_16' title="bbox 434 1588 1935 1658">
     <span class='ocr_line' id='line_1_16' title="bbox 434 1588 1935 1658; baseline -0.001 -15"><span class='ocrx_word' id='word_1_95' title='bbox 434 1604 659 1658; x_wconf 63' lang='grc' dir='ltr'>στεωςζ</span> <span class='ocrx_word' id='word_1_96' title='bbox 697 1588 799 1642; x_wconf 75' lang='grc' dir='ltr'>ινα</span> <span class='ocrx_word' id='word_1_97' title='bbox 847 1589 912 1658; x_wconf 84' lang='grc' dir='ltr'>τὸ</span> <span class='ocrx_word' id='word_1_98' title='bbox 944 1588 1227 1658; x_wconf 83' lang='grc' dir='ltr'>καύχημα</span> <span class='ocrx_word' id='word_1_99' title='bbox 1265 1590 1432 1658; x_wconf 86' lang='grc' dir='ltr'>ὑμῶν</span> <span class='ocrx_word' id='word_1_100' title='bbox 1470 1588 1803 1658; x_wconf 65' lang='grc' dir='ltr'>περισσεύῃ</span> <span class='ocrx_word' id='word_1_101' title='bbox 1864 1590 1935 1642; x_wconf 81' lang='grc' dir='ltr'>ἐν</span> 
     </span>
    </p>
   </div>
   <div class='ocr_carea' id='block_1_17' title="bbox 435 1657 1933 1735">
    <p class='ocr_par' dir='ltr' id='par_1_17' title="bbox 435 1657 1933 1735">
     <span class='ocr_line' id='line_1_17' title="bbox 435 1657 1933 1735; baseline -0.004 -22"><span class='ocrx_word' id='word_1_102' title='bbox 435 1657 673 1735; x_wconf 67' lang='grc' dir='ltr'>Χριστῷ</span> <span class='ocrx_word' id='word_1_103' title='bbox 705 1657 899 1735; x_wconf 71' lang='grc' dir='ltr'>ἰῃσοῦ</span> <span class='ocrx_word' id='word_1_104' title='bbox 915 1659 1010 1735; x_wconf 65' lang='grc' dir='ltr'>⁸ἐν</span> <span class='ocrx_word' id='word_1_105' title='bbox 1032 1657 1162 1730; x_wconf 74' lang='grc' dir='ltr'>ἐμοὶ</span> <span class='ocrx_word' id='word_1_106' title='bbox 1183 1658 1281 1714; x_wconf 81' lang='grc' dir='ltr'>διὰ</span> <span class='ocrx_word' id='word_1_107' title='bbox 1303 1657 1412 1729; x_wconf 74' lang='grc' dir='ltr'>τῆς</span> <span class='ocrx_word' id='word_1_108' title='bbox 1431 1657 1579 1730; x_wconf 83' lang='grc' dir='ltr'>ἐμῆς</span> <span class='ocrx_word' id='word_1_109' title='bbox 1597 1657 1933 1729; x_wconf 62' lang='grc' dir='ltr'>παρουσίας</span> 
     </span>
    </p>
   </div>
   <div class='ocr_carea' id='block_1_18' title="bbox 435 1726 996 1797">
    <p class='ocr_par' dir='ltr' id='par_1_18' title="bbox 435 1726 996 1797">
     <span class='ocr_line' id='line_1_18' title="bbox 435 1726 996 1797; baseline -0.004 -15"><span class='ocrx_word' id='word_1_110' title='bbox 435 1726 623 1783; x_wconf 77' lang='grc' dir='ltr'>πάλιν</span> <span class='ocrx_word' id='word_1_111' title='bbox 648 1726 800 1795; x_wconf 84' lang='grc' dir='ltr'>πρὸς</span> <span class='ocrx_word' id='word_1_112' title='bbox 821 1726 996 1797; x_wconf 85' lang='grc' dir='ltr'>ὑμᾶς.</span> 
     </span>
    </p>
   </div>
   <div class='ocr_carea' id='block_1_19' title="bbox 432 1884 1933 1959">
    <p class='ocr_par' dir='ltr' id='par_1_19' title="bbox 432 1884 1933 1959">
     <span class='ocr_line' id='line_1_19' title="bbox 432 1884 1933 1959; baseline 0 -19"><span class='ocrx_word' id='word_1_113' title='bbox 432 1892 502 1941; x_wconf 84' lang='grc' dir='ltr'>α’.</span> <span class='ocrx_word' id='word_1_114' title='bbox 521 1885 687 1940; x_wconf 75' lang='grc' dir='ltr'>Οὐδὲν</span> <span class='ocrx_word' id='word_1_115' title='bbox 711 1886 810 1956; x_wconf 84' lang='grc' dir='ltr'>τῆς</span> <span class='ocrx_word' id='word_1_116' title='bbox 838 1884 1055 1940; x_wconf 83' lang='grc' dir='ltr'>Παύλου</span> <span class='ocrx_word' id='word_1_117' title='bbox 1085 1886 1266 1958; x_wconf 72' lang='grc' dir='ltr'>ψυχῆς</span> <span class='ocrx_word' id='word_1_118' title='bbox 1293 1885 1722 1959; x_wconf 84' lang='grc' dir='ltr'>μακαριώτερον,</span> <span class='ocrx_word' id='word_1_119' title='bbox 1747 1885 1933 1957; x_wconf 84' lang='grc' dir='ltr'>ἐπειδὴ</span> 
     </span>
    </p>
   </div>
   <div class='ocr_carea' id='block_1_20' title="bbox 369 1972 1935 2044">
    <p class='ocr_par' dir='ltr' id='par_1_20' title="bbox 369 1972 1935 2044">
     <span class='ocr_line' id='line_1_20' title="bbox 369 1972 1935 2044; baseline 0.001 -18"><span class='ocrx_word' id='word_1_120' title='bbox 369 1973 504 2044; x_wconf 64' lang='grc' dir='ltr'>μηδὲ</span> <span class='ocrx_word' id='word_1_121' title='bbox 559 1973 951 2044; x_wconf 85' lang='grc' dir='ltr'>γενναιότερον.</span> <span class='ocrx_word' id='word_1_122' title='bbox 995 1973 1157 2027; x_wconf 87' lang='grc' dir='ltr'>Ἀλλὰ</span> <span class='ocrx_word' id='word_1_123' title='bbox 1190 1973 1285 2027; x_wconf 88' lang='grc' dir='ltr'>νῦν</span> <span class='ocrx_word' id='word_1_124' title='bbox 1316 1974 1378 2027; x_wconf 83' lang='grc' dir='ltr'>τὸ</span> <span class='ocrx_word' id='word_1_125' title='bbox 1409 1973 1649 2028; x_wconf 85' lang='grc' dir='ltr'>ἐναντίον</span> <span class='ocrx_word' id='word_1_126' title='bbox 1680 1972 1935 2043; x_wconf 79' lang='grc' dir='ltr'>εὔκαιρον</span> 
     </span>
    </p>
   </div>
   <div class='ocr_carea' id='block_1_21' title="bbox 365 2061 1935 2133">
    <p class='ocr_par' dir='ltr' id='par_1_21' title="bbox 365 2061 1935 2133">
     <span class='ocr_line' id='line_1_21' title="bbox 365 2061 1935 2133; baseline -0.001 -18"><span class='ocrx_word' id='word_1_127' title='bbox 365 2062 541 2115; x_wconf 79' lang='grc' dir='ltr'>ιίπετν</span> <span class='ocrx_word' id='word_1_128' title='bbox 579 2061 710 2132; x_wconf 72' lang='grc' dir='ltr'>περὶ</span> <span class='ocrx_word' id='word_1_129' title='bbox 739 2061 958 2115; x_wconf 83' lang='grc' dir='ltr'>πάντων</span> <span class='ocrx_word' id='word_1_130' title='bbox 979 2077 991 2092; x_wconf 70' lang='grc' dir='ltr'><strong>ο</strong></span> <span class='ocrx_word' id='word_1_131' title='bbox 1026 2062 1176 2116; x_wconf 74' lang='grc' dir='ltr'>οὐδὲν</span> <span class='ocrx_word' id='word_1_132' title='bbox 1207 2062 1366 2133; x_wconf 85' lang='grc' dir='ltr'>ήμῶν</span> <span class='ocrx_word' id='word_1_133' title='bbox 1394 2062 1935 2133; x_wconf 84' lang='grc' dir='ltr'>ἀσθενέστερον,οὑδὲ</span> 
     </span>
    </p>
   </div>
   <div class='ocr_carea' id='block_1_22' title="bbox 365 2145 1935 2219">
    <p class='ocr_par' dir='ltr' id='par_1_22' title="bbox 365 2145 1935 2219">
     <span class='ocr_line' id='line_1_22' title="bbox 365 2145 1935 2219; baseline 0.001 -19"><span class='ocrx_word' id='word_1_134' title='bbox 365 2146 862 2219; x_wconf 83' lang='grc' dir='ltr'>ταλαιπωρότερον.</span> <span class='ocrx_word' id='word_1_135' title='bbox 892 2145 992 2200; x_wconf 92' lang='grc' dir='ltr'>Διά</span> <span class='ocrx_word' id='word_1_136' title='bbox 1040 2148 1196 2201; x_wconf 90' lang='grc' dir='ltr'>τοῦτο</span> <span class='ocrx_word' id='word_1_137' title='bbox 1240 2149 1438 2210; x_wconf 78' lang='grc' dir='ltr'>πάντες</span> <span class='ocrx_word' id='word_1_138' title='bbox 1465 2148 1809 2219; x_wconf 85' lang='grc' dir='ltr'>πεφρίκαμεν</span> <span class='ocrx_word' id='word_1_139' title='bbox 1844 2149 1935 2201; x_wconf 82' lang='grc' dir='ltr'>τὸν</span> 
     </span>
    </p>
   </div>
   <div class='ocr_carea' id='block_1_23' title="bbox 367 2232 1932 2306">
    <p class='ocr_par' dir='ltr' id='par_1_23' title="bbox 367 2232 1932 2306">
     <span class='ocr_line' id='line_1_23' title="bbox 367 2232 1932 2306; baseline 0.001 -20"><span class='ocrx_word' id='word_1_140' title='bbox 367 2232 595 2289; x_wconf 85' lang='grc' dir='ltr'>θάνατον</span> <span class='ocrx_word' id='word_1_141' title='bbox 623 2274 639 2299; x_wconf 92' lang='grc'>,</span> <span class='ocrx_word' id='word_1_142' title='bbox 664 2234 714 2286; x_wconf 86' lang='grc' dir='ltr'>οί</span> <span class='ocrx_word' id='word_1_143' title='bbox 747 2235 847 2304; x_wconf 75' lang='grc' dir='ltr'>μὲν</span> <span class='ocrx_word' id='word_1_144' title='bbox 899 2233 987 2287; x_wconf 81' lang='grc' dir='ltr'>διὰ</span> <span class='ocrx_word' id='word_1_145' title='bbox 1035 2234 1096 2288; x_wconf 79' lang='grc' dir='ltr'>τὸ</span> <span class='ocrx_word' id='word_1_146' title='bbox 1127 2234 1234 2289; x_wconf 86' lang='grc' dir='ltr'>τῶν</span> <span class='ocrx_word' id='word_1_147' title='bbox 1261 2235 1670 2306; x_wconf 83' lang='grc' dir='ltr'>ἁμαρτημάτων</span> <span class='ocrx_word' id='word_1_148' title='bbox 1709 2234 1932 2305; x_wconf 80' lang='grc' dir='ltr'>πλῆθος,</span> 
     </span>
    </p>
   </div>
   <div class='ocr_carea' id='block_1_24' title="bbox 365 2308 1932 2392">
    <p class='ocr_par' dir='ltr' id='par_1_24' title="bbox 365 2308 1932 2392">
     <span class='ocr_line' id='line_1_24' title="bbox 365 2308 1932 2392; baseline -0.001 -18"><span class='ocrx_word' id='word_1_149' title='bbox 365 2313 441 2374; x_wconf 78' lang='grc' dir='ltr'>ὧν</span> <span class='ocrx_word' id='word_1_150' title='bbox 474 2319 568 2375; x_wconf 77' lang='grc' dir='ltr'>καὶ</span> <span class='ocrx_word' id='word_1_151' title='bbox 601 2319 764 2382; x_wconf 80' lang='grc' dir='ltr'>αὐτὸς</span> <span class='ocrx_word' id='word_1_152' title='bbox 807 2314 887 2383; x_wconf 78' lang='grc' dir='ltr'>εἷς</span> <span class='ocrx_word' id='word_1_153' title='bbox 923 2321 1039 2391; x_wconf 81' lang='grc' dir='ltr'>είμι</span> <span class='ocrx_word' id='word_1_154' title='bbox 1061 2359 1077 2386; x_wconf 88' lang='grc'>,</span> <span class='ocrx_word' id='word_1_155' title='bbox 1102 2323 1150 2374; x_wconf 91' lang='grc' dir='ltr'>οί</span> <span class='ocrx_word' id='word_1_156' title='bbox 1176 2321 1232 2374; x_wconf 85' lang='grc' dir='ltr'>δὲ</span> <span class='ocrx_word' id='word_1_157' title='bbox 1247 2322 1333 2376; x_wconf 76' lang='grc' dir='ltr'>διὰ</span> <span class='ocrx_word' id='word_1_158' title='bbox 1355 2320 1452 2392; x_wconf 82' lang='grc' dir='ltr'>τὴν</span> <span class='ocrx_word' id='word_1_159' title='bbox 1478 2308 1808 2392; x_wconf 76' lang='grc' dir='ltr'>’φιλοψυχίαν</span> <span class='ocrx_word' id='word_1_160' title='bbox 1838 2321 1932 2375; x_wconf 79' lang='grc' dir='ltr'>καὶ</span> 
     </span>
    </p>
   </div>
   <div class='ocr_carea' id='block_1_25' title="bbox 366 2399 1930 2479">
    <p class='ocr_par' dir='ltr' id='par_1_25' title="bbox 366 2399 1930 2479">
     <span class='ocr_line' id='line_1_25' title="bbox 366 2399 1930 2479; baseline 0 -19"><span class='ocrx_word' id='word_1_161' title='bbox 366 2406 765 2478; x_wconf 78' lang='grc' dir='ltr'>ταλαιπωρίαν,</span> <span class='ocrx_word' id='word_1_162' title='bbox 795 2399 870 2461; x_wconf 82' lang='grc' dir='ltr'>ὧν</span> <span class='ocrx_word' id='word_1_163' title='bbox 892 2408 1104 2479; x_wconf 81' lang='grc' dir='ltr'>μήποτε</span> <span class='ocrx_word' id='word_1_164' title='bbox 1134 2408 1394 2478; x_wconf 80' lang='grc' dir='ltr'>γενοίμην</span> <span class='ocrx_word' id='word_1_165' title='bbox 1421 2406 1550 2477; x_wconf 84' lang='grc' dir='ltr'>ἐγώ·</span> <span class='ocrx_word' id='word_1_166' title='bbox 1581 2407 1805 2478; x_wconf 78' lang='grc' dir='ltr'>ψυχικοὶ</span> <span class='ocrx_word' id='word_1_167' title='bbox 1822 2408 1930 2476; x_wconf 90' lang='grc' dir='ltr'>γάρ</span> 
     </span>
    </p>
   </div>
   <div class='ocr_carea' id='block_1_26' title="bbox 364 2493 1932 2567">
    <p class='ocr_par' dir='ltr' id='par_1_26' title="bbox 364 2493 1932 2567">
     <span class='ocr_line' id='line_1_26' title="bbox 364 2493 1932 2567; baseline 0 -18"><span class='ocrx_word' id='word_1_168' title='bbox 364 2495 416 2549; x_wconf 87' lang='grc' dir='ltr'>οί</span> <span class='ocrx_word' id='word_1_169' title='bbox 451 2493 640 2552; x_wconf 88' lang='grc' dir='ltr'>τοῦτον</span> <span class='ocrx_word' id='word_1_170' title='bbox 669 2495 965 2560; x_wconf 83' lang='grc' dir='ltr'>δεδοικότες</span> <span class='ocrx_word' id='word_1_171' title='bbox 992 2497 1084 2551; x_wconf 82' lang='grc' dir='ltr'>τὸν</span> <span class='ocrx_word' id='word_1_172' title='bbox 1112 2496 1294 2567; x_wconf 89' lang='grc' dir='ltr'>φόϐον.</span> <span class='ocrx_word' id='word_1_173' title='bbox 1329 2495 1499 2551; x_wconf 85' lang='grc' dir='ltr'>Τοῦτο</span> <span class='ocrx_word' id='word_1_174' title='bbox 1526 2497 1724 2558; x_wconf 89' lang='grc' dir='ltr'>τοίνυν,</span> <span class='ocrx_word' id='word_1_175' title='bbox 1742 2495 1770 2549; x_wconf 84' lang='grc' dir='ltr'><strong>ὃ</strong></span> <span class='ocrx_word' id='word_1_176' title='bbox 1796 2496 1932 2549; x_wconf 78' lang='grc' dir='ltr'>πάν-</span> 
     </span>
    </p>
   </div>
   <div class='ocr_carea' id='block_1_27' title="bbox 363 2580 1932 2654">
    <p class='ocr_par' dir='ltr' id='par_1_27' title="bbox 363 2580 1932 2654">
     <span class='ocr_line' id='line_1_27' title="bbox 363 2580 1932 2654; baseline -0.001 -18"><span class='ocrx_word' id='word_1_177' title='bbox 363 2597 460 2646; x_wconf 73' lang='grc' dir='ltr'>τες</span> <span class='ocrx_word' id='word_1_178' title='bbox 502 2581 853 2654; x_wconf 80' lang='grc' dir='ltr'>πεφρίκαμεν</span> <span class='ocrx_word' id='word_1_179' title='bbox 878 2622 893 2647; x_wconf 92' lang='grc'>,</span> <span class='ocrx_word' id='word_1_180' title='bbox 926 2582 1134 2645; x_wconf 83' lang='grc' dir='ltr'>ἐκεῖνος</span> <span class='ocrx_word' id='word_1_181' title='bbox 1181 2580 1403 2653; x_wconf 78' lang='grc' dir='ltr'>ηὔχετο,</span> <span class='ocrx_word' id='word_1_182' title='bbox 1434 2582 1528 2636; x_wconf 78' lang='grc' dir='ltr'>καὶ</span> <span class='ocrx_word' id='word_1_183' title='bbox 1568 2581 1702 2653; x_wconf 79' lang='grc' dir='ltr'>πρὸς</span> <span class='ocrx_word' id='word_1_184' title='bbox 1729 2584 1932 2636; x_wconf 87' lang='grc' dir='ltr'>ἐκεῖνον</span> 
     </span>
    </p>
   </div>
   <div class='ocr_carea' id='block_1_28' title="bbox 362 2666 1934 2739">
    <p class='ocr_par' dir='ltr' id='par_1_28' title="bbox 362 2666 1934 2739">
     <span class='ocr_line' id='line_1_28' title="bbox 362 2666 1934 2739; baseline 0 -17"><span class='ocrx_word' id='word_1_185' title='bbox 362 2666 647 2739; x_wconf 74' lang='grc' dir='ltr'>ἠπείγετο,</span> <span class='ocrx_word' id='word_1_186' title='bbox 660 2670 729 2724; x_wconf 82' lang='grc' dir='ltr'>Τὸ</span> <span class='ocrx_word' id='word_1_187' title='bbox 738 2669 1062 2735; x_wconf 74' lang='grc' dir='ltr'>ἀναλῦσαι,</span> <span class='ocrx_word' id='word_1_188' title='bbox 1072 2670 1268 2738; x_wconf 86' lang='grc' dir='ltr'>λέγων,</span> <span class='ocrx_word' id='word_1_189' title='bbox 1281 2669 1488 2735; x_wconf 83' lang='grc' dir='ltr'>πολλῷ</span> <span class='ocrx_word' id='word_1_190' title='bbox 1499 2668 1735 2739; x_wconf 83' lang='grc' dir='ltr'>μᾶλλον</span> <span class='ocrx_word' id='word_1_191' title='bbox 1744 2670 1934 2738; x_wconf 70' lang='grc' dir='ltr'>κρεῖσυ</span> 
     </span>
    </p>
   </div>
   <div class='ocr_carea' id='block_1_29' title="bbox 363 2752 1930 2826">
    <p class='ocr_par' dir='ltr' id='par_1_29' title="bbox 363 2752 1930 2826">
     <span class='ocr_line' id='line_1_29' title="bbox 363 2752 1930 2826; baseline -0.001 -15"><span class='ocrx_word' id='word_1_192' title='bbox 363 2770 504 2822; x_wconf 87' lang='grc' dir='ltr'>σον,</span> <span class='ocrx_word' id='word_1_193' title='bbox 535 2755 634 2811; x_wconf 77' lang='grc' dir='ltr'>καί</span> <span class='ocrx_word' id='word_1_194' title='bbox 662 2756 719 2810; x_wconf 88' lang='grc' dir='ltr'>τί</span> <span class='ocrx_word' id='word_1_195' title='bbox 757 2755 1100 2826; x_wconf 76' lang='grc' dir='ltr'>αἱρήσομαι,</span> <span class='ocrx_word' id='word_1_196' title='bbox 1131 2758 1243 2811; x_wconf 84' lang='grc' dir='ltr'>οὐκ</span> <span class='ocrx_word' id='word_1_197' title='bbox 1266 2752 1418 2811; x_wconf 73' lang='grc' dir='ltr'>οἶδα.</span> <span class='ocrx_word' id='word_1_198' title='bbox 1447 2757 1513 2809; x_wconf 88' lang='grc' dir='ltr'>Τί</span> <span class='ocrx_word' id='word_1_199' title='bbox 1543 2756 1720 2825; x_wconf 90' lang='grc' dir='ltr'>λέγεις</span> <span class='ocrx_word' id='word_1_200' title='bbox 1745 2772 1759 2822; x_wconf 89' lang='grc'>;</span> <span class='ocrx_word' id='word_1_201' title='bbox 1800 2757 1930 2826; x_wconf 85' lang='grc' dir='ltr'>μέλ-</span> 
     </span>
    </p>
   </div>
   <div class='ocr_carea' id='block_1_30' title="bbox 363 2840 1927 2913">
    <p class='ocr_par' dir='ltr' id='par_1_30' title="bbox 363 2840 1927 2913">
     <span class='ocr_line' id='line_1_30' title="bbox 363 2840 1927 2913; baseline 0 -17"><span class='ocrx_word' id='word_1_202' title='bbox 363 2840 473 2898; x_wconf 83' lang='grc' dir='ltr'>λων</span> <span class='ocrx_word' id='word_1_203' title='bbox 498 2840 747 2896; x_wconf 83' lang='grc' dir='ltr'>ἐντεῦθεν</span> <span class='ocrx_word' id='word_1_204' title='bbox 776 2842 912 2912; x_wconf 82' lang='grc' dir='ltr'>πρὸς</span> <span class='ocrx_word' id='word_1_205' title='bbox 935 2842 1025 2895; x_wconf 79' lang='grc' dir='ltr'>τὸν</span> <span class='ocrx_word' id='word_1_206' title='bbox 1051 2842 1277 2913; x_wconf 82' lang='grc' dir='ltr'>οὐρανὸν</span> <span class='ocrx_word' id='word_1_207' title='bbox 1312 2841 1685 2912; x_wconf 78' lang='grc' dir='ltr'>μεθίστασθαι,</span> <span class='ocrx_word' id='word_1_208' title='bbox 1709 2845 1801 2896; x_wconf 76' lang='grc' dir='ltr'>καὶ</span> <span class='ocrx_word' id='word_1_209' title='bbox 1831 2859 1927 2913; x_wconf 84' lang='grc' dir='ltr'>με·</span> 
     </span>
    </p>
   </div>
   <div class='ocr_carea' id='block_1_31' title="bbox 362 2923 1932 3001">
    <p class='ocr_par' dir='ltr' id='par_1_31' title="bbox 362 2923 1932 3001">
     <span class='ocr_line' id='line_1_31' title="bbox 362 2923 1932 3001; baseline -0.002 -18"><span class='ocrx_word' id='word_1_210' title='bbox 362 2929 435 2983; x_wconf 89' lang='grc' dir='ltr'>τά</span> <span class='ocrx_word' id='word_1_211' title='bbox 461 2926 697 3001; x_wconf 76' lang='grc' dir='ltr'>Χριστοῦ</span> <span class='ocrx_word' id='word_1_212' title='bbox 743 2923 882 2981; x_wconf 77' lang='grc' dir='ltr'>εῖναι</span> <span class='ocrx_word' id='word_1_213' title='bbox 907 2965 923 2990; x_wconf 92' lang='grc'>,</span> <span class='ocrx_word' id='word_1_214' title='bbox 954 2927 1016 2979; x_wconf 86' lang='grc' dir='ltr'>οὐ</span> <span class='ocrx_word' id='word_1_215' title='bbox 1054 2926 1340 2998; x_wconf 78' lang='grc' dir='ltr'>γνωρίζεις</span> <span class='ocrx_word' id='word_1_216' title='bbox 1393 2926 1445 2981; x_wconf 86' lang='grc' dir='ltr'>τί</span> <span class='ocrx_word' id='word_1_217' title='bbox 1487 2927 1730 2999; x_wconf 80' lang='grc' dir='ltr'>αίρήσῃ;</span> <span class='ocrx_word' id='word_1_218' title='bbox 1769 2926 1932 2980; x_wconf 80' lang='grc' dir='ltr'>Ἀλλά</span> 
     </span>
    </p>
   </div>
   <div class='ocr_carea' id='block_1_32' title="bbox 363 3013 1931 3087">
    <p class='ocr_par' dir='ltr' id='par_1_32' title="bbox 363 3013 1931 3087">
     <span class='ocr_line' id='line_1_32' title="bbox 363 3013 1931 3087; baseline -0.002 -18"><span class='ocrx_word' id='word_1_219' title='bbox 363 3015 556 3087; x_wconf 78' lang='grc' dir='ltr'>πόρρω</span> <span class='ocrx_word' id='word_1_220' title='bbox 602 3015 704 3084; x_wconf 81' lang='grc' dir='ltr'>τῆς</span> <span class='ocrx_word' id='word_1_221' title='bbox 752 3014 968 3067; x_wconf 84' lang='grc' dir='ltr'>Παύλου</span> <span class='ocrx_word' id='word_1_222' title='bbox 1013 3013 1185 3067; x_wconf 90' lang='grc' dir='ltr'>ταῦτα</span> <span class='ocrx_word' id='word_1_223' title='bbox 1225 3014 1424 3083; x_wconf 79' lang='grc' dir='ltr'>ψυχῆς.</span> <span class='ocrx_word' id='word_1_224' title='bbox 1469 3013 1587 3066; x_wconf 87' lang='grc' dir='ltr'>Τίνι</span> <span class='ocrx_word' id='word_1_225' title='bbox 1621 3013 1729 3085; x_wconf 84' lang='grc' dir='ltr'>γὰρ</span> <span class='ocrx_word' id='word_1_226' title='bbox 1760 3015 1931 3077; x_wconf 78' lang='grc' dir='ltr'>εἴτις</span> 
     </span>
    </p>
   </div>
   <div class='ocr_carea' id='block_1_33' title="bbox 366 3095 1931 3167">
    <p class='ocr_par' dir='ltr' id='par_1_33' title="bbox 366 3095 1931 3167">
     <span class='ocr_line' id='line_1_33' title="bbox 366 3095 1931 3167; baseline -0.002 -14"><span class='ocrx_word' id='word_1_227' title='bbox 366 3095 490 3153; x_wconf 74' lang='grc' dir='ltr'>εἷπε</span> <span class='ocrx_word' id='word_1_228' title='bbox 525 3097 685 3152; x_wconf 87' lang='grc' dir='ltr'>τοῦτο</span> <span class='ocrx_word' id='word_1_229' title='bbox 710 3097 802 3150; x_wconf 74' lang='grc' dir='ltr'>καὶ</span> <span class='ocrx_word' id='word_1_230' title='bbox 826 3095 1271 3160; x_wconf 89' lang='grc' dir='ltr'>διεϐεϐαιώσατο,</span> <span class='ocrx_word' id='word_1_231' title='bbox 1301 3097 1401 3148; x_wconf 81' lang='grc' dir='ltr'>οὐκ</span> <span class='ocrx_word' id='word_1_232' title='bbox 1423 3095 1488 3149; x_wconf 81' lang='grc' dir='ltr'>ἂν</span> <span class='ocrx_word' id='word_1_233' title='bbox 1519 3096 1721 3161; x_wconf 84' lang='grc' dir='ltr'>εὐθέως</span> <span class='ocrx_word' id='word_1_234' title='bbox 1749 3098 1931 3167; x_wconf 77' lang='grc' dir='ltr'>ἥρπα-</span> 
     </span>
    </p>
   </div>
   <div class='ocr_carea' id='block_1_34' title="bbox 365 3182 1930 3255">
    <p class='ocr_par' dir='ltr' id='par_1_34' title="bbox 365 3182 1930 3255">
     <span class='ocr_line' id='line_1_34' title="bbox 365 3182 1930 3255; baseline -0.002 -15"><span class='ocrx_word' id='word_1_235' title='bbox 365 3201 464 3251; x_wconf 84' lang='grc' dir='ltr'>σε;</span> <span class='ocrx_word' id='word_1_236' title='bbox 492 3184 623 3248; x_wconf 77' lang='grc' dir='ltr'>Ναὶ,</span> <span class='ocrx_word' id='word_1_237' title='bbox 650 3183 814 3255; x_wconf 87' lang='grc' dir='ltr'>φησίν</span> <span class='ocrx_word' id='word_1_238' title='bbox 838 3199 852 3214; x_wconf 86' lang='grc'><strong>·</strong></span> <span class='ocrx_word' id='word_1_239' title='bbox 887 3182 1002 3236; x_wconf 89' lang='grc' dir='ltr'>ἀλλ’</span> <span class='ocrx_word' id='word_1_240' title='bbox 1028 3183 1215 3255; x_wconf 85' lang='grc' dir='ltr'>ὥσπερ</span> <span class='ocrx_word' id='word_1_241' title='bbox 1248 3184 1348 3237; x_wconf 87' lang='grc' dir='ltr'>οὐκ</span> <span class='ocrx_word' id='word_1_242' title='bbox 1368 3183 1515 3238; x_wconf 76' lang='grc' dir='ltr'>ἔστιν</span> <span class='ocrx_word' id='word_1_243' title='bbox 1533 3184 1689 3255; x_wconf 89' lang='grc' dir='ltr'>ήμῶν</span> <span class='ocrx_word' id='word_1_244' title='bbox 1717 3184 1778 3237; x_wconf 87' lang='grc' dir='ltr'>τὸ</span> <span class='ocrx_word' id='word_1_245' title='bbox 1797 3185 1930 3239; x_wconf 90' lang='grc' dir='ltr'>ἀνα-</span> 
     </span>
    </p>
   </div>
   <div class='ocr_carea' id='block_1_35' title="bbox 361 3264 1929 3342">
    <p class='ocr_par' dir='ltr' id='par_1_35' title="bbox 361 3264 1929 3342">
     <span class='ocr_line' id='line_1_35' title="bbox 361 3264 1929 3342; baseline -0.001 -17"><span class='ocrx_word' id='word_1_246' title='bbox 361 3271 518 3327; x_wconf 87' lang='grc' dir='ltr'>λῦσαι</span> <span class='ocrx_word' id='word_1_247' title='bbox 539 3273 632 3326; x_wconf 79' lang='grc' dir='ltr'>καὶ</span> <span class='ocrx_word' id='word_1_248' title='bbox 649 3272 744 3325; x_wconf 77' lang='grc' dir='ltr'>σὺν</span> <span class='ocrx_word' id='word_1_249' title='bbox 760 3269 980 3342; x_wconf 81' lang='grc' dir='ltr'>Χριστῷ</span> <span class='ocrx_word' id='word_1_250' title='bbox 1001 3264 1158 3323; x_wconf 77' lang='grc' dir='ltr'>εἶναι·</span> <span class='ocrx_word' id='word_1_251' title='bbox 1179 3268 1347 3334; x_wconf 78' lang='grc' dir='ltr'>οὕτως</span> <span class='ocrx_word' id='word_1_252' title='bbox 1368 3270 1489 3323; x_wconf 83' lang='grc' dir='ltr'>οὐδὲ</span> <span class='ocrx_word' id='word_1_253' title='bbox 1507 3270 1589 3335; x_wconf 82' lang='grc' dir='ltr'>τὸ,</span> <span class='ocrx_word' id='word_1_254' title='bbox 1607 3269 1780 3340; x_wconf 76' lang='grc' dir='ltr'>παρὸν</span> <span class='ocrx_word' id='word_1_255' title='bbox 1801 3270 1929 3324; x_wconf 87' lang='grc' dir='ltr'>τού-</span> 
     </span>
    </p>
   </div>
   <div class='ocr_carea' id='block_1_36' title="bbox 362 3356 1932 3428">
    <p class='ocr_par' dir='ltr' id='par_1_36' title="bbox 362 3356 1932 3428">
     <span class='ocr_line' id='line_1_36' title="bbox 362 3356 1932 3428; baseline -0.001 -16"><span class='ocrx_word' id='word_1_256' title='bbox 362 3369 458 3412; x_wconf 70' lang='grc' dir='ltr'>του</span> <span class='ocrx_word' id='word_1_257' title='bbox 477 3360 680 3427; x_wconf 80' lang='grc' dir='ltr'>τυχεῖν,</span> <span class='ocrx_word' id='word_1_258' title='bbox 706 3359 882 3428; x_wconf 81' lang='grc' dir='ltr'>μεῖναι</span> <span class='ocrx_word' id='word_1_259' title='bbox 905 3356 1139 3410; x_wconf 86' lang='grc' dir='ltr'>ἐνταῦθα</span> <span class='ocrx_word' id='word_1_260' title='bbox 1162 3356 1319 3428; x_wconf 85' lang='grc' dir='ltr'>ήμῶν</span> <span class='ocrx_word' id='word_1_261' title='bbox 1334 3374 1349 3389; x_wconf 88' lang='grc'><strong>·</strong></span> <span class='ocrx_word' id='word_1_262' title='bbox 1366 3357 1479 3411; x_wconf 81' lang='grc' dir='ltr'>ἀλλ’</span> <span class='ocrx_word' id='word_1_263' title='bbox 1497 3356 1932 3428; x_wconf 84' lang='grc' dir='ltr'>ἀμφότεραΠαύ-</span> 
     </span>
    </p>
   </div>
   <div class='ocr_carea' id='block_1_37' title="bbox 363 3440 1929 3515">
    <p class='ocr_par' dir='ltr' id='par_1_37' title="bbox 363 3440 1929 3515">
     <span class='ocr_line' id='line_1_37' title="bbox 363 3440 1929 3515; baseline 0 -18"><span class='ocrx_word' id='word_1_264' title='bbox 363 3443 456 3497; x_wconf 89' lang='grc' dir='ltr'>λου</span> <span class='ocrx_word' id='word_1_265' title='bbox 513 3442 608 3498; x_wconf 81' lang='grc' dir='ltr'>καὶ</span> <span class='ocrx_word' id='word_1_266' title='bbox 650 3443 752 3512; x_wconf 85' lang='grc' dir='ltr'>τῆς</span> <span class='ocrx_word' id='word_1_267' title='bbox 799 3443 1006 3497; x_wconf 88' lang='grc' dir='ltr'>ἐκείνου</span> <span class='ocrx_word' id='word_1_268' title='bbox 1056 3443 1255 3515; x_wconf 79' lang='grc' dir='ltr'>ψυχῆς.</span> <span class='ocrx_word' id='word_1_269' title='bbox 1287 3442 1353 3497; x_wconf 90' lang='grc' dir='ltr'>Τί</span> <span class='ocrx_word' id='word_1_270' title='bbox 1404 3443 1627 3512; x_wconf 84' lang='grc' dir='ltr'>λέγεις;</span> <span class='ocrx_word' id='word_1_271' title='bbox 1665 3440 1812 3507; x_wconf 73' lang='grc' dir='ltr'>οἶδας</span> <span class='ocrx_word' id='word_1_272' title='bbox 1836 3445 1929 3497; x_wconf 77' lang='grc' dir='ltr'>καὶ</span> 
     </span>
    </p>
   </div>
   <div class='ocr_carea' id='block_1_38' title="bbox 365 3527 1928 3600">
    <p class='ocr_par' dir='ltr' id='par_1_38' title="bbox 365 3527 1928 3600">
     <span class='ocr_line' id='line_1_38' title="bbox 365 3527 1928 3600; baseline 0.001 -18"><span class='ocrx_word' id='word_1_273' title='bbox 365 3530 749 3591; x_wconf 75' lang='grc' dir='ltr'>πέπεισαι,δτι</span> <span class='ocrx_word' id='word_1_274' title='bbox 780 3529 918 3598; x_wconf 89' lang='grc' dir='ltr'>μετά</span> <span class='ocrx_word' id='word_1_275' title='bbox 942 3530 1180 3598; x_wconf 81' lang='grc' dir='ltr'>Χριστοῦ</span> <span class='ocrx_word' id='word_1_276' title='bbox 1207 3530 1419 3599; x_wconf 83' lang='grc' dir='ltr'>μέλλεις</span> <span class='ocrx_word' id='word_1_277' title='bbox 1450 3527 1610 3595; x_wconf 82' lang='grc' dir='ltr'>εἶναι,</span> <span class='ocrx_word' id='word_1_278' title='bbox 1640 3531 1732 3583; x_wconf 75' lang='grc' dir='ltr'>καὶ</span> <span class='ocrx_word' id='word_1_279' title='bbox 1760 3531 1928 3600; x_wconf 81' lang='grc' dir='ltr'>ἀμφι·-</span> 
     </span>
    </p>
   </div>
   <div class='ocr_carea' id='block_1_39' title="bbox 364 3612 1927 3685">
    <p class='ocr_par' dir='ltr' id='par_1_39' title="bbox 364 3612 1927 3685">
     <span class='ocr_line' id='line_1_39' title="bbox 364 3612 1927 3685; baseline 0.001 -17"><span class='ocrx_word' id='word_1_280' title='bbox 364 3614 583 3678; x_wconf 84' lang='grc' dir='ltr'>ϐἀλλεις</span> <span class='ocrx_word' id='word_1_281' title='bbox 635 3614 835 3681; x_wconf 87' lang='grc' dir='ltr'>λέγων,</span> <span class='ocrx_word' id='word_1_282' title='bbox 901 3618 1023 3669; x_wconf 81' lang='grc' dir='ltr'>Οὐκ</span> <span class='ocrx_word' id='word_1_283' title='bbox 1071 3612 1206 3669; x_wconf 81' lang='grc' dir='ltr'>οῖδα</span> <span class='ocrx_word' id='word_1_284' title='bbox 1256 3618 1315 3669; x_wconf 85' lang='grc' dir='ltr'>τί</span> <span class='ocrx_word' id='word_1_285' title='bbox 1363 3617 1841 3685; x_wconf 68' lang='grc' dir='ltr'>αἱρήσομαιςκαὶ</span> <span class='ocrx_word' id='word_1_286' title='bbox 1864 3618 1927 3670; x_wconf 79' lang='grc' dir='ltr'>οὐ</span> 
     </span>
    </p>
   </div>
   <div class='ocr_carea' id='block_1_40' title="bbox 363 3698 1927 3772">
    <p class='ocr_par' dir='ltr' id='par_1_40' title="bbox 363 3698 1927 3772">
     <span class='ocr_line' id='line_1_40' title="bbox 363 3698 1927 3772; baseline 0.001 -20"><span class='ocrx_word' id='word_1_287' title='bbox 363 3699 522 3753; x_wconf 85' lang='grc' dir='ltr'>τοῦτο</span> <span class='ocrx_word' id='word_1_288' title='bbox 552 3698 732 3769; x_wconf 88' lang='grc' dir='ltr'>μόνον,</span> <span class='ocrx_word' id='word_1_289' title='bbox 758 3699 896 3754; x_wconf 87' lang='grc' dir='ltr'>ἀλλά</span> <span class='ocrx_word' id='word_1_290' title='bbox 926 3700 1022 3753; x_wconf 77' lang='grc' dir='ltr'>καὶ</span> <span class='ocrx_word' id='word_1_291' title='bbox 1050 3699 1111 3751; x_wconf 80' lang='grc' dir='ltr'>τὸ</span> <span class='ocrx_word' id='word_1_292' title='bbox 1140 3700 1371 3753; x_wconf 85' lang='grc' dir='ltr'>ἐνταῦθα</span> <span class='ocrx_word' id='word_1_293' title='bbox 1396 3703 1548 3771; x_wconf 77' lang='grc' dir='ltr'>αἱρῇ,</span> <span class='ocrx_word' id='word_1_294' title='bbox 1567 3702 1629 3755; x_wconf 82' lang='grc' dir='ltr'>τὸ</span> <span class='ocrx_word' id='word_1_295' title='bbox 1654 3704 1927 3772; x_wconf 76' lang='grc' dir='ltr'>ἐπιμεῖναι</span> 
     </span>
    </p>
   </div>
   <div class='ocr_carea' id='block_1_41' title="bbox 364 3782 1927 3856">
    <p class='ocr_par' dir='ltr' id='par_1_41' title="bbox 364 3782 1927 3856">
     <span class='ocr_line' id='line_1_41' title="bbox 364 3782 1927 3856; baseline 0.003 -19"><span class='ocrx_word' id='word_1_296' title='bbox 364 3784 509 3852; x_wconf 78' lang='grc' dir='ltr'>λέγω</span> <span class='ocrx_word' id='word_1_297' title='bbox 537 3786 603 3854; x_wconf 77' lang='grc' dir='ltr'>τῇ</span> <span class='ocrx_word' id='word_1_298' title='bbox 640 3782 805 3853; x_wconf 89' lang='grc' dir='ltr'>σαρκί</span> <span class='ocrx_word' id='word_1_299' title='bbox 834 3800 850 3849; x_wconf 90' lang='lat'>;</span> <span class='ocrx_word' id='word_1_300' title='bbox 879 3783 945 3836; x_wconf 90' lang='grc' dir='ltr'>Τί</span> <span class='ocrx_word' id='word_1_301' title='bbox 976 3798 1104 3835; x_wconf 81' lang='grc' dir='ltr'>ποτε</span> <span class='ocrx_word' id='word_1_302' title='bbox 1134 3782 1292 3836; x_wconf 88' lang='grc' dir='ltr'>τοῦτό</span> <span class='ocrx_word' id='word_1_303' title='bbox 1317 3787 1495 3850; x_wconf 87' lang='grc' dir='ltr'>ἐστιν;</span> <span class='ocrx_word' id='word_1_304' title='bbox 1534 3787 1667 3856; x_wconf 79' lang='grc' dir='ltr'>Οὐχὶ</span> <span class='ocrx_word' id='word_1_305' title='bbox 1694 3788 1927 3842; x_wconf 82' lang='grc' dir='ltr'>κατάπι-</span> 
     </span>
    </p>
   </div>
   <div class='ocr_carea' id='block_1_42' title="bbox 365 3864 1929 3941">
    <p class='ocr_par' dir='ltr' id='par_1_42' title="bbox 365 3864 1929 3941">
     <span class='ocr_line' id='line_1_42' title="bbox 365 3864 1929 3941; baseline 0.004 -19"><span class='ocrx_word' id='word_1_306' title='bbox 365 3883 499 3939; x_wconf 83' lang='grc' dir='ltr'>κρον</span> <span class='ocrx_word' id='word_1_307' title='bbox 523 3866 655 3938; x_wconf 71' lang='grc' dir='ltr'>ἔζης</span> <span class='ocrx_word' id='word_1_308' title='bbox 684 3864 799 3936; x_wconf 87' lang='grc' dir='ltr'>βίον</span> <span class='ocrx_word' id='word_1_309' title='bbox 823 3884 838 3934; x_wconf 88' lang='lat'>;</span> <span class='ocrx_word' id='word_1_310' title='bbox 872 3870 931 3921; x_wconf 87' lang='grc' dir='ltr'>ἐν</span> <span class='ocrx_word' id='word_1_311' title='bbox 955 3868 1309 3939; x_wconf 79' lang='grc' dir='ltr'>ἀγρυπνίαις,</span> <span class='ocrx_word' id='word_1_312' title='bbox 1342 3872 1402 3924; x_wconf 84' lang='grc' dir='ltr'>ἐν</span> <span class='ocrx_word' id='word_1_313' title='bbox 1426 3873 1726 3941; x_wconf 80' lang='grc' dir='ltr'>ναυαγίοις,</span> <span class='ocrx_word' id='word_1_314' title='bbox 1764 3875 1822 3928; x_wconf 90' lang='grc' dir='ltr'>ἐν</span> <span class='ocrx_word' id='word_1_315' title='bbox 1847 3875 1929 3928; x_wconf 87' lang='grc' dir='ltr'>λι-</span> 
     </span>
    </p>
   </div>
   <div class='ocr_carea' id='block_1_43' title="bbox 366 3953 1925 4031">
    <p class='ocr_par' dir='ltr' id='par_1_43' title="bbox 366 3953 1925 4031">
     <span class='ocr_line' id='line_1_43' title="bbox 366 3953 1925 4031; baseline -0.014 -7"><span class='ocrx_word' id='word_1_316' title='bbox 366 3953 454 4024; x_wconf 74' lang='grc' dir='ltr'>μῷ</span> <span class='ocrx_word' id='word_1_317' title='bbox 478 3953 573 4008; x_wconf 63' lang='grc' dir='ltr'>καὶ</span> <span class='ocrx_word' id='word_1_318' title='bbox 596 3953 739 4024; x_wconf 66' lang='grc' dir='ltr'>δίψει</span> <span class='ocrx_word' id='word_1_319' title='bbox 766 3954 859 4007; x_wconf 68' lang='grc' dir='ltr'>καὶ</span> <span class='ocrx_word' id='word_1_320' title='bbox 880 3954 1201 4025; x_wconf 80' lang='grc' dir='ltr'>γυμνότητι,</span> <span class='ocrx_word' id='word_1_321' title='bbox 1234 3957 1293 4009; x_wconf 77' lang='grc' dir='ltr'>έν</span> <span class='ocrx_word' id='word_1_322' title='bbox 1319 3957 1612 4029; x_wconf 74' lang='grc' dir='ltr'>μερίμναις</span> <span class='ocrx_word' id='word_1_323' title='bbox 1635 3998 1649 4023; x_wconf 92' lang='grc'>,</span> <span class='ocrx_word' id='word_1_324' title='bbox 1674 3960 1732 4012; x_wconf 82' lang='grc' dir='ltr'>ἐν</span> <span class='ocrx_word' id='word_1_325' title='bbox 1761 3976 1925 4031; x_wconf 85' lang='grc' dir='ltr'>φρον-</span> 
     </span>
    </p>
   </div>
   <div class='ocr_carea' id='block_1_44' title="bbox 362 4042 1926 4120">
    <p class='ocr_par' dir='ltr' id='par_1_44' title="bbox 362 4042 1926 4120">
     <span class='ocr_line' id='line_1_44' title="bbox 362 4042 1926 4120; baseline 0.003 -23"><span class='ocrx_word' id='word_1_326' title='bbox 362 4043 506 4111; x_wconf 74' lang='grc' dir='ltr'>τίσις</span> <span class='ocrx_word' id='word_1_327' title='bbox 541 4042 681 4113; x_wconf 81' lang='grc' dir='ltr'>μετά</span> <span class='ocrx_word' id='word_1_328' title='bbox 710 4042 819 4097; x_wconf 89' lang='grc' dir='ltr'>τῶν</span> <span class='ocrx_word' id='word_1_329' title='bbox 841 4042 1212 4098; x_wconf 81' lang='grc' dir='ltr'>ἀσθενούντων</span> <span class='ocrx_word' id='word_1_330' title='bbox 1238 4045 1504 4115; x_wconf 80' lang='grc' dir='ltr'>ήσθένεις,</span> <span class='ocrx_word' id='word_1_331' title='bbox 1538 4047 1632 4100; x_wconf 79' lang='grc' dir='ltr'>καὶ</span> <span class='ocrx_word' id='word_1_332' title='bbox 1663 4048 1801 4120; x_wconf 83' lang='grc' dir='ltr'>ὑπὲρ</span> <span class='ocrx_word' id='word_1_333' title='bbox 1820 4049 1926 4102; x_wconf 85' lang='grc' dir='ltr'>τῶν</span> 
     </span>
    </p>
   </div>
   <div class='ocr_carea' id='block_1_45' title="bbox 362 4130 1922 4203">
    <p class='ocr_par' dir='ltr' id='par_1_45' title="bbox 362 4130 1922 4203">
     <span class='ocr_line' id='line_1_45' title="bbox 362 4130 1922 4203; baseline 0.003 -18"><span class='ocrx_word' id='word_1_334' title='bbox 362 4130 867 4203; x_wconf 77' lang='grc' dir='ltr'>σκανδαλιζομένων</span> <span class='ocrx_word' id='word_1_335' title='bbox 927 4130 1153 4203; x_wconf 81' lang='grc' dir='ltr'>ἐπυροῦ.</span> <span class='ocrx_word' id='word_1_336' title='bbox 1200 4131 1301 4186; x_wconf 82' lang='grc' dir='ltr'>Ἐν</span> <span class='ocrx_word' id='word_1_337' title='bbox 1356 4132 1632 4202; x_wconf 78' lang='grc' dir='ltr'>ὑπομονῇ</span> <span class='ocrx_word' id='word_1_338' title='bbox 1678 4133 1881 4203; x_wconf 76' lang='grc' dir='ltr'>πολλῆ</span> <span class='ocrx_word' id='word_1_339' title='bbox 1906 4175 1922 4201; x_wconf 96' lang='grc'>,</span> 
     </span>
    </p>
   </div>
   <div class='ocr_carea' id='block_1_46' title="bbox 361 4215 1922 4290">
    <p class='ocr_par' dir='ltr' id='par_1_46' title="bbox 361 4215 1922 4290">
     <span class='ocr_line' id='line_1_46' title="bbox 361 4215 1922 4290; baseline 0.003 -22"><span class='ocrx_word' id='word_1_340' title='bbox 361 4215 548 4288; x_wconf 69' lang='grc' dir='ltr'>φησιν,</span> <span class='ocrx_word' id='word_1_341' title='bbox 570 4216 640 4269; x_wconf 73' lang='grc' dir='ltr'>ἐν</span> <span class='ocrx_word' id='word_1_342' title='bbox 653 4216 958 4284; x_wconf 76' lang='grc' dir='ltr'>θλίψεσιν,</span> <span class='ocrx_word' id='word_1_343' title='bbox 985 4217 1055 4271; x_wconf 81' lang='grc' dir='ltr'>ἐν</span> <span class='ocrx_word' id='word_1_344' title='bbox 1072 4217 1380 4287; x_wconf 78' lang='grc' dir='ltr'>ἀνάγκαις,</span> <span class='ocrx_word' id='word_1_345' title='bbox 1397 4219 1466 4273; x_wconf 75' lang='grc' dir='ltr'>ὲν</span> <span class='ocrx_word' id='word_1_346' title='bbox 1479 4222 1922 4290; x_wconf 80' lang='grc' dir='ltr'>στενοχωρίαις,</span> 
     </span>
    </p>
   </div>
   <div class='ocr_carea' id='block_1_47' title="bbox 360 4303 1925 4375">
    <p class='ocr_par' dir='ltr' id='par_1_47' title="bbox 360 4303 1925 4375">
     <span class='ocr_line' id='line_1_47' title="bbox 360 4303 1925 4375; baseline 0.003 -17"><span class='ocrx_word' id='word_1_347' title='bbox 360 4304 434 4358; x_wconf 79' lang='grc' dir='ltr'>ἐν</span> <span class='ocrx_word' id='word_1_348' title='bbox 452 4303 744 4373; x_wconf 75' lang='grc' dir='ltr'>πληγαῖς,</span> <span class='ocrx_word' id='word_1_349' title='bbox 774 4305 845 4358; x_wconf 81' lang='grc' dir='ltr'>ἐν</span> <span class='ocrx_word' id='word_1_350' title='bbox 873 4305 1173 4375; x_wconf 74' lang='grc' dir='ltr'>φυλακαῖς</span> <span class='ocrx_word' id='word_1_351' title='bbox 1191 4344 1206 4370; x_wconf 94' lang='grc'>,</span> <span class='ocrx_word' id='word_1_352' title='bbox 1233 4307 1303 4360; x_wconf 80' lang='grc' dir='ltr'>ἐν</span> <span class='ocrx_word' id='word_1_353' title='bbox 1333 4307 1821 4375; x_wconf 80' lang='grc' dir='ltr'>ἀκαταστασίαις,</span> <span class='ocrx_word' id='word_1_354' title='bbox 1854 4310 1925 4362; x_wconf 86' lang='grc' dir='ltr'>ἐν</span> 
     </span>
    </p>
   </div>
   <div class='ocr_carea' id='block_1_48' title="bbox 361 4390 1924 4463">
    <p class='ocr_par' dir='ltr' id='par_1_48' title="bbox 361 4390 1924 4463">
     <span class='ocr_line' id='line_1_48' title="bbox 361 4390 1924 4463; baseline 0.003 -18"><span class='ocrx_word' id='word_1_355' title='bbox 361 4390 689 4460; x_wconf 73' lang='grc' dir='ltr'>νηστείαις,</span> <span class='ocrx_word' id='word_1_356' title='bbox 716 4391 787 4445; x_wconf 75' lang='grc' dir='ltr'>ἐν</span> <span class='ocrx_word' id='word_1_357' title='bbox 805 4392 1089 4461; x_wconf 78' lang='grc' dir='ltr'>ἁγνότητι</span> <span class='ocrx_word' id='word_1_358' title='bbox 1112 4410 1128 4425; x_wconf 77' lang='grc' dir='ltr'>ο</span> <span class='ocrx_word' id='word_1_359' title='bbox 1159 4393 1446 4460; x_wconf 75' lang='grc' dir='ltr'>πεντάκις</span> <span class='ocrx_word' id='word_1_360' title='bbox 1470 4395 1924 4463; x_wconf 81' lang='grc' dir='ltr'>τεσσαράκοντα</span> 
     </span>
    </p>
   </div>
   <div class='ocr_carea' id='block_1_49' title="bbox 360 4477 1921 4548">
    <p class='ocr_par' dir='ltr' id='par_1_49' title="bbox 360 4477 1921 4548">
     <span class='ocr_line' id='line_1_49' title="bbox 360 4477 1921 4548; baseline 0.003 -18"><span class='ocrx_word' id='word_1_361' title='bbox 360 4477 521 4546; x_wconf 81' lang='grc' dir='ltr'>παρὰ</span> <span class='ocrx_word' id='word_1_362' title='bbox 546 4478 697 4547; x_wconf 80' lang='grc' dir='ltr'>μίαν</span> <span class='ocrx_word' id='word_1_363' title='bbox 725 4479 967 4543; x_wconf 76' lang='grc' dir='ltr'>ἔλαϐον,</span> <span class='ocrx_word' id='word_1_364' title='bbox 1002 4480 1129 4547; x_wconf 76' lang='grc' dir='ltr'>τρὶς</span> <span class='ocrx_word' id='word_1_365' title='bbox 1159 4480 1575 4548; x_wconf 78' lang='grc' dir='ltr'>ὲρῤαϐδίσθην,</span> <span class='ocrx_word' id='word_1_366' title='bbox 1606 4481 1768 4546; x_wconf 78' lang='grc' dir='ltr'>ἅπαξ</span> <span class='ocrx_word' id='word_1_367' title='bbox 1801 4484 1921 4536; x_wconf 66' lang='grc' dir='ltr'>ἐλις</span> 
     </span>
    </p>
   </div>
   <div class='ocr_carea' id='block_1_50' title="bbox 360 4563 1921 4634">
    <p class='ocr_par' dir='ltr' id='par_1_50' title="bbox 360 4563 1921 4634">
     <span class='ocr_line' id='line_1_50' title="bbox 360 4563 1921 4634; baseline 0.003 -17"><span class='ocrx_word' id='word_1_368' title='bbox 360 4563 613 4631; x_wconf 80' lang='grc' dir='ltr'>θάσθην,</span> <span class='ocrx_word' id='word_1_369' title='bbox 643 4563 1021 4633; x_wconf 81' lang='grc' dir='ltr'>νυχθήμερον</span> <span class='ocrx_word' id='word_1_370' title='bbox 1038 4565 1109 4617; x_wconf 83' lang='grc' dir='ltr'>ἐν</span> <span class='ocrx_word' id='word_1_371' title='bbox 1129 4563 1209 4629; x_wconf 83' lang='grc' dir='ltr'>τῷ</span> <span class='ocrx_word' id='word_1_372' title='bbox 1231 4565 1403 4630; x_wconf 79' lang='grc' dir='ltr'>,βυθῷ</span> <span class='ocrx_word' id='word_1_373' title='bbox 1429 4568 1729 4634; x_wconf 76' lang='grc' dir='ltr'>πεποίηκα</span> <span class='ocrx_word' id='word_1_374' title='bbox 1752 4585 1766 4599; x_wconf 88' lang='grc'><strong>·</strong></span> <span class='ocrx_word' id='word_1_375' title='bbox 1798 4586 1921 4622; x_wconf 81' lang='grc' dir='ltr'>κινο</span> 
     </span>
    </p>
   </div>
   <div class='ocr_carea' id='block_1_51' title="bbox 359 4648 1923 4719">
    <p class='ocr_par' dir='ltr' id='par_1_51' title="bbox 359 4648 1923 4719">
     <span class='ocr_line' id='line_1_51' title="bbox 359 4648 1923 4719; baseline 0.004 -17"><span class='ocrx_word' id='word_1_376' title='bbox 359 4648 565 4715; x_wconf 86' lang='grc' dir='ltr'>δύνοις</span> <span class='ocrx_word' id='word_1_377' title='bbox 585 4648 884 4716; x_wconf 75' lang='grc' dir='ltr'>ποταμῶν,</span> <span class='ocrx_word' id='word_1_378' title='bbox 910 4650 1213 4715; x_wconf 82' lang='grc' dir='ltr'>κινδύνοις</span> <span class='ocrx_word' id='word_1_379' title='bbox 1237 4650 1501 4717; x_wconf 80' lang='grc' dir='ltr'>λῃστῶν,</span> <span class='ocrx_word' id='word_1_380' title='bbox 1527 4652 1834 4719; x_wconf 82' lang='grc' dir='ltr'>κινδύνοις</span> <span class='ocrx_word' id='word_1_381' title='bbox 1853 4655 1923 4707; x_wconf 80' lang='grc' dir='ltr'>ὲν</span> 
     </span>
    </p>
   </div>
   <div class='ocr_carea' id='block_1_52' title="bbox 359 4732 1905 4806">
    <p class='ocr_par' dir='ltr' id='par_1_52' title="bbox 359 4732 1905 4806">
     <span class='ocr_line' id='line_1_52' title="bbox 359 4732 1905 4806; baseline 0.004 -19"><span class='ocrx_word' id='word_1_382' title='bbox 359 4735 534 4789; x_wconf 83' lang='grc' dir='ltr'>πόλει</span> <span class='ocrx_word' id='word_1_383' title='bbox 567 4771 583 4798; x_wconf 91' lang='grc'>,</span> <span class='ocrx_word' id='word_1_384' title='bbox 656 4732 962 4799; x_wconf 79' lang='grc' dir='ltr'>κινδύνοις</span> <span class='ocrx_word' id='word_1_385' title='bbox 1014 4734 1084 4786; x_wconf 79' lang='grc' dir='ltr'>ἐν</span> <span class='ocrx_word' id='word_1_386' title='bbox 1139 4734 1388 4803; x_wconf 65' lang='grc' dir='ltr'>ἐρημίαν,</span> <span class='ocrx_word' id='word_1_387' title='bbox 1452 4738 1753 4806; x_wconf 84' lang='grc' dir='ltr'>κινδύνοις</span> <span class='ocrx_word' id='word_1_388' title='bbox 1835 4740 1905 4793; x_wconf 81' lang='grc' dir='ltr'>ἐν</span> 
     </span>
    </p>
   </div>
   <div class='ocr_carea' id='block_1_53' title="bbox 357 4817 1919 4889">
    <p class='ocr_par' dir='ltr' id='par_1_53' title="bbox 357 4817 1919 4889">
     <span class='ocr_line' id='line_1_53' title="bbox 357 4817 1919 4889; baseline 0.004 -16"><span class='ocrx_word' id='word_1_389' title='bbox 357 4817 823 4888; x_wconf 66' lang='grc' dir='ltr'>ψευδαδέλφοις.</span> <span class='ocrx_word' id='word_1_390' title='bbox 848 4819 1003 4889; x_wconf 75' lang='grc' dir='ltr'>Οὐχὶ,</span> <span class='ocrx_word' id='word_1_391' title='bbox 1021 4819 1107 4873; x_wconf 84' lang='grc' dir='ltr'>ὅτε</span> <span class='ocrx_word' id='word_1_392' title='bbox 1136 4820 1195 4872; x_wconf 84' lang='grc' dir='ltr'>τὸ</span> <span class='ocrx_word' id='word_1_393' title='bbox 1213 4820 1465 4874; x_wconf 81' lang='grc' dir='ltr'>Γαλατῶν</span> <span class='ocrx_word' id='word_1_394' title='bbox 1480 4820 1624 4877; x_wconf 77' lang='grc' dir='ltr'>ἅπαν</span> <span class='ocrx_word' id='word_1_395' title='bbox 1653 4824 1802 4889; x_wconf 75' lang='grc' dir='ltr'>ἔθνος</span> <span class='ocrx_word' id='word_1_396' title='bbox 1827 4827 1919 4880; x_wconf 75' lang='grc' dir='ltr'>ἐπὶ</span> 
     </span>
    </p>
   </div>
   <div class='ocr_carea' id='block_1_54' title="bbox 356 4903 1920 4976">
    <p class='ocr_par' dir='ltr' id='par_1_54' title="bbox 356 4903 1920 4976">
     <span class='ocr_line' id='line_1_54' title="bbox 356 4903 1920 4976; baseline 0.002 -16"><span class='ocrx_word' id='word_1_397' title='bbox 356 4903 456 4976; x_wconf 78' lang='grc' dir='ltr'>τὴν</span> <span class='ocrx_word' id='word_1_398' title='bbox 503 4904 597 4959; x_wconf 92' lang='grc' dir='ltr'>τοῦ</span> <span class='ocrx_word' id='word_1_399' title='bbox 659 4904 823 4974; x_wconf 85' lang='grc' dir='ltr'>νόμου</span> <span class='ocrx_word' id='word_1_400' title='bbox 903 4906 1286 4975; x_wconf 82' lang='grc' dir='ltr'>παρατήρησιν</span> <span class='ocrx_word' id='word_1_401' title='bbox 1352 4906 1654 4976; x_wconf 72' lang='grc' dir='ltr'>ἐπανῆλθεν</span> <span class='ocrx_word' id='word_1_402' title='bbox 1682 4947 1698 4972; x_wconf 94' lang='grc'>,</span> <span class='ocrx_word' id='word_1_403' title='bbox 1761 4910 1920 4974; x_wconf 86' lang='grc' dir='ltr'>ἐϐόας</span> 
     </span>
    </p>
   </div>
   <div class='ocr_carea' id='block_1_55' title="bbox 358 4990 1919 5064">
    <p class='ocr_par' dir='ltr' id='par_1_55' title="bbox 358 4990 1919 5064">
     <span class='ocr_line' id='line_1_55' title="bbox 358 4990 1919 5064; baseline 0.003 -19"><span class='ocrx_word' id='word_1_404' title='bbox 358 4990 566 5059; x_wconf 73' lang='grc' dir='ltr'>λέγων,</span> <span class='ocrx_word' id='word_1_405' title='bbox 636 4994 863 5059; x_wconf 82' lang='grc' dir='ltr'>Οἵτινες</span> <span class='ocrx_word' id='word_1_406' title='bbox 900 4991 970 5044; x_wconf 82' lang='grc' dir='ltr'>ἐν</span> <span class='ocrx_word' id='word_1_407' title='bbox 1022 4992 1184 5059; x_wconf 83' lang='grc' dir='ltr'>νόμῳ</span> <span class='ocrx_word' id='word_1_408' title='bbox 1226 4990 1591 5056; x_wconf 80' lang='grc' dir='ltr'>δικαιοῦσθε,</span> <span class='ocrx_word' id='word_1_409' title='bbox 1646 4993 1757 5063; x_wconf 80' lang='grc' dir='ltr'>τῆς</span> <span class='ocrx_word' id='word_1_410' title='bbox 1812 4996 1919 5064; x_wconf 82' lang='grc' dir='ltr'>χά-</span> 
     </span>
    </p>
   </div>
   <div class='ocr_carea' id='block_1_56' title="bbox 351 5077 1919 5151">
    <p class='ocr_par' dir='ltr' id='par_1_56' title="bbox 351 5077 1919 5151">
     <span class='ocr_line' id='line_1_56' title="bbox 351 5077 1919 5151; baseline 0.004 -21"><span class='ocrx_word' id='word_1_411' title='bbox 351 5094 518 5147; x_wconf 85' lang='grc' dir='ltr'>ριτος</span> <span class='ocrx_word' id='word_1_412' title='bbox 573 5077 921 5142; x_wconf 78' lang='grc' dir='ltr'>ἐξεπέσετε;</span> <span class='ocrx_word' id='word_1_413' title='bbox 955 5077 1095 5130; x_wconf 88' lang='grc' dir='ltr'>πόσα</span> <span class='ocrx_word' id='word_1_414' title='bbox 1152 5077 1272 5130; x_wconf 82' lang='grc' dir='ltr'>τότε</span> <span class='ocrx_word' id='word_1_415' title='bbox 1321 5080 1421 5131; x_wconf 83' lang='grc' dir='ltr'>οὐκ</span> <span class='ocrx_word' id='word_1_416' title='bbox 1473 5079 1798 5151; x_wconf 84' lang='grc' dir='ltr'>ἐπένθησας,</span> <span class='ocrx_word' id='word_1_417' title='bbox 1827 5084 1919 5137; x_wconf 75' lang='grc' dir='ltr'>καὶ</span> 
     </span>
    </p>
   </div>
   <div class='ocr_carea' id='block_1_57' title="bbox 358 5162 1918 5235">
    <p class='ocr_par' dir='ltr' id='par_1_57' title="bbox 358 5162 1918 5235">
     <span class='ocr_line' id='line_1_57' title="bbox 358 5162 1918 5235; baseline 0.003 -19"><span class='ocrx_word' id='word_1_418' title='bbox 358 5163 440 5216; x_wconf 69' lang='grc' dir='ltr'>ἔτι</span> <span class='ocrx_word' id='word_1_419' title='bbox 493 5163 689 5233; x_wconf 78' lang='grc' dir='ltr'>μᾶλλον</span> <span class='ocrx_word' id='word_1_420' title='bbox 738 5164 925 5217; x_wconf 77' lang='grc' dir='ltr'>τοῦτον</span> <span class='ocrx_word' id='word_1_421' title='bbox 983 5162 1167 5227; x_wconf 90' lang='grc' dir='ltr'>ποθεῖς</span> <span class='ocrx_word' id='word_1_422' title='bbox 1224 5162 1317 5216; x_wconf 73' lang='grc' dir='ltr'>τὸν</span> <span class='ocrx_word' id='word_1_423' title='bbox 1357 5165 1619 5235; x_wconf 79' lang='grc' dir='ltr'>ἐπίκηρον</span> <span class='ocrx_word' id='word_1_424' title='bbox 1654 5166 1812 5235; x_wconf 76' lang='grc' dir='ltr'>βίονς</span> <span class='ocrx_word' id='word_1_425' title='bbox 1856 5169 1918 5221; x_wconf 71' lang='lat' dir='ltr'>EE</span> 
     </span>
    </p>
   </div>
   <div class='ocr_carea' id='block_1_58' title="bbox 358 5247 1917 5324">
    <p class='ocr_par' dir='ltr' id='par_1_58' title="bbox 358 5247 1917 5324">
     <span class='ocr_line' id='line_1_58' title="bbox 358 5247 1917 5324; baseline 0.003 -23"><span class='ocrx_word' id='word_1_426' title='bbox 358 5248 469 5319; x_wconf 86' lang='grc' dir='ltr'>τάρ</span> <span class='ocrx_word' id='word_1_427' title='bbox 500 5247 666 5318; x_wconf 79' lang='grc' dir='ltr'>μηδέν</span> <span class='ocrx_word' id='word_1_428' title='bbox 687 5265 769 5302; x_wconf 87' lang='grc' dir='ltr'>σοι</span> <span class='ocrx_word' id='word_1_429' title='bbox 786 5249 991 5302; x_wconf 89' lang='grc' dir='ltr'>τούτων</span> <span class='ocrx_word' id='word_1_430' title='bbox 1018 5249 1375 5321; x_wconf 85' lang='grc' dir='ltr'>συμϐεϐήκει,</span> <span class='ocrx_word' id='word_1_431' title='bbox 1399 5249 1535 5303; x_wconf 86' lang='grc' dir='ltr'>ἀλλά</span> <span class='ocrx_word' id='word_1_432' title='bbox 1561 5251 1757 5312; x_wconf 80' lang='grc' dir='ltr'>πάντα.</span> <span class='ocrx_word' id='word_1_433' title='bbox 1776 5252 1917 5324; x_wconf 75' lang='grc' dir='ltr'>ἅπερ</span> 
     </span>
    </p>
   </div>
   <div class='ocr_carea' id='block_1_59' title="bbox 358 5332 1917 5408">
    <p class='ocr_par' dir='ltr' id='par_1_59' title="bbox 358 5332 1917 5408">
     <span class='ocr_line' id='line_1_59' title="bbox 358 5332 1917 5408; baseline 0.003 -20"><span class='ocrx_word' id='word_1_434' title='bbox 358 5332 738 5404; x_wconf 85' lang='grc' dir='ltr'>κατωρθώκεις</span> <span class='ocrx_word' id='word_1_435' title='bbox 759 5374 776 5398; x_wconf 90' lang='grc'>,</span> <span class='ocrx_word' id='word_1_436' title='bbox 809 5334 1176 5405; x_wconf 86' lang='grc' dir='ltr'>κατώρθωσας</span> <span class='ocrx_word' id='word_1_437' title='bbox 1214 5336 1353 5406; x_wconf 81' lang='grc' dir='ltr'>μετὰ</span> <span class='ocrx_word' id='word_1_438' title='bbox 1392 5336 1594 5401; x_wconf 79' lang='grc' dir='ltr'>ἁδείας,</span> <span class='ocrx_word' id='word_1_439' title='bbox 1628 5338 1766 5408; x_wconf 75' lang='grc' dir='ltr'>μετὰ</span> <span class='ocrx_word' id='word_1_440' title='bbox 1791 5356 1917 5404; x_wconf 86' lang='grc' dir='ltr'>τρυ-</span> 
     </span>
    </p>
   </div>
   <div class='ocr_carea' id='block_1_60' title="bbox 357 5418 1915 5493">
    <p class='ocr_par' dir='ltr' id='par_1_60' title="bbox 357 5418 1915 5493">
     <span class='ocr_line' id='line_1_60' title="bbox 357 5418 1915 5493; baseline -0.006 -16"><span class='ocrx_word' id='word_1_441' title='bbox 357 5421 484 5491; x_wconf 82' lang='grc' dir='ltr'>φῆς,</span> <span class='ocrx_word' id='word_1_442' title='bbox 529 5418 678 5493; x_wconf 59' lang='grc' dir='ltr'>[τεο]</span> <span class='ocrx_word' id='word_1_443' title='bbox 719 5419 819 5472; x_wconf 82' lang='grc' dir='ltr'>οὐκ</span> <span class='ocrx_word' id='word_1_444' title='bbox 865 5421 1031 5490; x_wconf 82' lang='grc' dir='ltr'>ἐχρῆν</span> <span class='ocrx_word' id='word_1_445' title='bbox 1066 5420 1128 5474; x_wconf 76' lang='grc' dir='ltr'>τὸ</span> <span class='ocrx_word' id='word_1_446' title='bbox 1157 5422 1347 5492; x_wconf 79' lang='grc' dir='ltr'>ἄδηλον</span> <span class='ocrx_word' id='word_1_447' title='bbox 1379 5422 1474 5475; x_wconf 90' lang='grc' dir='ltr'>τοῦ</span> <span class='ocrx_word' id='word_1_448' title='bbox 1510 5424 1792 5490; x_wconf 83' lang='grc' dir='ltr'>μέλλοντος</span> <span class='ocrx_word' id='word_1_449' title='bbox 1833 5427 1915 5479; x_wconf 79' lang='grc' dir='ltr'>δε-</span> 
     </span>
    </p>
   </div>
   <div class='ocr_carea' id='block_1_61' title="bbox 355 5504 1913 5582">
    <p class='ocr_par' dir='ltr' id='par_1_61' title="bbox 355 5504 1913 5582">
     <span class='ocr_line' id='line_1_61' title="bbox 355 5504 1913 5582; baseline 0.003 -23"><span class='ocrx_word' id='word_1_450' title='bbox 355 5504 569 5560; x_wconf 86' lang='grc' dir='ltr'>δοικότα</span> <span class='ocrx_word' id='word_1_451' title='bbox 616 5506 752 5577; x_wconf 79' lang='grc' dir='ltr'>πρός</span> <span class='ocrx_word' id='word_1_452' title='bbox 796 5520 918 5557; x_wconf 88' lang='grc' dir='ltr'>τινα</span> <span class='ocrx_word' id='word_1_453' title='bbox 966 5504 1159 5574; x_wconf 80' lang='grc' dir='ltr'>λιμένα</span> <span class='ocrx_word' id='word_1_454' title='bbox 1207 5508 1495 5575; x_wconf 87' lang='grc' dir='ltr'>σπεύδειν;</span> <span class='ocrx_word' id='word_1_455' title='bbox 1524 5510 1620 5573; x_wconf 87' lang='grc' dir='ltr'>Τίς</span> <span class='ocrx_word' id='word_1_456' title='bbox 1654 5511 1913 5582; x_wconf 78' lang='grc' dir='ltr'>ἔμπορος,</span> 
     </span>
    </p>
   </div>
   <div class='ocr_carea' id='block_1_62' title="bbox 355 5589 1914 5665">
    <p class='ocr_par' dir='ltr' id='par_1_62' title="bbox 355 5589 1914 5665">
     <span class='ocr_line' id='line_1_62' title="bbox 355 5589 1914 5665; baseline 0.007 -25"><span class='ocrx_word' id='word_1_457' title='bbox 355 5592 477 5644; x_wconf 81' lang='grc' dir='ltr'>είπέ</span> <span class='ocrx_word' id='word_1_458' title='bbox 534 5609 644 5661; x_wconf 89' lang='grc' dir='ltr'>μοι,</span> <span class='ocrx_word' id='word_1_459' title='bbox 704 5589 992 5662; x_wconf 82' lang='grc' dir='ltr'>θησαυρῶν</span> <span class='ocrx_word' id='word_1_460' title='bbox 1053 5591 1261 5660; x_wconf 87' lang='grc' dir='ltr'>μυρίων</span> <span class='ocrx_word' id='word_1_461' title='bbox 1318 5596 1498 5664; x_wconf 82' lang='grc' dir='ltr'>πλήρη</span> <span class='ocrx_word' id='word_1_462' title='bbox 1554 5596 1653 5665; x_wconf 81' lang='grc' dir='ltr'>τὴν</span> <span class='ocrx_word' id='word_1_463' title='bbox 1715 5598 1914 5652; x_wconf 80' lang='grc' dir='ltr'>ὁλκάδα</span> 
     </span>
    </p>
   </div>
   <div class='ocr_carea' id='block_1_63' title="bbox 357 5673 1912 5748">
    <p class='ocr_par' dir='ltr' id='par_1_63' title="bbox 357 5673 1912 5748">
     <span class='ocr_line' id='line_1_63' title="bbox 357 5673 1912 5748; baseline 0.008 -22"><span class='ocrx_word' id='word_1_464' title='bbox 357 5673 518 5744; x_wconf 61' lang='grc' dir='ltr'>ἔχων,</span> <span class='ocrx_word' id='word_1_465' title='bbox 564 5677 734 5748; x_wconf 78' lang='grc' dir='ltr'>παρὸν</span> <span class='ocrx_word' id='word_1_466' title='bbox 767 5677 846 5738; x_wconf 87' lang='grc' dir='ltr'>είς</span> <span class='ocrx_word' id='word_1_467' title='bbox 880 5675 1072 5745; x_wconf 77' lang='grc' dir='ltr'>λιμένα</span> <span class='ocrx_word' id='word_1_468' title='bbox 1122 5678 1487 5748; x_wconf 80' lang='grc' dir='ltr'>καταδραμεῖν</span> <span class='ocrx_word' id='word_1_469' title='bbox 1517 5682 1609 5735; x_wconf 63' lang='grc' dir='ltr'>καί⁵</span> <span class='ocrx_word' id='word_1_470' title='bbox 1641 5683 1912 5738; x_wconf 81' lang='grc' dir='ltr'>ἀναπαύε-</span> 
     </span>
    </p>
   </div>
   <div class='ocr_carea' id='block_1_64' title="bbox 2036 1106 3604 1182">
    <p class='ocr_par' dir='ltr' id='par_1_64' title="bbox 2036 1106 3604 1182">
     <span class='ocr_line' id='line_1_64' title="bbox 2036 1106 3604 1182; baseline 0.001 -23"><span class='ocrx_word' id='word_1_471' title='bbox 2036 1106 2182 1172; x_wconf 87' lang='grc' dir='ltr'>σθαι,</span> <span class='ocrx_word' id='word_1_472' title='bbox 2219 1107 2392 1161; x_wconf 75' lang='grc' dir='ltr'>ἕλοιτο</span> <span class='ocrx_word' id='word_1_473' title='bbox 2421 1109 2768 1166; x_wconf 88' lang='grc' dir='ltr'>θαλαττεύειν</span> <span class='ocrx_word' id='word_1_474' title='bbox 2799 1111 2879 1165; x_wconf 80' lang='grc' dir='ltr'>ἔτι</span> <span class='ocrx_word' id='word_1_475' title='bbox 2907 1129 2924 1177; x_wconf 88' lang='lat'>;</span> <span class='ocrx_word' id='word_1_476' title='bbox 2950 1110 3031 1176; x_wconf 90' lang='grc' dir='ltr'>τίς</span> <span class='ocrx_word' id='word_1_477' title='bbox 3069 1111 3395 1182; x_wconf 79' lang='grc' dir='ltr'>ἀγωνιστής,</span> <span class='ocrx_word' id='word_1_478' title='bbox 3425 1107 3604 1181; x_wconf 66' lang='grc' dir='ltr'>παρὸν</span> 
     </span>
    </p>
   </div>
   <div class='ocr_carea' id='block_1_65' title="bbox 2035 1193 3596 1267">
    <p class='ocr_par' dir='ltr' id='par_1_65' title="bbox 2035 1193 3596 1267">
     <span class='ocr_line' id='line_1_65' title="bbox 2035 1193 3596 1267; baseline 0.002 -21"><span class='ocrx_word' id='word_1_479' title='bbox 2035 1193 2468 1264; x_wconf 83' lang='grc' dir='ltr'>στεφανωθῆναι,</span> <span class='ocrx_word' id='word_1_480' title='bbox 2491 1196 2664 1251; x_wconf 72' lang='grc' dir='ltr'>ἕλοιτο</span> <span class='ocrx_word' id='word_1_481' title='bbox 2718 1197 3117 1267; x_wconf 74' lang='grc' dir='ltr'>ἀγωνίζεσθαις</span> <span class='ocrx_word' id='word_1_482' title='bbox 3152 1198 3235 1261; x_wconf 91' lang='grc' dir='ltr'>τίς</span> <span class='ocrx_word' id='word_1_483' title='bbox 3289 1196 3596 1260; x_wconf 83' lang='grc' dir='ltr'>πυκτεύων,</span> 
     </span>
    </p>
   </div>
   <div class='ocr_carea' id='block_1_66' title="bbox 2035 1280 3599 1354">
    <p class='ocr_par' dir='ltr' id='par_1_66' title="bbox 2035 1280 3599 1354">
     <span class='ocr_line' id='line_1_66' title="bbox 2035 1280 3599 1354; baseline 0.001 -22"><span class='ocrx_word' id='word_1_484' title='bbox 2035 1280 2207 1351; x_wconf 79' lang='grc' dir='ltr'>παρὸν</span> <span class='ocrx_word' id='word_1_485' title='bbox 2249 1280 2619 1352; x_wconf 82' lang='grc' dir='ltr'>ἀναδήσασθαι</span> <span class='ocrx_word' id='word_1_486' title='bbox 2672 1283 2763 1337; x_wconf 83' lang='grc' dir='ltr'>τὸν</span> <span class='ocrx_word' id='word_1_487' title='bbox 2801 1285 3085 1354; x_wconf 87' lang='grc' dir='ltr'>στέφανον,</span> <span class='ocrx_word' id='word_1_488' title='bbox 3116 1283 3288 1336; x_wconf 73' lang='grc' dir='ltr'>ἕλοιτο</span> <span class='ocrx_word' id='word_1_489' title='bbox 3330 1282 3491 1336; x_wconf 83' lang='grc' dir='ltr'>πάλιν</span> <span class='ocrx_word' id='word_1_490' title='bbox 3516 1283 3599 1345; x_wconf 82' lang='grc' dir='ltr'>είς</span> 
     </span>
    </p>
   </div>
   <div class='ocr_carea' id='block_1_67' title="bbox 2031 1368 3596 1438">
    <p class='ocr_par' dir='ltr' id='par_1_67' title="bbox 2031 1368 3596 1438">
     <span class='ocr_line' id='line_1_67' title="bbox 2031 1368 3596 1438; baseline 0.001 -17"><span class='ocrx_word' id='word_1_491' title='bbox 2031 1368 2124 1422; x_wconf 83' lang='grc' dir='ltr'>τὸν</span> <span class='ocrx_word' id='word_1_492' title='bbox 2176 1368 2362 1436; x_wconf 85' lang='grc' dir='ltr'>ἀγῶνα</span> <span class='ocrx_word' id='word_1_493' title='bbox 2402 1370 2651 1435; x_wconf 85' lang='grc' dir='ltr'>είσιέναι,</span> <span class='ocrx_word' id='word_1_494' title='bbox 2692 1370 2785 1424; x_wconf 73' lang='grc' dir='ltr'>καὶ</span> <span class='ocrx_word' id='word_1_495' title='bbox 2835 1372 3201 1426; x_wconf 88' lang='grc' dir='ltr'>κατακόπτειν</span> <span class='ocrx_word' id='word_1_496' title='bbox 3252 1368 3353 1438; x_wconf 84' lang='grc' dir='ltr'>τὴν</span> <span class='ocrx_word' id='word_1_497' title='bbox 3399 1369 3596 1423; x_wconf 84' lang='grc' dir='ltr'>ἐαυτοῦ</span> 
     </span>
    </p>
   </div>
   <div class='ocr_carea' id='block_1_68' title="bbox 2033 1454 3600 1527">
    <p class='ocr_par' dir='ltr' id='par_1_68' title="bbox 2033 1454 3600 1527">
     <span class='ocr_line' id='line_1_68' title="bbox 2033 1454 3600 1527; baseline 0.001 -21"><span class='ocrx_word' id='word_1_498' title='bbox 2033 1454 2274 1526; x_wconf 90' lang='grc' dir='ltr'>κεφαλήν</span> <span class='ocrx_word' id='word_1_499' title='bbox 2301 1472 2317 1522; x_wconf 91' lang='grc'><strong>;</strong></span> <span class='ocrx_word' id='word_1_500' title='bbox 2356 1457 2507 1519; x_wconf 88' lang='grc' dir='ltr'>ποῖος</span> <span class='ocrx_word' id='word_1_501' title='bbox 2560 1456 2864 1526; x_wconf 84' lang='grc' dir='ltr'>στρατηγὸς</span> <span class='ocrx_word' id='word_1_502' title='bbox 2884 1496 2900 1521; x_wconf 89' lang='grc'>,</span> <span class='ocrx_word' id='word_1_503' title='bbox 2931 1456 3049 1525; x_wconf 81' lang='grc' dir='ltr'>ἐξὸν</span> <span class='ocrx_word' id='word_1_504' title='bbox 3086 1456 3468 1527; x_wconf 85' lang='grc' dir='ltr'>ἀπαλλαγῆναι</span> <span class='ocrx_word' id='word_1_505' title='bbox 3499 1455 3600 1508; x_wconf 88' lang='grc' dir='ltr'>τοῦ</span> 
     </span>
    </p>
   </div>
   <div class='ocr_carea' id='block_1_69' title="bbox 2034 1539 3598 1614">
    <p class='ocr_par' dir='ltr' id='par_1_69' title="bbox 2034 1539 3598 1614">
     <span class='ocr_line' id='line_1_69' title="bbox 2034 1539 3598 1614; baseline -0.001 -21"><span class='ocrx_word' id='word_1_506' title='bbox 2034 1541 2272 1611; x_wconf 87' lang='grc' dir='ltr'>πολέμου</span> <span class='ocrx_word' id='word_1_507' title='bbox 2302 1541 2441 1612; x_wconf 85' lang='grc' dir='ltr'>μετὰ</span> <span class='ocrx_word' id='word_1_508' title='bbox 2471 1542 2711 1607; x_wconf 82' lang='grc' dir='ltr'>εὐδοξίας</span> <span class='ocrx_word' id='word_1_509' title='bbox 2741 1543 2834 1597; x_wconf 79' lang='grc' dir='ltr'>καὶ</span> <span class='ocrx_word' id='word_1_510' title='bbox 2883 1543 3179 1614; x_wconf 86' lang='grc' dir='ltr'>τροπαίων,</span> <span class='ocrx_word' id='word_1_511' title='bbox 3210 1541 3306 1594; x_wconf 77' lang='grc' dir='ltr'>καὶ</span> <span class='ocrx_word' id='word_1_512' title='bbox 3343 1540 3482 1611; x_wconf 90' lang='grc' dir='ltr'>μετά</span> <span class='ocrx_word' id='word_1_513' title='bbox 3499 1539 3598 1593; x_wconf 88' lang='grc' dir='ltr'>τοῦ</span> 
     </span>
    </p>
   </div>
   <div class='ocr_carea' id='block_1_70' title="bbox 2034 1626 3600 1700">
    <p class='ocr_par' dir='ltr' id='par_1_70' title="bbox 2034 1626 3600 1700">
     <span class='ocr_line' id='line_1_70' title="bbox 2034 1626 3600 1700; baseline -0.001 -20"><span class='ocrx_word' id='word_1_514' title='bbox 2034 1627 2294 1698; x_wconf 85' lang='grc' dir='ltr'>βασιλέως</span> <span class='ocrx_word' id='word_1_515' title='bbox 2341 1630 2401 1683; x_wconf 77' lang='grc' dir='ltr'>ὲν</span> <span class='ocrx_word' id='word_1_516' title='bbox 2454 1632 2567 1693; x_wconf 85' lang='grc' dir='ltr'>τοῖς</span> <span class='ocrx_word' id='word_1_517' title='bbox 2618 1630 2908 1700; x_wconf 87' lang='grc' dir='ltr'>βασιλείοις</span> <span class='ocrx_word' id='word_1_518' title='bbox 2926 1629 3328 1693; x_wconf 87' lang='grc' dir='ltr'>ἀναπαύεσθαι,</span> <span class='ocrx_word' id='word_1_519' title='bbox 3367 1626 3600 1682; x_wconf 81' lang='grc' dir='ltr'>καταδέ-</span> 
     </span>
    </p>
   </div>
   <div class='ocr_carea' id='block_1_71' title="bbox 2032 1708 3594 1784">
    <p class='ocr_par' dir='ltr' id='par_1_71' title="bbox 2032 1708 3594 1784">
     <span class='ocr_line' id='line_1_71' title="bbox 2032 1708 3594 1784; baseline -0.001 -18"><span class='ocrx_word' id='word_1_520' title='bbox 2032 1713 2180 1780; x_wconf 81' lang='grc' dir='ltr'>ξαιτο</span> <span class='ocrx_word' id='word_1_521' title='bbox 2205 1714 2270 1768; x_wconf 82' lang='grc' dir='ltr'>ἂν</span> <span class='ocrx_word' id='word_1_522' title='bbox 2288 1714 2367 1768; x_wconf 82' lang='grc' dir='ltr'>ἐτι</span> <span class='ocrx_word' id='word_1_523' title='bbox 2388 1716 2479 1769; x_wconf 76' lang='grc' dir='ltr'>καὶ</span> <span class='ocrx_word' id='word_1_524' title='bbox 2507 1715 2684 1784; x_wconf 86' lang='grc' dir='ltr'>ίδροῦν</span> <span class='ocrx_word' id='word_1_525' title='bbox 2714 1717 2813 1770; x_wconf 69' lang='grc' dir='ltr'>καὶ</span> <span class='ocrx_word' id='word_1_526' title='bbox 2832 1714 3306 1782; x_wconf 80' lang='grc' dir='ltr'>παρατάττεσθαι;</span> <span class='ocrx_word' id='word_1_527' title='bbox 3334 1713 3457 1776; x_wconf 85' lang='grc' dir='ltr'>Πῶς</span> <span class='ocrx_word' id='word_1_528' title='bbox 3495 1708 3594 1766; x_wconf 81' lang='grc' dir='ltr'>οὖν</span> 
     </span>
    </p>
   </div>
   <div class='ocr_carea' id='block_1_72' title="bbox 2030 1799 3600 1873">
    <p class='ocr_par' dir='ltr' id='par_1_72' title="bbox 2030 1799 3600 1873">
     <span class='ocr_line' id='line_1_72' title="bbox 2030 1799 3600 1873; baseline -0.001 -19"><span class='ocrx_word' id='word_1_529' title='bbox 2030 1801 2124 1855; x_wconf 84' lang='grc' dir='ltr'>τὸν</span> <span class='ocrx_word' id='word_1_530' title='bbox 2164 1801 2309 1856; x_wconf 79' lang='grc' dir='ltr'>οὓτω</span> <span class='ocrx_word' id='word_1_531' title='bbox 2351 1803 2688 1873; x_wconf 73' lang='grc' dir='ltr'>κατάπιοερον</span> <span class='ocrx_word' id='word_1_532' title='bbox 2733 1803 2840 1867; x_wconf 80' lang='grc' dir='ltr'>ζῶν</span> <span class='ocrx_word' id='word_1_533' title='bbox 2873 1802 3016 1872; x_wconf 82' lang='grc' dir='ltr'>βίον,</span> <span class='ocrx_word' id='word_1_534' title='bbox 3043 1803 3121 1856; x_wconf 78' lang='grc' dir='ltr'>ἔτι</span> <span class='ocrx_word' id='word_1_535' title='bbox 3151 1800 3384 1855; x_wconf 80' lang='grc' dir='ltr'>ἐνταῦθα</span> <span class='ocrx_word' id='word_1_536' title='bbox 3416 1799 3600 1870; x_wconf 84' lang='grc' dir='ltr'>μένειν</span> 
     </span>
    </p>
   </div>
   <div class='ocr_carea' id='block_1_73' title="bbox 2034 1886 3603 1959">
    <p class='ocr_par' dir='ltr' id='par_1_73' title="bbox 2034 1886 3603 1959">
     <span class='ocr_line' id='line_1_73' title="bbox 2034 1886 3603 1959; baseline -0.001 -19"><span class='ocrx_word' id='word_1_537' title='bbox 2034 1887 2253 1958; x_wconf 85' lang='grc' dir='ltr'>βούλει;</span> <span class='ocrx_word' id='word_1_538' title='bbox 2292 1889 2413 1959; x_wconf 77' lang='grc' dir='ltr'>οὐχὶ</span> <span class='ocrx_word' id='word_1_539' title='bbox 2460 1888 2524 1941; x_wconf 77' lang='grc' dir='ltr'>σὺ</span> <span class='ocrx_word' id='word_1_540' title='bbox 2555 1889 2760 1957; x_wconf 71' lang='grc' dir='ltr'>ἔλεγες,</span> <span class='ocrx_word' id='word_1_541' title='bbox 2802 1887 3095 1957; x_wconf 78' lang='grc' dir='ltr'>Φοϐοῦμαι</span> <span class='ocrx_word' id='word_1_542' title='bbox 3111 1887 3196 1957; x_wconf 82' lang='grc' dir='ltr'>μή</span> <span class='ocrx_word' id='word_1_543' title='bbox 3238 1902 3363 1953; x_wconf 80' lang='grc' dir='ltr'>πως</span> <span class='ocrx_word' id='word_1_544' title='bbox 3386 1886 3603 1950; x_wconf 79' lang='grc' dir='ltr'>ἄλλοις</span> 
     </span>
    </p>
   </div>
   <div class='ocr_carea' id='block_1_74' title="bbox 2032 1971 3602 2045">
    <p class='ocr_par' dir='ltr' id='par_1_74' title="bbox 2032 1971 3602 2045">
     <span class='ocr_line' id='line_1_74' title="bbox 2032 1971 3602 2045; baseline -0.003 -16"><span class='ocrx_word' id='word_1_545' title='bbox 2032 1975 2317 2042; x_wconf 83' lang='grc' dir='ltr'>κηρύξας,</span> <span class='ocrx_word' id='word_1_546' title='bbox 2373 1976 2556 2042; x_wconf 82' lang='grc' dir='ltr'>αὐτὸς</span> <span class='ocrx_word' id='word_1_547' title='bbox 2612 1976 2897 2045; x_wconf 83' lang='grc' dir='ltr'>ἀδόκιμος</span> <span class='ocrx_word' id='word_1_548' title='bbox 2949 1975 3201 2045; x_wconf 73' lang='grc' dir='ltr'>γένωμαι</span> <span class='ocrx_word' id='word_1_549' title='bbox 3224 1990 3244 2038; x_wconf 90' lang='grc'><em>;</em></span> <span class='ocrx_word' id='word_1_550' title='bbox 3275 1973 3335 2027; x_wconf 71' lang='lat' dir='ltr'>Et</span> <span class='ocrx_word' id='word_1_551' title='bbox 3365 1972 3458 2026; x_wconf 81' lang='grc' dir='ltr'>καὶ</span> <span class='ocrx_word' id='word_1_552' title='bbox 3505 1971 3602 2025; x_wconf 89' lang='grc' dir='ltr'>διά</span> 
     </span>
    </p>
   </div>
   <div class='ocr_carea' id='block_1_75' title="bbox 2036 2057 3600 2132">
    <p class='ocr_par' dir='ltr' id='par_1_75' title="bbox 2036 2057 3600 2132">
     <span class='ocr_line' id='line_1_75' title="bbox 2036 2057 3600 2132; baseline -0.003 -18"><span class='ocrx_word' id='word_1_553' title='bbox 2036 2060 2202 2131; x_wconf 84' lang='grc' dir='ltr'>μηδὲν</span> <span class='ocrx_word' id='word_1_554' title='bbox 2245 2062 2454 2132; x_wconf 69' lang='grc' dir='ltr'>ἕτερον,</span> <span class='ocrx_word' id='word_1_555' title='bbox 2484 2060 2574 2115; x_wconf 83' lang='grc' dir='ltr'>διὰ</span> <span class='ocrx_word' id='word_1_556' title='bbox 2616 2061 2776 2115; x_wconf 86' lang='grc' dir='ltr'>τοῦτο</span> <span class='ocrx_word' id='word_1_557' title='bbox 2806 2061 2941 2129; x_wconf 86' lang='grc' dir='ltr'>γοῦν</span> <span class='ocrx_word' id='word_1_558' title='bbox 2966 2060 3135 2131; x_wconf 84' lang='grc' dir='ltr'>ἐχρῆν</span> <span class='ocrx_word' id='word_1_559' title='bbox 3157 2058 3446 2129; x_wconf 65' lang='grc' dir='ltr'>ἐπιθυμεῖν</span> <span class='ocrx_word' id='word_1_560' title='bbox 3491 2057 3600 2126; x_wconf 80' lang='grc' dir='ltr'>τῆς</span> 
     </span>
    </p>
   </div>
   <div class='ocr_carea' id='block_1_76' title="bbox 2033 2143 3602 2218">
    <p class='ocr_par' dir='ltr' id='par_1_76' title="bbox 2033 2143 3602 2218">
     <span class='ocr_line' id='line_1_76' title="bbox 2033 2143 3602 2218; baseline -0.001 -19"><span class='ocrx_word' id='word_1_561' title='bbox 2033 2146 2385 2218; x_wconf 53' lang='grc' dir='ltr'>ἀπαλλαγῆς</span> <span class='ocrx_word' id='word_1_562' title='bbox 2420 2148 2470 2201; x_wconf 86' lang='grc' dir='ltr'>εί</span> <span class='ocrx_word' id='word_1_563' title='bbox 2530 2147 2739 2218; x_wconf 90' lang='grc' dir='ltr'>μυρίων</span> <span class='ocrx_word' id='word_1_564' title='bbox 2784 2143 2853 2218; x_wconf 83' lang='grc' dir='ltr'>ἦν</span> <span class='ocrx_word' id='word_1_565' title='bbox 2882 2146 3105 2215; x_wconf 82' lang='grc' dir='ltr'>ἀγαθῶν</span> <span class='ocrx_word' id='word_1_566' title='bbox 3128 2147 3300 2217; x_wconf 87' lang='grc' dir='ltr'>μεστά</span> <span class='ocrx_word' id='word_1_567' title='bbox 3348 2145 3419 2199; x_wconf 90' lang='grc' dir='ltr'>τά</span> <span class='ocrx_word' id='word_1_568' title='bbox 3457 2162 3602 2215; x_wconf 85' lang='grc' dir='ltr'>παρ-</span> 
     </span>
    </p>
   </div>
   <div class='ocr_carea' id='block_1_77' title="bbox 2032 2234 3605 2307">
    <p class='ocr_par' dir='ltr' id='par_1_77' title="bbox 2032 2234 3605 2307">
     <span class='ocr_line' id='line_1_77' title="bbox 2032 2234 3605 2307; baseline 0.001 -20"><span class='ocrx_word' id='word_1_569' title='bbox 2032 2234 2182 2299; x_wconf 89' lang='grc' dir='ltr'>όντα,</span> <span class='ocrx_word' id='word_1_570' title='bbox 2216 2234 2305 2289; x_wconf 89' lang='grc' dir='ltr'>διά</span> <span class='ocrx_word' id='word_1_571' title='bbox 2330 2235 2461 2305; x_wconf 90' lang='grc' dir='ltr'>γοῦν</span> <span class='ocrx_word' id='word_1_572' title='bbox 2488 2234 2581 2290; x_wconf 79' lang='grc' dir='ltr'>τὸν</span> <span class='ocrx_word' id='word_1_573' title='bbox 2619 2237 2852 2307; x_wconf 83' lang='grc' dir='ltr'>Χριστὸν</span> <span class='ocrx_word' id='word_1_574' title='bbox 2880 2236 2973 2290; x_wconf 80' lang='grc' dir='ltr'>τὸν</span> <span class='ocrx_word' id='word_1_575' title='bbox 3000 2235 3332 2306; x_wconf 88' lang='grc' dir='ltr'>ποθούμενον</span> <span class='ocrx_word' id='word_1_576' title='bbox 3362 2234 3470 2288; x_wconf 67' lang='grc' dir='ltr'>ἔδει</span> <span class='ocrx_word' id='word_1_577' title='bbox 3500 2251 3605 2288; x_wconf 87' lang='grc' dir='ltr'>πο-</span> 
     </span>
    </p>
   </div>
   <div class='ocr_carea' id='block_1_78' title="bbox 2035 2320 3599 2395">
    <p class='ocr_par' dir='ltr' id='par_1_78' title="bbox 2035 2320 3599 2395">
     <span class='ocr_line' id='line_1_78' title="bbox 2035 2320 3599 2395; baseline 0 -22"><span class='ocrx_word' id='word_1_578' title='bbox 2035 2322 2146 2374; x_wconf 85' lang='grc' dir='ltr'>θεῖν</span> <span class='ocrx_word' id='word_1_579' title='bbox 2176 2321 2273 2392; x_wconf 83' lang='grc' dir='ltr'>τήν</span> <span class='ocrx_word' id='word_1_580' title='bbox 2312 2321 2519 2377; x_wconf 85' lang='grc' dir='ltr'>τούτων</span> <span class='ocrx_word' id='word_1_581' title='bbox 2566 2323 2905 2395; x_wconf 91' lang='grc' dir='ltr'>ἀπαλλαγήν.</span> <span class='ocrx_word' id='word_1_582' title='bbox 2936 2323 3109 2378; x_wconf 77' lang='grc' dir='ltr'>Βαϐαὶ</span> <span class='ocrx_word' id='word_1_583' title='bbox 3126 2322 3227 2393; x_wconf 82' lang='grc' dir='ltr'>τῆς</span> <span class='ocrx_word' id='word_1_584' title='bbox 3252 2321 3345 2375; x_wconf 88' lang='grc' dir='ltr'>τοῦ</span> <span class='ocrx_word' id='word_1_585' title='bbox 3380 2320 3599 2374; x_wconf 83' lang='grc' dir='ltr'>Παύλου</span> 
     </span>
    </p>
   </div>
   <div class='ocr_carea' id='block_1_79' title="bbox 2030 2406 3601 2480">
    <p class='ocr_par' dir='ltr' id='par_1_79' title="bbox 2030 2406 3601 2480">
     <span class='ocr_line' id='line_1_79' title="bbox 2030 2406 3601 2480; baseline -0.001 -20"><span class='ocrx_word' id='word_1_586' title='bbox 2030 2406 2208 2477; x_wconf 79' lang='grc' dir='ltr'>ψυχῆς</span> <span class='ocrx_word' id='word_1_587' title='bbox 2233 2410 2246 2460; x_wconf 85' lang='grc' dir='ltr'>ί</span> <span class='ocrx_word' id='word_1_588' title='bbox 2278 2408 2431 2462; x_wconf 85' lang='grc' dir='ltr'>οὐδὲν</span> <span class='ocrx_word' id='word_1_589' title='bbox 2459 2408 2573 2463; x_wconf 77' lang='grc' dir='ltr'>ἴσον</span> <span class='ocrx_word' id='word_1_590' title='bbox 2604 2409 2819 2480; x_wconf 78' lang='grc' dir='ltr'>ἐκείνης</span> <span class='ocrx_word' id='word_1_591' title='bbox 2850 2410 3094 2477; x_wconf 88' lang='grc' dir='ltr'>γέγονεν,</span> <span class='ocrx_word' id='word_1_592' title='bbox 3129 2408 3248 2462; x_wconf 80' lang='grc' dir='ltr'>οὐδὲ</span> <span class='ocrx_word' id='word_1_593' title='bbox 3262 2406 3601 2478; x_wconf 71' lang='grc' dir='ltr'>ἕσται.Φοϐῇ</span> 
     </span>
    </p>
   </div>
   <div class='ocr_carea' id='block_1_80' title="bbox 2030 2490 3603 2567">
    <p class='ocr_par' dir='ltr' id='par_1_80' title="bbox 2030 2490 3603 2567">
     <span class='ocr_line' id='line_1_80' title="bbox 2030 2490 3603 2567; baseline 0 -21"><span class='ocrx_word' id='word_1_594' title='bbox 2030 2494 2091 2546; x_wconf 75' lang='grc' dir='ltr'>τὸ</span> <span class='ocrx_word' id='word_1_595' title='bbox 2130 2494 2342 2565; x_wconf 82' lang='grc' dir='ltr'>μέλλον,</span> <span class='ocrx_word' id='word_1_596' title='bbox 2369 2495 2584 2566; x_wconf 91' lang='grc' dir='ltr'>μυρίοις</span> <span class='ocrx_word' id='word_1_597' title='bbox 2614 2496 2773 2567; x_wconf 81' lang='grc' dir='ltr'>ἐνέχη</span> <span class='ocrx_word' id='word_1_598' title='bbox 2801 2496 3015 2560; x_wconf 84' lang='grc' dir='ltr'>δεινοῖς,</span> <span class='ocrx_word' id='word_1_599' title='bbox 3047 2496 3139 2550; x_wconf 77' lang='grc' dir='ltr'>καὶ</span> <span class='ocrx_word' id='word_1_600' title='bbox 3157 2496 3216 2548; x_wconf 83' lang='grc' dir='ltr'>οὐ</span> <span class='ocrx_word' id='word_1_601' title='bbox 3252 2494 3428 2565; x_wconf 81' lang='grc' dir='ltr'>βούλει</span> <span class='ocrx_word' id='word_1_602' title='bbox 3454 2490 3603 2548; x_wconf 72' lang='grc' dir='ltr'>εἶναι</span> 
     </span>
    </p>
   </div>
   <div class='ocr_carea' id='block_1_81' title="bbox 2031 2580 3600 2653">
    <p class='ocr_par' dir='ltr' id='par_1_81' title="bbox 2031 2580 3600 2653">
     <span class='ocr_line' id='line_1_81' title="bbox 2031 2580 3600 2653; baseline 0.001 -20"><span class='ocrx_word' id='word_1_603' title='bbox 2031 2581 2167 2651; x_wconf 75' lang='grc' dir='ltr'>πρὸς</span> <span class='ocrx_word' id='word_1_604' title='bbox 2194 2581 2286 2635; x_wconf 79' lang='grc' dir='ltr'>τὸν</span> <span class='ocrx_word' id='word_1_605' title='bbox 2312 2583 2580 2653; x_wconf 84' lang='grc' dir='ltr'>Χριστόν;</span> <span class='ocrx_word' id='word_1_606' title='bbox 2603 2580 2702 2649; x_wconf 84' lang='grc' dir='ltr'>Οὒ,</span> <span class='ocrx_word' id='word_1_607' title='bbox 2728 2583 2898 2653; x_wconf 86' lang='grc' dir='ltr'>φησί·</span> <span class='ocrx_word' id='word_1_608' title='bbox 2925 2583 3020 2637; x_wconf 77' lang='grc' dir='ltr'>καὶ</span> <span class='ocrx_word' id='word_1_609' title='bbox 3045 2583 3203 2637; x_wconf 87' lang='grc' dir='ltr'>τοῦτο</span> <span class='ocrx_word' id='word_1_610' title='bbox 3228 2583 3314 2636; x_wconf 90' lang='grc' dir='ltr'>διά</span> <span class='ocrx_word' id='word_1_611' title='bbox 3335 2583 3427 2635; x_wconf 78' lang='grc' dir='ltr'>τὸν</span> <span class='ocrx_word' id='word_1_612' title='bbox 3457 2583 3503 2635; x_wconf 87' lang='grc' dir='ltr'>Χ</span> <span class='ocrx_word' id='word_1_613' title='bbox 3514 2599 3600 2652; x_wconf 84' lang='grc' dir='ltr'>ρι-</span> 
     </span>
    </p>
   </div>
   <div class='ocr_carea' id='block_1_82' title="bbox 2032 2666 3605 2740">
    <p class='ocr_par' dir='ltr' id='par_1_82' title="bbox 2032 2666 3605 2740">
     <span class='ocr_line' id='line_1_82' title="bbox 2032 2666 3605 2740; baseline 0 -19"><span class='ocrx_word' id='word_1_614' title='bbox 2032 2668 2177 2734; x_wconf 81' lang='grc' dir='ltr'>στὸν,</span> <span class='ocrx_word' id='word_1_615' title='bbox 2207 2668 2297 2722; x_wconf 77' lang='grc' dir='ltr'>ἵνα</span> <span class='ocrx_word' id='word_1_616' title='bbox 2341 2666 2435 2731; x_wconf 78' lang='grc' dir='ltr'>οὒς</span> <span class='ocrx_word' id='word_1_617' title='bbox 2478 2670 2820 2740; x_wconf 88' lang='grc' dir='ltr'>είργασάμην</span> <span class='ocrx_word' id='word_1_618' title='bbox 2852 2669 3016 2722; x_wconf 82' lang='grc' dir='ltr'>αὐτοῦ</span> <span class='ocrx_word' id='word_1_619' title='bbox 3038 2668 3276 2733; x_wconf 74' lang='grc' dir='ltr'>δούλους,</span> <span class='ocrx_word' id='word_1_620' title='bbox 3308 2668 3605 2721; x_wconf 77' lang='grc' dir='ltr'>εύνουστέ-</span> 
     </span>
    </p>
   </div>
   <div class='ocr_carea' id='block_1_83' title="bbox 2030 2754 3606 2827">
    <p class='ocr_par' dir='ltr' id='par_1_83' title="bbox 2030 2754 3606 2827">
     <span class='ocr_line' id='line_1_83' title="bbox 2030 2754 3606 2827; baseline 0.001 -20"><span class='ocrx_word' id='word_1_621' title='bbox 2030 2771 2156 2827; x_wconf 89' lang='grc' dir='ltr'>ρους</span> <span class='ocrx_word' id='word_1_622' title='bbox 2178 2756 2502 2825; x_wconf 84' lang='grc' dir='ltr'>καταστήσω</span> <span class='ocrx_word' id='word_1_623' title='bbox 2520 2772 2533 2786; x_wconf 89' lang='grc'><strong>·</strong></span> <span class='ocrx_word' id='word_1_624' title='bbox 2565 2756 2650 2809; x_wconf 79' lang='grc' dir='ltr'>ἵνα</span> <span class='ocrx_word' id='word_1_625' title='bbox 2679 2754 2814 2826; x_wconf 82' lang='grc' dir='ltr'>ὅπερ</span> <span class='ocrx_word' id='word_1_626' title='bbox 2836 2755 3108 2825; x_wconf 72' lang='grc' dir='ltr'>ἐφύτευσα</span> <span class='ocrx_word' id='word_1_627' title='bbox 3130 2755 3416 2825; x_wconf 85' lang='grc' dir='ltr'>γεώργιον,</span> <span class='ocrx_word' id='word_1_628' title='bbox 3460 2772 3606 2826; x_wconf 80' lang='grc' dir='ltr'>καρ-</span> 
     </span>
    </p>
   </div>
   <div class='ocr_carea' id='block_1_84' title="bbox 2030 2841 3606 2913">
    <p class='ocr_par' dir='ltr' id='par_1_84' title="bbox 2030 2841 3606 2913">
     <span class='ocr_line' id='line_1_84' title="bbox 2030 2841 3606 2913; baseline 0.001 -19"><span class='ocrx_word' id='word_1_629' title='bbox 2030 2841 2337 2912; x_wconf 77' lang='grc' dir='ltr'>ποφορῆσαι</span> <span class='ocrx_word' id='word_1_630' title='bbox 2369 2842 2600 2911; x_wconf 88' lang='grc' dir='ltr'>ποιήσω.</span> <span class='ocrx_word' id='word_1_631' title='bbox 2642 2843 2755 2896; x_wconf 84' lang='grc' dir='ltr'>Οὐκ</span> <span class='ocrx_word' id='word_1_632' title='bbox 2784 2843 3023 2913; x_wconf 82' lang='grc' dir='ltr'>ήκουσάς</span> <span class='ocrx_word' id='word_1_633' title='bbox 3058 2860 3158 2913; x_wconf 88' lang='grc' dir='ltr'>μου</span> <span class='ocrx_word' id='word_1_634' title='bbox 3187 2842 3308 2912; x_wconf 74' lang='grc' dir='ltr'>οὐχὶ</span> <span class='ocrx_word' id='word_1_635' title='bbox 3332 2842 3393 2895; x_wconf 78' lang='grc' dir='ltr'>τδ</span> <span class='ocrx_word' id='word_1_636' title='bbox 3422 2844 3606 2913; x_wconf 86' lang='grc' dir='ltr'>ἐμαυ-</span> 
     </span>
    </p>
   </div>
   <div class='ocr_carea' id='block_1_85' title="bbox 2028 2929 3604 3002">
    <p class='ocr_par' dir='ltr' id='par_1_85' title="bbox 2028 2929 3604 3002">
     <span class='ocr_line' id='line_1_85' title="bbox 2028 2929 3604 3002; baseline -0.001 -18"><span class='ocrx_word' id='word_1_637' title='bbox 2028 2930 2123 2984; x_wconf 89' lang='grc' dir='ltr'>τοῦ</span> <span class='ocrx_word' id='word_1_638' title='bbox 2180 2929 2469 3001; x_wconf 77' lang='grc' dir='ltr'>ζητοῦντος</span> <span class='ocrx_word' id='word_1_639' title='bbox 2514 2931 2792 3002; x_wconf 79' lang='grc' dir='ltr'>συμφέρον</span> <span class='ocrx_word' id='word_1_640' title='bbox 2819 2974 2833 2996; x_wconf 93' lang='grc'>,</span> <span class='ocrx_word' id='word_1_641' title='bbox 2872 2932 3007 2986; x_wconf 90' lang='grc' dir='ltr'>ἀλλά</span> <span class='ocrx_word' id='word_1_642' title='bbox 3050 2931 3112 2985; x_wconf 74' lang='grc' dir='ltr'>τὸ</span> <span class='ocrx_word' id='word_1_643' title='bbox 3159 2932 3267 2984; x_wconf 88' lang='grc' dir='ltr'>τῶν</span> <span class='ocrx_word' id='word_1_644' title='bbox 3316 2930 3604 3001; x_wconf 75' lang='grc' dir='ltr'>πλησίονς</span> 
     </span>
    </p>
   </div>
   <div class='ocr_carea' id='block_1_86' title="bbox 2028 3016 3608 3087">
    <p class='ocr_par' dir='ltr' id='par_1_86' title="bbox 2028 3016 3608 3087">
     <span class='ocr_line' id='line_1_86' title="bbox 2028 3016 3608 3087; baseline 0.001 -19"><span class='ocrx_word' id='word_1_645' title='bbox 2028 3016 2126 3069; x_wconf 81' lang='grc' dir='ltr'>οὐκ</span> <span class='ocrx_word' id='word_1_646' title='bbox 2178 3017 2434 3086; x_wconf 68' lang='grc' dir='ltr'>ἤκουσας,</span> <span class='ocrx_word' id='word_1_647' title='bbox 2485 3017 2566 3069; x_wconf 84' lang='grc' dir='ltr'>ὅτι</span> <span class='ocrx_word' id='word_1_648' title='bbox 2624 3017 2872 3086; x_wconf 78' lang='grc' dir='ltr'>ἀνάθεμα</span> <span class='ocrx_word' id='word_1_649' title='bbox 2928 3017 3175 3087; x_wconf 78' lang='grc' dir='ltr'>ηὐχόμην</span> <span class='ocrx_word' id='word_1_650' title='bbox 3203 3016 3453 3085; x_wconf 85' lang='grc' dir='ltr'>γενέσθαι</span> <span class='ocrx_word' id='word_1_651' title='bbox 3486 3016 3608 3071; x_wconf 76' lang='grc' dir='ltr'>ἀπὸ</span> 
     </span>
    </p>
   </div>
   <div class='ocr_carea' id='block_1_87' title="bbox 2028 3101 3604 3175">
    <p class='ocr_par' dir='ltr' id='par_1_87' title="bbox 2028 3101 3604 3175">
     <span class='ocr_line' id='line_1_87' title="bbox 2028 3101 3604 3175; baseline -0.001 -19"><span class='ocrx_word' id='word_1_652' title='bbox 2028 3101 2120 3156; x_wconf 90' lang='grc' dir='ltr'>τοῦ</span> <span class='ocrx_word' id='word_1_653' title='bbox 2162 3103 2401 3173; x_wconf 83' lang='grc' dir='ltr'>Χριστοῦ</span> <span class='ocrx_word' id='word_1_654' title='bbox 2453 3103 2591 3173; x_wconf 80' lang='grc' dir='ltr'>ὑπὲρ</span> <span class='ocrx_word' id='word_1_655' title='bbox 2638 3103 2731 3156; x_wconf 85' lang='grc' dir='ltr'>τοῦ</span> <span class='ocrx_word' id='word_1_656' title='bbox 2791 3103 3015 3166; x_wconf 73' lang='grc' dir='ltr'>πολλοὺς</span> <span class='ocrx_word' id='word_1_657' title='bbox 3043 3102 3190 3172; x_wconf 76' lang='grc' dir='ltr'>αὐτῷ</span> <span class='ocrx_word' id='word_1_658' title='bbox 3228 3103 3604 3175; x_wconf 77' lang='grc' dir='ltr'>προσελθεῖνς</span> 
     </span>
    </p>
   </div>
   <div class='ocr_carea' id='block_1_88' title="bbox 2040 3187 3609 3259">
    <p class='ocr_par' dir='ltr' id='par_1_88' title="bbox 2040 3187 3609 3259">
     <span class='ocr_line' id='line_1_88' title="bbox 2040 3187 3609 3259; baseline -0.001 -17"><span class='ocrx_word' id='word_1_659' title='bbox 2040 3190 2099 3242; x_wconf 88' lang='lat'>&#39;0</span> <span class='ocrx_word' id='word_1_660' title='bbox 2122 3190 2298 3242; x_wconf 80' lang='grc' dir='ltr'>ἐκεῖνο</span> <span class='ocrx_word' id='word_1_661' title='bbox 2340 3188 2611 3258; x_wconf 76' lang='grc' dir='ltr'>ἑλόμενος,</span> <span class='ocrx_word' id='word_1_662' title='bbox 2659 3191 2720 3243; x_wconf 84' lang='grc' dir='ltr'>οὺ</span> <span class='ocrx_word' id='word_1_663' title='bbox 2752 3189 2928 3259; x_wconf 87' lang='grc' dir='ltr'>πολλῷ</span> <span class='ocrx_word' id='word_1_664' title='bbox 2982 3188 3179 3258; x_wconf 77' lang='grc' dir='ltr'>μᾶλλον</span> <span class='ocrx_word' id='word_1_665' title='bbox 3227 3187 3387 3241; x_wconf 86' lang='grc' dir='ltr'>τοῦτο</span> <span class='ocrx_word' id='word_1_666' title='bbox 3436 3190 3609 3258; x_wconf 74' lang='grc' dir='ltr'>αἱρήο</span> 
     </span>
    </p>
   </div>
   <div class='ocr_carea' id='block_1_89' title="bbox 2031 3275 3608 3347">
    <p class='ocr_par' dir='ltr' id='par_1_89' title="bbox 2031 3275 3608 3347">
     <span class='ocr_line' id='line_1_89' title="bbox 2031 3275 3608 3347; baseline -0.001 -18"><span class='ocrx_word' id='word_1_667' title='bbox 2031 3292 2232 3346; x_wconf 88' lang='grc' dir='ltr'>σομαι,</span> <span class='ocrx_word' id='word_1_668' title='bbox 2284 3275 2456 3345; x_wconf 75' lang='grc' dir='ltr'>ἡδέως</span> <span class='ocrx_word' id='word_1_669' title='bbox 2513 3277 2745 3347; x_wconf 83' lang='grc' dir='ltr'>ἐμαυτὸν</span> <span class='ocrx_word' id='word_1_670' title='bbox 2809 3276 3021 3347; x_wconf 81' lang='grc' dir='ltr'>ζημιῶν</span> <span class='ocrx_word' id='word_1_671' title='bbox 3080 3275 3167 3329; x_wconf 82' lang='grc' dir='ltr'>διὰ</span> <span class='ocrx_word' id='word_1_672' title='bbox 3234 3278 3335 3345; x_wconf 83' lang='grc' dir='ltr'>τῆς</span> <span class='ocrx_word' id='word_1_673' title='bbox 3397 3275 3608 3329; x_wconf 80' lang='grc' dir='ltr'>ἀναϐο-</span> 
     </span>
    </p>
   </div>
   <div class='ocr_carea' id='block_1_90' title="bbox 2028 3362 3608 3433">
    <p class='ocr_par' dir='ltr' id='par_1_90' title="bbox 2028 3362 3608 3433">
     <span class='ocr_line' id='line_1_90' title="bbox 2028 3362 3608 3433; baseline -0.001 -17"><span class='ocrx_word' id='word_1_674' title='bbox 2028 3363 2126 3433; x_wconf 85' lang='grc' dir='ltr'>λῆς</span> <span class='ocrx_word' id='word_1_675' title='bbox 2188 3363 2285 3417; x_wconf 70' lang='grc' dir='ltr'>καὶ</span> <span class='ocrx_word' id='word_1_676' title='bbox 2343 3363 2726 3433; x_wconf 78' lang='grc' dir='ltr'>ὑπερθέσεως,</span> <span class='ocrx_word' id='word_1_677' title='bbox 2786 3363 2872 3415; x_wconf 81' lang='grc' dir='ltr'>ἵνα</span> <span class='ocrx_word' id='word_1_678' title='bbox 2938 3362 3165 3426; x_wconf 81' lang='grc' dir='ltr'>ἐκείνοις</span> <span class='ocrx_word' id='word_1_679' title='bbox 3225 3362 3451 3433; x_wconf 82' lang='grc' dir='ltr'>γένηταί</span> <span class='ocrx_word' id='word_1_680' title='bbox 3519 3378 3608 3425; x_wconf 89' lang='grc' dir='ltr'>τις</span> 
     </span>
    </p>
   </div>
   <div class='ocr_carea' id='block_1_91' title="bbox 2032 3449 2308 3520">
    <p class='ocr_par' dir='ltr' id='par_1_91' title="bbox 2032 3449 2308 3520">
     <span class='ocr_line' id='line_1_91' title="bbox 2032 3449 2308 3520; baseline 0.004 -20"><span class='ocrx_word' id='word_1_681' title='bbox 2032 3449 2274 3520; x_wconf 87' lang='grc' dir='ltr'>σωτηρία</span> <span class='ocrx_word' id='word_1_682' title='bbox 2292 3463 2308 3513; x_wconf 87' lang='lat'>;</span> 
     </span>
    </p>
   </div>
   <div class='ocr_carea' id='block_1_92' title="bbox 2018 3590 3611 3664">
    <p class='ocr_par' dir='ltr' id='par_1_92' title="bbox 2018 3590 3611 3664">
     <span class='ocr_line' id='line_1_92' title="bbox 2018 3590 3611 3664; baseline 0.001 -19"><span class='ocrx_word' id='word_1_683' title='bbox 2018 3604 2021 3605; x_wconf 72' lang='lat'><strong><em>&#39;</em></strong></span> <span class='ocrx_word' id='word_1_684' title='bbox 2103 3593 2197 3657; x_wconf 88' lang='grc' dir='ltr'>Τίς</span> <span class='ocrx_word' id='word_1_685' title='bbox 2243 3590 2503 3658; x_wconf 83' lang='grc' dir='ltr'>λαλήσει</span> <span class='ocrx_word' id='word_1_686' title='bbox 2551 3590 2661 3659; x_wconf 83' lang='grc' dir='ltr'>τὰς·</span> <span class='ocrx_word' id='word_1_687' title='bbox 2703 3592 3064 3661; x_wconf 82' lang='grc' dir='ltr'>δυναστείας</span> <span class='ocrx_word' id='word_1_688' title='bbox 3092 3609 3245 3658; x_wconf 89' lang='grc' dir='ltr'>σου,</span> <span class='ocrx_word' id='word_1_689' title='bbox 3280 3590 3481 3664; x_wconf 83' lang='grc' dir='ltr'>Κύριε,</span> <span class='ocrx_word' id='word_1_690' title='bbox 3521 3594 3611 3647; x_wconf 86' lang='grc' dir='ltr'>ὅτι</span> 
     </span>
    </p>
   </div>
   <div class='ocr_carea' id='block_1_93' title="bbox 2027 3680 3611 3752">
    <p class='ocr_par' dir='ltr' id='par_1_93' title="bbox 2027 3680 3611 3752">
     <span class='ocr_line' id='line_1_93' title="bbox 2027 3680 3611 3752; baseline -0.002 -17"><span class='ocrx_word' id='word_1_691' title='bbox 2027 3680 2237 3735; x_wconf 82' lang='grc' dir='ltr'>Παῦλον</span> <span class='ocrx_word' id='word_1_692' title='bbox 2267 3682 2367 3734; x_wconf 80' lang='grc' dir='ltr'>οὐκ</span> <span class='ocrx_word' id='word_1_693' title='bbox 2396 3681 2615 3751; x_wconf 81' lang='grc' dir='ltr'>ἀφῆκας</span> <span class='ocrx_word' id='word_1_694' title='bbox 2646 3680 2849 3745; x_wconf 87' lang='grc' dir='ltr'>λαθεῖν,</span> <span class='ocrx_word' id='word_1_695' title='bbox 2871 3683 2954 3735; x_wconf 82' lang='grc' dir='ltr'>ὅτι</span> <span class='ocrx_word' id='word_1_696' title='bbox 2981 3681 3184 3744; x_wconf 71' lang='grc' dir='ltr'>ἔδειξας</span> <span class='ocrx_word' id='word_1_697' title='bbox 3208 3684 3273 3752; x_wconf 77' lang='grc' dir='ltr'>τῇ</span> <span class='ocrx_word' id='word_1_698' title='bbox 3295 3681 3611 3752; x_wconf 76' lang='grc' dir='ltr'>οἰκουμένῃ</span> 
     </span>
    </p>
   </div>
   <div class='ocr_carea' id='block_1_94' title="bbox 2025 3766 3614 3838">
    <p class='ocr_par' dir='ltr' id='par_1_94' title="bbox 2025 3766 3614 3838">
     <span class='ocr_line' id='line_1_94' title="bbox 2025 3766 3614 3838; baseline -0.001 -18"><span class='ocrx_word' id='word_1_699' title='bbox 2025 3767 2261 3820; x_wconf 89' lang='grc' dir='ltr'>τοιοῦτον</span> <span class='ocrx_word' id='word_1_700' title='bbox 2286 3766 2454 3838; x_wconf 86' lang='grc' dir='ltr'>ἀνδρα</span> <span class='ocrx_word' id='word_1_701' title='bbox 2480 3784 2496 3832; x_wconf 86' lang='grc'><strong>;</strong></span> <span class='ocrx_word' id='word_1_702' title='bbox 2527 3768 2762 3838; x_wconf 83' lang='grc' dir='ltr'>’ῌνεσάν</span> <span class='ocrx_word' id='word_1_703' title='bbox 2814 3784 2872 3820; x_wconf 87' lang='grc' dir='ltr'>σε</span> <span class='ocrx_word' id='word_1_704' title='bbox 2922 3767 3122 3830; x_wconf 78' lang='grc' dir='ltr'>πάντες</span> <span class='ocrx_word' id='word_1_705' title='bbox 3145 3766 3368 3835; x_wconf 77' lang='grc' dir='ltr'>ἄγγελοι</span> <span class='ocrx_word' id='word_1_706' title='bbox 3393 3768 3614 3836; x_wconf 84' lang='grc' dir='ltr'>ὁμοθυ-</span> 
     </span>
    </p>
   </div>
   <div class='ocr_carea' id='block_1_95' title="bbox 2029 3851 3611 3924">
    <p class='ocr_par' dir='ltr' id='par_1_95' title="bbox 2029 3851 3611 3924">
     <span class='ocr_line' id='line_1_95' title="bbox 2029 3851 3611 3924; baseline 0 -17"><span class='ocrx_word' id='word_1_707' title='bbox 2029 3853 2217 3922; x_wconf 84' lang='grc' dir='ltr'>μαδὸν,</span> <span class='ocrx_word' id='word_1_708' title='bbox 2257 3852 2346 3906; x_wconf 80' lang='grc' dir='ltr'>ὅτε</span> <span class='ocrx_word' id='word_1_709' title='bbox 2403 3852 2472 3906; x_wconf 88' lang='grc' dir='ltr'>τά</span> <span class='ocrx_word' id='word_1_710' title='bbox 2525 3853 2700 3921; x_wconf 86' lang='grc' dir='ltr'>ἀστρα</span> <span class='ocrx_word' id='word_1_711' title='bbox 2730 3852 2992 3924; x_wconf 79' lang='grc' dir='ltr'>εἰργάσω,</span> <span class='ocrx_word' id='word_1_712' title='bbox 3027 3852 3221 3907; x_wconf 82' lang='grc' dir='ltr'>οὐκοῦν</span> <span class='ocrx_word' id='word_1_713' title='bbox 3262 3852 3357 3905; x_wconf 77' lang='grc' dir='ltr'>καὶ</span> <span class='ocrx_word' id='word_1_714' title='bbox 3386 3853 3483 3906; x_wconf 84' lang='grc' dir='ltr'>ὅτε</span> <span class='ocrx_word' id='word_1_715' title='bbox 3507 3851 3611 3907; x_wconf 79' lang='grc' dir='ltr'>τὸν</span> 
     </span>
    </p>
   </div>
   <div class='ocr_carea' id='block_1_96' title="bbox 2026 3937 3611 4009">
    <p class='ocr_par' dir='ltr' id='par_1_96' title="bbox 2026 3937 3611 4009">
     <span class='ocr_line' id='line_1_96' title="bbox 2026 3937 3611 4009; baseline 0.001 -18"><span class='ocrx_word' id='word_1_716' title='bbox 2026 3939 2214 4009; x_wconf 77' lang='grc' dir='ltr'>ήλιονο</span> <span class='ocrx_word' id='word_1_717' title='bbox 2252 3937 2367 3992; x_wconf 78' lang='grc' dir='ltr'>ἀλλ’</span> <span class='ocrx_word' id='word_1_718' title='bbox 2414 3938 2511 4008; x_wconf 83' lang='grc' dir='ltr'>οὐχ</span> <span class='ocrx_word' id='word_1_719' title='bbox 2541 3937 2733 4002; x_wconf 76' lang='grc' dir='ltr'>οὕτως,</span> <span class='ocrx_word' id='word_1_720' title='bbox 2764 3938 2840 4001; x_wconf 89' lang='grc' dir='ltr'>ὡς</span> <span class='ocrx_word' id='word_1_721' title='bbox 2878 3940 2964 3991; x_wconf 84' lang='grc' dir='ltr'>ὅτε</span> <span class='ocrx_word' id='word_1_722' title='bbox 2994 3938 3082 3990; x_wconf 76' lang='grc' dir='ltr'>τὸν</span> <span class='ocrx_word' id='word_1_723' title='bbox 3130 3937 3342 3994; x_wconf 86' lang='grc' dir='ltr'>Παῦλον</span> <span class='ocrx_word' id='word_1_724' title='bbox 3381 3938 3611 4005; x_wconf 77' lang='grc' dir='ltr'>ἔδειξας</span> 
     </span>
    </p>
   </div>
   <div class='ocr_carea' id='block_1_97' title="bbox 2025 4023 3610 4097">
    <p class='ocr_par' dir='ltr' id='par_1_97' title="bbox 2025 4023 3610 4097">
     <span class='ocr_line' id='line_1_97' title="bbox 2025 4023 3610 4097; baseline 0 -19"><span class='ocrx_word' id='word_1_725' title='bbox 2025 4026 2158 4095; x_wconf 85' lang='grc' dir='ltr'>ἡμῖν</span> <span class='ocrx_word' id='word_1_726' title='bbox 2187 4026 2280 4080; x_wconf 79' lang='grc' dir='ltr'>καὶ</span> <span class='ocrx_word' id='word_1_727' title='bbox 2310 4027 2376 4096; x_wconf 78' lang='grc' dir='ltr'>τῇ</span> <span class='ocrx_word' id='word_1_728' title='bbox 2407 4025 2699 4095; x_wconf 76' lang='grc' dir='ltr'>οἰκουμένῃ</span> <span class='ocrx_word' id='word_1_729' title='bbox 2727 4026 2895 4097; x_wconf 76' lang='grc' dir='ltr'>πάσῃ.</span> <span class='ocrx_word' id='word_1_730' title='bbox 2925 4023 3023 4077; x_wconf 89' lang='grc' dir='ltr'>Διά</span> <span class='ocrx_word' id='word_1_731' title='bbox 3045 4024 3203 4077; x_wconf 78' lang='grc' dir='ltr'>τοῦτο</span> <span class='ocrx_word' id='word_1_732' title='bbox 3234 4025 3610 4096; x_wconf 83' lang='grc' dir='ltr'>λαμπροτέρα</span> 
     </span>
    </p>
   </div>
   <div class='ocr_carea' id='block_1_98' title="bbox 2024 4106 3611 4182">
    <p class='ocr_par' dir='ltr' id='par_1_98' title="bbox 2024 4106 3611 4182">
     <span class='ocr_line' id='line_1_98' title="bbox 2024 4106 3611 4182; baseline 0 -18"><span class='ocrx_word' id='word_1_733' title='bbox 2024 4111 2248 4181; x_wconf 88' lang='grc' dir='ltr'>γέγονεν</span> <span class='ocrx_word' id='word_1_734' title='bbox 2289 4113 2323 4182; x_wconf 86' lang='grc' dir='ltr'>ή</span> <span class='ocrx_word' id='word_1_735' title='bbox 2370 4113 2441 4181; x_wconf 84' lang='grc' dir='ltr'>γῆ</span> <span class='ocrx_word' id='word_1_736' title='bbox 2474 4109 2569 4162; x_wconf 89' lang='grc' dir='ltr'>τοῦ</span> <span class='ocrx_word' id='word_1_737' title='bbox 2617 4109 2845 4181; x_wconf 81' lang='grc' dir='ltr'>ούρανοῦ</span> <span class='ocrx_word' id='word_1_738' title='bbox 2871 4149 2887 4174; x_wconf 93' lang='grc'>,</span> <span class='ocrx_word' id='word_1_739' title='bbox 2918 4110 3262 4181; x_wconf 83' lang='grc' dir='ltr'>φαιδρότερος</span> <span class='ocrx_word' id='word_1_740' title='bbox 3294 4106 3452 4175; x_wconf 76' lang='grc' dir='ltr'>οὗτος</span> <span class='ocrx_word' id='word_1_741' title='bbox 3503 4111 3611 4165; x_wconf 82' lang='grc' dir='ltr'>τοῦ</span> 
     </span>
    </p>
   </div>
   <div class='ocr_carea' id='block_1_99' title="bbox 2027 4195 3612 4269">
    <p class='ocr_par' dir='ltr' id='par_1_99' title="bbox 2027 4195 3612 4269">
     <span class='ocr_line' id='line_1_99' title="bbox 2027 4195 3612 4269; baseline 0.001 -18"><span class='ocrx_word' id='word_1_742' title='bbox 2027 4196 2250 4269; x_wconf 86' lang='grc' dir='ltr'>ήλιακοῦ</span> <span class='ocrx_word' id='word_1_743' title='bbox 2305 4196 2481 4266; x_wconf 80' lang='grc' dir='ltr'>φωτὸς</span> <span class='ocrx_word' id='word_1_744' title='bbox 2514 4195 2694 4266; x_wconf 79' lang='grc' dir='ltr'>ἀφῆκε</span> <span class='ocrx_word' id='word_1_745' title='bbox 2733 4196 3116 4267; x_wconf 85' lang='grc' dir='ltr'>λαμπροτέρας</span> <span class='ocrx_word' id='word_1_746' title='bbox 3145 4197 3241 4259; x_wconf 77' lang='grc' dir='ltr'>τὰς</span> <span class='ocrx_word' id='word_1_747' title='bbox 3293 4214 3612 4269; x_wconf 84' lang='grc' dir='ltr'>μαρμαρυ-</span> 
     </span>
    </p>
   </div>
   <div class='ocr_carea' id='block_1_100' title="bbox 2025 4281 3614 4354">
    <p class='ocr_par' dir='ltr' id='par_1_100' title="bbox 2025 4281 3614 4354">
     <span class='ocr_line' id='line_1_100' title="bbox 2025 4281 3614 4354; baseline -0.001 -17"><span class='ocrx_word' id='word_1_748' title='bbox 2025 4285 2168 4352; x_wconf 82' lang='grc' dir='ltr'>γὰς,</span> <span class='ocrx_word' id='word_1_749' title='bbox 2197 4283 2427 4354; x_wconf 83' lang='grc' dir='ltr'>φαιδράς</span> <span class='ocrx_word' id='word_1_750' title='bbox 2471 4281 2570 4345; x_wconf 84' lang='grc' dir='ltr'>τὰς</span> <span class='ocrx_word' id='word_1_751' title='bbox 2606 4282 2829 4344; x_wconf 86' lang='grc' dir='ltr'>ἀκτῖνας</span> <span class='ocrx_word' id='word_1_752' title='bbox 2874 4281 3145 4351; x_wconf 73' lang='grc' dir='ltr'>ἥπλωσεν.</span> <span class='ocrx_word' id='word_1_753' title='bbox 3190 4283 3406 4335; x_wconf 84' lang='grc' dir='ltr'>Ἦλίκον</span> <span class='ocrx_word' id='word_1_754' title='bbox 3461 4286 3614 4354; x_wconf 78' lang='grc' dir='ltr'>ἡμῖν</span> 
     </span>
    </p>
   </div>
   <div class='ocr_carea' id='block_1_101' title="bbox 2021 4365 3614 4438">
    <p class='ocr_par' dir='ltr' id='par_1_101' title="bbox 2021 4365 3614 4438">
     <span class='ocr_line' id='line_1_101' title="bbox 2021 4365 3614 4438; baseline 0 -15"><span class='ocrx_word' id='word_1_755' title='bbox 2021 4365 2176 4431; x_wconf 79' lang='grc' dir='ltr'>οὗτος</span> <span class='ocrx_word' id='word_1_756' title='bbox 2214 4369 2368 4423; x_wconf 75' lang='grc' dir='ltr'>ἔτεκε</span> <span class='ocrx_word' id='word_1_757' title='bbox 2399 4368 2490 4422; x_wconf 81' lang='grc' dir='ltr'>τὸν</span> <span class='ocrx_word' id='word_1_758' title='bbox 2534 4368 2764 4438; x_wconf 83' lang='grc' dir='ltr'>καρπὸν,</span> <span class='ocrx_word' id='word_1_759' title='bbox 2802 4368 2901 4421; x_wconf 74' lang='grc' dir='ltr'>οὐκ</span> <span class='ocrx_word' id='word_1_760' title='bbox 2932 4370 3170 4438; x_wconf 84' lang='grc' dir='ltr'>ἀστάχυς</span> <span class='ocrx_word' id='word_1_761' title='bbox 3198 4368 3446 4432; x_wconf 82' lang='grc' dir='ltr'>πιαίνων,</span> <span class='ocrx_word' id='word_1_762' title='bbox 3477 4371 3614 4423; x_wconf 65' lang='grc' dir='ltr'>οὐδὲ</span> 
     </span>
    </p>
   </div>
   <div class='ocr_carea' id='block_1_102' title="bbox 2023 4455 3617 4529">
    <p class='ocr_par' dir='ltr' id='par_1_102' title="bbox 2023 4455 3617 4529">
     <span class='ocr_line' id='line_1_102' title="bbox 2023 4455 3617 4529; baseline 0 -19"><span class='ocrx_word' id='word_1_763' title='bbox 2023 4457 2175 4529; x_wconf 81' lang='grc' dir='ltr'>ροιάς</span> <span class='ocrx_word' id='word_1_764' title='bbox 2220 4456 2436 4527; x_wconf 85' lang='grc' dir='ltr'>τρέφων</span> <span class='ocrx_word' id='word_1_765' title='bbox 2459 4495 2474 4521; x_wconf 93' lang='grc'>,</span> <span class='ocrx_word' id='word_1_766' title='bbox 2501 4455 2636 4509; x_wconf 86' lang='grc' dir='ltr'>ἀλλά</span> <span class='ocrx_word' id='word_1_767' title='bbox 2662 4455 2755 4508; x_wconf 81' lang='grc' dir='ltr'>τὸν</span> <span class='ocrx_word' id='word_1_768' title='bbox 2781 4455 2881 4524; x_wconf 82' lang='grc' dir='ltr'>τῆς</span> <span class='ocrx_word' id='word_1_769' title='bbox 2926 4456 3204 4519; x_wconf 76' lang='grc' dir='ltr'>εὐσεϐείας</span> <span class='ocrx_word' id='word_1_770' title='bbox 3240 4458 3457 4526; x_wconf 79' lang='grc' dir='ltr'>καρπὸν</span> <span class='ocrx_word' id='word_1_771' title='bbox 3505 4458 3617 4511; x_wconf 73' lang='grc' dir='ltr'>καὶ</span> 
     </span>
    </p>
   </div>
   <div class='ocr_carea' id='block_1_103' title="bbox 2020 4540 3616 4612">
    <p class='ocr_par' dir='ltr' id='par_1_103' title="bbox 2020 4540 3616 4612">
     <span class='ocr_line' id='line_1_103' title="bbox 2020 4540 3616 4612; baseline -0.001 -15"><span class='ocrx_word' id='word_1_772' title='bbox 2020 4544 2240 4607; x_wconf 88' lang='grc' dir='ltr'>τίκτων,</span> <span class='ocrx_word' id='word_1_773' title='bbox 2272 4544 2365 4596; x_wconf 77' lang='grc' dir='ltr'>καὶ</span> <span class='ocrx_word' id='word_1_774' title='bbox 2386 4544 2465 4606; x_wconf 88' lang='grc' dir='ltr'>εἰς</span> <span class='ocrx_word' id='word_1_775' title='bbox 2494 4541 2677 4612; x_wconf 84' lang='grc' dir='ltr'>ἀκμὴν</span> <span class='ocrx_word' id='word_1_776' title='bbox 2714 4540 2881 4608; x_wconf 82' lang='grc' dir='ltr'>ἄγων,</span> <span class='ocrx_word' id='word_1_777' title='bbox 2928 4543 3021 4594; x_wconf 73' lang='grc' dir='ltr'>καὶ</span> <span class='ocrx_word' id='word_1_778' title='bbox 3052 4542 3409 4596; x_wconf 79' lang='grc' dir='ltr'>διαπίπτοντα</span> <span class='ocrx_word' id='word_1_779' title='bbox 3470 4560 3616 4596; x_wconf 83' lang='grc' dir='ltr'>συν-</span> 
     </span>
    </p>
   </div>
   <div class='ocr_carea' id='block_1_104' title="bbox 2021 4620 3615 4700">
    <p class='ocr_par' dir='ltr' id='par_1_104' title="bbox 2021 4620 3615 4700">
     <span class='ocr_line' id='line_1_104' title="bbox 2021 4620 3615 4700; baseline 0 -18"><span class='ocrx_word' id='word_1_780' title='bbox 2021 4629 2160 4699; x_wconf 85' lang='grc' dir='ltr'>εχῶς</span> <span class='ocrx_word' id='word_1_781' title='bbox 2183 4627 2562 4698; x_wconf 86' lang='grc' dir='ltr'>ἀνακτώμενος</span> <span class='ocrx_word' id='word_1_782' title='bbox 2591 4644 2606 4693; x_wconf 91' lang='lat'>;</span> <span class='ocrx_word' id='word_1_783' title='bbox 2641 4627 2878 4690; x_wconf 75' lang='grc' dir='ltr'>Εἰκότως</span> <span class='ocrx_word' id='word_1_784' title='bbox 2898 4644 2911 4657; x_wconf 69' lang='grc' dir='ltr'>ο</span> <span class='ocrx_word' id='word_1_785' title='bbox 2937 4620 3090 4690; x_wconf 76' lang='grc' dir='ltr'>οὗτος</span> <span class='ocrx_word' id='word_1_786' title='bbox 3127 4629 3225 4698; x_wconf 83' lang='grc' dir='ltr'>μὲν</span> <span class='ocrx_word' id='word_1_787' title='bbox 3254 4630 3409 4698; x_wconf 86' lang='grc' dir='ltr'>γάρό</span> <span class='ocrx_word' id='word_1_788' title='bbox 3441 4630 3615 4700; x_wconf 71' lang='grc' dir='ltr'>ἥλιος</span> 
     </span>
    </p>
   </div>
   <div class='ocr_carea' id='block_1_105' title="bbox 2019 4714 3617 4786">
    <p class='ocr_par' dir='ltr' id='par_1_105' title="bbox 2019 4714 3617 4786">
     <span class='ocr_line' id='line_1_105' title="bbox 2019 4714 3617 4786; baseline 0.002 -18"><span class='ocrx_word' id='word_1_789' title='bbox 2019 4718 2081 4770; x_wconf 83' lang='grc' dir='ltr'>τὸ</span> <span class='ocrx_word' id='word_1_790' title='bbox 2118 4714 2265 4780; x_wconf 68' lang='grc' dir='ltr'>ἅπαξ</span> <span class='ocrx_word' id='word_1_791' title='bbox 2294 4715 2558 4769; x_wconf 77' lang='grc' dir='ltr'>διασαπέν</span> <span class='ocrx_word' id='word_1_792' title='bbox 2599 4716 2707 4767; x_wconf 90' lang='grc' dir='ltr'>τῶν</span> <span class='ocrx_word' id='word_1_793' title='bbox 2743 4715 3058 4786; x_wconf 89' lang='grc' dir='ltr'>ἀκροδρύων</span> <span class='ocrx_word' id='word_1_794' title='bbox 3090 4716 3242 4769; x_wconf 75' lang='grc' dir='ltr'>οὐδὲν</span> <span class='ocrx_word' id='word_1_795' title='bbox 3268 4718 3470 4785; x_wconf 82' lang='grc' dir='ltr'>ὀνῆσαι</span> <span class='ocrx_word' id='word_1_796' title='bbox 3507 4719 3617 4771; x_wconf 82' lang='grc' dir='ltr'>δυ-</span> 
     </span>
    </p>
   </div>
   <div class='ocr_carea' id='block_1_106' title="bbox 2020 4802 3613 4872">
    <p class='ocr_par' dir='ltr' id='par_1_106' title="bbox 2020 4802 3613 4872">
     <span class='ocr_line' id='line_1_106' title="bbox 2020 4802 3613 4872; baseline 0.001 -17"><span class='ocrx_word' id='word_1_797' title='bbox 2020 4804 2259 4872; x_wconf 85' lang='grc' dir='ltr'>νήσεται.</span> <span class='ocrx_word' id='word_1_798' title='bbox 2291 4802 2499 4864; x_wconf 86' lang='grc' dir='ltr'>Παῦλος</span> <span class='ocrx_word' id='word_1_799' title='bbox 2522 4802 2577 4854; x_wconf 77' lang='grc' dir='ltr'>δὲ</span> <span class='ocrx_word' id='word_1_800' title='bbox 2613 4802 2736 4864; x_wconf 78' lang='grc' dir='ltr'>τοὺς</span> <span class='ocrx_word' id='word_1_801' title='bbox 2768 4802 2965 4870; x_wconf 89' lang='grc' dir='ltr'>μυρίας</span> <span class='ocrx_word' id='word_1_802' title='bbox 3012 4802 3239 4871; x_wconf 77' lang='grc' dir='ltr'>ἔχοντας</span> <span class='ocrx_word' id='word_1_803' title='bbox 3263 4802 3613 4871; x_wconf 84' lang='grc' dir='ltr'>σηπεδόνας,</span> 
     </span>
    </p>
   </div>
   <div class='ocr_carea' id='block_1_107' title="bbox 2019 4880 3621 4959">
    <p class='ocr_par' dir='ltr' id='par_1_107' title="bbox 2019 4880 3621 4959">
     <span class='ocr_line' id='line_1_107' title="bbox 2019 4880 3621 4959; baseline 0.003 -20"><span class='ocrx_word' id='word_1_804' title='bbox 2019 4889 2079 4954; x_wconf 79' lang='grc' dir='ltr'>ἐξ</span> <span class='ocrx_word' id='word_1_805' title='bbox 2128 4889 2540 4959; x_wconf 79' lang='grc' dir='ltr'>ἁμαρτημάτων</span> <span class='ocrx_word' id='word_1_806' title='bbox 2586 4887 2903 4941; x_wconf 84' lang='grc' dir='ltr'>ἀνεκαλεῖτο</span> <span class='ocrx_word' id='word_1_807' title='bbox 2925 4904 2938 4918; x_wconf 93' lang='grc'><strong>·</strong></span> <span class='ocrx_word' id='word_1_808' title='bbox 2964 4889 3055 4939; x_wconf 75' lang='grc' dir='ltr'>καὶ</span> <span class='ocrx_word' id='word_1_809' title='bbox 3102 4880 3257 4949; x_wconf 75' lang='grc' dir='ltr'>οὗτος</span> <span class='ocrx_word' id='word_1_810' title='bbox 3282 4889 3380 4957; x_wconf 81' lang='grc' dir='ltr'>μὲν</span> <span class='ocrx_word' id='word_1_811' title='bbox 3404 4905 3621 4958; x_wconf 77' lang='grc' dir='ltr'>παρα·-</span> 
     </span>
    </p>
   </div>
   <div class='ocr_carea' id='block_1_108' title="bbox 2019 4971 3617 5044">
    <p class='ocr_par' dir='ltr' id='par_1_108' title="bbox 2019 4971 3617 5044">
     <span class='ocr_line' id='line_1_108' title="bbox 2019 4971 3617 5044; baseline 0.001 -18"><span class='ocrx_word' id='word_1_812' title='bbox 2019 4976 2187 5044; x_wconf 86' lang='grc' dir='ltr'>χωρεῖ</span> <span class='ocrx_word' id='word_1_813' title='bbox 2213 4977 2279 5044; x_wconf 84' lang='grc' dir='ltr'>τῇ</span> <span class='ocrx_word' id='word_1_814' title='bbox 2325 4974 2504 5036; x_wconf 73' lang='grc' dir='ltr'>νυκτὶ,</span> <span class='ocrx_word' id='word_1_815' title='bbox 2535 4975 2741 5036; x_wconf 83' lang='grc' dir='ltr'>ἐκεῖνος</span> <span class='ocrx_word' id='word_1_816' title='bbox 2769 4973 2826 5025; x_wconf 82' lang='grc' dir='ltr'>δέ</span> <span class='ocrx_word' id='word_1_817' title='bbox 2854 4971 2948 5024; x_wconf 87' lang='grc' dir='ltr'>τοῦ</span> <span class='ocrx_word' id='word_1_818' title='bbox 2986 4973 3235 5026; x_wconf 85' lang='grc' dir='ltr'>διαϐόλου</span> <span class='ocrx_word' id='word_1_819' title='bbox 3268 4974 3617 5041; x_wconf 70' lang='grc' dir='ltr'>περιεγένε-</span> 
     </span>
    </p>
   </div>
   <div class='ocr_carea' id='block_1_109' title="bbox 2017 5055 3617 5129">
    <p class='ocr_par' dir='ltr' id='par_1_109' title="bbox 2017 5055 3617 5129">
     <span class='ocr_line' id='line_1_109' title="bbox 2017 5055 3617 5129; baseline -0.001 -16"><span class='ocrx_word' id='word_1_820' title='bbox 2017 5077 2098 5114; x_wconf 89' lang='grc' dir='ltr'>το.</span> <span class='ocrx_word' id='word_1_821' title='bbox 2132 5060 2299 5113; x_wconf 79' lang='grc' dir='ltr'>οὐδὲν</span> <span class='ocrx_word' id='word_1_822' title='bbox 2329 5055 2475 5112; x_wconf 74' lang='grc' dir='ltr'>εἶλεν</span> <span class='ocrx_word' id='word_1_823' title='bbox 2500 5061 2730 5112; x_wconf 65' lang='grc' dir='ltr'>ἐκεῖνον</span> <span class='ocrx_word' id='word_1_824' title='bbox 2751 5099 2766 5121; x_wconf 89' lang='grc'>,</span> <span class='ocrx_word' id='word_1_825' title='bbox 2798 5058 2952 5111; x_wconf 72' lang='grc' dir='ltr'>οὐδὲν</span> <span class='ocrx_word' id='word_1_826' title='bbox 2982 5060 3306 5129; x_wconf 76' lang='grc' dir='ltr'>ἐκράτησεν.</span> <span class='ocrx_word' id='word_1_827' title='bbox 3346 5059 3617 5125; x_wconf 75' lang='grc' dir='ltr'>Ἐκεῖνος</span> 
     </span>
    </p>
   </div>
   <div class='ocr_carea' id='block_1_110' title="bbox 2018 5143 3615 5216">
    <p class='ocr_par' dir='ltr' id='par_1_110' title="bbox 2018 5143 3615 5216">
     <span class='ocr_line' id='line_1_110' title="bbox 2018 5143 3615 5216; baseline -0.001 -16"><span class='ocrx_word' id='word_1_828' title='bbox 2018 5146 2111 5215; x_wconf 78' lang='grc' dir='ltr'>ἀφ’</span> <span class='ocrx_word' id='word_1_829' title='bbox 2137 5146 2306 5216; x_wconf 77' lang='grc' dir='ltr'>ὕψους</span> <span class='ocrx_word' id='word_1_830' title='bbox 2335 5157 2361 5185; x_wconf 78' lang='grc' dir='ltr'>ι</span> <span class='ocrx_word' id='word_1_831' title='bbox 2407 5145 2723 5215; x_wconf 78' lang='grc' dir='ltr'>φερόμενος,</span> <span class='ocrx_word' id='word_1_832' title='bbox 2754 5143 2905 5197; x_wconf 86' lang='grc' dir='ltr'>κάτω</span> <span class='ocrx_word' id='word_1_833' title='bbox 2927 5144 3024 5207; x_wconf 88' lang='grc' dir='ltr'>τάς</span> <span class='ocrx_word' id='word_1_834' title='bbox 3055 5146 3278 5208; x_wconf 85' lang='grc' dir='ltr'>ἀκτῖνας</span> <span class='ocrx_word' id='word_1_835' title='bbox 3309 5144 3564 5215; x_wconf 84' lang='grc' dir='ltr'>ἀφίησιν</span> <span class='ocrx_word' id='word_1_836' title='bbox 3599 5164 3615 5178; x_wconf 77' lang='grc' dir='ltr'><strong>ο</strong></span> 
     </span>
    </p>
   </div>
   <div class='ocr_carea' id='block_1_111' title="bbox 2018 5230 3619 5301">
    <p class='ocr_par' dir='ltr' id='par_1_111' title="bbox 2018 5230 3619 5301">
     <span class='ocr_line' id='line_1_111' title="bbox 2018 5230 3619 5301; baseline 0.001 -15"><span class='ocrx_word' id='word_1_837' title='bbox 2018 5233 2180 5295; x_wconf 78' lang='grc' dir='ltr'>αὐτὸς</span> <span class='ocrx_word' id='word_1_838' title='bbox 2210 5231 2268 5284; x_wconf 84' lang='grc' dir='ltr'>δὲ</span> <span class='ocrx_word' id='word_1_839' title='bbox 2299 5231 2541 5285; x_wconf 81' lang='grc' dir='ltr'>κάτωθεν</span> <span class='ocrx_word' id='word_1_840' title='bbox 2570 5230 2897 5292; x_wconf 80' lang='grc' dir='ltr'>ἀνατέλλων,</span> <span class='ocrx_word' id='word_1_841' title='bbox 2928 5231 3049 5300; x_wconf 79' lang='grc' dir='ltr'>οὐχὶ</span> <span class='ocrx_word' id='word_1_842' title='bbox 3066 5233 3126 5283; x_wconf 61' lang='grc' dir='ltr'>τδ</span> <span class='ocrx_word' id='word_1_843' title='bbox 3153 5232 3319 5299; x_wconf 84' lang='grc' dir='ltr'>μέσον</span> <span class='ocrx_word' id='word_1_844' title='bbox 3345 5230 3619 5301; x_wconf 76' lang='grc' dir='ltr'>οὐρανοῦ</span> 
     </span>
    </p>
   </div>
   <div class='ocr_carea' id='block_1_112' title="bbox 2018 5315 3621 5387">
    <p class='ocr_par' dir='ltr' id='par_1_112' title="bbox 2018 5315 3621 5387">
     <span class='ocr_line' id='line_1_112' title="bbox 2018 5315 3621 5387; baseline 0.003 -17"><span class='ocrx_word' id='word_1_845' title='bbox 2018 5319 2112 5372; x_wconf 80' lang='grc' dir='ltr'>καὶ</span> <span class='ocrx_word' id='word_1_846' title='bbox 2143 5317 2244 5386; x_wconf 85' lang='grc' dir='ltr'>τῆς</span> <span class='ocrx_word' id='word_1_847' title='bbox 2289 5318 2394 5387; x_wconf 85' lang='grc' dir='ltr'>γῆς</span> <span class='ocrx_word' id='word_1_848' title='bbox 2441 5316 2534 5370; x_wconf 91' lang='grc' dir='ltr'>τοῦ</span> <span class='ocrx_word' id='word_1_849' title='bbox 2590 5317 2768 5385; x_wconf 79' lang='grc' dir='ltr'>φωτὸς</span> <span class='ocrx_word' id='word_1_850' title='bbox 2815 5316 3134 5387; x_wconf 88' lang='grc' dir='ltr'>ἐπλήρωσεν</span> <span class='ocrx_word' id='word_1_851' title='bbox 3158 5356 3175 5379; x_wconf 90' lang='grc'>,</span> <span class='ocrx_word' id='word_1_852' title='bbox 3214 5315 3352 5369; x_wconf 86' lang='grc' dir='ltr'>ἀλλά</span> <span class='ocrx_word' id='word_1_853' title='bbox 3371 5315 3515 5386; x_wconf 70' lang='grc' dir='ltr'>ἅμα</span> <span class='ocrx_word' id='word_1_854' title='bbox 3550 5323 3621 5375; x_wconf 80' lang='grc' dir='ltr'>τὸ</span> 
     </span>
    </p>
   </div>
   <div class='ocr_carea' id='block_1_113' title="bbox 2017 5401 3622 5478">
    <p class='ocr_par' dir='ltr' id='par_1_113' title="bbox 2017 5401 3622 5478">
     <span class='ocr_line' id='line_1_113' title="bbox 2017 5401 3622 5478; baseline 0.009 -22"><span class='ocrx_word' id='word_1_855' title='bbox 2017 5404 2193 5472; x_wconf 87' lang='grc' dir='ltr'>στόμα</span> <span class='ocrx_word' id='word_1_856' title='bbox 2218 5403 2421 5473; x_wconf 79' lang='grc' dir='ltr'>ἀνέῳξε</span> <span class='ocrx_word' id='word_1_857' title='bbox 2446 5444 2461 5466; x_wconf 91' lang='grc'>,</span> <span class='ocrx_word' id='word_1_858' title='bbox 2492 5403 2588 5455; x_wconf 73' lang='grc' dir='ltr'>καὶ</span> <span class='ocrx_word' id='word_1_859' title='bbox 2613 5404 2738 5465; x_wconf 80' lang='grc' dir='ltr'>τοὺς</span> <span class='ocrx_word' id='word_1_860' title='bbox 2772 5401 3037 5471; x_wconf 83' lang='grc' dir='ltr'>ἀγγέλους</span> <span class='ocrx_word' id='word_1_861' title='bbox 3079 5401 3339 5470; x_wconf 73' lang='grc' dir='ltr'>ἐνέπλησε</span> <span class='ocrx_word' id='word_1_862' title='bbox 3379 5404 3622 5478; x_wconf 71' lang='grc' dir='ltr'>πολλῆς</span> 
     </span>
    </p>
   </div>
   <div class='ocr_carea' id='block_1_114' title="bbox 2014 5486 3624 5561">
    <p class='ocr_par' dir='ltr' id='par_1_114' title="bbox 2014 5486 3624 5561">
     <span class='ocr_line' id='line_1_114' title="bbox 2014 5486 3624 5561; baseline 0.002 -18"><span class='ocrx_word' id='word_1_863' title='bbox 2014 5491 2113 5561; x_wconf 82' lang='grc' dir='ltr'>τῆς</span> <span class='ocrx_word' id='word_1_864' title='bbox 2137 5488 2349 5559; x_wconf 83' lang='grc' dir='ltr'>ήδονῆς.</span> <span class='ocrx_word' id='word_1_865' title='bbox 2396 5488 2519 5551; x_wconf 87' lang='grc' dir='ltr'>Πῶς</span> <span class='ocrx_word' id='word_1_866' title='bbox 2546 5505 2562 5556; x_wconf 87' lang='lat'>;</span> <span class='ocrx_word' id='word_1_867' title='bbox 2591 5488 2654 5541; x_wconf 84' lang='grc' dir='ltr'><strong>Εἰ</strong></span> <span class='ocrx_word' id='word_1_868' title='bbox 2694 5487 2803 5559; x_wconf 85' lang='grc' dir='ltr'>γὰρ</span> <span class='ocrx_word' id='word_1_869' title='bbox 2840 5488 2933 5542; x_wconf 70' lang='grc' dir='ltr'>ἐπὶ</span> <span class='ocrx_word' id='word_1_870' title='bbox 2968 5489 3047 5542; x_wconf 71' lang='grc' dir='ltr'>ἐνὶ</span> <span class='ocrx_word' id='word_1_871' title='bbox 3078 5486 3386 5559; x_wconf 82' lang='grc' dir='ltr'>ἁμαρτωλῷ</span> <span class='ocrx_word' id='word_1_872' title='bbox 3432 5507 3624 5560; x_wconf 61' lang='grc' dir='ltr'>μετα.</span> 
     </span>
    </p>
   </div>
   <div class='ocr_carea' id='block_1_115' title="bbox 2080 5695 2716 5760">
    <p class='ocr_par' dir='ltr' id='par_1_115' title="bbox 2080 5695 2716 5760">
     <span class='ocr_line' id='line_1_115' title="bbox 2080 5695 2716 5760; baseline -0.009 -13"><span class='ocrx_word' id='word_1_873' title='bbox 2080 5708 2105 5736; x_wconf 78' lang='grc' dir='ltr'>ι</span> <span class='ocrx_word' id='word_1_874' title='bbox 2132 5696 2283 5746; x_wconf 73' lang='lat' dir='ltr'>Savil.</span> <span class='ocrx_word' id='word_1_875' title='bbox 2307 5695 2434 5756; x_wconf 83' lang='lat' dir='ltr'><strong>conj.</strong></span> <span class='ocrx_word' id='word_1_876' title='bbox 2457 5696 2526 5760; x_wconf 80' lang='grc' dir='ltr'>ἐφ’</span> <span class='ocrx_word' id='word_1_877' title='bbox 2549 5697 2716 5760; x_wconf 77' lang='grc' dir='ltr'>ὕψους.</span> 
     </span>
    </p>
   </div>
  </div>
