4030 6204
295 476 398 534 2ὒ5

210 647 228 658 ,
298 590 589 654 iaciamus;
626 587 838 644 etiamsi
869 585 1138 642 reddenda
1179 586 1354 639 anima
1381 585 1488 648 sit,
1517 583 1725 640 etiamsi
1758 599 1878 638 eor-

213 739 224 751 ,
296 698 393 752 pus
421 680 825 745 trucidandum,
853 695 960 734 non
991 678 1112 733 ideo
1139 679 1505 748 refugiamus;
1545 678 1725 732 omnia
1757 691 1877 745 qua:

294 776 482 828 decent
525 771 802 834 faciamus,
855 779 912 823 ut
969 768 1112 822 hunc
1164 767 1408 822 timorem
1463 781 1876 836 eonseqnanmr.

296 864 408 918 Hoc
436 862 580 917 enim
621 861 782 916 modo
806 870 860 914 et
880 859 1134 916 omnibus
1163 859 1366 914 erimus
1391 858 1796 931 opulentiores,
1825 866 1881 912 et

308 1017 519 1033 ῃ

1196 473 1258 528 ΙΝ
1303 472 1516 530 EPlST.
1558 474 1651 528 AD
1691 472 1978 529 PlllLlPP.
2019 470 2170 525 CAP.
2216 470 2252 526 Ι.
2298 470 2531 526 llOMlL.
2576 471 2663 527 IV.

3475 474 3578 536 906

1987 582 2159 637 futura
2201 598 2594 654 eonseqnemnr
2632 585 2795 650 bona,
2843 586 2894 639 in
2943 586 3157 640 Christo
3186 589 3312 643 .lesn
3353 591 3577 648 Domino

1986 684 2194 741 nostro,
2229 690 2350 730 cum
2381 692 2488 746 quo
2521 676 2662 730 Patri
2689 677 2846 731 simul
2877 695 2998 733 cutn
3022 691 3209 734 sancto
3235 682 3431 752 Spiritu
3458 688 3575 754 glo-

1986 768 2087 832 ria,
2117 768 2376 836 potentia,
2396 778 2452 822 et
2475 768 2666 837 honor,
2700 785 2844 826 nunc
2869 781 2924 827 et
2951 787 3183 844 semper,
3217 784 3270 831 et
3296 775 3349 830 in
3378 779 3574 833 sa-cula

1986 862 2325 917 surculorum.
2361 864 2556 917 Amen.

1949 1019 2160 1031 —

1760 1089 2102 1153 HOMILIA
2150 1093 2257 1155 IV.

295 1241 420 1298 Car.
453 1242 503 1296 l.
532 1239 622 1296 ΞΩ.
662 1239 725 1294 Et
753 1239 876 1310 quid
904 1240 1108 1309 eligam,
1141 1241 1336 1310 ignoro.
1363 1237 1455 1292 25.
1486 1236 1732 1292 Coorctor
1777 1251 1872 1287 eu-

366 1345 462 1386 tem
490 1332 711 1397 duobus,
741 1331 1045 1386 desiderium
1071 1333 1259 1384 habens
1289 1330 1499 1383 dissolvi
1526 1337 1573 1382 et
1615 1344 1723 1382 esse
1764 1343 1878 1378 cum

366 1423 613 1486 Christo;
660 1421 818 1475 multo
857 1421 990 1474 enim
1028 1421 1189 1488 magis
1220 1421 1398 1473 melius
1422 1435 1439 1472 :
1460 1419 1551 1472 ‘21.
1583 1432 1879 1486 permanere

365 1531 536 1575 autem
561 1520 614 1573 in
647 1534 800 1572 conte
829 1518 989 1588 magis
1019 1517 1355 1570 necessariae:
1395 1524 1600 1581 propter
1640 1527 1743 1565 vos.
1784 1510 1874 1564 25.

367 1609 435 1664 Et
466 1611 560 1663 hoc
601 1610 862 1678 conlidens
898 1609 1004 1661 scio
1034 1609 1154 1678 quia
1193 1606 1402 1659 manebo
1423 1645 1438 1669 ,
1471 1614 1516 1658 et
1553 1602 1877 1657 commonebo

366 1702 599 1756 omnibus
618 1703 753 1755 vobis
774 1701 841 1754 ad
857 1703 1133 1770 profectum
1155 1708 1367 1752 vestrum
1393 1707 1437 1749 et
1455 1695 1696 1766 gaudium
1719 1695 1837 1761 ﬁdei
1855 1710 1876 1748 :

363 1793 453 1847 36.
481 1803 533 1846 ut
559 1793 798 1862 gloria'io
827 1801 990 1845 vestra
1021 1789 1238 1842 abundet
1261 1790 1313 1840 in
1337 1786 1540 1843 Christo
1562 1784 1685 1840 Jestt
1725 1787 1776 1838 in
1799 1801 1878 1837 me

362 1901 452 1954 per
475 1899 642 1936 meum
661 1883 928 1935 adventum
949 1881 1131 1934 iterum
1152 1880 1220 1932 ad
1242 1895 1349 1932 ros.

361 1975 417 2030 1.
457 1974 596 2029 Nihil
623 1973 771 2028 Pauli
797 1974 973 2028 anima
1003 1972 1211 2026 beatius
1232 2013 1247 2038 ,
1277 1971 1528 2040 quoniam
1560 1968 1687 2022 nihil
1715 1969 1874 2023 etiam

296 2066 468 2136 magis
495 2080 836 2135 generosum.
863 2063 1015 2118 Nunc
1040 2077 1168 2117 vero
1197 2071 1381 2117 contra
1410 2061 1478 2115 de
1498 2061 1745 2114 omnibus
1770 2059 1876 2114 diei

295 2165 476 2226 potest
505 2173 519 2209 :
557 2155 690 2209 nihil
721 2154 875 2208 nobis
902 2153 1182 2218 inﬁrmius,
1215 2151 1348 2206 nihil
1391 2151 1658 2206 miserius.
1707 2150 1876 2218 Prop-

292 2256 444 2304 terea
475 2261 666 2301 omnes
695 2245 974 2300 horremus
1001 2253 1252 2309 mortem,
1286 2244 1477 2313 partim
1503 2243 1722 2314 quidem
1749 2257 1878 2312 pec-

285 2351 538 2396 catorum
586 2339 928 2393 multitudine
972 2337 1216 2406 gravati,
1264 2351 1488 2406 quorum
1532 2350 1632 2404 ego
1669 2349 1880 2404 quoque

288 2448 434 2486 unus
454 2446 606 2495 sum;
634 2431 828 2500 partim
855 2443 984 2484 vero
1011 2430 1133 2482 vita:
1162 2428 1360 2497 cupidi,
1389 2437 1443 2482 et
1469 2426 1602 2482 mori
1627 2425 1878 2480 miserum

285 2521 550 2576 ducentes
579 2536 594 2573 :
620 2519 813 2590 quibus
843 2534 943 2588 ego
979 2520 1180 2572 utinam
1211 2532 1499 2586 numquam
1525 2515 1874 2570 adnumerer!

285 2612 554 2667 animales
573 2610 716 2666 enim
745 2621 891 2676 sunt,
919 2611 1009 2678 qui
1036 2609 1177 2663 hunc
1205 2610 1452 2663 timorem
1483 2608 1688 2662 timent.
1738 2606 1878 2674 Ergo

293 2703 420 2768 hoc,
449 2702 588 2772 quod
619 2716 808 2756 omnes
839 2701 1143 2765 horremus,
1178 2700 1266 2754 ille
1294 2700 1545 2767 Optabat,
1578 2714 1750 2767 eoque
1794 2698 1878 2751 in-

291 2791 610 2858 cumbebat,
645 2792 714 2844 ita
746 2790 933 2845 dicens
963 2807 975 2842 :
1008 2789 1230 2843 Dissolvi
1269 2791 1427 2842 multo
1461 2790 1621 2859 magis
1660 2788 1872 2854 melius,

289 2895 334 2938 et
357 2883 483 2952 quid
508 2883 710 2952 eligam,
741 2884 941 2954 ignoro.
970 2881 1104 2949 Quid
1136 2883 1254 2936 ais?
1282 2897 1402 2936 eum
1435 2881 1556 2935 hinc
1580 2882 1761 2935 abiens
1808 2882 1873 2934 ad

289 2977 482 3031 uelum
506 2975 580 3030 sis
606 2975 944 3042 migraturus,
976 2985 1029 3028 et
1055 2989 1176 3028 cum
1208 2971 1422 3028 Christo
1454 2974 1690 3034 iuturus,
1724 2973 1874 3041 igno-

292 3083 378 3120 ras
402 3066 532 3136 quid
555 3067 759 3134 eligas?
779 3065 884 3120 Sed
906 3066 1060 3132 longe
1082 3067 1198 3119 hare
1223 3065 1416 3118 absunt
1443 3079 1470 3116 a
1500 3063 1648 3118 Pauli
1675 3064 1874 3117 anima.

292 3160 422 3225 Quis
454 3158 606 3216 enim.
630 3156 818 3222 fuerit,
849 3157 932 3211 cui
963 3157 1008 3210 si
1035 3156 1151 3210 ιιωο
1179 3172 1302 3210 vere
1331 3154 1586 3209 oll'eratur
1613 3155 1870 3220 eoaditio,

293 3266 396 3300 non
413 3248 559 3302 illam
582 3247 1239 3317 quamprimumarripiat?
1261 3247 1440 3312 Certe,
1462 3247 1650 3317 inquit,
1675 3262 1830 3300 nemo
1855 3261 1870 3300 :

293 3352 319 3390 s
355 3338 387 3392 d
417 3339 863 3408 quetmtdmodum
893 3339 1110 3392 minime
1139 3349 1382 3392 nostrum
1431 3348 1513 3393 est
1554 3354 1710 3407 posse
1747 3338 1872 3391 illud

293 3427 496 3490 dicere,
527 3427 691 3498 Cupio
713 3428 956 3492 dissolvi,
989 3437 1186 3482 etesse
1208 3443 1328 3482 cum
1356 3428 1570 3484 Christo
1603 3447 1615 3482 :
1649 3430 1718 3482 ita
1751 3444 1871 3482 cum

295 3517 348 3570 id
373 3521 584 3588 assequi
615 3520 789 3584 liceat,
819 3519 1041 3573 minimc
1069 3530 1310 3572 nostrum
1361 3531 1440 3572 cst
1465 3561 1479 3584 ,
1531 3519 1616 3574 hic
1660 3535 1875 3572 manere

295 3609 475 3672 velle;
505 3609 598 3662 sed
625 3618 905 3677 utrumque
932 3609 1079 3663 Pauli
1109 3618 1210 3672 est,
1241 3618 1297 3663 et
1323 3609 1464 3662 illius
1494 3611 1705 3661 animae.
1738 3608 1873 3675 Quid

299 3709 406 3764 cSt,
426 3700 563 3768 quod
581 3701 744 3754 dicis?
773 3700 989 3755 nostiac
1015 3717 1112 3771 pro
1137 3715 1413 3768 Comperto
1445 3701 1608 3754 habes
1639 3700 1874 3753 futurum

304 3800 356 3843 te
389 3806 508 3845 esse
535 3806 656 3846 cum
684 3792 915 3855 Christo,
943 3803 997 3847 et
1025 3795 1234 3848 haesitas
1262 3809 1324 3847 ac
1350 3793 1504 3857 dicis,
1540 3792 1675 3855 Quid
1694 3791 1877 3860 eligam

298 3881 715 3950 ttesclo?ltet|ue
747 3883 847 3935 hoc
891 3891 1130 3944 tantum,
1171 3882 1265 3938 sed
1319 3883 1479 3936 etiam
1526 3882 1613 3936 hic
1659 3896 1876 3935 manere

295 3971 455 4040 eligis
477 3971 502 4025 ἲ
523 3971 758 4036 Manere,
791 3971 1028 4041 inquam,
1059 3973 1107 4026 in
1129 3974 1327 4027 carne?
1356 3972 1490 4039 Quid
1544 3971 1654 4024 ita?
1700 3985 1877 4025 nonne

293 4063 548 4118 acerbam
579 4064 741 4118 vitam
771 4064 1049 4119 ducebas?
1077 4066 1125 4118 in
1157 4066 1370 4136 vigiliis,
1401 4067 1452 4118 in
1479 4065 1783 4132 naufragiis,
1824 4066 1873 4118 in

291 4153 439 4209 fatue
462 4164 516 4210 et
536 4154 626 4209 siti
657 4163 713 4209 et
737 4155 997 4220 nuditate,
1029 4155 1079 4208 in
1103 4157 1245 4211 curis
1286 4166 1341 4209 et
1384 4155 1872 4219 sollicitudinibus;

292 4259 416 4298 eum
446 4245 540 4308 iis,
574 4245 666 4314 qui
720 4245 1166 4312 inlirmabantur,
1216 4247 1610 4314 inlirmabaris;
1663 4256 1878 4316 propter

295 4351 409 4401 eos,
432 4339 521 4408 qui
551 4339 605 4392 in
637 4339 945 4392 seandalum
980 4338 1300 4402 incidebant,
1328 4340 1585 4394 nrebaris.
1607 4339 1671 4392 lu
1693 4339 1874 4405 multa,

297 4427 506 4498 inquit,
538 4431 806 4501 patientia,
835 4431 890 4483 in
927 4431 1356 4496 tribulationibus,
1386 4434 1437 4484 in
1474 4433 1869 4496 necessitatibus,

294 4518 346 4571 in
371 4523 636 4590 angustiis,
667 4523 716 4575 in
744 4522 932 4591 plagis,
961 4523 1013 4575 in
1040 4523 1345 4585 carceribus,
1370 4526 1423 4575 in
1444 4524 1770 4576 seditionibus
1791 4565 1804 4586 ,
1827 4525 1876 4576 in

285 4609 526 4677 jejuniis,
549 4612 602 4664 in
621 4615 848 4666 castitate
883 4613 976 4681 (2;
1011 4615 1126 4666 Cor.
1156 4614 1208 4668 6.
1238 4615 1290 4668 4.
1321 4614 1353 4668 5
1377 4615 1416 4682 ).
1449 4614 1725 4684 Quinquies
1752 4633 1878 4685 qua-

296 4696 553 4766 dragenas
582 4717 679 4754 una
701 4704 866 4756 minus
887 4705 1082 4772 accepi,
1107 4714 1180 4757 ter
1199 4705 1352 4774 virgis
1374 4721 1535 4759 cwsus
1563 4721 1705 4769 sum,
1728 4709 1878 4760 semel

295 4787 557 4858 lapidatus
574 4808 703 4858 sum,
728 4805 874 4848 nocte
898 4805 944 4848 et
970 4795 1052 4848 die
1073 4798 1124 4847 in
1147 4797 1405 4864 profundo
1427 4797 1580 4849 maris
1603 4796 1679 4865 [ui
1698 4813 1717 4859 ;
1747 4798 1882 4866 peri-

292 4880 426 4933 culis
452 4881 740 4949 ﬂuminum,
769 4885 1006 4952 periculis
1025 4884 1301 4949 latronum,
1328 4888 1562 4954 periculis
1583 4888 1633 4940 in
1660 4888 1873 4954 civitate,

291 4972 529 5025 peritu/is
559 4973 611 5024 in
637 4974 932 5035 solitudine,
957 4975 1195 5043 periculis
1232 4977 1284 5028 in
1312 4977 1456 5044 falsis
1488 4977 1732 5046 [ratribas
1783 4981 1799 5046 (
1822 4978 1877 5030 2.

288 5058 408 5116 Sor.
444 5064 532 5118 ll.
565 5062 658 5118 24.
689 5063 806 5132 2b).
835 5065 1027 5120 Nonne
1048 5081 1170 5120 eum
1195 5075 1303 5120 tota
1330 5067 1636 5122 Galatarum
1662 5085 1793 5138 gens
1815 5069 1877 5122 ad

283 5151 418 5222 legis
443 5155 881 5210 observationem
909 5173 1125 5212 reversa
1155 5170 1322 5223 esset,
1352 5159 1622 5214 clamabas
1649 5162 1831 5214 dicens
1863 5179 1876 5212 :

284 5246 382 5311 Qui
412 5248 466 5301 in
489 5248 602 5318 lege
619 5249 994 5318 justi/ibantini,
1021 5269 1052 5302 α
1076 5252 1244 5321 gratia
1267 5253 1522 5305 excidisti:
1544 5250 1685 5317 (Gal.
1799 5251 1880 5318 4)?

277 5342 449 5406 Quem
471 5353 608 5396 tunc
630 5343 828 5396 luctum
862 5358 969 5396 non
997 5343 1257 5398 hausisti?
1287 5353 1446 5412 atque
1475 5344 1648 5398 adlme
1679 5343 1878 5396 llnxatn

279 5428 417 5486 hanc
445 5433 618 5484 vitam
650 5430 972 5486 desideras?
1003 5432 1135 5486 Nam
1164 5432 1376 5487 tametsi
1408 5432 1540 5485 nihil
1569 5434 1755 5484 horum
1787 5432 1877 5486 tibi

275 5524 568 5578 accidisset
589 5563 604 5587 ,
639 5533 694 5578 et
722 5523 1153 5593 quibuscumque
1177 5535 1325 5580 recte
1353 5523 1675 5593 iungebat-is,
1702 5523 1880 5592 quiete

277 5626 476 5670 etcum
508 5615 788 5684 voluptate
817 5616 1029 5668 functus
1061 5630 1208 5669 esses
1243 5633 1255 5667 :
1288 5630 1466 5669 nonne
1496 5624 1672 5669 tamen
1716 5629 1880 5682 opor-

278 5710 416 5765 tebat
449 5711 663 5764 incerta
695 5707 860 5762 futuri
887 5707 1146 5777 temporis
1173 5709 1640 5779 pertimescentem
1666 5705 1731 5760 ad
1760 5722 1882 5774 por-

279 5811 384 5856 nun
411 5804 657 5873 aliquem
684 5800 1059 5855 contendere?
1085 5801 1278 5870 Ecquis
1309 5810 1575 5856 mercator
1599 5801 1718 5856 navi
1760 5816 1878 5854 vec-

280 5901 364 5949 tus
405 5892 889 5953 innumerabilium
945 5891 1316 5949 thesaurorum
1374 5895 1565 5964 plena,
1619 5894 1662 5948 si
1721 5892 1878 5947 liccat

1988 1235 2172 1290 subire
2203 1249 2414 1305 portum
2448 1253 2512 1292 ac
2552 1240 2889 1308 requiescere
2915 1282 2930 1307 ,
2978 1241 3107 1295 mari
3160 1243 3335 1298 adhuc
3379 1248 3570 1310 jactari

1987 1328 2177 1381 malit?
2203 1329 2385 1398 ecquis
2411 1329 2632 1397 athleta,
2655 1346 2774 1385 cum
2796 1332 3164 1386 liceatcorona
3192 1337 3367 1402 potiri,
3398 1337 3573 1390 adhuc

1985 1430 2191 1474 certare
2222 1421 2496 1489 postulet?
2526 1422 2708 1490 ecquis
2733 1423 2908 1491 pugil,
2945 1438 3066 1476 cum
3103 1440 3354 1477 Coronam
3404 1429 3570 1492 pos~it

1985 1513 2250 1580 act-ipcre,
2285 1515 2433 1568 malit
2461 1530 2646 1569 rursus
2690 1516 2740 1568 iu
2787 1526 3056 1568 certamen
3107 1516 3434 1569 descendere
3461 1561 3473 1577 .
3517 1529 3570 1572 et

1984 1617 2138 1656 suum
2185 1605 2351 1673 ipsius
2409 1617 2566 1674 caput
2611 1607 2998 1661 cooridentbun
3049 1609 3332 1676 pra-hero?
3382 1613 3568 1676 omnis

1983 1693 2114 1758 dux,
2138 1696 2276 1765 quia
2303 1696 2439 1750 bello
2461 1713 2580 1750 cum
2603 1698 2768 1766 gloria
2821 1706 2875 1750 et
2897 1699 3111 1766 tropa-is
3143 1698 3352 1751 liberari
3381 1711 3557 1768 queat,

1983 1797 2038 1840 ct
2064 1803 2184 1841 cum
2217 1803 2340 1856 rege
2370 1788 2420 1841 in
2451 1789 2592 1856 regia
2623 1790 2832 1857 quietus
2863 1789 3058 1857 degere
3090 1805 3254 1856 seque
3274 1789 3564 1856 oblectare,

1983 1878 2156 1932 adlmc
2187 1889 2238 1931 et
2265 1879 2456 1932 sudare
2479 1889 2756 1948 prmoptet,
2787 1890 2832 1932 et
2861 1880 2910 1933 in
2939 1880 3104 1933 aciem
3141 1881 3393 1948 prodire?
3423 1883 3568 1948 Quo-

1985 1969 2142 2024 modo
2167 1970 2328 2040 igitur
2351 1971 2486 2026 adeo
2532 1972 2779 2025 acerbam
2833 1974 2993 2023 vitam
3041 1973 3226 2026 vivens
3271 1973 3442 2027 adlmc
3489 1976 3570 2028 ris

1986 2063 2036 2115 in
2069 2065 2230 2117 terris
2255 2065 2518 2118 manere?
2546 2081 2723 2119 annon
2755 2075 2840 2118 tua
2873 2077 2997 2119 sunt
3023 2066 3122 2120 ista
3153 2069 3350 2122 verba?
3399 2068 3568 2120 Tinn-o

1983 2171 2045 2207 ne
2066 2159 2337 2224 {orle,cum
2363 2155 2479 2210 aliis
2504 2157 2880 2225 prtcdicaverim
2903 2199 2918 2220 ,
2949 2158 3058 2226 ipse
3099 2159 3343 2227 reprobus
3383 2159 3569 2228 dﬁciar

1985 2247 2003 2314 (
2030 2245 2074 2300 Ι.
2110 2244 2229 2299 Cor.
2260 2245 2314 2301 9.
2343 2245 2410 2298 27
2433 2249 2472 2314 ).
2503 2245 2559 2302 Si
2589 2248 2717 2300 nihil
2748 2247 2891 2300 aliud
2920 2259 3175 2315 prteterea
3217 2264 3394 2303 cansze
3441 2249 3568 2301 fuis-

1985 2345 2093 2397 set.
2127 2336 2242 2390 h:rc
2269 2337 2399 2390 satis
2424 2347 2539 2392 erat
2565 2379 2578 2397 .
2608 2353 2714 2406 quo
2745 2339 2994 2393 liberatio
3021 2339 3418 2394 desideraretur
3459 2356 3471 2390 :
3520 2340 3567 2392 si

1985 2425 2463 2482 innumerabilibus
2492 2428 2644 2482 bonis
2674 2443 2910 2496 praesens
2954 2431 3058 2482 vita
3104 2428 3425 2482 abundasset
3451 2472 3465 2493 ,
3498 2432 3565 2483 ab

1986 2517 2084 2572 hac
2131 2527 2304 2572 tamen
2362 2519 2575 2572 liberari
2627 2521 2915 2586 optandum
2960 2530 3110 2585 erat,
3147 2521 3216 2573 ob
3256 2521 3562 2584 Christum,

1984 2624 2142 2677 quem
2168 2608 2529 2663 desiderabas.
2559 2609 2602 2664 Ο
2635 2611 2777 2664 Pauli
2815 2612 3078 2665 aninunn!
3109 2611 3236 2665 nihil
3262 2611 3334 2664 illi
3367 2626 3566 2680 parant

1983 2699 2100 2760 fuit.
2126 2709 2217 2753 aut
2245 2699 2476 2754 futurum
2499 2711 2598 2756 est.
2619 2702 2801 2756 Times
2822 2703 2866 2756 si
2895 2703 2947 2755 in
2969 2705 3068 2758 hac
3089 2703 3192 2756 vita
3227 2719 3563 2771 permaneas,

1982 2790 2108 2858 quid
2144 2790 2376 2845 futurum
2405 2792 2514 2853 sit;
2549 2791 2841 2846 innumeris
2865 2795 3016 2846 malis
3049 2795 3346 2861 implicatus
3383 2811 3439 2847 es
3466 2836 3480 2856 ,
3511 2803 3567 2848 et

1985 2891 2160 2932 tamen
2191 2896 2405 2935 recusas
2429 2883 2568 2947 apttd
2601 2882 2873 2937 Christum
2904 2885 3062 2937 esse?
3092 2883 3321 2946 licenso,
3353 2885 3519 2952 inquit
3549 2925 3562 2946 ,

1985 2969 2141 3038 idque
2173 2983 2386 3040 propter
2419 2971 2691 3026 Christum
2727 2992 2739 3027 :
2775 2985 2824 3026 ut
2858 2988 2992 3042 quos
3016 2974 3087 3027 illi
3119 2976 3296 3043 parari
3343 2990 3526 3028 servos
3549 3017 3562 3037 ,

1985 3063 2189 3116 lit-iuius
2217 3064 2266 3115 iu
2299 3065 2439 3118 illius
2466 3081 2649 3119 anuire
2671 3067 2934 3120 stabiliam
2973 3085 2985 3118 :
3015 3078 3069 3120 ut
3101 3083 3162 3121 ex
3210 3084 3369 3136 agro,
3403 3083 3563 3137 quem

1982 3155 2234 3222 plantari,
2264 3155 2463 3210 fruetus
2483 3156 2698 3226 decerpi
2727 3174 2930 3212 curem.
2957 3158 3072 3211 Non
3104 3160 3320 3224 audisti,
3352 3176 3436 3213 me
3459 3176 3563 3213 non

1981 3261 2220 3313 qua-rere
2248 3247 2386 3316 quod
2418 3248 2545 3302 tnihi
2590 3249 2718 3302 ntile
2766 3261 2881 3313 est,
2931 3251 3022 3304 sed
3073 3251 3210 3319 quod
3265 3251 3567 3320 proximis?

1984 3352 2087 3390 non
2111 3338 2327 3402 audisti,
2360 3339 2486 3392 mihi
2519 3341 2568 3393 in
2597 3343 2791 3408 optatis
2824 3341 2985 3394 fuisse
3036 3343 3317 3395 anathema
3371 3344 3485 3396 ﬁeri
3535 3360 3562 3396 a

1981 3428 2215 3490 Christo,
2245 3444 2353 3498 quo
2379 3431 2527 3483 inulti
2555 3431 2620 3483 ad
2653 3432 2797 3482 illtnn
2832 3432 3112 3483 \‘t‘nll'Clll?
3140 3432 3238 3498 Qui
3263 3433 3387 3485 illud
3406 3433 3561 3500 elegi,

1984 3535 2086 3570 non
2119 3519 2285 3570 mttlto
2309 3519 2477 3586 magis
2505 3519 2604 3572 hoc
2631 3521 2844 3588 eligam,
2877 3531 2927 3573 ut
2957 3521 3209 3574 damnum
3248 3525 3358 3589 ipsc
3380 3538 3442 3575 ex
3469 3522 3568 3575 hac

1984 3624 2132 3661 mora
2163 3618 2217 3662 et
2243 3608 2496 3662 dilatione
2527 3613 2714 3677 patiar,
2743 3626 2850 3680 quo
2878 3611 2980 3664 illis
3017 3611 3190 3681 aliqua
3232 3611 3297 3665 ad
3339 3613 3563 3666 salutem

1981 3701 2217 3753 accessio
2249 3700 2333 3751 liat
2354 3701 2376 3752 ἲ

2056 3789 2212 3843 Pauli
2233 3791 2427 3844 laudes.
2456 3822 2522 3834 -—
2549 3792 2674 3858 Quis
2713 3793 2941 3862 loquetur
2964 3796 3212 3864 potentias
3240 3797 3390 3866 tuas(
3420 3795 3561 3850 l’sal.

1984 3882 2104 3935 105.
2136 3881 2170 3934 2
2191 3882 2230 3947 ),
2270 3883 2511 3946 nomine,
2545 3884 2633 3952 qui
2666 3883 2884 3939 Paulum
2917 3888 3131 3940 minime
3159 3888 3324 3942 latere
3351 3889 3562 3953 siveris,

1983 3975 2070 4042 qui
2099 3975 2254 4027 talem
2285 3974 2453 4028 \irnm
2478 3976 2593 4029 orbi
2616 3978 2956 4031 ostenderis?
2986 3978 3291 4032 Laudarnnt
3311 3992 3566 4033 leotnaes

1983 4065 2154 4132 angeli
2179 4082 2282 4119 uno
2309 4067 2489 4121 animo
2513 4107 2527 4128 ,
2555 4081 2677 4119 cum
2705 4076 2846 4120 astra
2875 4067 3160 4120 fabricatus
3193 4083 3252 4120 es
3296 4077 3351 4120 et
3393 4070 3562 4122 solent

1983 4157 2000 4225 (
2028 4155 2125 4209 Job
2156 4157 2246 4211 58.
2277 4158 2381 4226 7);
2414 4158 2507 4211 sed
2563 4173 2668 4210 non
2724 4156 2943 4225 perinde
2980 4168 3137 4224 atque
3181 4173 3245 4210 eo
3289 4168 3560 4225 tempore,

1983 4265 2085 4318 quo
2114 4249 2266 4303 nobis
2292 4252 2497 4320 totique
2521 4251 2635 4304 orbi
2667 4250 2886 4303 Paulum
2909 4249 3213 4302 ostendisti.
3249 4249 3380 4302 llinc
3421 4259 3562 4303 terra

1986 4341 2119 4394 facta
2143 4352 2222 4395 est
2253 4340 2581 4410 Splendidior
2603 4341 2756 4404 etelo,
2791 4339 3061 4408 pulchrior
3089 4339 3173 4392 hie
3203 4340 3331 4393 solis
3367 4340 3566 4394 lumine

1983 4431 2375 4499 Splendidiores
2404 4431 2583 4486 emisit
2614 4431 2847 4499 fulgores
2871 4469 2886 4494 ,
2937 4431 3086 4484 ltetos
3131 4430 3318 4484 ell‘udit
3365 4432 3564 4486 radios.

1984 4526 2250 4591 Quantum
2285 4523 2372 4576 hic
2397 4521 2550 4576 nobis
2583 4523 2786 4590 peperit
2818 4521 3064 4584 haurtum,
3098 4538 3202 4574 nou
3239 4524 3412 4590 spicas
3442 4525 3565 4591 pin-

1985 4614 2288 4683 gnelacicns
2309 4655 2323 4678 ,
2352 4619 2442 4665 aut
2476 4612 2697 4665 arbores
2725 4611 2993 4672 moriens,
3024 4611 3116 4663 sed
3147 4611 3316 4678 ipsum
3355 4610 3568 4678 pietatis

1987 4707 2214 4759 fructum
2242 4714 2295 4758 ct
2324 4718 2609 4771 procreatis
2640 4714 2691 4756 et
2719 4703 2782 4756 ad
2812 4702 3048 4771 rigorem
3077 4701 3368 4766 adducens,
3394 4711 3448 4755 et
3472 4717 3567 4756 eos

1985 4797 2074 4866 qui
2102 4796 2473 4857 concidebant,
2503 4794 2716 4848 assidue
2759 4795 3052 4848 recreans?
3083 4793 3210 4846 Jnre
3253 4811 3267 4847 :
3309 4809 3430 4846 nam
3481 4792 3567 4848 hic

1985 4888 2198 4957 quidem
2222 4887 2322 4950 sol,
2357 4886 2496 4956 quod
2527 4887 2693 4940 semel
2728 4887 2778 4939 in
2811 4887 3064 4940 arborum
3115 4885 3373 4939 fructibus
3416 4900 3570 4938 com-

1988 4979 2269 5046 putruerit,
2305 4979 2586 5035 restituere
2617 4995 2951 5047 nequaquam
2980 4979 3173 5045 poterit
3199 4995 3210 5039 ;
3249 4976 3445 5029 Paulus
3473 4991 3570 5030 au-

1987 5079 2090 5124 tem
2118 5085 2211 5125 eos
2239 5072 2420 5134 etiam,
2448 5071 2539 5140 qui
2561 5079 2812 5124 sescenta
2842 5071 3018 5122 ulcera
3049 5069 3337 5132 habebant,
3379 5081 3408 5119 a
3445 5082 3566 5135 pec-

1983 5164 2116 5218 catis
2140 5164 2406 5219 revocarit
2440 5181 2453 5217 :
2486 5173 2642 5232 atque
2685 5163 2772 5215 hic
2815 5163 2954 5214 nocti
3006 5160 3250 5224 decedit;
3303 5158 3392 5213 ille
3439 5173 3569 5213 vero

1983 5255 2196 5310 diabolo
2227 5255 2472 5322 superior
2494 5254 2612 5306 fuit.
2643 5253 2783 5307 Nihil
2813 5251 2958 5305 illum
2987 5251 3212 5312 evertit,
3238 5250 3367 5304 nihil
3401 5266 3564 5318 supc-

1985 5348 2137 5399 rarit.
2166 5347 2261 5399 llic
2290 5346 2356 5398 de
2383 5344 2596 5397 sublimi
2630 5343 2747 5397 loco
2775 5342 2898 5395 dmn
2930 5342 3096 5393 fertur
3119 5381 3133 5402 ,
3181 5341 3359 5394 radios
3402 5341 3562 5396 deor-

1983 5451 2100 5489 sum
2130 5436 2323 5489 emittit
2355 5451 2367 5486 :
2400 5434 2593 5487 Paulus
2618 5448 2746 5485 vero
2785 5432 2852 5485 de
2898 5430 3068 5483 infero
3115 5424 3232 5484 loco
3276 5432 3522 5483 extiriens
3545 5473 3560 5495 ,

1986 5543 2089 5580 non
2112 5528 2225 5579 cadi
2255 5540 2318 5578 ac
2349 5533 2504 5578 terrae
2535 5522 2814 5577 dimidium
2861 5521 3058 5574 lumine
3104 5520 3390 5588 comple\it
3413 5560 3426 5581 ,
3471 5520 3561 5574 sed

1983 5618 2143 5671 simul
2175 5629 2335 5680 atque
2365 5630 2424 5668 os
2455 5612 2702 5682 aperuit,
2737 5611 2956 5679 angelos
2989 5612 3151 5664 etiam
3187 5611 3331 5677 ipsos
3377 5624 3566 5677 magna

1986 5709 2208 5777 replevit
2233 5707 2526 5772 voluptate.
2555 5703 2686 5757 Nam
2716 5703 2761 5756 si
2790 5718 2897 5755 uno
2945 5701 3162 5754 homine
3198 5697 3566 5768 paenitentiam

1984 5807 2174 5866 agente
2195 5794 2445 5864 gaudium
2471 5790 2676 5848 exsistit
2698 5791 2750 5844 itt
2781 5791 2928 5844 cadis
2960 5789 3126 5858 (Luc.
3158 5789 3246 5842 l5.
3280 5788 3345 5842 lO
3370 5788 3424 5856 );
3448 5806 3569 5845 cum

1990 5889 2182 5945 Paulus
2211 5903 2238 5940 a
2272 5883 2440 5955 prima
2469 5884 2728 5941 concione
2758 5881 2956 5938 multos
2981 5889 3203 5937 renatus
3231 5879 3411 5947 fuerit,
3440 5896 3572 5952 quo-
