4030 6204
426 333 536 391 ΞΙΠ
1175 329 1232 387 8.
1270 327 1548 386 JOANNIS
1583 324 2054 384 CIIRYSOSTOMI
2093 325 2411 385 ARCIIIEP.
2451 328 2760 386 CONSTAN
2774 331 2807 386 Γ
2812 331 2982 388 ΙΝΟΡ.

434 450 594 506 modo
624 447 736 504 ﬁeri
766 446 955 518 ιςοιιιίι,
979 453 1034 500 ιιι
1063 458 1288 515 superas
1326 451 1626 514 potestates
1660 440 1854 511 gaudio
1900 455 2007 495 non

435 540 717 608 impleret?

501 630 560 688 2.
584 628 786 699 Ecquid
810 627 973 684 dico?
1000 625 1133 682 satis
1151 634 1273 681 erat
1320 624 1543 681 Paulum
1584 623 1726 695 loqui
1751 639 1767 687 ;
1819 632 1868 677 ct
1916 622 2019 679 hoc

436 725 552 793 ipso
581 722 699 779 ea-li
728 719 1068 776 exsultabant
1095 727 1150 775 et
1189 719 1504 774 hctabantur
1544 717 1565 788 (
1591 715 1736 772 Pent.
1789 717 1878 772 l5.
1925 716 2017 785 7).

3605 331 3715 390 ξοδ

2124 439 2179 494 in
2205 440 2419 495 modum
2443 441 2659 511 glorier.
2693 441 3012 510 Quomodo?
3060 439 3128 498 L’t
3165 442 3405 513 gloriatio
3428 483 3444 508 ,
3495 442 3668 510 inquit
3693 485 3709 506 ,

2122 540 2284 584 vestra
2311 530 2548 587 abundet.
2588 531 2842 602 Maiorem
2867 533 3009 588 enim
3040 532 3212 588 habeo
3236 532 3576 604 gloriationis
3600 550 3716 587 ma-

2126 624 2336 689 teriam,
2351 638 2473 679 cum
2490 639 2585 680 vos
2603 625 2882 695 prolicitis.
2912 622 3016 678 Per
3039 640 3204 679 meum
3228 624 3498 678 adventum
3525 625 3709 678 iterum

2124 713 2195 768 ad
2216 729 2324 770 eos.
2346 715 2452 785 Qui
2485 716 2681 786 igitur?
2707 732 2833 771 num
2856 715 2923 770 ad
2973 716 3118 785 ipsos
3154 714 3358 770 rediit?
3405 714 3517 770 lloc
3559 715 3712 771 vobis

437 814 646 870 Etenim
671 814 717 869 si
748 812 1004 867 Israelitis
1026 827 1094 868 ex
1136 810 1371 883 Egypto
1404 810 1724 866 exeuntibus
1750 849 1766 875 ,
1811 820 2022 864 tuontcs

435 906 774 959 exsultarunt
800 912 861 957 ut
888 903 1086 958 arietes
1119 919 1133 956 :
1167 901 1382 972 quando
1409 900 1659 954 homines
1684 915 1748 954 ex
1797 908 1937 953 terra
1968 899 2020 953 itt

435 995 626 1049 caelum
655 992 1134 1057 transferebantur,
1160 1000 1416 1062 quantum
1441 988 1615 1058 gaudii
1649 997 1801 1059 putas
1818 987 2023 1043 fuisse?

416 1085 731 1156 Propterea
751 1084 912 1155 igitur
937 1081 1311 1139 Permanerein
1327 1097 1478 1135 (ante
1506 1080 1666 1151 magis
1686 1081 2025 1134 necessarium

442 1185 649 1248 propter
677 1192 782 1231 vos.
808 1174 875 1230 Et
913 1191 1033 1245 qua:
1062 1174 1218 1230 nobis
1249 1173 1471 1243 posthac
1510 1171 1700 1227 relicta
1741 1180 1826 1226 est
1862 1184 2025 1226 excu-

440 1269 627 1323 satio?
668 1268 751 1324 Fit
793 1269 937 1324 enim
981 1282 1256 1338 persmpe,
1290 1276 1347 1336 nt
1385 1266 1648 1335 quispiam
1699 1279 1914 1334 parvam
1962 1277 2028 1318 ac

444 1375 734 1431 pauperem
761 1359 1032 1415 civitatem
1063 1369 1268 1424 nactus,
1296 1358 1445 1413 abire
1486 1365 1664 1411 tamen
1706 1355 1814 1411 alio
1853 1353 1987 1409 nolit
2010 1395 2024 1417 ,

445 1463 644 1506 eactera
686 1451 864 1506 omnia
917 1467 1030 1521 pra:
1073 1466 1166 1507 sua
1216 1453 1396 1521 quiete
1448 1457 1765 1519 postputans
1806 1463 1820 1500 :
1865 1446 2029 1501 Patth

428 1544 749 1607 abeundum
774 1544 839 1597 ad
861 1542 1136 1599 Christum
1161 1553 1296 1601 erat.
1322 1553 1372 1598 et
1397 1557 1505 1597 non
1529 1541 1692 1596 voluit
1716 1539 2027 1604 Christum;

449 1632 720 1689 Christum
745 1634 919 1701 illum,
950 1650 1109 1704 quem
1139 1634 1210 1689 ita
1254 1633 1625 1697 desiderabat,
1671 1640 1730 1685 ut
1777 1646 1874 1701 pro
1913 1629 2033 1699 ipso

448 1724 752 1794 gehennam
778 1725 942 1782 etiam
972 1725 1233 1796 eligeret:
1264 1724 1359 1780 sed
1384 1723 1561 1778 adlme
1591 1723 1761 1777 voluit
1787 1737 2028 1788 manere,

448 1831 512 1871 ac
544 1815 790 1872 laborare
818 1816 870 1871 in
912 1831 1086 1887 pugna
1134 1832 1238 1887 pro
1280 1815 1606 1871 homiuilms.
1656 1815 1833 1885 Ecqua
1878 1814 2033 1870 nobis

448 1905 554 1960 erit
578 1907 898 1962 excusatio?
929 1907 1125 1962 Verum
1154 1915 1308 1961 estne
1335 1908 1584 1962 universe
1609 1915 1812 1962 tantum
1831 1905 2034 1961 mentio

451 1995 692 2052 iacienda
721 1997 918 2053 Pauli?
958 1997 1193 2053 Attende
1236 1997 1363 2068 quid
1408 1997 1597 2068 egerit.
1656 1996 1799 2052 Dixit
1842 1996 2033 2051 melius

448 2100 572 2143 esse
597 2086 768 2155 abire,
801 2103 868 2144 ne
895 2088 968 2144 illi
999 2089 1066 2144 de
1092 2087 1264 2158 ipsius
1293 2099 1464 2144 morte
1490 2088 1772 2152 dolerent;
1799 2088 2035 2142 ostendit

450 2178 637 2246 etiam,
666 2174 722 2234 si
740 2188 973 2245 maneat,
1006 2180 1204 2235 ideirco
1235 2195 1453 2235 manere
1481 2191 1535 2234 ut
1564 2180 1668 2234 illis
1697 2180 1867 2249 prosit
1892 2196 1907 2235 :
1928 2194 2033 2234 non

451 2270 595 2324 enim
619 2268 670 2325 id
693 2286 759 2325 ex
785 2271 921 2324 mala
949 2271 1311 2327 insidiantium
1336 2280 1514 2326 mente
1540 2271 1850 2327 succedere.
1875 2270 2037 2341 Igitur

456 2370 512 2414 ut
538 2359 610 2414 illi
635 2358 840 2417 facilius
859 2361 925 2415 ad
949 2358 1051 2416 hoc
1078 2361 1406 2416 credendum
1437 2361 1789 2423 addurantur,
1820 2376 2035 2416 causam

456 2451 728 2521 apposuit.
760 2451 892 2506 Nam
919 2452 964 2506 si
992 2451 1043 2506 id
1073 2452 1435 2507 necessaiium
1467 2463 1551 2507 est
1571 2494 1585 2515 ,
1617 2452 1836 2507 omnino
1862 2454 2039 2509 adhuc

461 2541 718 2605 manebo;
765 2557 865 2598 nec
911 2550 1115 2597 tantum
1156 2544 1418 2608 manebo,
1449 2544 1542 2597 sed
1569 2544 1730 2597 ulialtt
1765 2530 2039 2599 vobiscum

463 2634 710 2689 manebo.
747 2633 858 2689 lloe
878 2634 1022 2690 enim
1052 2634 1153 2689 sibi
1179 2634 1365 2690 volunt
1390 2635 1550 2690 verba
1582 2635 1693 2698 illa,
1729 2636 1790 2689 Et
1819 2654 2044 2690 comma-

461 2728 609 2788 ni'bo.
639 2727 690 2782 id
719 2736 821 2792 est,
848 2727 1041 2783 videbo
1064 2742 1159 2781 vos
1183 2737 1237 2780 et
1263 2727 1535 2782 vobiscum
1568 2727 1838 2782 morabor.
1871 2732 2040 2794 Quam

462 2819 768 2872 ohcattsam
790 2817 815 2871 τ
840 2818 918 2871 At!
946 2821 1226 2889 profectum
1254 2827 1469 2872 oestrum
1513 2826 1560 2871 et
1604 2819 1848 2887 gaudium
1899 2819 2041 2887 ﬁdei.

467 2909 578 2965 Iloc
604 2909 724 2966 loco
752 2909 898 2980 ipsos
938 2907 1176 2973 excitat,
1228 2916 1285 2960 ut
1332 2906 1434 2962 sibi
1479 2907 1777 2962 attendant.
1824 2907 1954 2962 Nam
1998 2909 2043 2962 si

466 3010 687 3070 propter
715 3014 831 3066 vos,
861 2998 1053 3068 inquit,
1079 2996 1348 3061 manebo;
1377 2996 1558 3053 videte
1605 3014 1675 3053 ne
1710 2996 2045 3052 mansionem

468 3106 640 3145 meam
667 3089 1025 3146 dedecoretis.
1053 3089 1184 3143 Cum
1209 3089 1319 3159 jam
1348 3088 1598 3143 Christus
1625 3088 1756 3143 mihi
1785 3088 2048 3143 videmlus

467 3192 634 3248 esset,
659 3181 794 3251 elegi
827 3190 1045 3251 propter
1072 3190 1310 3235 vestrum
1344 3178 1641 3250 prol‘eetmn
1668 3194 1905 3236 manere.
1934 3181 2048 3237 Mea

466 3275 611 3330 enim
642 3275 925 3345 przescntia
951 3283 1006 3329 et
1024 3271 1091 3328 ad
1115 3273 1272 3328 iidem
1302 3274 1453 3328 vobis
1500 3274 1662 3340 facit,
1711 3283 1767 3329 et
1805 3273 1871 3328 ad
1915 3290 2049 3346 gau-

467 3366 617 3422 dium
647 3385 662 3421 :
701 3375 979 3436 propterea
1006 3364 1141 3434 eli-gi
1173 3381 1413 3421 manere.
1452 3366 1590 3435 Quid
1618 3366 1821 3437 igitur?
1851 3366 2051 3438 Philip-

473 3461 789 3529 peusiumne
813 3469 1017 3512 tantum
1043 3459 1212 3528 gratia
1245 3459 1479 3513 mansit?
1503 3458 1619 3514 Non
1664 3475 1796 3516 sane
1836 3461 2052 3517 illorum

475 3558 679 3602 tinuum
701 3548 869 3616 gratia
898 3548 1113 3611 mansit,
1146 3547 1240 3602 sed
1269 3548 1351 3603 his
1400 3549 1577 3604 verbis
1615 3551 1902 3621 quamdam
1950 3553 2056 3608 illis

476 3638 696 3692 adhibet
742 3638 915 3692 leuent
963 3637 1304 3692 medicinam.
1356 3640 1636 3706 Quomodo
1681 3652 1863 3696 autem
1902 3654 2059 3699 erant

480 3730 553 3783 illi
586 3727 875 3798 profecturi
907 3730 959 3782 in
993 3727 1138 3784 lidc?
1167 3727 1233 3784 Ut
1275 3730 1442 3799 magis
1473 3733 1746 3802 magisque
1790 3748 1886 3788 vos
1922 3751 2058 3791 con-

482 3821 691 3874 lirmem
721 3835 735 3869 :
766 3818 989 3890 ιιιτίιιιιιε
1035 3833 1100 3874 ac
1150 3818 1327 3889 pullos
1373 3821 1631 3890 quosdam
1686 3824 1872 3879 matris
1930 3841 2058 3882 cura

479 3923 702 3983 egentes
726 3951 741 3973 .
770 3911 943 3967 donec
970 3910 1100 3977 ipsis
1123 3911 1405 3966 solidiores
1431 3924 1775 3969 suecrescant
1799 3916 1919 3971 ahc.
1954 3918 2063 3973 Ma-

480 4021 642 4076 gnum
665 4007 765 4061 hoc
784 4005 1024 4060 caritatis
1047 4004 1322 4060 indicium.
1346 4004 1425 4059 Ad
1447 4004 1588 4061 lumc
1607 4007 1823 4062 modmn
1851 4024 1883 4064 a
1908 4012 2064 4069 nobis

480 4100 644 4157 etiam
692 4099 910 4170 quidam
958 4097 1178 4153 excitari
1226 4097 1434 4161 solent,
1484 4106 1645 4168 atque
1698 4099 1769 4154 ita
1794 4099 2063 4159 dicimus:

482 4191 595 4246 'l'na
621 4205 782 4247 causa
810 4190 981 4244 mansi
1005 4231 1020 4255 ,
1051 4199 1108 4243 ιιι
1135 4200 1187 4244 te
1213 4189 1410 4244 bonum
1438 4189 1738 4245 redderem.
1773 4190 1842 4246 Ut
1884 4203 2065 4263 gratu-

483 4282 609 4337 latio
635 4291 819 4344 vestra.
848 4282 1041 4352 inquit,
1073 4280 1293 4336 abundet
1317 4280 1369 4335 in
1395 4279 1598 4336 Christo
1619 4279 1747 4337 Iesu
1773 4282 1827 4337 in
1856 4300 1936 4339 me
1975 4302 2069 4354 per

486 4390 651 4428 meum
677 4373 947 4428 adventum
970 4364 1150 4427 iterum
1174 4372 1247 4427 ad
1272 4388 1377 4427 eos.
1408 4371 1570 4429 Vides
1596 4374 1696 4429 ista
1730 4389 1884 4441 voce,
1915 4376 2068 4432 Com-

485 4463 717 4529 manebo,
747 4464 846 4517 hoe
867 4463 1009 4533 quod
1036 4462 1280 4519 dicebam
1308 4463 1665 4534 signiﬁcatum
1706 4469 1877 4524 esse?
1921 4467 2068 4525 Cou-

484 4555 662 4612 sidera
709 4556 1083 4611 humilitati-sn.
1128 4556 1392 4624 Quoniam
1437 4557 1570 4613 dixit
1596 4598 1614 4625 ,
1656 4558 1738 4613 Ad
1785 4560 2070 4631 profectam

483 4659 703 4705 rostrum
724 4687 741 4710 ,
762 4647 1000 4702 ostendit
1028 4646 1080 4702 id
1107 4647 1208 4702 sibi
1248 4663 1461 4719 quoque
1508 4650 1792 4706 utilitatem
1837 4652 2067 4719 alTerre;

483 4742 629 4814 quod
654 4742 818 4797 etiam
846 4739 971 4796 iacit
997 4738 1065 4795 ad
1113 4738 1388 4794 Itonia-uos
1428 4742 1673 4798 scribens
1717 4742 1804 4798 his
1852 4743 2069 4813 verbis,

485 4832 549 4888 ιιι
583 4843 676 4894 est.
698 4831 854 4888 sintnl
870 4829 1126 4887 consolari
1165 4830 1219 4884 in
1261 4829 1398 4885 vobis
1417 4846 1438 4884 :
1459 4839 1616 4885 antea
1641 4832 1788 4888 enim
1816 4833 2027 4889 dixerat
2048 4872 2070 4902 ,

489 4922 559 4981 Ut
577 4924 776 4996 aliquid
799 4922 1063 4989 impertiar
1088 4921 1227 4977 vobis
1254 4921 1437 4994 gratia:
1462 4922 1745 4991 spiritantia
1781 4923 1801 4994 (
1823 4922 1974 4979 Rom.
2013 4925 2069 4980 1.

487 5015 576 5072 ιι
603 5019 663 5072 ιι
684 5016 726 5085 ).
741 5012 879 5084 Quid
900 5021 1082 5070 autem
1106 5011 1210 5068 hoc
1230 5022 1334 5077 est,
1365 5010 1436 5070 Ut
1463 5012 1704 5085 gloriatio
1720 5023 1885 5069 oestro
1903 5014 2071 5071 aban-

487 5108 613 5164 det?
640 5107 697 5163 ιιι
716 5118 823 5174 est,
851 5115 912 5163 ιιι
932 5116 1144 5164 crescat
1166 5104 1242 5172 id,
1268 5104 1412 5178 quod
1437 5113 1555 5162 erat
1578 5119 1738 5161 causa
1763 5105 2027 5178 gloriandi
2048 5122 2066 5162 :

491 5198 594 5257 hoc
624 5207 801 5255 autem
827 5208 910 5255 est
927 5196 1264 5257 corroborari
1292 5197 1344 5253 iu
1370 5197 1476 5252 lide
1500 5197 1522 5266 (
1543 5196 1658 5253 hove
1684 5198 1829 5254 enim
1853 5207 1937 5254 est
1955 5198 2074 5269 glo-

490 5290 652 5348 riatio
680 5289 733 5345 in
760 5288 1021 5361 Christo).
1050 5299 1198 5347 recte
1222 5289 1423 5345 vivere.
1455 5286 1601 5358 Ergo
1629 5286 1881 5343 Gloriatio
1905 5298 2073 5342 oestro

488 5387 544 5443 in
571 5401 652 5441 tne
674 5400 767 5457 per
793 5398 961 5439 meum
985 5381 1254 5439 adserunt
1282 5383 1465 5437 itania
1484 5380 1554 5435 ad
1572 5397 1658 5434 sos
1673 5381 1699 5434 ?
1718 5379 1967 5445 Maxime,
1992 5379 2073 5434 in-

487 5479 627 5552 quit,
659 5476 793 5547 Qui
813 5475 948 5531 enim
973 5483 1046 5529 est
1070 5489 1189 5544 spes
1209 5483 1387 5529 nostra
1403 5482 1494 5526 ant
1518 5487 1633 5544 qua
1654 5487 1846 5527 corona
1873 5469 2070 5542 gloris-

487 5569 686 5625 tionis?
710 5575 956 5624 nonnset
993 5580 1080 5621 sos
1118 5564 1209 5638 (l.
1261 5564 1440 5621 Thess.
1484 5566 1544 5622 Ξ.
1589 5564 1737 5637 l9)?
1789 5563 1888 5621 Vos
1926 5564 2071 5620 enim

486 5661 611 5715 estis
635 5659 874 5730 gloriatio
895 5666 1071 5712 nostra
1091 5695 1106 5720 ,
1136 5655 1558 5726 qnemodntodtuu
1582 5665 1629 5711 et
1648 5673 1739 5711 nos
1771 5665 1935 5713 vestra
1971 5656 2068 5726 (2.

485 5752 611 5809 Cor.
646 5751 695 5806 ί.
730 5749 860 5817 ιι);
887 5748 939 5802 id
965 5754 1067 5812 est.
1099 5756 1159 5802 ιιι
1178 5744 1403 5802 habeam
1426 5761 1534 5817 quo
1555 5747 1607 5803 in
1630 5747 1782 5803 vobis
1805 5747 2067 5818 majorem

2129 807 2508 879 inquirendum
2538 808 2818 879 relinquo.
2846 818 3023 863 utrum
3069 807 3309 863 redierit.
3357 808 3452 862 27.
3490 806 3711 861 Tanaim

2126 900 2297 971 digne,
2325 901 2531 972 inquit,
2573 890 2834 973 evangelio
2881 900 3070 956 Christi
3112 900 3500 955 eoneersamini.
3552 900 3709 956 Vides

2127 992 2306 1045 omnia
2346 1007 2696 1064 qumcnmque
2739 992 2907 1056 dixit,
2958 992 3064 1049 huc
3106 1001 3382 1063 spectasse
3407 1034 3423 1058 ,
3471 1000 3529 1047 ut
3567 993 3711 1063 ipsos

2128 1079 2445 1137 exltortctur
2470 1082 2537 1137 ad
2568 1084 2802 1154 majores
2826 1083 2880 1139 in
2914 1084 3112 1139 virtute
3151 1098 3467 1153 progressus
3512 1082 3711 1139 faeieno

2129 1171 2266 1228 dos?
2308 1171 2529 1228 Tantum
2577 1175 2728 1246 digne
2775 1177 3033 1247 evangelio
3084 1175 3275 1232 Christi
3322 1177 3707 1231 conversamini.

2129 1265 2264 1333 Quid
2287 1275 2368 1322 est
2395 1267 2535 1337 quod
2564 1268 2754 1336 inquit,
2787 1266 3050 1322 Tantum?
3078 1254 3220 1323 Idem
3252 1269 3391 1323 valet
3433 1284 3499 1324 ac
3541 1270 3587 1324 si
3627 1271 3710 1325 di—

2129 1367 2321 1413 ceret:
2350 1358 2461 1414 lloc
2507 1360 2680 1413 solum
2727 1368 2849 1425 est,
2891 1360 3033 1430 quod
3084 1360 3407 1430 requiritur;
3456 1371 3712 1431 praue-rea

2134 1450 2263 1504 nihil
2293 1465 2306 1503 :
2340 1452 2385 1505 si
2413 1450 2514 1507 hoc
2540 1451 2700 1519 adsit,
2734 1452 2866 1506 nihil
2892 1454 3042 1507 vobis
3086 1453 3299 1508 molesti
3341 1453 3601 1522 obtinget.
3645 1453 3714 1510 Ut

2132 1541 2236 1595 sive
2258 1557 2371 1595 cum
2403 1556 2581 1596 venero
2614 1551 2660 1595 et
2700 1543 2871 1596 videro
2914 1557 3000 1596 vos
3018 1583 3035 1607 ,
3063 1542 3166 1596 siue
3192 1545 3371 1597 absens
3408 1544 3617 1596 audiam
3652 1546 3716 1597 de

2134 1630 2282 1686 rebus
2300 1633 2495 1686 vestris.
2513 1631 2627 1687 Non
2653 1632 2765 1687 lia‘c
2784 1631 2934 1699 dicit,
2955 1633 3105 1703 quasi
3133 1632 3352 1688 mutarit
3369 1635 3714 1701 sententiam,

2092 1738 2097 1743 ·
2135 1737 2308 1791 neque
2349 1721 2418 1775 ad
2471 1721 2616 1790 ipsos
2663 1723 2838 1778 redire
2880 1723 3117 1793 amplius
3155 1723 3317 1789 velit;
3359 1723 3490 1790 sed,
3541 1724 3715 1779 Etiam

2135 1812 2180 1867 si
2209 1812 2310 1868 hoc
2336 1813 2561 1879 accidat,
2590 1815 2794 1885 inquit,
2825 1816 3020 1870 absens
3044 1832 3254 1885 quoque
3281 1816 3447 1871 la-tari
3476 1832 3714 1886 possum.

2138 1904 2202 1960 Si
2222 1905 2454 1971 audiero,
2481 1906 2601 1975 quia
2627 1909 2773 1961 statis
2797 1907 2849 1962 in
2875 1924 2976 1962 uno
3001 1908 3184 1977 spiritu
3208 1918 3256 1962 et
3287 1925 3388 1962 una
3412 1909 3607 1963 animo.

2210 1999 2265 2054 5.
2307 1997 2419 2053 Hoc
2442 2007 2547 2065 est,
2573 1998 2715 2070 quod
2746 2000 2976 2055 maxime
3007 2000 3194 2056 ﬁdeles
3214 2001 3512 2072 coniungit,
3539 2011 3596 2058 et
3624 2018 3719 2058 ca-

2139 2089 2349 2144 ritatem
2379 2088 2551 2158 ipsam
2587 2089 2829 2144 continet
2861 2108 2875 2144 :
2909 2090 3036 2146 hinc
3062 2090 3151 2146 illa
3187 2091 3395 2147 Domini
3425 2093 3617 2157 verba.
3653 2093 3723 2149 Ut

2137 2182 2238 2235 sint
2263 2197 2421 2234 unum
2450 2180 2630 2250 (Joan.
2659 2182 2744 2237 l7.
2784 2182 2895 2252 ll).
2928 2182 3059 2238 Nam
3092 2183 3343 2254 Regnum,
3373 2184 3565 2254 inquit,
3594 2186 3648 2238 in
3670 2202 3724 2239 se

2139 2273 2355 2328 divisum
2374 2315 2390 2339 ,
2418 2289 2519 2327 non
2547 2275 2726 2343 poterit
2751 2283 2889 2330 stare
2915 2273 3133 2344 (Matth.
3165 2276 3253 2330 12.
3284 2276 3402 2348 25).
3434 2276 3723 2346 Propterea

2139 2375 2195 2421 et
2220 2364 2421 2420 Paulus
2447 2366 2647 2420 nniltus
2676 2365 2872 2435 ubique
2895 2375 2979 2422 est
3007 2367 3057 2420 in
3088 2368 3377 2423 concordia
3406 2367 3681 2423 suadenda
3706 2386 3721 2422 :

2143 2457 2265 2513 ideo
2289 2466 2345 2512 ct
2369 2456 2617 2512 Christus
2639 2456 2826 2528 inqttit,
2861 2455 2924 2511 In
2947 2459 3041 2512 hoc
3060 2461 3360 2529 cognoscent
3384 2474 3576 2521 omnes,
3605 2460 3728 2529 quia

2142 2546 2384 2622 discipuli
2411 2550 2508 2603 nari
2533 2550 2673 2616 estis,
2702 2551 2747 2603 si
2776 2550 3093 2605 dilectionem
3126 2551 3403 2606 habueritis
3426 2553 3495 2604 ad
3519 2552 3727 2606 invicem

2150 2644 2326 2716 (Joan.
2361 2644 2441 2699 l5.
2473 2642 2587 2713 55).
2617 2642 2694 2697 Ne
2723 2642 2906 2714 igitur,
2941 2643 3115 2714 inquit
3139 2643 3355 2705 Paulus,
3391 2644 3493 2698 mei
3522 2643 3726 2698 adven-

2148 2745 2232 2789 tus
2258 2733 2660 2803 exspectationc
2702 2735 3000 2804 pendentes
3043 2735 3246 2788 interea
3292 2733 3639 2797 obdorniite;
3673 2742 3730 2788 nt

2147 2841 2268 2879 cum
2300 2822 2441 2894 quod
2468 2823 2870 2894 cxspeclahatis
2891 2864 2905 2889 ,
2938 2826 3279 2888 suece~seril,
3311 2840 3503 2894 tut-que
3529 2825 3726 2879 videri-

2150 2919 2240 2976 tis.
2271 2916 2525 2986 deinceps
2550 2915 2884 2986 diligentiam
2924 2916 3211 2971 remittatis
3237 2932 3300 2971 ac
3334 2916 3726 2972 dissolvamini.

2149 3008 2282 3065 Nam
2322 3007 2483 3063 etiam
2527 3022 2593 3060 ex
2640 3005 2823 3061 auditu
2867 3007 3111 3063 eamdem
3160 3023 3357 3076 capere
3402 3008 3730 3078 voluptatem

2155 3115 2393 3170 possum.
2414 3098 2552 3164 Quid
2578 3097 2712 3152 istuc
2732 3107 2835 3163 est,
2870 3096 2934 3152 In
2962 3115 3063 3152 uno
3082 3099 3263 3167 spiritu
3287 3099 3313 3152 .9
3341 3097 3393 3153 Id
3418 3108 3519 3161 est.
3544 3099 3730 3152 eadem

2154 3192 2243 3248 illa
2286 3189 2454 3259 gratia
2508 3187 2850 3254 concordia:,
2896 3188 3207 3243 alacritatis.
3260 3187 3407 3244 Unus
3450 3189 3611 3243 etiam
3652 3197 3737 3243 est

2156 3283 2420 3355 Spiritus:
2449 3286 2612 3347 atque
2643 3278 2693 3333 id
2723 3294 2788 3333 cx
2815 3294 2881 3333 eo
2905 3279 3209 3333 ostenditur
3230 3318 3244 3343 ,
3272 3277 3415 3348 quod
3447 3294 3592 3348 saepe
3637 3279 3736 3333 hoc

2156 3368 2318 3424 tnodo
2335 3367 2535 3422 dictum
2559 3366 2631 3421 sit
2657 3384 2670 3419 :
2702 3364 2773 3419 ita
2799 3364 2945 3417 enim
2971 3372 3054 3418 est
3076 3371 3129 3417 et
3159 3363 3211 3417 in
3241 3377 3343 3416 una
3371 3372 3517 3417 stare
3536 3364 3734 3427 anima,

2156 3477 2279 3519 cum
2308 3474 2495 3516 omnes
2516 3474 2678 3513 unum
2701 3457 2946 3527 spiritum
2977 3454 3287 3509 habeamus.
3317 3452 3450 3509 Vide
3471 3468 3604 3509 voce
3626 3454 3735 3519 illa,
3764 3495 3770 3499 ‹

2159 3562 2252 3624 μιᾷ
2278 3562 2404 3624 ψυχῇ
2426 3593 2440 3618 ,
2472 3550 2523 3605 id
2551 3557 2654 3611 est.
2689 3563 2791 3602 una
2820 3547 3022 3609 anima,
3053 3545 3398 3617 concordiam
3425 3560 3547 3601 esse
3570 3547 3737 3618 signi-

2164 3645 2371 3699 ﬁcatam
2405 3661 2418 3696 :
2449 3640 2569 3697 vide
2599 3640 2794 3695 multas
2814 3639 3023 3694 animas
3049 3653 3207 3693 unam
3234 3637 3360 3693 dici.
3390 3636 3464 3693 Ita
3494 3652 3555 3694 se
3583 3638 3744 3693 habe-

2164 3736 2255 3791 bat
2302 3735 2594 3806 antiquitus
2623 3750 2637 3786 :
2668 3730 2943 3794 Omnium,
2977 3729 3182 3802 inquit,
3218 3738 3328 3783 erat
3353 3745 3443 3783 cor
3480 3739 3531 3783 et
3573 3731 3746 3783 animo

2164 3843 2267 3881 una
2297 3826 2436 3898 (Act.
2481 3824 2534 3879 4.
2580 3823 2694 3895 52).
2723 3821 3103 3876 Collaborantes
3139 3820 3259 3888 [idsi
3301 3819 3569 3890 evangelii.
3608 3818 3744 3874 Num

2166 3930 2436 3990 tamquam
2467 3916 2569 3972 lide
2591 3916 2868 3971 laborante
2899 3915 2952 3968 in
2979 3911 3294 3979 certamine,
3318 3921 3528 3978 mutuo,
3553 3910 3746 3981 inquit,

2166 4013 2557 4069 collaborantes
2576 4010 2602 4063 ?
2627 4023 2729 4077 qua
2759 4008 2964 4063 ratione
2989 4005 3042 4061 id
3070 4015 3214 4061 stare
3235 4003 3444 4073 possit?
3464 4002 3580 4058 Non
3603 4003 3747 4058 enim

2170 4103 2311 4158 inter
2338 4116 2398 4156 se
2427 4100 2753 4171 pugnabant;
2784 4097 2880 4153 sed
2906 4096 3048 4168 quod
3076 4096 3184 4150 vult
3215 4094 3413 4150 Paulus
3434 4134 3450 4159 ,
3488 4093 3593 4148 hoc
3619 4101 3705 4149 est
3730 4110 3747 4143 :

2169 4194 2410 4250 Ilutuum
2431 4235 2446 4259 ,
2477 4191 2683 4263 inquit,
2713 4190 2868 4246 vobis
2900 4188 3157 4244 auxilium
3186 4186 3377 4244 all‘erte
3398 4228 3416 4255 ,
3446 4187 3575 4242 dum
3618 4186 3749 4241 lldes

2169 4284 2430 4355 evangelii
2459 4284 2514 4339 in
2540 4283 2839 4339 certamine
2867 4288 3129 4336 versatur.
3160 4279 3253 4336 28.
3285 4278 3352 4333 Et
3386 4280 3440 4333 in
3469 4277 3615 4333 nullo
3639 4287 3747 4332 ter-

2171 4380 2254 4435 riti
2282 4379 2348 4432 ab
2371 4376 2674 4431 adversariis
2695 4416 2713 4441 ,
2742 4373 2880 4445 quod
2903 4372 3106 4445 quidem
3143 4371 3272 4442 ipsis
3296 4380 3370 4425 est
3392 4379 3751 4443 argumentum

2173 4469 2494 4542 perditionis,
2518 4465 2657 4521 vobis
2679 4474 2848 4521 autem
2873 4463 3073 4520 salutis.
3094 4463 3309 4534 Optime
3333 4461 3492 4525 dixit.
3525 4461 3569 4515 1'
3568 4462 3709 4516 erriti
3731 4475 3752 4516 :

2175 4562 2298 4618 talia
2319 4560 2462 4617 enim
2496 4566 2625 4613 sunt
2644 4597 2662 4622 ,
2693 4570 2814 4626 qua:
2838 4555 2909 4611 ab
2935 4552 3263 4610 adversariis
3293 4551 3709 4623 proficiscuntur
3734 4566 3751 4605 :

2174 4659 2379 4710 terrent
2407 4645 2799 4707 tantummodo.
2828 4646 2967 4703 Dicit
2990 4645 3168 4717 igitur,
3197 4642 3265 4699 In
3289 4642 3434 4698 nullo
3457 4657 3477 4696 :
3496 4639 3753 4713 quidquid

2173 4742 2436 4811 evenerit,
2460 4740 2623 4798 etiam
2639 4738 2685 4794 si
2708 4737 2942 4809 pericula
2968 4735 3239 4807 proposita
3260 4734 3390 4802 sint,
3406 4733 3570 4790 etiam
3593 4732 3640 4787 si
3670 4733 3754 4786 in-

2174 4836 2360 4894 sidia:
2386 4833 2491 4889 hoc
2507 4830 2654 4889 enim
2678 4838 2765 4887 est
2788 4838 2936 4886 recte
2959 4828 3236 4886 stantium.
3271 4825 3349 4883 Illi
3376 4825 3522 4882 enim
3554 4834 3759 4880 terrere

2174 4927 2452 4983 dumtaxat
2477 4929 2740 4991 possunt;
2789 4928 3050 4993 preterea
3101 4916 3256 4973 nihil.
3285 4915 3422 4985 Quia
3449 4913 3596 4971 enim
3620 4913 3759 4969 veri—

2175 5014 2351 5073 simile
2370 5023 2488 5072 erat
2516 5012 2640 5070 illos
2665 5010 2823 5068 valde
2848 5008 3168 5081 perturbari,
3198 5022 3323 5063 cum
3359 5003 3759 5061 animadverte-

2174 5114 2298 5163 rent
2321 5103 2544 5161 Pattlum
2570 5099 2994 5158 innumerabiles
3029 5098 3213 5155 subire
3233 5096 3611 5155 calamitates:
3642 5090 3759 5150 Non

2174 5198 2322 5265 dico,
2353 5196 2559 5268 inquit,
2588 5194 2668 5251 Ne
2696 5192 2985 5258 lluctuctis,
3017 5190 3113 5248 sed
3134 5232 3150 5255 ,
3174 5189 3254 5246 Ne
3280 5187 3634 5254 terreantini;
3666 5184 3761 5242 sed

2176 5289 2339 5347 etiam
2369 5287 2492 5344 illos
2517 5286 2676 5342 valde
2693 5282 3074 5341 contemnatis.
3099 5282 3232 5339 Nam
3260 5282 3306 5337 si
3335 5280 3441 5337 hoc
3460 5279 3622 5336 modo
3644 5278 3762 5333 aui-

2179 5381 2307 5436 mati
2333 5378 2474 5445 sitis,
2503 5377 2629 5433 hinc
2653 5375 2764 5446 iam
2790 5386 2845 5430 et
2873 5375 3115 5444 ipsorum
3153 5370 3514 5443 perditionem
3535 5410 3554 5437 ,
3581 5378 3637 5424 et
3664 5381 3762 5422 ve-

2178 5479 2344 5527 stram
2364 5469 2594 5526 salutem
2617 5467 2954 5540 perspicuam
2982 5461 3209 5521 iacietis.
3235 5462 3447 5519 Etenim
3468 5475 3593 5517 eum
3612 5458 3765 5514 vide.

2177 5563 2284 5619 rint
2314 5568 2565 5618 sexcenta
2593 5573 2655 5615 se
2686 5556 2914 5613 artiﬁcia
2945 5553 3281 5613 comminisci
3303 5591 3322 5620 ,
3362 5566 3428 5608 ac
3455 5564 3524 5608 ae
3549 5558 3762 5607 terrere

2176 5653 2392 5724 quidem
2415 5667 2512 5708 vos
2538 5664 2701 5722 posse
2722 5688 2741 5717 ,
2767 5657 2915 5706 certa
2951 5648 3035 5703 sui
3064 5647 3301 5717 ipsorum
3329 5643 3581 5700 interitus
3599 5656 3762 5712 argu-

2186 5756 2363 5804 menta
2404 5743 2638 5816 capient.
2704 5738 2930 5812 Quando
2977 5739 3122 5797 enim
3179 5744 3462 5795 vexatores
3511 5734 3580 5792 iis
3625 5746 3764 5807 quos
