4030 6204
514 299 621 356 909

512 412 564 464 οῖ
594 407 926 480 κρατοῦντες
965 410 1072 465 τῶν
1096 411 1506 481 κρατουμένων,
1541 411 1642 463 οὐκ
1672 407 1898 461 αὐτόθεν
1933 406 2085 459 ἔσται

513 497 676 567 δῆλον
713 499 922 561 αὐτοῖς,
974 497 1055 551 δτι
1110 496 1462 563 ἀπολοῦνται,
1499 498 1582 549 δτι
1612 496 1761 548 οὐδὲν
1789 493 2086 565 ἰσχύουσιν,

511 584 597 638 δτι
649 582 719 637 τά
773 584 951 638 αὐτῶν
1009 583 1202 653 ψευδῆ,
1268 584 1352 638 ὅτι
1410 583 1480 637 τά
1537 583 1760 653 ἐκείνων
1826 579 2026 649 ἀσθενῆ
2069 595 2084 645 ;

514 670 621 725 Kal
674 667 850 725 τοῦτο
896 671 1016 724 ἀπὸ
1069 669 1239 732 Θεοῦ,
1269 671 1465 741 φησίν·
1492 670 1582 724 ὅτι
1629 668 1770 739 ὑμῖν
1795 667 2085 736 ἐχαρίσθη

512 758 577 810 τό
628 755 783 825 ὑπὲρ
823 756 1103 827 Χριστοῦ,
1145 759 1218 811 οὐ
1258 758 1450 826 μόνον
1503 757 1570 810 τό
1613 759 1699 821 εἷς
1749 755 1936 809 αὑτὸν
1990 769 2086 806 πι-

510 847 768 911 στεύειν,
799 845 961 901 (ma
981 846 1078 900 καί
1113 846 1179 900 τὸ
1205 846 1359 916 ὑπὲρ
1381 846 1570 900 αὐτοῦ
1603 844 1883 914 πάσχειν.
1917 840 2086 897 Πάλιν

510 934 690 987 αὐτῶν
740 934 986 988 παιδεύει
1041 936 1103 988 τὸ
1146 936 1402 1006 φρόνημα
1458 933 1804 1005 μετριάζειν,
1861 929 1924 984 τὸ
1976 931 2085 983 πᾶν

507 1022 787 1087 ἀνατιθεὶς
839 1021 917 1094 τῷ
974 1022 1132 1093 Θεῷ,
1184 1023 1279 1077 καὶ
1336 1023 1499 1094 χάριν
1556 1018 1694 1076 εἶναι
1763 1020 1940 1088 λέγων
1990 1017 2085 1071 καὶ

507 1109 757 1183 χάρισμα
809 1111 904 1165 καὶ
955 1109 1163 1181 δωρεάν
1210 1110 1271 1165 τὸ
1324 1111 1552 1180 πάσχειν
1614 1108 1756 1179 ὑπὲρ
1820 1105 2079 1177 Χριστοῦ.

508 1197 677 1252 Ὥστε
711 1198 786 1270 μὴ
827 1198 1148 1270 αἰσχύνεσθε
1166 1201 1413 1271 χάρισμα
1433 1215 1446 1228 ·
1481 1199 1576 1252 καὶ
1603 1198 1712 1267 γάρ
1746 1198 1893 1251 ἐστιν
1916 1196 2084 1258 ὅντως

506 1284 603 1339 τοῦ
682 1286 911 1357 νεκρούς
990 1288 1212 1359 ἀνιστᾷν
1262 1286 1445 1358 πολλῷ
1503 1286 1599 1340 καὶ
1652 1289 1855 1356 σημεῖα
1910 1286 2082 1337 ποιεῖν

509 1370 972 1443 θαυμαστότερον.
1006 1374 1154 1426 Ἐκεῖ
1175 1373 1275 1445 μὲν
1301 1373 1410 1444 γάρ
1431 1373 1713 1444 ὀφειλέτης
1739 1371 1874 1442 εἰμὶ,
1900 1369 2084 1424 ἐνταῦ-

509 1458 577 1513 θα
615 1458 670 1511 δὲ
696 1459 981 1530 ὀφειλέτην
1024 1460 1134 1530 ἔχω
1170 1462 1263 1514 τὸν
1307 1460 1564 1532 Χριστόν.
1601 1461 1763 1512 Ὥστε
1803 1459 1863 1511 οὐ
1921 1459 2079 1528 μόνον

507 1545 858 1615 αἰσχύνεσθαι
906 1546 967 1599 οὐ
999 1548 1127 1618 χρὴ,
1162 1547 1296 1601 ἀλλὰ
1337 1547 1433 1601 καὶ
1477 1545 1826 1615 ἀγάλλεσθαι,
1862 1544 1937 1607 ὠς
1979 1543 2079 1614 χά-

508 1648 681 1702 ρισμα
716 1631 961 1703 ἔχοντας.
1007 1634 1120 1698 Τάς
1167 1634 1369 1705 ἀρετάς
1414 1633 1727 1705 χαρίσματά
1762 1650 1945 1703 φησιν,
1980 1632 2078 1702 οὐχ

504 1718 706 1786 ὁμοίως
752 1720 957 1791 μέντοι,
1005 1720 1081 1783 ώς
1135 1721 1228 1774 καὶ
1281 1720 1350 1774 τά
1391 1721 1525 1776 ἄλλα
1551 1736 1564 1747 ·
1616 1722 1799 1773 ἐκεῖνα
1845 1721 1943 1790 μὲν
1969 1718 2076 1789 γὰρ

504 1809 773 1880 ὁλόκληρα
793 1809 888 1864 τοῦ
925 1811 1080 1876 Θεοῦ,
1105 1811 1280 1865 ταῦτα
1303 1811 1361 1865 δὲ
1387 1810 1482 1865 καὶ
1510 1811 1684 1882 ἡμῶν.
1725 1810 1863 1862 Ἀλλ’
1889 1808 2077 1879 ἐπειδὴ

504 1897 601 1951 καὶ
627 1896 862 1952 ἐνταῦθα
883 1898 945 1952 τὸ
977 1897 1141 1952 πλέον
1174 1899 1268 1952 τοῦ
1307 1896 1441 1951 Θεοῦ
1474 1899 1610 1960 ἐστι,
1642 1897 1730 1952 διά
1768 1896 1927 1950 τοῦτο
1954 1896 2076 1951 ὅλον

500 1985 668 2040 αὐτοῦ
705 2004 869 2058 φησιν
925 1983 1087 2055 εἶναι,
1121 1988 1181 2041 οὐ
1224 1989 1285 2041 τὸ
1337 1986 1682 2052 αὐτεξούσιον
1732 1985 2072 2056 ἀνατρέπων,

454 2061 475 2071 ’
497 2071 637 2128 ἀλλά
670 2075 1065 2146 μετριόφρονας
1106 2078 1199 2129 καὶ
1233 2073 1583 2145 εὐγνώμονας
1627 2073 2070 2138 κατασκευάζων.

503 2159 618 2214 Τὸν
642 2161 832 2215 αὐτὸν
879 2160 1081 2232 ἀγῶνα
1114 2165 1382 2232 ἔχοντες,
1428 2157 1556 2217 οἷον
1592 2162 1780 2216 εἴδετε
1809 2162 1878 2215 ἐν
1920 2161 2069 2230 ἐμοί.

496 2244 778 2310 Τουτέστι,
821 2249 929 2302 Καὶ
976 2249 1036 2303 τὸ
1068 2250 1417 2321 παράδειγμα
1469 2249 1641 2319 ἔχετε.
1681 2249 1847 2303 Πάλιν
1878 2249 2074 2311 αὐτοὺς

499 2332 717 2403 ἐπαίρει
766 2334 1021 2389 ἐνταῦθα.
1065 2335 1314 2388 Δείκνυσι
1364 2336 1471 2406 γάρ
1502 2336 1779 2406 πανταχοῦ
1816 2336 1885 2389 τά
1935 2335 2074 2389 αὐτά

499 2419 933 2490 ἀγωνιζομένους
979 2421 1150 2491 αὐτῷ,
1192 2424 1260 2476 τὰ
1294 2422 1432 2475 αὐτά
1463 2422 1780 2486 ἀθλοῦντας,
1819 2422 1915 2476 καὶ
1967 2422 2073 2492 ἰδία

497 2505 593 2559 καί⁵
622 2507 743 2560 καθ’
770 2508 995 2573 ἐαυτούς
1027 2508 1106 2580 τῷ
1136 2510 1513 2581 συνδιαφέρειν
1551 2510 1702 2580 αὐτῷ
1727 2510 1854 2573 τούς
1880 2526 2074 2580 πειρα-

499 2592 693 2663 σμούς.
725 2594 839 2647 Οὐκ
860 2589 1034 2660 εἶπεν,
1067 2597 1389 2666 ’Λκηκόατε,
1420 2596 1556 2664 ἀλλ’,
1581 2595 1818 2650 Είδετε·
1851 2597 2071 2666 καὶγὰρ

497 2679 614 2731 ἐκεῖ
632 2679 867 2751 ἧθλησεν
888 2684 947 2735 ἐν
975 2682 1283 2747 Φιλίπποις.
1314 2685 1455 2754 ’Ἄρα
1483 2683 1691 2754 μεγάλη
1723 2682 1889 2754 ἁρετὴ
1917 2682 2071 2736 τοῦτό

495 2765 636 2823 ἐστι.
664 2768 755 2821 Διὸ
787 2772 880 2823 καὶ
908 2771 1042 2843 πρὸς
1062 2770 1307 2833 Γαλάτας
1335 2771 1561 2844 γράφων
1591 2771 1764 2840 ἔλεγε,
1802 2772 2071 2826 Τοσαῦτα

494 2852 746 2910 ἐπάθετε
763 2855 917 2926 εἰκῆ.
953 2858 1011 2912 εί
1036 2875 1103 2927 τε
1132 2858 1229 2912 καί
1258 2857 1421 2926 εἰκῆ·
1469 2860 1566 2912 καὶ
1602 2858 1877 2931 Ἑϐραίοις
1906 2859 2069 2914 πάλιν

495 2941 724 3013 γράφων
766 2942 973 3013 ἔλεγεν,
1018 2944 1580 3015 Ἀναμιμνήσκεσθε
1611 2944 1679 2998 δὲ
1707 2944 1814 3012 τὰς
1856 2949 2068 3015 πρότεο

488 3046 607 3097 ρον
631 3029 876 3099 ἡμέρας.
893 3032 963 3084 ἐν
990 3026 1084 3097 αἶς
1109 3030 1511 3100 φωτισθέντες
1535 3031 1781 3099 πολλὴν
1803 3034 2069 3102 ἄθλησιν

493 3117 852 3186 ὑπεμείνατε
894 3117 1290 3187 παθημάτων,
1344 3118 1522 3173 τοῦτο
1564 3118 1682 3187 μὲν
1703 3119 2067 3189 ὀνειδισμοῖς

490 3205 588 3260 καί
620 3206 867 3275 θλίψεσι
893 3207 1342 3277 θεατριζόμενοι,
1377 3208 1551 3261 τοῦτο
1568 3207 1635 3260 δὲ
1659 3208 1932 3262 κοινωνοὶ
1950 3209 2067 3263 τῶν

488 3291 676 3359 οὕτως
700 3292 1244 3363 ἀναστρεφομένων
1282 3293 1658 3363 γενηθέντες.
1706 3296 1817 3348 Καὶ
1872 3297 2063 3348 Μακε-

487 3378 602 3432 δόσι
622 3380 802 3444 πάλιν,
826 3383 1093 3445 τουτέστι,
1116 3380 1569 3435 Θεσσαλονικεῦσι
1587 3382 1814 3452 γράφων
1841 3382 2024 3446 ἔλεγεν
2045 3398 2059 3412 ·

489 3468 667 3522 Αὐτοὶ
701 3469 811 3538 τὰρ
857 3471 990 3539 περὶ
1041 3471 1212 3540 ἡμῶν
1265 3470 1797 3540 ἀπαγγέλλουσιν,
1846 3473 2064 3525 ὁποίαν

487 3553 734 3609 εἴσοδον
768 3556 1032 3625 ἔσχομεν
1066 3558 1217 3626 πρὸς
1262 3557 1416 3627 ὑμᾶς
1438 3575 1452 3589 ·
1497 3557 1591 3611 καὶ
1635 3558 1796 3612 πάλιν
1825 3577 1839 3591 ο
1880 3560 2059 3613 Αὐτοὶ

489 3639 600 3709 γὰρ
620 3640 841 3705 οῖδατε,
860 3641 1135 3711 ἀδελφοί,
1167 3643 1283 3710 τὴν
1309 3644 1554 3698 εἴσοδον
1574 3645 1744 3712 ἡμῶν
1771 3645 1887 3712 τὴν
1911 3646 2062 3713 πρὸς

488 3722 666 3794 ὑμᾶς,
698 3724 787 3778 ὅτι
821 3728 892 3779 οὐ
931 3727 1081 3794 κενὴ
1122 3729 1353 3797 γέγονε.
1415 3731 1527 3782 Καὶ
1573 3733 1738 3783 πᾶσιν
1772 3731 1973 3799 ὁμοίως
2000 3733 2062 3786 τὸ

488 3811 622 3866 αὐτὸ
663 3815 949 3884 μαρτυρεῖ,
1006 3811 1196 3878 ἄθλους
1249 3816 1345 3868 καὶ
1399 3816 1638 3883 ἀγῶνας.
1683 3818 1822 3870 Ἀλλ’
1856 3819 1918 3872 οὐ
1964 3818 2060 3874 νῦν

485 3896 645 3952 τοῦτο
675 3899 935 3972 εὑρήσετε
958 3902 1089 3972 παρ’
1118 3901 1248 3973 ἡμῖν
1272 3918 1284 3930 ·
1315 3901 1411 3955 νῦν
1435 3903 1543 3972 γάρ
1564 3905 1847 3975 ἀγαπητὸν
1873 3906 1934 3958 τὸ
1956 3906 2057 3960 κᾶν

485 3987 545 4040 ἐν
564 3987 809 4060 χρήμασι
841 3987 991 4062 [ιιι]
1026 3990 1148 4044 τινά
1194 4006 1248 4043 τι
1306 3990 1518 4044 παθεῖν.
1559 3992 1667 4044 Καὶ
1701 3993 1758 4044 ἐν
1814 3994 2057 4064 χρήμασι

481 4074 540 4130 δέ
584 4076 798 4147 μεγάλα
834 4078 1017 4141 αὐτοῖς
1067 4080 1371 4149 μαρτυρεῖ·
1428 4082 1539 4142 τοῖς
1574 4078 1674 4148 μὲν
1709 4081 1817 4151 γάρ
1869 4098 2053 4153 φησιν,

481 4162 566 4217 ὅτι
594 4161 715 4232 Τὴν
749 4164 1029 4234 ἁρπαγὴν
1076 4162 1197 4218 τῶν
1241 4167 1639 4234 ὑπαρχόντων
1686 4166 1854 4235 ὑμῶν
1902 4174 2053 4237 μετὰ

481 4248 668 4320 χαρᾶς
692 4251 1141 4319 προσεδέξασθε
1164 4267 1179 4282 ·
1211 4255 1325 4315 τοῖς
1361 4253 1419 4306 δέ
1455 4270 1639 4324 φησιν,
1677 4253 1758 4306 ὅτι
1794 4254 2053 4325 Εὐδόκη-

478 4353 605 4391 σαν
634 4339 975 4410 Μακεψα
1004 4339 1104 4394 καὶ
1153 4340 1360 4410 Ἀχαΐα
1381 4342 1700 4395 κοινωνίαν
1731 4342 1863 4395 τινὰ
1881 4341 2053 4409 ποιή-

474 4427 1042 4496 σασθαι-,δὺς
1086 4427 1397 4495 πτωχούς·
1458 4427 1552 4480 καὶ
1616 4427 1797 4493 πάλιν,
1862 4428 1926 4483 '0
1981 4429 2051 4496 ἐξ

470 4508 646 4583 ’ὑμῶν
672 4508 1134 4580 (ﬁla-Mnes
1158 4513 1300 4580 τοὺς
1329 4515 1639 4581 πλείονας.

543 4647 610 4701 δ’.
639 4647 800 4718 Ὁρᾷς
828 4646 898 4699 τά
927 4647 1180 4716 ἐγκώμια
1205 4648 1313 4701 τῶν
1342 4651 1463 4702 τότε
1488 4652 1728 4721 ἀνδρῶν;
1770 4653 1963 4723 Ἡμεῖς
1988 4653 2045 4707 δέ

468 4732 597 4788 οὐδὲ
635 4733 795 4803 μέχρι
836 4732 1219 4802 ραπισμάτων,
1266 4735 1387 4787 οὐδέ
1427 4736 1590 4806 μέχρι
1633 4739 1849 4810 πληγῆς
1882 4741 2046 4811 φέρο..

474 4836 599 4891 μεν,
626 4820 747 4873 οὐδὲ
771 4818 933 4890 ὓϐριν
957 4820 1081 4872 οὐδὲ
1110 4820 1410 4890 χρημάτων
1438 4823 1641 4891 ζημίαν
1678 4824 2041 4896 ὑπομένομεν.

484 4908 716 4962 Ἐκεῖνοι
755 4907 858 4979 ἢδη
898 4904 1168 4977 ζηλωταὶ,
1217 4909 1313 4960 καὶ
1351 4907 1627 4978 μάρτυρες
1670 4910 1872 4975 πάντες
1903 4908 2044 4984 ἦσαν

468 4996 892 5066 ἀγωνιζόμενοι·
927 4995 1091 5065 ἡμεῖς
1127 4992 1185 5047 δέ
1224 4994 1325 5064 τὴν
1366 4995 1586 5066 ἀγάπην
1619 4995 1896 5068 ἐψύξαμεν
1944 5000 2042 5072 τὴν

467 5084 552 5146 εἰς
577 5084 669 5137 τὸιι
693 5082 949 5154 Χριστόν.
978 5081 1146 5136 Πάλιν
1170 5081 1553 5153 ἀναγκάζομαι
1585 5088 1907 5156 κατηγορεῖν
1931 5087 2041 5143 τῶν

470 5172 757 5240 παρόντων
781 5170 1145 5242 πραγμάτων.
1168 5170 1276 5222 Καὶ
1291 5169 1342 5222 τί
1362 5168 1554 5236 πάθεος
1584 5172 1685 5225 οὐκ
1713 5171 2036 5245 ἐϐουλόμην,

467 5255 585 5310 ἀλλ’
622 5257 1026 5328 ἀναγκάζομαι.
1067 5255 1131 5310 Εἰ
1166 5257 1268 5327 μὲν
1307 5256 1412 5327 γάρ
1461 5251 1530 5327 ἦν
1572 5259 1895 5327 σιγήσαντα,
1945 5263 2038 5315 καὶ

466 5342 636 5415 μηδὲν
652 5342 892 5405 εἰπόντα,
912 5344 1019 5397 τῶν
1044 5345 1350 5414 γενομένων
1374 5344 1634 5412 ἀφανίσαι
1649 5344 1738 5398 διά
1758 5346 1857 5417 τῆς
1875 5349 2037 5417 σιγῆς

463 5431 531 5487 τά
560 5431 840 5501 γινόμενα,
878 5429 987 5484 ἔδει
1036 5431 1191 5502 σιγᾷν
1215 5447 1228 5461 ·
1270 5432 1319 5483 εἰ
1365 5430 1421 5485 δέ
1462 5431 1771 5485 τούναντίον
1824 5434 2034 5502 γίνεται

462 5521 548 5591 (οὐ
581 5520 691 5591 γὰρ
720 5518 881 5589 μόνον
902 5518 1002 5572 οὐκ
1032 5518 1373 5586 ἀφανίζεται,
1396 5518 1552 5589 ἡμῶν
1573 5520 1870 5588 σιγώντων,
1898 5522 2034 5578 ἀλλά

463 5607 560 5659 καὶ
587 5605 943 5677 χαλεπώτερα
975 5604 1230 5675 γίνεται),
1273 5606 1571 5673 ἀναγκαῖον
1601 5608 1794 5663 εἰπεῖν.
1838 5608 1896 5662 Ὀ
1924 5609 2032 5680 γάρ

464 5693 787 5764 κατηγορῶν
822 5695 929 5748 τῶν
957 5693 1400 5764 ἁμαρτανόντων,
1427 5695 1475 5747 εἰ
1501 5696 1596 5749 καὶ
1627 5696 1797 5767 μηδὲν
1819 5696 2026 5770 ἕτερον,

1222 296 1277 351 S.
1318 293 1600 350 .IOANNIS
1635 292 2113 350 CHRYSOSTOM!
2146 292 2470 352 ‘AHCI‘IIEP.
2507 293 3055 353 CONSTANTINOP.

3655 303 3764 357 810

2192 409 2291 463 οὐκ
2316 412 2508 482 ἀφίησι
2534 411 2844 482 περαιτέρω
2872 413 3171 480 προελθεῖν.
3202 412 3443 482 Οὐδεμία
3479 414 3589 486 γάρ
3617 417 3765 470 ἐστιν

2187 498 2361 562 οὕτως
2411 499 2765 567 ἀναίσχυντος
2812 498 2957 568 ψυχὴ
3001 499 3094 552 καὶ
3151 498 3339 569 ίταμὴ,
3394 499 3470 563 ὡς
3524 504 3763 572 συνεχῶς

2187 585 2458 639 ἀκούουσα
2484 584 2816 649 κακιζόντων
2845 585 3014 653 αὐτήν
3042 602 3225 651 τινων,
3269 586 3343 655 μὴ
3380 586 3762 657 ἐντρέπεσθαι,

2191 672 2321 741 μηδὲ
2355 672 2676 741 καθυφεῖναι
2714 671 2815 741 τῆς
2849 671 3045 735 κακίας
3074 672 3173 740 τῆς
3208 671 3427 742 πολλῆς.
3486 675 3608 727 Ἐνι
3631 677 3759 745 γὰρ,

2186 758 2265 812 ἔνι
2295 760 2386 813 καὶ
2414 763 2526 824 τοῖς
2560 758 2936 829 ἀναισχύντοις
2978 760 3173 830 μικρόν
3207 777 3261 814 τι
3290 761 3473 826 αἰδοῦς
3498 779 3513 795 ο
3557 765 3587 816 6
3630 763 3763 828 Θεὸς

2184 847 2293 918 γὰρ
2349 847 2628 919 ἐνέσπειρε
2682 848 2780 919 τὴν
2846 845 2979 900 αἰδὼ
3032 850 3096 916 τῇ
3165 848 3322 916 φύσει
3373 851 3440 919 τῇ
3492 851 3755 922 ἡμετέρα.

2197 933 2413 1006 Ἐπειδὴ
2446 934 2552 1005 γάρ
2579 939 2680 988 οὐκ
2707 935 2867 1006 ῆρκει
2890 937 2917 988 6
2952 933 3116 1004 φόϐος
3150 934 3410 1005 ρυθμίσαι
3452 938 3625 1005 ἡμᾶς,
3666 938 3759 991 καὶ

2186 1020 2384 1085 πολλὰς
2415 1023 2607 1093 ἐτέρας
2639 1022 3041 1075 κατεσκεύασεν
3081 1021 3233 1083 ὁδοὺς
3259 1021 3353 1073 τοῦ
3387 1022 3461 1091 μὴ
3503 1023 3755 1093 ἁμαρτά-

2183 1125 2329 1162 νειν·
2382 1103 2513 1176 οἷον,
2553 1109 2614 1162 τὸ
2661 1108 3084 1179 κατηγορεῖσθαι
3133 1109 3283 1177 παρά
3329 1110 3654 1181 ἀνθρώπων,
3698 1112 3759 1165 τὸ

2183 1195 2477 1251 δεδοικέναι
2508 1197 2706 1268 νόμους
2733 1197 2861 1259 τοὺς
2898 1196 3206 1266 κειμένους,
3240 1197 3303 1248 τὸ
3328 1196 3488 1266 δόξης
3516 1198 3667 1267 ἐρᾷν,
3698 1200 3757 1252 τὸ

2184 1282 2366 1352 φιλίας
2395 1283 2809 1338 ἀντιποιεῖσθαι.
2860 1283 3037 1335 Πᾶσαι
3081 1280 3189 1351 γὰρ
3232 1275 3394 1335 αὗται
3429 1284 3485 1334 αί
3524 1283 3635 1336 ὁδοὶ
3661 1286 3756 1338 τοῦ

2185 1370 2260 1440 μὴ
2296 1370 2632 1441 ἁμαρτάνειν
2678 1369 2802 1423 εἰσί.
2842 1369 3108 1431 Πολλάκις
3143 1369 3253 1439 γὰρ
3295 1368 3330 1422 ἃ
3378 1370 3466 1423 διὰ
3502 1370 3593 1422 τὸν
3623 1371 3754 1423 Θεὸν

2181 1457 2281 1509 οὐκ
2315 1457 2557 1525 ἐγένετο,
2597 1456 2666 1509 δι’
2712 1454 2847 1510 αἰδὼ
2886 1456 3110 1524 γέγονε·
3165 1454 3258 1508 καὶ
3291 1454 3327 1508 ἀ
3357 1455 3446 1509 διὰ
3499 1455 3591 1508 τὸν
3622 1456 3756 1509 Θεὸν

2181 1544 2281 1597 οὐκ
2311 1543 2548 1612 ἐγένετο,
2584 1543 2672 1598 διὰ
2714 1543 2875 1612 φόϐον
2921 1541 3221 1611 ἀνθρώπων
3269 1542 3505 1606 ἐγένετο.
3550 1543 3624 1595 Τὸ
3648 1545 3754 1615 γάρ

2182 1630 2512 1699 ζητούμενον
2555 1628 2719 1684 τοῦτό
2762 1632 2907 1682 ἐστι·
2953 1628 3247 1699 Πρότερον,
3294 1629 3367 1699 μὴ
3418 1631 3752 1699 ἁμαρτάνειν

2183 1716 2377 1786 μαθεῖν
2404 1732 2417 1746 ·
2446 1712 2586 1781 εἶτα,
2622 1715 2686 1768 τὸ
2714 1714 2803 1769 διὰ
2838 1715 2930 1770 τὸν
2971 1714 3104 1767 Θεὸν
3136 1713 3293 1767 τοῦτο
3324 1717 3500 1768 ποιεῖν
3529 1715 3753 1788 ὓστερον

2178 1802 2600 1873 κατορθώσομεν
2623 1817 2639 1834 ·
2685 1804 2807 1856 ἐπεὶ
2852 1801 2942 1856 διὰ
2975 1802 3029 1854 τί
3062 1801 3274 1867 Παῦλος
3301 1804 3427 1866 τοὺς
3462 1803 3751 1874 μέλλοντας

2178 1896 2402 1968 κρατεῖν
2431 1894 2540 1947 τῶν
2567 1892 2799 1965 ἐχθρῶν,
2831 1892 2930 1945 οὐκ
2958 1889 3066 1944 ἀπὸ
3105 1891 3200 1945 τοῦ
3246 1892 3409 1962 φόϐου
3454 1896 3750 1965 προτρέπει

2174 1983 2271 2037 τοῦ
2294 1981 2452 2046 Θεοῦ,
2484 1980 2624 2036 ἀλλὰ
2646 1979 2741 2034 καὶ
2771 1978 2879 2033 ἀπὸ
2902 1977 2998 2032 τοῦ
3021 1978 3119 2049 τὴν
3148 1979 3390 2033 ἐκδικίαν
3419 1982 3521 2034 ἀνα
3530 1984 3746 2051 μένεινς

2181 2072 2360 2125 Τοῦτο
2390 2070 2498 2140 γὰρ
2523 2068 2730 2133 ποιῶν,
2767 2068 2952 2139 φησὶν,
2985 2065 3286 2134 ἄνθρακας
3311 2069 3499 2137 πυρός
3529 2070 3750 2137 σωρεύ.

2173 2173 2308 2224 σεις
2333 2160 2431 2213 ἐπὶ
2456 2158 2573 2225 τὴν
2596 2155 2874 2225 κεφαλὴν
2895 2155 3102 2210 αὑτοῦ.
3134 2155 3282 2218 Τέως
3308 2155 3414 2227 γὰρ
3442 2155 3601 2210 τοῦτο
3633 2156 3747 2227 βού-

2172 2246 2346 2310 λεται,
2381 2242 2791 2314 κατορθωθῆναι
2817 2242 2916 2313 τὴν
2946 2242 3166 2313 ἀρετήν.
3210 2243 3387 2312 Ὅπερ
3414 2238 3509 2296 οὖν
3538 2243 3745 2313 ελεγον,

2172 2331 2350 2386 ἔνεστί
2377 2350 2432 2385 τι
2472 2330 2837 2401 αἰσχυντηρὸν
2878 2330 2936 2383 ἐν
2970 2330 3134 2399 ἡμῖν·
3170 2328 3339 2383 πολλὰ
3378 2329 3486 2400 γάρ
3533 2330 3624 2384 καὶ
3647 2348 3746 2399 φυ-

2173 2420 2301 2473 σικά
2335 2418 2515 2488 ἀγαθά
2554 2419 2750 2489 ἔχομεν
2791 2418 2927 2488 πρὸς
2955 2416 3053 2487 τὴν
3086 2417 3285 2488 ἀρετήν
3308 2433 3322 2447 ·
3366 2414 3483 2471 οἷον
3505 2418 3643 2489 πρὸς
3685 2419 3749 2470 τὸ

2172 2507 2341 2560 ἐλεεῖν
2378 2504 2486 2559 ἀπὸ
2515 2505 2732 2575 φύσεως
2760 2503 3060 2572 κινούμεθα
3085 2503 3285 2567 πάντες
3311 2503 3609 2576 ἄνθρωποι,
3653 2505 3747 2558 καὶ

2170 2596 2323 2649 οὐδὲν
2352 2593 2526 2658 οὕτως
2553 2592 2758 2662 ἀγαθὸν
2790 2595 2848 2645 ἐν
2889 2594 2961 2663 τῇ.
2997 2591 3157 2660 φύσει
3202 2592 3360 2662 ἡμῶν
3403 2594 3551 2646 ἐστιν
3595 2593 3748 2655 ἄλλο,

2168 2682 2243 2745 ώς
2266 2682 2441 2736 τοῦτο.
2474 2679 2637 2734 Ὅθεν
2666 2679 2733 2734 ἄν
2748 2696 2831 2741 τις
2865 2679 3089 2743 εἰκότως
3119 2680 3213 2734 καὶ
3242 2679 3538 2744 ἐξετάσειε,
3573 2680 3660 2733 διά
3689 2679 3745 2732 τί

2169 2769 2326 2823 τοῦτο
2359 2768 2591 2840 μάλιστα
2614 2771 2680 2839 τῇ
2720 2766 2881 2837 φύσει
2908 2766 3068 2838 ἡμῶν
3095 2768 3445 2839 ἐνέσπαρται,
3484 2768 3547 2820 τὸ
3575 2785 3743 2821 κατα-

2169 2855 2398 2909 κλάσθαι
2440 2854 2583 2923 λέγω
2619 2854 2872 2925 δάκρυσι,
2918 2853 2979 2905 τὸ
3011 2853 3479 2922 ἐπικάμπτεσθαι,
3509 2854 3570 2905 τὸ
3603 2852 3747 2906 ἐτοι-

2171 2960 2307 3012 μους
2344 2937 2485 2995 εῐναι
2525 2940 2663 3012 πρὸς
2704 2940 2874 2994 ἔλεον.
2907 2941 3098 3002 Οὐδεὶς
3152 2938 3311 3008 φύσει
3356 2941 3503 2991 ἐστὶν
3532 2938 3748 3017 ἀργὸς,

2165 3031 2342 3093 οὐδεὶς
2385 3029 2546 3100 φύσει
2598 3029 2747 3083 ἐστὶν
2800 3028 3136 3094 ἀκενόδοξος,
3173 3026 3325 3099 [225]
3377 3027 3553 3090 οὐδεὶς
3585 3026 3743 3096 φύσει

2166 3116 2283 3169 ἐστὶ
2309 3115 2472 3186 ζήλου
2511 3116 2776 3185 κρείττων
2796 3132 2809 3144 ·
2852 3113 2990 3166 ἀλλὰ
3018 3114 3078 3165 τὸ
3111 3114 3282 3166 ἐλεεῖν
3311 3115 3478 3167 πᾶσιν
3500 3112 3744 3181 ἔγκειται

2167 3204 2347 3274 φύσει,
2382 3203 2487 3257 κᾶν
2517 3203 2667 3274 ώμός
2695 3221 2778 3266 τις
2806 3199 2862 3277 ᾗ,
2897 3202 2998 3256 κᾶν
3026 3203 3263 3273 ἀπηνής.
3302 3202 3409 3255 Καὶ
3445 3201 3498 3254 τί
3531 3201 3742 3269 θαυμα-

2166 3292 2312 3356 στὸν,
2349 3295 2397 3345 εἰ
2436 3290 2531 3344 ἐπὶ
2573 3289 2879 3360 ἀνθρώπων
2930 3287 3089 3342 τοῦτο
3131 3287 3595 3358 ἐπιδεικνύμεθα;
3648 3286 3741 3341 καὶ

2164 3379 2330 3451 θηρία
2360 3379 2647 3449 ἐλεοῦμεν·
2688 3377 2860 3441 οὕτως
2906 3380 2972 3430 ἐκ
3012 3377 3329 3447 περιουσίας
3360 3380 3491 3446 ἡμῖν
3536 3378 3564 3428 6
3593 3375 3739 3439 ἔλεος

2163 3467 2427 3535 ἔγκειται.
2468 3465 2584 3519 Κᾶν
2629 3464 2868 3534 σκύμνον
2923 3464 3121 3535 ἴδωμεν
3167 3463 3402 3528 λέοντος,
3460 3463 3738 3532 πάσχομέν

2160 3572 2214 3607 τι
2242 3571 2256 3584 ·
2286 3554 2380 3606 ἐπὶ
2407 3552 2465 3605 δέ
2496 3552 2768 3622 ὁμοφύλου
2801 3550 2976 3618 πολλῷ
3022 3549 3203 3603 πλέον.
3234 3550 3375 3622 Ὅρα
3409 3550 3567 3602 πόσοι
3615 3550 3738 3603 ἀνά-

2161 3659 2348 3712 πηροι,
2380 3640 2640 3702 πολλάκις
2667 3638 2919 3708 λέγομεν,
2951 3637 3152 3701 εἰδότες
3182 3639 3264 3691 ὅτι
3300 3636 3395 3691 καὶ
3427 3635 3585 3690 τοῦτο
3619 3639 3739 3691 [xa-

2159 3730 2249 3784 νὸν
2283 3731 2363 3795 εἰς
2391 3729 2540 3782 ἔλεον
2574 3728 2722 3799 ἡμᾶς
2745 3728 2994 3795 ἀγαγεῖν.

2228 3874 2395 3928 Οὐδὲν
2416 3873 2589 3936 οὕτως
2617 3871 2897 3943 εὐφραίνει
2929 3870 3019 3925 τὸν
3046 3870 3199 3936 Θεὸν,
3230 3871 3303 3933 ὡς
3329 3869 3664 3940 ἐλεημοσύνη
3683 3882 3745 3925 α..

2157 3961 2248 4015 Διὸ
2272 3963 2322 4014 οἰ
2348 3962 2513 4030 ἱερεῖς
2541 3961 2716 4029 τούτῳ
2754 3958 3016 4030 ἐχρίοντο,
3049 3959 3143 4010 καὶ
3174 3960 3221 4009 οἰ
3263 3956 3522 4028 βασιλεῖς,
3556 3958 3651 4010 καὶ
3683 3958 3732 4009 οι

2157 4047 2467 4118 προφῆται·
2517 4045 2619 4114 τῆς
2671 4044 2780 4114 γὰρ
2823 4043 2917 4097 τοῦ
2961 4043 3096 4098 Θεοῦ
3142 4042 3554 4114 φιλανθρωπίας
3586 4039 3732 4114 εἶχον

2158 4134 2426 4203 σύμϐολον
2441 4133 2501 4187 τὸ
2515 4133 2714 4187 Ελαιον.
2738 4133 2909 4187 Πάλιν
2933 4131 3256 4202 ἐμάνθανον,
3275 4132 3358 4184 ὅτι
3378 4130 3468 4183 τὸν
3493 4130 3729 4201 ἄρχοντα

2157 4220 2321 4273 πλέον
2349 4220 2503 4273 ἐλέου
2533 4220 2615 4273 δεῖ
2640 4219 2814 4289 ἔχειν·
2848 4219 3034 4288 ἐδήλου
3077 4219 3161 4273 ὅτι
3191 4218 3252 4272 τὸ
3277 4217 3509 4288 πνεῦμα.
3525 4220 3605 4281 εἰς
3633 4219 3726 4272 ἀν-

2155 4305 2371 4377 θρωπον
2416 4306 2483 4360 δι’
2521 4307 2669 4361 ἔλεον
2725 4306 2907 4377 μέλλει
2954 4304 3238 4377 ἔρχεσθαι·
3294 4304 3479 4376 ἐπειδὴ
3521 4307 3551 4358 6
3596 4305 3727 4368 Θεὸς

2150 4394 2292 4446 ἐλεεῖ
2316 4395 2441 4457 τοὺς
2459 4393 2800 4463 ἀνθρώπους,
2820 4394 2913 4447 καὶ
2929 4393 3336 4464 φιλανθρωπεύε
3346 4410 3433 4446 ται
3452 4410 3465 4422 ·
3511 4391 3725 4457 Ἐλεεῖς

2150 4481 2282 4553 γὰρ,
2322 4482 2481 4553 φησὶ,
2508 4481 2760 4547 πάντας.
2790 4480 2879 4535 ὅτι
2910 4480 3106 4535 πάντα
3133 4479 3417 4535 δύνασαι.
3449 4479 3547 4533 Διά
3568 4472 3725 4532 τοῦτο

2149 4570 2315 4639 ἐλαίῳ
2348 4570 2376 4610 ιι
2410 4568 2668 4639 ἐχρίοντο.
2706 4569 2817 4621 Καὶ
2854 4567 2962 4639 γὰρ
3007 4568 3102 4621 καὶ
3147 4567 3244 4638 τὴν
3282 4567 3581 4638 ἱερωσύνην
3618 4567 3722 4621 ἀπὸ

2147 4656 2334 4719 ἐλέους
2363 4656 2609 4726 ἐποίησε,
2637 4655 2737 4709 καὶ
2757 4657 2811 4708 οἱ
2838 4655 3076 4723 βασιλεῖς
3112 4654 3279 4724 ἐλαίῳ
3308 4655 3572 4726 ἐχρίοντο.
3606 4652 3724 4707 Κᾶν

2145 4742 2385 4815 ἄρχοντά
2410 4760 2493 4806 τις
2513 4745 2730 4813 ἐπαινῇ,
2762 4743 2915 4796 οὐδὲν
2940 4740 3113 4805 οὕτως
3150 4741 3300 4812 αὐτῷ
3332 4741 3543 4812 πρέπον
3582 4742 3717 4812 ἐρεῖ,

2143 4831 2220 4894 ώς
2249 4830 2399 4894 ἕλεος
2419 4848 2433 4861 ·
2468 4831 2626 4884 τοῦτο
2646 4830 2754 4901 γὰρ
2782 4831 2956 4901 ἀρχῆς
2981 4830 3134 4894 ίδιον,
3168 4831 3231 4883 τὸ
3270 4829 3463 4884 ἐλεεῖν.
3503 4830 3722 4898 Ἐννόη-

2145 4935 2238 4971 σον
2283 4919 2365 4973 ὄτι
2404 4917 2471 4971 δι’
2501 4918 2649 4971 ἐλεον
2680 4919 2708 4971 ό
2739 4918 2945 4987 κόσμος
2980 4916 3308 4986 συνεστάθη,
3351 4916 3447 4970 καὶ
3478 4917 3717 4987 μίμησαι

2140 5006 2233 5060 τὸν
2261 5005 2560 5077 Δεσπότην.
2591 5005 2801 5069 Ἔλεος
2828 5003 3144 5073 ἀνθρώπου
3190 5003 3287 5057 ἐπὶ
3316 5005 3423 5058 τόν
3449 5005 3719 5069 πλησίον

2139 5092 2351 5157 αὑτοῦ,
2396 5093 2569 5160 ἕλεος
2602 5093 2671 5146 δὲ
2696 5093 2916 5159 Κυρίου
2940 5093 3039 5146 ἐπὶ
3065 5089 3271 5146 πᾶσαν
3314 5089 3527 5158 σάρκα.
3568 5092 3713 5155 Πῶς.

2153 5179 2286 5234 Ἐπί
2318 5177 2525 5235 πᾶσαν
2555 5179 2789 5247 σάρκα;
2839 5178 2958 5233 Κάν
2990 5178 3344 5249 ἁμαρτωλοὺς
3380 5179 3564 5252 εἴπῃς,
3614 5178 3716 5232 κᾶν

2205 5400 2301 5465 εει
2358 5400 2544 5450 ῡυυπο
2587 5401 2727 5459 ﬁdes,
2772 5397 3094 5462 adjiciendum
3135 5400 3260 5449 fore!
3304 5402 3548 5465 ἐπώνυμος
3592 5405 3713 5454 οὐσα

2134 5463 2335 5586 ἑλῗίῖἦε
2354 5521 2728 5586 ﬂammulam.
2745 5530 2797 5570 et
2818 5523 2963 5586 ξλεον,
2977 5519 3540 5586 ,ιιιίερνὶεονιίίαιιιπιιιεςί
3563 5540 3714 5574 unum

2136 5583 2424 5648 vocabulum
2464 5580 2887 5648 indiscrimiqalim
2927 5580 3131 5648 adhibet
3162 5580 3555 5648 Chrg'stsldmlgs.
3597 5601 3713 5648 qma

2134 5651 2252 5695 tunc
2275 5646 2450 5691 eodem
2482 5645 2801 5708 pene}!de
2850 5645 3005 5695 ambae
3051 5658 3195 5695 voces
3236 5645 3712 5708 pronunliabuniur,

2132 5708 2262 5768 quod
2296 5708 2447 5755 etiam
2466 5705 2583 5756 sum
2603 5705 2906 5757 observatur.
