4030 6204
281 365 471 412 vexant
500 356 808 425 superiores
849 370 954 408 non
981 351 1216 408 evadunt
1239 363 1391 413 ,‘non
1423 347 1765 402 insidiatores
1792 345 1858 398 iis

278 465 410 516 quos
437 451 489 502 in
521 456 784 514 potestate
809 447 1005 500 habent
1031 464 1043 498 :
1079 459 1256 498 nonne
1279 458 1347 496 ex
1378 446 1476 495 hoc
1505 441 1620 509 ipso
1649 437 1868 508 perspi-

278 556 373 593 ene
402 539 702 606 intelligent
729 579 743 601 ,
786 551 843 590 se
877 536 942 589 ad
976 537 1250 589 interitum
1294 547 1474 596 ruere,
1507 531 1636 585 nihil
1661 544 1820 600 posse
1842 568 1860 594 ,

277 646 370 684 sua
397 645 518 683 esse
555 629 685 683 falsa
717 637 771 682 et
801 629 1054 681 intirma?
1087 624 1152 678 Et
1181 627 1274 678 hoc
1299 642 1330 676 a
1359 623 1489 687 Deo,
1521 623 1694 692 inquit
1719 641 1732 676 :
1764 620 1856 674 29.

279 723 396 790 quia
425 721 562 774 vobis
597 721 844 773 donatum
890 729 963 772 est
997 735 1087 784 pro
1125 717 1324 770 Christo
1349 757 1362 779 ,
1407 731 1506 768 non
1535 715 1698 768 solum
1725 722 1780 766 ιιι
1807 714 1860 766 iu

280 831 389 868 cum
430 814 644 868 credatis
668 854 684 879 ,
725 814 814 867 sed
845 813 992 865 etiam
1016 821 1071 864 ut
1097 827 1190 880 pro
1215 809 1305 862 illo
1334 808 1623 876 patiamini.
1655 807 1860 860 Rursus

281 907 400 959 illos
443 907 752 974 componit.
799 916 855 958 ut
888 904 957 958 de
1002 918 1061 956 se
1108 901 1352 955 modeste
1383 900 1657 960 sentiant.
1689 906 1859 951 totum

284 997 394 1050 Deo
423 996 734 1050 adscribens
760 1038 774 1057 ,
804 1006 856 1047 et
902 994 1128 1063 gratiam
1161 1002 1216 1046 et
1252 991 1520 1044 charisma
1567 998 1621 1043 et
1661 987 1860 1041 donum

283 1102 402 1141 esse
432 1087 614 1140 dicens
659 1087 763 1154 pati
804 1101 901 1154 pro
929 1083 1168 1138 Christo.
1215 1081 1399 1151 Itaque
1440 1097 1508 1136 ne
1543 1095 1638 1136 vos
1666 1080 1862 1163 pudeat

279 1177 346 1230 de
374 1175 700 1231 charismate
727 1193 739 1228 :
769 1186 851 1230 est
881 1176 1024 1230 enim
1067 1175 1224 1242 longe
1259 1172 1624 1226 admirabilius
1645 1210 1661 1236 ,
1701 1185 1858 1240 quam

278 1279 519 1321 mortuos
547 1267 617 1322 ad
645 1268 807 1320 vitam
837 1279 1090 1319 revocare
1119 1304 1135 1330 ,
1173 1279 1236 1318 ac
1262 1272 1454 1318 cetera
1489 1262 1742 1316 miracula
1775 1259 1856 1314 fa-

277 1373 425 1409 cere.
465 1355 598 1411 Nam
645 1357 716 1409 ibi
766 1355 980 1424 quidem
1025 1369 1124 1424 ego
1169 1367 1282 1405 sum
1316 1352 1563 1416 debitor;
1615 1350 1702 1405 hic
1729 1365 1858 1404 vero

277 1446 585 1500 debitorem
619 1445 789 1499 habeo
813 1444 1102 1498 Christum.
1136 1442 1312 1509 Quare
1344 1451 1548 1496 tantum
1577 1443 1768 1505 abest,
1801 1448 1858 1494 ut

282 1537 466 1604 probri
495 1536 614 1590 loco
643 1536 693 1589 id
723 1535 1024 1591 habeudmn
1054 1535 1158 1602 sit,
1192 1543 1252 1588 ut
1281 1535 1455 1603 potius
1483 1534 1552 1587 sit
1577 1533 1856 1587 exsultan-

273 1627 406 1680 dum
433 1642 494 1681 ac
524 1627 882 1696 gaudendum,
910 1629 1106 1697 quippe
1128 1626 1214 1696 qui
1243 1625 1508 1681 charisma
1539 1625 1853 1680 habeamus.

275 1717 515 1772 Virtutes
544 1727 696 1772 vocat
717 1718 1038 1772 chariSmata
1065 1728 1119 1773 et
1145 1718 1303 1782 dona,
1333 1733 1440 1771 non
1467 1726 1642 1771 tamen
1663 1716 1855 1770 eodem

274 1809 456 1875 modo,
484 1819 644 1879 aupte
669 1811 770 1863 alia
797 1828 810 1864 :
843 1811 927 1865 illa
959 1811 1102 1864 enim
1133 1820 1241 1864 tota
1273 1810 1363 1864 Dei
1391 1819 1548 1872 sunt;
1582 1808 1694 1862 haec
1727 1822 1857 1862 vero

270 1899 436 1954 etiam
484 1910 690 1957 nostra.
715 1899 1096 1956 Verumtamen
1143 1902 1392 1970 quoniam
1422 1909 1475 1954 et
1495 1901 1580 1954 hic
1606 1900 1774 1969 major
1794 1914 1857 1954 ac

273 1992 451 2059 potior
480 2007 602 2062 pars
645 1993 738 2046 Dei
763 2002 845 2046 est
865 2033 881 2059 ,
909 2004 1188 2061 protitcrea
1224 2001 1392 2046 totum
1425 1993 1591 2060 ipsius
1619 2007 1738 2045 esse
1771 1993 1856 2044 in-

269 2082 385 2149 quit
412 2123 426 2147 ,
459 2097 564 2136 non
594 2083 884 2136 voluntatis
918 2084 1218 2137 liberta'em
1247 2094 1498 2136 evertens
1523 2125 1536 2146 ,
1573 2082 1667 2136 sed
1712 2083 1856 2156 ipsos

267 2188 542 2241 apparatis
573 2181 630 2225 ut
667 2173 923 2226 moderati
968 2183 1020 2226 et
1063 2176 1197 2242 grati
1236 2174 1360 2226 sint.
1390 2173 1477 2228 50.
1523 2172 1666 2226 Idem
1697 2184 1858 2225 certa-

267 2281 388 2316 men
420 2263 679 2329 habentes,
711 2267 860 2333 quale
891 2265 1082 2318 vidistis
1112 2267 1174 2318 in'
1193 2281 1287 2318 me.
1325 2265 1377 2318 Id
1407 2275 1509 2331 est,
1545 2266 1855 2334 Exemplum

269 2355 436 2407 etiam
467 2353 697 2409 habetis.
727 2355 930 2408 Rursus
956 2356 1056 2410 hoc
1089 2357 1204 2411 Iueo
1228 2357 1369 2426 ipsos
1397 2357 1624 2411 extollit.
1652 2357 1856 2426 Ubique

269 2447 417 2499 enim
460 2461 556 2500 eos
600 2448 836 2501 ostendit
890 2448 941 2501 in
1007 2449 1194 2502 iisdem
1250 2464 1429 2502 secum
1471 2450 1856 2504 certaminibus

268 2539 491 2602 versari,
518 2538 738 2592 eosdem
769 2539 998 2608 impetus
1022 2541 1181 2604 terre,
1213 2540 1458 2606 privatim
1481 2541 1666 2605 etiam,
1693 2551 1854 2609 atque

267 2629 409 2698 apud
445 2630 695 2700 scipsos:
727 2647 792 2685 eo
832 2631 972 2699 quod
1017 2630 1234 2684 easdem
1273 2641 1433 2699 atque
1477 2631 1589 2700 ipse
1624 2632 1854 2686 tolerent

270 2720 614 2775 teutatioues.
642 2720 758 2774 Non
788 2721 942 2784 dixit,
987 2721 1225 2774 Audistis
1247 2764 1260 2785 ,
1294 2721 1409 2785 sed,
1453 2720 1656 2775 Vidistis
1683 2741 1694 2774 :
1728 2739 1849 2775 nam

267 2819 324 2861 et
351 2809 493 2873 illic,
536 2809 588 2864 id
615 2822 696 2865 est
742 2811 794 2865 in
845 2812 1267 2882 Philippensium
1316 2813 1446 2866 urbe
1474 2853 1489 2874 .
1521 2822 1846 2868 certaverat.

273 2897 382 2952 Iloc
429 2899 587 2969 igitur
629 2918 831 2972 magme
874 2904 1086 2958 \‘it'lttlis
1132 2912 1233 2956 est.
1279 2903 1637 2969 Quamobrem
1682 2915 1737 2958 et
1784 2905 1848 2958 ad

269 2989 486 3043 Galatas
510 2992 753 3046 scribens
775 2995 986 3048 dicebat
1010 3014 1021 3046 :
1051 2993 1214 3048 Tanta
1236 2996 1374 3063 passi
1405 2996 1521 3048 estis
1541 2997 1646 3049 sine
1672 3013 1847 3060 causa,

269 3082 314 3133 si
344 3091 510 3135 tamen
551 3083 659 3135 sine
693 3100 845 3135 causa
886 3085 1026 3154 (Cal.
1063 3087 1116 3140 5.
1149 3085 1242 3156 4);
1277 3095 1333 3139 et
1379 3087 1615 3141 llebr;e.is
1664 3101 1850 3140 rursus

271 3171 509 3224 scribens
536 3172 770 3235 dicebat,
802 3173 1229 3228 llememoramini
1256 3188 1421 3229 autem
1453 3178 1690 3244 pristinos
1720 3179 1847 3242 dies,

272 3260 522 3330 inquibus
548 3264 821 3317 illuminati
851 3282 1091 3335 maguum
1118 3277 1367 3319 certamen
1392 3269 1701 3321 sustinuistis
1731 3285 1849 3337 pas-

276 3353 466 3406 sionum
488 3397 500 3416 ,
533 3365 576 3408 cl
613 3357 662 3409 in
697 3360 854 3410 altero
881 3359 1084 3426 quidem
1119 3359 1407 3426 opprobriis
1437 3369 1482 3412 et
1511 3360 1849 3412 tribulationi-

275 3443 362 3496 bus
391 3450 731 3513 spectaculum
777 3452 938 3519 furti,
990 3452 1043 3504 in
1089 3452 1249 3504 altera
1297 3462 1462 3505 autem
1510 3454 1634 3506 socii
1679 3454 1847 3506 taliter

278 3539 672 3591 conversantium
710 3540 868 3605 e/Iirrti
898 3544 913 3609 (
941 3541 1096 3596 Hebr.
1129 3543 1214 3596 l0.
1258 3545 1344 3596 32.
1373 3542 1501 3614 '53).
1553 3545 1619 3598 Et
1663 3560 1848 3598 rursus

279 3626 659 3682 Macedonibus
685 3672 699 3695 ,
744 3633 792 3684 id
841 3643 923 3686 est
949 3674 962 3695 ,
990 3634 1561 3690 'l'hessalonicensibus
1607 3639 1849 3692 scribens

273 3715 510 3783 dicebat,
549 3718 572 3771 1
579 3721 654 3788 psi
677 3723 807 3776 enim
837 3725 898 3777 de
924 3725 1064 3778 nobis
1094 3731 1414 3795 aunnntiant,
1443 3731 1639 3800 qualem
1672 3733 1848 3784 introi-

268 3818 375 3862 tum
407 3810 731 3868 habuerimus
757 3815 824 3867 ad
853 3831 937 3870 vos
958 3831 979 3880 ;
1005 3829 1056 3872 et
1084 3834 1285 3884 rursus,
1322 3820 1459 3874 Nam
1486 3832 1530 3874 et
1561 3824 1659 3891 ipsi
1686 3825 1842 3888 scitis,

267 3903 489 3970 fratres,
520 3905 782 3958 introitum
804 3919 1029 3962 nostrum
1054 3911 1121 3963 ad
1150 3929 1252 3976 vos,
1284 3931 1402 3984 quia
1434 3932 1532 3968 non
1562 3917 1726 3970 inanis
1753 3919 1848 3982 fuit

265 3990 341 4058 (Ι.
372 3991 554 4048 Thess.
595 3995 642 4048 l.
668 3997 718 4050 9.
751 4007 796 4050 et
837 3999 886 4052 2.
920 4000 995 4069 1).
1028 3999 1360 4072 Omninoque
1388 4005 1456 4059 de.
1483 4008 1730 4060 omnilnts
1765 4009 1846 4060 id-

268 4081 438 4149 ipsum
482 4085 732 4142 similiter
777 4096 1043 4156 testatur,
1085 4096 1376 4148 certamina
1420 4105 1474 4150 et
1521 4112 1741 4166 pugnas.
1781 4101 1848 4151 At

269 4172 484 4228 minime
522 4175 626 4230 hoc
658 4194 798 4234 nunc
839 4181 977 4250 apud
1029 4199 1127 4238 nos
1160 4185 1461 4240 invenietur
1491 4205 1503 4237 :
1538 4201 1678 4241 nunc
1702 4187 1844 4240 enim

269 4264 394 4316 Salis
420 4263 555 4325 bene
597 4271 772 4336 agitur
796 4310 810 4333 ,
859 4272 901 4324 si
935 4273 1053 4340 quis
1083 4275 1166 4327 vel
1215 4276 1265 4328 in
1300 4278 1538 4344 pecuniis
1574 4278 1844 4348 quidpiam

269 4351 567 4408 detrimenti
597 4356 747 4412 iurat.
779 4361 850 4414 Ac
873 4379 1002 4416 sane
1030 4364 1077 4416 in
1113 4367 1353 4433 pecuniis
1381 4382 1590 4436 quoque
1620 4369 1843 4437 prarcla-

271 4455 385 4495 rum
421 4443 486 4497 de
518 4445 621 4501 illis
651 4453 1015 4506 teSIimoninm
1055 4455 1144 4508 dat
1196 4457 1388 4510 Paulus
1421 4475 1434 4510 :
1470 4475 1592 4511 nam
1619 4459 1686 4512 de
1729 4461 1846 4515 aliis

268 4534 483 4600 quidem
533 4538 600 4591 ita
643 4542 805 4606 dicit,
844 4543 1095 4614 Ilapinam
1143 4547 1386 4601 bonorum
1419 4561 1693 4602 vestrorum
1737 4568 1848 4604 cum

266 4624 456 4690 gaudio
481 4631 764 4699 suscepistis
800 4634 982 4702 (Hebr.
1019 4639 1102 4690 10.
1133 4640 1223 4709 3i)
1252 4658 1263 4702 ;
1293 4641 1359 4693 de
1386 4642 1506 4694 aliis
1532 4659 1679 4706 vero,
1715 4641 1846 4695 Pro-

266 4712 509 4768 brtverunt
542 4719 842 4776 Macedonia
865 4736 910 4778 et
942 4729 1133 4781 Achaia
1157 4732 1478 4785 collationem
1518 4735 1738 4804 aliquant
1767 4737 1846 4803 [ιι-

264 4819 375 4857 t'ere
403 4807 455 4859 in
497 4827 743 4882 pauperes
784 4817 961 4886 (Rom.
994 4822 1081 4876 l5.
1111 4822 1242 4894 26);
1290 4839 1342 4880 et
1382 4827 1572 4880 iterum
1602 4868 1617 4892 ,
1673 4826 1848 4880 Vestra

260 4897 516 4951 a'mulatio
553 4911 838 4969 provocarit
869 4911 1113 4982 plurimos
1142 4915 1218 4985 (2.
1252 4915 1370 4972 Cor.
1403 4919 1454 4974 9.
1485 4919 1561 4989 2).

331 4989 387 5042 6.
439 4990 598 5048 Vides
649 4997 790 5054 illius
835 5007 1090 5072 temporis
1130 5010 1363 5064 virormu
1409 5013 1694 5066 cncomia?
1738 5013 1845 5068 Nos

255 5094 390 5134 vero
417 5098 484 5137 ne
509 5085 575 5141 ad
601 5089 781 5159 alapas
811 5096 1024 5162 quidem
1053 5108 1102 5153 et
1137 5101 1317 5170 plagas
1347 5118 1511 5173 usque
1534 5106 1846 5175 sapientiam

255 5179 616 5245 adhibemus;
648 5184 880 5239 itnonou
904 5194 1307 5260 contumeliam,
1344 5211 1447 5249 non
1498 5199 1843 5265 pecuniarum

250 5269 519 5336 jacturatn
563 5271 804 5330 ferimus.
823 5278 910 5332 illi
945 5280 1054 5348 jam
1079 5298 1270 5338 omnes
1296 5289 1637 5342 :cmulatorcs
1659 5301 1845 5354 erant,

253 5373 303 5414 et
336 5371 606 5427 martyres
638 5365 688 5418 itt
726 5378 1000 5424 certamen
1031 5372 1458 5436 descendentes;
1490 5393 1586 5431 nos
1611 5394 1738 5432 vero
1763 5396 1852 5432 ca-

256 5453 472 5505 ritatem
517 5454 571 5507 in
621 5453 890 5512 Christum
941 5463 1395 5532 refrigeravimus.
1438 5467 1648 5522 Rursus
1689 5485 1851 5538 cogor

258 5556 581 5611 prmsenlcm
614 5543 808 5602 rerum'
828 5561 1026 5606 statum
1057 5571 1335 5611 accusare.
1369 5558 1433 5612 Et
1457 5560 1580 5628 quid
1617 5561 1851 5614 faciam?

257 5634 452 5692 nollem
479 5639 723 5708 quidem,
750 5641 845 5697 scd
889 5645 1042 5713 plane
1064 5660 1247 5718 cegor.
1279 5648 1407 5704 Nam
1433 5653 1475 5706 si
1505 5652 1618 5706 ﬁeri
1643 5663 1847 5725 posset,

1181 236 1245 292 IN
1287 235 1494 291 EPIST.
1537 233 1627 288 AD
1668 228 1952 287 PlllLlPP.
1995 228 2145 285 CAP.
2192 231 2228 284 l.
2273 230 2501 288 llOMlL.
2545 234 2632 289 IV.

3450 241 3558 297 210

1970 352 2028 396 ιιι
2058 344 2284 400 tacendo
2307 387 2323 410 ,
2356 363 2456 402 nec
2481 349 2767 419 quidquam
2806 364 2871 404 ex
2904 349 2968 404 iis
3001 367 3118 420 quat
3143 361 3293 421 gesta
3331 352 3557 410 fuissent

1971 439 2472 504 commemorando,
2516 439 2728 494 silentio
2771 441 2887 507 ipso
2916 482 2933 505 ,
2975 457 3036 495 ea
3075 457 3195 512 qua:
3239 452 3498 510 geruntur
3524 460 3556 498 c

1972 526 2150 581 medio
2185 528 2535 596 tollerentur,
2570 531 2850 586 tacendum
2894 544 3040 588 certe
3064 543 3180 588 erat
3211 552 3224 587 :
3254 535 3334 588 sin
3372 544 3552 591 autem

1970 626 2155 670 contra
2190 618 2265 683 tit,
2298 629 2352 672 et
2382 620 2539 674 nobis
2568 622 2865 676 tacentibus
2894 639 2996 675 non
3031 623 3189 677 modo
3217 639 3322 679 non
3359 626 3556 679 tollun—

1973 716 2078 771 tur,
2113 708 2206 761 sed
2245 711 2490 779 graviora
2517 710 2676 765 etiam
2711 711 2842 765 tium
2865 753 2880 777 ,
2922 712 3207 768 dicendum
3251 717 3554 769 necessario

1969 809 2070 854 est.
2103 798 2235 853 Nam
2261 801 2349 869 qui
2381 811 2594 870 peccata
2627 813 2862 866 accusat,
2899 815 2953 856 ut
2982 805 3113 858 nihil
3143 805 3281 859 aliud
3315 817 3551 876 pra-stet,

1970 900 2115 945 certe
2145 891 2354 961 longius
2380 892 2470 948 ille
2509 893 2755 963 progredi
2787 910 2895 948 non
2938 895 3086 949 sinit.
3120 896 3271 950 Nulla
3303 898 3444 951 enim
3473 908 3554 951 est

1971 989 2077 1035 tam
2123 982 2404 1051 imprudens
2433 984 2610 1037 anima
2641 999 2704 1038 ac
2734 984 3014 1038 temeraria
3045 1027 3061 1049 ,
3092 1003 3210 1056 quze
3257 988 3302 1041 si
3339 987 3553 1042 assidue

1969 1088 2027 1127 se
2058 1073 2376 1142 reprehendi
2407 1075 2622 1140 audiat,
2655 1091 2759 1129 non
2791 1075 3127 1130 sulfundatur
3164 1078 3363 1144 pudore
3389 1119 3404 1143 ,
3446 1094 3550 1132 non

1969 1166 2207 1218 remittat
2252 1165 2453 1234 aliquid
2499 1166 2566 1220 de
2612 1180 2819 1220 summa
2866 1168 2951 1220 illa
2999 1167 3359 1236 improbitate.
3411 1168 3554 1224 Inest

1967 1255 2147 1322 enim,
2194 1257 2332 1311 inest
2372 1258 2535 1310 etiam
2580 1257 2633 1310 in
2682 1258 3081 1326 impudentibus
3121 1259 3390 1326 paululum
3422 1261 3550 1328 quid

1966 1347 2304 1402 verecundia:
2333 1366 2345 1402 :
2375 1359 2576 1404 natura:
2598 1349 2740 1404 enim
2768 1359 2962 1402 nostrze
2989 1350 3127 1402 Deus
3150 1349 3264 1418 ipse
3292 1349 3548 1420 pudorem

1966 1439 2180 1492 insevit.
2229 1439 2438 1494 Etenim
2480 1439 2693 1510 quando
2742 1456 2846 1494 non
2885 1440 3017 1494 satis
3046 1450 3250 1509 poterat
3284 1442 3442 1495 timor
3480 1439 3548 1494 ad

1965 1546 2064 1584 nos
2093 1533 2514 1601 componendos,
2548 1533 2743 1586 multas
2781 1533 2914 1586 alias
2945 1549 3049 1587 non
3083 1534 3353 1603 peccando
3382 1538 3549 1588 ratio-

1966 1636 2060 1676 nes
2087 1624 2365 1691 apparavit
2397 1641 2410 1677 :
2439 1635 2494 1676 ut
2527 1624 2970 1692 reprehensiones
3003 1625 3276 1679 hominum
3296 1667 3311 1690 ,
3346 1635 3546 1680 metum

1966 1714 2317 1767 humanarum
2370 1714 2568 1783 legum,
2617 1730 2854 1768 amorem
2900 1715 3084 1784 gloriae
3115 1758 3130 1781 ,
3187 1717 3546 1772 amicitiarum

1963 1805 2222 1859 studimn.
2252 1805 2442 1860 Omnia
2471 1807 2611 1860 enim
2647 1806 2760 1861 haec
2789 1822 2854 1861 eo
2882 1822 2980 1861 nas
3007 1808 3298 1871 adducunt,
3333 1819 3389 1862 ut
3421 1825 3545 1878 pec-

1961 1896 2188 1951 candum
2218 1912 2322 1951 non
2347 1905 2607 1966 putemus.
2637 1899 2792 1968 Saepe
2815 1899 2957 1953 enim
2987 1909 3345 1968 qutepropter
3376 1902 3538 1956 Detzlll

1963 1989 2183 2042 minime
2215 1989 2432 2054 liehaut,
2467 2001 2688 2059 propter
2714 1989 2970 2058 pudorem
3003 2000 3126 2044 sunt
3154 1989 3288 2045 facta
3311 2009 3327 2057 ς
3353 2002 3404 2044 et
3426 2008 3545 2060 qua:

1963 2080 2054 2134 Dei
2083 2094 2264 2144 causa,
2298 2088 2354 2134 ut
2383 2081 2606 2134 velimus
2637 2096 2741 2133 non
2769 2079 3106 2145 adducimur,
3135 2096 3195 2135 ea
3230 2083 3416 2135 timore
3450 2082 3546 2135 ho-

1963 2172 2162 2225 minum
2192 2171 2534 2240 suscipimus.
2565 2171 2716 2238 Quod
2744 2173 2886 2225 enim
2919 2174 3135 2241 petitur,
3167 2172 3267 2225 hoc
3288 2182 3369 2226 est
3393 2213 3405 2236 ,
3438 2165 3567 2241 pri-~

1964 2281 2105 2318 mmn
2132 2307 2146 2328 ,
2178 2275 2233 2318 ut
2257 2265 2526 2319 discamus
2555 2281 2660 2318 non
2708 2280 2932 2334 peccare
2960 2281 2974 2328 ;
3008 2265 3202 2320 deinde
3248 2281 3374 2319 vero
3415 2265 3545 2330 illud

1961 2356 2141 2419 etiam,
2177 2365 2232 2408 ιιι
2257 2355 2347 2409 Dei
2377 2372 2534 2409 causa
2565 2357 2664 2410 hoc
2695 2371 2936 2425 agamus,
2962 2372 3372 2425 consequemur.
3398 2358 3549 2411 Alio~

1959 2448 2047 2515 qui
2092 2447 2217 2515 quid
2250 2462 2426 2500 causa:
2473 2447 2659 2500 fuisset
2679 2489 2692 2508 ,
2721 2464 2817 2501 cur
2848 2447 3046 2501 Paulus
3073 2463 3163 2502 eos
3186 2489 3201 2512 ,
3233 2449 3424 2516 quibus
3451 2465 3542 2503 su-

1963 2539 2176 2606 perandi
2201 2538 2492 2592 adversarii
2526 2556 2616 2607 per
2643 2539 2948 2607 patientiam
2970 2548 3142 2602 erant,
3169 2554 3270 2591 neu
3295 2555 3323 2592 a
3353 2540 3542 2594 timore

1964 2631 2058 2683 Dei
2087 2631 2399 2682 eoltortatur
2424 2673 2437 2694 ,
2487 2632 2580 2684 sed
2624 2631 2766 2694 inde,
2796 2631 2936 2700 quod
2983 2632 3304 2701 supplicium
3335 2632 3401 2684 de
3440 2633 3543 2686 Illis

1959 2721 2222 2787 sumpturi
2253 2723 2476 2775 essent?
2512 2721 2624 2774 Hoc
2653 2723 2782 2774 enim
2809 2722 3004 2792 faciens
3027 2762 3041 2786 ,
3074 2723 3238 2790 inquit
3260 2762 3274 2787 ,
3305 2724 3542 2777 carbones

1957 2812 2088 2877 ignis
2115 2828 2353 2882 congeres
2380 2829 2529 2882 super
2556 2823 2706 2880 caput
2733 2813 2841 2882 ijus
2872 2813 3045 2882 (Rom.
3078 2813 3162 2866 l2.
3193 2813 3306 2879 20).
3336 2813 3538 2868 Interea

1958 2904 2102 2954 enim
2158 2904 2293 2955 hanc
2336 2905 2766 2972 progressionem
2832 2904 2942 2957 ﬁeri
2994 2903 3106 2957 vult
3149 2905 3213 2956 ad
3265 2905 3537 2958 virtutem.

1960 2993 2099 3047 luest
2127 2995 2286 3063 igitur
2311 3037 2322 3057 ,
2351 2996 2490 3064 quod
2518 3006 2670 3050 antea
2715 2996 2957 3052 dieebam
2989 3038 3001 3059 ,
3051 2998 3101 3050 in
3158 2997 3311 3051 nobis
3355 2998 3536 3052 nescia

1957 3086 2082 3154 quid
2109 3089 2396 3141 verecundi
2429 3129 2444 3153 ,
2480 3089 2750 3158 multaque
2793 3089 3051 3143 naturalia
3102 3089 3357 3143 habemus
3400 3091 3536 3145 bona

1955 3178 2020 3230 ad
2056 3179 2303 3232 virtutem
2336 3197 2347 3230 :
2382 3180 2614 3248 exempli
2646 3194 2836 3244 causa,
2872 3180 2936 3232 ad
2970 3180 3388 3234 misericordiam
3416 3196 3534 3235 om-

1958 3282 2052 3319 nes
2081 3281 2110 3320 a
2155 3279 2339 3321 munra
2374 3284 2686 3332 mmemur,
2724 3285 2821 3322 nec
2851 3269 3138 3338 quidquam
3179 3272 3318 3322 aliud
3355 3273 3404 3324 in
3438 3287 3536 3324 na-

1957 3367 2072 3412 tura
2105 3371 2284 3411 nostra
2319 3374 2468 3427 a‘que
2499 3359 2696 3412 bonum
2735 3371 2812 3412 est
2840 3369 2997 3428 atque
3027 3359 3148 3412 hoe.
3177 3361 3535 3426 Quamobrem

1956 3451 2148 3505 merito
2179 3453 2338 3504 etiam
2366 3452 2626 3520 quispiam
2649 3452 2864 3519 qua-siet
2883 3453 2938 3513 it,
2974 3468 3129 3517 quam
3154 3453 3221 3504 oh
3247 3469 3459 3506 causam
3482 3453 3534 3508 id

1956 3544 2290 3613 potissimum
2324 3552 2518 3596 nostrae
2543 3552 2746 3596 natura:
2777 3545 2844 3596 sit
2875 3543 3111 3608 insitum,
3148 3553 3204 3598 ut
3233 3543 3538 3613 frangantur

1956 3639 2245 3708 Iacrymis,
2275 3637 2552 3691 ﬂectantur
2599 3646 2652 3689 et
2697 3635 2762 3689 ad
2812 3636 3145 3690 misericordi
3186 3654 3234 3690 ιιι
3287 3640 3535 3706 propensi

1955 3732 2144 3784 simus.
2178 3729 2344 3784 Nemo
2387 3739 2575 3783 natura
2616 3739 2863 3783 strenuus
2891 3742 2968 3782 est
2997 3771 3009 3790 ,
3057 3746 3214 3783 nemo
3255 3740 3439 3785 natura
3471 3731 3539 3783 ab

1955 3822 2126 3875 inanis
2157 3823 2338 3889 gloria:
2366 3820 2655 3888 cupiditate
2682 3821 2818 3875 liber
2837 3863 2850 3885 ,
2884 3837 3042 3874 nemo
3071 3832 3256 3875 natura
3289 3823 3535 3892 Superior

1954 3914 2295 3968 annulationc
2330 3932 2341 3966 :
2370 3913 2464 3966 sed
2495 3913 2733 3967 misereri
2767 3914 3014 3967 oninibus
3040 3929 3069 3966 a
3099 3926 3285 3967 natura
3315 3915 3536 3968 inditum

1955 4014 2056 4071 est,
2081 4006 2423 4075 quantumvis
2451 4005 2684 4058 crudelis
2711 4004 2778 4056 sit
2824 4005 2943 4072 quis
2982 4015 3036 4057 et
3079 4020 3272 4058 sawus.
3307 4005 3372 4058 Et
3411 4005 3538 4075 quid

1956 4097 2169 4160 mirum,
2203 4097 2244 4148 si
2285 4111 2408 4164 erga
2452 4093 2698 4146 homines
2731 4095 2866 4145 hanc
2911 4094 3320 4160 propensionem
3351 4101 3538 4146 osten-

1955 4188 2186 4241 damus?
2216 4187 2447 4241 ferarum
2471 4186 2628 4238 etiam
2656 4184 2973 4237 miseremur
2998 4199 3010 4235 :
3040 4183 3174 4237 adeo
3199 4184 3352 4238 nobis
3375 4185 3537 4238 ittdita

1956 4288 2038 4332 est
2084 4277 2470 4331 misericordia.
2520 4275 2616 4327 Vel
2671 4274 2838 4327 leonis
2886 4275 3117 4327 catulum
3175 4275 3536 4344 aspicientes,

1957 4368 2198 4422 nonnihil
2227 4381 2628 4421 commoremur
2662 4383 2675 4416 :
2710 4371 2910 4432 quanto
2939 4364 3097 4432 igitur
3125 4367 3292 4434 magis
3313 4383 3435 4436 erga
3462 4368 3534 4431 id,

1955 4462 2094 4531 quod
2120 4460 2358 4528 ejus-dem
2393 4459 2667 4512 nobiseum
2695 4457 2906 4526 generis
2936 4459 3062 4510 est?
3092 4457 3231 4512 lieni
3253 4471 3384 4528 quot
3408 4464 3536 4515 caci

1955 4565 2008 4609 ct
2029 4554 2344 4623 corporibus
2365 4551 2641 4611 mutilatis,
2667 4566 2808 4618 satpe
2829 4549 3076 4612 dicimus,
3104 4567 3206 4603 non
3234 4551 3539 4619 ignorantes

1959 4651 2010 4703 iJ
2040 4649 2168 4702 satis
2198 4657 2377 4716 aptum
2405 4659 2557 4710 esse,
2591 4643 2730 4714 quod
2771 4657 2870 4696 nos
2897 4642 2962 4696 ad
2992 4642 3413 4698 misericordiam
3437 4647 3531 4700 ad-

1956 4742 2132 4792 ducat.

2031 4827 2178 4881 Nihil
2205 4843 2344 4896 a'que
2378 4826 2538 4880 Deum
2562 4826 2774 4879 delectat
2803 4835 2855 4876 ut
2886 4825 3228 4878 misericordia
3257 4835 3305 4877 ct
3327 4824 3538 4878 eleento-

1956 4937 2103 4990 syna.
2126 4949 2196 4958 —
2217 4917 2353 4972 Nihil
2398 4933 2548 4988 teque
2577 4918 2740 4971 Deum
2772 4916 3034 4981 delectat,
3069 4927 3121 4968 ut
3151 4915 3536 4971 misericordia.

1957 5014 2311 5080 Quamobrem
2343 5012 2651 5066 sacerdotes
2670 5051 2684 5074 ,
2716 5024 2890 5076 reges,
2919 5009 3191 5076 pmphetze
3219 5008 3339 5058 oleo
3369 5022 3534 5074 unge-

1957 5106 2148 5160 bantur
2177 5123 2190 5158 :
2221 5105 2395 5160 oleum
2428 5103 2569 5156 enim
2610 5116 2706 5169 pro
2739 5099 2982 5168 symbolo
3027 5098 3116 5148 Dei
3157 5097 3538 5152 misericordiae

1959 5198 2242 5252 habebant.
2266 5196 2530 5249 Prteterea
2563 5189 2839 5244 discebant
2871 5189 2919 5238 iu
2954 5185 3189 5254 principe
3223 5188 3337 5254 plus
3375 5193 3538 5240 mise-

1958 5289 2202 5342 ι’ἰςιιιιύίω
2227 5285 2421 5353 requiri
2455 5301 2467 5336 :
2495 5283 2619 5334 item
2647 5278 3025 5332 ostendebatur
3048 5277 3290 5344 Spit-imm
3322 5295 3536 5349 propter

1959 5377 2378 5434 misericordiam
2401 5383 2676 5426 venturum
2698 5383 2815 5421 esse
2848 5370 2897 5420 in
2923 5367 3211 5421 hominem.
3236 5371 3373 5424 Deus
3391 5374 3534 5426 enim

1960 5471 2234 5524 hominum
2277 5465 2584 5523 miseretur,
2613 5469 2666 5513 et
2698 5459 2924 5526 benigne
2951 5475 3070 5512 eum
3116 5461 3241 5527 ipsis
3265 5463 3372 5529 agit
3399 5481 3409 5512 :
3443 5462 3543 5514 Mi—

1959 5562 2135 5614 sereris
2161 5559 2291 5610 enim
2333 5554 2553 5606 camium
2575 5591 2588 5612 ,
2619 5549 2786 5616 inquit
2806 5590 2818 5611 ,
2850 5551 2965 5615 quia
2995 5551 3162 5602 omnia
3194 5563 3332 5616 potes
3375 5551 3529 5619 (Sap.

1962 5655 2045 5708 Η,
2075 5652 2190 5719 at),
2221 5649 2506 5715 Propterea
2532 5643 2649 5696 oleo
2680 5641 3087 5708 iniungebantur.
3123 5642 3251 5694 Nam
3282 5651 3333 5697 et
3359 5658 3535 5699 sacer-
