4030 6204
418 365 625 422 donum
656 363 834 435 ipsum
857 379 922 420 ex
955 363 1318 420 misericordia
1343 362 1593 418 instituit.
1623 360 1818 416 Verum
1847 374 2002 428 reges

420 467 584 513 etiam
603 457 728 513 oleo
758 455 1168 528 innngebantur.
1187 453 1318 510 Etsi
1338 455 1460 525 quis
1481 452 1774 526 principem
1801 451 2003 518 laudet,

420 548 552 605 nihil
579 549 722 620 quod
750 563 904 620 teque
927 547 1101 619 ipsum
1129 545 1318 603 deceat
1341 545 1556 610 atteret.
1587 558 1652 600 ac
1697 543 2006 600 misericor-

420 640 563 696 diam
589 658 602 695 :
633 640 963 712 principatus
976 639 1119 695 enim
1151 638 1427 710 proprium
1443 649 1526 694 est
1542 635 1804 695 misereri.
1818 635 2005 706 Cogita

422 747 490 786 ex
531 730 893 788 misericordia
933 745 1056 787 esse
1082 731 1357 787 conditum
1387 729 1644 786 mundum
1666 770 1684 797 ,
1710 737 1767 784 et
1794 727 2007 782 imitare

427 821 733 878 Dominum.
753 819 1040 888 Uiseratio,
1074 822 1268 893 inquit,
1291 821 1510 877 Itotninis
1542 821 1678 874 circa
1719 818 2008 890 proximum

420 928 601 968 uitus:
618 912 965 968 udsericordia
979 923 1148 968 autem
1167 912 1262 968 Dei
1274 929 1426 984 super
1439 928 1638 968 omnem
1653 926 1855 964 carnem
1879 905 2008 979 (Ec-

420 1006 505 1060 cli.
517 1004 725 1075 ΜΝΞ).
737 1004 1043 1072 Quomodo,
1059 1005 1230 1076 Super
1246 1019 1448 1059 omnem
1466 1019 1670 1058 carnem
1686 1002 1713 1056 .’
1732 1000 1859 1058 Sive
1881 1015 2008 1069 pec-

421 1105 657 1160 eatores.
683 1096 799 1150 sive
823 1095 1001 1166 justus
1029 1095 1315 1166 protuleris
1338 1133 1356 1160 ,
1383 1107 1576 1149 omnes
1596 1106 1818 1164 egemus
1843 1091 2009 1146 mise-

423 1186 652 1242 ricordia
674 1187 788 1254 Dei,
811 1201 1002 1243 omnes
1021 1187 1135 1257 ipea
1158 1186 1404 1251 fruimur,
1428 1183 1544 1240 sive
1563 1186 1679 1255 ipse
1696 1183 1766 1238 sit
1790 1183 2008 1245 Paulus,

425 1279 541 1335 sive
562 1280 772 1344 Petrus,
795 1279 910 1334 sive
928 1277 1181 1334 Joannes.
1208 1279 1383 1348 Atque
1399 1276 1523 1332 audi
1547 1276 1783 1346 ipsorum
1807 1273 1968 1328 verba
1994 1290 2007 1328 :

426 1371 554 1442 qttid
583 1372 724 1425 enim
753 1372 951 1426 nostris
971 1386 1106 1440 opus
1125 1372 1248 1425 est?
1285 1370 1420 1438 Qttid
1452 1369 1612 1438 igitur
1631 1367 1800 1437 inquit
1827 1366 2014 1420 beatus

431 1462 556 1516 hic?
579 1459 683 1515 Sed
703 1461 1101 1516 misericordiam
1123 1470 1456 1530 consequutus
1476 1475 1607 1523 sunt,
1630 1460 1748 1529 quia
1772 1458 2014 1528 ignorans

431 1554 530 1622 feci
559 1553 646 1620 (i.
681 1551 812 1606 Tim.
849 1554 899 1607 ε.
933 1553 1059 1624 15).
1103 1551 1240 1617 Qttid
1268 1552 1440 1619 ergo?
1468 1560 1646 1618 postea
1685 1565 1790 1603 non
1825 1549 2015 1618 egebat

432 1643 798 1699 misericordia
821 1643 845 1696 i
873 1643 1009 1697 Audi
1033 1643 1158 1712 quid
1179 1642 1321 1697 dicat
1345 1659 1359 1694 :
1391 1639 1745 1694 Abundantius
1774 1639 1876 1692 illis
1902 1654 2003 1690 ont-

431 1737 580 1789 nibus
609 1736 834 1789 laboravi
857 1776 872 1800 ,
903 1752 1008 1790 nou
1043 1752 1133 1806 ego
1161 1743 1359 1798 autent,
1391 1732 1480 1788 sed
1505 1733 1671 1803 gratia
1697 1729 1793 1784 Dei
1823 1746 2014 1784 ntccunt

435 1829 512 1901 (i.
545 1828 666 1884 Cor.
700 1830 788 1884 15.
818 1827 940 1901 10);
974 1843 1037 1883 ac
1066 1843 1251 1882 rursus
1288 1826 1355 1881 de
1393 1825 1759 1895 Epaphrodito
1803 1824 2013 1893 inquit,

435 1921 574 1975 Nam
600 1933 648 1974 et
685 1921 972 1990 inﬁrmatus
1001 1931 1073 1974 est
1101 1936 1256 1990 usque
1279 1918 1346 1971 ad
1377 1927 1584 1971 mortem
1604 1959 1618 1979 ,
1645 1917 1734 1970 sed
1767 1913 1900 1969 Deus
1924 1915 2016 1968 nti-

431 2026 590 2069 sertus
617 2024 689 2066 est
721 2015 849 2083 ejus,
881 2029 984 2066 non
1011 2010 1176 2066 solum
1203 2019 1368 2063 autem
1394 2010 1505 2078 eius
1528 2050 1544 2074 ,
1579 2024 1748 2062 verum
1776 2007 1927 2060 etiaut
1970 2016 2025 2060 et

433 2107 568 2167 mei,
601 2122 662 2158 nc
688 2105 943 2157 tristitiam
979 2119 1133 2171 super
1159 2101 1417 2155 tristitiam
1459 2099 1692 2153 haberent
1735 2097 1756 2167 (
1783 2095 2016 2166 Philipp.

432 2198 489 2252 2.
519 2196 646 2265 2ης
677 2207 728 2250 ct
758 2209 945 2249 rursus
967 2235 983 2260 ,
1016 2192 1247 2256 Gravati,
1281 2191 1486 2262 inquit,
1518 2206 1694 2245 sumus
1718 2205 1877 2258 supra
1901 2203 2019 2240 tuo-

385 2346 388 2348 ,
435 2289 577 2345 dum.
606 2290 678 2338 ita
703 2295 756 2338 ut
784 2285 988 2338 truderet
1014 2300 1106 2336 nos
1131 2287 1279 2336 etiam
1305 2284 1487 2336 vivere.
1521 2280 1628 2336 Sed
1653 2281 1752 2350 ipsi
1779 2281 1829 2331 in
1853 2278 2022 2333 nobis-

436 2380 664 2448 metipsis
704 2393 1002 2446 responsum
1047 2376 1221 2428 mortis
1269 2373 1575 2438 habuimus,
1629 2381 1683 2425 ut
1722 2389 1824 2425 non
1865 2372 2022 2424 simus

440 2471 650 2540 ﬁdentes
671 2470 722 2521 in
763 2467 938 2528 nobis.
978 2467 1067 2520 sed
1104 2467 1155 2518 in
1194 2464 1305 2519 Deo
1328 2506 1342 2530 ,
1385 2465 1470 2534 qui
1496 2464 1559 2516 de
1598 2464 1751 2516 tantis
1779 2462 2023 2516 mortibus

439 2561 624 2629 eripuit
656 2577 764 2623 nos,
791 2569 836 2612 et
865 2558 1040 2626 eripiet
1061 2557 1140 2626 (Ξ.
1160 2555 1278 2610 Cor.
1311 2556 1359 2610 1.
1389 2556 1443 2610 8.
1466 2555 1629 2623 9-10)
1657 2570 1674 2618 ;
1719 2561 1774 2608 et
1797 2567 1983 2606 rursus
2006 2593 2021 2617 ,

443 2652 706 2706 Liberatus
737 2666 846 2702 sum
871 2649 936 2702 de
960 2665 1048 2701 ore
1070 2648 1229 2701 leonis
1252 2687 1268 2710 ,
1316 2656 1363 2700 et
1398 2645 1624 2701 liberavit
1666 2661 1746 2698 me
1778 2643 2024 2698 Dominus

443 2743 522 2811 (2.
554 2741 685 2794 Tim.
710 2741 765 2795 4.
803 2741 884 2795 l7.
916 2739 1029 2808 l8).
1062 2741 1236 2808 Atque
1258 2739 1455 2806 ubique
1484 2738 1655 2806 ipsum
1687 2736 2024 2792 inveniemus

443 2835 496 2890 id
525 2833 838 2904 gloriantem
863 2872 878 2898 ,
910 2830 1052 2901 quod
1085 2828 1452 2884 misericordia
1487 2829 1714 2884 salutem
1740 2828 1811 2882 sit
1838 2841 2027 2882 conse-

443 2933 660 2996 qutttus.

515 3018 570 3070 5.
602 3016 758 3085 Atqui
806 3016 996 3070 Petrus
1031 3013 1217 3079 etiam,
1263 3028 1328 3068 eo
1349 3011 1491 3083 quod
1534 3012 1586 3067 itt
1615 3012 1790 3083 ipsum
1818 3011 2029 3066 miseri-

443 3108 624 3164 cttrdin
656 3105 846 3160 fuisset
868 3104 1104 3159 adhibita
1126 3144 1142 3170 ,
1180 3103 1300 3157 talis
1345 3110 1478 3157 erat.
1514 3101 1652 3157 Audi
1695 3107 1838 3157 enim
1865 3101 2021 3156 Citri-

445 3212 585 3257 snmt
615 3201 716 3253 hoc
745 3198 845 3268 ipsi
869 3196 1047 3251 verbis
1077 3195 1183 3249 illis
1208 3193 1600 3264 signiﬁcantem
1627 3210 1642 3248 :
1671 3192 1801 3246 Ecce
1820 3201 2027 3246 satanas

445 3290 683 3362 expetivit
713 3305 800 3343 nos
832 3296 884 3340 ut
914 3285 1158 3340 cribraret
1194 3285 1323 3338 sicut
1354 3283 1576 3337 triticum
1596 3297 1616 3346 ;
1635 3299 1728 3352 ego
1754 3291 1921 3334 autem
1944 3298 2028 3336 ro-

444 3385 558 3454 gavi
579 3399 669 3453 pro
695 3391 762 3446 te;
787 3389 841 3432 ut
856 3393 958 3432 non
987 3377 1188 3446 deﬁciat
1214 3375 1341 3443 ﬁdes
1366 3384 1453 3427 tua
1483 3373 1630 3445 (Luc.
1652 3373 1742 3427 2%.
1769 3373 1858 3426 51.
1887 3372 1956 3426 52
1986 3374 2022 3439 ).

447 3477 513 3531 Et
536 3475 769 3529 Joannes
796 3469 1162 3524 misericordia
1194 3468 1313 3520 talis
1342 3477 1496 3530 erat;
1525 3475 1683 3535 atque
1706 3479 1894 3518 omnes
1915 3480 2030 3515 om-

451 3567 582 3619 nino
611 3562 863 3632 apostoli.
914 3558 1052 3613 Audi
1080 3559 1220 3611 enim
1249 3557 1376 3626 quid
1404 3554 1647 3611 Christus
1674 3556 1850 3610 dicat:
1906 3552 2028 3606 Non

450 3673 534 3709 eos
556 3672 634 3708 tne
658 3653 895 3722 elegistis,
923 3652 1010 3704 sed
1035 3665 1127 3719 ego
1153 3648 1278 3718 elegi
1307 3666 1392 3702 vos
1414 3647 1593 3718 (Joau.
1624 3649 1710 3703 15.
1737 3648 1804 3702 ili
1831 3646 1872 3718 ).
1903 3646 2030 3700 0m-

451 3762 548 3801 nes
595 3744 737 3797 enim
786 3754 1006 3810 egemus
1055 3737 1420 3792 misericordia
1478 3738 1605 3792 Dei:
1678 3737 2030 3791 Misericordia

449 3839 582 3890 enim
619 3833 714 3888 Dei
739 3873 753 3894 ,
791 3829 962 3900 inquit
985 3869 1000 3889 .
1037 3843 1187 3897 super
1202 3843 1398 3879 onmem
1426 3843 1652 3879 carnem.
1691 3827 1840 3894 Quod
1869 3829 1912 3882 si
1941 3830 2028 3882 isti

451 3913 663 3997 quoq'ue
701 3921 931 3991 egebant
971 3917 1342 3973 misericordia
1375 3917 1498 3983 Dei,
1546 3918 1671 3987 quid
1721 3919 1933 3973 tamlem
1963 3921 2032 3975 de

449 4017 660 4074 cteteris
686 4013 972 4070 dicendum
1000 4009 1138 4066 erit?
1163 4009 1361 4078 Ecquid
1391 4009 1533 4063 enim
1563 4008 1728 4074 aliud,
1753 4011 1838 4062 die
1867 4010 1994 4064 mihi
2012 4052 2026 4073 ,

449 4124 625 4165 causa:
653 4115 754 4167 est.
784 4119 881 4158 cur
905 4101 1076 4157 solem
1119 4099 1316 4153 exoriri
1363 4096 1523 4152 iaciat
1553 4113 1717 4167 super
1759 4098 1930 4153 malos
1976 4108 2031 4154 et

451 4202 662 4258 honos?
688 4197 865 4267 Quid?
886 4196 930 4250 si
954 4209 1116 4249 unum
1144 4192 1421 4246 dumtaxat
1443 4207 1642 4245 annum
1673 4190 1903 4259 pluviam
1933 4206 2029 4246 co-

454 4294 752 4352 hihuis~et,
786 4301 964 4341 nonne
993 4301 1184 4339 omnes
1223 4282 1582 4353 peremisset?
1624 4281 1750 4350 quid
1781 4296 1939 4342 vero.
1984 4283 2030 4338 si

454 4385 652 4442 imbres
678 4379 996 4436 densasset?
1020 4377 1124 4433 Sed
1146 4375 1269 4447 quid
1293 4377 1336 4430 si
1362 4375 1582 4447 piuisset
1601 4374 1812 4445 ignem?
1833 4374 1878 4428 si
1897 4390 2034 4430 mus-

450 4493 542 4533 cas
586 4474 927 4535 immisisset;
976 4468 1072 4524 sed
1115 4467 1242 4537 quid
1288 4467 1392 4521 hoc
1441 4465 1645 4520 affero?
1683 4466 1728 4520 si
1782 4464 2034 4520 tenebras
2099 4479 2104 4482 ·

455 4568 770 4628 induxisset,
793 4561 934 4632 quod
955 4559 1241 4629 aliquando
1268 4557 1410 4624 fecit,
1441 4572 1619 4612 nonne
1641 4571 1831 4612 omnes
1857 4555 2034 4625 perdi-

449 4662 617 4715 disset
637 4658 661 4710 ἓ
680 4657 725 4712 si
758 4663 956 4709 terram
975 4651 1334 4705 concussis-set
1359 4690 1374 4714 ,
1405 4665 1582 4704 nonne
1611 4649 1896 4719 periissem
1916 4662 2035 4702 om-

450 4750 588 4807 nes?
618 4745 754 4813 Quid
773 4752 846 4796 est
875 4741 1041 4800 homo,
1067 4739 1200 4808 quod
1219 4755 1407 4792 ntentor
1427 4756 1477 4793 es
1503 4741 1612 4809 ejus
1639 4737 1812 4809 (Psal.
1837 4737 1891 4793 8.
1917 4737 1976 4806 5)
2009 4737 2033 4791 ‘.’

449 4846 765 4914 Opportune
793 4849 934 4891 nunc
961 4833 1182 4887 dixero:
1221 4831 1277 4886 Si
1311 4833 1391 4885 vel
1423 4842 1579 4884 terra:
1611 4830 1887 4882 minitetur
1916 4837 2034 4880 tan-

451 4949 588 4999 tum,
618 4946 808 4987 omnes
837 4940 998 4980 uuutn
1025 4923 1327 4993 sepulcrum
1359 4921 1506 4974 licut.
1538 4921 1698 4988 Quasi
1725 4920 1862 4972 stilla
1887 4934 2033 4987 aqua?

450 5028 514 5080 de
553 5023 726 5085 situla,
757 5017 923 5089 inquit
949 5057 966 5082 ,
1011 5016 1082 5067 ita
1111 5022 1279 5083 gentes
1304 5028 1474 5066 coram
1495 5012 1646 5081 ipso:
1674 5009 1820 5079 quasi
1852 5026 2033 5080 spuma

450 5117 840 5185 reputabuntur,
869 5107 1015 5180 quasi
1052 5114 1358 5160 momentum
1375 5112 1577 5157 staterae
1617 5099 1669 5171 (I
1677 5101 1773 5155 sai.
1800 5099 1891 5154 40.
1918 5098 2027 5167 15).

451 5207 911 5280 Quemadmodum
931 5203 1084 5257 nobis
1110 5201 1262 5256 facile
1289 5211 1373 5255 est
1399 5199 1652 5254 trutinam
1683 5212 1899 5253 movere
1926 5196 2029 5250 :ita

455 5303 555 5372 ipsi
587 5299 764 5352 omnia
795 5295 1041 5366 perdere,
1073 5309 1135 5349 ac
1163 5292 1232 5348 de
1254 5293 1463 5363 integro
1488 5293 1681 5346 lacere.
1735 5288 1838 5356 Qui
1867 5287 2028 5357 igitur

453 5405 560 5447 tam
581 5392 746 5443 uosiu
777 5401 868 5440 sua
900 5393 1160 5452 potestate
1183 5382 1361 5447 habet,
1394 5396 1459 5437 ac
1478 5381 1618 5436 videt
1639 5379 1877 5449 quotidie
1907 5392 2026 5446 pec-

422 5491 654 5546 _cautes,
691 5489 789 5531 nec
816 5485 991 5527 tanien
1022 5473 1194 5542 punit,
1222 5487 1400 5528 nonne
1423 5472 1524 5526 l'ert
1544 5486 1607 5525 ex
1637 5467 2029 5524 misericordia?

450 5573 557 5628 Sed
601 5569 723 5624 vide
757 5565 918 5622 etiam
959 5561 1197 5631 jnmenta
1229 5577 1324 5632 per
1367 5558 1785 5618 misericordiam
1815 5571 1935 5612 esse
1975 5567 2029 5612 et

453 5662 677 5719 servari.
713 5657 959 5714 "omines
989 5653 1154 5718 enim,
1183 5653 1376 5724 inquit,
1406 5663 1454 5709 rt
1496 5655 1718 5719 itunenta
1768 5651 1984 5709 suleabis
2007 5689 2024 5717 ,

1093 249 1153 309 S.
1189 249 1468 309 JOANNIS
1493 245 1965 306 CiiiiYSOSTOMI
2005 243 2320 305 ABCIIIEP.
2360 249 2891 310 CONSTANTINOP.

2116 357 2336 416 nomine
2365 364 2384 433 (
2415 360 2560 418 Psal.
2593 364 2685 422 35.
2714 365 2812 436 7).
2859 365 3117 439 Respexit
3166 377 3400 439 terram,
3427 380 3486 429 et
3523 373 3697 446 ipsam

2113 453 2352 523 implevit
2402 456 2742 514 animalibus.
2783 458 3188 528 Quamobrem?
3235 463 3465 536 Propter
3501 474 3589 522 te:
3647 479 3702 524 ω

2111 562 2249 603 vero
2275 562 2374 603 cur
2398 546 2567 604 iecit?
2592 564 2774 606 nonne
2801 563 3022 622 propter
3041 553 3337 610 bonitatem
3353 557 3380 609 τ
3405 555 3549 613 Nihil
3575 559 3702 617 oleo

2113 639 2347 696 melius:
2379 639 2515 696 lucis
2543 656 2704 698 causa
2729 652 2812 698 est
2839 653 2894 699 et
2923 644 2993 700 ibi
3022 654 3077 701 et
3108 645 3214 702 hic.
3249 647 3394 702 Tune
3415 651 3582 718 enim,
3613 651 3699 708 in-

2111 729 2228 798 quit
2260 731 2518 801 propheta
2543 772 2559 796 ,
2600 733 2854 787 exorietur
2878 752 3025 790 mane
3054 735 3222 791 lumen
3251 748 3396 793 tuum
3421 738 3578 807 (Isai.
3609 743 3708 812 58,

2113 820 2148 876 8
2178 822 2218 891 ),
2244 822 2289 876 si
2319 823 2742 881 misericordiam
2769 843 2893 895 erga
2916 830 3219 899 proximum
3246 834 3568 902 przestiteris
3591 854 3609 894 :
3635 851 3698 894 ac

2115 912 2310 966 merito
2359 913 2602 982 quidem.
2653 915 3116 982 Quemadmodum
3171 922 3350 978 oleum
3393 923 3498 981 hoc
3524 926 3700 984 lucem

2118 1003 2320 1074 pnebet
2349 1006 2740 1076 navigantibus.
2772 1010 2842 1064 ita
2864 1020 2919 1066 et
2946 1012 3292 1086 eleemosyna
3311 1031 3566 1089 magnum
3594 1019 3701 1077 illic

2116 1095 2516 1171 et.admirabile
2543 1099 2699 1155 nobis
2735 1101 2962 1172 largitur
2987 1103 3190 1161 lumen.
3247 1107 3397 1162 Talis
3426 1109 3531 1165 olei
3585 1127 3700 1166 ma-

2117 1202 2273 1256 gnam
2296 1188 2454 1243 habet
2475 1190 2737 1246 rationem
2759 1192 2976 1248 Paulus:
2994 1196 3117 1252 audi
3134 1198 3276 1252 enim
3300 1200 3568 1258 interdum
3584 1206 3701 1274 qui-

2117 1279 2237 1334 dem
2285 1281 2573 1348 dicentem,
2605 1285 2822 1365 Tantum
2861 1297 2918 1340 ut
2963 1307 3246 1360 pauperum
3274 1309 3517 1350 memores
3562 1313 3699 1352 esse-

2119 1390 2229 1428 mus
2277 1375 2420 1443 (Gal.
2445 1375 2498 1430 2.
2532 1377 2660 1448 l0);
2694 1378 2958 1434 interdtun
3001 1397 3164 1450 vero,
3193 1383 3255 1439 Si
3275 1385 3484 1455 dignum
3509 1389 3698 1458 fuerit,

2118 1476 2170 1517 ut
2197 1483 2286 1535 ego
2315 1468 2502 1534 eam.(i
2533 1466 2653 1522 Cor.
2687 1470 2772 1524 ili.
2813 1471 2890 1540 6).
2946 1469 3285 1545 Omninoque
3326 1476 3503 1546 ipsum
3553 1479 3701 1534 vides

2121 1558 2318 1626 uhiqne
2347 1559 2594 1614 omnibus
2624 1561 2795 1616 modis
2825 1562 2962 1618 hanc
2989 1580 3102 1619 rem
3132 1567 3365 1624 sollicite
3390 1584 3604 1626 curare.
3635 1571 3702 1626 Et

2121 1661 2325 1713 rursus,
2362 1648 2572 1704 Discant
2599 1662 2765 1706 autem
2780 1663 2826 1707 et
2856 1656 3015 1708 nostri
3034 1655 3178 1712 bonis
3199 1658 3436 1727 operibus
3463 1677 3704 1729 prteesse;

2122 1747 2176 1793 et
2212 1755 2430 1802 rursus.
2493 1742 2618 1796 Haec
2653 1745 2784 1799 enim
2825 1756 2944 1800 sunt
2983 1747 3114 1803 bona
3153 1760 3200 1804 et
3241 1751 3388 1805 utilia
3422 1753 3704 1810 hominibus

2123 1827 2266 1898 (Tit.
2300 1833 2354 1885 3.
2388 1833 2473 1888 Η.
2503 1833 2537 1888 8
2567 1833 2586 1904 )
2646 1835 2783 1890 Audi
2833 1853 2965 1891 vero.
2999 1847 3054 1893 et
3107 1840 3270 1895 alium
3301 1843 3587 1911 quemdam
3634 1845 3703 1900 ita

2123 1919 2389 1976 dicentem
2416 1965 2428 1985 .
2475 1924 2808 1996 Etesmosyna
2846 1945 2877 1980 a
2919 1940 3078 1983 utorte
3102 1932 3279 1985 liberat
3312 1933 3460 2003 (Tob.
3494 1934 3579 1989 12.
3609 1934 3698 2003 9);

2126 2020 2180 2064 et
2205 2012 2387 2074 alium.
2424 2012 2486 2068 Si
2513 2015 2912 2070 misericordiam
2945 2023 3233 2084 removeris,
3257 2021 3493 2089 Domine,
3528 2024 3706 2078 Domi-

2125 2118 2204 2167 ne,
2226 2106 2337 2173 quis
2362 2106 2658 2160 sustinebit?
2682 2117 2736 2162 et
2755 2124 2960 2176 rursus,
2982 2112 3042 2165 Si
3061 2113 3236 2179 intres,
3267 2114 3458 2184 inquit,
3488 2117 3540 2168 in
3557 2119 3710 2188 judi-

2125 2194 2258 2248 cium
2319 2213 2434 2251 cum
2475 2214 2616 2252 servo
2665 2209 2750 2253 tuo
2802 2199 2976 2274 (Psal.
3009 2201 3140 2262 H9.
3173 2205 3230 2259 ὅ.
3261 2215 3305 2258 et
3336 2205 3438 2260 142
3485 2207 3521 2260 2
3546 2211 3607 2277 );
3655 2218 3710 2263 et

2126 2286 2286 2352 alius,
2318 2286 2566 2360 Magnum
2590 2281 2834 2359 quiddam
2855 2294 3020 2356 homo,
3056 2302 3105 2346 et
3134 2294 3437 2363 praclarum
3463 2297 3539 2350 vir
3563 2298 3712 2352 mise-

2127 2379 2285 2433 ricors
2315 2379 2514 2449 (Prov.
2535 2381 2628 2436 20.
2657 2383 2690 2437 ϐ
2723 2384 2759 2452 ).
2799 2382 2910 2438 Hoc
2947 2383 3090 2439 enim
3131 2394 3212 2439 est
3263 2386 3532 2442 hominem
3565 2404 3706 2453 esse,

2129 2470 2213 2525 vel
2235 2471 2409 2540 potius
2441 2471 2543 2528 hoc
2573 2482 2654 2528 est
2674 2473 2839 2528 Deum
2865 2488 3006 2540 esse,
3040 2475 3306 2532 misereri.
3327 2475 3488 2532 Vides
3514 2493 3708 2548 quanta

2131 2560 2328 2616 divinat
2365 2562 2749 2618 misericordia:
2778 2565 2847 2618 sit
2875 2566 3154 2636 potentia?
3193 2567 3520 2624 Ila-comaia
3550 2568 3706 2633 fecit.

2129 2651 2244 2708 bmc
2269 2654 2524 2709 mundum
2545 2655 2799 2721 condidit,
2822 2656 2936 2711 lucc
2956 2657 3175 2727 angelos
3207 2657 3367 2725 fecit;
3397 2674 3499 2728 per
3517 2660 3708 2727 solam,

2132 2745 2369 2815 inquam,
2392 2747 2706 2802 bonitatem.
2731 2748 3015 2818 Propterea
3033 2749 3176 2804 enim
3206 2749 3509 2819 geltennam
3542 2754 3711 2806 mina-

2134 2846 2216 2891 tus
2241 2847 2343 2903 est,
2376 2846 2434 2891 ut
2462 2853 2686 2905 regnum
2709 2854 3088 2909 assequamur;
3120 2856 3342 2911 regnum
3368 2858 3498 2898 vero
3523 2858 3711 2898 Conse-

2130 2929 2343 2999 quimur
2383 2946 2478 3000 per
2517 2930 2962 2985 misericordiam.
2993 2931 3102 2987 Cur
3126 2935 3269 2987 enim
3297 2949 3420 2988 cum
3452 2934 3602 2989 solus
3627 2951 3712 2989 csa

2132 3031 2213 3076 set
2247 3021 2419 3084 Deus,
2453 3033 2531 3077 tot
2555 3022 2686 3077 deos
2728 3023 2887 3076 iecit?
2917 3039 3095 3094 nonne
3128 3034 3344 3093 propter
3371 3025 3660 3079 bonitatem
3689 3026 3712 3078 ?

2135 3129 2312 3168 nonne
2336 3123 2554 3184 propter
2577 3113 2960 3183 benignitatem
2988 3122 3146 3184 atque
3175 3115 3558 3170 humanitatem
3588 3116 3612 3169 ?
3653 3115 3709 3171 Si

2132 3208 2428 3277 quaesieris,
2455 3223 2552 3262 cur
2575 3207 2696 3270 hoc,
2731 3207 2974 3260 curillud
3005 3205 3212 3274 fecerit,
3242 3207 3441 3278 ubique
3469 3208 3711 3263 inuenies

2134 3299 2449 3354 bonitatem.
2478 3297 2659 3369 itaque
2689 3299 3051 3367 proximorum
3079 3298 3453 3362 misereamur,
3485 3299 3709 3353 utetiam

2135 3393 2186 3447 in
2216 3407 2312 3447 nos
2339 3391 2704 3447 mi~ericordia
2724 3390 3054 3445 adhibeatur.
3077 3389 3192 3444 Non
3221 3391 3387 3459 magis
3414 3389 3540 3453 illis,
3557 3404 3710 3458 quam

2136 3485 2290 3540 nobis
2331 3484 2461 3553 ipsis
2488 3482 2794 3552 colligimus
2825 3481 3248 3536 miscricordiam
3283 3481 3334 3534 in
3369 3480 3514 3535 diem
3542 3480 3708 3534 illum.

2136 3577 2236 3633 Ubi
2265 3577 2558 3632 vehemens
2587 3575 2746 3630 fuerit
2771 3575 2983 3631 ﬂamma
3015 3576 3170 3644 ignis,
3205 3573 3572 3630 misericordia
3603 3573 3712 3627 lia-c

2137 3670 2313 3740 ignem
2340 3667 2555 3739 quidem
2581 3666 2884 3736 restinguit,
2918 3666 3052 3720 lucis
3067 3673 3244 3720 autem
3265 3665 3420 3720 nobis
3438 3679 3599 3719 causa
3615 3672 3713 3718 est.

2137 3764 2210 3819 ita
2243 3763 2399 3831 hujus
2425 3776 2586 3831 opera
2627 3775 2655 3813 a
2683 3758 2942 3830 geheunze
2983 3758 3089 3828 igni
3132 3757 3513 3812 liberabimur:
3553 3767 3714 3812 cane—

2137 3856 2326 3926 roquin
2373 3853 2514 3908 unde
2555 3869 2648 3906 sua
2703 3851 2857 3906 vobis
2890 3851 3094 3905 viscera
3121 3851 3326 3920 aperiet
3349 3849 3530 3904 Deus?
3579 3849 3716 3902 unde

2140 3945 2519 4002 miserebitur?
2554 3944 2631 3998 Ex
2649 3943 2868 3998 caritate
2891 3941 3260 3998 misericordia
3281 3941 3542 3996 exoritur.
3577 3940 3715 3995 Nih‘l

2137 4038 2272 4092 adeo
2301 4035 2473 4090 irritat
2503 4035 2690 4098 Deum,
2734 4042 2892 4101 atque
2929 4031 3411 4087 immisericordent
3443 4045 3584 4086 esse.
3614 4029 3720 4086 0b.

2140 4130 2278 4184 latus
2303 4137 2386 4182 est
2411 4127 2460 4182 ei
2487 4125 2770 4197 quispiam,
2799 4125 2888 4194 qtti
2919 4124 3107 4178 decem
3137 4124 3298 4178 millia
3331 4123 3531 4178 talenta
3557 4123 3715 4177 debe-

2139 4223 2248 4283 bat,
2274 4230 2326 4274 et
2356 4217 2720 4273 misericordia
2745 4229 2920 4271 motus
2949 4217 3190 4271 debitttm
3221 4217 3464 4272 remisit:
3504 4226 3559 4270 at
3596 4232 3714 4271 cum

2141 4315 2230 4369 hic
2259 4312 2398 4366 idem
2427 4325 2745 4365 conservum
2767 4310 2837 4364 ob
2859 4308 3068 4364 debitos
3103 4309 3204 4364 sibi
3225 4317 3439 4364 centum
3468 4308 3718 4363 denarios

2140 4405 2462 4470 sull‘ocaret,
2511 4411 2636 4457 tunc
2657 4402 2871 4456 tradidit
2917 4416 3038 4456 eum
3086 4400 3344 4455 Dominus
3387 4399 3714 4462 tortoribus,

2143 4514 2422 4570 quousque
2446 4496 2694 4551 redderet
2724 4496 2985 4550 debitum.
3019 4495 3144 4550 llzec
3175 4494 3473 4560 audientes,
3509 4491 3715 4547 miseri-

2141 4591 2332 4647 cordes
2353 4591 2520 4646 simus
2549 4603 2672 4658 erga
2700 4587 2972 4643 debitores
3001 4587 3052 4641 in
3083 4585 3354 4656 peccatis:
3385 4598 3545 4638 nemo
3575 4582 3713 4652 inju-

2141 4685 2343 4740 riarum
2381 4683 2448 4738 sit
2487 4696 2730 4746 memor,
2768 4680 2869 4735 nisi
2900 4680 3136 4748 seipsum
3180 4678 3377 4733 iccdere
3406 4677 3552 4731 velit.
3603 4673 3716 4729 Non

2140 4775 2283 4832 enim
2307 4783 2510 4828 tantum
2539 4772 2799 4826 molestia:
2820 4772 2894 4824 illi
2917 4769 3074 4825 ail‘crs
3104 4785 3208 4824 non
3237 4769 3536 4832 remittens,
3557 4781 3719 4836 quan.

2143 4879 2248 4924 tam
2273 4867 2366 4922 tibi
2419 4868 2518 4937 ipsi
2561 4867 2726 4922 infers
2753 4866 3021 4936 iniuriam.
3074 4864 3203 4918 Nam
3237 4873 3288 4917 te
3317 4862 3534 4932 quidem
3571 4862 3718 4916 illuni

2142 4969 2496 5032 persequente
2521 5000 2538 5025 ,
2589 4973 2695 5013 non
2729 4957 3067 5028 persequitur
3091 4956 3263 5011 Deus:
3296 4965 3348 5010 te
3378 4969 3508 5010 vero
3534 4953 3718 5008 dimit-

2141 5064 2308 5119 tente,
2327 5060 2416 5107 aut
2445 5053 2595 5106 illum
2618 5049 2955 5121 persequitur
2977 5049 3138 5114 Deus,
3166 5057 3256 5102 aut
3274 5056 3358 5100 tua
3389 5045 3480 5100 tibi
3503 5042 3720 5100 dimittit

2142 5154 2380 5215 peccata.
2412 5142 2690 5210 Quomodo
2709 5149 2886 5196 autem
2909 5181 2924 5205 ,
2951 5139 3054 5194 nisi
3084 5147 3139 5193 tu
3169 5137 3407 5193 remittas
3437 5135 3719 5204 proximo,

2140 5240 2203 5294 ad
2235 5253 2456 5308 regnum
2471 5235 2713 5304 aspiras?
2740 5234 2857 5302 Quo
2873 5230 3085 5302 quidem
3101 5231 3295 5308 damno
3313 5243 3379 5283 ne
3396 5227 3718 5292 afﬁciantur,

2143 5331 2479 5384 remittamus
2503 5325 2790 5390 omnibus;
2837 5323 2993 5378 nobis
3019 5302 3162 5378 enim
3192 5320 3319 5390 ipsis
3348 5318 3672 5373 remittimus
3703 5334 3720 5372 :

2140 5419 2526 5481 condonemus,
2555 5424 2613 5470 ut
2633 5415 2787 5470 nobis
2815 5411 3085 5469 condonet
3111 5409 3252 5466 Deus
3274 5417 3489 5479 peccata
3515 5417 3723 5474 nostra,

2139 5524 2297 5584 atque
2323 5511 2393 5568 ita
2417 5509 2606 5566 tuturis
2630 5507 2894 5579 potiamur
2918 5503 3092 5572 bonis,
3121 5510 3224 5560 etc.
