4030 6204
446 191 553 253 2Ιό

461 398 1123 424 C——-——-.—-————._—..._..

1119 210 1174 265 S.
1210 208 1490 267 JOANNIS
1524 209 2010 268 CIIRYSOSTOMI
2044 209 2361 267 ARCHIEP.
2394 207 2936 267 CONSTANTINOP.

3585 207 3693 262 ειι

1914 639 2154 692 ΟΜῘΛΙᾹ
2191 639 2265 692 E'.

460 788 535 844 El
562 807 649 857 τις
670 783 1184 860 οὗν-παράκλησις
1207 789 1277 844 ἐν
1304 790 1556 858 Χριστῷ,
1584 791 1641 843 εἴ
1671 809 1723 844 τι
1759 790 2025 860 παραμύ-

525 855 656 914 θιον
691 855 958 946 ἁγιξεξης,
999 858 1056 911 εἴ
1095 874 1187 946 ηις
1214 855 1515 946 ,κοινωνζίιι
1556 855 1929 946 πνεύματος,
1969 860 2026 914 εἴ

523 945 660 1017 τίνα
679 927 1007 1019 valitura
1039 927 1137 1019 xu}
1171 931 1456 1019 οζκῖιρμοι
1474 946 1488 961 ⁸
1513 927 2025 1019 ,πληρῶσατξμρυ

522 998 640 1067 τὴν
667 995 889 1067 χαρὰν,
929 998 1030 1050 ἵνα
1063 997 1128 1051 τὸ
1156 995 1329 1052 αὺτά
1347 995 1607 1068 φρονῆτε
1626 995 1661 1060 ,ἡ
1680 999 1794 1066 τὴν
1832 995 2027 1067 αὐτὴν

521 1066 765 1138 ἀγάπην
785 1065 1047 1138 ἔχοντες,
1073 1067 1406 1137 σύμψυχοι,
1438 1068 1504 1121 τὸ
1524 1068 1593 1123 ἐν
1622 1069 2025 1138 φρονοῦντεςς

520 1135 715 1206 μηδὲν
764 1137 891 1188 κατ’
933 1135 1189 1204 ἐρίοειαν
1231 1138 1267 1200 ἢ
1292 1135 1694 1201 ’κενοδοξίαῆ
1744 1138 1906 1192 ἀλλά
1951 1135 2026 1205 τῇ

524 1207 1049 1288 ταπεινοφροσύνῃ
1099 1206 1413 1288 ἀλλήλους
1469 1208 1787 1288 hydrum
1844 1210 2027 1275 ὑπερ-

525 1275 781 1343 έχοντας
816 1275 1045 1328 ἑαυτῶν
1062 1291 1075 1305 ο
1103 1275 1191 1342 μὴ
1233 1276 1307 1330 τὰ
1339 1275 1568 1331 ἑαυτῶν
1596 1275 1852 1342 ἕκαστος
1883 1292 2027 1330 σκο-

527 1342 714 1408 πεῖτε,
744 1345 908 1400 ἀλλὰ
934 1342 1035 1398 καὶ
1062 1346 1133 1398 τὰ
1156 1343 1373 1413 ἐτέρων
1396 1346 1674 1412 ἕκαστος.

526 1485 766 1542 α’.οὑδὲν
783 1487 1024 1556 ἄμεινον,
1038 1489 1189 1542 οὐδὲν
1209 1490 1591 1562 φιλοστοργότε
1596 1508 1689 1563 ρον
1703 1490 2027 1548 διδασκάλου

457 1579 826 1647 πνευματικοῦ
848 1596 861 1611 ·
887 1581 1087 1643 παντὸς
1111 1582 1313 1652 πατρὸς
1334 1581 1545 1636 εὔνοιαν
1573 1583 1903 1657 παρέρχεται
1928 1602 2028 1653 φυ-

458 1670 631 1725 σικοῦ.
664 1672 803 1740 Ὅρα
830 1670 981 1739 γοῦν,
1010 1674 1038 1725 ὁ
1069 1673 1335 1743 μακάριος
1358 1669 1509 1738 οὗτος
1528 1675 1645 1727 οἵαν
1669 1676 1881 1747 τίθησιν
1914 1678 2028 1730 ἱκε-

455 1762 650 1832 τηρίαν
678 1763 811 1831 πρὸς
839 1762 1233 1831 Φιλιππησίους
1261 1765 1400 1836 ὑπὲρ
1428 1764 1535 1818 τῶν
1567 1766 1792 1828 ἐκείνοις
1824 1783 2029 1837 συμφε·

459 1854 679 1923 ρόντων.
702 1853 766 1904 Τί
799 1852 905 1925 γάρ
936 1870 1090 1921 φησι,
1120 1855 1249 1923 περὶ
1280 1854 1532 1924 ὁμονοίας
1553 1856 1907 1924 παρακαλῶν,
1934 1856 2027 1910 τοῦ

458 1944 673 1996 πάντων
711 1944 885 1997 αίτίου
921 1943 1027 1997 τῶν
1061 1944 1276 2012 καλῶν;
1310 1946 1413 2015 ὅρα
1456 1945 1573 2008 πῶς
1609 1945 1871 2016 λιπαρῶς,
1912 1945 2028 2009 πῶς

460 2036 736 2106 σφοδρῶς,
771 2035 886 2098 πῶς
918 2035 1056 2105 μετά
1085 2036 1423 2105 συμπαθείας
1453 2035 1671 2106 πολλῆς.
1703 2037 1777 2089 El
1800 2054 1890 2102 τις
1915 2031 2029 2090 οὖν

459 2125 841 2192 παράκλησις
879 2126 950 2178 ἐν
989 2125 1239 2192 Χριστῷ,
1285 2126 1438 2196 φησί.
1469 2126 1785 2188 Τουτέστιν,
1825 2127 1881 2178 εῖ
1909 2143 2029 2180 τινα

460 2214 609 2283 ἔχετε
642 2214 986 2283 παράκλησιν
1015 2216 1071 2266 έν
1117 2215 1338 2285 Χριστῷ
1362 2230 1376 2243 ⁸
1413 2216 1488 2279 ὡς
1534 2215 1598 2270 ἂν
1636 2218 1684 2269 εί
1720 2216 1903 2285 ἔλεγεν
1925 2233 1940 2248 ο
1967 2218 2033 2270 EE

460 2305 581 2359 τινά
608 2322 707 2374 μου
738 2305 892 2372 λόγον
918 2304 1080 2374 ἔχεις,
1108 2306 1162 2358 εἴ
1184 2306 1268 2369 τίς
1300 2323 1381 2359 σοι
1404 2308 1619 2376 φροντὶς
1642 2306 1797 2378 ἐμοῦ,
1826 2306 1880 2360 εί
1901 2324 2030 2361 ποτε

462 2393 521 2449 εῦ
557 2394 757 2459 έπαθές
802 2412 855 2448 τι
895 2395 1024 2465 παρ’
1064 2385 1235 2464 ἐμοῦ,
1278 2397 1396 2449 τόδε
1453 2398 1697 2468 ποίησον.
1746 2397 1932 2469 Τούτῳ
1977 2400 2031 2453 δὲ

465 2485 781 2556 κεχρήμεθα
794 2485 893 2553 τῆς
914 2484 1208 2548 διαθέσεως
1222 2484 1301 2555 τῷ
1318 2488 1525 2557 τρόπῳ,
1550 2487 1675 2542 ὅταν
1693 2489 1833 2559 ὑπὲρ
1857 2489 2035 2560 πράγ-

470 2592 636 2646 ματος
675 2573 936 2645 ἀξιῶμεν,
978 2574 1007 2628 δ
1043 2575 1258 2628 πάντων
1304 2576 1662 2649 προτίθεμεν·
1713 2581 1774 2633 οὑ
1808 2579 1939 2650 γὰρ,
1985 2583 2034 2633 εί

473 2668 547 2739 μὴ
576 2668 793 2723 πάντων
837 2668 965 2722 αὑτό
998 2669 1386 2740 προετίθεμεν,
1428 2672 1645 2727 πάντων
1674 2674 1773 2746 τὴν
1804 2675 2037 2745 ἀμοιϐὴν

468 2762 527 2814 ὲν
564 2761 757 2832 ὲκείνῳ
792 2761 976 2816 λαϐεῖν
1010 2761 1364 2833 ἐϐουλόμεθα,
1405 2763 1557 2837 [⁸228]
1593 2768 1688 2820 καὶ
1732 2768 1799 2821 δι’
1827 2768 2036 2823 ἐκείνου

468 2853 531 2908 τὸ
561 2855 670 2907 πᾶν
697 2852 953 2923 ἐλέγομεν
986 2853 1311 2911 δείκνυσθαι.
1361 2855 1552 2927 Ἡμεῖς
1588 2859 1688 2928 μὲν
1725 2857 1819 2913 οὑν
1848 2877 2039 2931 σαρκι-

468 2945 583 3000 κῶν
610 2944 991 3013 δικαιωμάτων
1024 2946 1531 3020 ὑπομιμνήσκομεν.
1570 2949 1657 3014 Ὠς
1680 2949 1745 3004 ἀν
1778 2952 1826 3004 εί
1856 2951 2040 3024 πατὴρ

472 3036 605 3110 πρὸς
633 3036 747 3088 υίδν
772 3037 976 3104 ἔλεγεν·
1001 3036 1072 3089 Et
1097 3054 1180 3100 τις
1205 3034 1296 3092 οὖν
1322 3056 1401 3093 σοι
1430 3042 1635 3112 πατρὸς
1661 3041 1849 3106 αἰδὼς,
1882 3044 1936 3097 εἷ
1957 3061 2041 3108 τις

469 3128 779 3197 ἀνατροφῆς
806 3130 1013 3199 μνήμη,
1042 3128 1098 3181 εἴ
1120 3147 1204 3191 τις
1229 3130 1607 3200 φιλοστοργίας
1634 3135 1732 3203 τῆς
1763 3133 1895 3204 πρὸς
1916 3135 2037 3205 ἐμὲ,

470 3218 528 3297 εί
550 3237 632 3283 τις
659 3219 826 3289 τιμῆς
849 3213 916 3291 ἦς
947 3219 1136 3291 ἔτυχες
1167 3223 1295 3292 παρ’
1321 3221 1476 3290 ἐμοῦ,
1509 3224 1559 3275 εί
1575 3239 1660 3286 τις
1691 3223 1922 3289 εὐνοίας,
1963 3225 2038 3295 μὴ

470 3310 563 3364 ἔσο
586 3310 661 3380 τῷ
693 3309 905 3381 ἀδελφῷ
929 3311 1120 3381 ἐχθρός
1136 3329 1149 3341 ·
1179 3313 1473 3373 τουτέστιν,
1502 3312 1646 3366 Ἀντὶ
1667 3313 1882 3367 πάντων
1902 3315 2041 3367 ἐκεί⁶

471 3417 576 3453 νων
613 3399 816 3470 ταύτην
853 3401 987 3455 αἰτῶ
1019 3399 1119 3471 τὴν
1152 3400 1408 3471 ἀμοιϐήν.
1465 3401 1605 3455 Ἀλλ’
1637 3403 1736 3473 οὑχ
1766 3404 1793 3457 ὁ
1833 3403 2040 3467 Παῦλος

470 3490 642 3553 οὕτως
667 3507 681 3522 ο
716 3491 929 3554 οὑδενδς
972 3490 1083 3563 7&9
1128 3490 1391 3561 σαρκικοῦ
1431 3493 1859 3565 ὑπομιμνήσκει,
1906 3494 2041 3548 ἀλλά

475 3583 691 3634 πάντων
725 3582 1134 3649 πνευματικῶν.
1177 3583 1242 3635 Ὅ
1276 3582 1332 3634 δὲ
1365 3582 1545 3651 λέγει,
1579 3584 1819 3638 τοιοῦτόν
1851 3586 2000 3638 ἐστιν
2024 3601 2038 3616 ·

475 3670 545 3726 Εί
563 3670 686 3724 τινά
719 3688 809 3740 μοι
833 3670 1087 3739 βούλεσθε
1116 3672 1459 3742 παράκλησιν
1488 3676 1544 3726 ἐν
1573 3676 1683 3737 τοῖς
1717 3679 2039 3745 πειρασμοῖς

475 3760 678 3822 δοῦναι,
703 3761 795 3813 καὶ
813 3759 1124 3830 προτροπὴν
1149 3760 1206 3811 ὲν
1228 3761 1467 3830 Χριστῷ,
1487 3763 1668 3815 εῐτινα
1695 3764 2043 3833 παραμυθίαν

477 3849 719 3920 ἀγάπης,
754 3848 808 3902 εί
836 3866 960 3903 τινα
987 3849 1272 3902 κοινωνίαν
1308 3849 1477 3914 δεῖξαι
1516 3852 1616 3922 τὴν
1652 3853 1709 3905 έν
1737 3852 2041 3923 πνεύματι,

476 3938 532 3994 εί
570 3958 691 3994 τινα
718 3940 869 4011 ἔχετε
909 3939 1190 4010 σπλάγχνα
1222 3940 1315 3994 καὶ
1352 3941 1685 4012 οίκτιρμοὺς,
1719 3943 2044 4013 πληρώσατέ

480 4048 582 4101 μου
612 4031 708 4102 την
735 4031 927 4102 χαράν.
976 4031 1048 4085 Et
1080 4048 1212 4085 τινα
1248 4031 1573 4101 σπλάγχνα
1609 4034 1706 4087 καί
1737 4035 2040 4103 οἰκτιρμοί.

465 4121 808 4192 -υίκτιρμούς
835 4139 999 4192 φησιν
1024 4122 1220 4177 ἑαυτοῦ
1243 4123 1351 4176 τῶν
1382 4122 1639 4192 μαθητῶν
1663 4123 1762 4193 τὴν
1792 4124 2045 4193 ὁμόνοιαν

478 4218 508 4269 ὁ
540 4214 779 4277 Παῦλος.
814 4214 1027 4278 δεικνὺς
1059 4215 1135 4277 ὡς
1182 4215 1239 4268 ἐν
1277 4216 1390 4277 τοῖς
1425 4214 1672 4284 ἐσχάτοις
1702 4215 1731 4267 ὁ
1772 4215 2043 4279 κίνδυνος,

479 4303 576 4356 ὲάν
607 4304 681 4374 μὴ
708 4304 1025 4374 ὁμονοῶσιν.
1059 4304 1121 4356 Εἰ
1163 4303 1312 4368 ἐστι,
1349 4303 1517 4374 φησὶ,
1553 4306 1736 4374 τυχεῖν
1767 4304 2047 4376 παρακλή-

481 4411 619 4457 σεως
636 4394 764 4466 παρ’
790 4395 963 4465 ὑμῶν,
980 4397 1028 4448 εί
1045 4395 1161 4448 ἔστι
1186 4399 1368 4466 τυχεῖν
1392 4395 1498 4449 ἀπὸ
1524 4395 1624 4467 τῆς
1651 4396 1872 4467 ἀγάπης
1893 4396 2047 4467 ὑμῶν

480 4484 830 4556 παραμυθίας
854 4486 1019 4549 τινὸς,
1048 4488 1096 4540 εί
1126 4486 1273 4540 ἔστιν
1304 4487 1431 4557 ὑμῖν
1451 4487 1775 4558 κοινωνῆσαι
1803 4488 1861 4541 ὲν
1885 4487 2049 4542 πνεύ-

483 4592 647 4645 ματι,
678 4577 728 4628 εί
776 4576 903 4629 ιστι
932 4576 1259 4646 κοινωνῆσαι
1297 4579 1426 4647 ὑμῖν
1458 4578 1515 4630 ὲν
1569 4578 1791 4650 Κυρίῳ,
1823 4580 1873 4632 εί
1901 4577 2049 4632 ἔστιν

481 4664 771 4734 ἐλεηθῆναι
796 4667 926 4736 παρ’
949 4665 1102 4736 ὑμῶν
1123 4667 1215 4720 καὶ
1238 4667 1661 4738 οίκτειρηθῆναι,
1691 4668 1907 4722 πάντων
1933 4669 2053 4721 τού-

479 4773 591 4811 των
623 4754 723 4826 τὴν
778 4755 1047 4810 ἀντίδοσιν
1088 4757 1145 4809 ὲν
1196 4759 1262 4826 τῇ
1308 4758 1497 4829 ἀγάπῃ
1545 4758 1753 4822 δείξατε
1776 4774 1792 4789 ο
1833 4759 2050 4812 πάντων

480 4845 687 4903 τούτων
714 4846 922 4917 ἔτυχον,
957 4847 1053 4901 ὲάν
1086 4848 1337 4915 ἀγαπᾶτε
1375 4848 1656 4918 ἀλλήλους.
1691 4848 2052 4915 Πληρώονατέ

477 4956 598 5009 μου
643 4937 759 5007 τὴν
792 4937 1003 5008 χαράν.
1055 4938 1217 5009 Ὅρα,
1253 4938 1340 4992 ῖνα
1374 4938 1448 5008 μὴ
1492 4938 1616 5008 δόξῃ
1648 4940 1680 5008 ὴ
1733 4940 2052 5010 παραίνεσις

482 5031 559 5095 ὡς
584 5032 720 5101 πρὸς
747 5030 1090 5095 ἐλλείποντας
1113 5030 1193 5084 ἔτι
1222 5030 1567 5101 γεγενῆσθαι,
1594 5032 1695 5084 οὑκ
1721 5026 1864 5093 εἷπε,
1888 5032 2051 5103 Ποιή-

488 5121 617 5175 σατέ
651 5139 763 5191 μοι,
801 5121 959 5186 ἀλλὰ,
1014 5120 1376 5190 Πληρώσατε
1397 5136 1413 5153 ·
1444 5121 1739 5186 τουτέστιν,
1778 5120 2051 5191 Ἤρξασθε

486 5212 734 5279 φυτεύειν
754 5214 812 5265 ἐν
843 5213 964 5283 ἐμοί
1036 5213 1139 5285 ἤδη
1167 5230 1255 5283 μοι
1284 5209 1623 5282 μετεδώκατε
1651 5212 1713 5265 τὸ
1731 5210 2052 5283 εἰρηνεύειν,

485 5297 607 5355 ἀλλ’
637 5304 719 5365 είς
749 5303 901 5367 τέλος
936 5303 1188 5373 ἐπιθυμῶ
1216 5303 1408 5357 ἐλθεῖν.
1438 5303 1504 5356 Τί
1540 5296 1740 5373 βούλει,
1775 5304 1895 5357 είπέ
1927 5321 2051 5373 μοι,

487 5393 574 5447 ἶνα
595 5410 655 5447 σε
683 5394 941 5448 κινδύνων
965 5395 1361 5465 ἀπαλλάξωμεν
1383 5412 1399 5462 ;
1434 5394 1521 5450 ἶνα
1549 5396 1631 5449 σοί
1658 5413 1709 5449 τι
1736 5400 2054 5467 χορηγήσω-

490 5500 623 5551 μεν;
660 5482 825 5536 Οὑδὶν
876 5483 1113 5547 τούτων,
1163 5484 1360 5553 φησὶν,
1408 5483 1546 5549 ἀλλ’,
1602 5481 1738 5537 Ἰνα
1780 5481 1952 5551 ὑμεῖς
1986 5483 2055 5536 τὸ

486 5573 635 5629 αὐτὸ
684 5571 975 5643 φρονῆτε,
1013 5574 1127 5641 τὴν
1173 5574 1367 5642 αὐτὴν
1414 5575 1657 5646 ἀγάπην
1691 5576 1962 5643 ἔχοντες,
1996 5572 2052 5627 ἐν

2123 787 2158 865 ᾖ
2187 791 2457 863 ἧρξασθε,
2490 792 2822 860 σύμψυχοι,
2858 789 2925 842 τὸ
2962 787 3032 842 ἐν
3068 785 3454 857 φρονοῦντες.
3486 786 3659 842 Βαϐαῖ.
3679 828 3695 854 ,

2126 884 2355 948 ποσάκις
2380 883 2439 936 τὺ
2480 883 2609 937 αὑτὸ
2640 883 2791 952 λέγει
2830 881 2936 935 ἀπὸ
2961 881 3251 944 διαθέσεως
3283 880 3516 950 πολλῆςί
3564 883 3698 937 Ἵνα

2125 972 2192 1027 τὸ
2226 974 2369 1027 αὐτὸ
2398 970 2659 1042 φρονῆτε
2679 1013 2693 1037 ,
2725 973 2877 1042 φησὶ,
2917 972 3117 1041 μᾶλλον
3146 971 3226 1037 δὲ,
3256 970 3346 1025 ῖνα
3382 971 3445 1024 τὸ
3478 971 3537 1024 ἒν
3568 988 3699 1044 φρο-

2127 1065 2271 1134 νῆτε.
2296 1062 2465 1116 Τοῦτο
2488 1062 2596 1133 7&9
2622 1061 2826 1133 προῖὼν
2847 1061 3111 1132 ἐδήλωσεν
3141 1060 3332 1128 εἰπὼν,
3364 1060 3435 1116 Τὸ
3463 1059 3535 1114 ἓν
3560 1078 3700 1129 φρο-

2126 1156 2409 1220 νοῦντες·
2436 1152 2465 1206 ὅ
2495 1152 2616 1217 τοῦ,
2660 1153 2727 1206 Τὸ
2757 1151 2924 1218 αὐτὸ,
2958 1150 3143 1222 μεῖζόν
3186 1152 3321 1205 ἐστι.
3364 1150 3484 1217 Τὴν
3506 1150 3702 1218 αὐτὴν

2127 1243 2368 1313 ἀγάπην
2397 1244 2670 1311 ἔχοντες·
2708 1243 2971 1307 τουτέστι,
3024 1243 3098 1313 μὴ
3140 1241 3329 1306 ἀπλῶς
3357 1243 3486 1313 περὶ
3519 1243 3700 1295 πίστιν

2131 1333 2322 1405 μόνον,
2361 1332 2497 1387 ἀλλά
2537 1332 2631 1385 καὶ
2666 1332 2725 1384 ὲν
2758 1335 2870 1396 τοῖς
2913 1333 3092 1396 ἄλλοις
3122 1333 3345 1387 ἅπασιν.
3390 1333 3548 1387 Ἐστι
3589 1333 3697 1406 7&9

2114 1425 2221 1495 ’καὶ
2257 1424 2318 1479 τὸ
2342 1424 2473 1478 αὑτὸ
2506 1425 2743 1495 φρονεῖν,
2777 1424 2870 1476 καὶ
2898 1422 2974 1495 μὴ
3007 1424 3226 1494 ἀγάπην
3254 1423 3418 1494 ἔχειν.
3448 1424 3566 1493 Τὴν
3593 1427 3697 1479 αὐ-

2127 1516 2242 1582 τὴν
2273 1516 2513 1586 ἀγάπην
2536 1515 2814 1585 ἔχοντες*
2845 1515 3145 1580 τουτέστιν,
3172 1514 3375 1585 ὁμοίως
3399 1513 3497 1567 καὶ
3525 1513 3695 1582 φιλεῖν

2127 1608 2221 1662 καὶ
2253 1608 2538 1677 φιλεῖσθαι.
2567 1607 2657 1678 Μὴ
2680 1606 2744 1660 σὺ
2773 1606 2872 1677 μὲν
2894 1605 3131 1660 ἀπόλαυε
3161 1605 3262 1675 τῆς
3298 1605 3520 1676 πολλῆς,
3546 1604 3698 1659 ἐλάτ-

2126 1717 2254 1753 τονα
2298 1698 2355 1751 δὲ
2401 1700 2513 1760 τοῖς
2563 1696 2743 1760 ἀλλοις
2795 1696 3030 1766 πάρεχε,
3071 1695 3159 1748 ἵνα
3207 1695 3302 1748 καὶ
3337 1693 3396 1749 ὲν
3432 1693 3608 1764 τούτῳ
3633 1688 3698 1766 ᾗς

2129 1790 2473 1858 πλεονέκτης.
2505 1789 2567 1841 Εἰ
2601 1788 2709 1858 γάρ
2733 1804 2876 1851 τινες
2906 1786 3082 1849 τοῦτο,
3114 1783 3251 1838 ἀλλά
3277 1785 3342 1838 σὺ
3373 1783 3449 1854 μὴ
3483 1784 3696 1854 ἀνέχου.

2129 1879 2462 1946 Σύμιιυυχοι,
2505 1878 2636 1947 φησί
2663 1893 2676 1907 °
2715 1875 2980 1939 τουτέστι,
3026 1877 3124 1946 μιᾷ
3160 1874 3306 1945 ψυχῇ
3362 1874 3434 1927 τά
3484 1874 3702 1927 πάντων

2128 1969 2485 2037 οἰκειούμενοι
2511 1966 2754 2037 σώματα,
2782 1966 2841 2018 οὑ
2866 1968 2931 2036 τῇ
2957 1966 3114 2035 οὑσίᾳ
3149 1966 3232 2032 (οὑ
3267 1964 3374 2036 γάρ
3402 1964 3520 2018 ἔστι
3544 1965 3698 2018 δυνα-

2129 2060 2264 2127 τὸν),
2297 2057 2432 2111 ἀλλά
2457 2060 2521 2128 τῇ
2555 2056 2870 2127 προαιρέσει
2896 2056 2988 2109 καὶ
3019 2058 3088 2126 τῇ
3119 2053 3310 2127 γνώμῃ
3330 2070 3345 2083 ⁸
3375 2054 3451 2118 ὡς
3477 2055 3542 2108 ὲκ
3573 2056 3700 2125 μιᾶς

2128 2149 2303 2220 ψυχῆς
2322 2147 2391 2201 τά
2419 2148 2593 2202 πάντα
2616 2147 2867 2216 γινέσθω.
2899 2146 2964 2198 Τί
2992 2147 3127 2211 ἐστι,
3151 2146 3508 2215 Σύμψυχοι;
3549 2145 3699 2214 Ἐδήο

2130 2242 2301 2293 λωσεν
2330 2238 2500 2291 εἰπὼν
2520 2277 2535 2301 ,
2569 2237 2637 2290 Τὸ
2669 2236 2739 2291 ἐν
2770 2236 3168 2305 φρονοῦντες-ο
3205 2234 3356 2307 [2⁸29]
3383 2236 3441 2289 ἓν
3469 2235 3611 2289 ἔστω
3639 2235 3698 2290 τὸ

2132 2330 2404 2401 φρόνημα,
2435 2328 2622 2399 ῶσπερ
2650 2329 2778 2398 μιᾶς
2805 2326 3002 2397 ψυχῆς.
3030 2325 3232 2394 Μηδὲν
3254 2326 3405 2380 κατὰ
3421 2326 3696 2392 ὲρίθειαν.

2144 2419 2309 2485 Ἀξιοῖ
2341 2418 2526 2473 λοιπὸν
2564 2418 2657 2471 καλ⁸
2688 2417 2779 2470 τὸν
2819 2416 3018 2487 τρόπον
3063 2415 3212 2483 λέγει
3232 2454 3247 2476 ,
3277 2413 3396 2476 πῶς
3441 2412 3508 2467 ἂν
3543 2413 3700 2466 τοῦτο

2133 2511 2346 2579 γένοιτο
2364 2527 2378 2541 ·
2412 2508 2616 2577 Μηδὲν
2641 2507 2789 2561 κατὰ
2812 2507 3088 2576 ὲρίθειαν,
3116 2504 3156 2574 ἢ
3194 2503 3568 2568 κενοδοξίαν,
3600 2517 3703 2571 φη-

2136 2601 2240 2655 σίν.
2274 2601 2450 2671 Ὅπερ
2481 2598 2567 2654 ἀεί
2600 2614 2764 2669 φημι,
2797 2599 2881 2650 ὅτι
2907 2597 3126 2650 πάντων
3166 2594 3338 2648 αῐτιον
3380 2593 3490 2647 τῶν
3516 2590 3703 2646 κακῶν

2136 2691 2292 2747 τοῦτό
2327 2692 2474 2743 ἐστιν
2494 2705 2508 2721 ο
2554 2689 2802 2742 ἐντεῦθεν
2829 2689 2884 2740 αί
2913 2687 3082 2758 μάχαι
3116 2685 3212 2740 καὶ
3243 2686 3296 2739 αί
3327 2684 3495 2755 ἕρεις.
3523 2682 3704 2736 ἐντεῦ-

2139 2778 2231 2832 θεν
2263 2780 2319 2832 αἱ
2359 2775 2649 2848 βασκανίαι
2675 2776 2768 2829 καὶ
2795 2775 3136 2844 φιλονεικίαι,
3166 2771 3416 2826 ἐντεῦθεν
3443 2772 3543 2841 τῆς
3572 2770 3706 2838 ἀγά-

2140 2887 2250 2940 πης
2281 2870 2314 2939 ἡ
2339 2867 2518 2937 ψύξις,
2553 2867 2678 2921 ὅταν
2706 2865 2805 2935 τῆς
2829 2865 2935 2920 τῶν
2961 2863 3261 2935 ἀνθρώπων
3283 2860 3440 2932 δόξης
3469 2859 3703 2931 ἐρῶμεν,

2139 2961 2267 3013 ὃταν
2297 2958 2469 3011 δοῦλοι
2498 2957 2599 3026 τῆς
2617 2956 2724 3009 τῶν
2753 2954 2958 3011 πολλῶν
2988 2949 3136 3024 ὦμεν
3165 2954 3331 3024 τιμῆς
3353 2968 3367 2984 ·
3406 2953 3468 3006 οὑ
3497 2951 3608 3024 7&9
3628 2952 3706 3005 ενι

2138 3047 2295 3118 δόξης
2331 3049 2457 3102 ὄντα
2490 3047 2705 3111 δοῦλον,
2747 3042 2884 3099 εἶναι
2928 3046 3023 3099 καὶ⁵
3066 3043 3201 3097 Θεοῦ
3233 3043 3418 3097 δοῦλον
3464 3043 3702 3115 γνήσιον.

2140 3142 2265 3204 Πῶς
2301 3136 2392 3194 οὖν
2443 3140 2541 3210 τὴν
2577 3136 2882 3201 κενοδοξίαν
2923 3135 3203 3204 φύγωμεν,
3249 3133 3455 3204 φησίνς
3499 3133 3708 3186 οὐδέπω

2144 3233 2251 3305 γὰρ
2279 3227 2438 3294 εἶπας
2472 3229 2609 3285 ὁδόν.
2647 3229 2844 3281 ’Λκουε
2870 3225 2976 3280 τῶν
3004 3223 3381 3294 ἐπαγομένων·
3415 3220 3602 3277 Ἀλλὰ
3635 3221 3708 3289 τῇ

2147 3320 2699 3389 ταπεινοφροσύνῃ,
2764 3318 2960 3387 φησιν,
3021 3314 3337 3381 ἀλλήλους
3393 3314 3708 3381 ἡγούμενοι

2147 3411 2552 3480 ὑπερέχοντας
2569 3407 2815 3463 ἑαυτῶν.
2839 3406 3030 3471 Βαϐαῖ,
3056 3404 3173 3467 πῶς
3196 3404 3374 3474 δόγμα
3395 3401 3709 3487 φιλοσοφίας

2145 3503 2314 3572 γέμον
2347 3501 2545 3569 πάσης,
2584 3499 2679 3551 καὶ
2724 3496 2880 3568 ἡμῶν
2911 3495 3011 3566 τῆς
3048 3494 3321 3566 σωτηρίας
3355 3493 3711 3564 συγκρότημα

2148 3593 2391 3661 ὲξέθετοε
2430 3590 2556 3644 Ἑάν
2582 3588 2875 3658 ὑπολάϐῃς,
2904 3586 3089 3656 φησὶν,
3122 3585 3205 3638 ὅτι
3232 3587 3261 3638 ό
3286 3584 3439 3638 δεῖνά
3468 3600 3562 3637 σου
3596 3582 3712 3652 μεί-

2149 3683 2256 3747 ζων
2283 3681 2430 3745 ἐστὶ,
2467 3680 2560 3733 καὶ
2604 3677 2764 3731 τοῦτο
2796 3675 2989 3747 πείσῃς
3021 3673 3244 3738 σαυτὸν,
3277 3671 3478 3743 μᾶλλον
3521 3671 3579 3724 δὲ
3616 3671 3713 3723 οὑκ

2148 3775 2242 3826 ἑάν
2274 3771 2435 3842 εἴπῃς
2467 3770 2646 3841 μόνον,
2674 3767 2808 3821 ἀλλά
2828 3766 2922 3820 καὶ
2957 3764 3397 3836 πληροφορηθῇς,
3423 3763 3715 3832 ἀπονέμεις

2149 3863 2297 3935 αὑτῷ
2330 3863 2425 3917 καὶ
2450 3861 2548 3931 τὴν
2582 3859 2746 3930 τιμήν
2766 3874 2780 3888 ·
2828 3858 2878 3910 εί
2910 3856 2968 3910 δὲ
3002 3858 3065 3909 σὺ
3103 3855 3397 3925 ἀπονέμεις
3436 3852 3587 3923 αὑτῷ
3618 3852 3715 3922 τὴν

2146 3955 2389 4025 τιμὴνι,
2420 3953 2521 4005 οὑκ
2552 3949 2950 4019 ἀγανακτήσεις
2976 3946 3117 4017 ὁρῶν
3155 3945 3317 4000 αὑτὸν
3355 3945 3484 4014 παρ’
3529 3944 3713 4014 ἑτέρου

2150 4047 2476 4118 τιμώμενον.
2523 4045 2616 4116 Μὴ
2671 4041 2849 4096 τοίνυν
2899 4039 3085 4101 ἁπλῶς
3116 4038 3307 4109 νόμιζε
3354 4035 3579 4106 μείζονά
3621 4050 3713 4085 σου

2106 4162 2111 4165 ·
2151 4134 2308 4201 εἶναι,
2345 4137 2479 4191 ἀλλά
2509 4136 2600 4190 καὶ
2626 4132 2934 4204 ὑπερέχειν,
2969 4131 3106 4201 ὅπερ
3134 4129 3249 4182 ἐστὶ
3283 4127 3520 4198 σφοδρᾶς
3545 4127 3714 4194 ὑπερ-

2153 4228 2334 4298 ϐολῆς,
2356 4226 2450 4279 καὶ
2478 4226 2539 4278 οὑ
2565 4222 2853 4292 ξενισθήσῃ
2872 4218 3180 4291 τιμώμενον
3211 4217 3374 4289 ὁρῶν,
3405 4215 3525 4269 οὑδέ
3548 4214 3717 4282 ἀλγή-

2155 4337 2268 4382 σεις
2291 4335 2306 4351 ο
2331 4316 2435 4370 κᾶν
2461 4315 2681 4387 ὑϐρίσῃ,
2706 4313 2873 4376 οίσεις
2899 4310 3162 4381 γενναίως
3181 4326 3196 4342 ·
3230 4306 3453 4379 μείζονα
3485 4305 3595 4376 γάρ
3624 4319 3714 4357 σου

2153 4410 2316 4464 αὑτὸν
2354 4407 2677 4477 νενόμικας’
2722 4403 2827 4456 κᾶν
2865 4402 3105 4472 λοιδορῇ,
3146 4398 3345 4470 πείθῃ,
3376 4396 3482 4451 κᾶν
3521 4396 3716 4462 ποιήσῃ

2156 4501 2340 4564 κακῶς
2358 4539 2373 4565 ,
2422 4498 2607 4568 φέρεις
2636 4496 2783 4565 σιγῇ.
2812 4492 2982 4546 Ὅταν
3016 4490 3127 4559 7&9
3155 4487 3302 4552 ἅπαξ
3332 4480 3715 4555 πληροφορηθῇ

2154 4595 2188 4664 ἡ
2217 4591 2363 4662 ψυχὴ
2388 4631 2403 4655 ,
2441 4589 2524 4642 ὅτι
2567 4585 2768 4656 μείζων
2802 4582 2971 4643 ἐστὶν,
3010 4582 3112 4634 οὑκ
3152 4580 3232 4642 είς
3259 4576 3432 4648 ὀργὴν
3459 4573 3718 4664 ἰμπίπτει

2156 4685 2213 4736 ἐν
2237 4676 2317 4744 οἷς
2353 4679 2419 4732 ἂν
2463 4675 2592 4747 παρ’
2621 4672 2784 4728 αὑτοῦ
2827 4672 2974 4743 πάθῃ
3008 4668 3214 4732 κακῶς,
3247 4668 3349 4721 οὐκ
3392 4667 3474 4729 είς
3519 4663 3719 4736 βασκα-

2155 4772 2293 4824 νίαν.
2330 4769 2455 4830 Τοῖς
2490 4765 2600 4835 7&9
2629 4763 2832 4833 σφόδρα
2857 4760 3215 4831 ὑπερέχουσιν
3236 4755 3410 4818 οὐδεὶς
3433 4754 3501 4808 ἂν
3531 4752 3721 4824 φθονήο

2157 4877 2270 4914 σειε
2292 4876 2306 4890 ·
2333 4859 2432 4928 τῆς
2457 4857 2564 4924 7&9
2589 4852 2861 4925 ὑπεροχῆς
2888 4850 2957 4903 τά
2987 4849 3161 4903 πάντα
3193 4848 3429 4917 ἡγεῖται.

2227 4950 2291 5021 β’.
2310 4946 2574 5001 Ἐνταῦθα
2586 4944 2685 5014 μὲν
2695 4939 2787 4997 οῦν
2801 4939 2986 4995 τοῦτον
2998 4939 3152 4993 παιδε
3159 4937 3213 4990 ύε
3223 4955 3239 4990 ι
3249 4935 3391 4990 οὑτω
3400 4930 3717 4987 διακεῖσθαι.

2158 5044 2326 5094 Ὅταν
2352 5039 2408 5092 δὲ
2433 5038 2684 5099 κάκεῖνος
2713 5036 2742 5088 ὁ
2764 5031 3034 5101 τοσαύτης
3063 5027 3355 5083 ἀπολαύων
3382 5027 3551 5097 τιμῆς
3577 5023 3723 5091 παρά

2159 5130 2252 5185 σοῦ
2274 5169 2288 5191 ,
2321 5128 2517 5198 φησὶν,
2548 5122 2692 5178 οὕτω
2722 5121 2856 5194 πρὸς
2892 5120 2949 5173 σὲ
2989 5116 3293 5187 διακέηται,
3329 5113 3581 5183 ἐννόησον
3611 5109 3723 5171 πῶς

2156 5221 2329 5292 τεῖχός
2362 5222 2475 5273 ἐστι
2512 5213 2732 5270 διπλοῦν
2774 5211 3093 5274 ἐπιεικείας.
3131 5209 3300 5261 Ὅταν
3336 5203 3447 5275 7&9
3493 5204 3558 5256 σὺ
3593 5201 3725 5261 τέως

2160 5312 2353 5381 ἂξιονδ
2380 5309 2544 5379 τιμῆς
2579 5305 2706 5377 ἔχῃς
2725 5347 2742 5374 ,
2780 5304 3029 5365 κάκεῖνος
3064 5300 3258 5364 οὑτως,
3281 5295 3433 5351 οὐδὲν
3473 5292 3723 5347 οὐδέποτε

2221 5457 2245 5484 ⁸
2274 5453 2458 5504 Aberat
2478 5462 2682 5508 comma,
2706 5448 2745 5497 εὶ
2769 5446 2819 5495 δὲ
2842 5444 2960 5495 σὺ...
2981 5442 3137 5505 τιμήν,
3162 5452 3191 5490 e
3215 5436 3450 5490 Commel.
3481 5441 3539 5484 et
3576 5431 3704 5484 Savil

2157 5520 2445 5576 repetitum.

2222 5556 2709 5636 ἵιὲδῖιῖιεεεηάυηι
2729 5569 2858 5627 ἄξιον
2886 5565 3046 5628 αὑτόν,
3071 5567 3125 5613 ει
3149 5573 3261 5612 mox
3286 5559 3439 5613 οὕτως
3458 5556 3535 5605 σι.
