4030 6204
376 361 475 428 213

1260 353 1326 410 IN
1369 351 1582 408 EPIST.
1626 350 1717 406 AD
1757 347 2044 405 PHILIPP.
2087 344 2239 404 CAP.
2282 347 2347 404 ll.
2392 351 2618 408 HOMIL.
2666 353 2730 407 ν.

3544 355 3651 411 «ιιι

373 605 501 664 Car.
526 606 585 660 ‘2.
607 622 662 660 v.
688 607 741 660 1.
773 606 834 658 Si
857 620 955 674 qua
979 618 1099 674 ergo
1119 598 1397 655 consolatio
1423 598 1477 650 in
1497 582 1717 652 Christo.
1746 591 1789 645 si
1816 588 1954 658 quod

442 700 681 754 solatium
710 697 951 759 caritatis,
983 695 1028 748 si
1049 710 1149 763 qua
1179 691 1390 746 societas
1417 688 1645 758 spiritus,
1676 684 1721 739 si
1753 699 1854 753 qua
1881 682 1952 735 iii-

330 789 338 850 i
443 806 584 844 scera
612 798 660 842 et
684 787 1029 841 miserationes
1059 799 1078 841 :
1105 783 1159 837 2.
1188 782 1392 850 implete
1419 779 1660 850 gaudium
1690 781 1874 838 meum,
1897 781 1954 826 ut

335 865 342 910 ξ
443 883 574 936 idem
589 880 818 951 sapiatis,
851 877 1078 932 eamdem
1103 875 1363 929 caritatem
1393 871 1646 928 habentes.
1665 866 1950 929 unanimes,

441 975 659 1044 idipsum
688 973 939 1040 sapientes
969 985 986 1022 :
1013 969 1066 1024 5.
1100 967 1230 1020 nihil
1256 982 1346 1035 per
1371 961 1762 1020 contentionem,
1795 971 1954 1026 neque

438 1084 526 1136 per
547 1067 750 1119 inanem
778 1063 1017 1134 gloriam,
1055 1059 1145 1115 sed
1168 1060 1221 1112 in
1249 1056 1531 1111 humilitate
1555 1052 1838 1122 superiores
1859 1047 1954 1101 sibi

433 1159 646 1211 invicem
670 1150 978 1210 arbitrantes
999 1167 1018 1205 :
1043 1153 1095 1206 4.
1143 1165 1244 1204 ηοη
1292 1162 1408 1218 qua:
1442 1161 1538 1200 sua
1566 1151 1714 1204 sunt,
1761 1136 1952 1208 singuli

433 1247 769 1310 considerate,
799 1241 888 1299 sed
916 1253 962 1297 et
983 1259 1041 1297 ea
1069 1257 1182 1310 qute
1207 1237 1448 1303 aliorum,
1477 1233 1839 1305 unusquisque.

434 1341 490 1394 1.
520 1333 667 1394 Nihil
713 1336 935 1402 melius,
975 1330 1108 1388 nihil
1154 1331 1207 1386 in
1243 1339 1425 1384 amore
1456 1325 1693 1382 tenerlus
1729 1322 1951 1376 doctore

363 1429 671 1502 spirituali:
698 1426 890 1499 quovis
915 1425 1141 1480 naturali
1167 1431 1318 1495 patre
1343 1421 1599 1491 majorem
1622 1413 1949 1472 benevolen-

365 1525 494 1577 tiam
516 1529 755 1592 praestat.
787 1516 1036 1582 Attende,
1065 1515 1310 1578 obsecro,
1334 1527 1490 1584 quam
1517 1509 1834 1580 suppliciter
1857 1523 1950 1577 pe-

363 1623 442 1669 tat
469 1629 498 1668 a
527 1611 960 1682 Philippensibus
989 1625 1049 1664 ea
1073 1623 1190 1678 qua:
1210 1622 1241 1662 e
1271 1622 1331 1662 re
1353 1606 1586 1676 ipsorum
1612 1609 1783 1657 erant.
1808 1599 1946 1668 Quid

360 1707 510 1760 enim
546 1704 677 1759 dicit
705 1702 770 1757 ad
809 1701 1150 1757 concordiam
1177 1701 1414 1755 omnium
1446 1697 1708 1751 bonorum
1728 1703 1946 1748 causam

357 1795 697 1852 cohortans?
721 1806 772 1850 et
789 1795 928 1860 vide,
946 1808 1105 1863 quam
1127 1792 1366 1862 cepiose,
1389 1804 1546 1860 quam
1573 1787 1942 1855 vehementer,

355 1895 564 1957 quanto
590 1902 712 1940 cum
737 1884 929 1940 affectu
959 1901 974 1938 :
1001 1882 1063 1939 Si
1087 1898 1188 1954 qua
1204 1898 1324 1952 ergo
1345 1879 1624 1935 consolatio
1641 1879 1695 1934 in
1720 1877 1940 1944 Christo,

354 1974 554 2050 inquit.
575 1975 632 2033 ld
650 1987 751 2042 est,
767 1978 821 2031 Si
846 1976 970 2046 quid
992 1975 1200 2030 habetis
1222 1973 1607 2030 consolationis
1631 1973 1682 2027 in
1705 1972 1941 2037 Christo;

351 2067 582 2142 perinde
620 2083 684 2125 ac
710 2069 756 2124 si
785 2064 1025 2123 diceret:
1052 2065 1110 2123 Si
1141 2081 1300 2138 quam
1329 2065 1432 2121 mei
1457 2066 1716 2120 rationem
1740 2065 1905 2120 habes
1923 2103 1940 2129 ,

349 2165 394 2219 si
422 2177 536 2231 qua
569 2157 662 2214 tibi
685 2159 789 2213 mei
819 2173 968 2225 cura,
991 2158 1035 2212 si
1061 2157 1187 2228 quid
1216 2158 1352 2212 bene
1382 2172 1636 2227 umquam
1658 2156 1727 2212 de
1754 2167 1807 2212 te
1831 2171 1943 2210 me-

347 2257 452 2318 rui,
488 2255 595 2308 hoc
616 2252 798 2306 facito.
829 2249 938 2306 llac
963 2264 1094 2306 vero
1119 2251 1378 2306 orationis
1411 2250 1575 2321 ﬁgura
1603 2251 1656 2304 in
1681 2248 1944 2304 movendo

345 2343 554 2401 affectu
583 2340 804 2409 utimur,
838 2342 880 2398 si
912 2343 1038 2414 quid
1065 2343 1436 2413 postulandum
1466 2343 1556 2407 sit,
1609 2342 1748 2412 quod
1779 2350 1942 2396 caete-

343 2439 420 2493 ris
449 2436 712 2493 omnibUs
744 2451 1138 2506 prmponamus.
1170 2429 1300 2490 Nam
1333 2436 1432 2491 nisi
1460 2435 1707 2490 omnibus
1737 2447 1944 2504 praepes

344 2542 639 2594 neremns,
694 2543 796 2582 non
839 2535 905 2583 eo
936 2543 1041 2582 uno
1071 2527 1355 2597 impetralo
1383 2525 1619 2581 omnium
1661 2525 1816 2580 nobis
1842 2540 1940 2579 ex-

347 2617 606 2674 haustam
653 2630 774 2674 esse
822 2615 1126 2674 mercedem
1177 2618 1471 2686 vellemus,
1528 2633 1626 2673 nec
1675 2633 1768 2687 per
1809 2617 1938 2672 illud

343 2713 654 2769 diceremus
676 2709 935 2782 quidquid
957 2711 1112 2766 nobis
1135 2709 1452 2777 debebatur,
1481 2725 1602 2766 esse
1630 2724 1934 2780 repraasen—

345 2809 540 2857 talum.
567 2803 673 2858 Sed
702 2817 798 2858 nos
823 2802 1039 2874 quidem
1057 2803 1294 2858 carnalia
1312 2799 1575 2860 beneﬁcia
1601 2817 1932 2858 commemo-

345 2909 535 2951 ramus
568 2914 580 2948 :
613 2906 669 2951 ut
697 2898 740 2951 si
781 2910 933 2967 pater
962 2913 1086 2970 erga
1123 2900 1288 2953 ﬁlium
1329 2899 1573 2967 diceret,
1620 2901 1674 2957 Si
1707 2917 1808 2973 qua
1840 2902 1931 2958 tibi

347 2987 654 3041 reverentia
687 3000 809 3058 erga
849 3000 1053 3060 patrem
1077 3031 1090 3054 ,
1115 2991 1159 3044 si
1206 3006 1307 3062 qua
1339 2991 1700 3061 educationis,
1756 2992 1802 3048 si
1830 3010 1932 3066 qua

349 3077 570 3146 pictatis
593 3090 714 3148 erga
735 3095 839 3141 me.
860 3081 902 3134 si
925 3097 1026 3151 qua
1051 3081 1269 3137 honoris
1291 3098 1450 3153 quem
1471 3099 1536 3140 ex
1557 3098 1642 3140 me
1663 3100 1722 3141 es
1744 3100 1933 3144 conse-

345 3179 571 3238 quutus,
602 3170 650 3225 si
677 3187 778 3241 qua
805 3173 1188 3229 benevolentia:
1209 3178 1488 3240 memoria,
1517 3193 1646 3249 rogo
1669 3186 1742 3246 te,
1771 3195 1838 3236 ne
1855 3180 1930 3237 sis

347 3260 606 3318 inimicus
633 3263 810 3329 fratri;
844 3264 943 3320 hoc
967 3269 1070 3333 est,
1099 3279 1195 3336 pro
1222 3263 1469 3323 omnibus
1489 3268 1592 3326 illis
1619 3270 1755 3328 hanc
1773 3273 1931 3344 exigo

347 3350 681 3410 mercedem.
719 3349 825 3410 Sed
849 3372 954 3411 non
980 3357 1049 3411 ita
1083 3355 1314 3415 Paulus:
1346 3359 1477 3415 nihil
1504 3364 1670 3430 cnim,
1697 3365 1838 3432 quod
1863 3364 1928 3418 ad

342 3458 560 3500 carnem
594 3447 888 3516 pertineat,
935 3442 1128 3520 redigit
1166 3449 1233 3506 ad
1264 3453 1599 3518 memoriam,
1623 3455 1717 3510 sed
1747 3457 1924 3511 omnia

341 3536 668 3604 spiritualia.
699 3540 852 3607 Quod
876 3550 1055 3597 autem
1085 3542 1248 3610 dicit,
1280 3538 1384 3601 tale
1410 3553 1494 3602 est
1523 3565 1536 3601 :
1565 3547 1618 3603 Si
1639 3548 1765 3618 quid
1797 3545 1928 3604 mihi

344 3625 524 3680 solatii
551 3625 707 3682 vultis
734 3631 786 3684 in
818 3634 1200 3690 tentationibus
1221 3635 1433 3700 aﬂ'errc,
1461 3654 1652 3708 meque
1680 3655 1926 3697 recreare

345 3723 402 3777 in
431 3724 668 3792 Christo,
696 3725 741 3784 si
777 3749 932 3800 quam
958 3736 1374 3792 consolationem
1405 3739 1667 3805 caritatis,
1698 3741 1740 3794 si
1773 3739 1927 3809 quid-

340 3830 508 3885 quam
533 3818 648 3888 ejus
678 3826 1068 3880 conununionis
1091 3843 1208 3897 qua:
1227 3830 1278 3884 in
1305 3831 1496 3900 spiritu
1527 3842 1630 3897 cst,
1661 3833 1819 3888 vultis
1840 3850 1927 3890 os-

338 3910 605 3978 tendere,
637 3913 680 3968 si
708 3932 810 3985 qua
846 3916 1049 3973 habetis
1079 3921 1274 3977 viscera
1299 3933 1350 3978 et
1393 3923 1777 3980 misericordia:
1801 3940 1922 3980 seu-

333 4013 481 4070 sum,
520 4003 740 4075 implete
767 4024 943 4063 meum
968 4012 1238 4080 gaudium.
1273 4014 1332 4070 Si
1361 4033 1460 4084 qua
1491 4019 1680 4070 uiscera
1706 4027 1751 4071 et
1774 4019 1921 4072 misc-

333 4095 584 4152 rationes.
627 4092 1022 4155 Miserationcm
1068 4103 1167 4158 sibi
1197 4101 1494 4160 exhibitam
1539 4117 1697 4162 vocat
1733 4108 1925 4163 Paulus

333 4184 727 4257 discipulorum
763 4191 1104 4247 concordiam
1127 4236 1142 4259 ,
1191 4192 1483 4251 ostendens
1525 4213 1789 4254 sumnmm
1827 4201 1925 4255 im-

335 4278 544 4332 minere
579 4281 912 4349 periculum,
963 4284 1064 4339 nisi
1109 4287 1410 4342 concordes
1436 4288 1653 4344 fuerint.
1703 4291 1759 4344 Si
1797 4292 1922 4362 quid

335 4370 509 4436 mihi,
557 4373 761 4444 inquit,
806 4377 985 4431 solatii
1012 4393 1040 4431 a
1069 4378 1219 4434 vobis
1246 4381 1667 4450 exspectandum
1695 4391 1776 4437 est
1800 4423 1814 4447 ,
1878 4385 1922 4436 si

333 4459 463 4526 quid
506 4467 887 4522 conSolationis
917 4483 984 4523 ex
1016 4479 1190 4523 vestra
1214 4471 1439 4526 caritate
1463 4483 1737 4542 reportare
1760 4475 1920 4537 licet;

330 4551 377 4603 si
408 4555 613 4620 possim
637 4557 906 4613 vobiscum
936 4563 1333 4617 communicare
1365 4564 1421 4618 in
1448 4566 1660 4634 spiritu,
1697 4565 1741 4620 si
1771 4581 1921 4620 com-

317 4644 624 4711 ;municarc
655 4649 924 4705 vobiscum
960 4651 1011 4705 in
1037 4653 1301 4720 Domino;
1333 4656 1376 4709 si
1409 4671 1511 4726 qua
1542 4655 1670 4710 mihi
1707 4671 1736 4711 a
1773 4658 1923 4713 vobis

331 4734 711 4792 misericordia
738 4749 791 4794 et
815 4743 1208 4798 commiseratio
1236 4747 1533 4815 przestanda
1554 4756 1653 4811 est,
1685 4749 1920 4802 omnium

331 4825 528 4882 harum
571 4846 751 4888 rerum
797 4835 1096 4892 mercedem
1131 4840 1182 4892 in
1214 4841 1440 4896 caritate
1465 4842 1578 4911 ipsa
1615 4841 1806 4896 tuenda
1834 4858 1922 4898 re-

328 4930 679 4985 przcsentate.
708 4924 847 4980 Satis
871 4927 1000 4982 mihi
1019 4942 1048 4982 a
1073 4930 1222 4984 vobis
1244 4931 1438 4986 factum
1465 4947 1604 4995 esse,
1637 4933 1922 5003 omniaque

322 5021 728 5080 consequutum
764 5017 984 5085 putabo,
1011 5019 1054 5073 si
1084 5037 1176 5074 vos
1202 5033 1392 5077 mutuo
1422 5025 1749 5079 amaveritis.
1804 5024 1922 5078 Im-

319 5100 455 5167 plete
482 5106 732 5172 gaudium
763 5124 950 5161 meum.
983 5110 1056 5162 Ne
1088 5127 1208 5180 qu:e
1236 5113 1386 5178 dicit,
1411 5115 1792 5169 admonitionis
1816 5117 1920 5168 vim

319 5192 527 5250 habere
559 5198 903 5265 viderentur,
933 5204 1084 5270 quasi
1119 5205 1195 5258 illi
1221 5205 1331 5275 jam
1364 5208 1430 5261 ab
1456 5207 1634 5261 ofﬁcio
1659 5207 1922 5263 decessis-

317 5295 461 5351 sent,
486 5304 599 5343 non
630 5291 702 5344 ita
731 5292 879 5357 dicit,
913 5294 1097 5351 Facite
1122 5299 1278 5364 mihi,
1308 5299 1426 5362 sed,
1466 5298 1713 5369 lmplete;
1740 5300 1790 5353 id
1814 5309 1916 5362 est,

315 5377 574 5449 Cmpistis
599 5383 714 5452 jam
745 5386 795 5438 iu
820 5402 907 5441 me
932 5403 1135 5457 serere,
1157 5391 1267 5460 jam
1293 5392 1421 5445 mihi
1451 5393 1694 5458 dedistis,
1719 5393 1918 5447 utsatis

316 5470 531 5540 quietus
561 5474 690 5537 sim,
722 5477 814 5530 sed
841 5479 906 5532 ad
939 5480 1096 5534 ﬁnem
1132 5484 1415 5550 pervenire
1457 5483 1727 5537 desidero.
1777 5483 1918 5551 Quid

317 5560 601 5620 desideras
621 5607 636 5630 ,
666 5566 752 5621 dic
782 5570 957 5623 mihi?
1003 5581 1059 5624 ut
1089 5582 1138 5626 te
1167 5589 1194 5626 a
1227 5575 1476 5641 periculis
1502 5575 1833 5630 liberemus?
1863 5585 1918 5628 ut

317 5653 410 5707 tibi
429 5658 712 5728 quidpiam
736 5661 1179 5729 suppeditcmus?
1205 5664 1340 5718 Nihil
1363 5666 1687 5733 hujusmodi,
1720 5666 1912 5736 inquit,

316 5746 408 5801 Sed
455 5749 528 5805 Ut
571 5767 664 5806 vos
708 5752 842 5805 idem
872 5755 1084 5821 sapiatis
1110 5756 1335 5810 eamdem
1364 5757 1599 5813 habentes
1629 5761 1914 5829 caritatem,

658 5847 931 5914 Parnm.
980 5852 1096 5912 Gn.
1147 5854 1336 5917 LXII.

2067 590 2120 644 in
2147 605 2249 660 qua
2279 593 2554 662 cmpiStis,
2598 593 2889 657 unanimes,
2939 607 3095 646 unum
3133 594 3405 663 sapientes.
3460 595 3644 664 Papml

2063 683 2273 751 quoties
2301 683 2442 738 idem
2471 686 2666 755 repetit
2708 699 2773 740 ex
2820 701 3012 757 magno
3049 687 3278 757 quodam
3320 687 3546 741 affectu!
3579 686 3649 741 Ut

2061 773 2195 830 idem
2218 779 2452 846 sapiatis,
2482 779 2672 848 inquit,
2699 779 2806 832 into
2835 791 2964 834 vero
2997 789 3054 834 ιιι
3082 792 3242 834 unum
3265 782 3503 850 sapiatis.
3533 781 3648 834 lloc

2063 868 2205 922 enim
2240 868 2587 939 progrediens
2613 870 2851 945 ostenth
2875 872 3053 927 verbis
3081 874 3186 927 illis
3208 916 3220 938 ,
3249 872 3416 927 Unum
3443 873 3647 944 sapien-

2062 968 2134 1012 tes
2157 976 2176 1013 :
2213 961 2352 1029 quod
2386 960 2556 1030 majus
2575 961 2866 1032 quidquam
2897 972 2978 1017 est
3000 1005 3014 1027 ,
3045 979 3206 1033 quam
3246 965 3385 1018 idem
3432 979 3638 1034 sapere.

2061 1049 2308 1104 Eamdcm
2353 1053 2615 1106 caritatem
2661 1053 2944 1109 habentes:
3000 1055 3048 1107 id
3101 1063 3326 1118 cst;non
3359 1065 3562 1110 tantum
3589 1056 3643 1109 in

2059 1143 2199 1197 nuda
2224 1143 2348 1207 ﬁde,
2378 1143 2472 1198 sed
2505 1144 2557 1198 in
2588 1145 2802 1198 caeteris
2830 1145 2990 1198 etiam
3025 1145 3276 1198 omnibus
3305 1145 3483 1200 rebus.
3515 1146 3645 1200 Pos-

2058 1249 2244 1290 sumus
2263 1236 2405 1290 enim
2432 1244 2486 1290 et
2514 1235 2655 1289 idem
2679 1250 2890 1304 sapere,
2915 1246 2970 1290 et
2989 1237 3266 1290 caritatem
3284 1252 3389 1290 non
3419 1236 3638 1292 habere.

2058 1329 2307 1384 Eamdem
2331 1331 2594 1383 caritatem
2615 1329 2852 1384 habentes
2881 1345 2898 1383 :
2926 1328 2975 1383 id
3004 1339 3107 1392 est,
3132 1343 3283 1398 teque
3309 1339 3363 1382 et
3387 1344 3569 1383 amare
3586 1339 3643 1384 et

2056 1424 2247 1478 amari.
2277 1422 2427 1484 Noli.
2459 1429 2578 1477 cum
2621 1438 2806 1493 magna
2832 1423 3056 1476 aliorum
3087 1422 3138 1476 in
3168 1430 3220 1476 te
3246 1423 3470 1476 caritate
3495 1420 3642 1475 frua-

2058 1515 2132 1568 ris
2153 1555 2168 1580 ,
2197 1515 2461 1568 minorem
2502 1514 2635 1584 ipsis
2659 1522 2912 1582 praestare
2932 1555 2946 1573 .
2980 1513 3130 1582 quasi
3164 1513 3263 1567 hac
3297 1515 3458 1568 etiam
3499 1514 3553 1567 in
3580 1528 3640 1567 re

2057 1607 2173 1676 plus
2195 1616 2349 1678 teque
2377 1607 2469 1662 tibi
2501 1614 2741 1676 appetas.
2766 1599 2913 1676 _Nam
2942 1606 2984 1659 si
3018 1606 3258 1659 nonnum
3291 1607 3524 1676 suntqui
3553 1605 3635 1660 fa-

2052 1699 2218 1764 ciant,
2249 1709 2302 1753 tu
2328 1699 2376 1754 id
2409 1698 2459 1754 in
2491 1708 2542 1752 te
2565 1698 2758 1752 cadere
2787 1698 2934 1752 nullo
2953 1707 3112 1767 pacto
3141 1697 3302 1767 I'cras.
3335 1697 3634 1760 Unanimes.

2053 1794 2223 1863 inquit
2249 1812 2262 1847 :
2295 1789 2344 1846 id
2371 1797 2471 1855 est,
2501 1793 2589 1846 uni
2617 1791 2809 1845 anima:
2831 1792 3070 1845 omnium
3096 1803 3318 1860 corpora
3343 1792 3492 1861 quasi
3513 1806 3635 1860 pro-

2054 1883 2170 1953 pria
2202 1881 2674 1938 accommodantes
2695 1924 2709 1948 ,
2768 1898 2872 1936 non
2895 1882 3112 1952 quidem
3146 1883 3442 1937 substantia
3479 1884 3632 1952 ipsa;

2052 1989 2172 2028 nam
2199 1974 2250 2028 id
2283 1974 2394 2028 ﬁeri
2437 1988 2542 2028 non
2588 1981 2796 2044 potest;
2825 1974 2919 2028 sed
2947 1975 3210 2030 electione
3233 1985 3287 2028 et
3317 1975 3583 2031 sententia
3615 1992 3630 2028 :

2049 2067 2199 2135 quasi
2226 2081 2290 2120 ex
2316 2081 2415 2120 una
2459 2067 2632 2120 anima
2665 2067 2842 2120 omnia
2877 2065 3304 2136 proﬁciscantur.
3352 2068 3486 2133 Quid
3509 2076 3630 2130 est.

2054 2156 2372 2212 Unanimes?
2401 2158 2510 2213 lloc
2539 2159 2828 2214 declaravit.
2854 2159 3086 2225 addens,
3126 2159 3295 2214 Unum
3341 2161 3590 2228 sapientes
3613 2176 3634 2214 .'

2050 2249 2264 2304 unicum
2297 2251 2440 2304 enim
2468 2251 2580 2304 vult
2612 2264 2733 2306 esse
2763 2251 3001 2305 omnium
3030 2267 3243 2306 sensum
3269 2292 3284 2318 ,
3330 2253 3548 2322 perinde
3567 2267 3631 2305 ac

2049 2343 2092 2396 si
2129 2357 2191 2396 ex
2233 2353 2334 2396 una
2365 2343 2539 2396 anima
2581 2344 2895 2412 penderent.
2947 2345 3095 2398 Nihil
3123 2354 3214 2414 per
3240 2349 3626 2403 contentionem.

2052 2433 2221 2504 Rogat
2252 2434 2444 2490 deinde
2485 2444 2538 2489 et
2566 2436 2786 2504 crponit
2820 2437 3034 2491 modum
3065 2453 3172 2508 quo
3218 2439 3270 2492 id
3325 2440 3448 2505 ﬁat;
3483 2439 3631 2493 Nihil

2046 2546 2133 2600 per
2157 2530 2522 2582 contentionem
2553 2529 2630 2582 vel
2653 2529 2854 2582 inanem
2878 2520 3114 2600 gloriam,
3149 2531 3338 2602 inquit.
3363 2531 3515 2600 Quod
3544 2537 3628 2600 ip-

2043 2638 2160 2679 sum
2176 2633 2388 2692 semper
2405 2622 2525 2677 dico
2543 2620 2803 2678 malorum
2823 2624 3058 2678 omnium
3083 2639 3203 2679 esse
3224 2633 3441 2679 cansam
3464 2642 3475 2676 :
3503 2623 3628 2678 hinc.

2044 2729 2232 2786 pugnae
2254 2725 2308 2770 et
2333 2716 2471 2780 lites,
2498 2715 2622 2769 hinc
2648 2715 2843 2769 invidia
2871 2725 2924 2769 et
2952 2716 3197 2770 vincendi
3220 2717 3475 2777 studium,
3504 2717 3628 2771 hinc

2041 2809 2280 2863 caritatis
2309 2807 2688 2877 refrigeratio;
2736 2823 2855 2863 cum
2905 2809 3178 2863 hominum
3215 2811 3440 2879 gloriam
3476 2826 3626 2864 ama-

2041 2915 2182 2967 mus,
2211 2915 2332 2954 cum
2365 2901 2555 2955 lienori
2585 2943 2599 2963 ,
2627 2902 2714 2970 qui
2747 2916 2777 2956 a
2807 2902 2990 2957 multis
3011 2903 3314 2968 exhibetur,
3341 2908 3622 2968 servimus,

2041 3000 2166 3047 tunc
2193 2987 2371 3047 omnia
2416 2991 2530 3048 haec
2555 2993 2834 3048 accidunt:
2870 2994 3089 3050 minimc
3113 2998 3254 3049 cnim
3294 2996 3371 3051 fas
3398 3008 3478 3052 est
3505 2999 3626 3069 glo-

2042 3085 2136 3140 ria:
2161 3087 2486 3140 servientem
2515 3127 2529 3150 ,
2575 3087 2664 3140 Dei
2693 3085 2852 3140 etiam
2884 3096 3200 3157 germanum
3229 3103 3350 3142 esse
3373 3105 3584 3144 servum
3607 3130 3621 3144 .

2039 3179 2154 3247 Qua
2183 3179 2344 3250 igitur
2372 3181 2580 3234 ratione
2609 3171 2712 3234 hoc
2747 3181 2917 3234 inanis
2943 3181 3129 3250 gloria:
3170 3181 3402 3235 studium
3431 3183 3626 3252 fugeri-

2038 3269 2452 3327 mus?nondum
2483 3273 2625 3328 enim
2655 3272 2798 3326 illam
2819 3273 3133 3341 exposuisti.
3162 3273 3293 3326 Audi
3318 3275 3620 3343 sequentia:

2041 3365 2149 3419 Sed
2170 3365 2222 3420 in
2254 3365 2557 3430 humilitate,
2589 3361 2780 3433 inquit,
2813 3363 3098 3432 superiores
3127 3361 3220 3416 sibi
3249 3365 3460 3417 invicem
3489 3365 3624 3417 orbi-

2037 3467 2245 3511 trantes.
2280 3457 2435 3526 Papm
2461 3455 2474 3510 l
2504 3455 2772 3526 quomodo
2797 3455 3011 3524 plenum
3042 3454 3388 3523 philosophiae
3406 3455 3619 3524 dogma,

2035 3558 2090 3603 et
2119 3547 2185 3602 ad
2217 3555 2456 3601 nostram
2489 3546 2714 3601 salutem
2754 3545 3071 3600 mirabiliter
3106 3544 3408 3600 conducens
3452 3562 3620 3617 expo-

2034 3639 2173 3694 suit!
2203 3631 2258 3693 Si
2289 3637 2643 3704 existimaris,
2673 3638 2875 3708 inQuit,
2906 3637 3054 3691 illum
3094 3647 3144 3692 te
3173 3637 3428 3706 majorem
3460 3653 3579 3693 esse
3603 3681 3617 3698 .

2036 3721 2196 3800 idque
2239 3729 2329 3783 tibi
2371 3730 2468 3799 ipsi
2495 3731 2857 3799 persuaseris;
2905 3730 3194 3798 autpotius
3227 3731 3268 3782 si
3305 3745 3410 3784 non
3447 3731 3618 3783 solum

2033 3820 2253 3886 dixeris,
2280 3820 2372 3875 sed
2404 3821 2563 3874 etiam
2588 3820 2949 3886 persuasionis
2981 3820 3132 3874 istius
3165 3820 3374 3890 plenus,
3411 3821 3618 3875 honore

2032 3927 2244 3984 quoque
2285 3911 2450 3968 fueris
2496 3921 2873 3982 preseqttutus,
2907 3913 3126 3967 minime
3175 3913 3547 3978 sncccnsebis,
3573 3914 3618 3967 si

2035 4007 2133 4078 ipsi
2163 4006 2232 4062 ab
2262 4005 2370 4061 alio
2413 4006 2666 4061 tributum
2695 4003 2895 4060 videas.
2933 4005 3095 4075 igitur
3124 4023 3228 4059 non
3268 4016 3468 4060 tantum
3500 4008 3617 4060 cxi-

2030 4102 2188 4156 stima
2220 4100 2365 4156 illum
2395 4109 2444 4156 te
2472 4099 2730 4170 majorem
2770 4115 2913 4163 esse,
2951 4099 3043 4152 sed
3067 4099 3227 4152 etiam
3261 4101 3614 4168 superiorem.

2031 4208 2148 4263 qua:
2185 4209 2288 4248 vox
2325 4208 2570 4262 magnam
2603 4190 2961 4261 prmstantiam
3012 4189 3237 4252 indicat;
3265 4201 3315 4242 et
3347 4205 3450 4243 non
3475 4205 3615 4258 (πετο

2032 4284 2172 4338 feres
2200 4299 2372 4354 neque
2402 4283 2628 4348 dolebis,
2667 4282 2712 4335 si
2741 4281 2887 4334 illum
2927 4280 2978 4334 in
3018 4277 3222 4334 honore
3250 4296 3368 4335 esse
3400 4280 3613 4343 videas;

2029 4384 2084 4428 ct
2113 4377 2155 4428 si
2195 4374 2571 4428 contumeliam
2626 4373 2898 4437 intulerit,
2927 4382 3187 4443 generose
3233 4372 3409 4428 feres:
3444 4374 3614 4442 ipsum

2031 4467 2174 4522 enim
2207 4467 2460 4532 majorem
2486 4469 2536 4519 le
2567 4464 2916 4519 existimasti:
2955 4463 3072 4517 etsi
3097 4465 3351 4516 conviciis
3377 4465 3620 4533 appetie-

2032 4560 2134 4619 rit,
2162 4572 2365 4610 morem
2416 4571 2609 4626 geres;
2641 4565 2691 4608 ct
2736 4558 2776 4606 si
2824 4555 3172 4615 mali-fecerit,
3219 4556 3408 4608 tacitus
3453 4556 3615 4609 feres.

2030 4645 2254 4716 Quando
2276 4651 2420 4718 enim
2447 4649 2611 4703 semel
2631 4648 2731 4702 hoc
2763 4648 2862 4702 sibi
2892 4647 3066 4702 anima
3095 4648 3307 4718 penitus
3336 4663 3618 4716 persuase-

2031 4744 2116 4805 rit,
2145 4752 2265 4797 esse
2295 4742 2550 4811 majorem
2574 4759 2588 4807 ;
2623 4757 2727 4796 non
2753 4736 3042 4812 impellitur
3062 4744 3127 4796 ad
3155 4743 3310 4808 iram,
3331 4742 3375 4795 si
3404 4742 3470 4794 ab
3498 4741 3614 4810 ipso

2031 4834 2170 4890 male
2192 4835 2507 4904 accipiatur,
2543 4852 2646 4889 non
2672 4835 2737 4889 ad
2766 4835 3038 4888 invidiam.
3066 4836 3132 4889 lis
3167 4837 3310 4889 enim
3339 4835 3427 4902 qui
3460 4833 3615 4885 valde

2030 4925 2300 4995 prmsta'nt,
2321 4943 2476 4981 nemo
2495 4927 2771 4982 inviderit:
2799 4927 2912 4982 lucc
2935 4926 3072 4982 enim
3093 4927 3267 4980 omnia
3290 4923 3609 4995 praestantia:

2031 5020 2172 5074 illius
2195 5018 2375 5074 deberi
2398 5029 2564 5089 putat.

2099 5113 2154 5165 2.
2189 5114 2282 5167 llis
2311 5115 2467 5182 igitur
2498 5112 2676 5169 verbis
2697 5116 2845 5169 docet
2877 5115 3032 5167 talem
3062 5113 3295 5166 animum
3312 5109 3604 5179 suscipere.

2031 5206 2185 5273 Quod
2209 5208 2251 5261 si
2276 5204 2510 5261 vicissim
2542 5207 2631 5259 illo
2657 5216 2802 5261 tanto
2820 5207 2913 5259 abs
2945 5215 2994 5258 te
3019 5205 3220 5257 honore
3250 5201 3493 5264 allectus,
3526 5201 3611 5255 in-

2031 5300 2164 5367 quit,
2195 5298 2442 5351 eumdcm
2471 5311 2595 5366 erga
2621 5305 2673 5350 te
2694 5298 2926 5349 animant
2951 5293 3279 5362 susceperit;
3314 5291 3482 5362 cogita
3511 5291 3610 5345 du-

2031 5389 2151 5458 plici
2170 5390 2318 5459 quasi
2345 5401 2498 5440 muro
2521 5387 2703 5439 fultant
2721 5401 2838 5440 esse
2858 5386 3330 5453 aequanimitatem.
3347 5383 3611 5451 Quamdiu

2031 5484 2172 5537 enim
2206 5491 2430 5548 uterque
2455 5489 2737 5548 utrumque
2775 5479 2978 5530 honore
3006 5477 3194 5546 dignos
3227 5477 3444 5546 putatis,
3477 5476 3609 5528 nihil

2033 5590 2282 5643 umquam
2316 5573 2558 5627 accidere
2587 5571 2794 5625 molesti
2829 5579 3020 5637 potest.
3063 5568 3194 5622 Nam
3234 5568 3276 5620 si
3307 5567 3408 5619 hoc
3429 5566 3511 5618 vel
3545 5565 3614 5618 ab

2030 5666 2200 5720 altero
2232 5665 2507 5718 dumtaxat
2541 5663 2830 5731 prarstitum
2862 5661 2992 5714 satis
3024 5670 3106 5714 est
3134 5659 3197 5712 ad
3230 5672 3440 5711 omnem
3483 5671 3614 5709 con-

2031 5769 2318 5815 tentionem
2355 5753 2671 5816 tollendam;
2701 5752 2910 5820 quando
2939 5751 3004 5805 ab
3034 5753 3274 5816 utrisque
3314 5757 3618 5818 pricstatur,

3191 5845 3262 5907 iis
