4030 6204
386 267 492 323 215

386 386 507 456 quis
537 371 674 437 hanc
704 380 1060 435 munitionem
1103 374 1443 446 perrumpet?
1494 372 1572 428 Ne
1614 373 1727 444 ipse
1749 372 1969 443 quidem

389 475 637 530 diabolus
663 492 676 528 :
707 472 901 543 triplici
921 471 1062 524 enim
1090 478 1143 522 et
1162 466 1493 538 quadruplici
1521 481 1698 533 muro,
1729 474 1889 536 alque
1905 481 1972 520 eo

392 570 622 637 amplius
649 566 775 620 fulta
805 574 884 618 est
913 578 1028 617 arx.
1071 561 1318 616 Omnium
1343 560 1484 614 enim
1516 559 1775 614 bonorum
1807 571 1966 612 causa

390 672 471 713 est
493 659 783 712 humilitas.
803 654 955 722 Quod
982 663 1036 707 ut
1056 654 1126 707 ita
1149 667 1268 708 esse
1284 652 1477 716 discas,
1503 650 1625 705 audi
1655 648 1968 720 prephetam

389 753 652 807 dicentem
677 769 696 800 .·
732 750 984 816 Quoniam
1011 749 1054 802 si
1074 746 1379 813 sacriﬁcium
1407 745 1668 809 voluisses,
1715 744 1966 797 dedissent

390 845 558 912 utique
583 857 602 895 :
646 840 955 894 holocaustis
987 855 1086 892 non
1131 835 1474 891 delectaberis.
1507 834 1832 902 Sacri/icium
1861 833 1970 888 Deo

388 933 595 1004 spiritus
639 929 1046 986 contribulatus:
1111 946 1196 983 cor
1243 928 1512 984 contritum
1557 936 1606 981 et
1648 927 1970 980 humilialum

393 1026 526 1080 Deus
558 1041 657 1078 non
685 1022 970 1092 despiciet(
1002 1021 1146 1075 1)δαί.
1176 1020 1266 1076 50.
1300 1019 1387 1074 18.
1419 1017 1535 1089 19).
1561 1017 1680 1072 Non
1726 1017 1970 1072 absolute

390 1119 634 1188 quamvis
659 1115 1036 1178 lmmilitatem,
1065 1111 1158 1167 sed
1184 1111 1534 1166 intentionem
1561 1109 1848 1179 quamdam
1877 1107 1970 1162 hu-

391 1210 630 1264 militatis
656 1207 889 1277 postulat
923 1217 976 1261 et
1018 1205 1201 1276 exigit.
1255 1203 1390 1258 Nam
1416 1201 1864 1273 quemadmodum
1912 1200 1967 1255 in

387 1299 705 1370 corporibus
722 1299 862 1367 quod
890 1297 1178 1352 contritum
1208 1305 1310 1363 est,
1339 1307 1626 1363 numquam
1654 1290 1826 1348 solido
1847 1306 1968 1346 cor-

390 1392 505 1458 pori
537 1388 907 1456 reluctabitur,
940 1386 1033 1442 sed
1060 1394 1320 1458 quotquot
1339 1384 1517 1455 gravia
1541 1383 1790 1454 patiatur,
1821 1382 1969 1452 prius

391 1484 565 1550 ipsum
615 1479 888 1546 interibit,
939 1494 1096 1550 quam
1128 1479 1180 1532 in
1210 1477 1436 1531 alterum
1472 1475 1641 1530 irruat
1669 1491 1683 1527 :
1728 1473 1798 1528 ita
1829 1480 1886 1528 et
1915 1473 1968 1528 in

391 1575 611 1630 anima:
666 1573 826 1644 eliget
853 1571 996 1626 enim
1037 1569 1212 1640 potius
1250 1577 1506 1639 perpetuo
1552 1567 1692 1622 male
1745 1574 1968 1636 excepta

390 1678 618 1724 mortem
643 1668 802 1722 etiam
830 1665 1001 1732 obire,
1027 1679 1185 1734 quam
1206 1663 1505 1732 irrumpere
1525 1670 1576 1716 et
1596 1659 1802 1715 ulcisci.
1827 1659 1970 1726 Quo-

386 1777 559 1832 usque
586 1759 912 1832 spirabimus
938 1758 1160 1828 spiritus
1186 1755 1321 1811 istos
1349 1753 1641 1810 ridiculos?
1669 1753 1800 1808 Nam
1829 1753 1970 1808 sicut

391 1869 590 1924 pueros
619 1854 663 1908 si
689 1852 968 1908 videamus
987 1865 1108 1906 sese
1130 1849 1319 1906 eﬂ‘erre
1350 1856 1405 1903 et
1431 1846 1734 1917 superbire,
1752 1845 1966 1900 etiamsi

386 1947 616 2018 lapidem
637 1946 825 2001 tollant
842 1953 897 1998 et
913 1943 1136 2014 jaciant,
1163 1941 1397 1996 ridemus
1426 1957 1439 1993 :
1468 1941 1538 1994 ita
1560 1938 1791 1993 humana
1814 1951 1967 1992 arro-

386 2041 566 2108 gantia
615 2037 836 2108 puerilis
893 2035 1122 2099 mentis,
1187 2033 1384 2089 iuﬁrtni
1433 2029 1597 2085 animi
1643 2029 1822 2099 proles
1863 2036 1965 2083 est.

388 2131 528 2196 Quid
570 2128 973 2200 superbis,terra
1018 2138 1066 2182 et
1095 2126 1223 2180 cinis
1254 2124 1442 2198 (Eccli.
1472 2123 1560 2180 10.
1589 2122 1622 2179 9
1644 2121 1701 2195 )‘l
1749 2122 1968 2193 Magnos

387 2224 608 2292 spiritus
636 2223 823 2288 sumis,
856 2219 1055 2275 homo?
1084 2217 1424 2289 quare?qu:e
1450 2215 1680 2273 utilitas?
1703 2214 1788 2270 dic
1811 2213 1967 2276 mihi;

384 2317 528 2371 unde
552 2330 684 2370 vero
714 2327 937 2384 magnos
967 2312 1186 2382 Spiritus
1210 2310 1381 2365 sumis
1424 2309 1477 2363 in
1509 2322 1603 2364 eos
1632 2306 1793 2362 etiam
1815 2348 1829 2372 ,
1875 2308 1967 2378 qui

387 2407 625 2478 ejusdem
659 2412 785 2459 sunt
817 2403 1061 2457 ordinis?
1085 2417 1188 2455 non
1220 2398 1460 2470 ejusdem
1493 2398 1759 2469 particeps
1787 2411 1846 2454 es
1869 2413 1970 2454 na-

387 2497 560 2551 turae?
590 2509 696 2549 non
722 2492 962 2565 ejusdem
998 2490 1228 2546 animae?
1255 2503 1365 2544 non
1395 2487 1644 2544 eumdem
1672 2503 1703 2542 a
1733 2487 1846 2543 Deo
1867 2487 1970 2543 ho-

391 2603 579 2643 norem
609 2584 904 2655 accepisti?
933 2584 1004 2639 At
1039 2582 1254 2653 sapiens
1274 2581 1370 2636 es?
1399 2579 1545 2651 Ergo
1570 2579 1767 2650 gratias
1787 2593 1969 2650 agere,

393 2697 500 2735 non
553 2680 912 2734 intumescere
955 2675 1136 2732 debes.
1178 2673 1358 2730 Prima
1405 2671 1595 2743 ingrati
1639 2671 1800 2727 animi
1845 2679 1970 2726 nota

391 2770 640 2841 superbia
667 2780 782 2834 est;
828 2768 1002 2823 aufert
1044 2766 1189 2822 enim
1220 2763 1594 2821 beneﬁcentia:
1618 2762 1840 2819 donum.
1869 2762 1971 2832 Qui

386 2863 532 2918 enim
557 2874 679 2916 sese
706 2859 886 2924 eli'ert,
911 2858 956 2913 is
979 2898 995 2925 ,
1025 2855 1178 2927 quasi
1203 2857 1318 2928 ipse
1347 2855 1400 2912 id
1427 2855 1570 2926 quod
1598 2863 1746 2911 recte
1771 2852 1970 2910 factum

389 2963 490 3019 est,
524 2951 839 3018 confecerit,
880 2964 940 3007 se
969 2948 1158 3005 eﬂ‘ert:
1185 2947 1276 3018 qui
1306 2957 1481 3003 autem
1505 2947 1684 3002 omnia
1711 2960 1740 3001 a
1762 2961 1822 3002 se
1847 2959 1973 3018 pro—

389 3045 524 3098 fecta
558 3049 730 3114 putat,
756 3042 992 3112 ingratus
1027 3049 1109 3096 est
1133 3038 1386 3094 adversus
1408 3053 1550 3104 eum,
1593 3038 1683 3109 qui
1709 3036 1970 3094 honorem

393 3134 567 3192 dedit.
595 3134 880 3205 Quippiam
901 3133 1029 3188 boni
1061 3131 1264 3187 habes?
1294 3130 1505 3186 Gratias
1533 3144 1630 3200 age
1655 3130 1738 3197 ei,
1761 3129 1851 3201 qui
1876 3128 1972 3185 de-

389 3229 488 3283 dit.
522 3226 658 3283 Audi
685 3226 811 3297 quid
840 3225 982 3281 dicat
1012 3221 1212 3293 Joseph
1233 3263 1248 3289 ,
1278 3220 1406 3294 quid
1437 3221 1641 3277 Daniel.
1685 3220 1818 3277 Nam
1845 3236 1969 3277 cum

390 3319 607 3391 .‘Egypti
637 3333 728 3374 rex
753 3317 900 3372 illum
931 3331 962 3372 e
989 3329 1210 3372 carcere
1235 3313 1626 3380 accersivisset,
1668 3322 1724 3369 et
1752 3313 1806 3368 in
1833 3327 1970 3368 con-

388 3423 576 3482 spectu
608 3411 771 3465 totius
815 3409 1082 3465 exercitus
1109 3407 1176 3462 de
1209 3421 1276 3462 eo
1316 3405 1529 3476 negotio
1554 3406 1968 3478 interrogasset,

394 3503 448 3555 in
485 3516 591 3571 quo
615 3499 925 3554 defecerant
957 3497 1194 3568 .‘Egyptii
1217 3539 1232 3565 ,
1283 3497 1371 3568 qui
1401 3498 1452 3552 in
1476 3495 1778 3568 hujusmodi
1811 3495 1970 3552 rebus

390 3593 622 3646 maxime
647 3590 919 3660 pollebant
946 3606 961 3642 :
993 3603 1116 3643 cum
1163 3589 1277 3658 ipse
1309 3588 1418 3658 jam
1444 3602 1563 3644 sese
1593 3588 1696 3643 illis
1722 3587 1975 3644 omnibus

391 3682 722 3751 superiorem
753 3691 1067 3735 ostensurus
1095 3689 1258 3743 esset,
1283 3678 1544 3750 longeque
1571 3681 1862 3750 sapientior
1887 3695 1974 3736 es-

394 3783 476 3827 set
506 3770 784 3826 habendus
815 3769 1134 3840 astrologis,
1182 3769 1392 3824 vatibus
1412 3809 1426 3836 ,
1457 3769 1934 3841 praestigiatoribus
1953 3812 1970 3838 ,

395 3864 585 3935 magis,
616 3861 949 3933 philosophis
984 3861 1102 3931 ejus
1135 3860 1393 3930 temporis
1413 3860 1679 3928 omnibus,
1706 3877 1838 3932 puer
1858 3863 1974 3934 ipse

393 3975 462 4012 ex
495 3957 799 4027 captivitate
832 3964 887 4012 et
912 3955 1166 4011 servitute
1202 3952 1221 4025 (
1240 3962 1366 4009 tunc
1387 3953 1530 4008 enim
1569 3955 1740 4026 major
1759 3954 1976 4010 exsistit

396 4050 566 4121 gloria
601 4065 614 4104 :
645 4064 819 4120 neque
842 4047 988 4112 enim
1017 4046 1160 4102 idem
1191 4055 1276 4102 est
1314 4045 1586 4100 hominem
1607 4045 1730 4117 jam
1769 4045 1971 4102 clarum

393 4145 612 4209 lucere,
644 4151 804 4213 atque
859 4151 1056 4211 praeter
1083 4138 1582 4210 exspectationem;
1623 4153 1789 4209 quare
1833 4139 1974 4210 quod

394 4246 590 4307 prmter
619 4250 767 4305 spem
798 4234 850 4290 id
870 4235 1145 4299 evenerit,
1195 4230 1649 4288 admirabiliorem
1681 4229 1854 4302 ipsum
1897 4234 1976 4288 fe-

392 4329 489 4400 cit)
513 4345 528 4383 :
552 4328 675 4399 quid
708 4327 864 4398 igitur
886 4327 985 4382 iste
1011 4324 1274 4382 accedens
1299 4323 1367 4380 ad
1398 4323 1779 4380 Pharaonem?
1809 4322 1973 4380 dixit-

395 4437 462 4474 ne
483 4460 498 4485 ,
533 4418 780 4475 Proiecto
806 4417 973 4473 novi?
1002 4416 1144 4471 Nihil
1178 4416 1387 4482 minus;
1437 4414 1533 4471 sed
1559 4414 1727 4486 quid?
1751 4415 1974 4472 Nemine

395 4514 570 4582 ipsum
611 4519 890 4580 arguente,
917 4523 1016 4577 pro
1045 4521 1139 4561 sua
1160 4508 1272 4577 ipsa
1296 4521 1485 4577 magna
1515 4506 1651 4577 grati
1677 4507 1840 4561 animi
1870 4509 1977 4562 vir-

398 4615 530 4666 tute,
578 4602 704 4674 quid
735 4601 841 4655 ait?
893 4598 1159 4670 Numquid
1185 4615 1285 4653 non
1313 4615 1402 4670 per
1431 4597 1595 4652 Deunt
1629 4599 1976 4669 interpretatio

398 4699 576 4751 harant
605 4703 675 4750 est
701 4692 856 4763 (Gen.
884 4691 974 4747 40.
1005 4691 1097 4760 8)?
1119 4689 1273 4755 Vide,
1314 4690 1568 4744 continuo
1611 4691 1834 4760 gloriam
1867 4691 1978 4747 Deo

403 4789 622 4851 tribuit;
652 4794 932 4855 propterea
958 4784 1073 4853 ipse
1094 4795 1306 4852 quoque
1333 4780 1556 4851 gloriam
1586 4783 1813 4852 accepit.
1844 4782 1976 4836 Nam

399 4893 452 4939 et
484 4881 585 4935 hoc
613 4879 678 4934 ad
708 4876 930 4947 gloriam
957 4889 1062 4928 non
1085 4875 1206 4929 leve
1230 4880 1558 4926 momentum
1574 4870 1738 4927 habet
1768 4891 1781 4928 :
1809 4874 1978 4929 multo

399 4973 545 5029 enim
575 4970 746 5041 majus
771 4977 871 5033 est,
906 4967 1005 5037 ipsi
1027 4982 1055 5019 a
1085 4965 1197 5021 Deo
1227 4978 1347 5019 esse
1371 4962 1688 5031 revelatum,
1713 4979 1869 5032 quam
1900 4965 1981 5035 ip-

402 5080 521 5119 sum
559 5079 652 5133 per
681 5077 739 5116 se
778 5059 879 5114 hoc
918 5057 1247 5121 confecisse;
1295 5063 1650 5125 praeterquam
1682 5054 1823 5125 quod
1856 5055 1980 5112 hinc

402 5153 566 5207 etiam
597 5153 775 5207 verbis
813 5153 923 5205 suis
951 5149 1107 5205 ﬁdem
1137 5146 1495 5214 conciliabat,
1551 5146 1710 5217 idque
1737 5148 1981 5204 ﬁrtnissio

405 5259 551 5299 mum
583 5252 699 5298 erat
728 5241 1101 5296 familiaritatis
1123 5255 1245 5295 cum
1271 5239 1378 5294 Deo
1405 5248 1798 5309 argumentum.
1839 5240 1978 5295 Nihil

411 5332 551 5390 enim
583 5347 736 5403 aeque
760 5333 956 5385 bonum
980 5341 1062 5388 est
1083 5375 1097 5398 ,
1139 5346 1200 5385 ac
1226 5330 1540 5384 fauniliarem
1571 5329 1681 5384 fieri
1735 5330 1864 5384 Deo.
1920 5330 1981 5386 Si

408 5423 537 5475 enim
579 5439 642 5476 ea:
667 5421 900 5489 operibus
940 5423 1241 5490 Iusti/ianus
1291 5430 1394 5487 est,
1425 5421 1570 5474 habet
1595 5422 1846 5490 gloriam,
1898 5422 1980 5475 in-

403 5505 540 5574 quit,
586 5508 676 5561 sed
709 5527 808 5564 non
838 5511 976 5579 apud
1008 5510 1170 5564 Deum
1209 5512 1226 5581 (
1256 5512 1406 5565 Rom.
1433 5513 1489 5567 4.
1521 5511 1617 5581 2).
1646 5511 1776 5565 Nam
1814 5523 1865 5566 et
1893 5513 1982 5582 qui

404 5594 719 5654 criminibus
743 5602 1004 5655 obnoxius
1036 5603 1256 5671 gratiam
1279 5613 1361 5657 est
1385 5613 1762 5674 consequutus,
1792 5603 1983 5674 gloria-

407 5691 492 5736 tur
523 5687 572 5738 in
602 5689 712 5742 Deo
734 5733 746 5756 ,
777 5693 1064 5756 nimirum,
1115 5695 1253 5762 quod
1299 5696 1362 5747 ab
1407 5697 1497 5750 illo
1538 5707 1743 5751 amatur
1775 5697 1980 5766 sibique

1131 262 1188 317 S.
1227 257 1502 318 JOANNIS
1545 255 2014 315 CllnYSOSTOMI
2057 256 2373 314 ARCHIEP.
2413 259 2942 318 CONSTANTINOP.

3548 269 3649 326 216

2084 382 2296 441 peccata
2317 375 2538 428 remissa
2557 387 2717 434 sunt;
2750 388 2800 432 et
2826 378 2919 432 ille
2940 378 3028 448 qui
3057 389 3330 450 operatur,
3361 382 3525 441 habet
3540 390 3656 458 glo-

2079 464 2232 529 riam,
2266 465 2359 518 Sed
2386 481 2491 520 non
2519 467 2658 536 apud
2692 469 2879 534 Deum,
2903 481 2961 524 ut
2991 471 3078 526 ille
3107 491 3122 526 :
3161 487 3282 528 nam
3312 476 3412 530 huc
3439 480 3655 546 quidem

2077 569 2282 622 magna:
2313 553 2636 612 inﬁrmitatis
2673 565 2870 613 nostrae
2901 571 2984 615 est
3024 573 3394 632 argumentum
3424 584 3439 621 :
3483 571 3658 640 atqui

2076 645 2392 713 sapientiam
2419 660 2449 699 a
2479 647 2588 701 Deo
2615 648 2856 719 accepit,
2884 662 3082 721 quanto
3109 655 3212 709 erit
3245 655 3658 717 admirabilior?

2076 736 2313 793 Gloriam
2344 740 2452 794 Deo
2479 741 2697 808 tribuit,
2741 753 2796 798 et
2825 743 3058 800 vicissim
3086 746 3154 800 ab
3183 747 3276 802 illo
3303 749 3528 818 gloriam
3561 766 3657 807 ae-

2075 828 2253 897 ccpit:
2288 828 2643 897 Cloriﬁcantes
2669 835 2811 888 enim
2837 851 2935 901 me,
2972 837 3161 906 inquit,
3182 836 3414 908 glori/ica
3438 841 3489 911 (1
3523 839 3654 912 Reg.

2073 917 2127 971 2.
2163 920 2230 975 10
2263 917 2304 992 ).
2338 921 2540 977 Rursus
2565 940 2829 995 pronepos
2868 926 3062 997 hujus,
3106 944 3212 999 quo
3241 931 3455 1000 quidem
3493 949 3656 990 nemo

2075 1011 2174 1067 fuit
2215 1015 2508 1084 sapientior
2540 1016 2835 1088 (scriptum
2867 1029 2950 1074 est
2973 1021 3142 1087 enim,
3184 1019 3451 1094 Numquid
3478 1033 3530 1080 tu
3566 1044 3654 1080 sa-

2075 1104 2290 1174 pientior
2312 1122 2364 1158 es
2395 1105 2608 1161 Daniele
2634 1107 2847 1180 [EMC’L
2874 1110 2964 1166 28.
2998 1109 3118 1183 5])?
3163 1111 3250 1168 hic
3281 1114 3438 1183 igitur
3471 1117 3652 1172 Daniel

2074 1210 2194 1250 cum
2223 1211 2412 1252 omnes
2437 1200 2524 1268 qui
2553 1209 2709 1255 erant
2748 1200 2801 1255 in
2843 1201 3114 1273 Babylone
3154 1203 3454 1274 sapientes,
3489 1216 3651 1276 atque

2074 1285 2176 1356 ipsi
2207 1303 2394 1343 rursus
2424 1290 2711 1361 astrologi,
2755 1300 2934 1358 vates,
2987 1295 3164 1364 magi,
3200 1297 3606 1367 przrsugiatores
3632 1341 3647 1365 ,

2073 1385 2236 1448 atque
2263 1381 2513 1436 universa
2545 1382 2902 1454 philosophia,
2953 1402 3057 1440 non
3089 1388 3246 1442 modo
3276 1391 3512 1445 convicta
3537 1392 3648 1462 jam

2072 1480 2237 1539 esset,
2265 1473 2360 1527 sed
2382 1475 2542 1528 etiam
2565 1491 2596 1530 e
2625 1475 2801 1530 medio
2829 1478 3034 1532 sublata
3054 1478 3287 1550 (capitali
3313 1483 3454 1537 enim
3478 1499 3506 1538 a
3528 1500 3652 1554 rege

2074 1560 2126 1615 in
2154 1562 2424 1632 sapientes
2443 1564 2548 1619 lata
2578 1567 2840 1623 sententia
2872 1569 3001 1624 satis
3025 1569 3312 1640 indicabat,
3341 1582 3496 1639 antea
3515 1590 3650 1644 quo-

2072 1667 2178 1722 que
2206 1667 2266 1708 se
2301 1654 2498 1710 abillis
2527 1654 2808 1726 deceptum
2849 1657 3036 1731 fuisse)
3069 1676 3083 1715 :
3133 1661 3397 1717 accedens
3423 1679 3550 1733 ergo
3584 1665 3650 1721 ad

2075 1759 2276 1816 regem,
2320 1747 2484 1816 ipsius
2514 1750 2758 1818 petitioni
2778 1749 2888 1821 jam
2915 1753 3306 1821 satisfacturus,
3338 1772 3510 1827 neque
3539 1763 3652 1828 ipse

2073 1851 2131 1892 se
2160 1838 2438 1910 magniﬁce
2473 1842 2870 1914 circumspicit,
2917 1843 3014 1901 sed
3056 1847 3286 1916 primum
3319 1850 3500 1905 omnia
3541 1850 3650 1907 Deo

2071 1931 2235 1986 refert
2259 1941 2498 2003 accepta,
2530 1944 2586 1990 et
2611 1935 2818 2007 inquit:
2849 1935 2982 1990 Mihi
3022 1952 3135 1992 vero
3165 1941 3338 1994 nonin
3365 1941 3642 2011 sapientia,

2070 2038 2184 2092 quin
2201 2032 2275 2078 est
2301 2024 2355 2079 in
2379 2042 2457 2080 me
2487 2026 2601 2097 plus
2617 2044 2771 2098 quam
2805 2029 2861 2081 in
2890 2030 3082 2083 cunctis
3111 2031 3419 2098 hominibus,
3463 2034 3652 2088 revela-

2073 2121 2181 2168 tum
2208 2123 2312 2183 est,
2341 2132 2371 2171 ο
2398 2133 2488 2171 rea:
2531 2115 2690 2187 (Dan.
2715 2117 2770 2172 2.
2797 2117 2913 2188 50).
2969 2117 3119 2174 Tunc
3141 2135 3268 2175 vero
3303 2121 3543 2176 adoravit
3574 2123 3647 2192 ip-

2073 2223 2192 2264 sum
2220 2225 2335 2278 rex,
2366 2225 2429 2266 ac
2456 2210 2611 2279 dixit,
2642 2210 2901 2268 Libentur
2923 2212 3243 2270 oblationes.
3276 2213 3440 2270 Vides
3470 2216 3650 2271 humi-

2072 2298 2274 2355 litatem
2292 2302 2316 2355 ἲ
2333 2301 2480 2357 vides
2504 2311 2714 2373 gratum
2739 2303 3015 2358 animum?
3044 2303 3193 2361 vides
3215 2319 3431 2361 moresa
3460 2321 3651 2378 super-

2073 2394 2160 2449 hia
2183 2396 2461 2452 remotos?
2487 2396 2628 2452 Audi
2655 2412 2784 2453 vero
2812 2406 2866 2454 et
2891 2398 3258 2468 apostolorum
3279 2400 3463 2468 verba,
3480 2401 3652 2456 inter-

2072 2485 2199 2542 dum
2228 2487 2440 2558 quidem
2481 2488 2813 2545 dicentium:
2858 2489 2998 2556 Quid
3029 2508 3121 2546 nas
3162 2492 3454 2559 intuemini,
3504 2495 3653 2560 quasi

2075 2587 2251 2632 nostra
2274 2579 2456 2634 virtute
2471 2590 2558 2634 aut
2575 2581 2757 2652 pietate
2781 2583 3046 2652 fecerimus
3075 2583 3207 2638 hunc
3227 2584 3486 2639 ambulare
3509 2584 3651 2656 (Act.

2073 2669 2129 2736 3,
2158 2668 2248 2725 i2.
2278 2680 2324 2724 et
2354 2671 2440 2726 14.
2475 2671 2543 2726 14
2563 2668 2620 2744 )?
2649 2671 2920 2728 interdum
2957 2689 3118 2741 vero,
3166 2671 3234 2728 Et
3277 2692 3367 2731 nos
3415 2677 3657 2732 mortales

2073 2779 2266 2830 sumus,
2295 2763 2488 2818 similes
2511 2763 2652 2818 vobis
2680 2763 2930 2819 homines.
2963 2765 3115 2833 Quod
3143 2768 3186 2821 si
3214 2767 3288 2821 illi
3317 2768 3521 2824 delatos
3548 2769 3656 2824 sibi

2073 2854 2306 2912 honores
2323 2855 2458 2936 adeo
2475 2855 2846 2928 repudiabant,
2881 2857 3149 2925 homines,
3181 2860 3269 2930 qui
3292 2876 3388 2928 per
3415 2875 3532 2916 eam
3554 2861 3660 2916 hu-

2073 2946 2355 3003 militatem
2395 2963 2514 3019 qua:
2563 2948 2857 3004 secundum
2903 2949 3175 3006 Christum
3221 2961 3336 3016 est,
3379 2953 3662 3023 ipsiusque

2073 3039 2365 3110 potentiam
2383 3039 2584 3110 majora
2612 3055 2769 3112 quam
2791 3038 3036 3096 Christus
3054 3041 3168 3112 ipse
3189 3057 3349 3113 opera
3377 3043 3664 3099 ediderant

2077 3131 2251 3201 (nam,
2286 3130 2388 3196 Qui
2405 3131 2565 3185 credit
2585 3131 2638 3185 in
2665 3148 2768 3196 me,
2809 3132 3013 3201 inquit,
3045 3133 3244 3202 majora
3271 3133 3450 3187 horum
3478 3135 3659 3206 faciet,

2074 3237 2187 3292 quae
2214 3237 2306 3293 ego
2337 3222 2470 3292 facio
2500 3220 2692 3293 (Joan.
2713 3223 2801 3277 H.
2827 3222 2914 3294 t2)
2943 3241 2957 3277 :
2990 3224 3259 3293 quomodo
3285 3240 3383 3280 nos
3413 3241 3518 3280 non
3553 3227 3665 3281 mi-

2076 3313 2180 3368 seri
2201 3322 2361 3384 atque
2387 3313 2628 3369 infelices
2664 3329 2870 3382 sumus,
2901 3317 2988 3386 qui
3012 3331 3079 3371 ne
3099 3317 3298 3372 culices
3326 3317 3541 3388 quidem
3565 3337 3664 3375 ex-

2075 3405 2274 3475 pellere
2299 3420 2603 3476 possumus,
2633 3404 2829 3462 nedum
2858 3407 3173 3463 daemonas?
3199 3409 3290 3479 qui
3327 3425 3395 3465 ne
3423 3411 3510 3465 uni
3540 3413 3665 3482 qui-

2073 3498 2197 3554 dem
2225 3498 2428 3553 homini
2455 3499 2711 3568 prodesse
2730 3499 2993 3565 valemus,
3020 3499 3212 3556 nedum
3243 3503 3494 3558 universo
3512 3503 3664 3568 orbi,

2074 3603 2128 3648 et
2151 3601 2326 3646 tamen
2351 3600 2526 3646 tantos
2559 3591 2713 3647 nobis
2753 3592 2972 3662 spiritus
3000 3593 3283 3660 sumimus,
3319 3603 3558 3664 quantos
3593 3611 3664 3650 ne

2075 3699 2190 3754 Ipse
2214 3684 2430 3756 quidem
2457 3683 2746 3740 diabolus?

2147 3777 2199 3832 '5.
2242 3776 2493 3844 Superbia
2528 3792 2680 3846 quant
2722 3775 2889 3832 aliena
2926 3775 2987 3830 ab
3027 3777 3198 3832 animo
3241 3775 3557 3832 Christiana.
3590 3810 3666 3822 --

2075 3867 2217 3923 Nihil
2245 3882 2396 3938 mque
2433 3866 2666 3922 alienum
2697 3867 2765 3922 ab
2803 3867 2979 3922 anima
3006 3867 3306 3923 Christiana
3349 3878 3430 3924 est
3469 3883 3535 3924 ac
3570 3888 3674 3926 su-

2077 3959 2260 4030 perbia
2289 3977 2304 4012 :
2329 3959 2634 4029 superbiam
2675 3959 2819 4026 dico,
2869 3975 2974 4014 non
3008 3960 3298 4027 ﬁdentiam,
3353 3979 3456 4017 non
3485 3964 3676 4020 virilis

2077 4052 2242 4106 animi
2273 4051 2672 4117 fortitudinem;
2720 4069 2840 4106 nam
2892 4052 2991 4107 ista
3022 4053 3239 4123 quidem
3284 4055 3674 4111 convenientia

2078 4151 2237 4206 sunt;
2263 4141 2420 4212 longe
2447 4142 2590 4197 enim
2620 4142 2687 4197 ab
2717 4142 2804 4198 illa
2828 4143 3099 4200 differunt.
3122 4145 3486 4212 Quamobrem
3515 4148 3676 4202 aliud

2079 4233 2294 4304 quidem
2336 4242 2416 4289 est
2447 4233 2738 4300 humilitas,
2770 4234 2913 4289 aliud
2941 4250 3070 4292 vero
3115 4237 3447 4292 illiberalitas
3476 4249 3534 4294 et
3581 4255 3684 4298 as-

2080 4326 2310 4381 sentatio
2351 4335 2405 4382 et
2445 4326 2635 4381 molles
2677 4326 2970 4382 blanditiae.
3020 4330 3097 4383 Ac
3142 4329 3186 4383 si
3235 4329 3414 4396 voltis,
3468 4329 3674 4386 horum

2080 4415 2316 4472 omnium
2344 4430 2443 4487 ego
2481 4416 2634 4471 vobis
2673 4419 2916 4487 exempla
2955 4417 3193 4474 afferam.
3224 4418 3490 4475 Videntur
3518 4423 3678 4477 enim

2078 4526 2198 4582 quae
2222 4509 2486 4564 contraria
2517 4519 2640 4563 sunt
2678 4509 2818 4565 inter
2840 4523 2920 4575 se,
2950 4525 3116 4582 prope
3142 4511 3541 4580 quodammodo
3584 4529 3682 4568 es-

2081 4619 2140 4659 se
2182 4602 2373 4672 posita,
2405 4611 2461 4655 ut
2505 4600 2770 4655 frumento
2799 4601 3022 4668 zizania,
3054 4613 3108 4657 et
3147 4603 3284 4657 rosis
3330 4604 3543 4673 Spirae;
3578 4605 3682 4660 sed

2083 4694 2232 4764 pueri
2265 4692 2478 4761 quidem
2521 4691 2790 4758 fallantur,
2841 4693 2929 4762 qui
2975 4701 3152 4748 autem
3199 4708 3326 4750 vere
3373 4705 3499 4750 sunt
3543 4697 3683 4762 viri,

2082 4782 2374 4854 spiritualis
2420 4781 2756 4851 agricultura:
2807 4783 2982 4850 periti,
3037 4791 3236 4838 norunt
3275 4797 3400 4839 vera
3450 4783 3600 4839 bona
3651 4800 3688 4841 a

2084 4872 2237 4927 malis
2257 4872 2602 4941 distinguere.
2631 4873 2742 4941 Age
2771 4871 2933 4942 igitur
2957 4875 3199 4943 exempla
3227 4874 3377 4929 vobis
3406 4889 3470 4930 ex
3507 4875 3690 4945 ipsis-

2083 4973 2193 5021 met
2219 4964 2509 5033 Scripturis
2535 4979 2912 5034 proponamus.
2942 4965 3080 5033 Quid
3104 4965 3317 5022 tandem
3350 4977 3432 5022 est
3470 4982 3690 5023 assen-

2083 5059 2214 5113 tatio
2242 5067 2296 5112 et
2323 5056 2654 5111 illiberalitas
2689 5066 2742 5111 et
2772 5057 2951 5113 mollis
2983 5058 3282 5113 blanditia?
3309 5058 3435 5114 Siba
3465 5059 3691 5115 intent-

2088 5149 2292 5218 pestive
2336 5148 2518 5203 Davidi
2566 5158 2651 5204 est
2702 5157 3025 5210 assentatus.
3077 5165 3340 5220 suumque
3390 5151 3697 5208 dominum

2086 5241 2398 5295 criminatus
2423 5250 2539 5305 est;
2569 5240 2737 5295 multo
2765 5252 2941 5297 autem
2966 5244 3132 5314 magis
3155 5243 3470 5314 AchitOphel
3505 5246 3702 5301 Absa-

2090 5332 2222 5386 Ioni.
2253 5333 2322 5385 At
2367 5348 2470 5386 non
2501 5332 2623 5387 talis
2653 5333 2839 5400 David,
2883 5335 2976 5389 sed
3019 5335 3236 5391 humilis
3267 5337 3341 5407 (2.
3377 5336 3511 5407 Reg.
3565 5340 3698 5409 16).
3743 5357 3748 5360 ·

2089 5424 2188 5489 Qui
2237 5423 2377 5478 enim
2416 5423 2624 5478 subdoli
2671 5434 2815 5488 sunt,
2867 5436 3232 5484 assentatores
3270 5438 3432 5484 sunt:
3480 5444 3704 5498 quem-

2089 5514 2375 5568 admodum
2423 5530 2542 5569 cum
2590 5517 2730 5587 magi
2760 5516 2984 5573 dicunt:
3029 5519 3167 5584 Vive,
3219 5538 3332 5587 rex,
3384 5524 3434 5576 in
3487 5528 3709 5580 meum

2094 5605 2253 5673 (Dan.
2285 5605 2339 5659 2.
2372 5607 2448 5676 «1).
2486 5608 2561 5661 Ac
2598 5608 2663 5662 de
2692 5608 2858 5663 Paulo
2885 5611 3051 5664 multa
3092 5611 3396 5680 hujusmodi
3424 5611 3714 5672 invenio-

2097 5711 2217 5753 mus
2245 5697 2294 5752 in
2335 5701 2499 5768 Actis,
2529 5715 2649 5755 cum
2671 5701 2869 5758 .ludteis
2897 5703 2970 5757 ita
2999 5702 3317 5772 disserente,
3350 5713 3405 5760 ut
3436 5718 3565 5759 non
3608 5723 3713 5762 as-
