4030 6204
294 275 409 330 ’9.17

292 382 527 450 εδόθην.
556 383 676 436 Ὀτι
715 382 820 454 γάρ
860 385 1356 457 ταπεινοφροσύνης
1407 382 1477 458 ἦν
1521 387 1589 442 τὰ
1621 390 1864 460 ῥήματα,

296 474 528 528 ἄκουσον
553 470 702 544 [⁸252]
731 472 846 534 πῶς
869 473 1049 536 αὐτοῖς
1077 473 1306 545 ἐπιτιμᾷ
1332 476 1420 529 διὰ
1441 478 1549 530 τῶν
1579 477 1704 548 ἑξῆς
1726 477 1870 531 οὕτω

296 560 471 630 λέγων
487 576 501 590 ·
555 558 765 625 Καλῶς
804 554 933 612 εἷπε
961 558 1026 612 τὸ
1077 560 1318 629 Πνεῦμα
1344 562 1411 615 τὸ
1451 562 1646 633 ἅγιον·
1699 562 1869 632 Ἀκοῇ

298 647 607 710 ἆκούσετε,
636 648 734 701 καί
767 648 838 700 οὐ
861 646 947 715 μὴ
975 647 1222 714 συν-ἦτε,
1253 649 1705 717 καίβλέποντες
1725 651 1871 716 ,βλέ-

300 739 470 805 ψετε,
502 733 601 787 καὶ
625 733 803 803 οὐμὴ
853 733 1038 801 ἴδητε.
1082 732 1233 798 Εἶδες
1273 737 1554 809 ἀνδρείαν;
1597 740 1736 809 Ὅρα
1779 738 1872 792 καὶ

315 821 558 876 Ἰωάννου
601 819 694 873 τοῦ
747 820 1052 874 Βαπτιστοῦ
1101 823 1202 892 τὴν
1230 824 1512 896 ἀνδρείαν,
1611 824 1746 896 πρὸς
1782 825 1872 878 τὸν

314 907 556 977 Ἡρώδην
571 907 842 979 ἐχρήσατο
858 906 1051 976 λέγων·
1083 911 1204 963 Οὐκ
1225 909 1430 974 ἔξεστί
1451 925 1550 966 σοι
1573 911 1737 981 ἐχειν
1760 913 1874 979 τὴν

303 994 555 1064 ⁴Γυναῖκα
579 996 878 1049 Φιλιππου
913 995 1022 1049 τοῦ
1054 995 1320 1065 ἀδελφοῦ
1358 1010 1495 1050 σου.
1535 997 1704 1050 Τοῦτο
1735 999 1876 1068 παῤ-

307 1080 470 1152 ρησία
491 1121 506 1146 ,
531 1081 686 1134 τοῦτο
703 1081 923 1151 ἀνδρεία
941 1097 955 1113 ·
984 1080 1098 1134 ἀλλ’
1122 1082 1221 1135 οὑκ
1245 1084 1419 1135 ἐκεῖνο
1447 1082 1508 1134 τὸ
1547 1081 1642 1135 τοῦ
1660 1083 1872 1152 Σεμεεὶ,

301 1171 393 1223 -δτε
421 1169 624 1237 ἔλεγεν,
665 1169 937 1234 Ἔξελθε,
975 1172 1008 1223 ὁ
1039 1168 1195 1237 ἀνὴρ
1222 1169 1339 1222 τῶν
1371 1168 1629 1238 αἱμάτων
1654 1184 1668 1200 ο
1701 1169 1876 1222 καίτοι

303 1257 554 1320 κάκεῖνος
576 1254 1035 1326 ἐπαρρησιάσατο.
1061 1257 1198 1309 Ἀλλ’
1214 1257 1315 1310 οὑκ
1336 1256 1451 1309 ἐστι
1466 1255 1622 1309 τοῦτο
1636 1256 1875 1327 ἀνδρεία,

303 1341 446 1398 ἀλλὰ
501 1342 774 1412 θρασύτης
812 1343 906 1397 καὶ
956 1341 1117 1415 ’ὑϐρις
1164 1344 1258 1398 καὶ
1291 1343 1506 1412 γλῶττα
1539 1343 1867 1406 ἀκόλαστος.

311 1429 542 1500 ’Υϐρισε
563 1429 658 1483 καὶ
697 1429 931 1494 Ἰεζάϐελ
955 1429 1047 1483 τὸν
1088 1429 1227 1500 Ἰηοῦ
1257 1430 1492 1498 λέγουσα
1517 1444 1531 1458 ·
1575 1429 1628 1482 Ὁ
1652 1428 1875 1498 φονεὺς

311 1517 417 1573 τοῦ
437 1517 646 1585 κυρίου
667 1515 854 1570 αὐτοῦ
879 1532 894 1547 ·
923 1516 1057 1571 ἀλλά
1082 1516 1357 1587 θρασύτης
1377 1513 1464 1588 ἦν,
1482 1517 1544 1571 οὑ
1574 1515 1876 1587 παρρησία.

315 1604 546 1674 ’Υϐρισε
571 1604 665 1658 καὶ
702 1604 730 1656 6
766 1603 980 1669 Ἠλίας,
1027 1602 1165 1657 ἀλλά
1201 1603 1484 1675 παρρησία
1519 1603 1614 1656 καὶ
1660 1602 1879 1672 ἀνδρεία

312 1689 418 1765 ἦν’
444 1695 566 1747 Οὐκ
596 1691 712 1762 ἐγὼ
739 1693 849 1762 γὰρ
876 1691 1208 1761 διαστρέφει)
1247 1691 1357 1745 τὸν
1392 1691 1575 1755 λαὸν,
1607 1689 1766 1744 ἀλλὰ
1798 1689 1881 1743 σὺ

315 1780 414 1834 καὶ
455 1782 488 1834 ὁ
534 1774 696 1845 σίκος
745 1779 856 1833 τοῦ
920 1779 1142 1846 πατρός
1199 1792 1348 1832 ησσυ.
1411 1775 1883 1849 Ἐπαῤῥησιάσατο

317 1866 480 1921 πάλιν
504 1865 639 1938 πρὸς
669 1865 956 1937 ὁλόκληρον
994 1865 1164 1937 δῆμον
1193 1864 1223 1917 6
1265 1863 1470 1930 Ἠλίας,
1503 1863 1674 1932 λέγων
1693 1879 1708 1895 ·
1736 1864 1884 1929 Ἕως

317 1952 466 2006 πότε
513 1951 834 2020 χωλανεῒτε
894 1951 989 2004 ἐπ’
1043 1950 1403 2020 ἀμφοτέραις
1460 1949 1590 2016 ταῖς
1654 1949 1886 2019 ἰγνύαις

317 2038 520 2110 ὑμῶν;
544 2037 712 2091 Τοῦτο
738 2038 1019 2111 παρρησία
1046 2039 1139 2092 καὶ
1163 2037 1400 2110 ἀνδρεία,
1422 2038 1484 2091 τὸ
1500 2036 1845 2106 καθάψασθαι
1867 2051 1883 2070 ο

319 2127 476 2180 τοῦτο
491 2126 582 2180 καὶ
599 2127 649 2178 οί
675 2126 943 2197 προφῆται
966 2125 1199 2179 ἐποίουν·
1223 2124 1338 2178 ἀλλ’
1354 2126 1528 2177 έκεῖνο
1553 2121 1889 2194 θρασύτητος

320 2211 408 2288 ἦν.
434 2214 619 2277 Θέλεις
653 2213 778 2267 ίδεῖν
806 2215 902 2268 καὶ
927 2211 1426 2284 ταπεινοφροσύνης
1457 2211 1549 2265 καὶ
1574 2208 1887 2280 ἐλευθερίας

323 2303 578 2374 ῥήματα;
629 2301 792 2354 ἄκουε
851 2300 1060 2353 Παύλου
1131 2299 1406 2368 λέγοντοςο
1461 2298 1616 2367 Ἐμοί
1676 2295 1745 2349 δὲ
1807 2297 1888 2361 είς

319 2388 648 2457 ἐλάχιστόν
687 2387 882 2452 ἐστιν,
911 2387 1012 2440 ἵνα
1038 2385 1138 2454 ὑφ’
1175 2385 1339 2456 ὑμῶν
1361 2383 1674 2452 ἀνακριθῶ,
1698 2383 1737 2452 ἣ
1772 2381 1890 2437 ὑπὸ

323 2475 704 2544 ἀνθρωπίνης
758 2475 1012 2544 ἡμέρας·
1059 2473 1194 2528 ἀλλ’
1249 2471 1391 2527 οὐδὲ
1439 2470 1700 2541 ἐμαυτὸν
1747 2471 1894 2524 ἀνα⁹

326 2563 530 2632 κρίνω.
555 2561 748 2617 Οὐδὲν
772 2567 884 2631 τὰρ
927 2560 1160 2632 ἐμαυτῷ
1192 2559 1474 2616 σύνοιδα·
1513 2560 1652 2615 ἀλλ’
1685 2559 1797 2613 οὐκ
1825 2558 1895 2611 ἐν

321 2652 516 2718 τούτῳ
543 2649 938 2720 δεδικαίωμαι.
983 2648 1152 2702 Τοῦτο
1197 2649 1542 2719 φρονήματος
1585 2644 1895 2718 Χριστιανῷ

327 2740 651 2811 πρέποντος.
689 2739 799 2792 Καὶ
837 2737 1024 2800 πάλιν,
1069 2733 1263 2803 Τολμᾷ
1297 2752 1389 2800 τις
1419 2734 1590 2804 ὑμῶν
1616 2735 1764 2802 πρὸς
1789 2733 1897 2787 τὸν

329 2826 535 2895 ἕτερον
561 2823 801 2895 πρᾶγμα
827 2823 984 2894 ἔχων
1019 2822 1324 2892 κρίνεσθαι
1349 2820 1448 2874 ἐπὶ
1486 2819 1606 2875 τῶν
1651 2820 1893 2885 ἀδίκων,

329 2915 430 2967 καὶ
467 2911 604 2982 οὐχί
647 2911 746 2966 ἐπὶ
782 2909 899 2965 τῶν
943 2910 1162 2980 drlwr;
1208 2907 1397 2962 Βούλει
1445 2907 1735 2961 κολακείαν
1772 2906 1898 2959 ἰδεῖν

329 2999 441 3053 τῶν
491 2999 731 3070 ἀνοήτων
791 2997 1093 3063 ἰουδαίων;
1159 2996 1324 3051 ἄκουε
1375 2993 1661 3063 λεγόντων,
1711 2991 1902 3061 Ἡμεῖς

333 3091 446 3145 οὐκ
489 3088 709 3160 ἔχομεν
749 3086 1048 3154 βασιλέα,
1112 3086 1166 3140 εί
1223 3082 1310 3155 μὴ
1370 3084 1659 3152 Καίσαρα.
1715 3080 1904 3135 Βούλει

985 272 1044 328 S.
1084 273 1370 331 JOANNIS
1407 273 1892 335 CIIRYSOSTOMI
1929 280 2248 337 ARCIIIEP.
2283 277 2827 338 CONSTANTINOP.

1972 394 2471 464 ταπεινοφροσύνην
2529 393 2685 456 ίδεῖν;
2757 392 2922 446 ἄκουε
2970 385 3132 446 πάλιν
3187 391 3283 446 τοῦ
3333 388 3546 445 Παύλου

1974 477 2225 545 λέγοντος
2250 495 2264 510 ο
2318 481 2400 533 Οὐ
2448 478 2558 547 γὰρ
2613 476 2866 540 ἑαυτοὺς
2911 477 3340 545 κηρύσσομεν,
3387 477 3550 533 ἀλλὰ

1973 563 2231 632 Χριστὸν
2277 565 2515 633 Ἰησοῦν
2571 563 2810 629 Κύριον,
2861 562 3114 628 ἑαυτοὺς
3172 562 3242 616 δὲ
3282 563 3551 629 δούλους

1973 652 2143 721 ὑμῶν
2167 651 2264 706 διὰ
2307 650 2562 718 Ἰησοῦν.
2591 649 2778 702 Βούλει
2806 649 2900 702 καὶ
2932 649 3223 703 κολακείαν
3268 649 3416 714 ἰδεῖν,
3451 649 3552 704 καὶ

1977 739 2308 810 θρασύτητας
2339 738 2648 810 θρασύτητα
2673 738 2770 810 μὲν
2790 738 2889 808 τὴν
2913 737 3007 792 τοῦ
3020 737 3230 801 Νάϐαλ,
3264 737 3553 791 κολακείαν

1975 829 2032 882 δὲ
2061 827 2157 900 τὴν
2189 828 2295 881 τῶν
2327 827 2596 897 Ζιφαίων;
2632 827 2725 881 καὶ
2752 826 2868 891 πῶς
2899 827 2928 880 6
2954 827 3052 897 μὲν
3089 826 3384 891 ὠνείδιζεν,
3415 828 3466 880 οἱ
3495 827 3554 881 δὲ

1979 917 2345 989 προδεδώκασι
2361 920 2426 988 τῇ
2445 915 2637 987 γνώμῃ
2658 915 2749 969 τὸν
2765 915 2929 969 Δαυῒδ
2950 933 2964 981 ;
2993 914 3181 969 Βούλει
3210 915 3550 984 φιλοσοφίαν,

1979 1004 2073 1058 καὶ
2094 1005 2154 1056 οὑ
2204 1005 2491 1058 κολακείαν
2518 1004 2644 1058 ίδεϊν
2681 1004 2778 1073 τὴν
2801 1001 2894 1056 τοῦ
2939 1003 3130 1070 Δαυῒδ;
3169 1002 3284 1066 πῶς
3326 995 3436 1054 εἷλε
3461 1002 3554 1056 τὸν

1979 1092 2172 1153 Σαοὺλ,
2212 1091 2307 1143 καὶ
2348 1091 2637 1159 ἐφείσατο;
2701 1088 2890 1142 Βούλει
2943 1089 3234 1142 κολακείαν
3277 1088 3404 1142 ίδεῖν
3442 1088 3554 1142 τῶν

1980 1176 2416 1232 ἀποκτεινάντων
2459 1176 2553 1229 τὸν
2607 1174 2983 1244 Μεμφιϐοσθὲ,
3036 1173 3131 1238 οὑς
3164 1175 3258 1228 καὶ
3289 1175 3500 1228 ἀνεῖλεν
3522 1175 3554 1226 6

1980 1263 2184 1330 Δαυῖδ;
2229 1261 2440 1326 ’Λπλῶς
2492 1263 2577 1327 δὲ,
2632 1249 2726 1316 καὶ
2779 1261 2854 1324 ὡς
2908 1262 2966 1314 ὲν
3008 1260 3377 1326 ὑποτυπώσει,
3431 1263 3490 1315 ὲν
3524 1273 3554 1302 ι

1982 1349 2258 1420 κεφαλαίῳ
2314 1351 2510 1414 εἰπεῖν,
2573 1347 2848 1419 θρασύτης
2912 1346 3010 1417 μέν
3068 1348 3238 1409 ἐστιν,
3291 1347 3420 1400 ὅταν
3472 1361 3558 1409 τις

1981 1435 2267 1506 ὀργίζηται
2321 1435 2416 1488 καὶ
2465 1433 2661 1505 ὑϐρίζῃ
2703 1434 2797 1486 ἐπὶ
2851 1433 3043 1504 μηδενί⁵
3088 1433 3461 1505 προσήκοντι,
3519 1432 3555 1502 ἢ

1984 1522 2172 1576 ἑαυτὸν
2195 1522 2446 1588 ἐκδικῶν,
2485 1521 2520 1593 ἢ
2569 1521 2768 1582 ἀδίκως
2804 1538 2923 1584 πως
2949 1520 3348 1591 θρασυνάμενος
3371 1535 3386 1552 ο
3414 1521 3560 1591 παρα

1980 1607 2152 1680 ρησία
2186 1607 2243 1661 δὲ
2276 1608 2369 1661 καὶ¹
2407 1606 2659 1678 ἀνδρεία,
2704 1607 2832 1660 ὅταν
2865 1605 3125 1660 κινδύνων
3163 1605 3257 1659 καὶ
3311 1605 3560 1660 θανάτων

1980 1695 2320 1766 κατατολμᾷ,
2354 1694 2448 1748 καλ⁵
2473 1694 2655 1766 φιλίας
2686 1695 2782 1748 καὶ
2805 1692 3105 1766 ἀπεχθείας
3145 1693 3392 1764 ὑπερορᾷ
3415 1692 3560 1764 ὑπὲρ

1981 1781 2090 1837 τῶν
2116 1783 2417 1838 δοκούντων
2440 1782 2518 1854 τῷ
2541 1779 2680 1852 Θεῷ.
2721 1781 2890 1835 Πάλιν
2912 1780 3170 1834 κολακεία
3197 1779 3294 1850 μέν
3319 1781 3436 1832 ἐστι
3465 1780 3562 1832 καὶ

1982 1871 2352 1942 ἀνελευθερία,
2401 1871 2529 1925 ὅταν
2572 1887 2656 1934 τις
2704 1869 2981 1942 θεραπεύῃ
3031 1867 3186 1932 τινὰς
3227 1868 3320 1922 ἐπὶ
3374 1866 3564 1938 μηδενὶ

1982 1959 2089 2012 τῶν
2120 1958 2363 2020 δεόντων,
2393 1957 2528 2012 ἀλλά
2570 1955 2889 2028 θηρώμενός
2912 1973 2964 2008 τι
2986 1953 3096 2008 τῶν
3122 1953 3389 2024 βιωτικῶν
3412 1971 3426 1984 ·
3460 1970 3559 2006 τα-

1985 2043 2376 2115 πεινοφροσύνη
2395 2045 2471 2107 δὲ,
2490 2044 2617 2098 ὅταν
2639 2060 2724 2106 τις
2744 2041 2882 2114 ὑπὲρ
2900 2042 3010 2096 τῶν
3030 2041 3109 2112 τῷ
3126 2041 3244 2110 Θεῷ
3265 2038 3565 2094 δοκούντων

1985 2131 2142 2185 τοῦτο
2155 2132 2302 2202 ποιῇ,
2329 2131 2445 2197 καὶ,
2472 2129 2614 2182 ὥστε
2633 2127 2825 2182 ἀνύσαι
2867 2147 2919 2182 τι
2951 2127 3207 2199 μέγα-καὶ
3230 2125 3562 2196 θαυμαστὸν,

1989 2217 2096 2272 ἀπὸ
2125 2217 2220 2271 τοῦ
2244 2216 2554 2288 ἀξιώματος
2592 2216 2804 2286 καταϐῇ
2849 2213 2943 2268 τοῦ
2983 2214 3200 2267 ἑαυτοῦ.
3249 2213 3345 2265 Ἂν
3391 2211 3565 2266 ταῦτα

1991 2306 2241 2376 εἰδῶμεν,
2283 2304 2540 2376 μακάριοί
2579 2305 2763 2373 ἐσμεν,
2806 2301 2900 2356 ἐὰν
2939 2300 3091 2375 [255]
3131 2301 3372 2371 ποιῶμεν
3403 2300 3560 2353 αὑτά.

1991 2391 2066 2445 Οὑ
2092 2389 2199 2460 γὰρ
2227 2391 2386 2461 ἀρκεῖ
2428 2387 2489 2440 τὸ
2519 2386 2718 2440 εἰδέναι
2740 2403 2753 2417 ο
2789 2387 3025 2455 Οὐ-τὰρ
3057 2387 3113 2439 οἱ
3150 2381 3433 2453 ἀκροαταί
3459 2381 3566 2436 τοῦ

1991 2477 2201 2544 νόμου,
2242 2475 2429 2545 φησὶν,
2457 2472 2595 2527 ἀλλ’
2620 2476 2675 2526 οί
2711 2471 2950 2540 ποιηταί
2987 2470 3093 2524 τοῦ
3121 2470 3308 2538 νόμου
3339 2467 3567 2521 δικαιω-

1993 2563 2279 2632 θήσονται
2296 2561 2520 2632 ’μᾶλλον
2547 2559 2604 2612 δὲ
2632 2559 2727 2612 καὶ
2756 2557 3073 2629 κατακρίνει
3103 2556 3163 2610 τὸ
3191 2554 3408 2621 εἰδέναι,
3439 2553 3569 2606 ὅταν

1994 2649 2162 2720 χωρὶς
2196 2649 2294 2718 τῆς
2326 2647 2580 2719 πράξεως
2673 2647 2769 2699 καὶ
2810 2644 2917 2698 τῶν
2947 2642 3411 2713 κατορθωμάτων.
3447 2640 3573 2692 Ἵνα.

1995 2730 2086 2788 οῦν
2107 2735 2204 2805 τὴν
2226 2734 2543 2805 κατάκρισιν
2565 2733 2846 2803 φύγωμεν,
2868 2729 3212 2802 μετέλθωμεν
3231 2729 3329 2802 τῂν
3355 2726 3568 2797 πρᾶξιν,

1997 2823 2085 2876 ἶνα
2110 2820 2362 2892 τύχωμεν
2392 2813 2506 2874 τῶν
2537 2820 2963 2893 ἐπηγγελμένων
2984 2817 3224 2886 ἀγαθῶν,
3259 2815 3442 2887 χάριτι
3477 2814 3574 2868 καὶ

2005 2909 2382 2980 φιλανθρωπίᾳ
2409 2908 2502 2962 τοῦ
2531 2906 2738 2976 Κυρίου
2763 2905 2920 2977 ἡμῶν
2948 2904 3124 2977 Ἰησοῦ
3162 2901 3424 2974 Χριστοῦ.

2067 3091 2098 3120 ι
2121 3081 2265 3144 Legit.
2282 3079 2496 3130 Danaus
2515 3079 2599 3128 καὶ
2625 3078 2690 3128 ἐν.

1204 3325 3556 3368 ____________———

1831 3578 2074 3634 OMIAIA
2111 3573 2202 3645 ς’.

354 3750 543 3807 τοῦτο
585 3749 698 3816 γὰρ
736 3745 1067 3815 soporatan
1096 3743 1166 3797 ἐν
1205 3741 1369 3811 ὑμῖν,
1395 3741 1427 3795 ὃ
1462 3742 1561 3796 καί
1594 3740 1664 3794 ἑν
1691 3735 1921 3806 Χριστῷ

437 3835 664 3904 Ἰησοῦ’
706 3835 772 3900 ὃς
809 3832 878 3885 ἐν
911 3829 1116 3900 μορφῇ
1154 3828 1300 3882 Θεοῦ
1329 3828 1632 3896 ὑπάρχων,
1670 3827 1782 3895 οὐχ
1820 3826 1923 3893 ἁρ-

420 3925 656 3996 παγμὸν
683 3921 953 3993 ἡγήσατο
976 3918 1042 3974 τὸ
1069 3915 1221 3973 εῖναι
1246 3918 1352 3972 ἴσα
1378 3915 1518 3982 Θεῷ,
1549 3916 1686 3970 ἀλλ’
1710 3913 1924 3968 ἑαυτὸν

419 4014 700 4076 ὲκένωσε,
746 4008 990 4081 μορφὴν
1007 4006 1230 4062 δούλου
1257 4003 1478 4070 λαϐὼν,
1513 4003 1583 4057 ἐν
1609 4001 1924 4070 ὁμοιώματι

416 4099 749 4170 ἀνθρώπων
782 4098 1133 4167 γενόμενος,
1179 4091 1278 4146 καί
1335 4091 1598 4160 σχήματι
1667 4086 1925 4156 εὑρεθείς

419 4191 506 4255 ὼς
532 4189 858 4256 ἅνθρωπος,
906 4182 1310 4237 ἐταπείνωσεν
1327 4179 1564 4242 ἑαυτὸν,
1606 4177 1926 4246 γενόμενος

409 4275 696 4345 ·ὺπήιιοος
728 4272 902 4343 μέχρι
930 4269 1209 4333 θανάτου,
1242 4265 1500 4323 θανάτου
1536 4264 1604 4318 δὲ
1636 4261 1918 4331 σταυροῦ.

419 4458 498 4509 ἀ’.
517 4451 574 4504 ’0
595 4448 798 4520 Κύριος
819 4447 974 4518 ἡμῶν
1001 4443 1206 4518 Ἰησοῦς
1227 4440 1460 4514 Χριστὸς
1479 4439 1614 4511 πρὸς
1628 4437 1697 4491 τά
1716 4435 1927 4506 μεγάλα

346 4539 684 4611 ’προτρέπων
715 4537 839 4598 τοὺς
874 4532 1063 4587 ἑαυτοῦ
1101 4529 1368 4603 μαθητὰς,
1403 4526 1592 4580 ἑαυτὸν
1624 4525 1929 4590 ὑπόδειγμα

357 4629 561 4698 τίθησι,
588 4624 792 4678 καὶτὸν
820 4621 1059 4688 Πατέρα,
1088 4618 1182 4673 καὶ
1205 4619 1330 4680 τοὺς
1354 4615 1658 4687 προφήτας,
1699 4611 1773 4676 ὡς
1802 4612 1929 4698 ὅταν

345 4697 492 4785 ’λέγῂ
519 4731 533 4745 ·
585 4711 751 4764 Οὕτω
791 4710 902 4777 γὰρ
941 4707 1238 4773 ἐποίησαν
1273 4703 1398 4768 τοῖς
1438 4699 1771 4769 προφήταις
1808 4697 1931 4785 τοῖς

361 4784 695 4871 πρὸίῠμῶν·
733 4797 826 4851 καὶ
857 4794 1049 4858 πάλιν,
1097 4794 1164 4847 El
1199 4790 1304 4859 ἐμὲ
1349 4788 1623 4853 ἐδίωξαν,
1646 4787 1744 4840 καὶ
1777 4784 1932 4856 ὑμᾶς

363 4891 678 4956 διώξουσι*
705 4888 819 4949 καὶ,
845 4882 1072 4938 Μὰθετε
1116 4880 1218 4936 ἀπ’
1247 4878 1414 4950 ἐμοῦ,
1445 4877 1535 4930 ὅτι
1563 4872 1754 4943 πρᾶός
1783 4877 1929 4943 εἰμι’

353 4979 458 5034 καὶ
486 4977 668 5040 πάλιν,
700 4972 1079 5041 Οίκτίρμονες
1097 4968 1355 5040 γίνεσθε,
1381 4965 1460 5032 ὡς
1486 4967 1519 5020 ό
1543 4963 1744 5032 Πατὴρ
1771 4960 1937 5030 ὑμῶν

360 5069 402 5121 ὁ
437 5065 506 5120 ἐν
547 5063 670 5131 τοῖς
700 5057 1000 5130 οὐρανοῖς.
1034 5055 1206 5110 Τοῦτο
1244 5054 1337 5107 καὶ
1367 5052 1395 5104 6
1427 5051 1694 5123 μακάριος
1727 5047 1936 5112 Παῦλος

369 5157 530 5208 ποιεί.
579 5151 910 5224 Προτρέπων
937 5149 1044 5219 γὰρ
1072 5145 1268 5208 αὑτοὺς
1299 5144 1377 5207 είς
1414 5140 1933 5212 ταπεινοφροσύνην,

355 5243 461 5296 τὸν
489 5240 720 5310 Χριστὸν
765 5240 847 5301 είς
902 5236 1064 5307 μέσον
1096 5234 1383 5304 παρήγαγε
1404 5246 1418 5260 ·
1457 5235 1550 5285 καὶ
1577 5229 1676 5283 οὑκ
1705 5226 1936 5282 ἐνταῦθα

376 5330 554 5402 μόνον,
600 5327 735 5381 ἀλλά
769 5327 863 5379 καὶ
910 5325 999 5377 ὅτε
1043 5322 1171 5393 περὶ
1207 5319 1571 5391 φιλοπτωχίας
1607 5317 1934 5385 διαλέγεται,

362 5419 515 5475 οὕτω
555 5415 671 5480 πώς
717 5428 881 5483 φησι·
921 5409 1253 5466 Γινώσκετε
1288 5407 1398 5477 γὰρ
1453 5405 1566 5473 τὴν
1614 5404 1791 5473 χάριν
1831 5402 1936 5456 τοῦ

374 5506 595 5576 Κυρίου
660 5498 827 5571 ἡμῶν
893 5496 1088 5566 Ἰησοῦ
1136 5493 1428 5564 Χριστοῦ,
1491 5492 1581 5546 ὅτι
1643 5491 1717 5543 δι’
1781 5488 1940 5576 ἡμᾶς

373 5594 716 5664 ἐπτώχευσε
772 5587 1068 5651 πλούσιος
1119 5583 1223 5639 ῶν.
1289 5582 1453 5636 Οὐδὲν
1497 5581 1603 5650 γὰρ
1653 5577 1792 5633 οὕτω
1841 5575 1938 5664 τὴν

377 5663 620 5756 μεγάλην
651 5678 747 5732 καὶ
789 5673 1075 5745 φιλόσοφον
1114 5668 1289 5740 ψυχὴν
1330 5667 1628 5736 διανίστησι
1675 5664 1810 5736 πρὸς
1840 5663 1939 5735 τὴν

2021 3734 2128 3789 τῶν
2170 3731 2386 3803 ἀγαθῶν
2435 3729 2716 3802 ἐργασίαν,
2766 3727 2840 3792 ὡς
2873 3726 2935 3779 τὸ
2976 3723 3186 3797 μαθεῖν,
3228 3721 3310 3775 ὅτι
3348 3719 3426 3790 τῷ
3469 3715 3588 3788 Θεῷ

2023 3822 2165 3878 κατὰ
2234 3820 2391 3874 τοῦτο
2464 3815 2762 3889 ὁμοιοῦται.
2822 3814 2886 3868 Τί
2921 3815 3029 3886 γὰρ
3089 3812 3202 3864 ἴσον
3258 3808 3448 3862 τούτου
3508 3808 3589 3869 είς

2023 3910 2357 3981 προτροπήνς
2375 3905 2563 3960 Οὐδέν.
2585 3906 2650 3957 "O
2665 3903 2728 3975 δὴ
2742 3904 2836 3956 καὶ
2852 3900 3061 3964 Παῦλος
3078 3898 3251 3962 εἰδὼς,
3267 3894 3590 3968 προτρέπων

2023 3997 2217 4059 αὐτοὺς
2229 3997 2306 4058 είς
2321 3989 2831 4064 ταπεινοφροσύνην,
2853 3987 3066 4058 πρῶτον
3086 3985 3185 4056 μὲν
3199 3982 3588 4054 παρεκάλεσεν,

2027 4081 2304 4153 ἱκετηρίαν
2331 4080 2524 4150 ἔθηκεν
2544 4096 2557 4109 ο
2591 4076 2709 4130 εἶτα
2736 4077 2830 4128 καὶ
2863 4072 3228 4146 ὲντρεπτικῶς
3253 4066 3426 4133 εἶπεν,
3461 4071 3592 4124 Ὀτι

2023 4169 2092 4222 ἐν
2135 4167 2225 4221 ἐνὶ
2272 4166 2565 4234 πνεύματι
2609 4162 2902 4227 στήκετεο
2931 4155 3116 4224 εἶπεν,
3167 4159 3296 4210 ’Ὅτι
3337 4157 3594 4223 ἐκείνοις

2025 4255 2278 4319 ἔνδειξις
2317 4252 2636 4316 ἀπωλείας,
2686 4248 2832 4318 ὑμῖν
2861 4247 2928 4301 δὲ
2955 4246 3268 4316 σωτηρίας.
3301 4245 3407 4297 Καὶ
3438 4244 3594 4297 τοῦτο

2025 4344 2210 4398 λοιπὸν
2233 4343 2450 4413 τίθησι·
2494 4340 2674 4395 Τοῦτο
2714 4339 2825 4408 γὰρ
2873 4337 3204 4405 φρονείσθω
3250 4333 3322 4385 ἐν
3357 4333 3517 4402 ὑμῖν,
3557 4331 3590 4384 ὃ

2026 4433 2124 4488 καί
2148 4433 2218 4486 ἐν
2240 4429 2473 4500 Χριστῷ
2497 4427 2712 4495 Ἰησοῦ,
2734 4427 2801 4492 ὃς
2821 4426 2890 4480 ἑν
2905 4422 3107 4494 μορφῇ
3123 4421 3270 4476 Θεοῦ
3288 4421 3590 4490 ὑπάρχων.

2025 4524 2140 4590 οὐχ
2161 4518 2473 4588 ἁρπαγμὸν
2519 4516 2792 4586 ἡγήσατο
2837 4514 2905 4566 τὸ
2941 4508 3092 4566 εἶναι
3131 4511 3237 4563 ισα
3275 4508 3417 4574 Θεῷ,
3462 4507 3594 4562 ἀλλ’

2027 4607 2244 4662 ἑαυτὸν
2255 4605 2533 4668 ἐκένωσε,
2544 4601 2779 4672 μορφὴν
2797 4599 3021 4654 δούλου
3038 4597 3254 4652 λαϐὼν.
3276 4595 3592 4666 Προσέχετε.

2030 4693 2353 4767 παρακαλῶ,
2376 4692 2468 4746 καὶ
2480 4690 2821 4756 διανάστητε.
2847 4685 3114 4754 Καθάπερ
3127 4685 3234 4753 γάρ
3257 4699 3342 4744 τις
3358 4682 3598 4751 μάχαιρα

2029 4783 2178 4849 ὀξεῖα
2220 4781 2562 4849 ἑκατέρωθεν
2611 4774 2943 4847 ἡκονημένη,
2987 4773 3231 4840 ὅπουπερ
3273 4770 3340 4823 ἂν
3384 4768 3597 4838 ἐμπέσῃ

2032 4871 2138 4925 κᾶν
2171 4871 2250 4932 είς
2291 4867 2489 4938 μυρίας
2527 4864 2830 4934 φάλαγγας.
2863 4860 3098 4922 εὐκόλως
3127 4857 3296 4920 αὑτὰς
3320 4854 3600 4908 διακόπτει

2035 4959 2129 5012 καὶ
2161 4954 2430 5025 ἀφανίζει,
2469 4952 2545 5022 τῷ
2584 4950 2846 5005 πάντοθεν
2892 4947 3068 5012 ὀξεῖαν
3103 4939 3264 5006 εἶναι,
3309 4942 3405 4995 καὶ
3438 4940 3601 5010 μηδὲν

2033 5047 2132 5117 τὴν
2162 5043 2346 5114 ἀκμὴν
2379 5040 2550 5110 αὑτῆς
2571 5037 2756 5109 φέρειν
2776 5051 2791 5065 ο
2823 5033 2966 5089 οὕτω
2989 5034 3052 5103 δὴ
3076 5031 3169 5085 καὶ
3202 5030 3271 5083 τὰ
3306 5027 3398 5117 τοῦ
3435 5025 3603 5117 Πνεύῖ

2040 5111 2206 5204 ματος
2242 5111 2492 5200 βήματα.
2541 5125 2640 5178 Διά
2679 5123 2788 5193 γὰρ
2829 5122 3032 5175 τούτων
3070 5117 3178 5172 τῶν
3223 5115 3484 5204 ῥημάτων
3513 5111 3605 5204 καλ

2035 5197 2163 5283 τοὺς
2197 5197 2406 5288 ’Δρείου
2435 5212 2527 5267 τοῦ
2559 5210 2968 5281 Ἀλεξανδρέως,
3005 5207 3099 5260 καὶ
3121 5205 3246 5267 τοὺς
3272 5201 3487 5255 Παύλου
3512 5197 3603 5252 τοῦ

2040 5305 2190 5382 [εει]
2215 5287 2594 5374 Σαμοσατέως.
2622 5297 2853 5361 καὶτοὺς
2875 5293 3193 5366 Μαρκέλλου
3223 5287 3605 5382 τοῦ-Γαλάτου,

2043 5374 2135 5449 καὶ
2161 5374 2286 5455 τοὺς
2309 5387 2592 5442 Σαϐελλίου
2621 5383 2714 5439 τοῦ
2749 5384 2964 5447 Λίϐυος,
3012 5381 3106 5435 καὶ
3130 5379 3255 5442 τοὺς
3282 5374 3609 5444 Μαρκίωνος

2043 5481 2138 5536 τοῦ
2180 5476 2460 5541 Ποντικοῦ,
2505 5473 2598 5528 καὶ
2627 5472 2752 5535 τοῦς
2776 5469 3151 5529 Οὐαλεντίνου,
3202 5465 3298 5518 καὶ
3351 5461 3480 5524 τοὺς
3515 5457 3608 5512 τοῦ

2045 5569 2319 5630 Μάνεντος
2337 5563 2568 5625 καὶτοὺς
2598 5559 2692 5614 τοῦ
2723 5556 3028 5620 Λαοδικέως
3058 5549 3487 5620 Ἀπολλιναρίου,
3519 5542 3613 5598 καὶ

2045 5655 2342 5720 Φωτεινοῦ,
2377 5653 2472 5707 καὶ
2519 5647 2847 5720 Σωφρονίου,
2902 5644 2995 5698 καὶ
3049 5643 3228 5705 πάσας
3285 5636 3470 5700 ἁπλῶς
3512 5631 3612 5695 τὰς
