4030 6204
542 482 651 540 ﬁt?

545 607 814 666 sentctur,
855 596 949 655 sed
981 594 1252 651 humiliter
1296 602 1420 665 agat
1450 611 1466 650 :
1497 595 1647 648 novit
1678 595 1822 649 enim
1867 601 1922 647 et
1962 592 2129 646 libere

548 707 614 748 ac
645 691 868 746 fidenter
892 701 1082 758 agere;
1111 694 1170 740 ut
1205 699 1328 741 cum
1375 684 1582 753 inquit:
1620 681 1731 738 Viri
1757 682 1962 752 fratres,
1995 679 2126 734 nihil

549 782 787 838 adversus
813 768 1006 851 plebem
1031 778 1243 849 faciens,
1268 786 1355 830 aut
1381 792 1544 830 mores
1569 783 1824 846 paternos,
1844 774 2042 826 uinctus
2065 769 2127 823 ab

548 873 876 944 Jerosslymis
905 872 1124 925 traditus
1163 886 1274 924 sum
1307 869 1446 939 (Act.
1478 868 1570 931 28,
1604 865 1716 936 Π).
1761 863 1828 920 Ut
1855 863 2000 918 enim
2043 863 2128 916 in-

548 966 752 1035 telligas
775 961 1095 1017 humilitatis
1119 960 1282 1015 fuisse
1307 959 1421 1013 lure
1445 959 1630 1022 verba,
1657 954 1778 1009 audi
1800 969 1958 1025 quam
1985 953 2128 1022 ipsos

543 1059 788 1127 objurget
831 1057 887 1110 in
929 1055 1301 1124 sequentibus,
1356 1051 1428 1105 ita
1471 1050 1697 1104 dicens:
1730 1049 1866 1102 Bene
1905 1047 2130 1113 Spiritus

541 1161 744 1202 sanctus
772 1149 1006 1217 loquutus
1055 1155 1150 1211 est,
1182 1143 1318 1197 Aure
1346 1142 1586 1206 audietis,
1615 1151 1661 1194 et
1692 1156 1790 1193 non
1814 1138 2126 1209 intelligetis,

541 1251 586 1294 et
623 1239 844 1293 videntes
879 1237 1131 1300 videbitis,
1164 1246 1211 1289 et
1241 1251 1342 1288 non
1373 1233 1686 1303 perspicietis
1722 1231 1856 1296 (Act.
1884 1230 1972 1285 25.
2007 1227 2124 1298 96).

542 1330 709 1386 Vides
760 1328 1164 1384 fortitudinem?
1221 1326 1325 1382 Sed
1376 1324 1599 1380 Joannis
1657 1324 1817 1377 etiam
1876 1323 2127 1389 Baptista:

546 1421 910 1476 fortitudinem
937 1418 1234 1479 considera,
1262 1433 1363 1486 qua
1396 1432 1519 1485 erga
1562 1413 1824 1468 llerodem
1869 1427 1995 1466 usus
2020 1419 2122 1478 est,

546 1513 734 1568 dicens
762 1531 775 1567 :
804 1511 926 1565 Non
965 1512 1078 1565 licet
1109 1509 1196 1562 tibi
1232 1507 1416 1561 habere
1455 1521 1665 1560 uxorem
1693 1503 1925 1574 Philippi
1951 1502 2126 1573 fratris

549 1608 622 1659 tui
650 1605 843 1674 (Marc.
874 1605 925 1658 6.
959 1602 1070 1673 l8).
1094 1602 1207 1656 Hoc
1233 1600 1464 1654 ﬁdentia:
1489 1607 1592 1664 est,
1620 1597 1720 1651 hoc
1750 1595 2074 1650 fortitudinis
2105 1613 2122 1649 :

546 1708 603 1754 at
647 1715 750 1753 non
801 1698 958 1752 verba
1011 1697 1100 1750 illa
1148 1695 1323 1749 Semel
1350 1712 1365 1749 :
1396 1691 1764 1764 Egredere,vir
1816 1691 2125 1760 sanguinum

545 1790 620 1857 (2.
660 1790 788 1860 Reg.
818 1790 906 1844 16.
937 1789 1022 1858 7);
1056 1801 1376 1856 quamquam
1423 1793 1478 1839 et
1517 1784 1608 1837 ille
1651 1781 1876 1836 ﬁdenter
1910 1781 2120 1850 agebat.

541 1884 614 1934 At
642 1897 747 1934 non
775 1883 875 1934 hoc
903 1879 1160 1935 fortitudo
1189 1887 1291 1944 est,
1334 1877 1429 1931 sed
1457 1875 1678 1929 audacia
1718 1883 1772 1928 et
1797 1871 2121 1928 contumelia

535 1982 595 2026 et
635 1973 826 2041 linguze
878 1971 1309 2040 intemperantia.
1351 1967 1568 2024 Iezabel
1610 1966 1772 2021 etiam
1818 1964 2120 2019 convicium

538 2063 669 2119 fecit
712 2063 869 2124 Jcbu,
927 2063 1113 2116 dicens
1161 2079 1174 2113 :
1221 2062 1322 2127 Qui
1369 2059 1627 2129 interfecit
1673 2057 1931 2110 dominum
1969 2071 2120 2111 suum

541 2157 620 2224 (4.
656 2155 784 2226 Reg.
816 2155 870 2209 9.
899 2155 1022 2223 5|);
1050 2153 1145 2207 sed
1177 2153 1278 2206 hoc
1306 2151 1525 2205 audacia
1563 2158 1700 2215 erat,
1734 2165 1838 2204 non
1879 2149 2118 2204 fidentia.

541 2247 851 2303 Coiivicium
879 2256 932 2300 et
957 2246 1135 2300 llelias
1157 2244 1302 2309 fecit,
1329 2242 1426 2297 sed
1457 2242 1508 2296 id
1538 2241 1756 2297 lidentia
1788 2256 1851 2296 ac
1867 2240 2120 2297 fortitudo

541 2349 658 2392 erat
685 2357 698 2392 :
722 2337 844 2391 Non
873 2353 962 2407 ego
987 2337 1130 2389 turbo
1155 2334 1420 2405 pupulum,
1447 2333 1538 2386 sed
1567 2342 1638 2399 tu,
1669 2341 1716 2386 et
1753 2332 1933 2388 domus
1962 2334 2120 2403 patris

540 2435 615 2488 tui
649 2432 727 2504 (5.
763 2433 889 2504 Reg.
922 2433 1011 2488 l8.
1048 2432 1157 2502 18).
1204 2431 1410 2486 Rursus
1449 2431 1913 2500 erga-universum
1955 2446 2120 2501 popu-

537 2524 648 2578 lum
685 2524 914 2578 ildenter
938 2521 1134 2593 agebat
1162 2519 1342 2576 Helias
1371 2519 1554 2574 dicens
1581 2535 1595 2572 :
1629 2518 1899 2590 Usquequo
1920 2520 2112 2574 claudi-

532 2618 659 2670 catis
682 2618 904 2684 utrisque
929 2615 1108 2670 vestris
1129 2613 1408 2685 poplitibus
1439 2611 1543 2683 (Ib.
1573 2628 1622 2665 υ.
1648 2612 1708 2666 3|
1725 2613 1786 2681 )?
1818 2612 1929 2667 Hoc
1957 2612 2117 2682 igitur

533 2710 940 2780 modo-tangere
985 2707 1204 2763 fidentia
1242 2716 1359 2762 erat
1392 2714 1446 2760 et
1474 2705 1731 2760 fortitudo
1764 2723 1776 2758 :
1808 2705 1968 2776 idque
1991 2721 2116 2776 pro-

534 2798 1030 2868 [dieue-faciebant;
1072 2797 1204 2852 illud
1230 2795 1659 2852 autem-audacia
1689 2805 1827 2852 erat.
1861 2797 1953 2852 Vis
1979 2813 2114 2867 prae—

531 2898 676 2944 terea
714 2889 1052 2954 humilitatis,
1100 2904 1164 2942 ac
1212 2887 1474 2942 libertatis
1518 2885 1705 2940 audire
1746 2886 1944 2942 verba?
1989 2888 2113 2944 audi

538 2981 756 3035 Paulum
799 2981 1068 3038 dicentem
1096 2999 1109 3034 :
1141 2980 1274 3034 Mihi
1313 2992 1481 3035 autem
1512 2995 1602 3050 pro
1641 2981 1848 3035 minimo
1880 2989 1974 3045 est,
2001 2990 2055 3034 ut
2083 2999 2114 3035 a

536 3073 670 3126 vobis
688 3073 901 3142 iudicer,
929 3083 1015 3126 aut
1049 3073 1112 3126 ab
1133 3074 1352 3127 humano
1378 3074 1460 3127 die
1491 3089 1510 3128 .'
1533 3074 1620 3128 sed
1659 3090 1817 3144 neque
1842 3089 1921 3126 me
1946 3073 2111 3141 ipsmn

526 3163 726 3231 judico.
755 3162 901 3216 Nihil
927 3164 1058 3216 enim
1084 3164 1209 3216 mihi
1236 3164 1468 3218 conscius
1510 3179 1654 3228 sum;
1684 3165 1771 3218 sed
1799 3179 1899 3216 non
1937 3164 1990 3216 in
2016 3164 2112 3215 hoc

521 3255 832 3324 justi/ionius
857 3271 969 3308 sum
995 3255 1069 3325 (l.
1101 3253 1219 3310 Cor.
1251 3256 1304 3309 4.
1333 3256 1386 3311 5.
1423 3256 1502 3326 4).
1547 3254 1860 3325 liujusmodi
1890 3255 2109 3324 spiritus

525 3347 886 3401 Christianum
908 3346 1121 3402 decent.
1150 3349 1226 3401 Ac
1247 3363 1456 3413 rursus,
1480 3347 1642 3401 Audet
1663 3348 1844 3416 aliquis
1868 3357 2104 3413 vestrum,

527 3438 712 3491 habens
753 3438 1008 3510 negotium
1043 3439 1280 3491 adversus
1308 3437 1546 3501 alterum,
1580 3438 1808 3509 judicari
1841 3437 1981 3508 apud
2010 3438 2109 3492 ini-

522 3547 670 3598 quos,
698 3541 748 3585 et
774 3547 874 3584 non
898 3525 1261 3600 apud'sanctos
1283 3532 1358 3602 (l.
1386 3531 1504 3586 Cor.
1528 3535 1581 3588 ιι.
1607 3535 1659 3589 5.
1682 3535 1776 3603 4)¹ῖ
1808 3533 1898 3588 Vis
1923 3546 2106 3588 amen-

525 3621 658 3675 tium
712 3621 1019 3676 Judaeorum
1074 3624 1490 3678 assentationem
1553 3627 1916 3695 cognoscere?
1979 3626 2103 3679 audi

529 3709 672 3778 ipsos
695 3711 956 3777 dicentes,
991 3711 1098 3766 Nos
1133 3730 1230 3766 non
1252 3714 1489 3769 habemus
1512 3733 1696 3787 regem,
1727 3717 1824 3770 nisi
1851 3715 2102 3771 Cwsarem

529 3799 706 3869 (Joan.
738 3801 825 3854 l9.
863 3803 972 3870 15).
1032 3802 1121 3857 Vis
1165 3818 1484 3874 cognoscere
1537 3806 1927 3862 humilitatem?
1973 3807 2098 3862 audi

1425 477 1494 534 ΙΝ
1530 476 1746 535 Ειηδτ.
1785 477 1878 533 AD
1913 473 2198 533 PliiLlPP.
2237 475 2393 535 CAP.
2435 479 2499 536 ll.
2541 481 2771 543 ΙΙΟΜΙῘ..
2814 482 2903 539 Vl.

3717 483 3834 542 213

2231 608 2419 651 rursus
2473 595 2695 652 Paulum
2747 598 3054 662 dicentem,
3116 594 3238 651 Non
3297 595 3431 650 enim
3492 597 3828 668 nosmetipsos

2232 689 2588 756 pranticamus,
2627 689 2927 744 sed'Jesum
2961 688 3217 743 Christum
3257 686 3549 755 Dominum,
3597 703 3695 772 nos.
3727 704 3822 741 au-

2231 788 2329 832 tem
2381 796 2548 834 servos
2596 791 2784 836 vestros
2828 797 2919 852 per
2962 780 3139 835 .I'esnm
3184 781 3275 850 (l.
3325 780 3442 834 Cor.
3492 781 3547 835 4.
3592 779 3679 852 5).
3732 781 3822 836 Vis

2231 881 2285 925 et
2331 872 2747 926 assentationem
2807 881 2863 927 et
2921 871 3198 927 atulaciam
3253 871 3481 926 vid‘cre?
3531 869 3819 927 considera

2231 961 2508 1018 audaciam
2557 963 2774 1033 quidem
2822 962 3030 1029 Nabal,
3083 963 3500 1018 assentationem
3547 978 3676 1017 vero
3725 962 3818 1017 Zi-

2233 1053 2504 1124 plneorum
2531 1057 2610 1125 (l.
2643 1055 2770 1127 Reg.
2802 1055 2892 1110 25.
2925 1065 2972 1110 et
3008 1055 3106 1124 25)
3137 1073 3150 1108 :
3176 1055 3464 1125 quomodo
3486 1055 3576 1110 ille
3602 1055 3817 1125 quidem

2232 1146 2508 1201 maledicta
2529 1148 2787 1214 jaciebat;
2812 1148 2898 1202 isti
2923 1163 3071 1213 vero,
3096 1158 3351 1217 quantum
3375 1146 3704 1216 ad‘ipsorum
3726 1162 3821 1202 vo-

2231 1235 2488 1292 luntatem
2510 1246 2565 1292 et
2585 1238 2867 1292 consilium
2891 1238 3143 1308 pertinet,
3167 1237 3420 1293 Davidem
3444 1237 3814 1308 prodiderunt.

2234 1325 2323 1381 Vis
2345 1343 2447 1383 non
2470 1329 2906 1394 assentationem,
2929 1329 3022 1383 sed
3044 1328 3436 1398 philosophiam
3453 1344 3778 1399 cognoscere
3793 1329 3819 1383 τ

2229 1420 2509 1474 considera
2541 1421 2794 1475 Davidem
2828 1421 3127 1489 intercepto
3171 1420 3317 1474 Sauli
3360 1430 3690 1489 parcentem.
3723 1419 3817 1476 Vis

2228 1512 2642 1567 assentationem
2666 1512 3028 1581 cognoscere?
3064 1511 3348 1565 considera
3375 1524 3490 1574 eos,
3533 1510 3621 1580 qui
3651 1510 3817 1564 Mem-

2229 1602 2510 1674 phibosten
2541 1604 2614 1673 (a)
2639 1602 3063 1658 interfecerunt:
3095 1616 3230 1672 quos
3277 1601 3399 1657 ideo
3438 1600 3599 1656 etiam
3648 1599 3818 1655 David

2227 1709 2268 1749 e-
2289 1694 2474 1749 niedio-
2506 1695 2738 1749 sustulit.
2768 1694 3002 1748 Omnino
3043 1704 3244 1757 autem,
3289 1694 3688 1748 utrsummatim
3719 1693 3817 1749 du-

2227 1786 2546 1849 scribamus,
2580 1784 2802 1839 audacia
2849 1784 3067 1855 quidem
3100 1794 3205 1851 est,-
3248 1784 3298 1839 si
3325 1784 3444 1855 quis
3475 1785 3737 1838 irascatur
3759 1793 3822 1840 et

2225 1876 2523 1930 convicium
2554 1874 2710 1930 faciat
2751 1876 2950 1929 nullam
2994 1875 3278 1945 objustam
3308 1890 3630 1945 gravemque
3673 1890 3804 1929 cau-

2225 1983 2362 2034 sam,
2386 1967 2478 2023 sed
2503 1979 2593 2021 aut
2616 1967 2851 2037 seipsum
2877 1967 3164 2033 ulciscens,
3192 1976 3282 2020 aut
3309 1967 3415 2021 alio
3441 1966 3633 2036 quovis
3652 1966 3812 2021 modo

2225 2059 2420 2128 injuste
2471 2057 2880 2114 effervescens:
2910 2057 3129 2114 fidentia
3175 2067 3374 2112 autem-
3409 2067 3464 2112 et
3513 2056 3808 2126 fortitudo,

2223 2152 2496 2222 cumquis
2518 2151 2778 2206 adversus
2810 2151 3053 2222 pericula
3075 2159 3388 2206 et-mortcm
3416 2149 3597 2217 audet,
3626 2151 3812 2205 amici-

2224 2245 2326 2298 tias
2374 2252 2429 2300 et
2471 2243 2786 2299 inimicitias
2825 2243 3056 2314 deSpicit
3101 2259 3198 2313 pro
3243 2243 3309 2298 iis
3351 2242 3512 2300 rebus
3540 2258 3659 2312 qua:
3699 2243 3811 2299 Deo

2223 2336 2536 2407 probantur.
2570 2337 2776 2391 Rursus
2821 2337 3114 2391 assentatio
3145 2336 3360 2406 quidem
3393 2345 3448 2391 et
3475 2335 3810 2391 illiberalitas

2221 2437 2324 2494 est,
2355 2429 2524 2484 cuivis
2553 2430 2836 2496 inservire,
2869 2444 2975 2483 non
3003 2429 3074 2484 ob
3098 2443 3189 2484 eas
3219 2443 3304 2483 res
3347 2443 3467 2498 quae
3495 2443 3631 2497 opus
3660 2437 3806 2494 sunt,

2220 2521 2315 2576 sed
2356 2520 2558 2590 aliquid
2599 2520 2740 2591 quod
2786 2520 2853 2576 ad
2883 2519 3021 2575 hanc
3062 2520 3223 2573 vitam
3255 2517 3415 2573 faciat
3458 2528 3806 2588 captantem:

2221 2612 2493 2667 humilitas
2522 2627 2671 2679 vero,
2714 2612 2758 2666 si
2799 2613 2920 2683 quis
2947 2611 3016 2666 ob
3042 2625 3252 2673 causas,
3285 2625 3404 2681 qua:
3434 2610 3544 2665 Deo
3569 2609 3809 2681 proban-

2220 2715 2328 2770 tur,
2374 2705 2426 2761 id
2457 2705 2652 2770 faciat;
2698 2705 2924 2775 ideoque
2967 2719 2996 2759 a
3023 2704 3190 2776 gradu
3233 2703 3510 2774 dignitatis
3561 2717 3673 2756 sua:
3713 2701 3808 2757 dc-

2217 2797 2460 2866 scendat,
2519 2807 2577 2853 ut
2631 2814 2879 2869 magnum
2927 2797 3220 2869 quippiam,
3281 2806 3441 2866 atque
3491 2792 3809 2849 admirabile

2216 2907 2354 2961 opus
2384 2891 2647 2960 perficiat.
2695 2890 2750 2946 Si
2795 2889 2911 2944 haec
2959 2889 3215 2955 sciamus,
3257 2901 3321 2941 ac
3361 2894 3621 2956 prieterea
3653 2883 3809 2939 factis

2216 2984 2602 3052 exprimamus,
2626 2983 2764 3037 beati
2792 2983 3016 3038 erimus.
3040 2981 3153 3036 Non
3180 2981 3322 3036 enim
3355 2981 3486 3035 satis
3514 2979 3765 3034 est‘scire
3789 2996 3805 3033 :

2219 3075 2341 3130 Non
2369 3077 2500 3129 enim
2529 3077 2784 3130 auditores
2808 3075 2951 3146 legis,
2985 3075 3175 3145 inquit,
3203 3076 3298 3129 sed
3319 3078 3537 3145 factores
3562 3073 3688 3142 legis
3706 3073 3805 3142 ju~

2214 3169 2565 3236 stiﬁcabuntur
2611 3168 2786 3240 (Rom.
2815 3165 3006 3237 2.15).
3062 3167 3365 3234 Quinetiam
3411 3164 3646 3235 cognitio
3692 3164 3806 3232 ipsa

2214 3262 2555 3324 condemnat,
2583 3261 2627 3315 si
2656 3260 2809 3314 factis
2843 3259 3161 3328 virtutisque
3191 3258 3383 3312 ol'liciis
3412 3255 3664 3310 caruerit.
3702 3253 3808 3307 Ita-

2217 3371 2323 3425 que
2375 3364 2433 3408 ut
2486 3352 2991 3408 condemnationem
3047 3351 3312 3412 \itemu-s,
3369 3347 3612 3401 actiones
3663 3345 3806 3413 ipsas

2219 3445 2478 3499 obeamus
2505 3458 2518 3495 ε
2549 3451 2606 3496 ut
2637 3441 2898 3510 promissa
2929 3453 3324 3507 consequamur
3349 3437 3510 3502 bona,
3553 3435 3807 3510 gratia-ct

2214 3534 2541 3609 benignitate
2564 3532 2772 3588 Domini
2805 3531 2972 3586 nostri
2999 3530 3127 3586 Jcsu
3153 3528 3371 3590 Christi,
3393 3535 3504 3589 etc.

2272 3753 2344 3815 (a)
2368 3755 2452 3802 Hic
2477 3749 2822 3815 Memphiboste
2861 3762 2947 3811 pro
2970 3746 3196 3815 ishoseth
3229 3750 3325 3801 aut
3345 3743 3498 3806 lapsu.
3515 3740 3763 3795 memoria:
3783 3776 3798 3799 ,

2209 3812 2293 3866 aut
2314 3812 2682 3864 amauucusium
2708 3824 2877 3861 errore
2900 3812 3106 3873 positqu
3131 3815 3230 3858 est.-

1898 4016 2246 4080 HOMILIA
2289 4017 2399 4080 v1.
3135 3975 3141 3979 ’

513 4150 643 4206 Car.
675 4151 729 4207 2.
759 4167 815 4210 γ.
861 4154 914 4209 5.
955 4153 1065 4209 Hoc
1089 4156 1224 4210 enim
1259 4157 1505 4212 sentiatur
1529 4158 1582 4212 in
1623 4159 1779 4223 vobis,
1810 4159 1944 4229 quod
1969 4168 2018 4214 et
2045 4159 2098 4214 in

586 4243 788 4298 Christo
814 4243 941 4299 Jesu
971 4246 1061 4301 :6.
1105 4250 1190 4317 qui
1225 4266 1340 4302 cum
1383 4251 1435 4302 in
1461 4253 1626 4320 forma
1655 4249 1754 4304 Dei
1794 4260 1943 4315 esset,
1996 4267 2098 4305 non

583 4337 821 4405 rapinam
853 4337 1128 4393 arbitratus
1162 4349 1235 4393 est
1265 4357 1373 4394 esse
1395 4358 1449 4394 se
1475 4341 1719 4405 azqualem
1748 4339 1894 4406 Deo;
1927 4341 1978 4394 7.
2006 4341 2098 4395 sed

581 4428 908 4497 semetipsum
940 4429 1214 4483 exinanivit
1236 4435 1452 4501 formam
1481 4434 1610 4486 servi
1637 4433 1908 4504 accipiens,
1940 4436 1993 4487 in
2021 4434 2096 4488 si-

580 4517 867 4571 militudine
913 4519 1173 4573 hominum
1217 4527 1404 4592 factus,
1451 4532 1497 4576 et
1546 4525 1718 4578 habitu
1765 4525 1993 4578 inventus
2041 4535 2097 4578 ut

585 4605 734 4658 homo
763 4607 853 4662 :8.
903 4610 1187 4664 humiliavit
1239 4614 1596 4683 semetipsum,
1647 4616 1812 4684 factus
1858 4615 2093 4671 obediens

585 4712 745 4764 usque
767 4697 833 4750 ad
859 4711 1065 4754 mortem
1086 4742 1102 4766 ,
1133 4712 1342 4757 mortem
1370 4715 1533 4758 autem
1555 4707 1740 4760 erucis.

584 4789 636 4843 1.
682 4789 934 4847 Dominus
963 4804 1145 4849 uoster
1169 4795 1325 4850 .lcsus
1353 4797 1603 4852 Christus
1641 4799 1932 4870 discipulos
1967 4815 2094 4856 suos

507 4879 575 4934 ad
605 4896 792 4952 magna
814 4884 1125 4951 cohortans,
1146 4889 1381 4955 seipsum
1413 4900 1468 4944 et
1496 4891 1704 4945 Patrem
1729 4902 1780 4946 et
1805 4894 2093 4963 prophetas

507 4986 604 5040 pro
648 4977 895 5045 exemplo
923 4980 1202 5047 proposuit
1230 4999 1243 5034 :
1276 4982 1437 5035 veluti
1477 4997 1596 5037 cum
1636 4985 1785 5049 dicit,
1830 4985 1914 5038 Ita
1958 4987 2090 5039 enim

504 5078 558 5116 se
590 5076 848 5133 gesserunt
889 5069 1130 5123 adversus
1171 5072 1464 5140 praphetas,
1501 5075 1586 5141 qui
1617 5077 1818 5144 fuerunt
1856 5086 1977 5130 ante
2007 5095 2093 5131 vos

512 5154 724 5223 (Matth.
758 5159 811 5213 5.
843 5159 966 5228 19);
1014 5169 1065 5214 et
1094 5176 1300 5226 rursus,
1347 5162 1406 5216 Si
1436 5181 1514 5217 me
1555 5167 1839 5235 persequuti
1878 5178 2012 5233 sunt,
2046 5176 2092 5220 et

501 5263 588 5301 eos
615 5263 973 5318 persequentur
1000 5251 1177 5320 (Joan.
1206 5255 1290 5309 l5.
1321 5254 1446 5324 20);
1477 5265 1551 5323 et,
1583 5256 1776 5310 Discite
1811 5276 1842 5310 a
1869 5275 1947 5312 me
1974 5260 2092 5327 quia

498 5356 608 5393 sum
631 5342 771 5395 mitis.
795 5342 876 5410 (Μ
881 5343 1009 5397 attlt.
1040 5345 1125 5399 Η.
1154 5345 1285 5416 9.9);
1308 5354 1363 5400 et
1383 5362 1589 5410 rursus,
1617 5347 1790 5400 Estote
1809 5349 2091 5402 πήδα-ἰσον-

500 5431 605 5492 des,
637 5433 766 5485 sicut
796 5444 842 5486 et
884 5433 1041 5488 Pater
1067 5446 1244 5501 uester,
1276 5437 1364 5506 qui
1394 5438 1443 5490 in
1465 5439 1602 5491 caelis
1625 5449 1695 5492 est
1727 5437 1873 5508 (Luc.
1896 5439 1947 5493 6.
1972 5439 2087 5510 56).

500 5521 554 5576 ιιι
584 5524 772 5579 beatus
801 5527 961 5580 etiam
997 5528 1190 5582 Paulus
1219 5530 1341 5584 facit
1372 5548 1385 5584 :
1416 5531 1710 5584 adhortans
1733 5532 1874 5586 enim
1905 5548 1998 5588 eos
2020 5533 2086 5587 ad

498 5613 880 5681 humilitatem,
910 5618 1180 5674 Christum
1213 5620 1264 5676 in
1295 5622 1526 5676 medium
1552 5622 1890 5690 adducebat;
1916 5642 2088 5695 neque

498 5703 584 5758 hic
614 5705 911 5772 dumtaxat,
969 5709 1065 5764 sed
1111 5712 1273 5766 etiam
1305 5713 1519 5782 quando
1549 5714 1764 5769 disserit
1792 5715 1858 5770 de
1906 5732 2089 5772 amore

498 5811 622 5864 erga
671 5811 975 5868 pauperes,
1022 5801 1183 5855 modo
1229 5803 1460 5872 quodam
1504 5806 1572 5858 ita
1615 5805 1848 5876 loquitur
1884 5824 1896 5860 :
1932 5807 2090 5861 Scitis

497 5891 627 5945 enim
655 5890 877 5961 gratiam.
899 5889 1105 5949 Domini
1131 5896 1289 5950 nostri
1315 5894 1351 5948 J
1356 5912 1442 5950 esu
1469 5895 1678 5964 Christi,
1701 5899 1941 5967 quoniam
1965 5915 2084 5967 pro-

2207 4167 2316 4228 pter
2347 4176 2438 4214 nos
2463 4175 2651 4230 egenus
2677 4161 2966 4228 factus-est,
3010 4172 3137 4210 cum
3165 4165 3292 4210 esset
3305 4157 3454 4212 dives
3477 4158 3556 4229 (2.
3587 4159 3705 4216 Car.
3741 4159 3794 4215 8.

2205 4251 2284 4320 9).
2331 4250 2473 4304 Nihil
2523 4249 2664 4303 enim
2712 4247 2985 4302 excelsum
3034 4259 3096 4300 ac
3125 4245 3505 4317 philoSOphum
3549 4251 3792 4304 animum

2203 4355 2355 4409 atque
2384 4339 2450 4393 ad
2481 4341 2616 4393 bona
2641 4353 2804 4407 opera
2825 4335 3074 4392 obeunda
3103 4337 3323 4402 excitat,
3355 4352 3418 4393 ac
3444 4339 3488 4392 si
3513 4337 3793 4409 intelligat,

2205 4430 2304 4484 hac
2335 4446 2393 4485 re
2425 4431 2534 4484 Deo
2563 4446 2622 4484 se
2649 4430 2882 4484 similem
2913 4429 3049 4482 ﬁeri.
3079 4427 3214 4493 Quid
3245 4430 3389 4483 enim
3417 4447 3590 4500 aeque,
3632 4441 3794 4501 atque

2204 4520 2327 4586 hoc,
2373 4519 2897 4575 adcohortationem
2928 4519 3140 4573 valeat?
3179 4518 3348 4573 Nihil;-
3384 4521 3532 4588 QIIOtI
3565 4539 3696 4578 sane
3739 4533 3796 4577 et

2204 4614 2402 4669 Paulus
2444 4614 2644 4678 sciens,
2675 4613 2808 4668 istos
2838 4613 2903 4667 ad
2935 4613 3290 4668 Inimilitatem
3336 4615 3654 4681 exhortans,
3685 4617 3795 4687 pri-

2204 4722 2349 4761 mmn
2379 4706 2596 4775 quidem
2628 4706 2931 4760 obsecravit
2977 4715 3032 4761 et
3076 4706 3428 4777 supplicavit;
3459 4708 3653 4763 deinde
3696 4724 3794 4763 eo-

2202 4796 2465 4851 hortantis
2495 4812 2644 4852 more
2670 4797 2820 4862 dixit,
2847 4797 2979 4863 Quia
3003 4800 3146 4852 statis
3173 4799 3226 4851 in
3257 4815 3356 4852 uno
3381 4800 3564 4868 spiritu
3578 4817 3609 4864 ;~
3625 4799 3782 4866 dixit,

2205 4889 2364 4955 Quod
2402 4889 2524 4944 illis,
2548 4900 2620 4944 est
2665 4900 3016 4961 argumentum
3063 4892 3394 4958 perditionis,
3439 4890 3575 4944 vobis
3622 4901 3790 4944 autem

2199 4983 2382 5038 salutis
2414 4981 2671 5054 (Philipp.
2699 4984 2748 5037 l.
2779 4983 2869 5037 27.
2891 4983 3017 5051 28):
3039 4983 3186 5036 Nunc
3217 4999 3342 5036 vero
3374 4984 3586 5036 tarnlem
3614 4992 3668 5038 ct
3690 4983 3792 5039 hoc

2198 5074 2354 5130 θῆρε-ι
2384 5092 2396 5128 :
2434 5074 2546 5128 [loc
2572 5079 2714 5128 enim.
2732 5077 2977 5129 sentiatur
3009 5075 3064 5127 in
3088 5075 3245 5140 vobis,
3273 5075 3483 5144 quod-et
3510 5076 3562 5128 in
3591 5077 3792 5131 Christo

2197 5166 2342 5233 Iesu,
2375 5168 2460 5236 qui
2498 5184 2613 5221 cum
2654 5169 2708 5220 in
2734 5173 2900 5238 forma
2933 5167 3025 5219 Dei
3055 5177 3203 5232 esset,
3252 5183 3355 5220 non
3388 5168 3623 5236 rapinam
3653 5171 3790 5225 arbic

2199 5272 2365 5314 tratus
2389 5271 2459 5314 est
2487 5277 2598 5315 esse
2629 5277 2682 5314 se
2706 5261 2952 5329 (aqualem
2986 5259 3115 5322 Deo,
3141 5260 3229 5312 sed
3256 5261 3579 5332 semetipsum
3607 5266 3788 5318 exina-

2198 5353 2341 5416 nivit,
2397 5357 2614 5422 formam
2659 5353 2788 5405 servi
2836 5351 3112 5419 accipiens.
3166 5352 3470 5417 Attendite,
3518 5356 3744 5411 obsecro
3769 5397 3790 5424 ,

2198 5453 2359 5512 atque
2388 5442 2678 5511 exsurgite.
2711 5441 2922 5495 Etenim
2950 5442 3397 5517 quemadmodum
3427 5447 3634 5516 gladius
3665 5451 3787 5517 qui-

2199 5533 2320 5588 dam
2352 5533 2620 5600 utrimque
2659 5540 2871 5594 acutus,
2905 5548 3242 5603 quocumque
3271 5535 3538 5601 inciderit,
3571 5539 3785 5595 etiamsi

2199 5625 2251 5678 in
2299 5631 2579 5677 sexcentos
2618 5621 2931 5688 phalangas,
2981 5622 3136 5678 facile
3186 5627 3326 5693 ipsas
3377 5629 3674 5696 perrumpit
3722 5645 3786 5684 ac

2199 5716 2375 5777 delet;
2423 5729 2488 5768 eo
2527 5712 2669 5783 quod
2724 5712 2957 5781 undique
3005 5725 3157 5768 acula
3207 5726 3307 5777 cst,
3359 5719 3598 5788 nihilque
3642 5722 3784 5776 illius

2198 5806 2367 5860 aciem
2401 5804 2538 5859 ferre
2561 5811 2735 5873 potest
2766 5822 2778 5857 ε
2813 5804 2883 5856 ita
2914 5805 3070 5872 plane
3100 5815 3151 5858 et
3178 5805 3406 5877 Spiritus
3433 5811 3613 5865 verba.
3648 5812 3783 5865 Mm

2198 5897 2282 5952 his
2327 5897 2456 5966 ipsis
2493 5895 2672 5951 verbis
2719 5903 2772 5950 ct
2818 5895 2926 5948 Arii
2977 5898 3316 5953 Alexandrini
3364 5912 3677 5969 sectatores,
3730 5913 3784 5957 et
