4030 6204
275 374 380 430 919

283 487 432 542 Pauli
482 484 843 554 Samosateni,
894 494 950 543 et
996 487 1228 542 Marcelli
1280 487 1502 555 Galate,
1541 496 1596 543 et
1645 486 1864 545 Sabellii

286 579 491 651 Libyci,
524 589 579 635 et
621 579 903 636 Marcionis
929 579 1156 646 Pontici,
1197 587 1252 634 et
1281 579 1573 645 Valentini,
1603 590 1656 634 et
1685 579 1866 635 Mane-

287 670 374 732 tis,
405 679 457 725 et
479 670 822 726 Laodicensis
850 670 1185 739 Apollinarii,
1217 680 1270 726 et
1289 670 1526 737 Photini,
1549 680 1604 727 et
1629 669 1866 738 Saphra-

282 762 354 815 nii
387 762 484 831 (a).
528 777 821 830 omnesque
874 762 1094 817 omnino
1140 763 1376 817 hmreses
1430 763 1732 830 prostravit.
1799 760 1866 816 Ut

287 854 464 923 itaque
508 854 575 908 ad
625 853 928 924 hujusmodi
969 856 1330 924 spectaculum
1376 855 1605 916 invitati.
1656 864 1716 908 ut
1763 869 1864 908 una

283 947 432 1018 plaga
466 958 544 1002 tot
572 948 892 1018 phalangum
938 950 1143 1004 ruinam
1183 948 1371 1014 visuri,
1424 947 1751 1014 exeitamini,
1799 962 1867 1001 ne

283 1038 570 1106 spectaculi
591 1038 899 1107 jucunditas
930 1054 1023 1093 vos
1045 1039 1404 1109 praetervolet.
1435 1038 1565 1093 Nam
1592 1038 1634 1093 si
1666 1038 1718 1090 in
1745 1054 1868 1091 cur-

285 1147 440 1186 ruum
472 1141 635 1202 atque
676 1147 938 1201 equorum
986 1131 1366 1186 certaminibus
1407 1131 1538 1184 nihil
1566 1146 1716 1200 teque
1745 1145 1856 1199 spe-

282 1233 424 1277 rlalu
451 1224 746 1292 jucundum
793 1232 895 1288 est.
942 1237 1004 1278 ac
1046 1239 1165 1278 cum
1203 1224 1320 1293 quis
1350 1231 1491 1277 totos
1535 1237 1721 1278 currus
1764 1236 1863 1276 una

283 1333 404 1370 cum
455 1316 651 1386 aurigis
701 1317 930 1386 impulsu
988 1317 1104 1386 ipso
1152 1316 1516 1386 prostraverit,
1576 1314 1866 1384 multisque

287 1410 560 1482 quadrigis
590 1410 913 1480 resupinatis
945 1425 1044 1464 una
1077 1424 1198 1464 cum
1244 1408 1612 1464 insistentibus
1639 1407 1861 1478 aurigis,

283 1505 432 1560 solus
471 1503 536 1558 ad
580 1513 775 1558 metam
806 1503 1116 1572 calcemque
1154 1502 1342 1572 agonis
1371 1500 1710 1570 pervenerit;
1753 1514 1866 1554 ma-

283 1611 527 1665 gnusquc
553 1595 788 1664 undique
818 1594 1032 1663 plausus
1061 1603 1114 1650 et
1139 1594 1341 1648 clamor
1365 1593 1433 1647 ad
1456 1593 1644 1648 omium
1669 1606 1864 1646 ascen-

284 1689 426 1742 derit
453 1705 467 1743 :
498 1689 586 1743 ille
615 1703 746 1742 vero
774 1704 837 1744 ex
865 1687 1049 1741 laetitia
1075 1694 1129 1741 et
1156 1686 1428 1756 plausibus
1453 1685 1607 1755 quasi
1632 1683 1865 1740 volucris

289 1777 461 1832 factus
491 1787 658 1833 totum
688 1778 917 1833 stadium
943 1778 1095 1848 equis
1115 1776 1407 1834 confecerit
1434 1793 1447 1830 :
1475 1785 1674 1847 quanto
1695 1775 1866 1845 major

285 1869 412 1924 hinc
438 1869 662 1925 exsistet
677 1869 943 1938 voluptas,
968 1883 1092 1924 eum
1116 1868 1354 1925 omnium
1377 1868 1637 1923 haeresum
1665 1880 1868 1922 cuneos

283 1973 338 2018 et
373 1963 634 2020 diabolica
674 1963 1099 2018 machinamenta
1147 1976 1250 2017 una
1291 1976 1413 2015 cum
1464 1960 1662 2030 aurigis
1712 1959 1864 2030 ipsis,

284 2054 378 2108 Dei
421 2054 613 2124 gratia,
645 2054 825 2110 omnia
856 2055 1014 2109 simul
1059 2052 1346 2110 confertim
1373 2053 1869 2122 prostraverimus?

283 2147 364 2200 Ac
393 2147 436 2200 si
474 2147 623 2214 libet,
651 2147 882 2217 primum
914 2147 1151 2207 haereses
1182 2149 1325 2216 ipsas
1371 2161 1438 2204 ex
1481 2146 1674 2204 ordine
1700 2146 1868 2201 collo-

281 2252 486 2294 ceruus.

361 2327 575 2385 Errores
602 2325 836 2394 Sabellii,
871 2327 1171 2392 Marcionis,
1215 2327 1473 2393 Marcelli,
1504 2326 1738 2394 Pltotini,
1766 2328 1870 2384 So-

287 2421 514 2490 plu'onii,
559 2420 706 2486 Arii,
749 2431 1102 2490 exponuntur;
1148 2425 1479 2491 confutantur
1519 2421 1776 2476 Sabellius
1819 2431 1871 2477 et

289 2511 462 2564 Arius.
491 2537 560 2551 ——-
590 2510 762 2565 Vultis
787 2511 946 2581 igitur
974 2510 1283 2582 impietatis.
1316 2526 1383 2565 an
1409 2522 1705 2581 temporum
1728 2511 1874 2567 ordi—

292 2617 414 2655 nem
437 2601 462 2655 ἓ
487 2600 590 2658 Sed
637 2610 933 2670 temporum
971 2616 1102 2656 sane
1142 2617 1466 2672 sequamur:
1499 2603 1699 2658 etenim
1728 2618 1872 2674 quaa-

292 2707 416 2745 nam
446 2691 716 2759 impietate
758 2694 906 2762 prior
931 2735 946 2760 ,
977 2692 1366 2763 velposterior
1393 2693 1485 2759 sit,
1526 2693 1748 2750 difﬁcile
1787 2704 1876 2750 est

289 2783 551 2853 judicatii.
597 2782 808 2838 Primus
845 2783 1006 2855 igitur
1047 2783 1272 2854 prodeat
1315 2782 1580 2842 Sabellius
1617 2771 1872 2856 Libycus.

293 2876 428 2943 Quid
461 2875 583 2941 iste,
613 2875 826 2946 inquit?
849 2875 1084 2945 Patrem,
1133 2875 1330 2932 Filium
1368 2886 1423 2932 et
1457 2875 1717 2947 Spiritum
1746 2892 1875 2933 san-

294 2975 440 3022 ctum
456 2966 594 3020 nuda
615 2980 735 3020 esse
755 2967 968 3021 nomina
989 2966 1080 3024 uni
1097 2981 1341 3036 persona:
1357 2967 1625 3037 imposita.
1640 2968 1876 3024 Marcion

294 3067 474 3113 autem
496 3057 751 3114 Ponticus
771 3066 926 3128 negat
951 3058 1140 3126 Deum,
1161 3059 1251 3130 qui
1271 3060 1449 3116 omnia
1471 3061 1730 3128 condidit,
1757 3076 1878 3117 esse

296 3150 495 3203 bonum
522 3189 537 3216 ,
569 3164 633 3204 ae
663 3149 875 3205 Patrem
904 3149 1102 3205 Christi
1134 3150 1294 3217 boui;
1349 3151 1444 3206 sed
1491 3152 1656 3207 alium
1687 3168 1876 3222 quem-

296 3241 420 3294 dam
447 3256 568 3296 esse
596 3240 744 3310 tingit
767 3281 782 3305 ,
813 3241 906 3311 qui
927 3242 1103 3311 justus
1130 3242 1201 3300 sit
1223 3283 1240 3306 ,
1270 3241 1572 3312 Filinmque
1599 3258 1696 3313 pro
1725 3243 1880 3300 nobis

297 3331 592 3401 sui-npsisse
621 3346 839 3386 carnem
863 3341 1040 3402 negat.
1059 3332 1340 3388 Marcellus
1357 3343 1410 3389 et
1430 3333 1692 3390 Photinus
1707 3343 1760 3390 et
1775 3335 1880 3391 So-

296 3422 557 3492 phronius
587 3422 817 3478 Verbum
845 3423 1016 3493 ipsum
1046 3423 1292 3495 inquiunt
1321 3425 1594 3496 energiam
1621 3436 1675 3481 et
1700 3425 1881 3482 efﬁca-

300 3513 436 3571 riam
463 3514 793 3582 operationis
820 3528 975 3580 esse;
1017 3524 1175 3584 atque
1204 3517 1342 3571 hanc
1370 3519 1638 3588 energiam
1673 3518 1884 3574 inhabi'

301 3615 416 3659 tare
443 3607 494 3659 in
523 3607 612 3659 illo
640 3606 730 3675 qui
775 3621 843 3659 ex
881 3607 1087 3662 semine
1119 3609 1280 3662 David
1307 3651 1322 3674 ,
1355 3610 1573 3666 minime
1597 3626 1728 3666 vero
1751 3612 1881 3666 sub-

302 3697 553 3750 stantiam
584 3697 988 3767 hypostatieam.
1016 3699 1176 3752 Arius
1197 3698 1395 3754 Filium
1419 3703 1629 3772 quidem
1661 3703 1879 3773 fatetur,

301 3786 398 3842 sed
425 3795 628 3840 tantum
663 3787 877 3842 nomine
907 3805 919 3842 :
950 3798 1250 3844 creaturam
1279 3791 1420 3845 enim
1449 3807 1570 3848 esse
1616 3793 1805 3864 inquit,
1831 3803 1886 3850 et

306 3878 468 3932 Patre
512 3877 671 3946 longe
699 3877 983 3933 minorem.
1039 3877 1227 3934 Cteteri
1277 3896 1406 3936 vero
1446 3894 1641 3954 negant
1685 3886 1884 3945 habere

304 3968 560 4022 animam.
612 3969 770 4024 Vides
821 3978 1024 4026 stantes
1072 3973 1303 4026 currus?
1340 3974 1618 4029 considera
1649 3975 1804 4046 igitur
1832 3986 1886 4033 et

304 4060 517 4116 illorum
561 4061 745 4118 ruinas
773 4103 787 4128 ,
831 4062 1101 4132 quomodo
1143 4078 1336 4119 omnes
1377 4065 1538 4120 simul
1582 4068 1886 4138 propellens

303 4153 533 4218 sternit,
566 4166 774 4219 omnes,
817 4152 1032 4224 inquam
1059 4195 1074 4220 ,
1105 4169 1207 4208 una
1255 4156 1406 4227 plaga
1456 4166 1616 4227 atque
1664 4161 1884 4229 impetu.

307 4243 585 4310 Quomodo
609 4245 771 4314 igitur
796 4247 1033 4302 sternit?
1069 4245 1182 4302 Hoc
1223 4249 1356 4302 enim
1379 4253 1624 4305 sentiatur
1644 4253 1700 4307 in
1726 4253 1885 4319 nobis,

308 4334 500 4404 inquit,
525 4335 665 4404 quod
684 4345 728 4390 et
754 4342 807 4392 in
833 4336 1034 4392 Christo
1058 4337 1184 4394 Iesu
1203 4382 1220 4407 ,
1250 4341 1335 4412 qui
1362 4359 1481 4396 cum
1518 4344 1574 4397 in
1605 4346 1770 4416 forma
1797 4345 1888 4400 Dei

305 4436 456 4492 esset,
485 4444 585 4482 non
627 4430 860 4498 rapinam
886 4431 1160 4490 arbitratus
1184 4443 1259 4489 est
1283 4450 1390 4489 esse
1413 4451 1468 4489 se
1487 4438 1731 4507 aqualem
1755 4439 1886 4494 Deo.

307 4516 446 4573 lline
485 4526 539 4572 et
570 4518 763 4576 Paulus
790 4520 1171 4578 Samosateuus
1196 4527 1420 4592 corruit,
1450 4536 1504 4582 et
1527 4526 1810 4587 Marcellus
1832 4541 1891 4588 et

310 4608 575 4666 Sabellius
605 4629 620 4665 :
652 4613 821 4681 inquit
843 4614 987 4668 enim
1016 4655 1032 4680 ,
1065 4615 1166 4682 Qui
1191 4634 1307 4670 cum
1331 4619 1383 4671 in
1412 4619 1579 4687 {arma
1603 4620 1702 4676 Dei
1739 4633 1887 4683 esset.

307 4703 364 4759 Si
394 4703 448 4757 in
476 4701 668 4769 forma,
691 4704 962 4772 quomodo
987 4706 1066 4760 ais
1093 4715 1169 4771 tu,
1197 4723 1231 4762 o
1261 4710 1512 4778 sceleste,
1543 4727 1574 4766 a
1596 4713 1757 4768 Maria
1789 4715 1889 4770 ini.

307 4797 441 4850 tiusn
470 4795 723 4850 habuisse
747 4835 764 4860 ,
811 4805 970 4868 atque
1013 4806 1172 4856 antea
1218 4815 1324 4855 non
1375 4801 1583 4858 fuisse?
1619 4807 1891 4874 quomodo

307 4896 521 4944 verotu
548 4901 735 4943 rursus
777 4887 912 4942 dicis
957 4890 1229 4959 energiam
1275 4891 1484 4947 fuisse?
1527 4894 1886 4963 inquitenim,

307 4977 377 5034 In
414 4979 584 5048 [arma
611 4979 728 5046 Dei,
756 4989 800 5034 et
827 4982 1045 5051 formam
1087 4983 1218 5038 servi
1254 4985 1468 5055 accepit.
1498 4985 1689 5042 Forma
1726 4991 1889 5056 servi,

309 5071 396 5126 die
421 5071 569 5138 mihi,
604 5084 756 5128 estne
786 5073 1001 5144 energia
1030 5076 1171 5129 servi
1197 5116 1212 5142 ,
1241 5090 1308 5130 an
1338 5085 1522 5131 natura
1551 5078 1736 5132 servi?
1761 5079 1890 5136 0m-

311 5165 440 5218 nino
467 5175 654 5219 natura
695 5167 875 5233 servi,
909 5169 1276 5238 respondebis.
1309 5169 1450 5240 Ergo
1490 5181 1548 5227 et
1585 5171 1754 5229 forma
1797 5175 1890 5230 Dei

311 5265 500 5310 natura
534 5257 628 5312 Dei
656 5269 738 5314 est
762 5299 777 5324 ,
809 5277 915 5315 non
948 5262 1107 5332 igitur
1134 5265 1368 5334 energia.
1405 5266 1479 5319 En
1523 5276 1579 5321 et
1607 5267 1891 5325 Marcellus

311 5347 496 5404 Galata
524 5359 577 5404 et
605 5349 938 5418 Sephronius
961 5363 1015 5408 et
1043 5355 1295 5410 Photinus
1325 5369 1661 5412 corruerunt.

381 5438 434 5492 2.
479 5440 558 5494 En
599 5456 812 5511 quoque
853 5442 1135 5498 Sabellius.
1165 5445 1291 5500 Cum
1331 5446 1385 5501 in
1416 5449 1584 5516 forum
1613 5449 1709 5504 Dei
1739 5461 1888 5519 esset,

370 5551 445 5628 (ᾳ)
454 5555 856 5628 Hannn'annium
877 5555 1308 5628 haresiartal‘iarum
1331 5572 1544 5628 errores,
1561 5562 1732 5628 quales
1747 5565 1892 5628 Chry-

309 5615 719 5680 sostampsrefert
732 5623 786 5680 et
807 5617 1012 5680 confutat
1023 5651 1038 5676 ,
1052 5617 1101 5664 in
1127 5617 1346 5680 Distriba
1371 5615 1600 5680 peculiari
1614 5615 1892 5677 referemus

310 5678 456 5748 Ionio
479 5675 605 5723 XIII.
631 5677 930 5748 Sephronius
952 5675 1431 5748 l‘ornpeiOpolitanits
1452 5682 1717 5748 Episcopus
1739 5675 1888 5736 Haec;

309 5733 546 5812 douiatius
576 5733 995 5812 essg'dicebatur.
1024 5733 1156 5812 ‘ljiius
1189 5733 1641 5812 mentiqfrequens
1665 5733 1739 5796 est
1762 5733 1888 5812 apud

311 5795 560 5846 Socratem
585 5805 636 5846 et
657 5797 995 5849 Sozomenum.
1024 5795 1148 5847 Vide
1175 5799 1322 5849 etiam
1347 5795 1681 5865 KiCL‘pI-loru‘u.
1728 5795 1735 5796 ί
1766 5795 1808 5812 η.
1832 5795 1890 5804 —_.

1056 373 1110 429 S.
1151 371 1425 430 JOANNIS
1457 369 1931 429 CHRYSOSTOMI
1970 371 2282 432 ARCHIEP.
2324 378 2849 441 CONSTANTINOP.

3451 388 3553 448 230

1973 504 2077 542 non
2103 491 2337 561 rapinam
2362 535 2378 561 ,
2413 495 2605 568 inquit,
2641 499 2915 554 arbitratus
2959 509 3031 555 est
3069 517 3178 557 esse
3215 520 3269 560 se
3309 507 3554 575 aqualem

1973 576 2102 634 Deo.
2165 581 2394 652 Equale
2441 603 2572 644 vero
2621 605 2728 644 non
2779 591 2837 645 in
2882 606 2984 645 una
3039 591 3237 647 dicitur
3278 608 3552 664 persona:

1970 671 2176 736 mquale
2213 673 2359 730 enim
2402 677 2561 734 alicui
2590 687 2675 735 est
2715 681 2943 749 mquale.
2972 680 3133 738 Vides
3157 683 3386 739 duarum
3426 700 3555 756 per-

1972 776 2224 819 sonarum
2257 765 2614 837 hypostasim,
2643 786 2750 826 non
2781 779 2960 827 autem
2985 773 3128 828 nuda
3148 775 3366 830 nomina
3387 815 3405 840 ,
3431 776 3544 846 qui-

1970 854 2072 911 bus
2120 859 2280 913 nulla:
2319 876 2408 915 res
2455 861 2712 932 subjecta:
2751 863 2902 918 sint?
2952 865 3147 920 audisti
3186 867 3549 922 exsistentiam

1970 946 2243 1017 Unigeniti
2272 959 2396 1006 ante
2420 953 2656 1008 saecula?
2687 954 2884 1010 Verum
2913 955 3028 1011 haec
3060 956 3274 1026 quidem
3297 957 3552 1013 adversus

1969 1035 2090 1093 illos
2132 1056 2146 1095 :
2186 1041 2282 1096 sed
2309 1043 2434 1112 quid
2457 1044 2565 1113 jam
2605 1045 2863 1101 adversus
2906 1049 3088 1102 Arium
3133 1047 3413 1111 dicemus,
3460 1052 3548 1119 qui

1970 1129 2190 1186 alterius
2238 1139 2484 1189 essentiae
2512 1137 2708 1192 Filium
2752 1137 2917 1193 facit?
2955 1139 3049 1194 Die
3087 1140 3216 1194 mihi
3240 1181 3259 1207 ,
3286 1140 3414 1211 quid
3443 1141 3543 1200 hoc

1968 1230 2074 1286 eet,
2103 1221 2355 1279 Formam
2377 1227 2519 1282 servi
2544 1230 2793 1298 accepit?
2824 1229 2994 1284 llomo
3020 1229 3194 1285 factus
3218 1239 3324 1298 est,
3359 1232 3546 1302 inquit.

1971 1313 2116 1385 Ergo
2138 1324 2192 1370 et
2220 1318 2270 1370 iu
2312 1316 2482 1373 forma
2535 1320 2629 1375 Dei
2653 1321 2920 1377 assistens
2961 1322 3107 1378 Deus
3143 1333 3258 1378 erat
3286 1339 3301 1377 :
3329 1338 3453 1378 nam
3495 1333 3553 1378 et

1972 1405 2080 1473 hic,
2106 1418 2162 1462 et
2183 1408 2292 1464 illic
2312 1425 2505 1465 nomen
2528 1411 2714 1467 formre
2737 1415 2970 1484 ponitur.
2995 1416 3051 1470 Si
3083 1415 3188 1472 hoc
3209 1431 3411 1482 verum,
3433 1432 3554 1472 cer-

1973 1507 2026 1554 te
2050 1508 2105 1557 et
2128 1499 2258 1555 illud
2281 1501 2490 1558 :forma
2513 1505 2655 1560 servi
2677 1515 2762 1561 est
2786 1519 2972 1562 natura
3000 1508 3158 1564 homo
3185 1527 3197 1563 :
3229 1525 3355 1580 ergo
3379 1509 3549 1564 forma

1967 1591 2132 1648 etiam
2178 1593 2271 1649 Dei
2318 1602 2504 1650 natura
2533 1607 2616 1651 est
2644 1598 2808 1654 Deus.
2839 1599 3025 1670 Neque
3055 1601 3159 1657 hoc
3196 1602 3410 1668 solum;
3457 1603 3552 1658 sed

1972 1681 2130 1738 etiam
2155 1684 2377 1753 perinde
2403 1701 2467 1740 ac
2492 1686 2747 1754 Joannes,
2774 1688 2844 1744 de
2875 1691 3041 1760 ipsius
3071 1693 3376 1762 mqualitate
3400 1695 3554 1750 testi-

1971 1773 2210 1829 monium
2236 1774 2364 1840 dat,
2395 1778 2734 1849 ostenditque
2781 1779 2953 1836 nihilo
2991 1781 3168 1851 uisum
3195 1783 3355 1839 Ratre
3381 1785 3554 1839 mino-

1972 1878 2087 1921 rem
2109 1880 2234 1922 esse
2263 1885 2276 1920 :
2309 1866 2431 1922 Non
2457 1871 2716 1939 rapinam,
2749 1871 2947 1942 inquit,
2978 1874 3253 1928 arbitratus
3277 1884 3350 1929 est
3372 1891 3481 1929 esse
3501 1891 3556 1930 se

1971 1957 2216 2024 aqualem
2238 1957 2366 2013 Deo.
2393 1959 2498 2015 Sed
2526 1976 2773 2030 quaenam
2801 1971 2882 2018 est
2902 1972 3087 2034 arguta
3116 1964 3328 2019 illorum
3355 1965 3554 2021 oratio?

1973 2049 2045 2103 At
2077 2049 2226 2104 enim
2273 2051 2602 2107 contrarium
2649 2053 2826 2123 potius
2867 2053 2986 2109 istis
3009 2054 3190 2110 verbis
3229 2055 3552 2120 ostenditur,

1974 2139 2219 2210 inquiunt
2247 2159 2262 2196 :
2289 2139 2426 2198 dixit
2445 2142 2622 2209 enim,
2655 2158 2778 2199 cum
2809 2144 2863 2199 in
2908 2145 3078 2200 forma
3109 2145 3205 2201 Dei
3231 2153 3414 2211 esset,
3445 2161 3554 2201 non

1975 2231 2081 2289 hoc
2103 2234 2369 2304 rapuisse,
2420 2244 2478 2292 ut
2501 2244 2647 2292 esset
2690 2238 2916 2308 aequalis
2946 2238 3077 2294 Deo.
3120 2239 3281 2309 Atqui
3321 2239 3369 2294 si
3415 2239 3558 2295 Deus

1976 2333 2112 2391 erat,
2155 2325 2424 2395 quomodo
2473 2336 2685 2398 poterat
2726 2330 2959 2399 rapere?
3005 2329 3114 2386 Sed
3161 2330 3430 2398 quomodo
3455 2331 3556 2386 hoc

1971 2432 2084 2473 non
2114 2418 2505 2476 inconsiderate
2529 2419 2728 2475 dictum
2757 2419 2956 2477 fuerit?
2976 2421 3110 2490 Quis
3137 2421 3284 2478 enim
3303 2436 3554 2492 umquam

1975 2508 2192 2576 dixerit,
2217 2509 2470 2580 aliquem,
2496 2525 2621 2566 eum
2649 2511 2810 2566 homo
2833 2520 3000 2576 esset,
3029 2526 3138 2567 non
3165 2512 3267 2568 hoc
3292 2513 3554 2582 rapuisse.

1978 2607 2038 2654 ut
2063 2607 2208 2654 esset
2235 2598 2556 2671 homo?qui
2595 2601 2741 2656 enim
2783 2601 2902 2658 ﬁeri
2951 2611 3148 2672 potest,
3192 2611 3253 2658 ut
3290 2603 3556 2673 quispiam

1977 2691 2151 2760 rapiat
2175 2690 2226 2745 id
2254 2691 2394 2761 quod
2418 2693 2543 2747 est?
2566 2691 2684 2748 Non
2710 2695 2804 2761 ita,
2835 2694 3100 2764 inquiunt,
3125 2695 3222 2751 sed
3247 2695 3325 2752 sic
3345 2695 3548 2751 intelli-

1973 2796 2091 2852 gas,
2124 2781 2334 2848 Filium,
2364 2798 2486 2838 cum
2513 2783 2653 2839 Deus
2680 2785 2855 2840 minor
2881 2794 3046 2852 esset,
3080 2801 3186 2842 non
3217 2786 3319 2842 hoc
3350 2788 3559 2858 rapuisc

1977 2884 2060 2937 se,
2115 2880 2174 2926 ut
2216 2873 2435 2943 mqualis
2482 2883 2631 2931 esset
2672 2875 2784 2932 Deo
2833 2891 3028 2948 magno
3064 2886 3119 2933 et
3157 2877 3368 2947 majori.
3418 2877 3560 2948 Ergo

1979 2979 2178 3034 parvus
2207 2974 2262 3020 et
2283 2981 2511 3037 magnus
2540 2967 2681 3022 Deus
2711 2968 2839 3023 est?
2866 2978 3028 3038 atque
3069 2968 3145 3026 ita
3172 2967 3227 3023 in
3266 2967 3559 3026 Ecclesium

1979 3055 2225 3112 Graecam
2254 3057 2502 3128 dogmata
2530 3058 2782 3114 inducitis
2811 3061 2834 3112 γ
2859 3058 2990 3114 Nam
3019 3060 3159 3130 apud
3195 3058 3412 3116 Graecos
3433 3058 3558 3132 qui-

1979 3147 2104 3203 dem
2131 3158 2214 3204 est
2237 3164 2462 3220 magnus
2485 3150 2617 3206 deus
2641 3159 2698 3206 et
2717 3165 2915 3221 parvus
2941 3169 2954 3205 :
2985 3152 3126 3221 quod
3151 3169 3218 3207 an
3241 3156 3399 3210 etia
3419 3155 3561 3227 apud

1983 3255 2101 3306 vos,
2133 3242 2335 3296 nescio.
2365 3241 2497 3296 Nam
2526 3243 2577 3296 in
2607 3242 2898 3314 Seripturis
2927 3244 3140 3314 quidem
3184 3246 3370 3303 nzullibi
3407 3248 3560 3304 inve-

1983 3330 2124 3398 nies,
2153 3329 2248 3386 sed
2276 3345 2525 3401 magnum
2547 3332 2763 3400 quidem
2792 3333 3010 3404 ubique,
3032 3349 3251 3404 parvum
3277 3353 3406 3394 vero
3432 3353 3562 3393 nus-

1985 3437 2167 3492 quam.
2203 3423 2414 3477 Etenim
2452 3423 2500 3478 si
2528 3438 2750 3494 parvus,
2789 3427 3062 3496 quomodo
3100 3428 3260 3483 etiam
3307 3428 3564 3485 Deus?Si

1986 3529 2092 3571 non
2120 3523 2201 3570 est
2225 3529 2422 3584 parvus
2449 3515 2611 3570 homo
2635 3525 2692 3570 et
2711 3531 2932 3587 magnus
2955 3559 2972 3583 ,
3003 3518 3098 3574 sed
3125 3535 3228 3574 una
3257 3530 3480 3587 natura;
3506 3530 3566 3576 et

1986 3605 2031 3662 si
2055 3605 2179 3676 quid
2201 3622 2308 3660 non
2325 3606 2395 3660 sit
2419 3606 2560 3662 illius
2585 3615 2811 3671 natum,
2836 3609 2998 3664 homo
3021 3625 3129 3664 non
3153 3620 3236 3666 est
3260 3629 3275 3665 :
3295 3613 3567 3682 quomodo

1988 3695 2147 3751 fuerit
2175 3711 2372 3766 parvus
2401 3707 2454 3751 et
2482 3711 2706 3768 magnus
2737 3699 2876 3756 Deus
2899 3741 2914 3768 ,
2943 3701 3032 3770 qui
3061 3701 3203 3756 illius
3231 3711 3436 3758 natura;
3459 3719 3569 3760 non

1988 3789 2214 3855 sit‘iQui
2246 3804 2440 3860 parvus
2482 3800 2584 3856 est,
2619 3791 2755 3845 Deus
2793 3807 2898 3847 non
2943 3801 3066 3848 est:
3096 3794 3290 3864 ubique
3331 3798 3474 3852 enim
3513 3797 3567 3851 in

1989 3878 2260 3949 Scriptura
2307 3894 2528 3950 magnus
2554 3879 2749 3935 dicitur
2780 3898 2794 3937 :
2828 3881 3049 3954 Magnus
3088 3883 3337 3939 Dominus
3357 3927 3371 3951 ,
3399 3886 3572 3955 inquit

1991 3971 2178 4038 David,
2198 3981 2242 4024 et
2269 3971 2542 4026 laudabilis
2565 3973 2733 4026 nimis.
2777 3975 2914 4030 Ecce
2941 3975 3102 4029 etiam
3132 3975 3199 4030 de
3228 3976 3362 4030 Filio
3392 3997 3404 4032 :
3439 3977 3568 4032 Ubi-

1989 4078 2095 4133 que
2121 4062 2265 4116 enim
2303 4077 2424 4117 eum
2454 4072 2606 4116 vocat
2637 4063 2942 4118 Dominum.
2978 4065 3043 4118 Et
3085 4065 3275 4120 iterum
3299 4107 3315 4132 ,
3347 4066 3572 4137 Magnus

1991 4172 2045 4210 es
2069 4165 2144 4223 tu,
2176 4169 2222 4209 et
2249 4155 2442 4223 faciens
2465 4155 2740 4222 mirabilia,
2771 4165 2826 4209 tu
2849 4173 2903 4211 es
2926 4155 3063 4211 Deus
3095 4157 3234 4211 solus
3263 4157 3434 4227 (Psal.
3479 4160 3567 4214 47.

1994 4249 2047 4304 1.
2075 4257 2126 4302 et
2149 4247 2241 4303 85.
2276 4245 2365 4318 10)
2391 4263 2406 4312 ;
2433 4255 2488 4302 et
2517 4262 2722 4314 rursus,
2756 4247 2976 4319 Magnus
3014 4247 3263 4302 Dominus
3296 4258 3494 4318 noster,
3527 4259 3573 4304 et

1993 4355 2180 4409 magna
2205 4339 2362 4393 uirtus
2382 4339 2513 4408 ejus,
2543 4347 2592 4392 et
2618 4339 3008 4408 magniﬁcentiae
3021 4340 3138 4406 eius
3165 4356 3264 4394 non
3290 4349 3364 4393 est
3395 4342 3572 4394 termi-

1993 4448 2089 4487 nus
2115 4429 2288 4503 (Psal.
2316 4431 2441 4486 H3.
2493 4429 2573 4501 5).
2621 4428 2726 4486 Sed
2775 4429 2890 4485 haec
2922 4430 2993 4486 de
3029 4431 3190 4486 Patre
3215 4471 3229 4498 ,
3277 4431 3523 4502 inquiunt
3555 4449 3568 4486 :

1997 4521 2163 4577 Filius
2188 4536 2318 4577 vero
2360 4536 2554 4592 parvus
2596 4531 2699 4577 est.
2744 4521 2848 4577 Sed
2897 4531 2950 4576 tu
2996 4537 3056 4576 es
3083 4565 3099 4589 ,
3144 4523 3234 4594 qui
3261 4522 3366 4578 hoc
3390 4523 3570 4578 dicis:

1995 4613 2268 4682 Scriptura
2299 4627 2426 4668 vero
2453 4621 2657 4676 contra,
2689 4611 2831 4683 quod
2866 4611 2938 4667 de
2982 4613 3160 4678 Patre,
3203 4613 3257 4668 id
3295 4614 3456 4668 etiam
3504 4611 3575 4668 de

1996 4706 2133 4763 Filio
2177 4705 2331 4760 dicit.
2377 4704 2516 4759 Audi
2568 4705 2710 4759 enim
2761 4703 2984 4759 Paulum
3041 4704 3342 4768 dicentem,
3374 4704 3575 4775 Exspe-

1995 4807 2187 4852 ctantes
2229 4796 2424 4850 beatam
2462 4812 2624 4866 spem,
2666 4805 2714 4849 et
2754 4796 3023 4849 adventum
3059 4796 3237 4867 glarite
3280 4797 3450 4867 magni
3479 4795 3577 4850 Dei

2000 4887 2126 4960 (Tit.
2169 4887 2224 4942 2.
2268 4888 2381 4957 15).
2431 4886 2696 4957 Numquid
2743 4895 2921 4942 autem
2964 4888 3031 4942 de
3084 4888 3240 4944 Patre
3289 4887 3575 4944 adventum

1995 4981 2131 5036 dixit
2149 4981 2172 5035 ‘l
2204 4981 2397 5035 Verum
2426 4989 2483 5034 nt
2503 4980 2670 5049 magis
2684 4979 2860 5035 adhuc
2879 4994 2975 5036 vos
2994 4990 3258 5051 argueret,
3290 4981 3576 5037 adventum

1997 5071 2202 5128 addidit
2230 5071 2406 5141 magni
2436 5071 2550 5125 Dei.
2594 5070 2730 5125 Num
2779 5071 2938 5142 igitur
2981 5072 3048 5128 de
3077 5073 3232 5128 Patre
3276 5071 3328 5127 id
3373 5072 3576 5127 dictum

1997 5165 2122 5219 est?
2151 5161 2468 5232 Neutiquam
2499 5178 2515 5215 :
2540 5176 2645 5217 non
2673 5163 2816 5217 enim
2863 5161 2914 5217 id
2955 5163 3187 5217 admittit
3230 5162 3434 5217 additio
3465 5162 3574 5228 illa,

1998 5253 2067 5308 Et
2115 5254 2384 5308 aduentum
2439 5255 2609 5325 magni
2665 5254 2760 5308 Dei
2810 5265 2858 5310 et
2907 5255 3192 5311 Saluatoris
3243 5256 3404 5311 nostri
3454 5254 3579 5308 Jesu

1998 5345 2206 5402 Christi.
2251 5345 2332 5400 En
2363 5345 2522 5416 igitur
2566 5355 2621 5401 et
2667 5345 2834 5402 Filius
2875 5363 3100 5417 magnus
3146 5355 3250 5402 est.
3299 5345 3577 5415 Quomodo

1999 5437 2158 5508 igitur
2180 5437 2317 5493 dicis
2338 5452 2582 5506 parvum,
2615 5446 2670 5492 et
2695 5439 2980 5508 maguum?
3007 5439 3141 5492 Audi
3165 5439 3325 5492 etiam
3349 5438 3578 5507 prophe-

2000 5542 2107 5583 tam
2134 5570 2149 5594 ,
2193 5530 2280 5597 qui
2316 5529 2486 5597 ipsum
2529 5539 2684 5583 vocat
2723 5531 2901 5600 magni
2936 5531 3146 5586 consilii
3175 5531 3443 5601 angelum.
3477 5528 3574 5596 Qui

1997 5630 2080 5675 est
2115 5621 2291 5688 magni
2318 5621 2528 5675 consilii
2579 5622 2833 5690 angelus,
2861 5637 3039 5676 annon
3083 5635 3307 5690 magnus
3335 5621 3460 5676 est?
3486 5618 3573 5688 qui

1996 5722 2078 5767 est
2126 5711 2265 5764 Deus
2304 5710 2456 5765 fortis
2480 5753 2495 5775 ,
2539 5727 2606 5766 an
2649 5728 2753 5767 non
2783 5723 2863 5767 est
2896 5728 3118 5782 magnus
3149 5753 3164 5777 ,
3211 5713 3304 5768 sed
3347 5711 3576 5782 parvus?

1999 5801 2134 5869 Quid
2160 5801 2314 5869 igitur
2339 5801 2675 5872 impudentes
2703 5803 2788 5858 isti
2817 5812 2868 5860 et
2897 5803 3086 5859 nefarii
3117 5803 3270 5860 verba
3300 5803 3396 5859 ista
3421 5817 3574 5858 usur-
