4030 6204
466 544 710 619 αἱρέσεις
737 542 1050 599 κατέϐαλεν.
1086 542 1173 610 Ὠς
1191 537 1289 601 οῦν
1312 545 1569 619 τοιαύτην
1601 546 1856 620 ὀψόμενοι
1879 550 2033 616 θέαν,

473 634 569 687 καὶ
600 633 701 704 μιᾷ
745 630 926 703 πληγῇ
966 630 1234 696 τοσαύτας
1274 634 1558 704 φάλαγγας
1592 635 1928 702 πιπτούσας,
1965 639 2043 695 δι-

473 719 757 791 εγέρθητε,
777 716 914 772 ὥστε
953 717 1028 788 μὴ
1054 717 1149 772 τοῦ
1184 718 1455 789 θεάματος
1487 721 1867 796 παραδραμεῖν
1900 725 2044 796 ὑμᾶς

474 810 574 879 τήν
586 808 793 878 τέρψιν.
813 808 875 861 Et
897 806 1004 879 γὰρ
1025 808 1119 860 ἐπὶ
1140 808 1248 864 τῶν
1263 810 1672 883 ἁμιλλητηρίων
1693 812 1957 884 ἁρμάτων
1983 815 2044 868 ἐν

474 900 592 962 ταῖς
614 897 719 950 τῶν
761 897 943 951 ἵππων
986 896 1244 969 ἁμίλλαις
1272 899 1424 953 οὐδὲν
1450 898 1624 964 οὕτως
1646 902 1766 955 ἐστὶ
1787 902 2041 975 τερπνὸν,

471 984 549 1050 ὡς
571 986 696 1040 ὅταν
721 985 992 1058 ὁλόκληρα
1013 986 1234 1058 ἅρματα
1258 979 1395 1058 μετὰ
1416 978 1779 1061 τῶνλήνιὸχων
1806 990 2045 1059 κρούσας

470 1089 556 1135 τις
594 1072 909 1145 καταϐάλῃ,
964 1073 1059 1127 καὶ
1112 1072 1283 1127 πολλὰ
1325 1073 1605 1143 τέθριππα
1655 1075 1825 1130 ὕπτια
1881 1077 2046 1149 ῥίψας

474 1159 612 1231 μετὰ
646 1160 756 1213 τῶν
786 1158 1110 1229 ἐφεστώτων
1136 1161 1365 1232 ἡνιόχων
1396 1161 1682 1234 παρελάσῃ
1716 1163 1876 1233 μόνος
1910 1163 2046 1235 πρὸς

470 1248 569 1316 τὴν
596 1248 795 1303 νύσσαν
821 1249 919 1303 καὶ
948 1248 1010 1302 τὸ
1032 1250 1211 1320 τέρμα
1236 1248 1331 1305 τοῦ
1352 1249 1584 1319 ἀγῶνος,
1606 1251 1703 1304 καὶ
1730 1251 1894 1315 πολύς
1919 1251 2047 1306 πάνυ

470 1337 627 1390 τοθεν
660 1338 689 1391 6
715 1336 906 1408 κρότος
937 1337 1031 1390 καί
1061 1339 1094 1408 ή
1139 1336 1356 1409 κραυγή
1398 1336 1535 1409 πρὸς
1579 1338 1801 1408 οὐρανὸν
1833 1339 1990 1411 ἀνίῃ·
2017 1341 2046 1392 6

473 1425 554 1490 δὲ,
591 1423 780 1499 ὥσπερ
813 1425 1016 1496 πτηνὸς
1064 1424 1169 1479 ὑπὸ
1203 1424 1300 1495 τῆς
1347 1424 1522 1495 χαρᾶς
1563 1425 1778 1495 ἐκείνης
1813 1426 1907 1479 καὶ
1936 1424 2045 1479 τῶν

478 1513 711 1583 κρότων,
755 1510 895 1569 οὕτω
929 1511 990 1566 τὸ
1034 1511 1245 1567 στάδιον
1294 1513 1438 1566 ἅπαν
1464 1512 1724 1584 διατρέχῃ
1754 1513 1894 1582 μετὰ
1939 1512 2045 1567 τῶν

482 1601 693 1653 ἵππωνο
742 1602 890 1671 πόσῳ
929 1599 1127 1669 μᾶλλον
1170 1597 1402 1652 ἐνταῦθα
1438 1598 1559 1670 οὐχὶ
1592 1598 1791 1652 πλείων
1829 1599 2044 1673 ἕσταιή

482 1686 677 1758 ἡδονὴ,
736 1687 864 1740 ὅταν
907 1687 1215 1758 ὁλοκλήρων
1268 1686 1532 1757 αἱρέσεων
1584 1687 1907 1757 συστήματα
1953 1689 2048 1742 καὶ

481 1772 760 1828 διαϐολικά
791 1773 1128 1845 ἐργαστήρια
1163 1772 1301 1843 μετὰ
1341 1771 1452 1826 τῶν
1481 1772 1712 1843 ἡνιόχων
1738 1772 1916 1826 αὐτῶν
1944 1790 2048 1827 κα-

410 1858 415 1865 ’
479 1860 796 1932 ταϐάλωμεν
814 1863 880 1931 τῇ
902 1860 993 1914 τοῦ
1011 1858 1146 1913 θεοῦ
1166 1860 1348 1930 Χάριτι
1366 1859 1543 1912 πάντα
1556 1859 1750 1928 ἀθρόον
1770 1861 1865 1913 κω
1880 1859 2049 1931 (mos;

480 1949 623 2013 Καὶ,
669 1950 722 2003 εί
764 1949 941 2016 δοκεῖ,
1009 1949 1276 2022 πρότερον
1330 1949 1618 2020 στήσωμεν
1657 1949 1755 2015 τὰς
1810 1949 2051 2020 αίρέσεις

479 2036 646 2101 αὐτὰς
669 2036 812 2092 κατὰ
830 2037 1007 2101 τάξιν.

546 2177 815 2231 Βούλεσθε
860 2177 957 2250 τὴν
991 2177 1091 2244 τῆς
1131 2174 1406 2242 ἀσεϐείας,
1449 2174 1484 2246 ἢ
1511 2174 1612 2247 τὴν
1654 2173 1763 2229 τῶν
1805 2175 2049 2246 χρόνων;

494 2267 632 2320 Ἀλλ’
655 2266 856 2335 ίδωμεν
883 2265 982 2334 τήν
998 2265 1109 2319 τῶν
1133 2265 1341 2335 χρόνων
1365 2281 1379 2299 ο
1407 2265 1506 2337 τήν
1530 2265 1641 2334 γὰρ
1667 2264 1772 2345 ’τῆς
1797 2266 2051 2331 ἀσεϐείας

479 2353 737 2408 δύσκολον
766 2353 1011 2407 συνιδεῖν.
1053 2353 1262 2406 Οὐκοῦν
1285 2351 1497 2423 πρῶτος
1517 2350 1802 2416 Σαϐέλλιος
1827 2355 1857 2406 6
1885 2352 2052 2417 Λίϐυς

481 2441 769 2514 παρήχθω.
806 2439 870 2493 Τί
905 2434 998 2495 οῦν
1040 2431 1197 2502 οῦτός
1227 2454 1422 2509 φησιν;
1458 2439 1581 2492 Ὅτι
1612 2438 1676 2492 τὸ
1704 2440 1926 2511 Πατὴρ,
1957 2440 2052 2495 καὶ

480 2532 642 2599 Υἱὸς,
682 2530 777 2584 καὶ
823 2528 979 2597 ἅγιον
1019 2526 1263 2597 Πνεῦμα,
1308 2526 1549 2597 ὀνόματά
1589 2528 1707 2582 ἐστι
1751 2527 1882 2597 ψιλὰ
1926 2527 2050 2582 καθ’

479 2618 595 2682 ἰνὸς
615 2617 906 2690 προσώπου
924 2616 1169 2686 κείμενα.
1190 2614 1455 2684 Μαρκίων
1469 2613 1525 2667 δὲ
1545 2614 1573 2665 6
1590 2615 1846 2679 Ποντικός
1864 2631 2049 2686 φησιν,

477 2705 558 2760 ὅτι
585 2706 613 2757 6
637 2703 769 2767 Θεὸς
792 2703 820 2755 6
854 2701 1030 2755 πάντα
1062 2700 1468 2771 συστησάμενος
1514 2697 1613 2752 οὐκ
1651 2698 1797 2753 ἔστιν
1823 2701 2048 2768 ἀγαθὸς,

478 2790 596 2846 οὐδὲ
627 2790 813 2861 Πατήρ
848 2788 943 2843 τοῦ
995 2787 1201 2857 ἀγαθοῦ
1248 2785 1517 2859 Χριστοῦ,
1572 2785 1688 2842 ἀλλ’
1740 2786 1925 2857 ἕτερός
1967 2804 2050 2850 τις

477 2880 698 2944 δίκαιος,
733 2879 875 2933 καὶει
914 2879 1096 2948 σάρκα
1147 2877 1247 2930 οὐκ
1295 2875 1557 2930 ἀνέλαϐεν
1612 2875 1754 2948 ὑπὲρ
1808 2874 1967 2946 ήμῶν
2022 2876 2052 2927 6

481 2968 632 3031 Υἱός.
664 2966 981 3038 Μάρκελλος
1010 2965 1069 3019 δὲ
1108 2964 1203 3023 καὶ
1222 2964 1485 3027 Φωτεινὸς
1509 2963 1604 3018 καὶ
1633 2964 1937 3034 Σιυφρόνιος
1960 2961 2053 3014 τὸν

483 3055 651 3123 Λόγον
681 3053 956 3125 ἐνέργειαν
988 3050 1125 3107 εἷναί
1168 3069 1324 3123 φασι,
1352 3052 1451 3122 τὴν
1470 3051 1529 3105 δὲ
1551 3052 1829 3123 ἐνέργειαν
1848 3050 2052 3122 ταύτην

480 3141 757 3212 ἐνοικῆσαι
797 3142 876 3211 τῷ
909 3142 976 3195 ὲκ
1014 3141 1325 3211 σπέρματος
1356 3138 1516 3193 Δαυῒδ
1538 3178 1554 3204 ,
1593 3139 1694 3192 οὐκ
1737 3138 1927 3192 οὐσίαν
1963 3141 2050 3193 ἐν·

480 3233 801 3287 υπόστατον.
856 3232 1069 3302 Ἄρειος
1110 3230 1238 3284 Υίὸν
1281 3229 1384 3301 μὲν
1424 3231 1696 3299 ὁμολογεῖ,
1746 3231 1952 3302 ῥήματι
1991 3229 2051 3284 δὲ

476 3321 628 3393 μόνῳ
649 3337 666 3353 ·
697 3320 900 3391 κτίσμα
918 3320 1027 3392 γὰρ
1060 3318 1220 3373 αὐτὸν
1248 3313 1387 3371 εἶναί
1424 3334 1579 3389 φησι,
1604 3317 1697 3371 καὶ
1720 3317 1814 3370 τοῦ
1839 3317 2051 3387 Πατρὸς

477 3408 733 3462 ἐλάττονα
775 3405 933 3461 πολύ.
983 3403 1204 3477 Ἐτεροι
1255 3403 1314 3456 δὲ
1367 3402 1428 3457 06
1483 3420 1647 3471 φασιν
1699 3403 1862 3457 αὐτὸν
1908 3402 2052 3474 ἔχειν

474 3496 675 3566 ψυχήν.
728 3488 884 3556 Εἶδες
928 3492 997 3547 τὰ
1053 3491 1276 3562 ἅρματα
1305 3490 1549 3556 έστῶτα;
1608 3489 1803 3559 Θεώρει
1872 3490 2051 3543 τοίνυν

478 3581 656 3636 αὐτῶν
688 3581 785 3634 καὶ
822 3578 894 3633 τὰ
933 3578 1226 3649 πτώματα,
1291 3577 1409 3640 πῶς
1460 3576 1598 3648 ὁμοῦ
1643 3577 1855 3639 πάντας
1895 3593 2054 3629 κατα-

481 3669 689 3739 κρούων
720 3669 921 3739 βάλλει,
961 3668 1055 3721 καὶ
1096 3669 1199 3739 μιᾷ
1228 3667 1413 3738 πληγῇ
1444 3667 1535 3720 καὶ
1560 3666 1774 3738 ἀθρόον.
1810 3667 1933 3728 Πῶς
1957 3660 2052 3719 οῦν

484 3757 810 3810 καταϐάλλει
832 3774 848 3819 ;
876 3755 1055 3810 Τοῦτο
1079 3756 1187 3824 γὰρ
1211 3755 1548 3823 φρονείσθω
1571 3755 1645 3808 ἐν
1671 3753 1840 3822 ὑμῖν,
1862 3752 2047 3824 φησιν,

484 3849 519 3903 ὃ
551 3848 653 3901 καὶ
672 3848 742 3902 ἐν
759 3844 990 3914 Χριστῷ
1027 3844 1241 3911 Ἰησοῦ,
1265 3846 1335 3912 ὃς
1361 3845 1431 3899 ἐν
1450 3843 1655 3914 μορφῆ
1687 3844 1835 3898 Θεοῦ
1862 3843 2053 3912 ὑπάρ-

478 3956 629 4009 χων,
655 3938 769 4005 οὺχ
796 3934 1108 4003 ἁρπαγμὸν
1156 3933 1421 4004 ἡγήσατο
1455 3932 1521 3986 τὸ
1556 3928 1710 3987 εἶναι
1761 3933 1868 3985 lca
1887 3930 2049 4014 Θεῷ.

491 4028 773 4084 Ἐντεῦθεν
798 4029 893 4081 καὶ
922 4025 1128 4088 Παῦλος
1154 4028 1183 4080 6
1208 4026 1557 4097 Σαμοσατεύς
1589 4024 1751 4078 ἔπεσε
1780 4023 1872 4076 καὶ
1897 4022 2052 4091 Μάρ-

478 4118 667 4181 κελλος
697 4116 792 4169 καὶ
814 4113 1134 4176 Σαϐέλλιος·
1173 4113 1270 4165 Ἕν
1302 4111 1506 4181 μορφῇ
1549 4111 1678 4182 γὰρ,
1711 4110 1866 4179 φησὶ,
1906 4108 2053 4162 Θεοῦ

476 4206 805 4276 ὑπάρχων.-
840 4206 904 4258 Εί
949 4206 1006 4257 ὲν
1044 4205 1245 4273 μορφῇ,
1272 4202 1417 4263 ’πῶς
1461 4197 1555 4255 οὖν
1600 4201 1800 4268 λέγεις,
1840 4199 1922 4252 ὃτι
1946 4198 2055 4252 ἀπὸ

476 4294 717 4364 Μαρίας,
755 4287 801 4345 ὦ
838 4292 1033 4363 μιαρὲ,
1068 4289 1291 4360 ήρξατο,
1335 4287 1431 4342 καὶ
1465 4287 1571 4358 πρὸ
1606 4285 1798 4339 τούτου
1823 4286 1923 4338 οὐκ
1948 4280 2049 4355 ἦν;

478 4380 595 4444 πῶς
616 4381 672 4434 δὲ
698 4380 879 4442 πάλιν,
904 4382 988 4433 ὃτι
1012 4379 1264 4448 ἐνέργεια
1277 4372 1377 4447 ἦνς
1410 4377 1508 4429 Ἑν
1527 4373 1729 4444 μορφῇ
1754 4374 1863 4446 γάρ
1881 4372 2050 4438 Θεοῦ,

480 4470 635 4537 φησὶ,
679 4468 920 4537 μορφὴν
957 4467 1181 4520 δούλου
1220 4465 1458 4518 ἐλαϐεν.
1515 4463 1651 4516 Είπὲ
1696 4461 1805 4531 γάρ
1849 4477 1973 4530 μοι,
2017 4461 2052 4530 ή

486 4554 670 4624 μορφὴ
703 4554 797 4607 τοῦ
835 4553 1023 4606 δούλου
1070 4552 1323 4620 ἐνέργεια
1360 4549 1546 4604 δούλου
1585 4549 1765 4610 ἐστὶν,
1808 4547 1841 4617 ἢ
1892 4546 2054 4615 φύσις

484 4640 672 4693 δούλου
690 4656 706 4704 ;
731 4640 951 4703 Πάντως
977 4640 1173 4710 δήπου,
1200 4637 1382 4703 Φύσις,
1419 4635 1805 4707 ὲρεῖς,δούλου.
1842 4632 2053 4688 Οὐκοῦν

488 4727 637 4797 καὶή
671 4726 850 4797 μορφή
878 4724 1030 4799 [255]
1072 4723 1168 4778 τοῦ
1205 4724 1359 4790 Θεοῦ,
1386 4723 1521 4777 Θεοῦ
1574 4723 1734 4792 φύσις
1754 4739 1769 4754 ο
1801 4722 1900 4774 οὐκ
1943 4721 2053 4792 ἄρα

486 4813 754 4884 ἐνέργεια.
814 4814 942 4866 Ἰδοὺ
994 4812 1090 4866 καὶ
1151 4812 1180 4863 6
1232 4810 1550 4879 Μάρκελλος
1594 4811 1621 4863 6
1667 4809 1910 4881 Γαλάτης
1959 4808 2054 4862 καὶ

482 4901 785 4973 Σωφρόνιος
808 4901 901 4954 καὶ
928 4897 1190 4962 Φωτεινὺς
1222 4900 1541 4951 κατέπεσον.

553 5044 619 5113 β’.
660 5045 789 5097 Ἰδοὺ
817 5043 914 5097 καὶ
946 5042 1251 5103 Σαϐέλλιος.
1281 5042 1404 5110 οὐχ
1428 5040 1744 5110 ἁρπαγμὸν
1759 5039 2051 5110 ἡγήσατο,

481 5133 638 5203 φησὶ,
663 5133 729 5187 τὸ
748 5129 901 5187 εἶναι
924 5133 1031 5187 ἴσα
1050 5130 1190 5197 Θεῷ.
1223 5132 1364 5184 Ἴσον
1396 5130 1453 5183 δὲ
1486 5131 1580 5184 ἐπὶ
1614 5130 1729 5193 ἐνὸς
1757 5130 1816 5183 οὐ
1838 5130 2053 5197 λέγεται

481 5221 773 5291 προσώπου
800 5238 813 5251 ·
862 5221 924 5272 τὸ
962 5218 1071 5289 γὰρ
1105 5220 1238 5281 ἴσον,
1271 5217 1378 5270 τινί
1412 5219 1558 5270 ἐστιν
1599 5217 1735 5270 ἴσον.
1778 5217 1937 5287 Ὁρᾷς
1963 5216 2056 5270 δύο

478 5306 790 5380 προσώπων
856 5307 1182 5368 ὑπόστασιν,
1230 5306 1352 5376 οὐχὶ
1421 5305 1660 5375 ὀνόματα
1709 5303 1840 5373 ψιλά
1886 5304 2055 5375 χωρὶς

478 5396 822 5467 πραγμάτων
843 5394 1112 5465 λεγόμενα
1134 5411 1147 5459 ;
1171 5395 1407 5465 ἤκουσας
1422 5392 1519 5463 τὴν
1542 5392 1861 5461 προαιώνιον
1889 5390 2059 5463 ὓπαρ-

480 5484 563 5550 ξιν
586 5482 680 5536 τοῦ
710 5481 1047 5551 Μονογενοῦς
1070 5501 1084 5548 ;
1111 5482 1273 5534 Ἀλλά
1299 5480 1473 5534 ταῦτα
1499 5481 1596 5550 μὲν
1631 5479 1767 5549 πρὸς
1792 5479 2054 5542 ὲκείνουςυ

479 5571 531 5623 τί
563 5568 655 5624 οὖν
686 5571 827 5642 πρὸς
846 5572 1066 5641 Ἀρειον
1084 5569 1336 5637 εἴποιμεν
1358 5568 1563 5633 λοιπὸν,
1582 5566 1672 5619 τὸν
1692 5566 1917 5633 λέγοντα
1937 5566 2056 5619 ἑτέ-

484 5679 582 5734 ρας
614 5657 752 5715 εἶναι
782 5660 967 5723 οὐσίας
995 5660 1086 5712 τὸν
1112 5659 1268 5726 Υἱόν;
1301 5658 1435 5712 Εἰπὲ
1461 5658 1530 5729 δή
1556 5673 1666 5729 μοι,
1695 5655 1776 5723 τὸ,
1808 5655 2059 5725 Μορέρὴν

548 5852 575 5883 ⁸
598 5853 787 5916 Suppl:-
814 5855 887 5903 ὅτι
912 5867 1021 5903 cum
1047 5852 1195 5903 Sas‘il.

1336 430 1405 489 IN
1440 431 1665 491 EPIST.
1701 436 1793 491 AD
1830 437 2123 497 PHILIPP.
2164 441 2320 498 CAP.
2362 442 2432 499 ιι.
2468 441 2708 503 HOIIL.
2743 444 2837 501 Vl.

3616 453 3729 511 220

2142 552 2370 610 δούλου
2394 555 2593 622 ἔλαϐε,
2615 556 2670 610 τί
2704 557 2889 623 ὶστιν;
2923 554 3243 627 Ἀνθρωπος
3268 559 3505 630 ἐγένετο,
3537 567 3721 636 φησίν-

2144 645 2356 701 οὐκοῦν
2380 648 2474 701 καὶ
2501 649 2560 700 ἐν
2583 650 2767 720 μορφῇ
2805 647 2940 702 Θεοῦ
2964 648 3259 720 ὑπάρχων,
3277 651 3409 717 Θεὸς
3446 649 3515 725 ἦν
3537 670 3552 686 ο
3589 673 3724 729 μορ-

2148 736 2223 807 φὴ
2242 738 2370 810 γὰρ,
2403 738 2502 792 καὶ
2531 738 2714 810 μορφή
2744 740 2945 795 κεῖται.
2966 740 3030 794 El
3050 739 3209 795 τοῦτο
3229 741 3448 813 ἀληθὲς,
3471 745 3717 801 κάκεῖνο.

2142 829 2306 884 Φύσει
2339 830 2647 901 ἄνθρωπος,
2679 831 2714 902 ή
2744 831 2926 902 μορφὴ
2955 832 3050 886 τοῦ
3089 832 3277 889 δούλου
3296 852 3310 866 ·
3341 836 3536 889 οὐκοῦν
3564 837 3725 906 φύσει

2144 918 2296 985 Θεὸς,
2334 920 2429 974 καὶ
2472 921 2507 989 ή
2544 920 2727 990 μορφή
2764 919 2860 974 τοῦ
2906 921 3063 977 Θεοῦ.
3123 924 3233 978 Καὶ
3258 924 3320 978 οὐ
3353 924 3510 979 τοῦτο
3540 927 3723 997 μόνον,

2144 1005 2281 1059 ἀλλὰ
2326 1006 2421 1061 καὶ
2466 1006 2527 1061 τὸ
2570 1007 2688 1061 ῐσον
2727 1006 2879 1078 αὐτῷ
2918 1012 3209 1080 μαρτυρεῖ,
3261 1008 3452 1082 ὥσπερ
3492 1007 3586 1066 06v
3630 1012 3720 1067 καὶ

2157 1094 2428 1165 Ἰωάννης,
2466 1098 2561 1151 καὶ
2593 1098 2676 1152 ὅτι
2710 1098 2864 1153 οὐδὲν
2895 1099 3135 1155 ἐλάττων
3169 1102 3287 1155 ἐστὶ
3332 1102 3429 1157 τοῦ
3469 1104 3720 1175 Πατρός⁶

2148 1188 2271 1256 Οὐχ
2300 1188 2616 1257 ἁρπαγμὸν
2639 1188 2933 1259 ᾐτήσατο,
2973 1190 3126 1262 φησὶ,
3156 1193 3223 1244 τὸ
3256 1187 3410 1246 εἶναι
3437 1192 3544 1247 ισα
3577 1191 3724 1258 Θεῷ.

2157 1276 2319 1331 Ἀλλά
2351 1278 2435 1343 τίς
2465 1281 2495 1332 6
2528 1280 2690 1350 σοφὸς
2721 1280 2902 1334 αὐτῶν
2927 1280 3121 1350 λόγος;
3152 1281 3264 1335 Kal
3293 1282 3402 1354 μὴν
3418 1283 3745 1340 τούναντίον⁸

2146 1365 2408 1436 δείκνυσι,
2434 1371 2599 1441 φησίν
2623 1388 2637 1403 ο
2655 1368 2777 1424 εἷπε
2805 1372 2936 1443 γὰρ,
2957 1373 3040 1426 ὅτι
3064 1374 3122 1425 ιν
3152 1375 3334 1444 μορφῇ
3369 1372 3507 1427 Θεοῦ
3544 1373 3726 1443 ὑπάρ-

2146 1474 2279 1528 χων,
2305 1460 2404 1530 οὐχ
2440 1461 2658 1532 ἥρπασε
2686 1461 2748 1515 τὸ
2792 1457 2930 1516 εἶναι
2975 1461 3065 1517 ῐσα
3109 1462 3229 1534 Θεῷ
3250 1480 3266 1494 ’
3302 1464 3396 1518 καὶ
3446 1464 3555 1534 μὴν
3581 1466 3629 1517 εί
3656 1459 3727 1535 ἦν

2145 1551 2299 1615 Θεὸς,
2478 1548 2623 1623 εἶχεν
2654 1554 2934 1624 ἁρπάσαι;
2962 1555 3070 1608 Καὶ
3091 1554 3205 1618 πῶς
3237 1556 3337 1608 οὐκ
3368 1556 3726 1627 άπερινόητον

2146 1640 2342 1707 τοῦτο;
2369 1642 2452 1706 τίς
2483 1644 2592 1714 γὰρ
2624 1644 2690 1698 ἂν
2730 1646 2895 1711 εῐποι,
2940 1646 3023 1699 ὅτι
3063 1648 3093 1699 6
3124 1647 3273 1700 δεῖνα
3297 1645 3586 1717 ἄνθρωπος
3626 1645 3724 1711 ὢν,
3806 1707 3815 1715 ,

2147 1734 2248 1805 οὐχ
2263 1734 2481 1805 ἥρπασε
2512 1735 2573 1789 τὸ
2594 1731 2734 1795 εἶναι
2755 1735 3044 1808 ἄνθρωπος
3067 1755 3082 1802 ;
3116 1737 3234 1802 πῶς
3258 1737 3369 1810 γὰρ
3401 1738 3466 1793 ἄν
3487 1755 3570 1802 τις
3587 1739 3728 1810 ὅπερ

2150 1825 2299 1879 ἐστὶν
2327 1826 2664 1896 άρπάσειενς
2693 1826 2794 1892 06,
2817 1828 2979 1899 φησίν
2998 1844 3013 1860 ’
3049 1830 3164 1884 ἀλλ’
3186 1830 3269 1884 ὅτι
3298 1831 3429 1895 Θεὸς
3461 1829 3539 1885 ὣν
3566 1831 3725 1885 ἐλάτ-

2148 1932 2289 1980 των,
2331 1916 2430 1987 οὐχ
2463 1916 2680 1986 ήρπασε
2714 1917 2777 1972 τὸ
2822 1913 2959 1972 slva:
3010 1918 3099 1974 ίσα
3128 1919 3206 1991 τῷ
3242 1920 3363 1991 Θεῷ
3393 1920 3473 1991 τῷ
3507 1921 3730 1992 μεγάλῳ

2149 2006 2244 2060 καὶ
2264 2006 2494 2076 μείζονι.
2523 2008 2634 2063 Καὶ
2669 2009 2865 2080 μικρὸς
2898 2010 2993 2063 καὶ
3022 2010 3199 2081 μέγας
3234 2010 3368 2076 Θεὸς
3398 2011 3509 2079 ινις
3540 2014 3638 2067 καὶ
3657 2013 3726 2066 τὰ

2160 2097 2449 2171 Ἑλληνικὰ
2468 2101 2580 2164 τοῖς
2600 2100 2699 2172 τῆς
2729 2099 3055 2173 Ἐκκλησίας
3078 2103 3342 2173 δόγμασιν
3366 2104 3728 2172 ἑπεισάγετες

2147 2189 2340 2259 Μέγας
2380 2191 2481 2261 μὲν
2506 2191 2616 2265 γάρ
2641 2193 2734 2248 καὶ
2768 2194 2965 2265 μικρὸς
2998 2197 3131 2267 παρ’
3162 2195 3345 2260 αὐτοῖς
3371 2198 3523 2261 θεός·
3574 2199 3624 2251 εί
3670 2196 3729 2251 δὲ

2149 2281 2244 2333 καὶ
2271 2283 2403 2353 παρ’
2429 2283 2577 2354 ὑμῖν,
2600 2285 2702 2338 οὐκ
2725 2279 2862 2341 οἶδα.
2892 2286 3052 2359 Παρὰ
3081 2285 3183 2357 μὲν
3203 2287 3311 2359 γὰρ
3333 2290 3453 2353 ταῖς
3483 2289 3730 2361 Γραφαῖς

2148 2371 2383 2443 οὐδαμοῦ
2408 2373 2685 2444 εὑρήσεις,
2719 2374 2857 2429 ἀλλὰ
2883 2377 3058 2445 μέγαν
3083 2376 3185 2447 μὲν
3206 2379 3501 2447 πανταχοῦ,
3534 2377 3733 2449 μικρὸν

2146 2463 2207 2518 δὲ
2234 2463 2487 2533 οὐδαμοῦ.
2516 2466 2579 2518 EE
2612 2466 2721 2535 γὰρ
2752 2466 2967 2538 μικρὸς,
3008 2466 3124 2531 πῶς
3162 2467 3257 2521 καὶ
3294 2468 3467 2534 Θεόςς
3522 2470 3586 2522 Et
3635 2488 3729 2540 μι-

2149 2550 2281 2623 κρὸς
2307 2551 2407 2604 οὐκ
2427 2550 2576 2606 ἔστιν
2602 2553 2890 2625 ἄνθρωπος
2913 2554 3007 2609 καὶ⁵
3037 2555 3230 2627 μέγας,
3258 2555 3394 2611 ἀλλὰ
3422 2556 3520 2627 μία
3546 2556 3728 2625 φύσις,

2149 2643 2246 2697 καὶ
2280 2644 2334 2695 εί
2376 2660 2431 2696 τι
2462 2643 2566 2698 οὐκ
2600 2643 2716 2698 ἐστι
2762 2646 2863 2711 τῆς
2902 2646 3120 2716 φύσεως
3170 2647 3374 2718 ταύτης
3423 2649 3587 2718 μιᾶς,
3630 2649 3731 2702 οὐκ

2147 2735 2462 2807 ἄνθρωπος,
2495 2735 2614 2799 πῶς
2644 2736 2712 2790 ἂν
2738 2737 2823 2808 εἴη
2876 2738 3069 2810 μικρὸς
3096 2738 3229 2802 Θεὸς
3264 2740 3358 2793 καὶ
3400 2739 3573 2809 μέγας
3599 2741 3626 2792 6
3657 2739 3732 2811 μὴ

2149 2825 2226 2880 ὢν
2250 2827 2467 2898 ἐκείνης
2489 2827 2587 2898 τῆς
2619 2827 2833 2896 φύσεως
2856 2846 2871 2894 ;
2905 2829 2964 2882 '0
2992 2829 3189 2899 μικρὸς
3210 2827 3306 2893 ὢν,
3325 2831 3387 2883 οὐ
3416 2830 3545 2893 Θεός
3566 2846 3579 2861 ο
3603 2846 3734 2884 παν-

2148 2918 2315 2989 ταχοῦ
2345 2920 2453 2990 γὰρ
2499 2919 2678 2989 μέγας
2718 2919 2934 2987 λέγεται
2972 2920 3122 2992 παρὰ
3161 2923 3227 2992 τῇ
3274 2922 3499 2992 Γραφῇ·
3534 2921 3733 2991 Μέγας

2149 3008 2386 3075 Κύριος,
2411 3009 2575 3079 φησὶν
2602 3011 2631 3063 6
2658 3009 2845 3074 Δαυῒδ,
2887 3010 2987 3063 καί
3024 3010 3257 3076 αὶνετὸς
3298 3010 3553 3080 σφόδρα.
3601 3011 3732 3063 ’1606

2150 3099 2248 3152 καὶ
2276 3099 2405 3171 περὶ
2436 3098 2530 3152 τοῦ
2556 3099 2686 3153 Υίοῦ
2707 3117 2721 3131 ·
2757 3101 3033 3172 πανταχοῦ
3069 3101 3178 3172 γὰρ
3206 3102 3408 3172 Κύριον
3444 3102 3605 3156 αὐτὸν
3632 3119 3735 3155 κα-

2149 3187 2233 3242 λεῖ
2252 3205 2266 3219 ο
2300 3189 2398 3243 καὶ
2426 3190 2584 3244 πάλιν
2602 3230 2618 3256 ,
2644 3190 2845 3261 Μέγας
2866 3192 2924 3246 εἷ
2939 3192 3044 3257 σὺ,
3071 3193 3171 3246 καί
3191 3191 3380 3246 ποιῶν
3402 3191 3727 3261 θαυμάσιω

2150 3280 2232 3335 σὺ
2254 3282 2308 3335 εἷ
2329 3284 2363 3335 ό
2398 3282 2543 3348 Θεὸς
2568 3280 2757 3352 μόνος
2776 3299 2789 3313 ο
2820 3283 2915 3336 καὶ
2963 3282 3129 3337 πάλιν
3147 3322 3165 3347 ,
3194 3282 3394 3354 Μέγας
3439 3285 3473 3337 ὁ
3518 3284 3735 3353 Κύριος

2151 3372 2341 3441 ἡμῶν,
2370 3374 2470 3427 καὶ
2495 3373 2726 3443 μεγάλη
2755 3375 2791 3443 ἠ
2828 3374 3008 3443 ἰσχὺς
3037 3374 3245 3439 αὐτοῦ,
3293 3374 3391 3428 καὶ
3416 3372 3525 3442 τῆς
3547 3391 3731 3443 μεγα-

2149 3463 2436 3530 λωσύνης
2456 3462 2642 3516 αὑτοῦ
2664 3466 2776 3517 οὐκ
2805 3463 2937 3517 ἐστι
2966 3463 3171 3532 πέρας.
3212 3463 3373 3517 Ἀλλὰ
3400 3463 3575 3517 ταῦτα
3604 3465 3736 3535 περὶ

2152 3552 2246 3607 τοῦ
2279 3555 2492 3625 Πατρός
2508 3570 2521 3582 ·
2551 3555 2579 3606 6
2599 3553 2658 3607 δὲ
2685 3555 2832 3619 Υἱὸς,
2869 3556 3024 3625 φησὶ,
3048 3554 3262 3626 μικρός.
3304 3556 3467 3611 Ἀλλὰ
3487 3557 3550 3610 σὺ
3575 3557 3732 3611 τοῦτο

2152 3645 2331 3714 λέγεις
2356 3661 2370 3675 ·
2400 3648 2434 3717 ή
2453 3646 2510 3699 δὲ
2539 3646 2730 3719 Γραφὴ
2751 3647 3061 3701 τούναντίον
3080 3664 3096 3677 ·
3120 3647 3308 3720 ὥσπερ
3337 3650 3468 3720 περὶ
3497 3648 3590 3702 τοῦ
3620 3650 3734 3703 Πα-

2151 3738 2300 3808 τρὸς,
2349 3738 2491 3792 οὕτω
2523 3740 2617 3792 καὶ
2664 3741 2791 3811 περὶ
2838 3740 2935 3795 τοῦ
2970 3739 3099 3795 Υίοῦ
3150 3757 3339 3811 φησιν.
3386 3742 3584 3795 Ἄκουε
3624 3739 3733 3813 γὰρ

2153 3831 2370 3885 Παύλου
2408 3832 2659 3902 λέγοντος
2683 3873 2700 3898 ,
2749 3833 3229 3903 Προσδεχόμενοι
3278 3834 3394 3900 τὴν
3430 3835 3734 3903 μακαρίαν·

2152 3922 2370 3977 ἐλπίδα
2414 3924 2510 3977 καί
2552 3924 2908 3995 ἐπιφάνειαν
2955 3925 3065 3995 τῆς
3102 3925 3288 3993 δόξης
3334 3925 3441 3979 τοῦ
3462 3925 3732 3995 μεγάλου

2158 4015 2328 4070 Θεοῦ.
2382 4017 2520 4070 Ἀλλ’
2555 4014 2663 4088 ἆρα
2711 4017 2790 4088 μὴ
2844 4018 2971 4088 περὶ
3018 4018 3111 4071 τοῦ
3159 4020 3372 4089 Πατρὸς
3410 4019 3733 4087 ἐπιφάνειαν

2153 4103 2343 4172 εἶπενς
2378 4108 2497 4161 Ἵνα
2542 4109 2597 4161 δὲ
2626 4109 2720 4162 καὶ
2771 4108 2973 4178 μᾶλλον
3023 4108 3167 4177 ὑμᾶς
3208 4107 3421 4178 ἐλέγξῃ,
3461 4109 3603 4161 κατὰ
3633 4107 3731 4177 τήν

2159 4198 2485 4268 ἐπιφάνειαν
2529 4198 2622 4251 τοῦ
2677 4198 2913 4269 μεγάλου
2965 4196 3102 4250 Θεοῦ
3160 4196 3311 4269 [256]
3371 4197 3753 4267 προσέθηκενη

2157 4292 2298 4360 Ἀρα
2330 4286 2422 4342 οῦν
2450 4289 2527 4360 μὴ
2556 4288 2799 4361 περὶτοῦ
2834 4287 3044 4359 Πατρὸς
3076 4289 3327 4359 είρηται;
3363 4288 3658 4359 Οὐδαμῶς·
3694 4289 3730 4361 ή

2154 4382 2263 4451 γὰρ
2293 4382 2556 4450 ἐπαγωγὴ
2592 4383 2692 4433 οὐκ
2737 4380 2929 4449 ἀφίησι
2953 4419 2968 4444 ,
3015 4379 3249 4447 λέγουσα
3269 4418 3283 4443 ,
3321 4378 3428 4434 Καὶ
3462 4380 3578 4449 τὴν
3608 4381 3731 4433 ἑπι-

2155 4470 2409 4539 φάνειαν
2446 4470 2553 4524 τοῦ
2587 4468 2854 4540 μεγάλου
2901 4468 3049 4523 Θεοῦ
3074 4507 3089 4532 ,
3125 4468 3225 4520 καί
3262 4467 3528 4534 Σωτῆρος
3562 4467 3732 4536 ήμῶν

2168 4559 2362 4626 Ἰησοῦ
2406 4557 2686 4627 Χριστοῦ.
2743 4557 2872 4610 Ἰδοὺ
2908 4555 3003 4609 καὶ
3043 4557 3072 4608 6
3100 4554 3224 4617 Υἱὸς
3260 4554 3451 4624 μέγας.
3481 4553 3604 4616 Πῶς
3637 4550 3732 4607 οὖν

2153 4653 2333 4722 λέγεις
2366 4650 2583 4724 μικρὸν,
2610 4648 2705 4703 καὶ¹
2742 4648 2954 4719 μὲγαν;
2986 4648 3183 4701 ’Δκουε
3211 4645 3306 4700 καὶ
3331 4644 3427 4699 τοῦ
3451 4646 3727 4717 προφήτου

2154 4745 2402 4814 λέγοντος
2430 4743 2591 4797 αὐτὸν
2620 4741 2861 4811 μεγάλης
2887 4740 3080 4810 βουλῆς
3105 4738 3388 4809 Ἄγγελον.
3407 4739 3463 4791 Ὁ
3489 4737 3730 4808 μεγάλης

2157 4835 2350 4908 βουλῆς
2373 4833 2636 4907 Ἀγγελος
2656 4833 2716 4885 οὐ
2745 4831 2948 4902 μέγας;
2977 4833 3005 4884 6
3037 4829 3251 4900 ἰσχυρὸς
3283 4827 3415 4891 Θεὸς
3444 4827 3507 4879 οὐ
3532 4826 3729 4896 μέγας,

2151 4927 2290 4981 ἀλλὰ
2324 4926 2557 4997 μικρός;
2602 4924 2667 4977 Τί
2707 4920 2798 4977 οὖν
2830 4938 2995 4990 φασιν
3038 4922 3088 4974 οἱ
3119 4919 3461 4988 ἀναίσχυντοι
3490 4918 3584 4971 καὶ
3614 4918 3728 4968 11a-

2158 5018 2270 5087 μοὶ,
2299 5018 2380 5070 ὅτι
2421 5014 2614 5087 μικρὸς
2647 5011 2721 5067 ὢν
2754 5012 2885 5075 Θεός
2909 5029 2926 5070 ;
2950 5011 3094 5077 λέγω
3133 5008 3170 5062 ἃ.
3194 5008 3415 5074 λέγουσι
3448 5005 3727 5067 πολλάκις,

2157 5108 2243 5161 ἵνα
2267 5106 2465 5179 μᾶλλον
2497 5106 2695 5166 αὐτοὺς
2739 5102 2947 5171 φύγητε
2972 5116 2985 5128 ⁸
3019 5097 3213 5168 μικρὸς
3240 5094 3337 5158 ὢν,
3385 5095 3536 5165 φησὶ,
3573 5094 3726 5158 Θεὸς,

2156 5200 2254 5271 οὐχ
2287 5200 2503 5268 ἥρπασε
2534 5196 2594 5247 τὸ
2624 5190 2762 5246 εἶναι
2800 5190 2942 5245 κατὰ
2973 5188 3062 5240 τὸν
3095 5185 3288 5256 μέγαν.
3321 5185 3386 5236 Τί
3421 5184 3527 5255 γὰρ
3551 5225 3566 5248 ,
3602 5183 3726 5237 εἰπέ

2160 5310 2249 5363 μοι
2295 5290 2451 5361 (ἀλλὰ
2488 5286 2564 5356 μὴ
2616 5285 2872 5354 νομίσητε
2906 5279 3062 5352 ήμῶν
3096 5272 3236 5329 εἶναι
3266 5275 3332 5327 τὰ
3362 5276 3600 5347 ῥήματα)
3629 5295 3644 5342 ;
3678 5279 3727 5329 εἰ

2160 5382 2350 5456 μικρὸς
2374 5377 2441 5451 ἦν
2475 5378 2594 5430 κατ’
2620 5377 2837 5440 αὐτοὺς,
2861 5373 2953 5425 καὶ
2986 5369 3119 5421 πολύ
3146 5368 3242 5436 τῆς
3277 5367 3556 5438 δυνάμεως
3588 5368 3726 5420 ἀπο-

2155 5474 2290 5529 δέων
2326 5472 2427 5536 τῆς
2459 5469 2551 5522 τοῦ
2585 5466 2816 5537 Πατρὸς,
2848 5462 2964 5524 πῶς
2993 5461 3058 5512 ἂν
3104 5458 3342 5528 ἠδυνήθη
3380 5457 3622 5527 ἁρπάσαι
3668 5456 3730 5508 τὸ

2158 5562 2297 5617 εἶναι
2330 5561 2416 5613 ἶσα
2456 5555 2611 5622 Gul);
2649 5556 2808 5622 φύσει
2846 5550 2955 5620 γὰρ
3004 5548 3239 5601 ἐλάττων
3271 5546 3371 5597 οὐκ
3407 5546 3472 5597 ἂν
3513 5544 3728 5596 δύναιτο

2156 5654 2403 5725 ἁρπάσαι
2425 5651 2484 5702 τὸ
2512 5644 2649 5699 εἷναι
2683 5646 2739 5696 ὲν
2767 5646 2832 5712 τῇ
2860 5640 3065 5711 μεγάλῃ
3087 5655 3099 5667 ·
3124 5633 3236 5689 οἷον
3258 5638 3286 5687 6
3316 5634 3599 5705 ἄνθρωπος
3626 5634 3726 5725 ὀὐκ

2159 5724 2225 5800 ἂν
2246 5744 2460 5796 δύναιτο
2496 5738 2743 5808 ἁρπάσαι
2778 5733 2839 5785 τὸ
2877 5727 3016 5783 εἶναι
3062 5730 3174 5789 ίσος
3198 5725 3412 5796 ἀγγέλῳ
3460 5724 3598 5777 κατά
3627 5724 3725 5793 τὴν

2166 5834 2349 5903 φύσιν’
2379 5835 2406 5885 6
2436 5833 2597 5890 ἵππος
2617 5827 2716 5880 οὐκ
2746 5824 2811 5878 ἂν
2840 5821 3050 5876 δύναιτο
3081 5816 3346 5888 ἁρπάσαι,
3368 5814 3468 5869 κᾶν
3493 5813 3642 5887 θέλῃ,
3664 5815 3725 5868 τὸ
