4030 6204
420 336 526 400 ςαι

421 449 566 509 εἶναι
589 453 699 519 ἴσος
721 455 992 529 ἀνθρώπῳ
1011 458 1150 511 κατά
1174 458 1273 531 τὴν
1289 460 1471 530 φύσιν.
1490 464 1674 535 Χωρὶς
1699 465 1757 519 δὲ
1780 466 1994 531 τούτου,

419 552 643 611 κάκεῖνο
670 553 801 622 ἐρῶ·
825 556 890 609 Τί
912 554 1162 626 βούλεται
1185 560 1594 616 κατασκευάσαι
1627 562 1655 616 6
1677 564 1888 631 Παῦλος
1907 566 1996 621 διὰ

422 651 613 712 τούτου
632 653 726 719 τοῦ
742 654 1136 726 ὑποδείγματος
1155 674 1170 725 ;
1198 658 1292 723 Εἰς
1309 662 1831 734 ταπεινοφροσύνην,
1853 664 1997 721 πάν-

417 768 525 814 τως
545 753 710 821 ἐρεῖς,
736 752 1026 821 ἐναγαγεῖν
1053 753 1181 819 τοὺς
1199 755 1615 829 Φιλιππησίους.
1634 759 1701 813 Τί
1723 755 1838 827 οὖν,
1872 762 1996 815 είπὲ

420 863 533 918 μοι,
553 846 712 900 τοῦτο
735 845 803 900 ἂν
828 850 1175 920 παρήνεγκεν
1193 852 1275 913 είς
1298 851 1499 921 μέσον;
1528 854 1718 919 Οὐδεὶς
1741 855 1851 929 γάρ
1872 857 1994 930 βου-

415 948 636 1020 λόμενος
661 949 963 1021 προτρέψαι
979 954 1443 1024 ταπεινοφρονεῖν,
1463 954 1621 1010 τοῦτό
1652 974 1837 1029 φησιν·
1861 959 1996 1017 Ἐσο

410 1048 685 1114 ταπεινὸς,
719 1050 813 1103 καὶ
840 1050 1061 1105 ἔλαττον
1083 1052 1271 1122 φρόνει
1299 1052 1407 1108 τῶν
1433 1056 1737 1127 ὁμοτίμων·
1767 1056 1862 1113 καὶ
1885 1060 1994 1131 γὰρ

411 1150 441 1203 6
464 1148 613 1209 δεῖνα
641 1150 670 1203 6
692 1148 877 1213 δοῦλος
917 1151 1017 1204 οὑκ
1055 1131 1327 1225 ἐπανέστη
1370 1153 1449 1225 τῷ
1485 1157 1764 1231 Δεσπότῃ·
1821 1160 1990 1231 μιμοῦ

412 1248 593 1305 τοίνυν
620 1251 848 1310 ἐκεῖνον.
884 1253 995 1322 Καὶ
1025 1255 1133 1326 μὴν
1157 1254 1314 1309 τοῦτο
1342 1257 1442 1311 οὑκ
1483 1256 1599 1312 ἔστι
1631 1277 1994 1334 ταπεινοφρο-

417 1346 603 1418 σύνης,
642 1347 786 1410 εἴποι
826 1367 910 1419 τις
941 1350 1029 1422 ᾂν,
1065 1353 1180 1406 ἀλλ’
1218 1354 1498 1420 ἀπονοίας.
1536 1356 1755 1411 Μάθετε
1787 1358 1841 1412 τί
1874 1361 1991 1413 ἐστι

413 1446 883 1519 ταπεινοφροσύνη
920 1448 1078 1520 ὑμεῖς
1116 1452 1165 1503 οί
1196 1450 1364 1521 τῦφον
1401 1452 1617 1524 ἔχοντες
1662 1454 1987 1512 διαϐολικόν.

414 1544 480 1600 Τί
518 1540 613 1599 οὖν
658 1546 775 1600 ἐστι
824 1551 1292 1624 ταπεινοφροσύνῃ
1320 1570 1334 1619 ;
1369 1553 1443 1607 Τὸ
1469 1555 1700 1609 ταπεινά
1734 1561 1986 1629 φρονεῖνπ

411 1644 646 1700 ταπεινὰ
674 1645 732 1699 δὲ
761 1651 969 1717 φρονεῖ,
1001 1651 1100 1721 ρὺχ
1123 1653 1152 1706 6
1176 1651 1285 1714 ἀπὸ
1320 1652 1565 1725 ἀνάγκης
1599 1653 1676 1708 ὣν
1706 1659 1987 1727 ταπεινὸς,

411 1743 529 1799 ἀλλ’
553 1745 583 1799 6
609 1745 802 1799 ἐαυτὸν
830 1747 1122 1803 ταπεινῶν.
1154 1743 1278 1812 Οἷόν
1298 1767 1351 1804 τι
1372 1749 1514 1820 λέγω
1535 1751 1856 1825 (προσέχετε
1882 1756 1984 1827 δέ)·

412 1845 584 1903 Ὅταν
617 1863 703 1909 τις
728 1846 911 1920 ὑψηλά
935 1848 1234 1920 δυνάμενος
1264 1852 1532 1923 φρονῆσαι
1563 1859 1984 1929 ταπεινοφρονῇ,

405 1937 562 2007 οὗτος
588 1946 970 2017 ταπεινόφρων
994 1948 1142 2003 ἐστίν
1164 1963 1178 1979 ·
1212 1935 1340 2004 ὅταν
1368 1950 1426 2003 δὲ
1449 1952 1600 2023 παρὰ
1624 1953 1685 2006 τὸ
1718 1953 1794 2026 μὴ
1823 1956 1985 2009 δυναο

405 2040 531 2095 σθαι
562 2048 980 2125 ταπεινοφρονῇ,
1013 2046 1196 2102 οὑκέτι
1237 2050 1616 2122 ταπεινόφρων
1660 2055 1810 2109 ἐστίν
1832 2071 1846 2086 '
1873 2053 1985 2111 οἷον

401 2142 432 2194 6
455 2141 707 2211 βασιλεὺς
733 2143 811 2216 τῷ
830 2142 1062 2218 ὑπάρχῳ
1087 2147 1153 2203 ἂν
1181 2148 1574 2225 ὑποτάττηται,
1599 2158 1982 2229 ταπεινόφρων

400 2240 571 2307 ἐστὶν,
601 2242 683 2295 ὅτι
710 2243 820 2298 ἀπὸ
839 2243 937 2298 τοῦ
960 2230 1133 2315 ’ὕψους
1167 2248 1405 2321 κατέϐη·
1437 2237 1466 2304 6
1513 2252 1698 2322 μέντοι
1742 2252 1984 2328 ὕπαρχος

399 2337 497 2391 ἐάν
526 2336 687 2395 τοῦτο
718 2343 870 2413 ποιῇ,
897 2342 957 2397 οὑ
982 2351 1426 2417 ταπεινοφρονεῖ·
1452 2351 1569 2415 πῶς
1600 2352 1744 2424 γάρ;
1779 2356 1839 2408 οὑ
1875 2333 1982 2430 γάρ

400 2436 510 2493 ἀπὸ
538 2437 631 2495 τοῦ
660 2437 827 2523 ὕψους
855 2441 1220 2519 ἐταπείνωσεν
1243 2446 1457 2518 ἐαυτόν.
1498 2450 1614 2503 Οὐκ
1650 2449 1765 2505 ἐστι
1793 2453 1851 2506 δὲ
1884 2455 1981 2527 ἀλ-

400 2533 510 2599 λως
524 2518 1043 2614 ταπεινοφρονῆσαι,
1062 2544 1112 2595 εἰ
1131 2543 1208 2616 μὴ
1223 2545 1281 2599 ἐν
1296 2547 1519 2619 ἐξουσίᾳ
1539 2549 1768 2619 γένοιτο.
1793 2539 1856 2606 Εί
1871 2521 1982 2627 γὰρ

402 2635 621 2709 ἀνάγκη
661 2639 781 2694 ἐστὶ
809 2642 1238 2709 τεταπεινῶσθαι
1280 2646 1376 2707 καὶ
1421 2648 1645 2717 ἄκοντα,
1671 2652 1858 2711 οὑκέτι
1882 2655 1981 2727 τῆς

401 2741 720 2814 φρονήσεώς
749 2745 866 2799 ἐστι
887 2744 950 2800 τὸ
982 2747 1321 2819 κατόρθωμα
1343 2750 1468 2809 οὑδέ
1491 2751 1587 2812 τοῦ
1618 2752 1978 2826 βουλήματος,

398 2840 538 2897 ἀλλά
570 2842 669 2914 τῆς
702 2842 949 2916 ἀνάγκης
966 2862 982 2876 ’
1016 2849 1488 2923 ταπεινοφροσύνη
1513 2852 1570 2906 δὲ
1597 2852 1683 2908 δια
1707 2854 1865 2910 τοῦτο
1894 2856 1980 2931 λέ-

397 2958 578 3012 γεται,
604 2945 686 3014 ὅτι
710 2944 805 2998 τοῦ
836 2946 1182 3019 φρονήματός
1213 2939 1329 3003 ἐστι
1359 2934 1710 3024 ταπείνωσις.

468 3152 538 3214 γ’.
563 3145 697 3200 Εἰπέ
730 3163 842 3217 μοι,
874 3149 1033 3219 εἴτις
1072 3150 1148 3221 μὴ
1177 3148 1318 3229 ἔχων
1346 3151 1593 3218 ἐξουσίαν
1614 3155 1976 3229 πλεονεκτεῖν,

400 3247 552 3322 μένοι
599 3246 667 3301 τά
718 3247 912 3302 ἐαυτοῦ
955 3224 1313 3324 κεκτημένος,
1346 3255 1533 3309 τοῦτον
1578 3224 1978 3330 ἐπαινεσόμεθα

394 3348 489 3409 ἐπὶ
511 3345 858 3435 δικαιοσύνης
908 3349 1197 3424 Οὐδαμῶς.
1229 3351 1328 3425 Διά
1358 3353 1445 3423 τίς
1495 3355 1574 3428 Τῇ
1620 3357 1731 3430 γάρ
1764 3359 1978 3435 ἀνάγκῃ

393 3449 457 3509 τὸ
486 3449 585 3528 τῆς
614 3432 990 3520 προαιρέσεως
1018 3451 1297 3536 ἐγκώμιον
1326 3453 1630 3526 ἀφῄρηται.
1670 3459 1806 3515 Εἰπέ
1843 3432 1973 3533 μοι

395 3548 550 3613 εἴτις
582 3546 658 3618 μὴ
684 3547 982 3617 δυνάμενος
1005 3554 1297 3620 τυραννεῖν,
1322 3557 1416 3617 καὶ
1461 3555 1790 3625 βασιλεύειν,
1823 3562 1975 3632 μένοι

398 3646 713 3711 ἰδιωτεύων,
763 3647 953 3708 τοῦτον
1011 3651 1431 3722 ἐπαινεσόμεθα,
1483 3655 1559 3720 ὡς
1607 3660 1973 3730 ἀπράγμονα;

397 3747 552 3822 [25⁸1]
584 3747 866 3818 Οὐδαμῶς.
896 3748 1110 3807 υὺκοῦν,
1134 3751 1260 3804 οὑδὲ
1284 3753 1537 3809 ἐνταῦθα.
1580 3758 1640 3810 Ὀ
1673 3760 1784 3830 γάρ
1813 3760 1973 3834 ἐπαι-

395 3865 507 3915 νος,
537 3842 584 3907 ὧ
611 3848 833 3903 πάντων.
854 3850 1014 3922 ὑμεῖς
1039 3849 1428 3920 ἀμαθέστατοι,
1452 3853 1553 3921 οὑκ
1588 3856 1648 3910 ἐν
1669 3860 1737 3930 τῇ
1768 3863 1973 3915 τούτων

397 3955 604 4024 ἀποχῇ,
655 3951 773 4006 ἀλλ’
817 3953 877 4023 ἐν
1030 3952 1144 4007 τῶν
1176 3952 1400 4031 ἀγαθῶν
1450 3957 1687 4039 ἐργασίᾳ
1716 3938 1969 4034 ⁸γίνεται.

409 4055 619 4127 Ἐκεῖνο
677 4052 777 4125 μὲν
809 4053 918 4138 γὰρ
962 4033 1132 4127 ψόγου
1161 4034 1543 4126 ἀπήλλακται,¹
1588 4057 1742 4115 οὑπω
1773 4062 1832 4115 δὲ
1877 4062 1974 4138 καὶ

394 4156 619 4210 ἐπαίνου
650 4136 867 4227 μετέχει
885 4137 912 4185 ·’
929 4153 992 4207 τὸ
1019 4151 1098 4221 δὲ,
1135 4153 1427 4227 ἐγκωμίων
1457 4157 1609 4234 ἄξιόν
1632 4159 1803 4215 ἐστιν.
1828 4136 1973 4235 Ὅρα

392 4255 527 4327 γοῦν
549 4255 642 4325 καὶ
664 4254 755 4307 τὸν
787 4253 1021 4324 Χριστὸν
1048 4253 1222 4326 οὑτως
1252 4254 1597 4329 ἐπαινοῦντα,
1646 4260 1773 4316 ὅταν
1798 4261 1935 4343 λέγῃ
1952 4279 1968 4293 .

393 4357 592 4425 Δεῦτε,
622 4358 677 4410 oi
694 4355 1086 4428 εὐλογημένοι
1108 4355 1214 4418 τοῦ
1241 4359 1473 4440 Πατρός
1505 4377 1647 4441 μου,
1679 4365 1972 4440 κληρονρ-

384 4456 627 4530 μήσατε
655 4454 770 4525 τὴν
797 4454 1251 4526 ἡτοιμασμένην
1286 4457 1431 4529 ὑμῖν
1471 4459 1804 4545 βασι-λείαν
1848 4465 1969 4531 ἀπὸ

391 4551 723 4622 καταϐολῆς
761 4553 1030 4622 κόσμου·
1073 4553 1367 4609 ὲπείνασα
1399 4555 1539 4626 γὰρ,
1583 4557 1684 4612 καί
1709 4557 1969 4621 ἐδώκατέ

384 4674 492 4729 μοι
511 4653 729 4727 φαγεῖν
747 4670 761 4685 ·
786 4653 1079 4722 ἐδίψησα,
1094 4652 1196 4708 καί
1213 4655 1526 4725 ἐποτίσατέ
1532 4674 1631 4727 με.
1657 4660 1773 4714 Οὑκ
1793 4656 1966 4728 εἶπεν,

405 4755 625 4827 Ἐπειδὴ
650 4754 752 4808 οὑκ
768 4754 1255 4824 ἐπλεονεκτήσατε,
1274 4755 1416 4822 οὑδὲ,
1434 4756 1653 4831 Ἐπειδὴ
1672 4761 1770 4832 οὐχ
1791 4763 1970 4834 ήρπά-

393 4878 522 4916 σατε
557 4857 760 4934 [μικρά
797 4856 907 4929 γὰρ
939 4855 1136 4928 ταῦτα]
1186 4856 1301 4910 ἀλλ’
1349 4858 1564 4931 Ἐπειδὴ
1595 4864 1871 4919 πεινῶντά
1899 4885 1967 4938 με

392 4960 586 5024 εἴδετε,
615 4948 712 5012 καὶ
758 4955 1046 5028 ἐθρέψατε.
1080 4955 1191 5009 Καὶ
1221 4955 1305 5019 τίς
1336 4956 1403 5011 ἂν
1431 4956 1602 5024 οὑτως
1638 4961 1903 5034 ἐπῄνεσεν
1931 4966 1965 5038 ἢ

393 5060 519 5124 τοὺς
552 5061 762 5129 φίλους,
794 5058 828 5131 ἢ
860 5058 990 5122 τοὺς
1033 5055 1262 5129 ἐχθρούς
1277 5074 1298 5140 ς.
1324 5057 1426 5123 οὑκ
1477 5059 1544 5124 ἂν
1576 5062 1698 5116 οὑδέ
1732 5065 1964 5142 Παῦλον.

394 5159 435 5212 'l'
447 5160 464 5211 ί
491 5159 635 5227 λέγω
666 5158 912 5225 Παῦλον;
942 5157 1061 5212 οὑδέ
1092 5158 1182 5212 τὸν
1214 5158 1445 5230 τυχόντα
1473 5176 1557 5225 τις
1580 5160 1771 5235 ἀνδρα,
1793 5165 1870 5242 ὡς
1899 5168 1965 5223 σὺ

393 5261 485 5313 τὸν
517 5259 746 5330 Χριστὸν
768 5261 1031 5327 ἐπαινεῖς,
1052 5260 1337 5340 ἐπῄνεσεν,
1367 5263 1449 5317 ὅτι
1482 5264 1557 5335 μὴ
1582 5267 1966 5340 προσήκουσαν

395 5361 570 5434 ἀρχὴν
599 5360 700 5414 οὑκ
742 5360 924 5431 ἔλαϐε.
966 5362 1042 5415 T6
1077 5338 1186 5435 γὰρ
1233 5364 1326 5419 ἐπὶ
1378 5363 1589 5433 τούτοις
1641 5338 1963 5439 θαυμάζειν,

395 5464 598 5537 πολλήν
618 5466 734 5518 ἐστι
766 5462 965 5519 κακίαν
1019 5466 1458 5538 μαρτυρούντων.
1511 5468 1668 5535 HJK;
1724 5471 1847 5527 Ὅτι
1877 5473 1964 5526 ἐπ’

395 5565 619 5619 ἐκείνων
644 5564 707 5618 τὸ
736 5563 977 5618 τοιοῦτον
1000 5563 1220 5632 ἔπαινός
1248 5567 1425 5633 ἐστιν,
1467 5563 1578 5623 οἷον
1614 5571 1644 5625 6
1680 5569 1927 5627 κλέπτων
1944 5614 1961 5636 ,

399 5657 494 5710 ἑάν
521 5660 720 5728 μηκέτι
752 5660 959 5732 κλέπτῃ
982 5677 994 5690 ·
1026 5662 1122 5714 ἐπὶ
1150 5661 1208 5715 δὲ
1234 5663 1342 5718 τῶν
1382 5666 1606 5734 ἀγαθῶν
1633 5669 1818 5723 οὐκέτι
1839 5688 1854 5703 ο
1900 5673 1959 5726 ού

401 5758 529 5835 γὰρ,
550 5758 748 5831 ὅτιοὺχ
769 5760 984 5834 ἥρπασε
1020 5764 1097 5839 μὴ
1130 5766 1510 5837 προσήκουσαν
1538 5770 1711 5843 ἀρχὴν
1753 5772 1845 5828 καὶ
1878 5791 1959 5827 τι-

1136 341 1194 397 S.
1233 340 1518 407 JOANNIS
1552 344 2044 407 CHRYSOSTOMI
2079 348 2399 410 ARCIIIEP.
2440 349 2982 415 CONSTANTINOP.

3580 366 3687 425 222

2112 467 2243 541 μὴν,
2268 468 2573 535 ἐπαινετός.
2614 472 2723 527 Καὶ
2749 475 2909 539 ποίας
2930 475 3103 532 ταῦτα
3139 480 3354 546 ἀνοίαςί
3394 483 3602 550 Ἀλλως
3623 486 3680 542 δὲ

2108 565 2264 636 (ἀλλά
2300 568 2616 643 προσέχετε,
2658 574 2988 643 παρακαλῶ·
3027 579 3237 650 μακρὸς
3259 580 3367 654 γάρ
3395 584 3424 636 6
3460 582 3674 657 λόγος),

2104 662 2189 726 τίς
2227 663 2294 718 ἂν
2321 665 2430 719 ἀπὸ
2452 666 2659 723 τούτων
2694 671 2775 733 εἰς
2813 676 3314 750 ταπεινοφροσύνην
3337 680 3677 754 προέτρεψες

2108 761 2191 815 Τὰ
2217 762 2326 835 γὰρ
2357 765 2731 837 ὑποδείγματα
2780 771 2962 845 πολλῷ
2990 773 3232 845 μείζονα
3277 776 3360 830 δεῖ
3389 775 3535 835 εῖναι
3574 783 3678 854 τῆς

2105 865 2434 933 ὑποθέσεως,
2462 869 2543 935 είς
2570 872 2636 943 ἢν
2667 875 3093 947 παρακαλοῦμεν
3117 896 3133 911 ·
3163 880 3222 933 οὑ
3254 880 3363 953 γάρ
3406 882 3474 937 ἄν
3504 901 3591 949 τις
3618 888 3678 956 ἐξ

2106 966 2405 1038 ἀλλοτρίων
2428 971 2770 1044 προτραπείη
2790 988 2806 1003 θ
2835 967 2970 1041 οἷον,
2997 976 3334 1049 προέτρεψεν
3368 981 3396 1033 6
3444 982 3489 1033 Χ
3497 984 3677 1068 ριρτὸς

2108 1061 2169 1120 56
2204 1070 2379 1122 ποιεῖν
2406 1070 2531 1134 τοὺς
2560 1071 2821 1143 ἐχθρούς·
2862 1075 3061 1146 ήνεγκε
3110 1078 3460 1151 παράδειγμα
3505 1061 3669 1152 μέγα,

2107 1168 2168 1222 τὸ
2195 1167 2288 1222 τοῦ
2313 1170 2548 1242 Πατρὸς,
2581 1173 2703 1229 Ὅτι
2731 1177 3048 1233 ἀνατέλλει
3078 1180 3186 1234 τὸν
3217 1180 3397 1249 ἣλιον
3423 1182 3524 1237 ἐπὶ
3561 1197 3672 1237 ,πο-ε

2103 1269 2328 1335 νηροὺς
2354 1272 2455 1326 καί
2484 1273 2766 1342 ἀγαθοὺς,
2792 1278 2890 1330 καὶ
2915 1276 3123 1349 βρέχει
3149 1279 3248 1334 ἐπί
3276 1280 3547 1349 δικαίους
3573 1284 3671 1338 καὶ
3704 1330 3715 1349 ε

2100 1365 2348 1434 ἀδίκους
2372 1383 2385 1398 ⁸
2415 1370 2748 1442 προέτρεψεν
2780 1375 2861 1438 εἰς
2897 1374 3251 1441 ἀνεξικακίαν
3273 1395 3289 1413 ο
3337 1381 3539 1451 ήνεγκε
3568 1399 3673 1435 πατ
3714 1366 3715 1369 η

2102 1464 2369 1536 ράδειγμα
2410 1468 2635 1524 ἑαυτόνο
2680 1470 2909 1528 Μὰθετε
2953 1475 3055 1530 ἀπ’
3102 1476 3249 1546 ἐμοῦ
3277 1518 3292 1540 ,
3335 1477 3426 1541 ὅτι
3484 1478 3672 1554 πρᾶός

2097 1566 2216 1635 ειμι
2246 1565 2344 1619 καί
2377 1569 2660 1637 ταπεινὸς
2689 1570 2765 1641 τῇ
2793 1573 3007 1642 καρδίᾳ
3030 1592 3045 1606 ο
3075 1576 3172 1630 καὶ
3201 1577 3382 1645 πάλιν,
3408 1580 3479 1633 El
3509 1579 3672 1649 ἐγὼό

2086 1666 2315 1734 Κύριος
2338 1666 2439 1721 καὶ
2468 1670 2501 1722 ὀ
2518 1667 2889 1738 διδάσκαλος
2915 1674 3103 1728 ταῦτα
3132 1677 3302 1744 ποιῶ,
3335 1681 3509 1745 πόσῳ
3527 1681 3676 1750 μᾶλ-

2095 1767 2212 1819 λον
2231 1765 2398 1836 ὑμεῖς
2412 1783 2432 1832 ;
2476 1767 2639 1840 Ὁρᾷς
2680 1770 2802 1836 πῶς
2842 1773 2945 1827 οὑκ
2991 1775 3267 1848 ἀφέστηκε
3311 1778 3383 1832 τά
3419 1782 3676 1853 παραδεί·

2096 1881 2316 1936 γματα;
2349 1868 2470 1923 οὑδὲ
2511 1870 2621 1942 γὰρ
2643 1871 2897 1926 τοσοῦτον
2924 1875 3237 1944 ἀφεστάνατ
3266 1877 3381 1931 δεῖ·
3424 1880 3520 1933 καὶ
3566 1880 3675 1953 γὰρ

2097 1967 2193 2020 καὶ
2212 1969 2373 2038 ἡμεῖς
2397 1968 2542 2024 οὑτω
2566 1970 2850 2044 ποιοῦμεν.
2880 1974 3089 2040 Ἀλλως
3109 1976 3165 2030 δὲ
3186 1977 3282 2032 καὶ
3297 1979 3531 2034 ἐνταῦθα
3554 1983 3676 2037 οὐδὲ

2095 2067 2263 2137 ἐγγύς
2289 2070 2405 2123 ἐστι
2432 2069 2494 2124 τὸ
2518 2071 2891 2145 παράδειγμα.
2918 2073 3076 2142 Πῶς;
3107 2076 3230 2131 Ὅτι
3253 2079 3301 2131 εἰ
3328 2079 3515 2144 δοῦλός
3534 2082 3675 2148 ἐστι,

2094 2167 2189 2222 καὶ
2216 2166 2455 2224 ἐλάττων
2493 2171 2609 2225 ἐστὶ
2640 2173 2736 2227 καὶ
2763 2175 3004 2247 ὑπήκοος
3038 2176 3119 2249 τῷ
3152 2178 3383 2248 μείζονι.
3411 2180 3584 2235 Τοῦτο
3613 2181 3675 2242 δὲ

2091 2271 2152 2324 οὑ
2182 2274 2652 2348 ταπεινοφροσύνῃ
2688 2277 2805 2331 ἐστί
2870 2279 3181 2334 τούναντίον
3218 2281 3328 2354 γὰρ
3357 2281 3466 2336 ἔδει
3511 2283 3676 2353 ποιῆ-

2094 2386 2205 2439 σαι,
2243 2372 2471 2442 μείζονά
2510 2391 2634 2428 τινα
2676 2375 2755 2448 τῷ
2784 2377 3027 2433 ἐλάττονι
3053 2380 3442 2436 ὑπακούσαντα
3465 2382 3671 2450 δεῖξαιο

2091 2471 2211 2526 ἀλλ’
2238 2474 2429 2547 ἐπειδὴ
2455 2475 2614 2529 τοῦτο
2641 2476 2738 2546 οὑχ
2761 2470 2922 2547 εὗρεν
2954 2478 3046 2532 ἐπὶ
3075 2478 3236 2545 Θεοῦ,
3278 2479 3501 2551 μείζονα
3526 2480 3677 2549 λέγω

2091 2568 2189 2639 καὶ
2216 2571 2499 2640 ἐλάττονα,
2525 2572 2587 2631 τὸ
2615 2572 2747 2642 γοῦν
2778 2573 2890 2630 ἴσον
2923 2574 3201 2646 ἐποίησεν.
3251 2576 3315 2630 Εί
3343 2577 3401 2630 δέ
3429 2576 3676 2633 ἐλάττων

2088 2663 2157 2753 ἦν
2182 2671 2212 2724 6
2237 2668 2386 2734 Υἱὸς,
2420 2669 2518 2741 οὑχ
2552 2672 2736 2733 ἱκανὸν
2774 2674 2856 2739 είς
2893 2668 3395 2756 ταπεινοφροσύνην
3437 2677 3679 2749 προτρέ-

2088 2770 2211 2842 ψαι.
2261 2769 2363 2837 Διά
2390 2771 2446 2824 τί
2470 2788 2486 2839 ;
2511 2772 2632 2830 Ὀτι
2676 2775 2780 2829 οὑκ
2825 2773 3444 2849 ἐστι’ταπεινοφροσύνη
3487 2779 3550 2831 τὸ
3578 2777 3681 2833 τὸν

2090 2874 2350 2930 ἐλάττονα
2372 2874 2448 2946 μὴ
2475 2875 2852 2947 ἐπαναστῆναι
2876 2876 2956 2948 τῷ
2983 2877 3214 2948 μείζονι,
3238 2877 3300 2931 τδ
3323 2879 3398 2948 μὴ
3422 2878 3678 2949 ἀρπάσαι

2086 2972 2186 3045 τὴν
2211 2974 2407 3046 ἀρχὴν,
2444 2975 2506 3028 τὸ
2536 2975 2847 3029 ὑπακοῦσαι
2875 2975 3037 3047 μέχρι
3071 2975 3327 3041 θανάτου.
3354 2976 3565 3041 ’Ἄλλως
3585 2976 3678 3044 δὲ,

2085 3073 2188 3146 ὅρα
2223 3076 2318 3129 καὶ
2347 3077 2489 3146 μετὰ
2522 3078 2583 3131 τὸ
2627 3077 2934 3150 ὑπόδειγμα
2971 3079 3025 3132 τί
3072 3095 3242 3151 φησι·
3275 3078 3355 3148 Τῇ
3393 3072 3679 3135 ταπεινὰο

2085 3176 2366 3246 φροσύνῃ
2400 3177 2716 3245 ἀλλήλους
2743 3178 3066 3249 ἡγούμενοι
3090 3178 3502 3257 ὑπερέχοντας
3529 3178 3677 3235 6cm-

2085 3271 2225 3328 τῶν.
2266 3276 2629 3346 Ἠγούμενοι,
2665 3277 2850 3350 φησίν.
2889 3278 3108 3350 Ἐπειδὴ
3139 3279 3248 3351 γὰρ
3275 3280 3369 3334 καὶ
3406 3279 3549 3334 κατά
3569 3280 3675 3365 τὴν

2084 3371 2273 3426 οὐσίαν
2294 3372 2352 3426 ἐν
2387 3374 2534 3438 ἐστε,
2582 3375 2676 3430 καὶ⁸
2705 3373 2854 3448 [258]
2882 3375 3026 3430 κατά
3056 3376 3156 3450 τὴν
3184 3378 3352 3449 τιμὴν
3380 3377 3481 3456 τὴν
3517 3380 3673 3453 παρὰ

2083 3471 2181 3540 τοῦ
2206 3473 2364 3540 Θεοῦ,
2390 3474 2470 3528 δεῖ
2490 3473 2673 3528 λοιπὸν
2694 3474 2797 3545 τῆς
2822 3475 3145 3547 ὑπολήψεως
3167 3471 3388 3531 εἶναιτὸ
3411 3479 3671 3548 πρᾶγμ-α.

2096 3571 2221 3632 Ἐπὶ
2249 3572 2307 3627 δέ
2343 3572 2454 3626 τῶν
2482 3571 2744 3643 μειζόνων
2789 3573 2886 3627 καὶ
2923 3573 3224 3629 ἐλαττόνων
3256 3575 3357 3640 οὑκ
3404 3575 3473 3630 ἀν
3508 3575 3675 3632 τοῦτο

2083 3668 2259 3737 εἶπεν,
2282 3671 2364 3725 ὅτι
2396 3671 2761 3742 Ἠγσούμενοι,
2797 3671 2954 3737 ἀλλά,
2986 3673 3196 3743 Τιμᾶτε
3220 3675 3348 3737 τοὺς
3367 3674 3674 3748 ὑπερέχον-

2081 3786 2182 3833 τας
2208 3768 2362 3840 ὑμῶν
2382 3785 2396 3800 ·
2431 3768 2615 3833 καθὼς
2638 3770 2733 3823 καὶ
2755 3769 2992 3840 ἀλλαχοῦ
3018 3786 3152 3841 φησι
3175 3811 3191 3836 ,
3216 3772 3506 3827 Πείθεσθε
3542 3774 3674 3841 τοῖς

2083 3869 2436 3941 ἡγουμένοις
2471 3871 2639 3942 ὑμῶν
2673 3871 2770 3925 καί
2798 3873 3096 3926 ὑπείκετε.
3142 3874 3289 3926 Ἐκεῖ
3316 3874 3416 3946 τῆς
3448 3874 3673 3944 φύσεως

2081 3969 2174 4042 τοῦ
2206 3971 2528 4042 πράγματός
2553 3972 2755 4043 ἐστινὴ
2789 3972 3037 4044 ὑποταγή
3058 3987 3072 4003 ·
3119 3971 3356 4027 ἐνταῦθα
3398 3976 3500 4038 τῇς
3542 3976 3672 4048 κρίς

2082 4085 2218 4141 σεως
2251 4069 2334 4122 δεῖ
2372 4054 2630 4138 γενέσθαι
2671 4068 2773 4139 τῆς
2807 4069 3101 4141 ἡμετέρας.
3160 4068 3241 4139 Τῇ
3271 4085 3669 4142 ταπεινοφρο·

2080 4169 2263 4239 σύνῃ,
2295 4168 2481 4240 φησὶν,
2539 4167 2857 4238 ἀλλήλους
2905 4170 3228 4240 ἡγούμενοι
3251 4170 3668 4246 ὑπερέχοντας

2079 4265 2330 4333 ἑαυτῶν,
2357 4266 2545 4338 ὥσπερ
2567 4268 2662 4322 καὶ
2695 4269 2724 4321 6
2762 4269 2997 4340 Χριστὸς
3035 4269 3286 4342 ἐποίησε.
3318 4271 3431 4324 Καὶ
3457 4273 3527 4327 τὰ
3560 4272 3666 4344 μὲν

2079 4363 2303 4435 ἐκείνων
2325 4363 2498 4430 οὕτως
2519 4364 2921 4437 ἀνατέτραπται
2940 4384 2955 4400 ο
2986 4367 3058 4422 τὰ
3089 4368 3147 4422 δέ
3184 4369 3435 4441 ήμέτερα
3473 4370 3664 4426 λοιπὸν

2078 4468 2254 4522 εἰπεῖν
2283 4467 2413 4539 χρὴ,
2450 4466 2715 4539 πρότερον
2745 4468 2804 4521 ἐν
2827 4467 3107 4540 κεφαλαίῳ
3126 4468 3197 4523 τά
3219 4469 3447 4525 ἐκείνων
3473 4473 3663 4527 εἰπόν-

2076 4583 2167 4635 τα,
2200 4568 2284 4621 ὅτι
2311 4568 2391 4631 εἰς
2425 4568 2925 4641 ταπεινοφροσύνην
2970 4571 3304 4642 παρακαλῶν
3332 4573 3433 4627 οὑκ
3461 4573 3529 4629 ἂν
3564 4573 3662 4628 τὸν

2077 4670 2337 4741 ἐλάττονα
2364 4669 2494 4736 ὄντα
2524 4669 2617 4724 καὶ
2636 4668 2716 4741 τῷ
2744 4669 2950 4741 μείζονι
2981 4670 3371 4733 ὑπακούσαντα
3404 4675 3663 4746 παρήγα-

2076 4788 2192 4841 γεν.
2230 4774 2292 4827 Et
2337 4772 2436 4843 μὲν
2480 4772 2591 4845 γὰρ
2626 4771 2845 4837 δούλους
2884 4772 3173 4837 δεσπόταις
3213 4775 3514 4846 παρεκάλει
3549 4776 3659 4830 ὑπ-

2076 4872 2296 4926 ακούειν
2320 4912 2336 4939 ,
2371 4871 2597 4936 είκότως
2618 4887 2631 4900 '
2682 4873 2732 4925 εἰ
2777 4871 2837 4925 δέ
2874 4871 3193 4944 ἐλευθέρους
3244 4873 3571 4947 ἐλευθέροις,
3604 4874 3660 4929 τί

2077 4973 2171 5026 τοῦ
2197 4970 2383 5025 δούλου
2403 4971 2539 5046 πρὸς
2561 4972 2651 5025 τὸν
2671 4971 2934 5043 δεσπότην
2956 4973 3237 5047 ὑποταγὴν
3260 4973 3458 5045 ἔφερες
3483 4974 3534 5028 τί
3555 4975 3656 5029 τοῦ

2076 5072 2356 5142 ἐλάττονος
2386 5072 2523 5144 πρὸς
2549 5071 2640 5125 τὸν
2659 5072 2881 5142 μείζονα
2906 5090 2921 5139 ;
2950 5072 3042 5144 Μὴ
3063 5072 3173 5145 γάρ
3196 5069 3372 5142 εἶπεν,
3407 5076 3471 5129 ΟΞ
3498 5075 3659 5130 ἐλάτ-

2073 5188 2224 5241 τονες
2250 5173 2362 5238 τοῖς
2389 5171 2627 5249 μείζοσιν
2652 5171 3096 5239 ὑπακουέτωσαν,
3116 5173 3234 5228 ἀλλ’
3263 5175 3515 5247 ’ἰσότιμοι
3550 5175 3654 5230 ἀλ-

2073 5273 2252 5345 λήλων
2298 5273 2470 5341 ὅντες,
2532 5273 2857 5339 ὑπακούετε,
2930 5274 3271 5343 Ἀλλήλους
3328 5278 3657 5347 ἡγούμενοι

2075 5372 2478 5441 ὑπερέχοντας
2496 5371 2744 5428 ἑαυτῶν.
2775 5372 2876 5428 Διά
2912 5373 2964 5426 τί
3004 5374 3060 5427 δὲ
3091 5376 3168 5447 μὴ
3204 5377 3495 5447 παρήγαγε
3545 5375 3657 5430 κᾶν

2071 5472 2134 5525 τὸ
2151 5471 2251 5541 τῆς
2280 5472 2566 5539 γυναικὸς,
2598 5473 2680 5526 ὅτι
2704 5472 2914 5544 ’Ὠσπερ
2938 5474 2971 5545 ή
3001 5473 3138 5545 γυνὴ
3160 5474 3425 5529 ὑπακούει
3457 5473 3532 5545 τῷ
3556 5474 3661 5529 ἀνς

2073 5571 2183 5641 δρὶ,
2234 5570 2375 5625 οὑτω
2407 5571 2500 5624 καὶ
2550 5572 2709 5642 ὑμεῖς
2756 5572 3102 5643 ὑπακούετε;
3154 5573 3301 5629 Είδέ
3344 5576 3483 5646 ὅπερ
3533 5571 3658 5626 ἴσον

2015 5719 2043 5745 ι
2073 5671 2190 5725 ἐστὶ
2220 5672 2311 5725 καὶ
2337 5671 2642 5747 ἐλευθέριον
2669 5676 2729 5730 οὐ
2767 5677 3111 5749 παρήγαγεν,
3156 5676 3349 5748 ἐπειδὴ
3386 5675 3520 5736 ὅλως
3554 5690 3657 5743 μι-

2073 5772 2182 5846 κρά
2208 5789 2291 5838 τις
2312 5769 2380 5847 ἦν
2406 5776 2675 5849 ὑποταγῇ,
2708 5777 2861 5849 πόσῳ
2890 5779 3091 5850 μᾶλλον
3120 5780 3183 5835 τὸ
3204 5779 3297 5835 τοῦ
3330 5779 3514 5837 δούλου
3546 5776 3656 5840 οὑκ
