4030 6204
382 582 549 650 pant,
576 569 722 644 quod
755 575 897 625 esset
922 577 1114 636 parvus
1145 561 1324 618 Deus?
1352 562 1506 631 Sa‘pe
1550 559 1760 616 illorum
1810 555 1972 650 verba

381 649 590 731 affero,
624 677 680 719 ut
709 662 874 732 magis
901 659 968 713 ab
998 659 1102 713 illis
1131 655 1404 726 refugiatis
1434 672 1446 708 :
1480 652 1612 708 Cum
1641 665 1861 722 parvus,
1892 649 1974 704 in—

393 757 611 829 quiunt,
644 763 786 809 esset
819 752 978 815 Deus,
1011 764 1116 802 non
1146 747 1247 802 hoc
1275 746 1468 814 rapuit,
1503 753 1561 798 ut
1587 743 1832 798 eumdem
1854 756 1976 812 gra-

343 873 382 907 -ι
406 852 526 905 dum
569 861 691 902 eum
735 857 926 912 magno
965 839 1254 894 obtineret.
1304 836 1440 904 Quid
1489 835 1628 889 enim
1657 875 1672 900 ,
1715 833 1803 887 die
1845 830 1975 885 mihi

408 941 678 1012 (verumne
717 933 910 1003 putetis
941 931 1055 985 haec
1083 938 1263 984 nostra
1289 941 1408 982 esse
1435 923 1618 995 verba)
1642 966 1657 990 ,
1683 925 1726 977 si
1756 923 1824 978 de
1855 923 1976 976 illo-

405 1045 516 1084 rum
543 1024 806 1081 senteutia
839 1036 1034 1092 parvus
1058 1028 1194 1082 erat,
1224 1029 1278 1073 et
1307 1026 1523 1087 paterna
1555 1013 1791 1084 potentia
1821 1013 1976 1082 longe

400 1121 648 1184 inferior;
681 1115 952 1187 quomodo
981 1113 1084 1168 hoc
1111 1126 1361 1181 umquam
1393 1124 1582 1178 rapere
1614 1109 1892 1177 potuisset,
1921 1117 1978 1161 ut

399 1214 505 1269 Deo
523 1210 746 1281 aequalis
771 1205 950 1264 esset?
993 1214 1180 1260 natura
1208 1203 1350 1258 enim
1393 1201 1567 1254 minor
1608 1214 1717 1253 non
1749 1198 1850 1252 hoc
1885 1212 1975 1252 ra-

397 1319 525 1375 pere
554 1309 716 1372 queat
739 1341 754 1364 ,
797 1307 855 1353 ut
894 1295 1083 1352 evadat
1111 1295 1164 1349 in
1209 1307 1452 1362 magnam
1487 1287 1976 1360 :quemadmodum

399 1396 562 1450 homo
595 1405 884 1461 numquam
909 1391 1011 1444 hoc
1037 1401 1224 1458 rapere
1249 1394 1430 1455 queat,
1463 1393 1517 1437 ut
1545 1383 1735 1452 angelo
1759 1381 1978 1452 aequalis

395 1489 467 1545 sit
518 1485 814 1541 secundum
860 1491 1145 1544 naturam;
1194 1491 1368 1546 neque
1419 1467 1587 1544 equus
1636 1474 1737 1528 hoc
1790 1487 1979 1541 rapere

395 1587 599 1650 queat,
622 1577 830 1633 etiamsi
861 1576 1006 1640 velit,
1039 1583 1094 1627 ut
1120 1571 1322 1627 homini
1346 1570 1566 1640 aequalis
1591 1568 1662 1623 sit
1683 1565 1976 1623 secundum

393 1660 667 1728 naturam.
700 1668 806 1724 Sed
849 1669 950 1721 hoc
987 1666 1208 1730 omisso,
1242 1663 1369 1718 illud
1397 1664 1556 1719 etiam
1598 1662 1793 1718 dicam.
1839 1659 1977 1726 Quid

392 1761 498 1824 hoc
526 1760 776 1828 exemplo
819 1758 1036 1813 molitur
1065 1755 1294 1811 Paulus?
1322 1755 1572 1820 Omnino,
1606 1752 1976 1822 respondebis,

390 1861 450 1912 ut
473 1851 847 1920 Philippenses
875 1849 940 1903 ad
968 1846 1324 1903 humilitatem
1369 1845 1618 1900 adducat.
1662 1843 1769 1899 Cur
1796 1844 1976 1914 igitur,

389 1944 478 2003 dic
501 1942 658 2009 mihi,
692 1942 797 1997 hoc
840 1941 894 1995 in
937 1940 1172 1995 medium
1200 1939 1459 2009 protulit?
1490 1952 1649 1992 nemo
1678 1937 1819 1992 enim
1843 1977 1857 2001 ,
1889 1937 1978 2006 qui

387 2036 457 2091 ad
482 2033 844 2089 humilitatem
865 2031 1136 2086 cohortari
1166 2031 1314 2094 velit,
1344 2030 1415 2083 ita
1446 2029 1700 2098 loquitur.
1726 2027 1854 2082 Esto
1882 2029 1983 2080 hu-

386 2126 560 2187 milis,
593 2138 657 2178 ac
687 2122 862 2176 minus
911 2120 1190 2191 magniﬁce
1239 2119 1306 2174 de
1353 2128 1405 2174 te
1444 2119 1680 2183 sentias,
1724 2133 1885 2188 quam
1914 2117 1982 2173 de

385 2216 696 2286 aequalibus
721 2215 822 2268 tuis
849 2227 866 2265 :
900 2228 1022 2266 nam
1065 2221 1119 2266 et
1160 2211 1249 2266 ille
1276 2225 1396 2264 cum
1425 2225 1616 2265 servus
1658 2219 1840 2274 esset,
1873 2223 1980 2262 non

386 2306 694 2369 iusurrexit
722 2304 978 2358 adversus
1008 2302 1328 2366 Dominum;
1371 2300 1519 2354 illum
1550 2300 1710 2370 igitur
1750 2299 1979 2354 imitare.

384 2399 560 2469 Atqui
605 2397 708 2451 hoc
739 2385 844 2450 non
874 2393 1188 2448 humilitatis
1232 2403 1348 2456 est,
1380 2391 1476 2447 sed
1517 2391 1854 2462 arrogantiaa.
1898 2390 1983 2444 Di-

381 2493 527 2548 scite
553 2489 686 2560 quid
713 2489 779 2544 sit
805 2487 1074 2544 humilitas
1101 2500 1216 2551 vos,
1234 2486 1323 2555 qui
1354 2493 1615 2538 tumorem
1647 2483 1849 2537 habetis
1871 2481 1984 2536 dia-

382 2583 654 2643 bolicum.
686 2579 822 2649 Quid
855 2579 1014 2648 igitur
1041 2577 1313 2634 humilitas
1342 2576 1462 2630 est?
1483 2574 1715 2628 Humilia
1742 2573 1978 2628 sentire:

383 2673 622 2735 humilia
645 2681 823 2725 autem
851 2669 1012 2727 sentit
1042 2709 1058 2732 ,
1085 2683 1189 2722 non
1219 2668 1305 2739 qui
1332 2683 1396 2721 ex
1428 2666 1744 2722 necessitate
1769 2674 1851 2718 est
1880 2663 1979 2717 hu-

384 2766 552 2834 milis,
590 2763 687 2818 sed
718 2762 806 2832 qui
831 2761 1064 2830 seipsum
1086 2758 1346 2814 humiliat.
1373 2757 1591 2812 Planius
1623 2756 1672 2811 id
1694 2769 1979 2825 exponam,

383 2873 486 2914 vos
512 2867 698 2912 autem
722 2853 999 2910 attendite.
1023 2851 1124 2919 Qui
1146 2866 1267 2910 eum
1284 2849 1531 2906 sublimia
1557 2850 1756 2904 sentire
1779 2857 1980 2919 posset,

388 2948 679 3006 humiliter
707 2956 882 3000 tamen
909 2943 1107 3006 sentit,
1141 2941 1230 2995 hic
1258 2941 1437 2997 animo
1462 2939 1676 2994 humilis
1703 2949 1788 2993 est
1818 2956 1830 2992 :
1861 2939 1976 3008 qui-

389 3052 634 3110 cumque
661 3052 788 3092 vero
817 3036 1013 3095 ideirco
1040 3033 1314 3092 humiliter
1343 3031 1505 3087 sentit
1527 3071 1542 3097 ,
1575 3031 1824 3102 quoniam
1866 3045 1983 3085 ma-

391 3129 598 3200 gniﬁce
628 3145 730 3190 non
758 3135 972 3197 potest,
1005 3128 1048 3182 is
1076 3125 1318 3196 profecto
1343 3123 1562 3185 humilis
1588 3140 1695 3178 non
1732 3133 1834 3179 est.
1881 3123 1980 3177 lm-

388 3231 645 3294 perator,
677 3220 904 3290 exempli
922 3234 1102 3284 causa,
1131 3221 1174 3275 si
1196 3219 1369 3290 legato
1399 3233 1458 3273 se
1477 3217 1744 3286 subjiciat,
1771 3216 1984 3271 humilis

388 3316 580 3369 animo
607 3326 713 3380 est,
731 3313 980 3383 quoniam
1014 3312 1079 3368 de
1106 3311 1317 3368 sublimi
1349 3311 1444 3366 illo
1468 3310 1634 3381 gradu
1659 3308 1940 3365 descendit
1967 3327 1980 3362 :

388 3407 539 3477 quod
570 3407 620 3461 si
662 3407 800 3461 idem
834 3406 1040 3474 legatus
1070 3402 1229 3458 faciat
1252 3445 1268 3470 ,
1307 3418 1413 3457 non
1453 3402 1572 3456 ideo
1604 3401 1818 3455 hu‘milis
1865 3409 1982 3466 est;

389 3498 672 3573 quomodo
702 3496 882 3552 enim?
913 3511 1034 3550 nam
1057 3511 1163 3549 non
1189 3509 1249 3549 se
1274 3493 1388 3564 ipse
1408 3493 1476 3548 de
1496 3491 1790 3546 sublimiori
1818 3489 1985 3560 gradu

389 3591 642 3654 demisit.
667 3587 897 3643 Omnino
923 3587 1110 3642 humili
1141 3585 1226 3640 isti
1253 3586 1433 3640 sensui
1462 3585 1610 3638 locus
1639 3598 1746 3636 non
1774 3591 1874 3646 est,
1898 3580 1986 3635 ubi

396 3689 649 3750 potestas
671 3696 775 3734 non
801 3680 972 3738 adest,
1005 3678 1134 3732 Nam
1165 3679 1208 3732 si
1236 3679 1354 3746 quis
1388 3677 1547 3732 etiam
1580 3677 1777 3732 invitos
1803 3689 1988 3730 neces-

398 3770 555 3833 sario
585 3769 915 3835 bumiliatur,
942 3770 1050 3838 jam
1082 3770 1180 3822 hoc
1203 3777 1405 3826 reettun
1440 3767 1634 3822 factum
1662 3783 1766 3822 non
1795 3767 1988 3822 interni

395 3859 582 3929 ipsius
631 3875 823 3916 sensus
865 3875 927 3914 ac
970 3860 1251 3916 voluntatis
1301 3869 1412 3924 est,
1461 3859 1556 3914 sed
1605 3858 1987 3914 necessitatis:

391 3956 807 4022 ταπεινοφροσύνῃ
855 3960 1052 4013 autem,
1079 3952 1189 4005 sive
1235 3950 1544 4016 humilitas,
1598 3950 1720 4005 inde
1769 3951 1987 4019 dicitur,

388 4044 547 4114 quod
589 4045 666 4098 sit
692 4045 886 4098 interni
911 4058 1100 4099 sensus
1127 4043 1421 4099 humiliatio
1447 4059 1510 4098 ac
1537 4043 1810 4098 demissio.

464 4137 523 4191 5.
563 4132 667 4190 Dic
694 4135 860 4202 mihi,
904 4123 1116 4205 si'quis
1159 4134 1242 4189 cui
1297 4143 1535 4203 potestas
1574 4133 1713 4188 desit
1751 4132 1990 4204 rapiendi

389 4228 598 4292 aliena,
626 4241 749 4282 sese
776 4226 914 4280 intra
945 4241 1160 4280 suarum
1190 4241 1370 4281 rerum
1402 4225 1794 4294 possessionem
1822 4223 1994 4279 conti-

391 4330 542 4386 neat,
569 4319 716 4374 hunc
731 4319 953 4388 justitia:
975 4320 1191 4374 nomine
1212 4318 1579 4374 laudabimus?
1597 4317 1842 4373 Minime:
1867 4318 1992 4386 quid

392 4413 514 4476 ita?
560 4412 830 4479 Quoniam
861 4412 1177 4475 necessitas,
1206 4428 1271 4466 ne
1297 4410 1500 4468 laudari
1531 4413 1776 4466 voluntas
1804 4420 1991 4480 queat,

392 4503 798 4572 impedimento
821 4512 924 4559 est.
960 4503 1054 4558 Dic
1076 4504 1205 4558 mihi
1223 4504 1448 4574 ,siquis,
1473 4518 1593 4559 eum
1627 4505 1906 4575 tyrannide
1933 4519 1998 4559 ac

392 4609 574 4662 regno
599 4594 759 4661 potiri
783 4603 1028 4664 nequeat,
1052 4595 1288 4665 privatus
1309 4595 1583 4662 manserit,
1616 4595 1826 4650 huncne
1866 4606 1998 4649 tam-

395 4700 570 4755 quam
596 4686 693 4740 otii
714 4686 1001 4741 studiosum
1022 4687 1389 4742 laudabimus?
1407 4687 1641 4742 Minime.
1663 4687 1802 4757 Ergo
1827 4703 1998 4756 neque

396 4775 510 4829 hoc
541 4775 712 4829 etiam
734 4777 872 4831 loco.
899 4777 1038 4832 Laus
1063 4779 1230 4843 enim,
1259 4793 1292 4832 ο
1320 4778 1592 4834 hominum
1625 4779 1997 4846 indoctissimi,

394 4881 510 4930 non
542 4867 596 4920 in
630 4882 702 4922 eo
730 4879 974 4924 versatur
993 4911 1008 4934 ,
1041 4869 1180 4940 quod
1209 4871 1416 4925 abistis
1442 4871 1600 4926 rebus
1629 4870 1962 4925 abstineatur
1982 4909 1998 4936 ,

389 4961 490 5020 sed
522 4961 575 5014 in
609 4961 770 5016 bouis
797 4961 989 5017 oilieiis
1012 4961 1292 5016 obeundis.
1313 4962 1444 5016 Nam
1477 4963 1603 5018 illud
1621 4963 1834 5033 quidem
1864 4965 2001 5017 vitu-

389 5052 708 5124 perationis
737 5069 930 5124 expers
959 5063 1062 5120 est,
1091 5055 1185 5110 sed
1209 5071 1314 5109 non
1347 5072 1412 5111 eo
1443 5059 1683 5126 pervenit
1712 5066 1768 5111 ut
1789 5057 2000 5112 laudem

386 5154 771 5214 assequatur;
806 5147 906 5200 hoc
948 5156 1130 5203 autem
1173 5148 1436 5204 encomiis
1474 5151 1688 5218 digmun
1737 5160 1839 5204 est.
1867 5149 2003 5203 Vide

383 5252 526 5306 ergo
568 5235 854 5290 Christum
911 5237 1014 5292 hoc
1058 5239 1218 5294 modo
1266 5239 1609 5301 laudantem,
1669 5255 1792 5293 eum
1837 5241 1999 5293 dicit:

391 5331 608 5395 Venite,
648 5330 904 5384 benedicti
936 5329 1110 5386 Patris
1140 5334 1275 5398 mei,
1323 5333 1571 5403 possidete
1599 5341 1831 5400 paratum
1871 5333 2005 5385 vobis

380 5440 614 5494 regnum
659 5440 694 5475 α
743 5425 1100 5478 constitutione
1129 5426 1308 5478 mundi
1343 5441 1362 5479 :
1403 5426 1586 5479 ssurivi
1616 5426 1746 5476 enim
1769 5466 1782 5489 ,
1819 5434 1865 5477 et
1911 5427 2004 5477 de-

381 5520 541 5574 distis
574 5517 714 5571 mihi
757 5517 1110 5584 manducare;
1151 5519 1284 5572 sitivi
1304 5559 1320 5585 ,
1351 5527 1399 5572 et
1429 5518 1637 5570 dedistis
1677 5516 1799 5569 mihi
1845 5515 2007 5569 bibere

381 5611 618 5678 (Jlattlt.
646 5607 748 5663 25.
780 5608 870 5663 54.
899 5607 1014 5676 55).
1042 5607 1160 5663 Non
1187 5609 1342 5673 dixit,
1376 5609 1627 5678 quoniam
1653 5607 1814 5661 alieni
1839 5623 2007 5676 appe-

380 5715 572 5762 tentes
604 5719 724 5758 non
757 5699 931 5756 fuistis
951 5742 968 5770 ,
999 5716 1173 5772 neque
1196 5742 1212 5767 ,
1244 5701 1510 5768 Quoniam
1561 5715 1667 5754 non
1711 5700 1963 5770 rapuistis
1992 5717 2006 5763 ;

379 5799 525 5860 levia
557 5796 724 5852 enim
760 5791 876 5848 lure
902 5809 916 5860 ;
943 5792 1065 5861 sed,
1095 5793 1359 5858 Quoniam
1397 5793 1722 5847 esurientem
1754 5806 1841 5846 me
1870 5789 2009 5842 vidi-

379 5893 481 5958 stis
501 5935 516 5963 ,
553 5901 614 5949 et
643 5885 888 5945 aluistis.
920 5888 999 5948 Ac
1026 5904 1155 5945 sane
1182 5886 1302 5964 quis
1329 5901 1578 5956 umquam
1609 5887 1711 5945 hoc
1738 5888 1898 5944 modo
1928 5884 2010 5938 vel

1281 448 1347 504 IN
1385 446 1601 504 EPIST.
1640 446 1735 502 AD
1770 442 2058 502 PlllLlPP.
2098 442 2252 502 CAP.
2293 445 2359 502 Il.
2399 446 2631 505 llOMlL.
2670 448 2760 506 Vl.

3556 451 3662 506 222

2091 557 2314 623 amicos,
2339 560 2426 617 vel
2447 561 2694 619 inimicos
2721 561 2954 620 laudavit
2973 564 2996 619 t
3013 579 3184 636 neque
3207 565 3381 636 ipsum
3408 567 3656 624 Paulam.

2083 648 2222 716 Quid
2264 651 2386 708 dico
2428 653 2695 710 Paulum?
2727 673 2794 712 ne
2833 658 3107 728 vulgarem
3137 661 3352 730 quidem
3385 661 3661 718 hominem

2085 743 2370 813 quisquam
2403 746 2474 798 ita
2506 747 2767 814 laudavit,
2798 759 2854 804 ut
2886 759 2941 805 tu
2963 751 3232 807 Christum
3267 754 3484 821 laudas,
3516 755 3659 825 quod

2083 831 2185 886 sibi
2212 849 2319 888 non
2343 838 2752 894 convenientem
2779 842 3138 910 principatum
3161 859 3266 898 non
3296 847 3654 915 usurpaverit.

2084 923 2230 978 Talia
2272 927 2414 981 enim
2442 928 2696 984 admirari
2744 932 2874 986 nihil
2924 934 3066 988 aliud
3117 945 3237 1000 est,
3269 952 3427 1006 quam
3455 953 3662 1008 magna

2083 1013 2440 1084 improbitatis
2465 1021 2828 1077 testimonium
2857 1023 3006 1079 dare.
3037 1026 3365 1094 Quomodo?
3393 1028 3656 1096 Quoniam

2084 1104 2342 1175 improbis
2370 1107 2677 1166 hominibus
2728 1113 2778 1167 id
2807 1114 2948 1170 laudi
2978 1116 3116 1170 solet
3145 1117 3263 1171 dari
3288 1158 3303 1182 ,
3333 1120 3490 1188 quale
3531 1119 3662 1174 illud

2083 1207 2186 1264 est,
2218 1197 2318 1263 Qui
2369 1202 2634 1271 [urebatur
2661 1205 2776 1274 jam
2819 1223 2920 1260 non
2961 1209 3200 1278 furetur(
3239 1210 3372 1279 Eph.
3406 1211 3460 1265 4.
3493 1211 3562 1266 28
3595 1212 3615 1282 )
3647 1232 3662 1266 :

2084 1300 2240 1344 secus
2267 1300 2446 1346 autem
2482 1295 2532 1347 in
2564 1295 2718 1350 bonis
2746 1293 2877 1353 viris
2907 1315 2920 1352 :
2954 1313 3059 1352 non
3087 1299 3228 1352 enim
3272 1301 3360 1369 qui
3393 1302 3662 1371 principa-

2086 1389 2198 1436 tum
2228 1383 2294 1438 ad
2324 1399 2384 1438 se
2413 1386 2633 1443 minime
2663 1390 3019 1458 pertinentem
3053 1406 3160 1445 non
3213 1392 3425 1461 rapuit,
3457 1394 3501 1446 is
3545 1394 3665 1446 lau-

2088 1473 2297 1531 dandus
2336 1488 2439 1533 est.
2463 1479 2671 1546 Quanta
2703 1481 2820 1537 hate
2862 1483 3128 1537 dementia
3175 1483 3361 1538 esset?
3411 1485 3662 1554 Alioquin

2084 1577 2264 1622 autem
2313 1569 2441 1640 (sed
2494 1571 2788 1636 attendite.
2845 1573 3112 1638 obsecro;
3143 1574 3298 1644 longa
3356 1575 3500 1628 enim
3550 1574 3664 1630 ha-c

2085 1660 2320 1730 oratio),
2366 1662 2488 1732 quis
2513 1662 2615 1718 hoe
2661 1664 2823 1719 modo
2864 1665 3169 1736 quempiam
3211 1665 3277 1720 ad
3308 1665 3662 1721 humilitatem

2085 1747 2376 1806 hortetur?
2403 1753 2659 1824 Exempla
2685 1755 2830 1810 enim
2882 1755 3040 1827 longe
3082 1755 3286 1825 majora
3330 1765 3490 1827 atque
3544 1758 3665 1810 illit-

2087 1843 2284 1898 striora
2317 1844 2424 1899 sint
2467 1855 2700 1916 oportet,
2749 1863 2910 1916 quam
2957 1862 3047 1903 res
3085 1849 3378 1918 proposita,
3409 1847 3476 1902 ad
3499 1863 3661 1916 quam

2085 1935 2431 1992 cohortamur
2458 1958 2470 1992 :
2508 1954 2666 1994 nemo
2690 1939 2834 1994 enim
2863 1941 2970 2004 sit,
3023 1941 3114 2011 qui
3144 1957 3210 1997 ex
3237 1940 3428 1996 alienis
3468 1941 3664 1996 cohor-

2087 2036 2247 2083 tetur.
2280 2029 2520 2098 Exempli
2549 2044 2713 2086 causa
2733 2072 2750 2096 ,
2793 2032 3039 2087 Christus
3079 2033 3323 2088 homines
3351 2034 3665 2088 cohortatus

2087 2129 2200 2182 est,
2230 2127 2291 2173 ut
2337 2120 2564 2192 benigne
2609 2120 2850 2177 facerent
2894 2123 3440 2195 inimiciszmagnum
3483 2139 3666 2178 exem—

2089 2210 2233 2278 plum
2277 2211 2489 2278 attulit,
2524 2213 2773 2268 nimirum
2807 2213 2979 2268 Patris
3001 2256 3016 2280 ,
3061 2215 3162 2279 Qui
3192 2215 3350 2269 solem
3389 2215 3512 2268 oriri
3541 2216 3666 2284 facit

2087 2319 2239 2371 super
2267 2303 2426 2356 malos
2452 2313 2501 2357 et
2529 2304 2684 2358 bonos
2707 2345 2723 2371 ,
2768 2314 2814 2358 et
2845 2304 2976 2374 pluit
3001 2323 3153 2374 super
3172 2307 3347 2372 justas
3372 2315 3418 2359 et
3443 2307 3662 2376 injustas

2089 2393 2302 2464 (ΜαιιΙι.
2331 2395 2385 2450 5.
2408 2395 2526 2466 45).
2575 2395 2897 2452 Cohortatus
2919 2408 3003 2452 est
3028 2398 3093 2451 ad
3122 2398 3417 2464 lenitatem,
3463 2414 3528 2452 ac
3554 2413 3668 2452 ma-

2091 2484 2261 2539 lortun
2286 2486 2624 2562 tolerantiam
2649 2503 2664 2552 ;
2693 2489 2927 2558 seipsum
2947 2489 3012 2543 ad
3028 2490 3332 2558 exemplum
3355 2490 3662 2559 proposuit:

2091 2577 2280 2633 Discite
2304 2595 2336 2632 α
2362 2596 2441 2634 me
2478 2580 2597 2649 quia
2624 2581 2760 2634 utilis
2786 2597 2897 2634 sum
2919 2621 2933 2644 ,
2963 2590 3010 2634 et
3058 2582 3264 2635 humilis
3296 2581 3448 2634 corde
3483 2579 3667 2650 (Joan.

2091 2671 2178 2726 l5.
2211 2672 2299 2742 Η)
2330 2688 2345 2736 ;
2376 2687 2438 2727 ac
2462 2688 2646 2728 rursus
2668 2714 2684 2738 ,
2717 2673 2779 2729 Si
2807 2691 2897 2744 ego
2925 2674 3173 2728 Dominus
3202 2685 3248 2729 et
3279 2675 3524 2747 Magister
3561 2677 3670 2729 hac

2089 2762 2253 2832 facio,
2280 2773 2468 2832 quanto
2495 2765 2654 2834 magis
2679 2781 2764 2818 vos
2790 2764 3004 2837 (Matth.
3038 2766 3122 2820 ll.
3147 2765 3287 2834 29)?
3323 2765 3480 2821 Vides
3506 2782 3667 2835 qualn

2089 2870 2197 2908 non
2227 2854 2335 2908 sint
2360 2855 2608 2910 inferiora
2640 2855 2750 2924 ipsa
2769 2857 3058 2925 exempla?
3089 2873 3195 2910 non
3226 2857 3492 2911 tantillum
3518 2859 3661 2912 enim

2089 2944 2344 3000 inferiora
2374 2962 2496 3002 esse
2526 2956 2737 3015 oportet
2768 2963 2782 2999 ε
2816 2963 2935 3000 nam
2965 2956 3018 3001 et
3063 2962 3160 3001 nos
3191 2947 3290 3016 ipsi
3320 2947 3370 3001 id
3413 2947 3669 3001 observa-

2089 3052 2231 3092 mus.
2257 3038 2328 3091 At
2378 3039 2430 3091 iu
2477 3053 2534 3092 re
2577 3048 2756 3091 nostra
2797 3037 3103 3106 exemplum
3157 3039 3331 3106 ipsum
3389 3053 3456 3092 ne
3503 3054 3670 3108 prope

2090 3127 2305 3196 quidem
2351 3127 2577 3182 accedit.
2605 3128 2919 3196 Quomodo?
2944 3130 3204 3194 Quoniam
3250 3130 3296 3182 si
3347 3145 3536 3185 servus
3565 3142 3669 3196 εει,

2091 3219 2266 3272 minor
2309 3219 2466 3272 etiam
2519 3228 2620 3284 est,
2650 3228 2703 3274 et
2750 3219 2938 3288 majori
2992 3220 3282 3289 subjectus.
3321 3221 3444 3274 Haec
3492 3231 3670 3276 autem

2091 3324 2196 3362 non
2243 3318 2327 3364 est
2373 3309 2649 3363 humilitas
2683 3327 2696 3362 :
2728 3320 2915 3364 contra
2963 3311 3106 3364 enim
3147 3311 3324 3379 potius
3371 3311 3671 3366 faciendum

2091 3410 2240 3465 erat,
2275 3410 2329 3453 ut
2359 3400 2530 3468 major
2575 3400 2837 3468 quispiam
2884 3400 3078 3454 minori
3127 3401 3504 3469 obtemperans
3550 3417 3675 3471 pro-

2094 3490 2360 3557 ferretur;
2404 3507 2589 3546 verum
2618 3493 2870 3560 quoniam
2901 3492 2953 3545 id
2985 3493 3039 3545 in
3073 3492 3180 3546 Deo
3213 3509 3317 3548 non
3339 3495 3664 3559 inveniebat,

2095 3583 2354 3652 majorem
2381 3623 2395 3644 .
2421 3583 2636 3652 inquam
2663 3623 2678 3649 ,
2727 3593 2779 3637 et
2811 3584 3107 3649 minorem;
3133 3586 3492 3656 :equalitatem
3517 3589 3678 3658 igitur

2093 3676 2299 3728 Statuit.
2323 3673 2473 3741 Quod
2502 3675 2546 3727 si
2580 3676 2754 3728 minor
2786 3675 2970 3729 fuisset
2997 3676 3185 3740 Filius,
3217 3693 3324 3731 non
3353 3688 3534 3748 aptum
3559 3691 3676 3735 erat

2094 3767 2397 3835 exemplum
2419 3808 2433 3830 ,
2465 3767 2608 3822 unde
2637 3767 2835 3824 Paulus
2865 3768 2931 3823 ad
2965 3769 3326 3826 humilitatem
3355 3774 3672 3828 cohortare-

2096 3866 2200 3913 tur.
2231 3857 2452 3923 Quare?
2480 3859 2746 3924 Quoniam
2789 3876 2894 3916 non
2944 3861 3046 3917 hoc
3090 3863 3360 3919 humilitas
3407 3875 3526 3930 est,
3569 3882 3677 3920 non

2094 3950 2352 4020 impetum
2387 3952 2561 4006 facere
2588 3952 2845 4007 adversus
2872 3954 3152 4024 majorem,
3182 3972 3287 4010 non
3323 3972 3511 4028 rapere
3533 3959 3678 4027 prin-

2094 4041 2350 4109 cipatum,
2371 4043 2591 4098 obedire
2618 4059 2786 4112 usque
2814 4043 2878 4097 ad
2910 4055 3156 4099 mortem.
3183 4047 3436 4116 Alioquin
3467 4059 3519 4102 et
3542 4049 3673 4104 illud

2095 4134 2371 4189 considera
2399 4177 2415 4201 ,
2449 4135 2574 4204 quid
2618 4135 2779 4188 allato
2805 4137 3050 4204 exemplo
3095 4136 3380 4207 subjungat
3412 4155 3423 4190 :
3455 4138 3679 4193 Humili-

2097 4237 2198 4281 tate
2250 4227 2534 4298 superiores
2581 4226 2676 4280 sibi
2715 4227 2925 4279 invicem
2968 4226 3289 4282 arbitrantes.
3318 4229 3671 4297 Arbitrautes,

2100 4318 2269 4387 inquit
2327 4335 2340 4370 :
2394 4333 2515 4370 nam
2566 4316 2781 4385 quando
2829 4325 2878 4370 et
2952 4317 3245 4372 secundum
3321 4319 3672 4376 suhsmntiam

2099 4424 2264 4462 unum
2290 4409 2454 4470 estis,
2511 4418 2565 4461 et
2615 4407 2912 4462 secundum
2967 4408 3225 4462 honorem
3279 4426 3308 4464 a
3362 4411 3471 4466 Deo
3522 4429 3677 4469 acce-

2103 4511 2290 4569 ptum;
2343 4499 2609 4568 reliquum
2658 4509 2759 4565 est,
2813 4507 2868 4552 ut
2919 4499 3031 4568 ipsa
3089 4508 3290 4554 tantum
3355 4505 3680 4560 existimatio

2101 4591 2276 4646 locum
2323 4591 2392 4644 ibi
2441 4591 2638 4644 habere
2692 4591 2875 4658 possit.
2900 4591 2969 4644 At
2998 4591 3050 4645 in
3083 4591 3374 4661 majoribus
3420 4604 3474 4647 et
3506 4597 3678 4649 mino-

2105 4684 2288 4750 ribus,
2337 4698 2442 4736 non
2491 4682 2561 4735 ita
2605 4683 2768 4744 dixit,
2801 4682 3114 4738 Arbitrantes
3145 4699 3170 4749 ;
3222 4683 3316 4739 sed
3346 4725 3362 4752 ,
3413 4684 3682 4740 Honorate

2104 4789 2235 4840 eos,
2289 4774 2379 4844 qui
2445 4771 2597 4827 vobis
2665 4775 3065 4842 praestantiores
3116 4785 3278 4840 sunt;
3338 4777 3685 4847 quemadmo-

2105 4865 2230 4920 dum
2259 4873 2312 4918 et
2335 4865 2460 4918 alihi
2491 4864 2677 4934 inquit,
2705 4862 2912 4918 Obedite
2940 4867 3225 4936 pt'a'post'tis
3252 4869 3447 4932 vestris,
3487 4879 3533 4921 et
3560 4868 3681 4921 sub-

2097 4959 2265 5028 jacete
2284 4955 2558 5024 eis(llebr.
2582 4957 2666 5011 15.
2699 4957 2808 5026 17).
2845 4956 2956 5011 Illic
2977 4959 3116 5011 enim
3141 4959 3252 5026 ipsa
3283 4957 3359 5011 rei
3383 4966 3568 5010 natura
3596 4974 3688 5027 po-

2107 5052 2270 5106 stulat
2294 5051 2716 5120 subjectionem;
2751 5049 2838 5103 hic
2867 5066 2994 5103 vero
3029 5066 3093 5104 ex
3123 5059 3306 5103 nostro
3328 5048 3529 5116 judicio
3561 5064 3686 5118 pro-

2109 5144 2398 5209 ﬁciscatur,
2428 5154 2657 5212 oportet.
2688 5142 3003 5205 llumiiitute,
3038 5141 3225 5210 inquit,
3259 5143 3541 5208 superiores
3571 5141 3687 5207 sibi,

2110 5238 2318 5289 invicem
2347 5236 2646 5288 arbitrantes
2675 5250 2694 5287 :
2718 5231 3167 5302 quemadmodum
3200 5240 3252 5282 et
3273 5230 3518 5284 Christus
3542 5231 3683 5287 fecit.

2111 5329 2178 5382 Et
2204 5329 2452 5382 lueretiea
2479 5329 2693 5398 quidem
2728 5327 2829 5380 hoc
2858 5325 3015 5378 modo
3047 5339 3230 5378 eversa
3259 5332 3401 5378 sunt.
3428 5325 3692 5394 Deinceps

2112 5436 2238 5474 vero
2267 5429 2449 5472 nostra
2497 5417 2766 5472 alTereuda
2818 5425 2976 5479 sunt,
3034 5415 3077 5468 si
3107 5424 3260 5470 antea
3317 5415 3383 5468 ad
3428 5432 3690 5469 summam

2111 5512 2392 5583 quamdam
2413 5527 2492 5573 ea,
2515 5527 2632 5580 qua:
2648 5510 2906 5562 adversus
2929 5508 3048 5561 illos
3068 5507 3286 5573 faciunt,
3310 5508 3672 5576 redegerimus
3687 5553 3702 5569 .

2111 5605 2244 5659 Cum
2287 5603 2426 5658 enim
2466 5603 2658 5655 Paulus
2699 5599 2764 5653 ad
2805 5599 2969 5652 animi
3017 5598 3366 5652 humilitatem
3411 5598 3692 5666 invitaret,

2116 5712 2218 5749 non
2243 5709 2362 5748 eum
2387 5692 2475 5760 qui
2502 5691 2678 5744 minor
2701 5689 2786 5751 sit,
2819 5703 2880 5742 ac
2900 5688 3086 5754 majori
3108 5688 3341 5750 obediat,
3365 5687 3696 5757 protulisset,

2068 5779 2084 5791 ”
2119 5788 2247 5840 Nam
2277 5785 2318 5838 si
2347 5784 2537 5847 servis,
2569 5791 2626 5836 ut
2653 5779 2884 5834 dominis
2917 5777 3214 5840 obedirent,
3245 5777 3520 5841 suasisset,
3549 5790 3692 5833 recte

2123 5878 2174 5934 id
2202 5874 2415 5948 quidem
2451 5893 2463 5930 :
2497 5873 2593 5932 sed
2638 5873 2716 5940 si,
2747 5882 2805 5928 ut
2849 5872 3002 5929 liberi
3034 5871 3250 5937 liberis;
3284 5871 3408 5943 quid
3456 5871 3520 5928 ad
3565 5871 3701 5927 hanc
