4030 6204
409 511 527 552 rent
553 494 678 551 facit
703 492 843 549 servi
877 506 998 562 erga
1029 489 1304 545 dominum
1330 486 1639 557 subiectio?
1663 485 1791 555 quid
1817 484 1994 539 miuo-

410 589 490 644 ris
515 603 641 657 erga
669 585 932 655 majorem
959 584 984 637 ?
1013 581 1128 637 Non
1157 581 1300 636 enim
1323 579 1479 641 dixit,
1509 577 1746 632 Minores
1772 575 1995 645 majori-

409 681 561 735 rihus
576 679 846 742 obediaut,
866 675 982 742 sed,
997 673 1096 740 Qui
1115 672 1374 742 aqualem
1392 670 1704 740 dignitatem
1715 667 1993 733 obtinetis,

411 771 646 826 vicissim
677 768 830 822 vobis
855 764 1073 820 obcdite
1100 781 1122 822 :
1153 763 1476 832 Superiores,
1509 760 1696 829 inquit,
1725 759 1821 812 sibi
1845 758 1984 810 invi-

407 877 515 917 cem
534 861 860 914 arbitrantes.
878 855 1084 926 Ecquid
1109 869 1240 910 vero
1255 868 1434 907 causa:
1455 850 1552 904 fuit
1565 864 1664 904 cur
1677 847 1994 902 muliebrem

409 951 769 1010 obedientiam
789 965 898 1003 nou
921 947 1226 1012 adduxerit,
1256 959 1427 1014 neque
1453 942 1526 996 ita
1545 941 1770 996 dixerit:
1793 939 2016 1006 Quem»

407 1043 694 1097 admodum
719 1042 913 1096 mulier
931 1040 1048 1093 viro
1067 1037 1272 1104 obedit,
1295 1035 1369 1089 ita
1389 1043 1442 1088 et
1461 1049 1555 1088 vos
1569 1031 1821 1088 obedite?
1843 1029 1996 1096 Quod

408 1135 466 1190 si
481 1135 630 1197 illud,
645 1135 700 1187 in
718 1148 825 1203 quo
847 1133 1020 1187 iuerat
1037 1129 1313 1200 aequalitas
1332 1136 1386 1181 et
1407 1124 1646 1188 libertas,
1667 1138 1772 1177 non
1793 1121 1993 1184 attulit,

411 1225 688 1295 (petiiam-
718 1223 979 1277 nonnulla
1027 1231 1204 1275 tamen
1251 1222 1304 1272 in
1357 1231 1425 1271 eo
1464 1217 1638 1270 inerat
1691 1212 1994 1282 subjectio;

409 1327 612 1386 quanto
643 1317 815 1369 mimis
845 1313 1092 1368 servilem
1116 1309 1628 1379 obtemperationem
1653 1305 1998 1376 protulisset?

412 1393 612 1462 Vérum
637 1415 696 1461 et
733 1404 867 1460 illud
891 1405 1043 1459 initio
1072 1403 1203 1469 dixi,
1237 1401 1504 1456 neminem
1532 1399 1654 1453 ideo
1680 1398 1855 1452 solere
1879 1396 1998 1450 lau-

412 1499 555 1563 dari,
579 1513 644 1552 ac
670 1513 739 1551 ne
766 1493 1178 1551 commemorari
1198 1492 1442 1564 quidem,
1469 1489 1612 1561 quod
1637 1489 1861 1543 crimina
1888 1501 1997 1540 non

413 1588 872 1658 admittatJiequc
894 1587 1037 1642 enim
1055 1586 1098 1640 si
1127 1585 1244 1652 quis
1264 1585 1496 1653 aliquem
1519 1580 1886 1650 temperantia:
1903 1593 2001 1632 no-

413 1682 558 1734 mine
588 1679 806 1735 laudare
829 1679 979 1747 velit,
1007 1678 1076 1733 ita
1104 1677 1266 1741 dicet,
1299 1675 1446 1730 illum
1475 1689 1582 1729 non
1608 1687 1733 1727 esse
1759 1669 2000 1726 moecha-

415 1779 549 1836 tum,
581 1771 674 1825 sed
704 1772 808 1826 hoe
828 1769 1034 1836 aﬂ‘eret,
1063 1784 1092 1822 a
1120 1770 1335 1838 propria
1363 1767 1524 1820 etiam
1545 1777 1714 1820 uxore
1741 1779 1802 1818 se
1821 1762 1998 1817 conti-

414 1863 617 1917 nuisse.
648 1861 779 1916 Nam
827 1861 1099 1916 abstinere
1147 1868 1350 1912 tantum
1388 1873 1419 1911 a
1466 1858 1642 1927 pravis
1697 1854 1999 1910 actionibus

413 1969 703 2024 neutiquam
729 1954 780 2008 ia
804 1952 961 2008 laude
989 1954 1268 2022 ponimus;
1293 1949 1344 2004 id
1361 1950 1503 2005 enim
1523 1948 1808 2002 ridiculum
1830 1955 1994 2002 esset.

412 2045 544 2099 Iliad
567 2045 766 2110 addidi,
787 2060 967 2100 verum
989 2058 1110 2098 esse
1133 2041 1275 2098 servi
1295 2041 1545 2106 formam,
1567 2039 1804 2110 nihilque
1819 2039 2000 2093 minus

410 2136 611 2192 habere
623 2153 641 2190 :
653 2151 823 2207 quare
841 2147 896 2191 et
923 2135 1151 2191 formam
1176 2133 1269 2189 Dei
1295 2133 1580 2204 perfectam
1596 2146 1740 2196 esse,
1759 2130 2000 2200 nihilque

413 2227 588 2281 tinus
605 2227 824 2282 habere.
845 2226 958 2281 Cur
981 2242 1087 2280 nou
1109 2225 1262 2288 dixit,
1281 2226 1336 2279 in
1359 2222 1527 2279 forma
1546 2223 1642 2277 Dei
1669 2221 1863 2288 tactos,
1879 2221 1996 2287 sed,

415 2319 514 2384 Qui
547 2335 660 2372 cum
689 2320 744 2372 in
789 2321 957 2388 [arma
987 2317 1082 2372 Dei
1108 2325 1233 2372 esset
1257 2318 1283 2370 .’
1313 2315 1454 2369 Idem
1483 2321 1568 2370 est
1586 2329 1652 2369 ae
1675 2314 1720 2368 si
1747 2313 1954 2368 diceret
1981 2329 1997 2371 :

412 2408 524 2477 Ego
565 2425 677 2462 sitm
717 2409 806 2478 qui
855 2424 970 2461 sum
1026 2406 1224 2474 (Exod.
1256 2407 1308 2460 3.
1347 2405 1459 2474 14).
1488 2404 1683 2458 Forma
1734 2412 1999 2474 quatenus

412 2500 583 2554 [artua
611 2509 714 2564 est,
745 2498 990 2554 eamdem
1013 2497 1206 2552 adesse
1234 2506 1482 2551 naturam
1507 2494 1876 2560 demonstrat;
1897 2508 2000 2549 nee

416 2591 530 2646 ﬁeri
558 2598 735 2660 potest
778 2599 836 2643 ut
861 2589 1004 2660 quod
1052 2587 1274 2643 alterius
1299 2588 1548 2642 essentia:
1587 2595 1702 2652 est,
1748 2585 1996 2640 eamdem

414 2681 642 2738 ianuam
674 2682 908 2746 habeat;
936 2689 996 2735 ut
1039 2695 1203 2734 neum
1228 2678 1504 2732 hominum
1536 2687 1618 2733 est
1642 2717 1657 2743 ,
1683 2676 1776 2747 qui
1821 2675 2000 2745 angeli

416 2774 642 2828 fortnam
674 2773 909 2838 habeat,
941 2786 1044 2827 nec
1070 2771 1281 2826 brutum
1330 2769 1528 2824 animal
1571 2769 1715 2840 quod
1765 2768 2000 2823 hominis

417 2864 607 2920 habeat
651 2863 880 2919 lormam
911 2881 924 2917 :
953 2861 1227 2932 quomodo
1251 2861 1413 2932 igitur
1440 2861 1606 2916 Filius
1631 2861 1655 2914 ?

485 2956 541 3009 4.
569 2953 774 3010 Deinde
816 2954 870 3008 in
917 2953 1074 3007 nobis
1101 2952 1317 3023 quidem
1337 2993 1353 3018 ,
1383 2953 1642 3022 quoniam
1665 2969 1730 3009 ex
1760 2955 2000 3025 pluribus

416 3045 622 3101 naturis
637 3044 920 3115 compositi
946 3042 1338 3112 sumus._forma
1355 3044 1420 3098 ad
1437 3045 1609 3114 ipsum
1627 3061 1821 3117 corpus
1833 3049 2001 3118 perti-

415 3146 506 3192 net
535 3156 548 3192 :
575 3145 627 3190 at
654 3138 708 3190 in
736 3151 827 3203 eo,
853 3136 997 3206 quod
1019 3136 1240 3191 ouutino
1265 3137 1492 3206 simplex
1536 3138 1796 3209 nulloque
1841 3139 2000 3195 modo

415 3236 844 3298 coagmentatum
870 3237 985 3292 est,
1014 3226 1083 3281 ad
1108 3227 1280 3298 ipsam
1325 3228 1443 3282 sine
1480 3227 1645 3284 dubio
1687 3231 1998 3286 essentiam.

415 3320 565 3386 Quod
594 3320 637 3374 si
659 3335 725 3374 ex
749 3335 840 3386 eo,
866 3319 1008 3389 quod
1039 3319 1158 3375 sine
1183 3321 1411 3374 articulo
1438 3320 1640 3376 dictum
1660 3332 1745 3377 est
1777 3329 1827 3377 δ’
1847 3340 1999 3396 μσρῖῇ

413 3419 539 3476 θεοῦ,
565 3411 846 3467 contendis
873 3427 977 3466 non
1009 3411 1232 3468 indicari
1277 3412 1492 3468 Patrem
1517 3414 1595 3485 (a)
1625 3430 1639 3480 ;
1672 3415 1856 3470 multis
1881 3417 2002 3471 aliis

415 3517 545 3572 ergo
597 3503 730 3557 locis
773 3503 1052 3557 ostendam
1084 3503 1178 3556 tibi
1209 3503 1326 3558 sine
1365 3503 1594 3560 articulo
1620 3505 1821 3560 dictum
1852 3521 1998 3561 esse.

420 3593 486 3648 Et
530 3594 656 3663 quid
691 3593 816 3648 dico
852 3595 1035 3648 multis
1053 3595 1178 3648 aliis
1205 3596 1380 3650 locis?
1410 3597 1461 3650 in
1512 3597 1614 3652 hoc
1661 3599 1781 3668 ipso
1821 3599 2000 3654 statim

421 3685 560 3746 loco.
593 3684 712 3738 Non
735 3685 995 3752 rapinam,
1029 3685 1219 3754 inquit,
1240 3687 1514 3741 arbitratus
1532 3699 1604 3742 est
1625 3705 1733 3743 esse
1761 3706 1813 3744 se
1831 3706 2004 3755 sequa-

419 3777 517 3829 lem
548 3775 652 3829 Deo
680 3815 694 3840 ,
722 3785 810 3844 θεῷ
834 3793 846 3828 :
873 3791 1046 3845 neque
1073 3776 1203 3830 dixit
1226 3815 1242 3842 ,
1289 3788 1357 3845 τῷ
1398 3786 1520 3846 θεῷ,
1547 3794 1672 3834 eum
1714 3789 1892 3836 tamen
1935 3782 2003 3837 de

422 3865 582 3921 Patre
623 3864 960 3934 loqueretur.
996 3865 1203 3920 Vellem
1253 3875 1435 3921 nostra
1459 3868 1625 3922 etiam
1669 3870 1960 3941 adiungere
1984 3913 2000 3938 ,

420 3953 514 4010 sed
537 3970 731 4010 vereor
759 3970 826 4010 ne
843 3964 1057 4010 mentes
1079 3964 1285 4011 vestras
1301 3957 1610 4012 obruamus.
1640 3959 1846 4016 Interea
1877 3978 2005 4018 vero

420 4062 539 4116 quae
563 4047 708 4103 dicta
731 4059 857 4103 sunt
883 4048 950 4102 ad
980 4049 1101 4103 illos
1130 4051 1475 4118 et'erteudos,
1507 4055 1761 4108 memoria
1791 4064 2001 4111 tenete:

419 4139 624 4196 interea
675 4139 858 4209 spinas
902 4141 1232 4208 evellamus,
1293 4153 1348 4197 et
1386 4159 1512 4197 cum
1552 4145 1751 4200 evulsa:
1800 4146 2003 4203 iuerint

419 4234 610 4300 spinae,
634 4247 696 4286 ac
723 4232 996 4302 paululum
1029 4233 1285 4302 requietis
1315 4250 1628 4290 concessum
1671 4246 1850 4306 terrm,
1881 4249 2006 4296 tunc

421 4325 614 4380 bonam
645 4335 949 4380 sementem
988 4327 1272 4396 iaciemus,
1301 4339 1360 4383 ut
1385 4331 1530 4384 omni
1553 4332 1696 4400 quod
1731 4333 1856 4389 inde
1875 4351 2007 4391 con-

423 4417 583 4472 traxit
612 4417 740 4472 vitio
764 4417 1034 4488 deposito,
1070 4435 1259 4490 magna
1281 4435 1401 4476 eum
1429 4423 1628 4478 virtute
1651 4427 1905 4496 suscipiat
1925 4427 2007 4482 di-

419 4508 543 4564 vina
583 4511 814 4565 semina.
853 4511 1067 4566 Gratias
1096 4528 1315 4582 agaiuus
1347 4530 1443 4584 pro
1473 4515 1538 4569 iis
1565 4532 1684 4586 qua:
1714 4517 1854 4574 dicta
1881 4529 2008 4576 sunt

421 4600 569 4656 Deo:
599 4601 932 4671 postulemus
957 4603 1029 4657 ab
1057 4605 1172 4672 ipso
1197 4603 1289 4658 det
1313 4606 1470 4660 nobis
1483 4609 1831 4665 eaeustodire
1845 4625 2006 4667 acre-

422 4691 615 4757 tinere,
643 4701 700 4745 ut
724 4700 780 4746 et
800 4691 956 4745 nobis
983 4701 1037 4746 et
1059 4693 1216 4747 vobis
1254 4694 1503 4764 gaudium
1535 4696 1795 4770 obtingat,
1825 4699 2003 4757 luere-

426 4783 513 4840 tici
541 4799 666 4839 vero
706 4783 913 4854 pudore
934 4783 1327 4839 suﬂundantur.
1353 4787 1505 4842 Illum
1532 4791 1876 4847 Obsecremus
1896 4836 1911 4861 ,
1944 4801 2006 4849 ut

421 4875 486 4930 ad
508 4891 572 4930 ea
592 4876 754 4930 etiam
767 4891 890 4945 quze
918 4885 1215 4947 sequuntur
1235 4891 1297 4931 os
1317 4877 1470 4932 nobis
1497 4881 1722 4948 aperiat,
1745 4893 1799 4936 ut
1818 4893 2003 4939 nostra

420 4967 580 5022 etiam
609 4967 722 5037 pari
753 4967 1023 5039 diligentia
1067 4977 1382 5023 statuamus.
1413 4970 1494 5023 Ab
1523 4985 1590 5025 eo
1615 4986 1913 5040 precemur,
1947 4987 2005 5030 ut

422 5058 584 5113 vitam
609 5074 823 5129 quoque
843 5059 956 5128 ipsa
985 5059 1089 5115 ﬁde
1109 5060 1320 5130 dignam
1350 5062 1502 5116 nobis
1525 5063 1782 5131 praebeat,
1807 5081 1912 5135 quo
1935 5067 2003 5122 ad

422 5147 589 5216 ipsius
607 5149 836 5218 gloriam
853 5152 1113 5218 vivamus,
1139 5169 1206 5207 ne
1231 5153 1396 5222 ipsius
1415 5169 1606 5209 nomen
1634 5167 1818 5211 nostra
1842 5174 2001 5215 causa

428 5241 772 5310 blasphemiis
794 5254 1096 5312 appetatur.
1114 5243 1199 5298 Va!
1228 5247 1363 5300 vobis
1389 5247 1554 5309 enim,
1582 5248 1770 5318 inquit,
1798 5263 2006 5322 propter

421 5350 549 5403 quos
579 5349 758 5387 nautea
799 5333 898 5388 Dei
943 5337 1342 5407 blasphematur.
1370 5337 1581 5393 Etenim
1628 5341 1672 5395 si
1706 5357 1803 5397 nos
1838 5341 2003 5398 lilium

426 5425 720 5491 habentes;
775 5441 1093 5496 quamquam
1133 5429 1259 5499 quid
1304 5431 1414 5486 ﬁlio
1459 5431 1734 5488 nobiscum
1773 5435 2004 5506 conjun-

485 5595 560 5666 (ᾳ)
582 5605 679 5646 Non
702 5597 869 5666 semel
885 5598 1097 5666 vidimus
1109 5599 1320 5666 __Ari.in9s
1362 5619 1534 5655 vocem
1570 5620 1648 5666 sui;
1669 5623 1778 5660 ωιιι
1799 5611 2004 5664 articulo

429 5660 650 5750 suillam,
661 5660 1248 5750 cquterulercgiqnillcare
1256 5664 1448 5716 Patrem
1459 5669 1615 5717 solum
1629 5660 1796 5750 v‘erum
1810 5660 2000 5724 Deum}

467 5731 494 5750 ιι
582 5734 603 5750 l‘
629 5735 700 5750 una
725 5737 754 5750 ιι
778 5735 833 5750 -ιιι
861 5736 939 5750 ιιι-ι
1005 5737 1018 5750 ι
1041 5738 1138 5750 In.“
1185 5739 1304 5750 ..ι-ης
1332 5729 1534 5750 ιιι-...ιηζη
1566 5745 1647 5750 .--μ
1676 5740 1766 5750 7-.-.
1797 5735 1844 5750 tu

419 5719 754 5828 :igzlﬁticulu
775 5727 940 5770 autem
964 5719 1160 5784 Filium,
1185 5739 1307 5788 quos
1330 5729 1536 5792 egregie
1562 5719 2002 5799 conﬁttati'jltrjso;

1080 373 1140 430 Β.
1176 369 1458 430 JOANNIS
1489 365 1969 428 CIIRYSOSTOMI
2009 366 2324 424 ARCHIEP.
2359 362 2896 433 CONSTANTINOP.

3455 279 3476 306 δ’

3577 367 3691 424 ηδ

2106 483 2245 536 etius
2267 483 2292 536 ?
2317 483 2362 536 si
2389 481 2588 547 lilium',
2622 482 2860 553 inquam,
2889 478 3150 536 habentes
3169 521 3184 547 ,
3216 479 3357 536 illius
3384 495 3543 536 causa
3573 483 3686 539 bla-

2108 573 2368 642 sphemiis
2384 573 2628 642 appetiti,
2649 573 2820 643 ipsum
2845 571 3210 644 repudiamus,
3233 587 3565 637 arersamur,
3587 589 3685 630 nec

2103 673 2347 718 nostrum
2381 663 2486 720 dici
2514 664 2764 720 volumus
2793 679 2809 719 :
2835 673 3035 734 quanto
3066 665 3235 735 magis
3263 665 3405 720 Deus
3453 680 3643 721 servos
3664 709 3682 733 ,
3742 737 3748 746 _

2101 771 2239 825 quos
2267 757 2504 827 ingratos
2532 757 2762 822 viderit,
2789 766 2846 812 et
2872 772 2901 811 a
2931 757 3124 828 quibus
3165 773 3226 814 se
3251 757 3602 827 blasphemiis
3630 770 3684 814 et
3734 746 3738 749 ’

2103 849 2443 905 contumeliis
2468 849 2609 905 al'lici
2638 850 2967 919 cognoverit,
3005 850 3339 905 aversabitur
3369 862 3530 920 atque
3561 851 3692 904 odio

2099 941 2496 1010 prosequetur?
2525 941 2693 1008 Quem
2725 956 2851 996 vero
2874 942 3013 996 Deus
3055 941 3228 997 oderit
3270 951 3428 1012 atque
3472 957 3685 997 aversa-

2101 1038 2189 1085 tus
2235 1031 2427 1096 luerit,
2457 1032 2577 1102 quis
2621 1033 2884 1102 suscipiet
2935 1048 2998 1086 ac
3043 1033 3478 1104 complectetur?
3517 1033 3692 1088 Nemo

2103 1132 2300 1192 pra-ter
2337 1122 2608 1178 diabolum
2637 1140 2699 1178 ac
2725 1123 3018 1180 daemones.
3043 1125 3211 1193 Quem
3259 1142 3386 1180 vero
3411 1125 3685 1183 dmmones

2101 1213 2365 1280 ceperint,
2397 1229 2552 1282 quam
2583 1215 2770 1269 salutis
2803 1231 2952 1285 spem
2984 1215 3242 1270 habebit?
3269 1217 3411 1287 quod
3452 1217 3574 1272 vita:
3596 1234 3685 1272 so-

2101 1301 2326 1356 latium?
2352 1303 2615 1370 Quamdiu
2645 1305 2696 1359 in
2735 1321 2895 1360 manu
2928 1306 3021 1361 Dei
3044 1321 3252 1374 sumus,
3291 1323 3450 1362 nemo
3495 1324 3685 1379 rapere

2102 1407 2200 1447 nos
2229 1402 2444 1463 potest;
2483 1396 2700 1450 robusta
2727 1396 2871 1451 enim
2900 1405 2983 1451 est
3011 1414 3023 1451 :
3049 1412 3168 1450 cum
3201 1398 3429 1464 primmn
3469 1414 3595 1453 vero
3619 1399 3685 1455 de

2101 1502 2262 1540 manu
2288 1487 2378 1540 illa
2410 1487 2770 1544 deeiderimus
2792 1529 2808 1556 ,
2838 1497 2998 1559 atque
3027 1489 3283 1543 auxilium
3316 1489 3446 1544 illud
3489 1491 3685 1546 amise-

2102 1578 2301 1644 rimus;
2323 1579 2599 1649 periimus,
2618 1580 2868 1636 ommbus
2883 1581 3110 1650 expositi
3130 1580 3196 1635 ad
3219 1580 3458 1650 rapinam
3478 1596 3682 1651 sumus,

2102 1671 2354 1727 omnibus
2379 1671 2446 1726 ad
2473 1674 2923 1740 conentcandum,
2946 1683 3216 1743 tamquam
3245 1689 3433 1729 murus
3461 1674 3686 1729 inclina-

2104 1770 2211 1828 tus,
2236 1771 2294 1818 et
2317 1778 2474 1833 sepes
2492 1764 2802 1820 concidens.
2820 1765 3029 1819 Etenim
3059 1781 3180 1821 cum
3209 1780 3396 1820 munis
3415 1775 3504 1821 est
3526 1768 3690 1823 imbe-

2103 1853 2261 1919 cillis,
2283 1854 2440 1930 facile
2454 1856 2627 1910 cuivis
2647 1864 2792 1926 patet
2805 1855 2872 1911 ad
2890 1855 3315 1926 irrumpendum.
3340 1856 3527 1928 Neque
3543 1859 3684 1913 enim

2103 1948 2246 2019 quod
2273 1948 2514 2004 dicturus
2539 1964 2677 2016 sum,
2708 1949 2775 2004 ad
2804 1949 2973 2004 solam
3000 1948 3301 2005 Jerusalem
3330 1950 3532 2021 putetis
3563 1965 3685 2021 per-

2102 2041 2301 2104 tinere,
2329 2041 2423 2096 sed
2450 2041 2610 2096 etiam
2628 2041 2694 2096 ad
2718 2041 2957 2111 singulos
2984 2055 3228 2110 quosque
3255 2041 3524 2097 homines.
3547 2041 3690 2108 Quid

2106 2149 2239 2190 vero
2263 2135 2332 2190 de
2360 2135 2654 2190 Jerusalem
2676 2134 2875 2189 dictum
2912 2135 3031 2190 est?
3060 2133 3286 2188 Cantabo
3311 2135 3498 2189 dilecto
3525 2137 3686 2188 canti-

2103 2243 2218 2280 cum
2249 2227 2420 2280 dilecti
2447 2227 2564 2292 mei,
2595 2226 2754 2280 vincte
2778 2241 2923 2280 mem.
2959 2225 3120 2279 Vinea
3145 2229 3284 2296 facta
3311 2234 3380 2278 est
3399 2225 3606 2280 dilectio
3632 2225 3691 2278 in

2103 2333 2282 2382 cornu,
2306 2319 2360 2372 in
2389 2318 2500 2372 loco
2529 2318 2727 2388 pingui.
2755 2316 2826 2371 Et
2857 2318 3014 2389 sepivi
3040 2333 3151 2371 eam
3180 2333 3240 2370 ac
3283 2315 3418 2370 vallo
3463 2317 3688 2370 circum-

2103 2407 2220 2463 dedi
2243 2449 2258 2474 ,
2302 2417 2348 2461 et
2376 2407 2605 2478 plantavi
2630 2408 2778 2462 vitem
2813 2407 3006 2463 Soreclt
3024 2451 3039 2473 ,
3069 2419 3116 2462 et
3141 2408 3389 2477 aediﬁcavi
3417 2408 3596 2461 turrim
3626 2408 3682 2462 in

2104 2499 2270 2554 medio
2302 2500 2434 2572 ejus,
2468 2509 2515 2554 et
2545 2501 2769 2554 torcular
2809 2501 3037 2556 exstruxi
3063 2502 3114 2554 in
3141 2516 3220 2564 ca,
3253 2511 3302 2554 et
3327 2501 3607 2571 exspectavi
3633 2511 3698 2556 ut

2106 2591 2289 2660 faceret
2313 2605 2484 2657 uvam,
2514 2599 2560 2642 et
2589 2590 2707 2660 fecit
2734 2593 2930 2659 spinas.
2963 2589 3116 2644 Nunc
3144 2592 3318 2662 igitur,
3349 2593 3445 2646 viri
3471 2591 3509 2645 J
3513 2593 3613 2647 uda
3641 2601 3700 2647 et

2104 2681 2975 2753 habitatoresJerusalem,judicate
2990 2685 3122 2738 inter
3133 2701 3211 2737 me
3231 2695 3277 2739 et
3293 2685 3487 2738 vineam
3503 2703 3687 2740 meam.

2107 2771 2246 2837 Quid
2271 2781 2343 2826 est
2362 2813 2377 2838 ,
2407 2773 2542 2843 quod
2581 2774 2716 2827 ultra
2742 2774 2892 2828 debui
2934 2774 3101 2843 facere
3129 2775 3292 2828 vincte
3317 2791 3474 2838 metu,
3516 2787 3560 2829 et
3587 2793 3703 2829 non.

2105 2864 2204 2933 [cci
2231 2864 2317 2918 ei?
2345 2864 2596 2930 Quoniam
2637 2866 2962 2936 exspectavi,
3007 2874 3060 2918 ut
3106 2870 3295 2936 faceret
3339 2883 3531 2932 uvam;
3571 2867 3702 2935 fecit-

2105 2963 2271 3008 autent
2298 2955 2493 3025 spinas.
2525 2953 2680 3010 Nunc
2721 2971 2841 3026 ergo
2871 2956 3133 3010 ostendam
3159 2957 3296 3011 vobis
3338 2957 3460 3025 quid
3485 2973 3576 3028 ego
3605 2959 3694 3028 [a-

2105 3045 2234 3098 riam
2256 3045 2415 3100 vincte
2443 3061 2604 3100 meat:
2645 3050 2876 3117 auferam
2905 3063 3074 3116 sepem
3098 3048 3209 3117 ejus
3232 3089 3247 3114 ,
3281 3057 3328 3101 et
3353 3049 3446 3102 erit
3468 3049 3521 3102 in
3556 3050 3699 3104 dire-

2106 3139 2326 3207 ptionem
2353 3153 2372 3200 ;
2400 3146 2446 3192 et
2474 3138 2677 3191 diruam
2698 3139 2966 3192 maceriam
2991 3141 3120 3210 cjus,
3149 3149 3194 3193 et
3218 3139 3313 3193 erit
3341 3139 3395 3193 in
3421 3140 3698 3194 conculca-

2107 3229 2328 3292 tionem;
2350 3239 2394 3282 et
2419 3230 2764 3299 derelinquam
2793 3230 2991 3284 vineam
3020 3247 3216 3296 meam,
3238 3242 3284 3286 et
3308 3250 3410 3286 non
3429 3233 3701 3304 putabitur

2106 3329 2151 3374 et
2197 3337 2297 3374 non
2330 3306 2589 3390 fodietur;
2612 3321 2886 3374 ascendant
2928 3322 2980 3374 in
3027 3339 3179 3386 eam,
3209 3323 3418 3392 perinde
3462 3332 3616 3394 atque
3645 3327 3706 3378 int

2107 3418 2290 3465 ternm
2315 3410 2580 3475 incultam,
2599 3416 2760 3482 spime
2783 3420 2864 3474 ;et
2890 3411 3102 3466 nubibus
3127 3415 3401 3479 mandabo,
3427 3431 3489 3470 ne
3513 3415 3698 3485 pluunt

2106 3517 2259 3571 super
2302 3516 2414 3555 eam
2457 3501 2691 3555 imbrem.
2733 3501 2891 3555 Vinea
2936 3504 3068 3555 enim
3120 3501 3332 3557 Domini
3377 3507 3692 3560 exercituum

2107 3594 2288 3647 domus
2314 3592 2482 3646 Israel
2508 3601 2599 3658 cst,
2635 3603 2682 3646 et
2701 3593 2781 3646 vir
2810 3591 2952 3646 Iuda
2977 3610 3180 3664 germen
3207 3595 3467 3648 dilectum.
3494 3595 3698 3667 Exspe-

2109 3685 2239 3737 σιαιή
2260 3693 2316 3737 ut
2333 3683 2520 3753 faceret
2535 3683 2787 3754 judicium
2811 3701 2831 3750 ;
2855 3685 2973 3755 fecit
2997 3695 3163 3738 autem
3182 3685 3497 3754 iniquitatem
3524 3698 3570 3741 et
3595 3705 3698 3742 non

2108 3773 2352 3837 iustitiam
2375 3815 2389 3840 ,
2421 3773 2510 3828 sed
2536 3773 2808 3828 clamorem
2858 3773 3012 3842 (lsai.
3042 3775 3143 3831 5.1
3171 3805 3190 3816 -
3223 3775 3297 3847 Ἰ).
3334 3777 3385 3830 ld
3415 3778 3577 3833 etiam
3631 3781 3698 3834 dc

2109 3865 2346 3934 qualibet
2374 3867 2550 3920 anima
2593 3865 2809 3920 dicitur.
2835 3865 2966 3920 Nam
2997 3883 3117 3920 cum
3157 3870 3335 3922 omnia
3381 3884 3502 3937 qua:
3527 3885 3696 3940 opor-

2112 3965 2288 4011 tuerat
2313 3957 2614 4026 impleverit
2641 3957 2902 4027 benignus
2932 3958 3097 4023 Deus,
3131 3959 3222 4012 illa
3249 3974 3377 4012 vero
3411 3975 3507 4027 pro
3549 3976 3652 4014 uva
3679 4001 3705 4026 ,_

2110 4048 2294 4118 spinas
2321 4048 2547 4112 fecerit;
2591 4063 2773 4117 sepem
2799 4048 3009 4104 auferet
3060 4059 3114 4104 et
3143 4066 3352 4103 murum
3377 4050 3554 4107 diruet
3583 4095 3599 4118 ,
3635 4068 3699 4106 ac

2113 4141 2415 4211 patebimus
2441 4141 2749 4210 direptioni.
2777 4142 2912 4196 Audi
2942 4159 3070 4198 vero
3097 4153 3152 4198 et
3187 4154 3387 4214 quanto
3413 4160 3534 4198 cum
3563 4146 3697 4199 fletu

2111 4232 2249 4286 alius
2275 4233 2534 4302 propheta
2577 4231 2692 4286 ὴωο
2718 4233 2863 4287 dicat
2894 4252 2907 4288 :
2937 4233 3005 4288 Ut
3034 4235 3156 4305 quid
3185 4235 3479 4290 dcstruxisti
3523 4255 3696 4291 mace-

2110 4323 2240 4376 riam
2277 4323 2389 4392 cjas
2411 4338 2430 4386 ;
2452 4333 2499 4376 et
2529 4324 2835 4378 vindemiant
2872 4341 2983 4379 eam
3028 4342 3203 4380 omnes
3225 4367 3241 4392 ,
3271 4327 3354 4395 qui
3386 4337 3696 4400 prwtergre-

2111 4415 2321 4466 diunlur
2367 4414 2544 4468 viam?
2586 4413 2953 4470 Exta-minavit
2983 4433 3096 4470 eam
3145 4434 3270 4486 aper
3315 4418 3378 4472 de
3429 4419 3574 4488 sylva
3601 4461 3616 4486 ,
3648 4429 3697 4472 et

2110 4505 2386 4576 singularis
2435 4508 2571 4575 ferus
2598 4506 2837 4576 depastus
2878 4517 2952 4562 est
2981 4525 3092 4561 cam
3133 4509 3313 4577 (Psal.
3337 4509 3424 4564 79.
3448 4511 3535 4564 l3.
3559 4510 3696 4581 H)?

2112 4595 2188 4666 lbi
2211 4597 2426 4667 quidem
2454 4597 2523 4653 de
2563 4597 2718 4653 Medo
2755 4613 2817 4652 ac
2846 4597 2916 4654 de
2963 4600 3257 4671 Babylonio
3302 4601 3571 4674 loquitur;
3606 4603 3694 4658 hic

2110 4702 2240 4742 vero
2271 4687 2532 4754 nihilost,
2560 4688 2703 4758 quod
2729 4688 2796 4744 de
2824 4688 2914 4744 ille
2943 4688 3188 4753 dicatur;
3224 4692 3316 4746 sed
3345 4709 3476 4762 aper
3505 4704 3559 4749 et
3585 4695 3698 4749 sin-

2109 4780 2308 4849 gularis
2337 4781 2453 4851 ipse
2475 4781 2720 4837 diabolus
2747 4792 2830 4838 est
2849 4825 2863 4850 ,
2897 4793 3117 4856 totaque
3147 4787 3292 4842 illius
3321 4804 3532 4845 manus.
3563 4791 3696 4844 Sin-

2109 4872 2350 4941 gularcm
2379 4888 2507 4928 vero
2553 4873 2701 4928 illum
2746 4876 3068 4945 appellavit,
3120 4887 3177 4931 ut
3223 4878 3392 4946 ipsius
3437 4881 3695 4936 ferociam

2109 4977 2270 5040 atque
2316 4969 2674 5038 impuritatem
2725 4972 2795 5027 ob
2839 4973 3026 5026 oculos
3071 4982 3316 5042 poneret.
3374 4975 3506 5030 Nam
3544 4977 3698 5031 Scri-

2111 5069 2263 5129 ptura
2285 5101 2300 5125 ,
2331 5075 2452 5115 eum
2486 5061 2630 5116 illius
2671 5064 3017 5131 rapacitatem
3041 5064 3414 5121 demonstrare
3443 5068 3554 5121 vult
3574 5109 3590 5134 ,
3620 5067 3695 5121 ita

2111 5151 2279 5221 inquit
2305 5194 2318 5218 ,
2351 5151 2630 5222 Tamquam
2678 5153 2755 5207 leo
2781 5155 2987 5225 rugiens
3011 5157 3230 5221 circuit,
3275 5174 3505 5228 querens
3545 5173 3704 5228 quem

2110 5241 2308 5296 devoret
2333 5243 2415 5312 (i.
2451 5241 2564 5298 Pet.
2592 5245 2645 5300 5.
2678 5244 2769 5314 8);
2813 5261 2934 5299 cum
2972 5261 3104 5301 vero
3152 5249 3300 5301 virus
3349 5249 3476 5302 illud
3505 5251 3694 5319 perni-

2110 5335 2314 5389 ciosum
2340 5351 2402 5390 ac
2430 5335 2587 5392 letale
2612 5338 2900 5406 signiﬁcat,
2924 5349 3229 5408 serpentem
3259 5351 3414 5394 vocat
3462 5351 3514 5396 et
3539 5357 3692 5396 scor-

2114 5425 2323 5496 pionem
2348 5425 2606 5493 :Calcatc,
2634 5429 2825 5498 inquit,
2855 5446 3006 5500 super
3025 5442 3282 5498 serpentes
3302 5441 3353 5486 et
3377 5433 3691 5503 scorpiones,

2111 5525 2158 5570 et
2185 5533 2338 5585 super
2367 5533 2564 5571 omnem
2606 5519 2834 5573 virtutem
2875 5521 3069 5574 inimici
3107 5520 3260 5592 (Luc.
3297 5523 3382 5579 l0.
3403 5523 3497 5594 ¹19)
3525 5540 3536 5574 :
3563 5538 3699 5578 cum

2111 5605 2270 5660 simul
2297 5622 2558 5662 venenum
2589 5607 2787 5664 indicat
2809 5619 2868 5665 et
2889 5610 3073 5676 robur,
3107 5611 3395 5668 draconem
3427 5614 3695 5678 nominat,

2111 5699 2557 5769 quemadmodum
2577 5718 2646 5756 eo
2674 5704 2793 5757 loco
2819 5721 2831 5756 :
2863 5703 3030 5758 Draco
3060 5706 3170 5768 istc,
3199 5723 3346 5775 quem
3373 5707 3608 5777 formasti
3627 5707 3700 5760 ad

2113 5793 2428 5846 illudcmlum
2458 5795 2502 5848 ci
2525 5793 2695 5863 (Psal.
2727 5796 2970 5869 l03.26).
2999 5798 3066 5853 Et
3088 5799 3373 5856 draconem
3396 5809 3451 5856 et
3472 5815 3703 5870 serpen-
