4030 6204
447 311 557 368 225

519 433 581 482 ε’.
616 427 755 498 Ὅρα
811 426 988 480 τοίνυν
1043 424 1206 488 πόσος
1259 423 1452 492 γέλως,
1477 422 1622 493 πόση
1655 421 1929 490 ἀθλιότης.
1960 419 2020 474 ὃν

1035 308 1096 368 S.
1129 303 1417 364 JOANNIS
1451 301 1941 361 CHRYSOSTOMI
1974 299 2298 358 ARCHIEP.
2337 301 2884 389 CO’NSTANTINOP.

2129 418 2243 471 δενὶ
2269 422 2473 475 τούτων
2519 421 2751 491 γέγονας
2782 421 3024 493 βελτίων.
3075 420 3397 492 Θαυμάξετε
3437 419 3569 485 ἴσως
3596 424 3697 495 τὴν

454 515 722 586 ἐλάϐομεν
754 517 964 578 πατεῖν,
990 511 1178 566 τοῦτον
1215 513 1348 582 ὁρᾷν
1382 511 1521 581 ὑπὲρ
1542 509 1788 578 κεφαλῆς
1816 507 2026 560 ἑστῶτα
2123 507 2392 578 τοσαύτην
2428 509 2612 564 ἄνοιαν
2640 510 2734 563 τοῦ
2783 509 3062 581 προδότου.
3084 508 3295 562 Οὐκοῦν
3327 508 3601 580 φοϐήθητε
3637 511 3702 565 τδ

449 603 548 671 τῆς
577 601 867 671 ἡμετέρας.
908 599 1032 662 Πῶς
1061 598 1117 652 δέ
1144 597 1305 651 τοῦτο
1352 598 1595 666 γίνεται;
1660 596 1797 666 Παρ’
1827 594 1986 663 ἡμῶν
2008 605 2023 620 ⁶

450 689 517 743 ἂν
547 690 705 759 ἡμεῖς
745 686 1083 758 βουλώμεθα,
1119 687 1292 757 μέγας
1321 684 1498 738 ἐστίν·
1536 683 1602 738 ἂν
1627 684 1788 754 ἡμεῖς
1824 679 2027 752 βουλώ-

453 775 612 848 μεθα,
643 776 851 844 γίνεται
877 775 1094 846 μικρός.
1136 774 1267 826 Ἐὰν
1289 772 1646 844 προσέχωμεν
1671 771 1902 835 ἑαυτοῖς,
1933 768 2029 822 καὶ

454 863 591 933 μετὰ
618 862 712 915 τοῦ
750 862 1016 932 βασιλέως
1046 855 1197 931 ὦμεν
1225 859 1320 913 τοῦ
1354 859 1646 930 ἡμετέρου,
1680 854 2027 911 συστέλλεται

451 949 546 1000 καὶ
574 947 785 1000 παιδίου
835 945 1034 1018 μικροῦ
1067 947 1216 1000 ούδέν
1268 945 1489 1015 ἄμεινον
1516 942 1853 998 διακείσεται,
1877 943 1933 994 ἐν
1964 942 2029 1011 τῇ

451 1033 591 1104 πρὸς
625 1036 773 1103 ἡμᾶς
811 1033 958 1104 μάχῃ
986 1049 999 1062 ⁸
1052 1035 1181 1086 ὅταν
1216 1031 1544 1100 ἀποστῶμεν
1591 1028 1781 1094 αὑτοῦ,
1819 1027 2030 1097 μεγάλα.

378 1143 380 1148 τ
453 1122 618 1190 φυσᾷ,
647 1120 934 1190 βρυχᾰται,
967 1118 1140 1190 τρίζει
1188 1118 1314 1180 τοὺς
1367 1117 1609 1182 ὀδόντας,
1654 1117 1748 1169 ἆτε
1791 1114 2031 1184 ἐρήμους

453 1208 602 1279 ἡμᾶς
626 1208 723 1277 τῆς
755 1206 998 1277 μεγάλης
1033 1205 1349 1276 συμμαχίας
1388 1203 1565 1256 λαϐὼν
1586 1221 1600 1234 ·
1636 1203 1694 1255 οὐ
1725 1203 1834 1272 γὰρ
1864 1202 2034 1270 πρόσ-

455 1311 615 1356 εισιν,
650 1293 744 1345 ἐὰν
798 1292 873 1363 μὴ
925 1292 1256 1362 συγχωρήσῃ
1299 1294 1326 1344 6
1377 1290 1530 1353 Θεός.
1587 1289 1650 1342 EE
1693 1290 1801 1359 γὰρ
1833 1287 2032 1357 χοίρων

454 1381 678 1449 ἀγέλαις
708 1380 767 1432 ού
819 1379 1225 1448 κατετόλμησεν
1269 1376 1598 1447 ἐπεμϐῆναι,
1639 1375 1714 1446 μὴ
1753 1374 1846 1428 τοῦ
1897 1371 2032 1425 Θεοῦ

459 1468 935 1538 συγχωρήσαντος,
995 1464 1174 1534 πολλῷ
1212 1465 1411 1534 μᾶλλον
1459 1464 1660 1535 ψυχαῖς
1705 1460 2032 1534 ἀνθρώπων.
2091 1466 2094 1474 ‘

458 1555 738 1631 Συγχωρεῖ
773 1552 828 1604 δὲ
867 1552 1018 1615 Θεὸς,
1053 1551 1086 1620 ἢ
1136 1551 1425 1614 παιδεύων,
1458 1550 1489 1619 ἢ
1521 1549 1674 1618 δίκην
1700 1546 1966 1607 ἀπαιτῶν,
1999 1543 2035 1617 ἦ

457 1642 862 1713 δοκιμωτέρους
897 1640 1087 1703 ποιῶν,
1137 1639 1211 1701 ὡς
1248 1638 1340 1691 τὸν
1383 1637 1523 1690 Ἱώϐ.
1569 1637 1732 1706 Ὁρᾷς
1763 1635 1928 1687 αὐτὸν
1960 1633 2034 1703 μὴ

459 1728 914 1798 προσερχόμενον,
946 1726 1081 1796 μηδέ
1102 1725 1384 1794 τολμῶντα
1411 1723 1661 1790 γενέσθαι
1691 1723 1878 1790 ἐγγὺς,
1901 1719 2036 1773 ἀλλὰ

457 1816 732 1868 δεδοικότα
760 1816 853 1866 καὶ
884 1817 1188 1884 cpt-Epona;
1231 1814 1340 1866 Καὶ
1370 1813 1423 1865 τί
1449 1811 1590 1879 λέγω
1620 1811 1750 1880 περ).
1766 1808 1858 1861 τοῦ
1892 1806 2033 1871 Ὶῶϐ;

457 1901 536 1971 τῷ
572 1901 680 1972 γὰρ
709 1900 879 1972 Ἰούδᾳ
917 1901 1298 1971 ἐφαλλόμενος,
1329 1900 1428 1952 οὐκ
1454 1899 1775 1967 ἐτόλμησεν,
1803 1896 1908 1958 ἓως
1942 1895 2038 1946 αὐ-

457 1989 548 2043 τὸν
589 1988 684 2041 τοῦ
739 1989 884 2059 ίεροῦ
935 1987 1096 2058 χοροῦ
1145 1987 1441 2056 ἀπέσχισεν
1475 1985 1504 2037 ὁ
1551 1984 1806 2054 Χριστὸς,
1851 1981 2037 2035 λαϐεῖν

457 2075 768 2146 ὀλόκληρον,
825 2076 918 2128 καὶ
968 2074 1229 2128 εἰσελθεῖν
1268 2075 1348 2136 εἰς
1397 2072 1581 2127 αὐτόν.
1627 2071 1760 2124 Τότε
1799 2069 1898 2140 μὲν
1944 2064 2044 2122 οῦν

461 2165 659 2231 ἔξωθεν
690 2163 1080 2232 προσέϐαλλεν,
1113 2162 1260 2216 ἔνδον
1286 2162 1344 2215 δὲ
1390 2160 1656 2214 εἰσελθεῖν
1678 2159 1777 2212 οὐκ
1804 2158 2004 2228 ἐτόλμα
2023 2172 2038 2187 ·

464 2251 652 2322 ἐπειδὴ
678 2250 733 2303 δὲ
757 2245 897 2302 εἶδεν
920 2248 1320 2319 ἀποσχισθέντα
1351 2248 1450 2318 τῆς
1480 2247 1635 2318 ἰερᾶς
1664 2243 1886 2314 ἀγέλης,
1912 2259 2039 2296 παν-

461 2339 552 2401 τὸς
581 2337 732 2409 [2H]
760 2337 924 2391 λύκου
961 2336 1317 2406 σφοδρότερον
1349 2333 1604 2404 ἐφήλατο,
1627 2333 1721 2385 καὶ
1753 2332 1814 2384 ού
1848 2331 2040 2401 πρότε-

465 2423 557 2495 ρον
574 2424 806 2494 ἀπέστη,
834 2423 937 2486 ἔως
961 2423 1123 2476 αὑτὸν
1149 2422 1328 2474 ἀνεῖλε
1350 2420 1578 2474 θάνατον
1593 2418 1834 2473 διπλοῦν.
1851 2417 2040 2470 Ταῦτα

467 2510 604 2581 πρὸς
633 2510 914 2563 νουθεσίαν
942 2509 1096 2580 ήμῶν
1135 2508 1462 2578 γέγραπται.
1494 2507 1649 2559 Ἐπεὶ
1677 2508 1828 2560 ποῖον
1851 2505 2039 2574 κέρδος

465 2597 528 2649 τὸ
555 2596 778 2665 γνῶναι,
805 2597 887 2649 ὅτι
933 2591 1012 2658 είς
1039 2595 1147 2648 τῶν
1175 2593 1380 2647 δώδεκα
1406 2593 1682 2663 προέδωκε
1708 2610 1723 2658 ;
1763 2591 1889 2646 ποία
1915 2591 2041 2662 ὄνη-

471 2701 592 2749 σις;
628 2684 757 2736 ποία
802 2684 1075 2751 ὠφέλεια;
1131 2681 1572 2751 Μεγάλη.”οταν
1615 2677 1724 2750 γὰρ
1779 2679 2042 2750 μάθωμεν

469 2773 632 2827 πόθεν
669 2773 874 2834 ἐκεῖνος
909 2774 1001 2824 ἐπὶ
1025 2771 1123 2842 τὴν
1167 2770 1408 2840 ὀλέθριον
1433 2765 1563 2840 ἦλθε
1592 2767 1786 2839 βουλὴν
1814 2767 2040 2838 ταύτην,

469 2859 820 2930 φυλαξόμεθα
857 2860 964 2913 ἀπὸ
993 2859 1197 2929 ταύτης
1236 2861 1330 2911 καὶ
1357 2856 1510 2911 αύτοί
1546 2856 1620 2927 μή
1658 2856 1726 2909 τά
1768 2855 1907 2909 αύτά
1934 2872 2042 2909 πα-

471 2947 602 3001 θεῖν.
639 2947 806 3000 Πόθεν
835 2942 927 3000 οῦν
945 2943 1111 3016 ἦλθεν
1140 2946 1230 2998 ἐπὶ
1263 2944 1451 3010 τοῦτο;
1491 2944 1626 2996 Ἀπὸ
1657 2943 2039 3014 φιλαργυρίας·

470 3035 710 3104 κλέπτης
744 3030 846 3104 ἦν·
889 3034 998 3087 ἀπὸ
1044 3032 1248 3104 ταύτης
1292 3030 1464 3094 οὕτως
1512 3030 1711 3102 ἐμέθυε
1740 3030 1818 3101 τῷ
1858 3030 2043 3095 πάθει,

467 3121 550 3175 ὅτι
566 3123 657 3174 τὸν
681 3122 776 3191 τῆς
805 3121 1127 3190 οἰκουμένης
1154 3120 1430 3189 Δεσπότην
1451 3119 1744 3189 τριάκοντα
1768 3118 2044 3189 ἀργυρίων

472 3208 772 3278 προέδωκε.
806 3208 871 3260 Τί
903 3210 1002 3278 τῆς
1058 3208 1256 3278 μανίας
1301 3205 1507 3276 ταύτης
1533 3208 1749 3276 χεῖρον;
1785 3199 1858 3258 Οῦ
1892 3204 2044 3258 οὐδὲν

469 3295 719 3361 ἀντάξιον
758 3294 877 3348 ούδέ
919 3295 1051 3358 ἴσον,
1175 3293 1242 3346 τὰ
1293 3293 1418 3364 ἔθνη
1467 3295 1544 3356 εἰς
1589 3292 1740 3345 οὐδὲν
1769 3292 2044 3363 ἐλογίσθη,

467 3381 654 3436 τοῦτον
697 3383 990 3452 τριάκοντα
1040 3381 1319 3452 ἀργυρίων
1349 3380 1649 3451 προέδωκε.
1682 3379 1906 3449 Χαλεπὴ
1939 3381 2046 3450 γὰρ

469 3470 568 3538 τῆς
606 3467 972 3540 φιλαργυρίας
1005 3470 1038 3537 ή
1067 3469 1339 3538 τυραννὶς,
1371 3468 1518 3538 δεινὴ
1554 3467 1732 3537 ψυχὴν
1758 3467 2044 3536 ἐκστῆσαι.

473 3555 585 3622 Οὐχ
609 3553 750 3606 οὕτω
784 3571 866 3616 τις
895 3553 998 3605 ὑπὸ
1030 3555 1128 3622 τῆς
1165 3554 1335 3623 μέθης
1371 3553 1665 3624 παραπλὴξ
1707 3553 1940 3621 γίνεται,
1973 3552 2049 3614 ὡς

475 3639 580 3691 ὑπὸ
607 3639 995 3708 φιλαργυρίας·
1029 3639 1127 3708 οὐχ
1156 3637 1327 3701 οὓτως
1354 3639 1458 3691 ὑπὸ
1491 3640 1686 3708 μανίας
1725 3640 1820 3692 καί
1867 3657 2048 3708 παρα-

478 3724 726 3794 πληξίας,
756 3724 830 3786 ὡς
869 3724 972 3776 ὑπὸ
1003 3723 1384 3795 φιλαργυρίας.
1415 3725 1512 3777 Διά
1541 3724 1590 3776 τί
1623 3725 1751 3794 γὰρ,
1783 3727 1903 3778 είπέ
1936 3743 2047 3796 μοι,

479 3809 774 3880 προδίδως;
803 3810 1050 3880 ΙΙἈσημον
1072 3810 1198 3862 ὄντα
1231 3827 1288 3863 σε
1317 3810 1411 3864 καὶ
1437 3809 1657 3878 ἀγνῶτα
1679 3811 1926 3875 ἐκάλεσε,
1955 3813 2050 3865 καὶ

478 3897 574 3951 ἔνα
608 3895 716 3949 τῶν
763 3895 970 3949 δώδεκα
1018 3895 1265 3966 ἐποίησε,
1316 3895 1668 3959 διδασκαλίας
1707 3914 1788 3950 σοι
1820 3899 2053 3969 μετέδω-

477 4001 592 4048 κεν,
627 3983 890 4053 ύπέσχετο
922 3984 1088 4056 μυρία
1119 3983 1319 4052 ἀγαθά,
1357 3983 1611 4056 θαύματά
1638 4001 1695 4036 σε
1724 3984 2051 4057 ἐργάζεσθαι

478 4071 768 4142 πεποίηκε,
791 4071 1093 4141 τραπέζης,
1128 4071 1286 4136 όδῶν,
1312 4071 1548 4141 ὁμιλίας,
1583 4072 1890 4134 συνουσίας,
1922 4072 2054 4125 πάν-

475 4177 584 4214 των
624 4160 1009 4231 ἐκοινώνησας,
1042 4155 1117 4215 ὧν
1156 4162 1250 4214 καὶ
1279 4163 1327 4214 οἱ
1369 4160 1564 4214 λοιποί.
1613 4159 1796 4214 Ταῦτα
1843 4162 1943 4214 οὐκ
1985 4157 2053 4232 ἦν

481 4248 639 4300 ἰκανά
670 4250 1000 4318 κατασχεῖν;
1037 4248 1181 4310 τίνος
1226 4243 1319 4301 οὖν
1378 4247 1567 4300 ἔνεκεν
1612 4246 1967 4317 προέδωκας;
2000 4245 2054 4298 τί

481 4335 618 4403 ἔχων
646 4335 917 4402 ἐγκαλεῖν,
945 4329 990 4388 ὦ
1027 4336 1223 4406 μιαρέ;
1259 4335 1312 4388 τί
1339 4335 1394 4388 δέ
1426 4337 1528 4388 οὐκ
1559 4329 1618 4387 εὖ
1643 4333 1863 4398 παθών;
1901 4334 2052 4405 ᾚδει

483 4437 577 4488 σου
604 4423 701 4492 τὴν
727 4422 986 4487 διάνοιαν,
1016 4425 1115 4476 οὐκ
1159 4421 1434 4476 ἐπαύσατο
1459 4423 1528 4476 τά
1564 4421 1691 4492 παρ’
1723 4419 1917 4474 ἐαυτοῦ
1946 4421 2056 4471 εἰσ-

486 4509 686 4578 φέρων·
724 4509 984 4572 πολλάκις
1037 4506 1208 4576 εἶπεν,
1233 4511 1313 4562 ὅτι
1344 4505 1447 4574 Εἷς
1478 4509 1546 4572 ἐξ
1579 4507 1747 4577 ὑμῶν
1784 4505 2054 4574 παραδώ-

489 4611 585 4648 σει
613 4611 722 4663 με·
759 4595 1017 4657 πολλάκις
1037 4587 1260 4661 "Eat-.55,
1309 4595 1403 4648 καὶ
1436 4594 1688 4662 ἐφείσατό
1713 4610 1829 4655 σου,
1860 4592 1952 4645 καὶ
1976 4592 2056 4648 εἰ·

485 4677 592 4742 δὼς
639 4698 698 4732 σε
748 4679 1010 4744 τοιοῦτον,
1039 4682 1138 4733 οὐκ
1171 4680 1388 4744 ἐξέϐαλέ
1417 4697 1475 4731 σε
1507 4679 1599 4731 τοῦ
1631 4678 1790 4749 χοροῦ
1819 4696 1832 4708 ·
1867 4677 1946 4730 ἔτι
1976 4677 2056 4730 δι-

486 4767 803 4832 εϐάσταζεν,
843 4767 923 4830 ἔτι
952 4767 1026 4829 ῶς
1051 4768 1269 4837 γνήσιον
1286 4767 1379 4818 καὶ
1406 4765 1502 4817 ’ένα
1516 4766 1624 4818 τῶν
1641 4765 1867 4828 δώδεκα,
1885 4763 2059 4827 οὕτως

486 4856 670 4925 ἐτίμα,
703 4853 874 4917 οὕτως
922 4853 1114 4922 ἐφίλει.
1147 4854 1218 4905 Τὸ
1245 4852 1568 4916 τελευταῖον,
1601 4851 1645 4903 ῶ
1671 4852 1771 4920 τῆς
1803 4852 2054 4922 μιαρίαςί

486 4945 580 4998 καὶ
639 4943 844 4997 λέντιον
889 4942 1068 4996 λαϐὼν
1120 4941 1267 5011 ἔνιψε
1318 4943 1437 5004 ταῖς
1484 4939 1772 5009 ἀχράντοις
1822 4940 2060 5002 ἐκείναις

487 5030 644 5100 χερσὶ
665 5033 789 5096 τοὺς
822 5030 1052 5103 μιαρούς
1081 5047 1174 5083 σου
1199 5029 1386 5092 πόδας,
1407 5027 1499 5080 καὶ
1520 5026 1638 5080 οὐδὲ
1663 5025 1819 5079 τοῦτό
1842 5041 1898 5078 σε
1932 5043 2061 5079 κατ-

491 5117 667 5186 έσχεν.
694 5119 994 5181 Ἕκλεπτες
1023 5120 1089 5172 τὰ
1113 5116 1220 5170 τῶν
1257 5118 1529 5185 πενήτων·
1568 5113 1659 5166 καί¹
1701 5114 1786 5166 ἵνα
1825 5113 1895 5184 μὴ
1927 5130 2061 5183 προσ

493 5201 649 5273 έλθῃς
680 5206 758 5266 είς
787 5206 967 5275 μεῖζον
1001 5205 1187 5269 κακὸν,
1209 5204 1302 5256 καὶ
1326 5201 1480 5254 τοῦτο
1502 5201 1694 5271 ἔφερεν
1717 5217 1728 5230 ·
1768 5200 1882 5253 ἀλλ’
1907 5199 2060 5252 οὐδέν

493 5307 553 5342 σε
590 5291 824 5344 ἔπεισεν.
871 5293 932 5345 El
965 5293 1073 5362 γὰρ
1108 5292 1294 5361 θηρίον
1321 5286 1409 5361 ἦς,
1443 5289 1488 5339 εἰ
1521 5289 1628 5357 γὰρ
1656 5287 1821 5350 λίθος,
1856 5287 1914 5339 ού
1943 5289 2062 5349 ταῖς

489 5377 830 5448 εὐεργεσίαις
865 5381 984 5440 ταῖς
1016 5381 1092 5440 εἰς
1131 5378 1212 5441 σὲ,
1247 5378 1306 5429 ού
1351 5380 1461 5438 τοῖς
1512 5375 1805 5444 θαύμασιν,
1851 5375 1910 5426 ού
1939 5375 2059 5434 ταῖς

487 5463 855 5527 διδασκαλίαις
889 5464 995 5516 ἔδει
1042 5463 1486 5534 μεταϐληθῆναις
1542 5462 1701 5514 Ἀλλὰ
1756 5461 1847 5515 καὶ
1891 5458 2064 5521 οὕτως

489 5553 957 5622 ἐκτεθηριωμένον
996 5553 1201 5616 ἐκάλει,
1232 5553 1324 5604 καὶ
1349 5551 1438 5602 διὰ
1476 5551 1580 5602 τῶν
1619 5549 1937 5619 θαυμασίων
1971 5546 2062 5615 ἔρ-

492 5653 606 5704 γων
636 5641 872 5710 ἐπήγετό
901 5658 957 5693 σε
979 5640 1070 5692 τὸν
1097 5639 1259 5692 λίθων
1287 5638 1761 5710 ἀναισθητότερον.
1796 5637 1866 5689 Σὺ
1895 5636 1949 5688 δὲ
1972 5635 2062 5685 ού-

2127 593 2335 647 ἐκείνου
2367 595 2620 666 τραῦμα·
2657 597 2764 650 ἀπὸ
2787 597 3147 666 φιλαργυρίας
3175 594 3416 658 τοιοῦτος
3459 596 3700 663 ἐγένετο,

2127 683 2235 735 ἀπὸ
2263 683 2357 737 τοῦ
2384 685 2492 737 τῶν
2525 703 2629 756 χρη
2640 685 2832 756 μάτων.
2855 685 3075 756 ἔρωτος.
3101 684 3374 753 Ἔκκοψον
3396 683 3459 736 τὸ
3488 683 3661 747 πάθος
3679 701 3698 720 ο

2126 772 2350 828 τοιαῦτα
2377 773 2486 843 γὰρ
2509 773 2684 826 τίκτει
2709 775 2992 845 νοσήματα
3011 790 3028 807 ·
3062 773 3278 835 ἀσεϐεῖς
3305 774 3470 836 ποιεῖ,
3492 771 3590 824 καὶ
3609 772 3700 825 τὸν

2128 857 2260 910 Θεὸν
2286 859 2505 927 ἀγνοεῖν
2533 859 2961 929 παρασκευάζει,
2990 859 3094 915 κᾶν
3128 859 3390 929 μυριάκις
3415 857 3701 926 εὐεργετη-

2131 945 2643 1016 θῶμεν.”Εκκοψον,
2685 948 3015 1019 παρακαλῶ·
3055 949 3156 1000 ούκ
3201 947 3316 1000 ἔστι
3361 945 3472 999 τῶν
3512 944 3701 1015 τυχόν-

2128 1050 2258 1094 των,
2295 1033 2555 1098 θανάτους
2587 1033 2694 1088 οἶδε
2723 1036 2926 1088 τίκτειν
2963 1034 3238 1105 ὀλεθρίους
3267 1033 3519 1104 μυρίους..
3543 1032 3700 1084 τωο-

2135 1138 2234 1191 μεν
2287 1124 2347 1175 τὸ
2400 1124 2606 1177 ἐκείνου
2656 1123 2827 1186 πάθος
2850 1141 2864 1153 ·
2905 1122 3230 1193 φοϐηθῶμεν
3278 1121 3352 1191 μὴ
3383 1122 3494 1182 τοῖς
3523 1120 3705 1182 αὐτοῖς

2131 1209 2286 1262 αὐτοὶ
2314 1210 2718 1281 περιπέσωμεν.
2746 1209 2845 1264 Διά
2877 1209 3033 1263 τοῦτο
3056 1209 3386 1278 γέγραπται,
3418 1207 3504 1259 ἶνα
3539 1204 3706 1275 μὴ,τά

2133 1297 2274 1350 αὐτὰ
2299 1297 2560 1364 πάθωμεν
2586 1299 2682 1351 καὶ
2714 1299 2902 1368 ἡμεῖς·
2929 1296 3019 1350 διὰ
3047 1293 3205 1348 τοῦτο
3232 1281 3432 1356 πάντες
3462 1294 3510 1346 οἰ
3541 1292 3710 1359 εύαγ-

2132 1382 2376 1451 γελισταὶ
2400 1385 2554 1437 τοῦτο
2580 1385 2928 1455 διηγήσαντο,
2962 1381 3112 1454 [942]
3147 1381 3233 1435 ἵνα
3259 1381 3406 1450 ἡμᾶς
3439 1378 3706 1448 σωφρονί-

2135 1486 2292 1524 σωσι.
2327 1471 2618 1543 Πόρρωθεν
2651 1471 2852 1540 φεῦγε·
2904 1470 3004 1523 οὐκ
3046 1468 3161 1521 ἔστι
3192 1467 3350 1520 τοῦτο
3382 1467 3543 1537 μόνον
3584 1465 3704 1535 φιλ-

2134 1559 2390 1630 αργυρία,
2445 1559 2504 1612 τὸ
2554 1559 2763 1613 πολλῶν
2791 1559 2940 1630 ἐρᾷν,
2983 1555 3121 1610 ἀλλά
3143 1555 3204 1609 τὸ
3244 1556 3381 1618 ὅλως
3410 1553 3704 1624 χρημάτων

2135 1646 2287 1716 ἐρᾷν.
2315 1645 2650 1717 Φιλαργυρία
2679 1645 2846 1716 δεινὴ,
2877 1645 2938 1696 τὺ
2966 1643 3126 1696 πλέον
3153 1641 3252 1710 τῆς
3280 1641 3470 1711 χρείας
3512 1641 3702 1694 αἰτεῖν.

2135 1733 2226 1802 Μὴ
2279 1733 2387 1804 γὰρ
2416 1734 2657 1787 τάλαντα
2708 1731 2910 1803 χρυσοῦ
2957 1726 3025 1802 ἦν
3066 1730 3187 1782 τότε
3223 1729 3292 1782 τά
3332 1728 3593 1781 πείσαντα
3618 1726 3706 1780 τὸν

2135 1819 2442 1889 προδότην;
2473 1820 2779 1890 Τρίακοντα
2814 1815 2953 1890 ἦσαν
2983 1817 3241 1888 ἀργύρια·
3294 1815 3588 1887 τριάκοντα
3611 1815 3706 1884 ἀρ-

2134 1907 2338 1977 γυρίων
2369 1908 2644 1978 προέδωκε
2676 1908 2766 1961 τὸν
2789 1901 3257 1978 ΔεσπότηνητΑρα
3297 1903 3598 1974 μέμνησθε,
3620 1903 3707 1956 ὅτε

2136 1993 2327 2062 ἔλεγον»
2351 1995 2456 2064 πρὸ
2485 1994 2696 2059 τούτου,
2718 1995 2809 2054 ὅτι,
2828 1995 2929 2048 οὐκ
2959 1995 3017 2047 ἐν
3043 1992 3124 2062 τῷ
3151 1990 3650 2062 λαμϐάνειν-πολλὰ
3673 1989 3709 2060 ἡ

2135 2081 2418 2147 πλεονεξία
2450 2081 2756 2146 δείκνυται,
2780 2080 2917 2135 ἀλλά
2965 2079 3144 2150 πολλῷ
3173 2079 3380 2149 μᾶλλον,
3406 2079 3464 2130 ἐν
3493 2077 3572 2148 τῷ
3611 2077 3713 2129 6M-

2137 2183 2244 2236 γα;
2280 2167 2411 2221 Ἰδοὺ
2440 2168 2564 2221 ὅσον
2587 2168 2754 2226 κακὸν
2777 2158 2932 2230 οὗτος
2963 2166 3258 2237 εἰργάσατο
3286 2165 3352 2218 δι’
3373 2164 3555 2232 ὀλίγον
3584 2180 3713 2234 χρυιε

2139 2253 2281 2306 σίον·
2320 2253 2520 2324 μᾶλλον
2551 2254 2606 2307 δὲ
2647 2254 2707 2307 ού
2755 2253 2842 2307 διὰ
2885 2253 3126 2324 χρυσίον,
3163 2251 3297 2306 ἀλλά
3348 2251 3416 2312 δι’
3451 2249 3711 2321 ἀργύρια.

2137 2340 2255 2396 Οὐκ
2303 2341 2472 2405 ἔστιν,
2504 2340 2604 2392 οὐκ
2653 2339 2798 2393 ἔστιν
2839 2340 3009 2410 ἀνδρα
3044 2338 3379 2410 φιλάργυρον
3413 2338 3543 2390 ἰδεῖν
3582 2351 3715 2389 ποτε

2136 2427 2230 2480 τοῦ
2274 2426 2511 2497 Χριστοῦ
2536 2426 2597 2480 τὸ
2641 2426 2931 2498 πρόσωπον
2955 2444 2968 2459 ·
3010 2427 3068 2479 ἒν
3091 2426 3196 2484 τῶν
3225 2427 3503 2480 ἀδυνάτων
3531 2423 3712 2479 τοῦτο.

2147 2513 2302 2576 Ῥίζα
2329 2514 2448 2565 ἐστὶ
2469 2513 2576 2566 τῶν
2606 2515 2814 2569 κακῶν.
2841 2514 2899 2568 Εἰ
2929 2514 2990 2567 δὲ·
3017 2515 3074 2568 ἔν
3101 2532 3184 2577 τις
3211 2515 3349 2584 ἔχων
3395 2513 3588 2576 κακὸν,
3621 2511 3717 2564 ἐκ·

2137 2599 2328 2653 πίπτει
2371 2600 2470 2670 τῆς
2502 2599 2658 2670 δόξης
2690 2601 2926 2672 ἐκείνης,
2952 2602 2980 2653 ό
3003 2601 3102 2671 τὴν
3139 2600 3293 2672 ῥίζαν
3321 2599 3718 2669 ἐπιφερόμενος

2140 2687 2243 2740 ποῦ
2273 2689 2528 2758 στήσεται
2554 2705 2574 2754 ;
2608 2689 2723 2740 υύκ
2763 2687 2878 2742 ἔστι
2906 2689 2995 2741 τὸν
3021 2690 3320 2759 χρημάτων
3349 2687 3477 2741 ὄντα
3506 2686 3718 2752 δοῦλον,

2137 2776 2320 2830 δοῦλον
2353 2771 2492 2829 εἶναι
2520 2774 2757 2847 Χριστοῦ
2792 2777 3032 2844 γνήσιον.
3057 2776 3228 2838 Αὐτὸς
3255 2777 3284 2828 6
3325 2773 3564 2844 Χριστὸς
3608 2773 3720 2826 ἀπ·

2139 2864 2398 2934 εφήνατο,
2446 2865 2528 2916 ὅτι
2574 2863 2636 2916 τὸ
2685 2864 2917 2934 πρᾶγμα
2968 2864 3261 2916 ἀδύνατον·
3314 2863 3397 2915 οὐ
3424 2860 3731 2925 δύνασθε,

2141 2951 2295 3020 φησί,
2328 2950 2450 3015 Θεῷ
2473 2951 2790 3004 δουλεύειν
2819 2949 2925 3004 καῖ’
2947 2947 3216 3019 μαμωνᾷ·
3253 2946 3586 3011 καὶ·,οὺδεὶς
3612 2945 3730 3000 Oti-‘-

2139 3054 2312 3091 νιιτιιι
2337 3038 2478 3091 δυσί
2516 3038 2748 3102 κυρίοις
2784 3037 3121 3090 δουλεύειν.
3174 3035 3422 3088 Ἐναντία
3461 3033 3572 3103 γὰρ
3598 3035 3736 3085 ἐπι-.

2140 3125 2442 3179 τάττουσιν.
2477 3125 2534 3177 '0
2558 3124 2791 3193 Χριστὸς
2833 3123 3006 3190 λέγει,
3038 3121 3223 3174 Φείδου
3254 3119 3362 3172 τῶν
3383 3119 3722 3188 πενομένων·

2142 3210 2171 3262 6
2213 3213 2477 3282 μαμωνᾶς
2505 3212 2676 3278 λέγει,
2734 3209 3029 3262 Ἀπόδυ-σον
3061 3207 3155 3260 καὶ
3181 3205 3322 3260 αὐτὰ
3349 3204 3385 3259 ά
3411 3205 3627 3274 ἔχουσιν
3651 3221 3666 3234 ·
3696 3204 3727 3256 6

2143 3297 2379 3371 Χριστὸς
2407 3298 2577 3366 λέγει,
2611 3297 2864 3352 Κένωσον
2887 3295 3034 3366 άπερ
3059 3293 3202 3364 ἔχεις
3223 3309 3238 3325 ·
3263 3294 3297 3346 6
3331 3293 3597 3365 μαμωνᾶς
3629 3289 3724 3344 λέο

2143 3404 2252 3455 γει,
2274 3384 2418 3439 Λάϐε
2444 3385 2539 3438 καὶ
2570 3385 2711 3455 άπερ
2740 3384 2951 3455 ἔχουσιν
2973 3395 3022 3436 ε.

2219 3473 2292 3538 ς’.
2308 3471 2458 3535 Εἶδες
2477 3471 2810 3532 ἐναντίωσιν,
2825 3465 2963 3532 εἶδες
2979 3467 3106 3521 πόλε
3115 3484 3237 3538 μον;
3256 3465 3518 3519 Βούλεσθε
3535 3464 3726 3528 δείξω·

2150 3579 2249 3632 μεν
2273 3561 2389 3623 πῶς
2408 3560 2468 3612 ού
2498 3557 2720 3612 δύναταί
2741 3575 2825 3620 τις
2849 3555 3173 3626 ἀμφοτέρων
3191 3553 3386 3625 ῥᾳδίως
3401 3551 3727 3615 ὑπακούειν,

2151 3647 2270 3700 ἀλλ’
2306 3647 2420 3710 ἐνὸς
2467 3645 2548 3699 δεῖ
2580 3645 3024 3714 καταφρονῆσαι;
3058 3641 3090 3710 ἢ
3139 3639 3198 3692 ού
3228 3639 3308 3692 δεῖ
3327 3638 3488 3705 λόγου
3515 3657 3530 3705 ;
3565 3638 3725 3705 Πῶςς

2160 3732 2248 3786 Ἐν
2271 3735 2382 3795 τοῖς
2411 3731 2594 3803 ἔργοις
2637 3732 2733 3801 ούχ
2766 3729 2980 3801 ὁρῶμεν
3027 3725 3204 3790 τοῦτο,
3228 3725 3319 3778 τὸν
3359 3724 3595 3794 Χριστὸν
3629 3725 3728 3795 μὲν

2149 3820 2679 3890 καταφρονούμενον,
2733 3819 2824 3870 τὸν
2891 3816 2948 3870 δέ
3028 3817 3294 3888 μαμωνᾶν
3379 3813 3723 3884 τιμώμενονς

2164 3905 2354 3977 Ὁρᾶτε
2389 3905 2506 3970 πῶς
2555 3903 2742 3957 καὶτὰ
2769 3905 2990 3974 ῥήματα
3021 3901 3291 3972 φορτικά;
3329 3900 3480 3970 πόσῳ
3520 3900 3727 3970 μᾶλλον

2151 3993 2220 4047 τὰ
2248 3993 2583 4063 πράγματα;
2633 3990 2772 4043 Ἀλλ’
2811 3991 2904 4042 ἐπὶ
2943 3987 3051 4041 τῶν
3075 3989 3412 4058 πραγμάτων
3441 3986 3503 4039 ού
3535 3986 3726 4052 φαίνε-

2151 4098 2242 4134 ται
2281 4077 2515 4150 φορτικά
2561 4077 2784 4148 ὁμοίως,
2820 4075 3006 4146 ἐπειδὴ
3048 4075 3127 4145 τῷ
3158 4074 3320 4128 πάθει
3355 4073 3720 4142 κατεχόμεθα.

2152 4165 2266 4223 Νῦν
2308 4166 2405 4234 μέν
2434 4163 2542 4237 γὰρ
2575 4162 2678 4216 κᾶν
2707 4161 2885 4230 ὀλίγον
2915 4157 2949 4236 ᾖ
2980 4159 3355 4232 καθαρεύουσα
3386 4158 3481 4212 τοῦ
3516 4159 3724 4221 πάθους

2152 4255 2186 4325 ή
2206 4251 2373 4329 ψυχὴ,
2393 4251 2497 4314 ἔως
2527 4250 2593 4305 ἂν
2623 4249 2860 4304 ἐνταῦθα
2891 4250 3121 4320 ἑστήκῃ,
3143 4248 3368 4302 δύναται
3408 4246 3617 4316 κρίνειν
3641 4247 3726 4316 ὁρ-

2153 4339 2290 4404 θῶς·
2328 4341 2444 4392 ἐκεῖ
2469 4339 2526 4391 δέ
2554 4336 2886 4402 ἀπελθοῦσα,
2911 4337 3006 4388 καὶ
3029 4334 3428 4405 κατασχεθεῖσα
3453 4332 3529 4402 τῷ
3553 4350 3721 4402 πυρε-

2151 4429 2251 4501 τῷ,
2283 4429 2378 4481 καὶ
2407 4429 2465 4479 ἐν
2490 4429 2556 4498 τῇ
2588 4426 2748 4496 ἡδονῇ
2782 4423 2878 4477 τοῦ
2929 4424 3254 4496 πράγματος
3294 4422 3582 4491 γενομένη,
3624 4421 3722 4474 οὐκ

2153 4516 2266 4586 ἔχει
2297 4514 2536 4584 καθαρὸν
2579 4512 2642 4566 τό
2671 4513 2973 4582 κριτήριον,
3007 4511 3109 4563 ούκ
3146 4509 3259 4579 ἔχει
3289 4508 3351 4561 τὸ
3375 4508 3722 4579 δικαστήριον

2153 4602 2446 4657 ἀδέκαστον
2470 4617 2483 4629 ·
2519 4601 2546 4653 6
2575 4598 2810 4670 Χριστός
2857 4613 3040 4666 φησιν,
3077 4596 3212 4648 Ἐὰν
3234 4593 3318 4663 μή
3371 4610 3462 4658 τις
3501 4590 3723 4646 ἀποτά-

2155 4690 2328 4755 ξηται
2380 4687 2569 4742 πᾶσιν
2618 4683 2804 4738 αὑτοῦ
2851 4682 2976 4747 τοῖς
3005 4680 3404 4748 ὑπάρχουσιν,
3435 4681 3546 4732 οὐκ
3595 4677 3725 4730 ἔστι

2151 4793 2268 4846 μου
2297 4771 2598 4844 μαθητής·
2634 4773 2662 4824 6
2705 4770 2970 4840 μαμωνᾶς
2998 4783 3150 4837 φησι,
3172 4765 3319 4819 Λάϐε
3348 4765 3456 4819 ἀπὸ
3487 4763 3581 4816 τοῦ
3604 4780 3722 4815 πει-

2155 4863 2352 4923 νῶντος
2383 4860 2472 4912 τὸν
2519 4861 2718 4929 ἄρτον·
2775 4859 2803 4909 6
2863 4856 3098 4926 Χριστὸς
3129 4854 3298 4921 λέγει,
3348 4851 3614 4923 Περίϐαλε
3634 4847 3724 4901 τὸν

2156 4945 2361 5015 γυμνόν
2383 4960 2395 4972 ο
2435 4936 2587 5002 οὗτος
2620 4941 2789 5007 λέγει,
2823 4939 2934 4992 Τὸν.
2959 4937 3164 5007 γυμνὸν
3195 4936 3462 4989 ἀπόδυσον
3483 4953 3498 4967 ·
3537 4937 3566 4988 6
3593 4934 3727 5002 Χρι-

2160 5033 2280 5094 στὸς
2324 5029 2492 5097 λέγει,
2526 5027 2633 5080 Τοῦ
2686 5026 3003 5096 σπέρματός
3052 5041 3145 5076 σου
3171 5023 3296 5085 τοὺς
3351 5022 3585 5085 οἰκείους
3628 5021 3726 5088 οὐχ

2159 5118 2421 5190 ύπερόψει
2444 5133 2455 5148 ·
2491 5118 2519 5167 6
2567 5115 2829 5185 μαμωνᾶς
2859 5112 3027 5180 λέγει.
3062 5111 3174 5190 Ούκ
3221 5109 3463 5179 ἐλεήσεις
3482 5110 3605 5170 τοὺς
3650 5107 3728 5158 οἰ-

2159 5208 2337 5270 κείους
2364 5203 2458 5256 τοῦ
2492 5201 2805 5273 σπέρματός
2859 5217 2976 5265 σου,
3026 5185 3161 5251 ἀλλά
3191 5196 3290 5250 κᾶν
3341 5197 3552 5268 μητέρα
3588 5193 3725 5266 ἴδῃς,

2159 5296 2262 5347 κᾶν
2292 5289 2521 5363 πατέρα,
2555 5287 2906 5358 καταφρόνει.
2962 5287 3070 5338 Καὶ
3117 5284 3170 5337 τί
3223 5283 3365 5351 λέγω
3399 5284 3606 5350 πατέρα
3635 5281 3731 5332 καὶ

2164 5379 2408 5451 μητέρα;
2441 5377 2533 5428 καὶ
2560 5372 2874 5446 τὴν-σαυτοῦ
2907 5372 3100 5452 ψυχὴν,
3134 5372 3226 5424 καί
3253 5368 3456 5439 ταύτην
3473 5366 3726 5422 ἀπόλλυε·

2223 5594 2248 5621 ⁸
2275 5591 2353 5655 Sic
2371 5590 2716 5654 Colslinianus,
2742 5598 2892 5655 atque
2916 5589 2982 5642 ila
3022 5586 3149 5652 legit
3173 5586 3437 5652 interpres.
3471 5583 3620 5643 Ediu'.
3649 5580 3741 5632 καὶ

2161 5655 2279 5716 ἅπερ
2303 5654 2389 5702 οὐκ
2414 5655 2551 5717 ἔχεις.
