4030 6204
302 383 405 441 225

303 508 408 556 tem
440 504 745 553 tortuosum
771 497 829 549 et
848 489 1087 562 aspidem
1116 486 1314 557 ubique
1344 486 1518 557 ipsum
1550 494 1728 541 vocat.
1751 484 1886 541 Tor-

307 603 455 648 tuosa
473 590 618 646 enim
640 601 705 642 ac
727 586 871 640 varia
897 584 1087 650 bestia,
1105 596 1224 652 qua:
1241 581 1445 651 magnis
1467 580 1634 650 pollet
1654 580 1884 636 viribus:

284 682 487 738 -omnia
515 687 714 744 movet,
741 677 918 733 omnia
947 674 1124 729 turbat
1145 715 1162 739 ,
1190 674 1369 728 omnia
1395 686 1607 728 sursum
1631 686 1696 727 ac
1722 670 1885 727 deor-

305 792 422 832 sum
445 774 574 846 agit.
593 772 788 826 Verum
807 783 874 824 ne
900 767 1155 830 timeatis,
1187 781 1256 821 ne
1280 764 1517 820 animum
1544 762 1884 833 deSpondea-

308 866 376 920 tis
409 882 424 919 :
457 871 655 918 tantum
683 850 922 928 vigilate,
948 865 1005 913 et
1031 856 1136 911 erit
1165 864 1224 910 ut
1265 857 1603 926 passerculus
1637 873 1651 909 :
1679 853 1884 910 Calcate

303 957 441 1012 enim
459 996 475 1022 ,
502 952 670 1022 inquit
701 990 718 1017 ,
750 966 908 1021 supra
935 956 1191 1018 serpentes
1216 958 1262 1002 et
1288 948 1598 1018 scorpiones.
1633 947 1805 1010 Illum,
1833 946 1879 1000 si

305 1047 650 1108 voluerimus,
678 1043 796 1113 ejus
819 1056 924 1111 ope
950 1040 1151 1095 nostris
1176 1038 1398 1108 pedibus
1423 1038 1879 1093 conculcahiinus.

367 1140 422 1194 5.
466 1137 600 1193 Vide
629 1136 813 1207 igitur,
844 1148 1005 1205 quam
1039 1132 1351 1196 ridiculum,
1372 1132 1460 1186 vel
1492 1132 1671 1201 potius
1712 1146 1878 1199 quam

297 1232 554 1287 miserum
581 1228 655 1284 sit
679 1242 825 1291 eum,
850 1226 942 1296 qui
972 1224 1125 1280 nobis
1148 1222 1305 1278 datus
1332 1231 1416 1279 est
1440 1223 1507 1278 ad
1532 1223 1876 1290 calcandum,

294 1323 489 1378 intueri
515 1329 748 1376 stantem
772 1333 932 1387 supra
960 1326 1121 1387 caput
1142 1325 1405 1371 nostrum.
1434 1314 1719 1381 Quomodo
1747 1330 1878 1371 vero

292 1415 394 1468 hoc
424 1413 521 1467 lit?
547 1414 590 1466 Î‘
623 1411 780 1466 nobis
804 1427 818 1462 :
847 1410 891 1464 si
915 1423 1014 1463 nos
1037 1409 1285 1472 velimus,
1316 1422 1539 1477 magnus
1557 1417 1673 1473 est;
1709 1408 1753 1462 si
1781 1423 1877 1462 nos

289 1503 553 1567 velimus,
584 1516 781 1573 parvus
809 1498 884 1555 fit.
929 1500 985 1557 Si
1017 1500 1183 1556 nostri
1213 1500 1453 1568 ipsorum
1499 1510 1681 1553 atram
1723 1511 1879 1568 gera-

289 1609 437 1655 mus,
462 1604 774 1663 stemusque
804 1606 907 1647 una
931 1606 1053 1647 cum
1088 1590 1235 1662 Rege
1258 1599 1464 1655 nostro,
1494 1587 1763 1644 contrahit
1790 1603 1870 1655 se,

289 1702 354 1741 ac
386 1687 564 1740 nihilo
592 1687 713 1755 plus
755 1699 922 1755 parvo
965 1683 1168 1738 infante
1197 1683 1250 1737 in
1284 1696 1455 1753 pugna
1479 1681 1738 1737 adversus
1774 1694 1873 1734 nos

286 1786 473 1845 potest
500 1794 514 1832 :
559 1777 641 1830 sin
682 1790 711 1830 a
743 1775 888 1845 Rege
915 1773 1325 1838 desciverimus,
1353 1772 1509 1827 valde
1537 1779 1733 1842 turget.
1763 1770 1871 1825 fre-

283 1871 398 1934 mit,
436 1868 631 1922 dentes
658 1866 835 1931 acuit;
865 1866 1062 1936 quippe
1086 1865 1178 1935 qui
1212 1878 1311 1919 nos
1331 1878 1527 1934 magno
1555 1864 1647 1919 illo
1673 1862 1872 1917 auxilio

280 1962 577 2018 destitutos
619 1968 808 2013 nactus
846 1957 1047 2014 fuerit:
1082 1972 1188 2013 non
1236 1957 1379 2012 enim
1414 1957 1738 2028 aggreditur,
1769 1956 1869 2011 nisi

277 2049 598 2121 permiserit
642 2050 800 2103 Deus.
828 2048 961 2102 Nam
990 2049 1032 2102 si
1064 2048 1117 2101 in
1144 2062 1431 2117 porcorum
1473 2062 1690 2118 gregem
1721 2047 1870 2102 inva-

272 2145 404 2198 dere
426 2155 607 2197 ausus
636 2155 743 2195 non
767 2147 872 2204 est,
893 2140 1000 2194 Deo
1026 2152 1132 2193 non
1162 2140 1538 2208 permittente;
1568 2139 1740 2194 multo
1763 2138 1868 2196 mi-

268 2250 374 2288 nus
406 2235 476 2287 in
505 2231 714 2285 animas
743 2229 1018 2284 hominum
1046 2247 1059 2283 :
1093 2230 1354 2299 permittit
1394 2239 1571 2285 autem
1622 2230 1761 2285 Deus
1785 2228 1871 2286 vel

270 2324 568 2385 erudiens,
595 2322 679 2376 vel
710 2336 920 2391 peenam
949 2322 1190 2388 exigens,
1221 2321 1304 2375 vel
1346 2321 1608 2376 clariores
1645 2320 1866 2378 faciens.

280 2414 444 2469 Vides
475 2413 630 2468 illum
663 2428 770 2466 non
799 2411 1014 2482 aggredi
1037 2410 1139 2465 Job
1165 2426 1339 2480 neque
1365 2413 1565 2467 audere
1591 2411 1866 2478 accedere,

267 2508 369 2575 sed
397 2515 651 2560 metuere
690 2514 850 2573 atque
875 2503 1149 2558 tremere?
1200 2504 1264 2558 Et
1304 2503 1430 2573 quid
1461 2504 1583 2559 dico
1622 2504 1690 2558 de
1728 2503 1869 2558 Job?

269 2613 398 2651 nam
430 2597 486 2650 in
516 2594 713 2650 Judam
761 2593 1016 2647 invadens
1041 2608 1148 2646 non
1178 2602 1303 2647 ante
1347 2601 1518 2648 totum
1566 2594 1867 2664 apprehen-

275 2688 403 2742 dere
451 2686 696 2756 atquein
740 2684 912 2753 ipsum
948 2684 1150 2753 ingredi
1179 2698 1343 2739 ausus
1370 2694 1473 2747 est.
1505 2700 1663 2754 quam
1714 2685 1864 2739 illum

273 2774 526 2834 Christus
557 2793 587 2832 a
614 2792 772 2832 sacro
800 2776 968 2831 choro
995 2780 1332 2832 secrevisset.
1364 2777 1713 2832 Extrinsecus
1740 2778 1864 2847 qni-

273 2870 394 2924 dem
420 2884 551 2925 tunc
572 2869 829 2932 tentabat,
850 2867 945 2923 sed
977 2867 1121 2922 intus
1146 2869 1445 2939 irrumpere
1469 2884 1574 2924 non
1596 2869 1861 2927 audebat:

278 2969 566 3031 postquam
624 2974 751 3014 vero
798 2973 826 3010 a
878 2973 1033 3013 sacro
1084 2959 1178 3013 illo
1218 2973 1381 3029 grege
1416 2959 1731 3015 abscissum
1780 2962 1863 3017 vi-

276 3051 379 3116 dit,
412 3049 604 3119 quovis
630 3048 753 3118 lupo
799 3048 1165 3103 vehementius
1205 3049 1462 3116 impetum
1494 3049 1655 3117 fecit;
1689 3067 1863 3123 neque

274 3149 405 3195 ante
446 3139 676 3205 destitit,
716 3154 874 3210 quam
920 3139 1069 3196 illum
1113 3140 1313 3210 duplici
1363 3151 1538 3197 morte
1580 3152 1859 3199 mactaret.

272 3233 403 3287 [lare
422 3232 493 3288 ad
521 3244 760 3288 nostram
790 3232 1148 3288 eruditionem
1176 3242 1300 3288 sunt
1325 3234 1545 3304 scripta.
1577 3234 1707 3291 Nam
1733 3236 1862 3308 quid

272 3325 413 3380 lucri
445 3325 518 3381 sit
545 3324 760 3379 novisse
781 3322 1078 3387 Christum,
1106 3325 1175 3379 ab
1205 3340 1313 3379 uno
1340 3341 1407 3381 ex
1435 3325 1716 3382 duodecim
1742 3342 1863 3385 esse

273 3416 588 3487 proditum?
603 3415 795 3487 ecquid
819 3415 1187 3481 emolumenti,
1203 3431 1371 3488 ecqua
1395 3417 1629 3473 utilitas?
1649 3418 1860 3490 Magna,

276 3510 642 3579 respondebo.
668 3510 883 3565 Etenim
909 3524 1031 3563 cum
1057 3508 1429 3577 didicerimus,
1452 3525 1556 3581 qua
1584 3510 1676 3566 ille
1698 3526 1861 3567 causa

274 3601 545 3670 impulsus
583 3602 686 3656 hoc
711 3601 932 3657 exitiale
956 3601 1239 3656 consilium
1283 3602 1521 3671 ceperit;
1553 3602 1863 3659 cavebimus

279 3690 410 3758 ipsi,
435 3706 504 3744 ne
525 3691 590 3745 ab
608 3691 795 3765 eadem
824 3706 923 3745 nos
946 3706 1158 3762 quoque
1182 3691 1506 3750 auferamur.
1525 3692 1678 3749 Unde
1704 3694 1865 3765 igitur

279 3781 376 3835 ille
407 3780 516 3835 huc
562 3762 621 3837 se
660 3783 920 3838 contulit?
967 3784 1043 3838 Ex
1074 3784 1332 3840 avaritia:
1376 3786 1464 3840 fur
1489 3793 1627 3852 erat,
1658 3762 1864 3842 et'hoc

274 3871 479 3925 inorbo
511 3872 584 3926 ita
611 3873 793 3928 ebrius
822 3872 942 3939 fuit,
965 3882 1023 3927 ut
1043 3875 1252 3945 triginta
1284 3876 1553 3947 argenteis
1579 3877 1861 3932 Dominum

274 3961 743 4032 prodiderit.Qnid
760 3962 859 4018 hac
875 3964 1075 4018 insania
1091 3965 1360 4022 deterius?
1376 3967 1514 4023 Nihil
1535 3984 1628 4038 par
1641 3970 1689 4025 ei
1702 3985 1861 4039 quem

278 4055 524 4118 tradidit,
560 4054 688 4108 nihil
718 4054 848 4109 tanti
881 4073 895 4109 :
924 4057 1007 4110 cui
1035 4067 1222 4127 gentes
1243 4060 1289 4113 si
1315 4058 1682 4126 conferantur,
1711 4063 1860 4130 quasi

278 4144 507 4198 nihilum
557 4154 817 4214 reputatae
846 4155 971 4200 sunt
997 4147 1045 4201 ei
1079 4147 1232 4218 (lsai.
1260 4150 1350 4221 40)
1391 4167 1405 4205 :
1450 4150 1594 4205 hunc
1648 4152 1862 4222 triginta

278 4235 551 4303 argenteis
577 4234 832 4304 prodidit.
852 4235 1044 4292 Gravis
1065 4238 1208 4292 enim
1229 4249 1311 4294 est
1337 4242 1577 4295 avaritia:
1599 4243 1861 4313 tyrannis,

280 4340 504 4394 qna-que
530 4327 765 4380 animam
805 4327 871 4381 de
916 4343 1015 4382 suo
1054 4338 1193 4383 statu
1225 4330 1511 4386 deturbare
1534 4342 1717 4403 queat.
1746 4333 1861 4388 Non

282 4415 503 4482 perinde
531 4416 653 4485 quis
678 4432 744 4471 cx
771 4417 1034 4473 ebrietate
1063 4419 1285 4474 demens
1314 4422 1578 4488 redditur,
1611 4432 1771 4495 atque
1796 4441 1862 4480 ex

279 4506 537 4569 avaritia;
570 4520 676 4559 non
717 4522 867 4576 atque
906 4525 970 4562 ex
1014 4510 1219 4564 insania
1251 4527 1314 4566 ac
1337 4522 1579 4583 stupore,
1612 4525 1771 4586 atque
1797 4532 1862 4571 ex

279 4595 492 4662 argenti
515 4596 825 4664 cupiditate.
859 4598 1061 4668 Ecquid
1093 4600 1237 4655 enim
1265 4602 1412 4657 aliud
1439 4619 1615 4659 causa:
1639 4606 1752 4670 fuit,
1777 4606 1865 4661 dic

280 4685 441 4748 mihi,
467 4694 527 4739 ut
552 4687 846 4756 proderes?
891 4690 1192 4747 Obscurum
1225 4703 1388 4764 atque
1416 4697 1655 4767 ignotum
1690 4707 1743 4753 te
1774 4714 1865 4753 vo-

280 4777 445 4842 cavit,
482 4794 755 4849 ununique
791 4798 856 4836 ex
894 4783 1178 4839 duodecim
1210 4785 1339 4841 fecit
1370 4806 1383 4840 :
1417 4788 1717 4843 doctrinam
1765 4790 1866 4844 im-

277 4869 518 4937 partivit,
570 4871 976 4928 innumerabilia
1027 4876 1165 4930 bona
1209 4879 1474 4947 promisit,
1507 4888 1565 4934 ut
1608 4882 1862 4937 miracula

275 4960 470 5015 edet-es
517 4960 698 5016 effecit
730 4981 745 5017 :
786 4979 1009 5029 mensae,
1045 4965 1326 5032 itinerum,
1374 4970 1647 5040 colloquii,
1677 4981 1868 5026 contu-

274 5052 474 5117 bernii,
495 5068 678 5107 rerum
702 5057 939 5109 omnium
966 5073 1118 5126 teque
1141 5073 1204 5112 ac
1224 5060 1404 5114 centeri
1430 5062 1697 5132 particeps
1723 5079 1865 5117 cras.

276 5144 532 5199 llmccine
550 5144 688 5198 satis
715 5160 821 5200 non
852 5147 1067 5202 fuerunt
1098 5165 1219 5219 qua:
1249 5159 1303 5204 te
1323 5152 1679 5207 cohiberent?
1709 5170 1866 5223 quam

272 5235 435 5304 igitur
454 5234 529 5289 ob
554 5249 776 5290 causam
808 5237 1129 5306 prodidisti?
1163 5240 1292 5310 quid
1322 5240 1546 5304 habens,
1568 5244 1709 5313 quod
1739 5260 1871 5314 que-

272 5325 428 5390 raris,
450 5325 729 5380 sceleste?
759 5327 842 5380 vel
883 5329 1060 5397 potius
1082 5331 1334 5399 quoniam
1361 5332 1624 5387 beneficio
1649 5332 1870 5388 allectus

273 5431 376 5471 non
430 5418 655 5473 fueras?
696 5418 937 5475 Noverat
984 5434 1219 5477 mentem
1276 5432 1457 5489 tuam;
1516 5439 1620 5478 non
1665 5425 1871 5480 destitit

274 5525 389 5578 á¿³Î¹ÎµÎ¹Î¹
420 5526 519 5565 sua
566 5518 728 5565 erant
771 5522 1055 5580 praestare;
1099 5530 1239 5584 same
1281 5517 1434 5581 dixit,
1473 5516 1622 5571 Unus
1646 5533 1710 5571 ea:
1734 5518 1871 5572 vobis

277 5601 434 5656 tradet
461 5618 544 5655 me
575 5599 799 5672 (Matth.
826 5601 918 5659 26.
947 5604 1078 5674 2i);
1123 5621 1267 5677 smpe
1298 5608 1524 5674 notavit,
1563 5623 1627 5663 ac
1659 5608 1752 5662 tibi
1795 5616 1872 5661 ta-

280 5706 395 5747 men
418 5692 671 5763 pepercit
695 5707 711 5757 ;
741 5699 799 5748 et
825 5708 946 5748 cum
978 5695 1136 5750 talem
1173 5705 1224 5751 te
1246 5712 1372 5753 esse
1401 5699 1589 5764 sciret,
1610 5713 1676 5752 ex
1705 5699 1872 5753 choro

280 5796 380 5838 non
406 5781 605 5854 eiecit:
632 5781 815 5840 adhuc
844 5783 1069 5857 ferebat,
1102 5786 1274 5844 adhuc
1299 5798 1357 5846 ut
1382 5789 1681 5860 legitimum
1709 5800 1874 5860 atque

1189 371 1258 432 Î™Î
1293 370 1514 430 EPIST.
1555 371 1649 427 AD
1686 371 1973 429 PlllLlPP.
2010 371 2166 428 CAP.
2207 372 2271 429 ll.
2314 373 2540 431 Î¹Î¹Î¿Î¹Î¹Î¹Î¹.
2582 375 2674 433 Vl.

3467 388 3575 446 220

1996 500 2163 539 unum
2219 501 2283 542 ex
2329 486 2636 551 duodecim,
2683 489 2755 543 ita
2802 488 3120 558 honorabat,
3169 493 3243 550 ita
3290 495 3570 568 diligebat.

1995 574 2255 645 Denique,
2286 591 2321 630 o
2352 576 2559 633 scelus!
2615 578 2778 634 linteo
2807 581 2967 635 etiam
3005 594 3238 651 sumpto,
3267 588 3418 655 puris
3466 588 3571 644 illis

1992 667 2242 722 manibus
2273 670 2511 738 impuros
2556 670 2722 739 pedes
2765 681 2885 728 tuos
2914 674 3075 739 lavit;
3121 692 3297 747 neque
3328 679 3377 733 id
3405 682 3568 736 etiam

1994 765 2046 811 te
2073 757 2340 812 cohibuit.
2378 757 2666 815 Furabaris
2690 777 2776 827 ea,
2806 778 2924 832 qua:
2945 779 3236 835 pauperum
3262 778 3450 836 erant;
3482 779 3567 826 at-

1989 863 2094 919 que
2125 850 2263 904 istud
2292 850 2475 918 etiam,
2496 867 2563 907 ne
2586 852 2652 907 ad
2677 855 2849 923 majus
2875 857 3088 927 aliquod
3116 860 3313 914 malum
3341 877 3566 934 progre-

1988 939 2195 995 dereris
2242 940 2446 995 ferebat
2486 959 2500 996 :
2545 944 2639 998 sed
2685 944 2816 998 nihil
2861 948 3097 1002 animum
3141 957 3290 1006 tuum
3321 956 3561 1010 mutavit.

1987 1029 2119 1085 Nam
2141 1030 2349 1085 etiamsi
2374 1030 2483 1087 fera
2498 1048 2667 1099 esses,
2682 1036 2891 1090 etiamsi
2917 1037 3075 1106 lapis,
3092 1054 3268 1096 nonne
3288 1043 3564 1101 beneficiis

1986 1120 2040 1174 in
2063 1131 2116 1175 te
2133 1122 2359 1187 collatis,
2383 1138 2559 1178 nonne
2589 1125 2879 1193 miraculis,
2899 1143 3076 1185 nonne
3100 1131 3341 1187 doctrina
3362 1135 3447 1188 illa
3470 1137 3564 1192 lle-

1983 1214 2054 1266 cti
2084 1222 2137 1269 te
2165 1215 2483 1295 oportebat?
2509 1216 2705 1273 Verum
2737 1235 2907 1289 usque
2927 1221 3062 1277 adeo
3081 1224 3357 1281 efferatum
3390 1229 3565 1285 adlmc

1983 1306 2228 1373 vocabat,
2256 1314 2310 1362 et
2331 1308 2589 1364 mirandis
2615 1311 2869 1380 operibus
2898 1313 3185 1379 alliciebat,
3209 1320 3453 1386 quamvis
3483 1321 3562 1374 la-

1983 1396 2133 1465 pides
2166 1398 2309 1467 ipsos
2337 1400 2605 1456 vacuitate
2643 1417 2836 1458 sensus
2871 1418 3227 1473 exsuperares
3261 1424 3274 1462 :
3305 1408 3400 1463 sed
3431 1411 3560 1467 nihil

1979 1488 2172 1542 horum
2202 1487 2321 1556 fuit,
2354 1491 2494 1560 quod
2517 1501 2569 1546 te
2590 1493 2867 1547 meliorem
2895 1494 3161 1549 redderet.
3187 1496 3430 1553 Forsitan
3459 1500 3560 1554 mi-

1979 1579 2171 1633 ramini
2195 1589 2393 1635 tantam
2424 1582 2714 1652 proditoris
2729 1586 3040 1642 amentiam.
3061 1586 3255 1641 Metum
3275 1589 3434 1659 igitur
3459 1606 3556 1645 vo-

1978 1669 2060 1725 bis
2082 1671 2306 1727 incutiat
2339 1675 2480 1729 illius
2506 1676 2735 1731 vulnus:
2760 1677 2963 1747 argenti
2985 1680 3268 1749 cupiditas,
3303 1683 3556 1750 pecunia-

1979 1778 2095 1817 rum
2112 1778 2264 1820 amor
2286 1765 2445 1821 talem
2470 1766 2723 1824 reddidit.
2747 1768 2930 1824 Evelle
2952 1770 3093 1826 hunc
3119 1772 3400 1839 allectum;
3423 1774 3556 1830 tales

1975 1857 2120 1912 enim
2149 1860 2366 1914 morbos
2392 1862 2550 1931 parit,
2580 1862 2773 1931 impios
2798 1864 2957 1919 facit:
2987 1874 3146 1936 atque
3163 1881 3257 1922 eos
3273 1884 3372 1925 nns
3390 1869 3557 1924 addu-

1973 1948 2070 2013 cit,
2103 1958 2161 2002 ut
2187 1951 2394 2004 etiamsi
2422 1954 2693 2007 sexcentis
2720 1955 2994 2011 beneficiis
3037 1957 3354 2025 afliciamnr,
3389 1963 3554 2018 Deum

1974 2038 2301 2109 ignoremus.
2337 2042 2537 2107 Evelle,
2562 2044 2834 2100 obsecro:
2868 2063 2973 2100 non
3004 2058 3087 2103 est
3133 2050 3263 2105 levis
3310 2053 3548 2120 morbus,
3607 2092 3617 2100 .

1974 2138 2255 2185 sescentas
2282 2134 2657 2188 acerbissimas
2678 2148 2879 2192 mortes
2906 2138 3097 2195 aï¬‚â€™erre
3125 2142 3292 2195 novit.
3316 2143 3552 2199 Vidimus

1972 2221 2124 2279 Judtc
2151 2225 2400 2278 morbum
2435 2242 2449 2278 :
2480 2237 2783 2283 metuamus
2812 2245 2878 2284 ne
2908 2230 3005 2300 ipsi
3037 2246 3251 2302 quoque
3282 2234 3333 2287 in
3365 2234 3550 2290 eadem

1972 2311 2293 2369 incidamus.
2323 2313 2447 2369 ldeo
2491 2317 2691 2387 scripta
2734 2327 2878 2384 sunt,
2907 2336 2972 2373 ne
2999 2321 3184 2376 iisdem
3215 2338 3311 2379 nos
3341 2340 3552 2395 quoque

1972 2404 2127 2457 malis
2153 2403 2449 2460 afficiamur
2479 2424 2495 2463 :
2526 2417 2808 2478 propterea
2836 2411 2903 2464 ab
2932 2414 3180 2467 omnibus
3208 2417 3549 2488 evangelidis

1973 2495 2024 2549 id
2055 2507 2325 2551 narratum
2352 2508 2453 2565 est,
2481 2509 2537 2554 ut
2558 2516 2657 2555 nos
2679 2505 3081 2572 temperantiam
3113 2505 3388 2563 docerent.
3420 2511 3552 2565 Pro-

1971 2587 2054 2639 cul
2085 2587 2243 2658 fuge:
2269 2603 2376 2643 non
2402 2590 2502 2644 hoc
2518 2592 2690 2646 solum
2708 2593 2928 2648 avaritia
2952 2605 3053 2661 est,
3074 2597 3267 2655 multas
3297 2602 3548 2670 pecunias

1970 2692 2191 2748 cupere,
2224 2679 2319 2734 sed
2363 2682 2524 2736 etiam
2568 2685 2823 2751 pecunias
2852 2687 3072 2742 omnino
3110 2704 3329 2759 cupere.
3360 2692 3549 2750 Gravis

1969 2769 2189 2823 avaritia
2215 2779 2301 2825 est
2324 2772 2444 2840 plus
2475 2789 2717 2842 poscere,
2738 2792 2896 2845 quam
2920 2793 3055 2848 opus
3078 2780 3163 2833 sit.
3186 2780 3319 2836 Num
3351 2787 3546 2840 talenta

1969 2859 2084 2912 auri
2131 2860 2364 2924 fuerunt,
2393 2879 2514 2932 qua:
2542 2867 2872 2933 proditorem
2917 2868 2968 2923 in
3014 2868 3151 2923 hanc
3185 2884 3415 2930 mentem
3448 2878 3545 2930 imâ€”

1970 2949 2270 3017 pellerent?
2299 2950 2536 3023 Triginta
2569 2956 2743 3009 solum
2776 2960 3015 3027 argentei
3043 2978 3057 3012 :
3093 2962 3307 3031 triginta
3349 2980 3542 3036 argen-

1970 3040 2069 3095 teis
2097 3041 2272 3110 ipsum
2306 3044 2538 3112 prodidit
2580 3047 2886 3104 Dominum.
2935 3051 3017 3106 An
3049 3055 3303 3109 memoria
3353 3059 3546 3116 tenetis

1971 3132 2113 3203 quod
2139 3143 2294 3187 antra
2325 3135 2588 3201 dicebam,
2622 3139 3029 3197 immoderatam
3075 3145 3303 3201 habendi
3330 3153 3540 3219 cupidi-

1972 3232 2133 3278 tatem
2176 3239 2283 3279 non
2333 3226 2385 3280 in
2437 3242 2504 3281 eo
2547 3229 2722 3284 solum
2769 3246 2828 3285 se
2853 3234 3158 3300 ostendere,
3185 3239 3327 3307 quod
3356 3256 3543 3311 magna

1968 3315 2317 3385 accipiantur,
2344 3318 2441 3373 sed
2483 3320 2653 3390 magis
2680 3322 2840 3375 etiam
2867 3324 3007 3393 quod
3045 3328 3245 3395 parva?
3273 3328 3350 3383 En
3378 3347 3545 3401 quan-

1972 3412 2084 3459 tum
2113 3406 2291 3461 scelus
2319 3407 2419 3462 iste
2443 3409 2713 3464 connnisit
2745 3414 2971 3480 pauculo
3001 3430 3133 3469 auro
3153 3417 3433 3485 adductus,
3461 3422 3543 3476 vel

1969 3496 2149 3565 potius
2178 3512 2283 3552 non
2326 3513 2481 3564 auro,
2511 3500 2606 3554 sed
2655 3504 2946 3571 angentcis.
2977 3504 3155 3571 Nefas,
3193 3508 3293 3562 ncf.
3316 3524 3343 3564 Îµ
3392 3512 3548 3580 plane

1971 3595 2055 3642 est
2076 3587 2348 3643 hominem
2373 3604 2594 3645 avarum
2620 3607 2870 3663 umquam
2898 3594 3088 3651 intueri
3111 3597 3296 3654 facient
3316 3599 3542 3659 Christi:

1970 3677 2070 3732 hoc
2094 3687 2178 3732 est
2210 3695 2374 3734 unum
2402 3697 2466 3736 es
2501 3681 2588 3747 iis,
2619 3699 2739 3754 qua:
2769 3684 2883 3739 fieri
2915 3687 3131 3743 minime
3158 3694 3398 3759 possunt.
3432 3694 3542 3749 lia-

1967 3768 2056 3825 dix
2086 3771 2352 3826 malorum
2383 3781 2484 3828 est.
2509 3773 2662 3841 Quod
2690 3773 2734 3829 si
2761 3777 2849 3845 qui
2878 3777 2960 3833 vel
2988 3779 3077 3833 nni
3110 3781 3254 3835 malo
3278 3782 3546 3840 obnoxius

1969 3873 2070 3928 est,
2096 3865 2317 3933 gloriam
2352 3865 2492 3920 illam
2515 3868 2872 3939 amittit,quis
2903 3870 3136 3928 radicem
3165 3875 3331 3944 ipsam
3361 3891 3541 3933 secum

1968 3956 2123 4011 all'ert
2159 3957 2245 4012 ubi
2271 3959 2664 4015 collocahitur?
2691 3961 2806 4016 Non
2835 3973 3013 4033 potest
3041 3970 3386 4034 pecuniarum
3432 3985 3544 4025 ser-

1968 4062 2066 4101 vus
2091 4063 2377 4118 germanus
2399 4065 2520 4106 esse
2541 4052 2738 4106 Christi
2767 4067 2973 4106 servus.
3002 4055 3249 4110 Christus
3283 4060 3395 4127 ipse
3423 4076 3544 4129 pro-

1969 4143 2236 4195 nuntiavit
2280 4159 2391 4197 rem
2435 4159 2554 4197 esse
2601 4144 2924 4210 hujusmodi,
2958 4160 3075 4213 qua:
3109 4158 3357 4204 constare
3400 4152 3543 4205 nullo

1970 4243 2124 4303 pacto
2167 4245 2344 4305 queat.
2372 4235 2492 4289 Non
2524 4236 2752 4304 potestis,
2778 4236 2966 4304 inquit,
3006 4236 3110 4290 Deo
3139 4241 3322 4293 seruire
3365 4253 3408 4295 et
3436 4259 3546 4295 nta-

1970 4343 2153 4391 mona);
2173 4336 2246 4391 et,
2267 4326 2427 4381 Nemo
2447 4337 2602 4395 potest
2622 4327 2815 4380 duobus
2833 4328 3048 4380 dominis
3064 4331 3275 4399 servire(
3290 4332 3473 4387 Matth.
3491 4335 3543 4388 6.

1967 4419 2367 4488 24).Contraria
2385 4420 2527 4471 enim
2548 4418 2884 4487 pra-cipiunt:
2900 4418 3165 4480 Christus,
3183 4419 3369 4491 inquit.
3383 4423 3547 4479 Parce

1972 4509 2325 4578 pauperihus:
2377 4523 2624 4561 mamona
2679 4508 2880 4576 inquit,
2917 4510 3062 4562 Exue
3111 4511 3231 4564 illos
3284 4512 3443 4565 etiam
3484 4516 3547 4569 iis

1970 4619 2088 4671 qua:
2120 4602 2345 4656 habent:
2370 4599 2617 4655 Christus
2639 4600 2797 4665 dicit,
2823 4601 3043 4655 Effunde
3074 4617 3423 4672 quaecumque
3453 4605 3545 4657 ha-
3584 4622 3589 4635 Î¹

1971 4693 2096 4755 bes;
2128 4707 2371 4745 mamona
2418 4691 2568 4757 dicit,
2604 4691 2676 4745 Ea
2708 4693 2869 4746 etiam
2898 4708 3029 4761 cape
3057 4710 3174 4764 qua:
3202 4694 3277 4750 illi
3329 4694 3541 4751 habent.

2043 4783 2097 4836 6.
2140 4781 2301 4835 Vides
2333 4797 2584 4852 pugnam,
2614 4782 2764 4837 vides
2809 4785 3050 4839 bellum?
3083 4786 3320 4855 Vultisne
3361 4797 3544 4842 osten-

1972 4871 2158 4925 damus
2188 4873 2458 4942 quomodo
2509 4874 2719 4943 utrique
2751 4889 2909 4928 nemo
2949 4876 3323 4945 obtemperare
3351 4887 3546 4946 potest,

1973 4963 2066 5017 sed
2095 4963 2321 5017 alterum
2343 4973 2653 5019 contemnat
2670 4965 2920 5033 oportet?
2948 4982 3015 5020 an
3048 4981 3133 5021 res
3165 4967 3235 5020 ita
3265 4968 3409 5022 clara
3442 4977 3548 5031 est,

1975 5065 2031 5108 ut
2057 5070 2161 5109 non
2191 5065 2342 5124 egeat
2370 5056 2653 5111 oratione?
2681 5056 3000 5123 Quomodo?
3030 5058 3218 5110 Annon
3248 5055 3349 5111 hoc
3378 5058 3552 5127 reipsa

1974 5149 2261 5211 cernimus,
2323 5147 2593 5202 Christum
2645 5148 2857 5216 quidem
2911 5148 3202 5211 contemni,
3249 5163 3549 5221 ntamonam

1976 5255 2103 5294 vero
2128 5240 2272 5293 coli?
2298 5240 2522 5294 Sentitis
2547 5254 2705 5308 quam
2737 5239 2815 5290 vel
2850 5239 2961 5307 ipsa
2994 5237 3151 5290 verba
3184 5252 3371 5305 aspera
3401 5239 3549 5293 sint?

1975 5332 2124 5399 Quod
2173 5332 2219 5386 si
2247 5332 2431 5394 verba,
2464 5339 2664 5399 quanto
2696 5331 2865 5398 magis
2910 5343 2997 5383 res
3048 5329 3221 5398 Î¾Î¹Î¹ÎµÏ‰á¿–
3253 5328 3444 5385 Verum
3494 5332 3547 5386 in

1977 5427 2135 5479 rebus
2163 5439 2225 5478 ac
2253 5423 2406 5476 factis
2434 5438 2538 5475 non
2564 5436 2713 5488 aeque
2738 5430 2957 5489 apparet
2978 5421 3088 5489 ipsa
3114 5421 3390 5490 asperitas,
3416 5438 3552 5491 quo-

1977 5517 2117 5569 niam
2139 5530 2235 5569 nos
2259 5513 2477 5567 morbus
2504 5519 2748 5578 occupat.
2769 5510 2897 5564 Nam
2923 5526 3063 5565 nunc
3084 5513 3316 5581 quidem,
3343 5513 3555 5567 etiamsi

1979 5608 2080 5663 hoc
2099 5607 2285 5660 morbo
2314 5618 2416 5656 non
2441 5603 2660 5657 omnino
2687 5617 2812 5668 pura
2837 5603 2906 5656 sit
2925 5603 3123 5663 anima.
3145 5613 3320 5657 tamen
3350 5602 3474 5656 dum
3500 5604 3553 5658 in

1979 5699 2079 5751 hoc
2108 5698 2223 5764 ipso
2250 5702 2389 5746 statu
2420 5698 2634 5754 manet,
2669 5701 2843 5758 potest
2871 5703 3018 5746 recte
3041 5691 3316 5760 judicare:
3346 5701 3392 5745 at
3424 5707 3548 5749 cum

1983 5787 2112 5843 febri
2132 5792 2374 5853 correpta
2399 5791 2499 5848 est,
2517 5791 2570 5835 et
2597 5780 2646 5833 in
2671 5779 2784 5849 ipsa
2808 5782 2883 5837 rei
2906 5783 3174 5853 voluptate
3196 5791 3455 5848 versatur,
3474 5784 3556 5838 faâ€”
