4030 6204
456 290 559 346 2T7

457 405 713 461 eultatetn
737 395 1009 470 judicandi
1038 395 1257 450 minime
1296 406 1479 462 puram
1509 389 1687 454 habet,
1713 402 1820 441 non
1859 385 2040 440 incor-

458 507 671 568 ruptum
700 491 948 548 tribunal.
969 489 1221 568 Christus
1237 485 1389 550 dicit,
1408 482 1524 536 Nisi
1552 482 1661 551 quis
1683 477 2042 533 renuntiaverit

458 561 712 650 omnibus,
738 598 851 654 quae
890 578 1130 650 possidet,
1158 561 1259 630 non
1293 585 1366 629 est
1393 590 1532 628 meus
1565 572 1846 638 discipulus
1888 569 2037 641 (Luc.

460 681 547 735 Η.
574 679 642 732 55
669 676 723 746 );
768 668 1014 728 mamona
1071 668 1262 736 inquit,
1295 666 1456 735 Eripe
1503 662 1761 719 esurienti
1810 675 2037 731 panem:

459 770 702 826 Christus
730 763 882 829 dicit,
905 761 1051 816 Vesti
1084 759 1283 814 nudum
1309 775 1324 824 ;
1359 757 1445 812 hic
1469 770 1618 821 vero,
1642 753 1850 808 Nudum
1877 753 2040 807 etiam

457 874 628 916 exue:
659 857 908 912 Christus
932 853 1084 919 dicit,
1115 848 1452 905 Domesticos
1481 846 1701 902 seminis
1729 845 1801 900 tui
1846 858 1915 898 ne
1940 843 2040 898 de-

457 947 735 1022 spexeris;
789 959 1040 1001 mamona
1083 941 1294 1012 inquit,
1347 938 1773 994 Domesticorum
1817 933 2040 990 seminis

458 1043 534 1097 tui
561 1057 631 1096 ne
669 1037 1013 1102 miserearis;
1068 1031 1278 1090 etiamsi
1308 1040 1531 1086 matrem
1573 1028 1798 1095 videris,
1826 1027 2036 1083 etiamsi

457 1144 684 1205 patrem,
713 1146 929 1202 Sperne.
988 1129 1057 1182 Et
1081 1127 1206 1197 quid
1246 1126 1370 1180 dico
1422 1133 1625 1194 patrem
1669 1131 1725 1177 et
1771 1121 2039 1177 matrem?

459 1225 626 1279 Tuam
653 1235 866 1292 quoque
894 1218 1086 1288 ipsius,
1109 1217 1304 1287 inquit,
1323 1215 1557 1270 animam
1588 1213 1781 1284 perde:
1801 1221 2037 1268 attamen

468 1315 704 1370 auditur.
737 1314 834 1368 Hei
883 1311 1052 1367 mihi!
1109 1310 1158 1365 ei
1184 1311 1272 1380 qui
1301 1308 1435 1364 adeo
1463 1322 1623 1371 smva,
1654 1315 1710 1362 et
1737 1306 1960 1360 immitia
1986 1314 2040 1360 et

464 1407 574 1461 fera
607 1404 857 1460 mandata
884 1401 1132 1471 imponit,
1150 1401 1292 1454 dicto
1319 1399 1597 1453 audientes
1628 1397 1803 1466 potius
1828 1411 2035 1462 sumus,

462 1513 620 1567 quam
654 1497 726 1550 illi
755 1496 908 1564 cujus
939 1494 1072 1549 levia
1103 1491 1361 1562 nobisque
1387 1489 1642 1544 salutaria
1687 1490 1834 1558 jussa
1878 1496 2026 1544 sunt.

465 1592 600 1646 lline
627 1589 895 1659 gehenna,
925 1586 1052 1640 hinc
1106 1585 1263 1654 ignis,
1311 1582 1435 1637 hinc
1471 1582 1662 1636 lluvius
1712 1581 1870 1652 ignis,
1915 1581 2038 1634 hinc

461 1680 661 1736 vermis
710 1680 869 1734 linem
923 1677 1189 1732 nesciens.
1221 1675 1344 1730 Scio
1393 1674 1592 1728 multos
1621 1688 1761 1738 esse,
1793 1674 1884 1742 qui
1941 1687 2039 1727 nos

462 1772 577 1826 lucc
605 1771 846 1825 dicentes
873 1783 979 1822 non
1021 1765 1256 1836 jucunde
1281 1765 1522 1819 audiant.
1552 1764 1681 1818 Nam
1709 1779 1880 1835 neque
1908 1763 2038 1818 mihi

459 1872 586 1917 sunt
611 1860 848 1931 jucunda
888 1860 1074 1925 dictu;
1106 1857 1233 1928 quid
1263 1857 1406 1912 enim
1455 1856 1537 1911 bis
1577 1856 1819 1912 dicendis
1843 1871 2037 1912 conse-

457 1953 640 2023 quor?
675 1953 876 2008 Vellem
917 1951 1069 2008 vobis
1114 1957 1376 2020 perpetuo
1405 1965 1466 2003 ea
1493 1965 1612 2019 quae
1646 1949 1794 2019 regni
1825 1949 2036 2018 propria

457 2052 582 2098 sunt
611 2058 854 2109 narrare,
883 2041 1122 2112 requiem
1169 2041 1340 2106 illam,
1371 2055 1562 2110 aquam
1601 2041 1758 2110 plene
1788 2040 2036 2095 reficien-

459 2145 588 2198 tem,
609 2133 794 2186 viridia
819 2147 882 2187 ac
901 2132 1022 2187 laeta
1046 2146 1262 2202 pascua.
1283 2129 1459 2201 lnquit
1478 2131 1641 2197 enim,
1662 2131 1834 2199 Super
1855 2145 2038 2199 aquam

455 2225 740 2292 refectionis
767 2224 997 2278 educavit
1018 2239 1120 2287 me,
1151 2232 1200 2276 et
1228 2223 1281 2275 in
1304 2219 1416 2276 loco
1442 2237 1644 2292 pascuae
1674 2221 1744 2275 ibi
1769 2237 1848 2276 me
1873 2222 2035 2275 collo—

456 2317 586 2368 cavit
614 2313 784 2385 (Psal.
816 2314 905 2367 22.
934 2314 1014 2384 2).
1053 2313 1256 2368 Vellem
1285 2311 1354 2367 de
1382 2313 1502 2367 loco
1527 2313 1619 2368 illo
1661 2314 1863 2381 dicere,
1897 2313 2038 2368 unde

457 2407 632 2468 dolor,
656 2405 937 2474 axgritudo,
968 2406 1142 2460 luctus
1179 2403 1332 2458 abest
1367 2423 1381 2458 :
1415 2406 1605 2460 vellem
1637 2422 1856 2461 narrare
1886 2407 2038 2462 volu-

458 2505 658 2567 ptatem
686 2512 804 2566 qua:
825 2512 891 2550 ex
907 2495 1107 2550 Christi
1137 2497 1410 2551 consortio
1437 2499 1681 2567 capitur;
1715 2514 2036 2570 quamquam

458 2603 671 2642 omnem
721 2588 1049 2652 orationem,
1099 2603 1316 2642 omnem
1358 2589 1735 2659 cogitationem
1785 2603 2034 2662 superat:

459 2687 824 2731 verumtamen
876 2692 970 2746 pro
1001 2677 1199 2731 viribus
1251 2678 1302 2730 in
1339 2678 1444 2732 isto
1489 2689 1805 2750 argumento
1831 2683 2036 2738 versari

462 2768 676 2822 vellem.
711 2766 817 2821 Sed
843 2767 968 2837 quid
997 2767 1194 2835 agam?
1223 2766 1338 2821 Non
1368 2769 1488 2824 licet
1513 2769 1580 2824 ad
1607 2785 1750 2838 eum,
1781 2771 1875 2841 qui
1902 2772 2038 2828 febri

459 2857 711 2912 laborans
733 2857 871 2911 male
899 2855 1079 2924 habet,
1098 2857 1165 2913 de
1193 2873 1358 2927 regno
1381 2860 1542 2914 verba
1570 2860 1778 2916 facere:
1811 2862 2037 2923 etenim.

458 2948 584 3004 dum
613 2949 682 3003 ita
710 2948 892 3014 habet,
924 2947 994 3003 de
1021 2948 1250 3003 sanitate
1275 2949 1644 3006 disserendum
1676 2962 1777 3007 est.
1805 2952 1919 3008 Non
1951 2969 2037 3010 re-

456 3049 544 3096 cte
573 3041 620 3096 ei
651 3041 738 3111 qui
767 3054 940 3111 ptent:
966 3040 1230 3096 obnoxius
1258 3052 1340 3096 est
1369 3042 1436 3098 de
1466 3047 1668 3100 honore
1694 3045 1990 3102 disseretur
2017 3066 2033 3103 :

456 3145 598 3185 nunc
625 3132 768 3186 enim
799 3131 900 3186 hoc
927 3148 1088 3185 unum
1113 3135 1370 3200 quaeritur
1395 3175 1410 3200 ,
1441 3149 1472 3188 a
1499 3150 1655 3204 parua
1682 3147 1736 3192 et
1773 3141 2037 3210 supplicio

457 3222 678 3277 liberari
709 3240 720 3275 :
757 3222 858 3276 nisi
890 3222 991 3277 hoc
1013 3238 1429 3294 consequamur,
1451 3230 1722 3297 quomodo
1749 3232 1879 3288 illud
1907 3248 2038 3290 con-

457 3317 786 3383 sequemur?
829 3314 1118 3384 Propterea
1161 3315 1227 3370 de
1257 3315 1340 3372 his
1370 3319 1584 3375 assidue
1631 3321 1845 3393 loquor,
1876 3333 1933 3380 ut
1967 3328 2035 3384 ad

454 3402 546 3457 illa
575 3405 734 3458 citius
760 3405 1058 3461 veniamus.
1088 3405 1220 3461 Nam
1249 3418 1305 3462 et
1349 3409 1490 3465 Deus
1517 3411 1632 3481 ipse
1676 3414 1798 3471 ideo
1834 3420 2036 3488 gehen-

455 3511 577 3550 nam
605 3497 836 3551 minatus
867 3509 970 3563 est,
1005 3507 1063 3552 ut
1091 3515 1252 3554 nemo
1283 3501 1333 3555 in
1384 3503 1684 3572 gehennam
1715 3508 1948 3577 decidat,
1978 3524 2035 3567 ut

454 3602 642 3641 omnes
670 3603 896 3657 regnum
921 3604 1295 3659 assequamur.
1327 3595 1388 3648 Et
1415 3611 1514 3650 nos
1541 3597 1742 3655 idcirco
1772 3603 2034 3672 gehennae

456 3688 716 3749 perpetuo
757 3680 1085 3735 mentionem
1117 3683 1361 3751 facimus,
1395 3695 1453 3741 ut
1479 3689 1545 3743 ad
1573 3706 1796 3760 regnum
1830 3711 1926 3752 vos
1954 3698 2034 3752 in.

457 3769 706 3835 citemus,
737 3778 795 3823 ut
825 3779 1034 3825 mentes
1056 3782 1267 3826 vestras
1299 3775 1488 3831 timore
1520 3781 1846 3851 mollientes,
1879 3787 1944 3842 ad
1968 3804 2031 3844 ea

454 3873 573 3926 quae
600 3873 764 3928 regno
785 3858 945 3928 digna
974 3868 1098 3914 sunt
1121 3860 1383 3930 facienda,
1407 3881 1748 3937 apparemus.
1770 3875 1849 3932 Ne
1876 3879 2034 3949 igitur

452 3964 594 4019 azgre
621 3949 802 4007 feratis
830 3953 1115 4007 verborum
1140 3956 1460 4025 gravitatem
1485 3979 1498 4014 :
1530 3962 1720 4021 horum
1745 3971 1887 4026 enim
1913 3989 2035 4029 ver-

455 4040 645 4097 borum
671 4045 903 4114 gravitas
931 4045 1076 4102 leves
1103 4048 1278 4104 reddit
1308 4052 1516 4109 animas
1537 4068 1748 4116 nostras
1776 4078 1806 4118 a
1838 4082 2030 4135 pecca-

449 4169 2432 4224 Ἢ

1159 279 1213 336 S.
1252 275 1528 335 JOANNIS
1560 264 2030 331 CHRYSOSTOMI
2068 264 2383 326 ARCIIIEP.
2423 268 2954 328 CONSTANTINOP.

3623 276 3733 335 2'28

2153 393 2331 439 torum
2358 384 2612 454 pondere.
2637 385 2770 440 Nam
2796 396 2851 441 et
2877 385 3076 441 ferrum
3102 401 3264 456 grave
3288 396 3391 451 est,
3417 398 3471 444 et
3495 389 3722 447 malleus

2145 478 2360 548 gravis;
2415 487 2652 533 attamen
2701 479 2899 534 faeitmt
2928 495 3052 534 vasa
3083 496 3242 535 aurea
3274 491 3330 536 et
3369 495 3645 552 argentea,
3675 497 3732 542 et

2146 584 2264 638 quae
2291 568 2514 624 diSIorta
2547 580 2670 624 sunt
2701 569 2937 640 dirigunt
2963 588 2977 624 :
3009 571 3152 639 quod
3181 571 3282 626 nisi
3310 573 3493 642 gravia
3523 587 3723 642 essent,

2147 659 2428 717 distortam
2459 663 2737 716 materiam
2765 662 3000 732 dirigere
3029 663 3335 734 neutiquam
3384 678 3620 734 possent.
3651 670 3729 725 lta

2148 751 2308 806 etiam
2331 753 2510 822 gravis
2529 767 2710 808 εει-ιιιο
2729 762 2914 808 noster
2930 769 3256 822 componere
3274 755 3511 811 animam
3531 768 3725 827 potest.

2148 840 2444 897 Verborum
2477 843 2634 913 igitur
2653 843 2970 914 gravitatem
3001 844 3287 915 plagasque
3316 845 3386 900 ab
3416 847 3522 903 illis
3560 848 3730 904 factas

2151 950 2219 990 ne
2245 933 2510 1005 fugiamus
2539 953 2553 990 :
2603 951 2708 991 non
2738 936 2882 991 enim
2909 937 3029 992 ideo
3054 937 3283 994 infertur
3328 939 3483 1011 plaga
3509 950 3566 996 ut
3603 944 3725 998 ani-

2145 1045 2287 1084 mam
2337 1028 2544 1100 frangat
2591 1043 2656 1085 ac
2704 1031 2934 1098 laceret,
2965 1029 3062 1086 sed
3107 1040 3165 1085 ut
3207 1031 3460 1102 corrigat.
3511 1033 3726 1089 Scimus

2145 1122 2291 1178 enim
2331 1137 2428 1193 per
2458 1122 2556 1179 Dei
2582 1123 2802 1192 gratiam
2831 1123 2954 1192 quis
2978 1123 3046 1179 sit
3075 1123 3392 1180 verberandi
3422 1125 3634 1192 modus,
3666 1136 3726 1181 et

2144 1231 2304 1286 quam
2352 1217 2458 1270 alte
2503 1215 2804 1285 inﬂigamus
2851 1215 3096 1286 plagam;
3131 1225 3186 1270 ut
3232 1231 3300 1270 ne
3329 1217 3726 1273 eomminuatur

2146 1323 2260 1373 vas,
2287 1308 2383 1363 sed
2414 1316 2475 1362 ut
2521 1308 2774 1377 poliatur,
2803 1318 2861 1364 ut
2887 1317 3236 1375 restauretur,
3268 1318 3328 1365 ut
3373 1319 3553 1379 aptum
3599 1311 3726 1366 red-

2145 1399 2303 1454 datur
2327 1416 2434 1468 quo
2465 1407 2646 1454 utatur
2694 1400 2974 1466 Dominus,
3004 1410 3062 1455 ut
3090 1416 3157 1454 ex
3205 1400 3434 1454 sanitate
3483 1400 3724 1469 splendi-

2147 1491 2272 1546 dum
2305 1490 2580 1558 oll'eratur,
2609 1489 2855 1561 beneque
2883 1491 3152 1560 scalptum
3181 1489 3234 1544 in
3276 1490 3364 1545 illa
3393 1490 3501 1557 die,
3536 1491 3587 1545 in
3614 1507 3718 1561 qua

2145 1583 2251 1636 erit
2272 1581 2469 1638 ﬂumen
2503 1583 2676 1653 ignis;
2711 1591 2764 1638 ut
2796 1599 2864 1638 ne
2907 1582 3162 1638 offeratur
3181 1599 3327 1654 pyra:
3352 1582 3453 1648 illi,
3483 1599 3602 1652 quae
3649 1584 3722 1640 ibi

2145 1675 2321 1730 futura
2351 1683 2454 1730 est.
2486 1675 2617 1730 Nam
2646 1676 2747 1730 nisi
2778 1676 2902 1730 dum
2935 1675 3020 1730 hic
3057 1677 3208 1740 estis,
3240 1691 3330 1730 vos
3359 1675 3723 1733 inﬂammave—

2145 1768 2330 1832 rimus,
2365 1768 2478 1822 illic
2529 1769 2746 1822 omnino
2795 1768 3198 1822 inﬂammemini
3233 1783 3455 1824 necesse
3491 1779 3592 1831 est,
3625 1784 3724 1824 nec

2145 1857 2259 1912 ﬁeri
2286 1857 2442 1912 aliter
2471 1867 2683 1926 potest:
2711 1857 2835 1912 Dies
2861 1860 2991 1911 enim
3017 1857 3224 1911 Domini
3252 1860 3306 1912 in
3332 1859 3450 1927 igne
3477 1859 3724 1912 revelatur

2145 1951 2222 2020 (Ι.
2252 1949 2369 2003 Cor.
2391 1951 2445 2006 5.
2471 1951 2584 2018 l5).
2611 1948 2790 2005 Satius
2819 1959 2902 2006 est
2929 1958 2984 2003 ut
3009 1949 3074 2004 ad
3103 1949 3266 2005 breve
3289 1957 3495 2019 tempus
3527 1952 3724 2006 nostris

2143 2043 2484 2096 sermonibus
2517 2041 2768 2107 uramini,
2800 2057 2959 2113 quam
2991 2051 3249 2111 perpetuo
3275 2042 3490 2096 ﬂamma
3523 2042 3634 2097 illa.
3665 2042 3722 2096 id

2143 2137 2285 2190 enim
2317 2134 2497 2189 futuro
2537 2135 2758 2189 omnino
2783 2149 2925 2199 esse,
2974 2136 3312 2204 perspicuum
3342 2145 3464 2200 est;
3489 2151 3551 2190 ac
3578 2151 3723 2204 smpe

2144 2227 2301 2281 vobis
2346 2227 2585 2282 rationes
2611 2227 2784 2294 attuli,
2815 2228 3010 2297 quibus
3036 2228 3328 2282 contradici
3373 2243 3477 2282 non
3524 2237 3719 2298 potest.

2144 2320 2221 2374 Ac
2250 2319 2394 2374 solas
2419 2319 2634 2389 quidem
2677 2318 2979 2390 Scripturas
3009 2319 3220 2390 plenam
3267 2320 3418 2374 vobis
3450 2320 3608 2374 fidem
3641 2319 3721 2373 fa-

2142 2426 2266 2466 cere
2295 2411 2612 2480 oportebat;
2647 2411 2744 2466 sed
2787 2412 3035 2481 quoniam
3088 2410 3329 2465 nonnulli
3360 2412 3626 2481 proclives
3653 2410 3722 2464 ad

2143 2503 2546 2558 contentionem
2600 2515 2747 2572 sunt,
2799 2505 2965 2560 multa
3015 2505 3175 2560 etiam
3222 2503 3723 2560 ratiocinationibus

2143 2595 2428 2649 movimus.
2461 2595 2604 2650 Nihil
2634 2611 2765 2651 vero
2793 2597 3017 2665 impedit
3045 2598 3335 2666 quominus
3360 2605 3416 2650 et
3446 2612 3586 2650 nunc
3611 2611 3725 2651 eas-

2140 2684 2264 2740 dem
2297 2685 2603 2740 all'eramus.
2633 2686 2886 2754 Quaenam
2915 2703 3043 2742 vero
3073 2687 3180 2741 illa:
3210 2688 3406 2742 erant?
3434 2685 3617 2741 Justus
3638 2695 3725 2740 est

2145 2779 2322 2835 Deus:
2356 2793 2544 2833 omnes
2575 2777 2826 2845 fatemur,
2853 2787 2906 2833 et
2931 2778 3100 2833 (ἴε-ιιιεί
3124 2787 3179 2834 ει
3204 2778 3375 2834 Judaei
3402 2788 3456 2834 et
3486 2778 3725 2835 hieretici

2141 2883 2200 2930 et
2224 2873 2534 2931 Christiani.
2566 2874 2638 2928 At
2667 2872 2790 2928 hinc
2837 2872 2991 2926 multi
3019 2873 3109 2942 qui
3139 2882 3448 2942 peccarunt,
3475 2872 3726 2928 abierunt

2143 2964 2397 3035 impune:
2422 2964 2574 3019 multi
2596 2965 2686 3034 qui
2713 2978 2835 3018 cum
2858 2965 3054 3018 virtute
3079 2963 3345 3029 vixerant,
3371 2971 3480 3016 tum
3502 2962 3725 3017 demum

2104 3075 2106 3077 '
2142 3058 2412 3124 abierunt,
2431 3072 2555 3112 cum
2581 3065 2864 3112 sescentas
2891 3056 3184 3112 subiissent
3203 3055 3557 3110 calamitates.
3579 3055 3726 3124 Ergo

2141 3153 2190 3207 si
2213 3150 2390 3221 justus
2404 3151 2581 3215 Deus;
2614 3149 2830 3204 ubinam
2857 3148 2941 3203 his
2961 3148 3176 3218 quidem
3199 3148 3440 3217 praemia,
3459 3147 3566 3201 illis
3589 3161 3725 3200 vero

2143 3243 2402 3312 supplicia
2435 3241 2652 3305 tribuet,
2685 3241 2730 3295 si
2764 3256 2870 3295 non
2900 3249 2982 3294 est
3011 3239 3277 3310 gehenna,
3308 3239 3353 3293 si
3394 3253 3498 3292 non
3529 3247 3609 3293 est
3637 3255 3725 3292 re-

2142 3334 2443 3389 surrectio?
2470 3333 2620 3388 Hanc
2643 3333 2806 3404 igitur
2835 3332 3096 3386 rationem
3127 3341 3182 3386 et
3208 3331 3315 3386 illis
3331 3338 3384 3385 ct
3407 3330 3560 3384 vobis
3591 3330 3723 3399 ipsis

2142 3438 2356 3493 semper
2400 3425 2600 3490 canite,
2625 3439 2724 3478 nec
2768 3424 2908 3478 sinet
2945 3438 3042 3477 vos
3068 3421 3136 3477 de
3180 3422 3574 3477 resurrectione
3610 3437 3722 3475 non

2143 3517 2383 3572 credere.
2415 3516 2514 3584 Qui
2548 3531 2678 3571 vero
2716 3515 2786 3572 de
2832 3514 3226 3571 resurrectione
3269 3529 3374 3568 non
3419 3515 3643 3578 dubitat,
3673 3513 3721 3569 is

2145 3609 2334 3665 sedulo
2359 3619 2522 3678 atque
2548 3616 2752 3662 attente
2781 3608 2943 3661 vitam
2977 3622 3127 3661 suam
3151 3606 3380 3673 curabit,
3413 3615 3471 3660 ut
3515 3605 3718 3675 sempi-

2143 3709 2293 3755 terna
2344 3700 2485 3754 bona
2531 3707 2929 3769 consequatur:
2964 3713 3084 3768 qua:
3131 3699 3333 3752 utinam
3385 3712 3483 3751 nos
3529 3711 3722 3751 omnes

2141 3807 2553 3862 consequamur,
2584 3792 2752 3861 gratia
2804 3800 2857 3845 et
2907 3790 3236 3860 benignitate
3289 3789 3500 3844 Domini
3549 3787 3724 3842 nostri

2141 3884 2266 3941 Jesu
2293 3885 2491 3939 Christi
2513 3925 2527 3949 ,
2557 3884 2641 3939 cui
2668 3897 2788 3936 cum
2820 3882 2977 3936 Patre
3006 3891 3058 3936 et
3087 3881 3283 3951 Spiritu
3313 3890 3498 3934 sancto
3523 3880 3722 3950 gloria,

2139 3978 2446 4044 imperium,
2478 3976 2672 4040 honor,
2707 3989 2849 4029 nunc
2872 3982 2929 4029 et
2954 3988 3190 4044 semper,
3233 3983 3288 4028 et
3317 3973 3368 4027 in
3389 3973 3583 4027 saecula
3615 3988 3724 4026 sm-

2145 4071 2410 4127 eulorum.
2440 4071 2631 4124 Amen.

3452 4202 3723 4218 -ῆ

1757 4272 2104 4345 HOMILIA
2145 4285 2278 4346 Vll.

449 4396 581 4491 Car.
686 4413 738 4452 ν.
757 4398 831 4491 _5.
869 4399 982 4453 Hoc
1007 4401 1140 4456 enim
1167 4406 1416 4462 sentiatur
1442 4408 1496 4464 in
1530 4413 1670 4469 vobis
1688 4458 1703 4483 ,
1742 4422 1880 4491 quod
1902 4434 1951 4478 et
1977 4427 2032 4480 in

517 4485 716 4542 Christo
741 4488 868 4544 Iesu
901 4507 920 4545 :
949 4492 1000 4546 6.
1030 4495 1116 4563 qui
1140 4510 1254 4548 cum
1272 4498 1324 4551 in
1345 4503 1510 4568 forma
1532 4503 1625 4559 Dei
1645 4485 1790 4576 esset,
1822 4530 1922 4568 non
1942 4533 2031 4570 ra-

522 4581 692 4649 pinam
743 4581 1016 4636 arbitratus
1063 4593 1134 4638 est
1175 4603 1282 4643 esse
1327 4607 1380 4644 se
1417 4597 1660 4663 wqualem
1689 4600 1794 4657 Deo
1817 4646 1832 4671 ,
1865 4606 1914 4659 7.
1942 4609 2031 4662 sed

520 4675 840 4741 semetipsum
861 4676 1154 4743 exinanivit,
1183 4681 1402 4748 formam
1428 4689 1557 4740 servi
1583 4693 1854 4762 accipiens,
1874 4699 1927 4751 in
1955 4701 2028 4753 si-

519 4763 852 4817 militudinem
896 4765 1156 4820 hominum
1211 4774 1373 4840 factus
1394 4816 1408 4840 ,
1435 4786 1479 4828 et
1521 4779 1693 4835 [mbim
1721 4787 1947 4842 ξηυρηεηε
1976 4801 2030 4845 ,ιι

519 4852 668 4905 homo
711 4868 730 4906 :
781 4853 835 4908 8.
884 4855 1166 4910 humiliavit
1214 4865 1555 4934 semetipsum,
1588 4869 1752 4937 factus
1793 4877 2030 4935 obcdiens

518 4961 674 5014 usque
714 4945 783 4997 ad
811 4957 1053 5011 mortem,
1098 4962 1311 5004 mortem
1362 4966 1527 5009 autem
1554 4964 1736 5016 crucis.
1783 4967 1835 5022 9.
1894 4967 2027 5025 Ρι-ο.

518 5049 628 5108 pter
670 5039 808 5106 quod
849 5050 898 5093 et
945 5040 1080 5094 Deus
1106 5044 1345 5098 exultavit
1373 5047 1550 5113 illum,
1610 5063 1657 5106 et
1700 5056 1903 5114 donavit
1948 5062 2027 5115 illi

517 5147 728 5197 nomen,
781 5133 915 5202 quod
964 5143 1034 5188 est
1088 5152 1244 5204 super
1288 5154 1435 5193 omne
1493 5159 1712 5211 non'en,
1765 5150 1851 5204 10.
1893 5163 1947 5206 ut
1973 5155 2027 5209 in

519 5221 717 5275 nomine
739 5221 774 5274 J
780 5241 864 5277 esu
894 5241 1039 5279 omne
1063 5243 1192 5297 genu
1239 5229 1471 5297 ﬂectatur
1519 5236 1788 5292 ca'lcstium
1810 5283 1823 5305 ,
1867 5251 2025 5298 terre-

520 5315 699 5367 strium
725 5326 768 5368 et
791 5317 1125 5386 inferuerunt,
1155 5322 1239 5375 ll.
1285 5333 1330 5376 et
1356 5328 1518 5381 omnis
1564 5329 1740 5400 lingua
1781 5337 2024 5402 con/itea-

517 5415 618 5467 tur,
652 5407 770 5473 quia
825 5406 1074 5464 Dominus
1126 5411 1279 5467 Jesus
1309 5413 1538 5472 Christus
1584 5421 1636 5473 in
1683 5423 1900 5492 gloriam
1930 5425 2025 5482 Dei

521 5493 710 5550 Patris.

513 5589 563 5642 1.
623 5590 871 5657 Exposita
919 5608 946 5646 a
998 5594 1152 5651 nobis
1199 5596 1286 5650 illa
1331 5611 1455 5655 sunt
1493 5619 1610 5671 qua:
1647 5607 1711 5660 ad
1743 5607 2025 5667 hmreticos

444 5681 779 5748 pertinebant
809 5702 820 5738 :
847 5686 954 5753 jam
985 5702 1114 5745 vero
1144 5701 1502 5759 opportunum
1549 5707 1630 5750 est
1658 5714 1836 5756 noStra
1861 5702 2022 5759 etiam

2137 4428 2352 4484 all‘erre.
2386 4427 2466 4483 Illi
2492 4429 2562 4482 ita
2585 4428 2770 4483 dicunt
2792 4426 2952 4481 verba
2975 4427 3097 4491 ista,
3143 4424 3263 4478 Non
3293 4426 3524 4496 rapinam
3577 4424 3717 4476 arbi-

2139 4533 2299 4576 tratus
2322 4531 2394 4576 est
2415 4563 2432 4586 ,
2486 4521 2626 4576 idem
2659 4521 2868 4583 valere,
2898 4534 2960 4574 ac
3001 4519 3044 4572 si
3090 4518 3343 4582 dixisset,
3374 4517 3549 4587 rapuit
3575 4535 3588 4571 :
3617 4531 3718 4570 nos

2135 4631 2265 4670 vero
2309 4614 2642 4669 ostendimus
2685 4614 2920 4682 ineptum
2963 4611 3012 4665 id
3064 4621 3221 4677 atque
3256 4609 3543 4665 absurdum
3571 4624 3712 4663 esse.

2134 4707 2412 4762 Neminem
2457 4707 2598 4762 enim
2627 4721 2776 4767 esse,
2810 4704 2900 4774 qui
2940 4714 3030 4758 aut
3056 4720 3123 4757 ex
3173 4703 3475 4773 hnjnsmodi
3505 4704 3621 4758 loco
3645 4703 3715 4759 ad

2133 4800 2295 4853 animi
2326 4800 2678 4853 humilitatem
2709 4798 3038 4862 cohortetur,
3067 4807 3156 4850 aut
3185 4796 3351 4850 Deum
3382 4795 3481 4850 hac
3511 4797 3715 4852 ratione

2131 4889 2388 4954 celebret,
2417 4889 2524 4942 imo
2553 4903 2651 4942 nec
2684 4887 2976 4942 hominem.
3022 4885 3156 4952 Quid
3191 4886 3349 4956 igitur
3375 4897 3476 4948 est,
3522 4902 3554 4939 o
3579 4887 3716 4941 dileo

2132 4979 2201 5032 cti
2221 4978 2242 5030 ?
2264 4978 2538 5032 Attendite
2565 4992 2648 5040 ea,
2681 4992 2799 5046 qua).
2827 4991 2966 5029 nunc
3004 4975 3272 5032 dicuntur.
3302 4975 3562 5042 Quoniam
3595 4976 3713 5044 plu-

2132 5069 2251 5122 rimi
2295 5068 2542 5122 homines
2567 5067 2926 5132 arbitrantur,
2960 5067 3005 5120 si
3032 5065 3308 5121 humiliter
3334 5082 3392 5120 se
3417 5063 3711 5137 gesserint,

2131 5159 2246 5213 fore
2267 5167 2326 5213 ut
2352 5158 2622 5229 propriam
2649 5159 2890 5211 amittant
2915 5158 3257 5228 dignitatem,
3287 5168 3341 5213 et
3369 5158 3590 5212 minoris
3615 5157 3710 5210 ha-

2130 5250 2394 5314 beantur,
2445 5259 2606 5320 atque
2649 5249 2713 5303 ad
2756 5249 3088 5304 humiliorem
3134 5250 3307 5304 locum
3348 5249 3711 5313 descendant;

2132 5339 2273 5397 hunc
2321 5351 2520 5397 metum
2551 5342 2794 5397 adnuens
2821 5343 3133 5410 Apostolus,
3173 5343 3463 5398 ostendens
3492 5357 3596 5397 non
3640 5344 3711 5396 ita

2130 5433 2285 5487 nobis
2311 5434 2649 5488 sentiendum
2677 5449 2795 5488 esse
2816 5477 2830 5500 ,
2855 5434 2922 5488 de
2953 5434 3070 5504 ipso
3105 5436 3213 5490 Deo
3240 5435 3402 5500 dicit,
3430 5435 3598 5490 Deum
3649 5435 3712 5489 il-

2131 5524 2238 5579 lum
2267 5525 2619 5594 unigenitum,
2649 5528 2736 5597 qui
2760 5527 2810 5582 in
2837 5527 3004 5582 forma
3031 5529 3122 5582 Dei
3145 5538 3245 5593 est,
3269 5527 3356 5597 qui
3375 5527 3504 5582 nihil
3534 5529 3715 5584 minus

2129 5613 2285 5668 Patre
2312 5615 2504 5682 habet,
2552 5617 2640 5686 qui
2668 5619 2716 5671 ei
2757 5618 2978 5687 aequalis
3004 5629 3104 5684 est,
3149 5633 3255 5672 non
3299 5618 3540 5687 rapinam
3590 5633 3715 5673 esse

2129 5705 2443 5763 arbitratum
2476 5723 2594 5765 esse
2639 5710 2896 5782 a‘qualcm
2946 5711 3075 5770 Deo.
3105 5709 3242 5779 Quid
3285 5723 3410 5765 vero
3452 5709 3596 5764 istud
3641 5710 3714 5765 sit
