4030 6204
404 323 521 381 2T3

403 436 526 492 ἀλλ’
554 436 705 505 ὅμως
736 432 1013 488 ἀκούεται.
1040 431 1236 502 Οίμοιί
1265 431 1347 485 ὅτι
1377 429 1508 502 ὠμὰ
1537 432 1636 486 καὶ
1669 431 1852 503 ἀπηνῆ
1886 429 1981 485 καὶ

1190 315 1261 376 ΙΝ
1293 312 1509 374 EPIST.
1546 257 1654 371 AD.
1678 310 1969 369 PlﬂLlPP.
2001 308 2160 366 CAP.
2200 306 2269 365 ΙΙ.
2304 306 2543 365 Ηοιιιι..
2585 306 2701 365 ιιι.

3553 306 3660 363 138

2096 442 2200 497 μεν
2221 423 2320 496 τὴν
2346 422 2628 496 βαρύτητα
2661 421 2768 477 τῶν
2801 421 3084 493 ῥημάτων,
3116 419 3251 491 μηδι
3276 418 3376 483 τὰς
3399 419 3508 473 ἀπὸ
3532 422 3660 476 τοὺ-

411 520 654 594 θηριιίιδη
685 521 1032 592 προστάττων
1050 517 1305 573 ἀκούεται
1331 518 1532 590 μᾶλλον
1556 517 1650 571 τοῦ
1674 519 1743 572 τά
1765 516 1983 587 επιεικῆ
2084 529 2194 567 των
2227 511 2463 581 πληγάς.
2518 511 2633 581 Ούχ
2657 510 2746 563 ἵνα
2794 509 3078 580 διακλάσῃ,
3105 507 3213 561 οὐδ’
3256 507 3345 561 ἶνα
3391 505 3662 580 διαθρύψῃ

413 611 510 666 καὶ
540 610 783 681 σωτήρια
809 610 944 679 ἡμῖν
973 605 1313 671 κελεύοντος.
1353 606 1456 659 Διὰ
1481 605 1639 660 τοῦτο
1662 606 1873 675 γέεννα,
1896 604 1987 659 διά
2085 600 2184 672 τὴν
2211 599 2410 670 ψυχὴν,
2439 598 2806 668 καταφέρεται
2856 599 2891 667 ἡ
2941 595 3143 668 πληγὴ.
3171 595 3285 650 ἀλλ’
3321 595 3410 649 ἵνα
3440 594 3665 681 διορθώ-

413 695 574 750 τοῦτο
600 694 732 765 πῦρ,
758 694 846 748 διά
867 693 1023 747 τοῦτο
1048 693 1291 766 ποταμὸς
1328 693 1520 764 πυρὸς,
1546 692 1635 748 διὰ
1663 692 1820 747 τοῦτο
1844 692 1988 746 σκώ·

415 780 516 854 ληξ
558 780 926 851 ἀτελεύτητος.
979 776 1110 834 Οἶδα
1142 779 1226 833 ὃτι
1260 779 1443 833 πολλοὶ
1482 779 1655 833 ταῦτα
1678 780 1776 849 οὐχ
1815 779 1988 848 ἡδέως

414 864 699 920 ἀκούουσιν
732 863 889 933 ἡμῶν
904 862 1190 932 λεγόντων.
1210 863 1346 916 Οὐδὲ
1373 863 1485 935 γάρ
1513 861 1663 935 [245]
1681 860 1792 932 ἐγὼ
1821 862 1990 931 ἡδέως

413 953 552 1007 αὑτά
573 949 714 1019 λέγω
733 966 747 980 ·
786 948 873 1013 τίς
905 949 1015 1020 γάρ
1059 948 1219 1020 χρεία
1251 948 1424 1002 ταῦτα
1472 949 1695 1018 λέγειν;
1741 947 1990 1003 Ἐϐουλό-

413 1056 521 1111 μην
541 1037 610 1091 τά
638 1038 767 1109 περὶ
787 1037 1065 1108 βασιλείας
1095 1038 1225 1108 ὑμῖν
1256 1037 1559 1107 διηγεῖσθαι
1591 1037 1699 1103 ἀεὶ,
1731 1036 1830 1108 τὴν
1855 1036 1990 1090 ἀνά-

407 1141 633 1189 παυσιν,
663 1124 722 1178 τὸ
745 1124 891 1195 ὓδωρ
936 1124 996 1176 τὸ
1024 1124 1124 1194 τῆς
1148 1123 1530 1188 ἀναπαύσεως,
1562 1124 1656 1178 τὸν
1694 1124 1858 1177 τόπον
1891 1123 1989 1193 τῆς

407 1209 591 1282 χλόης.
626 1209 755 1263 Ἐπὶ
809 1209 1031 1276 ὕδατος
1080 1209 1211 1278 γάρ,
1252 1210 1438 1279 φησὶν,
1467 1209 1865 1275 ἀναπαύσεως
1892 1210 1989 1273 ἑξ-

405 1296 627 1364 έθρεψέ
648 1313 747 1366 με,
771 1295 867 1350 καί
908 1298 998 1360 εις
1029 1297 1216 1349 τόπον
1239 1297 1430 1364 χλόης
1459 1295 1676 1365 ἐκεῖμε
1695 1294 1988 1363 κατεσκή-

405 1396 631 1434 νωσεν.
683 1379 1014 1449 Ἐϐουλόμην
1039 1380 1130 1431 ἐπὶ
1155 1379 1249 1432 τοῦ
1288 1380 1451 1433 τόπου
1491 1379 1692 1447 λέγειν,
1721 1378 1849 1432 ἔνθα
1886 1379 1992 1432 ἀπ-

408 1465 541 1536 έδρα
575 1464 734 1537 ὀδύνη
762 1465 858 1519 καὶ
889 1465 1032 1536 λύπη
1070 1467 1163 1519 καὶ
1207 1466 1506 1537 στεναγμός
1525 1481 1538 1496 ⁸
1580 1465 1880 1536 ἐϐουλόμην
1912 1466 1990 1519 δι-

406 1550 661 1621 ηγεῖσθαι
706 1551 807 1622 τῆς
842 1551 937 1605 τοῦ
983 1550 1221 1622 Χριστοῦ
1272 1553 1558 1616 συνουσίας
1614 1552 1713 1621 τὴν
1764 1552 1986 1623 ἡδονήνο

406 1636 590 1691 καίτοι
624 1655 687 1707 γε
714 1639 890 1692 πάντα
920 1639 1238 1710 ὑπερϐαίνει
1268 1640 1447 1710 λόγον,
1497 1640 1591 1693 καὶ
1627 1638 1804 1693 πάντα
1826 1638 1950 1693 νοῦν
1968 1654 1983 1669 °

403 1722 529 1777 ἀλλ’
576 1725 726 1795 ὅμως
771 1725 914 1779 κατά
942 1725 1167 1797 δύναμιν
1214 1727 1516 1799 ἐϐουλόμην
1560 1725 1734 1780 ταῦτα
1784 1726 1984 1793 λέγειν.

418 1808 586 1866 Ἀλλά
605 1811 658 1865 τί
688 1811 879 1878 πάθω;
933 1813 1047 1867 Ούκ
1090 1812 1171 1867 ενι
1204 1813 1282 1884 τῷ
1315 1814 1637 1886 πυρέττοντι
1679 1814 1775 1867 καὶ
1800 1812 1989 1876 κακῶς

396 1894 739 1966 διακειμένῳ
771 1897 901 1966 περὶ
951 1895 1226 1966 βασιλείας
1279 1897 1489 1966 λέγειν·
1540 1897 1679 1960 τέως
1721 1896 1829 1967 γάρ
1860 1896 1989 1969 περὶ

403 1977 601 2046 ὑγείας
630 1979 737 2050 χρὴ
758 1977 1121 2047 διαλέγεσθαι.
1155 1980 1270 2033 Ούκ
1294 1980 1375 2034 ἔνι
1403 1980 1482 2051 τῷ
1509 1979 1665 2051 δίκης
1701 1979 1989 2051 ὑπευθύνῳ

402 2065 545 2134 περὶ
581 2065 747 2136 τιμῆς
798 2065 1176 2133 διαλέγεσθαιο
1226 2066 1365 2129 τέως
1393 2067 1503 2138 γὰρ
1534 2067 1597 2120 τὸ
1633 2066 1987 2137 ζητούμενον,

395 2149 569 2219 δίκης
596 2150 997 2219 ἀπαλλαγῆναι,
1033 2152 1126 2205 καὶ
1155 2153 1254 2223 τῆς
1281 2153 1553 2215 κολάσεως
1575 2154 1670 2207 καὶ
1699 2157 1799 2225 τῆς
1818 2171 1991 2224 τιμωο

407 2238 572 2308 ρίας·
609 2237 677 2291 ἂν
726 2236 800 2307 μὴ
839 2236 998 2290 τοῦτο
1020 2238 1272 2308 γένηται,
1307 2236 1423 2302 πῶς
1468 2240 1644 2293 ἐκεῖνο
1672 2240 1855 2306 έσται;
1891 2239 1990 2294 Διά

394 2322 573 2378 τοῦτο
596 2321 766 2376 ταῦτα
796 2321 943 2391 λέγω
993 2324 1254 2395 συνεχῶς,
1295 2324 1383 2378 ῖνα
1413 2326 1502 2378 ὑπ’
1532 2326 1717 2378 ἐκεῖνα
1749 2325 1990 2397 ἔλθωμεν

395 2409 647 2480 ταχέως.
674 2410 786 2464 Καὶ
804 2409 913 2481 γὰρ
932 2410 962 2462 ό
989 2410 1121 2474 Θεὸς
1138 2410 1225 2465 διά
1250 2410 1407 2465 τοῦτο
1430 2412 1654 2481 γέενναν
1674 2412 1988 2484 ἠπείλησεν,

403 2496 501 2550 ῖνα
537 2497 726 2568 μηδεὶς
744 2499 825 2561 εἰς
847 2497 1076 2566 γέενναν
1106 2498 1343 2571 ἐμπέσῃ,
1379 2501 1464 2553 ’ίνα
1492 2499 1693 2562 πάντες
1718 2498 1988 2569 βασιλείας

401 2583 780 2655 επιτύχωμεν.
813 2586 921 2639 Καὶ
957 2587 1121 2657 ἡμεῖς
1150 2585 1241 2639 διὰ
1289 2585 1446 2639 τοῦτο
1481 2584 1721 2656 συνεχῶς
1765 2585 1990 2656 γεέννης

407 2672 766 2743 μεμνήμεθα,
824 2672 914 2725 ἵνα
962 2673 1101 2744 πρὸς
1131 2673 1231 2742 τὴν
1265 2671 1543 2743 βασιλείαν
1576 2672 1719 2743 ὑμᾶς
1763 2670 1991 2742 ὠθήσω-

404 2775 536 2827 μεν,
583 2758 671 2811 ῖνα
713 2757 792 2829 τῷ
836 2758 989 2829 φόϐῳ
1033 2760 1372 2830 μαλάξαντες
1409 2759 1564 2830 ὑμῶν
1596 2760 1694 2828 τὴν
1725 2758 1986 2826 διάνοιαν,

407 2847 926 2915 παρασκευάσωμεν
948 2847 1077 2912 ἄξια
1100 2845 1203 2916 τῆς
1228 2845 1506 2917 βασιλείας
1534 2848 1733 2901 ποιεῖν.
1755 2847 1847 2917 Μὴ
1879 2846 1990 2900 τοί-

410 2948 511 2985 νυν
539 2932 917 3003 δυσχεραίνετε
943 2934 1077 3003 πρὸς
1098 2934 1157 2987 τὸ
1178 2933 1285 2987 τῶν
1304 2934 1566 3006 ῥημάτων
1590 2933 1726 3005 βαρύ
1746 2949 1760 2962 ·
1792 2934 1856 2987 τὸ
1880 2933 1990 3005 γάρ

412 3017 557 3089 βαρὺ
591 3017 699 3071 τῶν
727 3019 985 3089 ῥημάτων
1010 3018 1221 3089 κούφας
1252 3021 1383 3091 ἡμῖν
1411 3021 1706 3090 δργάζεται
1737 3020 1846 3074 άπὸ
1879 3021 1988 3075 τῶν

411 3105 831 3177 ἁμαρτημάτων
852 3106 1048 3176 ψυχάς.
1091 3108 1240 3161 Ἐπεὶ
1261 3107 1353 3161 καὶ
1373 3108 1403 3159 0
1426 3107 1639 3178 σίδηρος
1666 3106 1833 3180 βαρύς
1848 3111 1987 3174 ἐπι,

414 3191 514 3244 καὶ
547 3193 579 3261 ἡ
619 3190 798 3262 σφῦρα
828 3191 1043 3262 βαρεῖα,
1090 3192 1227 3247 ἀλλά
1276 3192 1675 3257 κατασκευάζει
1704 3196 1872 3266 σκεύη
1898 3193 1988 3247 εῦ-

413 3295 630 3349 χρηστα
657 3280 835 3350 χρυσᾶ
867 3280 960 3333 καὶ
989 3279 1230 3351 ἀργυρᾶ,
1267 3279 1364 3333 καὶ
1384 3279 1451 3333 τά
1474 3278 1878 3350 διεστραμμένα
1904 3280 1986 3351 ὀρ.

410 3366 501 3419 θοῖ
524 3383 539 3396 ·
578 3366 652 3430 ὡς
679 3368 726 3420 εἰ
763 3367 841 3438 μὴ
877 3367 1071 3439 βαρεῖα
1100 3362 1190 3437 ἦν,
1220 3367 1322 3421 οὑκ
1370 3367 1437 3422 ἂν
1481 3368 1667 3438 ίσχυσε
1695 3366 1988 3439 διορθῶσαι

415 3452 517 3523 τὴν
557 3453 995 3525 διεστραμμένην
1025 3453 1177 3525 ὓλην.
1221 3454 1378 3507 Οῦτω
1407 3453 1502 3508 καὶ
1538 3457 1566 3508 0
1589 3453 1743 3523 λόγος
1780 3454 1935 3524 ἡμῶν
1960 3456 1989 3508 0

418 3539 593 3610 βαρὺς
620 3540 879 3611 ῥυθμίσαι
902 3540 1001 3613 τὴν
1027 3540 1203 3613 ψυχὴν
1228 3540 1420 3613 ἰσχύει.
1447 3540 1540 3613 Μὴ
1569 3540 1747 3595 τοίνυν
1772 3539 1987 3611 φεύγω-

2090 702 2271 757 σηται.
2306 685 2542 755 Οἴδαμεν
2580 684 2697 746 πῶς
2732 682 3063 753 πλήττομεν,
3105 683 3220 748 πῶς
3260 683 3540 753 ὲπάγομεν
3562 680 3662 752 τὴν

2089 770 2300 843 πληγὴν
2342 774 2408 842 τῇ
2452 769 2546 823 τοῦ
2571 770 2707 823 Θεοῦ
2751 770 2956 841 χάριτι,
2993 770 3134 825 ὥστε
3181 769 3258 841 μὴ
3290 768 3575 840 συντρίψαι
3604 767 3664 822 τὸ

2092 859 2307 924 σκεῦος.
2333 860 2449 913 ἀλλ’
2471 858 2612 912 ὥστε
2638 857 2845 923 λεᾶναι,
2867 858 3008 912 ὥστε
3044 858 3305 930 ὀρθῶσαι,
3337 858 3478 912 ὥστε
3509 858 3666 927 ποιῆ-

2093 962 2182 1001 σαι
2215 944 2515 1017 εὔχρηστον
2538 944 2615 1015 τῷ
2652 945 2920 1018 Δεσπότῃ,
2948 945 3089 998 ὥστε
3120 946 3252 999 αὑτὸ
3280 946 3665 1017 προσενεγκεῖν

2090 1032 2423 1086 ἀποστίλϐον
2452 1032 2552 1102 τὴν
2584 1032 2796 1101 ὑγείαν,
2845 1033 2939 1084 καὶ
2980 1030 3163 1095 καλῶς
3211 1030 3665 1101 ὲκτετορευμένον

2089 1121 2212 1174 κατ’
2247 1120 2462 1191 ἐκείνην
2496 1120 2594 1191 τὴν
2616 1121 2852 1191 ἡμέραν,
2879 1120 3002 1173 καθ’
3027 1120 3095 1191 ἢν
3118 1121 3146 1173 0
3173 1119 3415 1189 ποταμὸς
3443 1119 3536 1172 τοῦ
3561 1136 3665 1172 πυ-

2093 1208 2206 1280 ρὸς,
2239 1208 2380 1263 ὥστε
2412 1212 2797 1279 προσενεγκεῖν
2834 1210 2910 1280 μὴ
2958 1209 3211 1280 δεόμενον
3265 1207 3364 1277 τῆς
3410 1209 3526 1260 ἐκεῖ
3564 1223 3666 1259 πυ·

2092 1298 2212 1368 ρᾶς.
2245 1300 2342 1353 Ἂν
2374 1296 2482 1369 γάρ
2507 1299 2582 1369 μὴ
2612 1297 2957 1369 πυρώσωμεν
2990 1297 3133 1367 ὑμᾶς
3155 1295 3407 1361 ἐνταῦθα,
3445 1295 3659 1367 ἀνάγκη

2090 1384 2311 1446 πάντως
2338 1384 2656 1456 πυρωθῆναι
2692 1386 2828 1448 εκεῖ,
2862 1384 2956 1437 καὶ
2979 1385 3079 1436 οὐκ
3120 1382 3201 1435 ἔνι
3228 1381 3424 1444 ἄλλως·
3466 1382 3529 1435 Ἡ
3553 1384 3667 1450 γὰρ

2089 1470 2281 1538 ἡμέρα
2306 1471 2528 1537 Κυρίου
2552 1470 2623 1523 ἐν
2667 1470 2810 1536 πυρί
2841 1469 3350 1523 ἀποκαλύπτεται.
3393 1468 3664 1538 Κρεῖσσον

2088 1558 2200 1619 τοῖς
2217 1556 2506 1627 ἡμετέροις
2526 1556 2704 1624 λόγοις
2722 1557 2864 1626 ὑμᾶς
2878 1554 3286 1624 κατακαυθῆναι
3307 1552 3441 1625 πρὸς
3468 1553 3663 1623 βραχὺ,

2088 1642 2122 1714 ἢ
2148 1642 2442 1705 διαπαντὸς
2482 1643 2667 1713 ἐκείνῃ
2700 1644 2763 1712 τῇ
2792 1641 2970 1710 φλογί.
3001 1641 3226 1703 Πάντως
3257 1640 3366 1710 γάρ
3393 1639 3479 1692 ὅτι
3507 1638 3666 1693 τοῦτο

2087 1729 2263 1795 ἕσται,
2312 1729 2492 1800 δῆλον,
2539 1729 2635 1783 καὶ
2695 1728 2953 1791 πολλάκις
2991 1728 3119 1799 ὑμῖν
3168 1723 3321 1780 εἶπον
3371 1725 3666 1798 λογισμοὺς

2086 1816 2533 1890 ἀναπιρρήτους.
2563 1816 2710 1870 Ἔδει
2736 1816 2834 1886 μὲν
2867 1815 2975 1886 γάρ
3004 1813 3112 1869 ἀπὸ
3142 1813 3252 1867 τῶν
3281 1813 3515 1885 Γραφῶν
3543 1814 3665 1869 πεί-

2092 1901 2283 1959 θεσθαι
2318 1905 2506 1974 μόνον’
2534 1903 2722 1976 ἐπειδὴ
2743 1903 2802 1957 δὲ
2830 1901 3145 1972 φιλονείκως
3173 1904 3315 1967 τινὲς
3344 1903 3661 1967 διάκεινται,

2091 1995 2189 2048 καὶ
2217 1992 2327 2047 ἀπὸ
2345 1992 2454 2047 τῶν
2483 1991 2757 2064 λογισμῶν
2785 1994 3117 2062 ὲκινήσαμεν
3147 1992 3336 2046 πολλά.
3391 1992 3558 2045 Ούδὲν
3605 1991 3664 2045 δὲ

2089 2080 2292 2134 κωλύει
2326 2079 2423 2134 καὶ
2471 2080 2566 2135 νῦν
2598 2081 2725 2144 τοὺς
2756 2081 2952 2142 αὑτοὺς
2986 2078 3136 2151 [ΞΗ]
3177 2080 3375 2133 εἰπεῖν.
3414 2079 3572 2142 Τίνες
3606 2078 3666 2133 δὲ

2087 2162 2263 2238 ﬁam;
2302 2166 2522 2229 Δίκαιός
2575 2168 2723 2220 ἔστιν
2760 2168 2790 2219 0
2834 2166 2997 2228 Θεόςο
3066 2168 3268 2230 πάντες
3293 2165 3665 2236 ὁμολογοῦμεν

2087 2253 2266 2321 τοῦτο,
2298 2255 2393 2308 καὶ
2422 2255 2679 2325 Ἕλληνες
2710 2254 2808 2308 καὶ
2845 2253 3086 2307 Ἰουδαῖοι
3134 2255 3231 2307 καὶ
3274 2255 3543 2325 αἰρετικοὶ
3571 2253 3665 2307 καὶ

2088 2344 2424 2414 Χριστιανοί.
2468 2343 2608 2398 Ἀλλ’
2645 2342 2880 2397 ινταῦθα
2924 2343 3110 2397 πολλοὶ
3159 2342 3260 2413 μὲν
3280 2342 3388 2396 τῶν
3413 2344 3665 2413 ἡμαρτη-

2095 2432 2270 2485 κότων
2299 2429 2544 2501 ἀπῆλθον
2575 2430 2650 2503 μὴ
2689 2428 3043 2493 κολασθέντες
3063 2446 3078 2460 ·
3129 2428 3316 2482 πολλοὶ
3338 2428 3394 2482 δὲ
3427 2428 3519 2481 καὶ
3555 2428 3665 2482 τῶν

2089 2516 2549 2587 κατορθωσάντων
2594 2516 2837 2587 ἀπῆλθον
2870 2515 3039 2587 μυρία
3076 2514 3340 2578 παθόντες
3386 2515 3558 2569 δεινά.
3599 2513 3663 2569 Εί

2087 2604 2269 2657 τοίνυν
2296 2603 2506 2668 δίκαιος
2534 2606 2563 2658 0
2590 2602 2746 2667 Θεὸς,
2774 2602 2878 2656 ποῦ
2907 2602 3119 2666 τούτοις
3146 2602 3216 2656 τά
3238 2601 3421 2670 ἀγαθά
3444 2601 3663 2656 ἀποδώο

2090 2707 2192 2753 σει,
2228 2690 2331 2744 ποῦ
2354 2691 2583 2753 ἐκείνοις
2619 2689 2718 2753 τὰς
2749 2688 3043 2760 τιμωρίας,
3075 2689 3125 2742 εἰ
3152 2688 3351 2757 γέεννα
3378 2688 3454 2759 μὴ
3487 2687 3660 2753 ἔστιν,

2094 2777 2142 2830 εἰ
2169 2777 2464 2841 ἀνάστασις
2496 2777 2572 2849 μὴ
2601 2777 2748 2844 lam;
2784 2775 3035 2848 Τοῦτο[ν]
3063 2772 3157 2830 οὖν
3201 2776 3287 2830 ἀεὶ
3316 2776 3408 2829 καὶ
3436 2775 3664 2839 ἐκείνοις

2090 2864 2184 2917 καὶ
2212 2865 2420 2927 ἑαυτοῖς
2458 2865 2549 2916 τὸν
2579 2864 2734 2932 λόγον
2784 2864 3115 2934 κατεπᾴδετε
3136 2904 3150 2926 ,
3184 2865 3278 2916 καὶ
3325 2864 3426 2915 οὐκ
3461 2863 3664 2933 ἀφήσει

2089 2949 2234 3021 ὑμᾶς
2261 2951 2612 3021 διαπιστῆσαι
2638 2954 2704 3021 τῇ
2754 2952 3070 3005 ἀναστάσει.
3116 2949 3175 3002 '0
3209 2950 3267 3004 δὲ
3302 2949 3377 3021 μὴ
3407 2949 3658 3004 ἀπιστῶν

2087 3039 2152 3108 τῇ
2181 3037 2492 3099 ἀναστάσει,
2526 3037 2815 3091 σπουδάσει
2845 3036 2982 3108 μετά
3006 3036 3207 3107 πολλῆς
3240 3038 3338 3109 ζῇν
3368 3036 3464 3106 τῆς
3495 3053 3665 3107 προσ-

2088 3122 2250 3192 οχῆςο
2281 3121 2421 3176 ὥστε
2448 3125 2553 3178 τῶν
2581 3124 2814 3178 αἰωνίων
2838 3125 3019 3194 τυχεῖν
3041 3123 3263 3192 ἀγαθῶν
3282 3140 3296 3152 ·
3339 3118 3413 3176 ὢν
3451 3123 3665 3191 γένοιτο

2092 3210 2298 3273 πάντας
2329 3212 2478 3280 ἡμᾶς
2505 3211 2797 3279 ἐπιτυχεῖν,
2824 3209 3008 3280 χάριτι
3038 3210 3133 3263 καὶ
3156 3209 3535 3281 φιλανθρωπία
3568 3209 3662 3262 τοῦ

2090 3294 2296 3367 Κυρίου
2324 3296 2479 3367 ἡμῶν
2512 3294 2686 3365 Ἰησοῦ
2714 3295 2974 3366 Χριστοῦ,
3005 3295 3123 3365 μεθ’
3149 3291 3210 3348 οῦ
3240 3294 3317 3365 τῷ
3345 3296 3520 3365 Πατρὶ
3548 3294 3664 3364 ἀμα

2093 3381 2170 3452 τῷ
2205 3383 2347 3453 ἁγίῳ
2380 3382 2657 3453 Πνεύματι
2680 3381 2831 3446 δόξα,
2868 3381 3090 3451 κράτος,
3122 3381 3274 3451 τιμὴ,
3302 3381 3397 3435 νῦν
3429 3382 3522 3435 καὶ
3553 3381 3660 3447 ἀεὶ,

2093 3470 2189 3522 καὶ
2217 3469 2298 3533 εἰς
2323 3468 2449 3532 τοὺς
2487 3467 2689 3531 αἰῶνας
2719 3467 2827 3521 τῶν
2859 3464 3090 3521 αἰώνων.
3137 3468 3333 3540 Ἀμήν.

1859 4055 2105 4110 OMIAIA
2156 4055 2231 4111 Z'.

426 4297 604 4351 τοῦτο
653 4296 765 4367 τὰρ
797 4297 1130 4366 φρονείσθω
1173 4298 1243 4352 ἐν
1272 4296 1436 4367 ὑμῖν,
1466 4296 1499 4349 ὃ
1533 4296 1629 4350 καί
1659 4297 1729 4351 ἐν
1759 4297 1991 4366 Χριστῷ

505 4368 706 4434 Ἰησοῦ
727 4386 742 4400 ο
793 4367 862 4433 ὃς
891 4368 961 4420 ἐν
988 4367 1374 4435 μορφῄλθεοῦ
1403 4367 1709 4435 ὑπάρχων,
1748 4371 1860 4435 οὺχ
1889 4368 1987 4435 ἀρ·

492 4421 726 4505 παγμὸν
754 4421 1023 4506 ἡγησατό
1046 4421 1126 4490 7τὸ
1161 4421 1317 4491 ἓίναι
1348 4421 1464 4490 ίῖσα
1501 4421 1642 4501 ὁέῷ,
1684 4421 1992 4490 ἀλλ”ἐαῦ-

498 4506 599 4557 τὸν
622 4504 896 4576 ἐκένωσε,
921 4507 1164 4576 μορφὴν
1191 4506 1417 4561 δούλου
1444 4506 1664 4576 λαϐὼν,
1689 4507 1758 4558 ἐν
1782 4504 1988 4574 ὁμοιώ-

492 4590 631 4641 ματι
661 4575 980 4642 ἀνθρώπων
1015 4579 1356 4646 γενόμενος,
1386 4576 1485 4629 καί
1522 4575 1786 4643 σχήματι
1826 4578 1991 4642 εὐρε-

497 4642 637 4708 Οείς,
658 4644 737 4708 ὡς
760 4642 1065 4714 ἄνθρωπος
1079 4661 1093 4674 '
1132 4647 1533 4714 ἐταπείνωσεν
1553 4644 1790 4708 ἑαυτὸν,
1820 4647 1989 4714 γενό-

491 4728 674 4779 μενος
727 4713 997 4784 ρπήκοος
1047 4717 1223 4784 μέχρι
1281 4713 1561 4777 θανάτου,
1619 4713 1877 4767 θανάτου
1922 4713 1989 4766 δὲ

493 4781 775 4851 σταυροῦ.
793 4781 887 4837 Διὸ
914 4785 1010 4837 καί
1035 4781 1067 4837 ὀ
1093 4781 1236 4851 Θεὸς
1263 4784 1448 4838 αὑτὸν
1475 4785 1855 4851 ὺπερύψωσε,
1889 4784 1986 4836 καὶ

489 4850 809 4931 έχαρζσατο
828 4852 992 4931 αὐτῷ
1003 4850 1304 4931 ρνοματρ
1324 4853 1475 4931 ὑπὲρ
1502 4850 1862 4931 “(ib-07:01:01.
1891 4854 1989 4906 ἵνα

487 4922 560 4973 ἐν
594 4922 675 4986 τῷ
700 4923 946 4992 ὀνόματι
979 4922 1183 4991 Ἰησοῦ
1224 4922 1347 4978 πᾶν
1384 4924 1532 4991 γόνυ
1574 4922 1780 4991 κάμψῃ
1810 4924 1990 4992 ἐπουέ

485 4992 713 5060 ρανίων
766 4991 867 5060 καὶ
924 4992 1200 5060 ἐπιγείων
1259 4992 1355 5045 καὶ
1409 4993 1837 5060 καταχθονίων,
1892 4991 1989 5043 καὶ

487 5058 655 5130 πᾶσα
677 5059 930 5129 γλῶσσα
953 5058 1495 5130 ἐξομολογήσηται,
1524 5058 1614 5114 ὅτι
1643 5062 1854 5129 Κύριος
1887 5063 1988 5128 ’1η-

483 5129 638 5195 σοῦς
664 5132 920 5198 Χριστὸς
950 5133 1038 5197 εἰς
1055 5129 1255 5195 δόξαν
1280 5131 1429 5185 Θεοῦ
1456 5132 1707 5199 Πατρός.

480 5349 553 5397 α’.
568 5344 796 5415 Εἴρηται
812 5346 947 5415 ἡμῖν
968 5344 1036 5396 τά
1056 5343 1309 5416 περὶτῶν
1327 5344 1637 5416 αἰρετικῶνο
1654 5343 1903 5415 εὔκαιρον
1925 5343 1988 5416 δὴ

410 5429 596 5484 λοιπὸν
616 5431 712 5486 καὶ
741 5433 809 5486 τά
840 5432 1084 5503 ἡμέτερα
1118 5434 1316 5485 εἰπεῖν.
1354 5434 1582 5485 Ἐκεῖνοι
1611 5433 1881 5500 λέγουσιν,
1907 5433 1987 5485 ὅτι

410 5518 490 5581 τὸ,
516 5520 640 5586 Οὐχ
663 5518 980 5588 ἁρπαγμὸν
1008 5518 1302 5588 ἡγήσατο,
1338 5519 1585 5588 ἁρπάσαι
1618 5519 1792 5572 ἐστίν·
1826 5521 1986 5589 ἡμεῖς

412 5604 715 5673 ἐδείξαμεν,
756 5605 840 5658 ὄτι
876 5606 1054 5675 πάντη
1111 5605 1276 5657 ἕωλον
1305 5605 1399 5657 καὶ
1450 5605 1649 5659 ἄτοπον
1696 5605 1870 5671 τοῦτο,
1904 5607 1985 5658 ὃτι

412 5690 531 5746 οὔτε
559 5693 644 5756 εἰς
671 5690 1178 5763 ταπεινοφροσύνην
1229 5708 1311 5755 τις
1363 5693 1613 5749 ἐντεῦθεν
1656 5693 1984 5763 παρακαλεῖ,

2089 4294 2212 4351 οῦτε
2254 4298 2344 4351 τὸν
2388 4297 2519 4352 Θεὸν
2543 4297 2686 4353 οῦτω
2725 4299 3017 4369 θαυμάζει,
3060 4297 3177 4353 ἀλλ’
3209 4299 3329 4354 οὑδὲ
3354 4300 3659 4373 ἄνθρωπον.

2090 4383 2154 4435 Τί
2200 4380 2292 4437 οῦν
2328 4386 2495 4448 ἐστιν,
2531 4385 2803 4454 ἀγαπητοί
2824 4401 2838 4450 ;
2877 4384 3179 4456 Προσέχετε
3208 4389 3319 4450 τοῖς
3350 4386 3664 4459 λεγομένοις

2091 4470 2205 4523 νῦν·
2246 4469 2463 4539 Ἐπειδὴ
2494 4471 2678 4523 πολλοὶ
2699 4471 2808 4524 τῶν
2840 4470 3142 4541 ἀνθρώπων
3172 4475 3500 4540 νομίζουσιν,
3533 4477 3662 4529 ὅταν

2089 4556 2513 4626 ταπεινόφρονες
2539 4550 2692 4621 ὦσιν,
2716 4557 3138 4629 ἀποστερεῖσθαι
3160 4558 3252 4612 τοῦ
3269 4560 3470 4612 οἰκείου
3502 4560 3664 4625 άξιώ-

2097 4660 2267 4713 ματος
2314 4644 2407 4696 καὶ
2460 4643 2812 4696 ἐλαττοῦσθαι
2869 4647 2962 4698 καὶ
3020 4646 3430 4710 ταπεινοῦσθαι,
3471 4647 3660 4701 τοῦτον

2089 4730 2319 4803 ἐξαιρῶν
2348 4731 2440 4785 τὸν
2468 4732 2648 4799 φόϐον,
2676 4732 2768 4786 καὶ
2789 4733 3004 4798 δεικνὺς
3043 4734 3125 4788 ὅτι
3151 4734 3210 4788 ού
3243 4737 3349 4807 χρὴ
3376 4735 3518 4787 οὕτω
3543 4736 3661 4789 δια-

2089 4820 2322 4884 κεῖσθαι,
2356 4821 2483 4891 περὶ
2516 4819 2610 4873 τοῦ
2649 4820 2784 4874 Θεοῦ
2819 4839 3002 4893 φησιν,
3031 4822 3112 4876 ὅτι
3139 4825 3167 4876 ὁ
3199 4823 3348 4889 Θεὸς,
3378 4825 3408 4875 0
3439 4840 3663 4894 μονογε-

2089 4907 2185 4977 νὴς
2215 4907 2341 4970 Υίὸς
2385 4907 2482 4961 τοῦ
2532 4908 2762 4979 Πατρὸς,
2789 4910 2818 4961 0
2842 4913 2897 4963 ὲν
2923 4911 3102 4981 μορφῇ
3149 4910 3282 4963 Θεοῦ
3315 4911 3411 4973 ὢν,
3437 4913 3464 4964 ὁ
3494 4910 3659 4980 μηδὲν

2088 4993 2309 5047 ἔλαττον
2335 4993 2471 5065 ἔχων
2513 4995 2608 5048 τοῦ
2656 4995 2890 5066 Πατρὸς,
2913 4998 2940 5048 0
2966 4996 3076 5059 ίσος
3106 4996 3274 5066 αύτῷ,
3305 4998 3403 5066 οὐχ
3440 5000 3657 5067 ἁρπαγ-

2092 5082 2190 5151 μὸν
2243 5080 2395 5153 [245]
2438 5084 2684 5154 ἡγήσατο
2718 5084 2779 5135 τὸ
2825 5079 2965 5135 εἶναι
2996 5082 3085 5137 ῖσα
3111 5083 3250 5153 Θεῷ.
3295 5084 3360 5135 Τί
3393 5083 3450 5136 δὲ
3501 5085 3657 5138 τοῦτό

2089 5167 2227 5230 ἐστι,
2258 5167 2514 5237 μάνθανεο
2560 5170 2738 5239 Ὅπερ
2771 5169 2838 5221 ἂν
2866 5168 3092 5240 ἁρπάσῃ
3118 5186 3221 5233 τις,
3263 5169 3357 5223 καὶ
3397 5171 3546 5240 παρά
3595 5171 3657 5223 τὸ

2089 5254 2364 5323 προσῆκον
2393 5253 2551 5325 λάϐῃ,
2582 5254 2743 5306 τοῦτο
2764 5254 3063 5308 ἀποθέσθαι
3092 5255 3153 5307 ού
3182 5254 3375 5325 τολμᾷ,
3408 5256 3656 5321 δεδοικὼς

2093 5340 2168 5410 μὴ
2197 5339 2485 5409 ἀπόληται,
2514 5340 2588 5410 μὴ
2611 5341 2840 5409 ἐκπέσῃ,
2874 5340 3007 5393 ἀλλὰ
3037 5341 3323 5406 διαπαντὸς
3350 5344 3483 5397 αὑτὸ
3520 5360 3657 5398 κατ-

2090 5426 2234 5497 έχει·
2277 5427 2305 5476 0
2342 5427 2523 5494 μέντοι
2564 5427 2790 5493 φυσικόν
2820 5442 2872 5478 τι
2906 5427 3041 5496 ἔχων
3071 5428 3307 5499 ἀξίωμα,
3347 5431 3406 5481 ού
3453 5431 3655 5482 δέδοικε

2092 5516 2184 5567 καὶ
2221 5511 2530 5578 καταϐῆναι
2559 5511 2653 5562 ἀπ’
2680 5511 2886 5564 ἐκείνου
2917 5513 3009 5566 τοῦ
3041 5513 3368 5584 ἀξιώματος,
3392 5515 3546 5578 εἰδὼς
3576 5517 3656 5568 ὃτι

2091 5600 2242 5653 οὐδὲν
2268 5595 2508 5650 τοιοῦτον
2565 5595 2829 5650 πείσεται.
2858 5592 2983 5653 Οἷον
3009 5601 3085 5665 ὡς
3133 5603 3224 5653 ἐπὶ
3266 5600 3658 5671 ὑπ.δεῐγματος

2093 5687 2181 5740 ἵνα
2212 5683 2373 5749 εἴπω,
2418 5682 2446 5734 0
2486 5680 2838 5753 ’Λϐεσσαλὼμ
2860 5684 3075 5754 ἥρπασε
3106 5686 3204 5756 τὴν
3233 5689 3541 5757 τυραννίδα.
3566 5691 3658 5743 καὶ
