4030 6204
395 376 695 433 ἀποθέσθαι
717 373 923 447 ταύτην
943 374 1043 430 οὐκ
1070 375 1275 447 ἐτόλμα
1305 376 1510 432 λοιπόν.
1553 376 1666 429 Καλ⁵
1712 375 1806 430 ἐπὶ
1831 374 1959 429 ἄλλο

395 471 452 524 δέ
478 470 813 542 ἐλευσόμεθα
839 469 1159 539 ὑπόδειγμα.
1193 471 1290 523 Ἂν
1331 470 1388 522 δέ
1431 469 1507 541 μὴ
1548 467 1707 540 ἰσχύῃ
1732 467 1801 522 τὰ
1829 469 1963 521 6110-

395 561 664 632 δείγματα
687 560 748 613 τὸ
780 562 887 615 πᾶν
918 560 1287 632 παραστῆσαι,
1319 561 1394 632 μὴ
1435 559 1813 631 δυσχεραίνετε
1835 575 1849 590 ·
1890 559 1961 613 τά

397 654 509 724 γάρ
540 653 912 721 ὑποδείγματα
936 637 1161 706 τοιαῦτά
1188 653 1339 706 ἐστι·
1372 653 1436 707 16
1482 653 1639 706 πλέον
1671 653 1864 720 ἀφιᾶσι
1890 653 1959 722 τῇ

395 746 604 816 διανοίᾳ
631 743 962 812 λογίζεσθαι.
1006 744 1311 814 Ἐπανέστη
1338 757 1420 807 τις
1455 744 1683 815 βασιλεῖ,
1722 743 1817 797 καὶ
1862 743 1961 814 τὴν

398 836 666 907 βασιλείαν
690 837 973 907 ἣρπασεν·
1013 831 1167 900 οὗτος
1209 837 1508 891 ἀποθέσθαι
1540 839 1633 890 καὶ
1660 837 1862 906 κρύψαι
1900 836 1960 889 16

394 928 624 997 πρᾶγμα
650 927 710 979 οὐ
732 927 905 997 τολμᾷ
927 944 942 959 ο
989 927 1056 981 ἂν
1083 927 1192 998 γάρ
1224 924 1373 993 ἅπαξ
1399 923 1600 1000 κρύψῃ,
1626 927 1825 990 εὐθέως
1863 927 1961 980 ἁπ-

389 1014 607 1070 όλωλεν.
635 1017 705 1070 Ἢ
742 1016 838 1072 καὶ
870 1018 964 1071 ἐπὶ
993 1014 1154 1071 ἄλλου
1178 1015 1322 1082 τινὸς
1355 1014 1595 1089 ἔλθωμεν
1625 1017 1957 1086 ὑποδείγμα-

389 1124 479 1170 τος
500 1122 514 1136 ⁸
547 1100 680 1171 οἷον,
714 1108 931 1179 ἥρπασέ
980 1108 1065 1172 τίς
1092 1125 1166 1173 τι,
1199 1108 1356 1162 τοῦτο
1384 1108 1602 1179 κατέχει
1636 1109 1955 1172 διαπαντό,’

390 1202 457 1254 ἂν
478 1200 588 1272 7&9
617 1202 909 1272 ἀπόθηται,
943 1202 1146 1266 εὐθέως
1193 1202 1464 1257 ἀπώλεσε.
1501 1200 1610 1258 Καὶ
1648 1204 1783 1269 ὅλως
1811 1200 1861 1258 οί
1899 1203 1960 1268 ἐξ

391 1292 647 1363 ἁρπαγῆς
681 1291 895 1362 ἔχοντές
932 1309 1007 1356 τι,
1036 1288 1332 1347 δεδοίκασιν
1361 1290 1657 1347 ἀποθέσθαι
1689 1288 1780 1347 καὶ
1824 1293 1958 1366 κρύ-

388 1383 508 1451 ψαι.
536 1383 631 1436 καὶ
678 1382 752 1454 μὴ
799 1383 1088 1447 διαπαντὸς
1128 1382 1265 1437 εἶναι
1293 1378 1350 1436 ἐν
1375 1385 1587 1455 ἐκείνῳ,
1631 1386 1690 1438 ἐν
1726 1381 1770 1451 ᾦ
1799 1387 1955 1439 εἰσιν.

403 1472 542 1526 Ἀλλ’
569 1474 668 1544 οὐχ
698 1475 749 1527 οἱ
779 1474 854 1545 μὴ
884 1474 943 1538 ἐξ
969 1476 1225 1546 ἁρπαγῆς
1250 1475 1462 1546 ἔχοντες
1482 1492 1498 1507 ο
1528 1472 1661 1540 οἷον,
1687 1478 1716 1530 6
1747 1477 1957 1547 ἄνθρω-

390 1584 490 1631 πος
511 1568 726 1637 ἀξίωμα
757 1567 869 1638 ἔχει
886 1568 947 1621 τὸ
964 1565 1102 1621 εἶναι
1118 1568 1350 1636 λογικός.
1382 1569 1492 1638 Οὐχ
1518 1569 1755 1638 εὑρίσκω
1782 1567 1959 1639 παρά-ι

389 1657 606 1726 δειγμα.
643 1659 717 1711 06
750 1659 856 1728 7&9
888 1657 1003 1711 ἔστι
1030 1658 1160 1729 παρ’
1184 1661 1317 1728 ἡμῖν
1356 1659 1500 1730 ἀρχὴ
1532 1659 1766 1731 φυσικήο
1805 1658 1957 1712 οὐδὲν

388 1748 498 1817 γάρ
526 1751 642 1801 ἐστι
690 1747 799 1801 τῶν
830 1747 1048 1817 ἀγαθῶν
1077 1749 1326 1817 φυσικὸν,
1359 1747 1546 1819 ἐπειδὴ
1593 1747 1687 1801 τοῦ
1727 1747 1860 1801 θεοῦ
1888 1751 1956 1820 τῇ

389 1837 549 1906 φύσει
582 1838 759 1892 πάντα
809 1839 1280 1911 συγκεκλήρωται.
1313 1840 1378 1893 Τί
1406 1834 1498 1893 οὖν
1527 1856 1705 1909 φαμεν
1726 1857 1741 1906 ;
1765 1840 1889 1893 Ὅτι
1929 1841 1957 1892 6

386 1927 482 1979 τοῦ
514 1927 649 1981 Θεοῦ
676 1929 801 1991 Υἱὸς
828 1930 928 1982 οὐκ
952 1929 1188 2001 ἐφοϐήθη
1214 1930 1517 2001 καταϐῆναι
1543 1930 1651 1984 ἀπὸ
1667 1930 1764 1984 τοῦ
1787 1929 1956 1998 ἀξιώ-

389 2034 557 2087 ματος
579 2034 593 2047 ·
630 2019 691 2071 οὐ
729 2019 838 2090 7&9
864 2021 1157 2090 ἁρπαγμὸν
1185 2022 1429 2093 ἡγήσατο
1465 2021 1561 2094 τὴν
1583 2022 1830 2094 θεότητα,
1856 2023 1956 2077 οὐκ

385 2107 635 2161 ἐδεδοίκει
689 2110 762 2180 μή
814 2127 897 2174 τις
944 2111 1107 2164 αὐτὸν
1134 2112 1401 2183 ἀφέληται
1449 2113 1549 2183 τὴν
1603 2112 1782 2183 φύσιν,
1828 2114 1957 2185 ῆτδ

384 2195 624 2267 ἀξίωμα.
644 2199 734 2250 Διὸ
755 2200 850 2252 καὶ
879 2199 1113 2253 ἀπέθετο
1141 2201 1291 2265 αὐτὸ,
1317 2201 1537 2273 θαρρῶν
1564 2202 1645 2255 ὅτι
1675 2201 1804 2255 αὐτὸ
1827 2203 1957 2256 ἀνα-

382 2286 648 2356 λήψεται·
695 2290 790 2342 καὶ
835 2289 1105 2361 ἔκρυψεν,
1152 2292 1454 2363 ἡγούμενος
1498 2294 1650 2347 οὐδὲν
1698 2294 1953 2348 ἐλαττοῦ-

385 2379 511 2432 σθαι
537 2380 646 2432 ἀπδ
677 2380 888 2434 τούτου.
915 2382 1014 2435 Διά
1037 2383 1196 2436 τοῦτο
1215 2385 1316 2437 οὐκ
1346 2381 1519 2448 εἶπεν,
1550 2385 1663 2455 Ούχ
1685 2386 1952 2457 ἥρπασεν,

383 2469 522 2531 ἀλλ’,
558 2473 682 2539 Οὐχ
726 2472 1041 2540 ἁρπαγμὸν
1075 2474 1379 2542 ἡγήσατο·
1428 2477 1510 2529 ὅτι
1563 2478 1661 2547 οὐχ
1702 2478 1955 2550 ἀρπάσας

385 2556 500 2632 εἶχε
539 2561 636 2632 τὴν
687 2563 883 2633 ἀρχὴν,
914 2563 1050 2617 ἀλλά
1091 2564 1346 2635 φυσικὴν,
1379 2567 1439 2619 οὗ
1477 2567 1789 2641 δεδομένην,
1820 2570 1956 2623 ἀλλά

388 2652 614 2722 μόνιμον
639 2651 738 2708 καλ⁸
780 2654 1019 2725 ἀσφαλῆ.
1061 2656 1150 2709 Διὸ
1181 2656 1240 2710 ού
1275 2661 1621 2730 παραιτεῖται
1647 2662 1740 2716 καὶ
1764 2659 1824 2717 16
1847 2663 1955 2718 τῶν

386 2745 747 2799 ὑπασπιστῶν
774 2746 1063 2801 ἀναλαϐεῖν
1089 2749 1295 2820 σχῆμα.
1330 2749 1388 2804 '0
1424 2752 1684 2824 τύραννος
1720 2756 1955 2811 δέδοικεν

385 2834 444 2888 ἐν
473 2834 693 2905 πολέμῳ
739 2837 1037 2891 ἀποθέσθαι
1081 2841 1179 2910 τὴν
1208 2841 1522 2913 ἁλουργίδα,
1560 2847 1588 2898 6
1617 2846 1672 2900 δέ
1703 2847 1954 2917 βασιλεὺς

388 2926 527 2996 μετά
551 2926 751 2996 πολλῆς
779 2928 911 2982 αὐτὸ
946 2933 1090 2984 ποιεῖ
1119 2934 1217 3003 τῆς
1258 2934 1579 3004 ἀσφαλείας.
1614 2937 1714 2992 Διά
1743 2940 1830 3004 τί;
1871 2942 1955 2996 ὅτι

384 3016 484 3086 οὐχ
505 3017 794 3088 ἁρπαγμὸν
828 3018 941 3090 ἔχει
987 3020 1085 3093 τὴν
1115 3024 1310 3095 ἀρχήν.
1350 3027 1462 3098 Οὐχ
1485 3025 1560 3092 ὡς
1582 3027 1833 3101 ἀρπάσας
1861 3024 1954 3087 οὖν

384 3107 484 3160 οὐκ
511 3108 817 3177 ἀπετίθετο,
852 3110 968 3166 ἀλλ’
996 3112 1072 3177 ὡς
1106 3116 1342 3186 φυσικὴν
1364 3116 1524 3187 ἔχων,
1572 3122 1665 3174 καὶ⁹
1699 3123 1954 3177 οὐδέποτε

383 3195 688 3266 ἀποστῆναι
743 3198 1068 3272 δυναμένην,
1119 3202 1340 3275 ἔκρυψε.
1389 3207 1557 3261 Τοῦτο
1604 3210 1664 3263 16
1700 3208 1836 3266 εῖναι
1866 3214 1954 3269 τσα

383 3285 503 3357 Θεῷ
535 3289 635 3360 οὐχ
664 3290 740 3353 ὡς
766 3291 1058 3362 ἁρπαγμόν
1081 3289 1246 3365 εἶχεν,
1277 3296 1412 3351 ἀλλά
1442 3300 1667 3367 φυσικόν
1685 3316 1701 3331 ο
1734 3302 1815 3356 διδ
1842 3304 1957 3357 ἐκέ-

383 3396 553 3432 νωσεν
582 3382 792 3435 ἐαυτόν.
819 3384 928 3437 Ποῦ
956 3385 1006 3439 οί
1030 3385 1302 3455 λέγοντες,
1332 3389 1416 3441 ὅτι
1452 3390 1697 3462 ἀνάγκην
1723 3393 1953 3466 ὑπέστη,

383 3472 465 3524 ὅτι
491 3472 774 3544 ὑπετάγης
811 3475 1085 3542 Ἑαυτὸν,
1133 3481 1320 3551 φησὶν,
1370 3481 1691 3549 ἐκένωσεν,
1738 3486 1957 3541 ἑαυτὸν

383 3561 803 3627 ἐταπείνωσεν,
824 3565 1095 3634 ὑπήκοος
1124 3573 1444 3639 γενόμενος
1465 3573 1645 3643 μέχρι
1673 3577 1950 3633 θανάτου.

385 3652 509 3716 Πῶς
539 3653 809 3718 ἐκένωσε;
861 3658 1117 3726 Μορφὴν
1140 3659 1364 3718 δούλου
1410 3667 1630 3731 λαϐὼν,
1654 3668 1723 3722 ἐν
1750 3669 1958 3738 ὁμοιώ-

300 3809 304 3813 ι
386 3759 530 3831 ματι
561 3743 885 3811 ἀνθρώπων
909 3751 1251 3818 γενόμενος,
1283 3756 1383 3809 καί
1410 3760 1672 3828 σχήματι
1693 3765 1957 3831 εὑρεθείς

387 3829 470 3895 ὠς
494 3829 819 3924 ἅνθρωπος.
863 3834 1125 3891 Ἐνταῦθα
1147 3840 1282 3910 πρὸς
1301 3843 1384 3907 16,
1417 3845 1742 3918 Ἀλλήλους
1761 3829 1955 3924 Ῠήγούξ.

382 3936 554 3987 μενοι
591 3922 998 3993 ὑπερέχοντας
1025 3927 1274 3997 ἑαυτῶν,
1309 3934 1467 3991 τοῦτο
1496 3935 1636 4007 εἷπε,
1670 3942 1752 4007 16,
1787 3922 1952 4001 Ἑαυ-

386 4007 496 4062 τὸν
517 4007 847 4106 ἐκένωσενο
884 4015 1007 4068 ἐπεὶ
1036 4018 1086 4070 εί
1135 4019 1402 4094 ὑπετάγη,
1448 4026 1566 4081 οὐδὲ
1596 4047 1951 4106 ταπεινοφρο·

389 4100 554 4191 σύνης
583 4097 651 4173 ἦν
680 4103 741 4156 τὸ
770 4107 1023 4177 πρᾶγμα,
1066 4112 1115 4164 εί
1151 4112 1225 4184 μὴ
1257 4116 1470 4171 οἴκοθεν
1490 4120 1648 4175 τοῦτο
1681 4097 1875 4191 εἵλετο,
1902 4129 1952 4182 εί

390 4188 465 4261 μὴ
494 4193 626 4281 ,παρ’
659 4192 872 4248 ἑαυτοῦο
926 4196 987 4249 Εἰ
1019 4196 1128 4271 γὰρ
1156 4202 1254 4254 οὐκ
1277 4202 1414 4275 ⁴ᾔδει,
1453 4207 1534 4260 ὅτι
1563 4207 1643 4262 δεῖ
1668 4209 1824 4264 τοῦτο
1856 4188 1950 4281 γε-

336 4345 348 4352 α
385 4280 593 4375 νέσθαι,
629 4281 790 4375 βίϐὶ
829 4286 981 4341 ἔσται
1014 4289 1241 4362 ἀτελήςο
1290 4298 1339 4349 εί
1383 4298 1456 4369 μὴ
1478 4298 1632 4365 εἰδὼς
1662 4280 1951 4375 περιέμενε

385 4369 474 4460 τὸν
496 4371 684 4460 καιρὸν
700 4372 792 4426 τοῦ
819 4379 1258 4451 προστάγματος,
1281 4383 1431 4440 ἐσται
1454 4389 1643 4460 καιρὸν
1660 4369 1760 4446 οὐκ
1774 4369 1949 4459 εἰδώς·

386 4456 501 4551 ῆιεὶ
529 4459 647 4551 ᾔδει
678 4464 773 4515 καὶ
812 4465 894 4517 ὅτι
934 4466 1016 4520 δεῖ
1051 4472 1329 4538 γενέσθαι,
1377 4477 1471 4529 καὶ
1520 4456 1647 4533 πότε
1677 4456 1948 4551 γενέσθαι,

385 4548 524 4612 τίνος
555 4550 742 4605 ἐνεκεν
770 4553 1107 4629 ὑποταγῆναι
1152 4562 1459 4635 ὑπέμενενς
1492 4569 1612 4625 Ἵνα
1655 4548 1806 4647 δείξῃ
1853 4576 1951 4646 τὴν

385 4638 479 4692 τοῦ
509 4641 723 4713 Πατρδς
757 4645 1053 4718 ὑπεροχήν.
1089 4652 1258 4708 Τοῦτο
1282 4656 1342 4708 ού
1392 4661 1600 4731 Πατρός
1640 4638 1761 4717 ἐστι
1777 4638 1950 4732 δεῖξαι

383 4732 807 4829 τῆν.ὐπε-ροχῆν,
832 4736 946 4829 ἀλλ’
972 4743 1179 4797 οἰκείαν
1198 4746 1470 4804 εὐτέλειαν
1490 4768 1505 4783 ο
1537 4754 1599 4806 ού
1631 4754 1738 4829 7&9
1770 4760 1952 4813 ἱκανὸν

470 4823 563 4922 τοῦ
586 4825 798 4922 Πατρὸς
820 4828 990 4922 δνομα
1011 4832 1182 4900 δεῖξαι
1201 4839 1269 4891 τά
1297 4842 1563 4911 πρεσϐεῖα
1587 4847 1680 4901 τοῦ
1702 4823 1949 4922 Πατρός

384 4914 568 5008 Χωρὶς
600 4916 711 4989 γάρ
762 4918 953 4974 τούτου
989 4924 1167 4979 πάντα
1210 4929 1279 4981 τὰ
1308 4932 1449 4985 αὐτά
1483 4935 1600 4988 ἐστι
1648 4936 1728 5008 τῷ
1773 4914 1948 5006 Παιδί.

389 5007 596 5101 ΪΑλλως
623 5009 701 5073 δὲ,
729 5012 852 5065 οὐδέ
881 5014 1041 5088 ἱκανὴ
1070 5017 1210 5090 αῦτη
1244 5022 1276 5091 ἡ
1314 5025 1447 5097 τιμὴ
1474 5025 1582 5080 ἀπὸ
1613 5027 1708 5082 τοῦ
1742 5030 1952 5101 Πατρός

384 5096 633 5169 διαϐῆναι
666 5105 802 5173 πρὸς
835 5106 926 5159 τὸν
958 5107 1107 5164 Υίόν.
1141 5113 1325 5183 Χωρὶς
1352 5115 1410 5168 δὲ
1440 5096 1660 5186 τούτου,
1686 5096 1951 5177 πάντα-τά

384 5189 479 5242 τοῦ
507 5194 717 5263 Πατρός
740 5198 894 5254 κοινά
926 5200 1041 5253 ἐστι
1069 5201 1148 5272 τῷ
1178 5204 1358 5259 Παιδί.

458 5344 525 5418 β’.
542 5347 805 5439 Ἐνταῦθα
827 5353 1206 5430 ἐπιλαϐόμενοι
1220 5361 1314 5416 τοῦ
1334 5364 1497 5434 ῥητοῦ
1515 5369 1564 5420 οἱ
1582 5368 1688 5422 ἀπὸ
1699 5370 1951 5439 Μαρκίω-

385 5455 493 5504 νος,
544 5438 698 5507 Ἰδοὺ,
736 5445 919 5512 φασὶν,
944 5448 1042 5502 οὐκ
1081 5452 1297 5519 ἐγένετο
1318 5454 1620 5527 ἄνθρωπος,
1669 5438 1805 5526 ἀλλ’,
1848 5462 1950 5516 Ἕν

384 5529 699 5600 ὁμοιώματι
744 5534 1055 5600 ἀνθρώπου
1076 5542 1412 5611 γενόμενος.
1444 5546 1568 5610 Πῶς
1609 5548 1665 5601 δὲ
1700 5548 1846 5603 ἐστιν
1889 5552 1949 5604 ἐν

383 5617 688 5693 ὁμοιώματι
715 5625 1018 5696 ἀνθρώπων
1042 5632 1325 5702 γενέσθαι;
1363 5637 1520 5692 σκιὰν
1551 5641 1947 5715 περιϐαλλόμε-

1067 261 1127 318 S.
1168 258 1450 319 JOANNIS
1478 257 1964 317 CIIBYSOSTOMI
1999 257 2320 316 ARCHIEI’.
2358 257 2901 317 CONSTANTINOP.

3526 270 3635 330 230

2068 390 2191 440 νον;
2224 372 2434 428 Οὐκοῦν
2463 373 2680 428 εἴδωλον
2718 375 2876 429 τοῦτό
2919 377 3058 441 ἐστι,
3098 378 3195 432 καὶ
3225 379 3326 434 οὐκ
3353 378 3500 438 ἐστιν
3542 387 3635 440 άν-

2067 460 2286 533 θρώπου
2315 464 2566 534 ὁμοίωμα
2590 479 2606 496 '
2653 463 2942 535 ἀνθρώπου
2976 467 3081 538 γὰρ
3119 470 3390 540 ὁμοίωμα,
3426 473 3637 544 ἄνθρω-

2068 570 2168 616 πος
2189 553 2391 624 ἕτερος.
2433 553 2497 606 Τί
2541 553 2598 606 δὲ
2644 554 2787 624 ἐρεῖς
2840 556 3061 630 Ἰωάννῃ
3088 557 3320 627 λέγοντι,
3356 563 3420 614 '0
3446 566 3638 634 Λόγος

2066 644 2222 712 σὰρξ
2246 645 2521 715 ἐγένετω
2566 644 2724 698 Ἀλλά
2759 646 2851 699 καὶ
2881 647 3043 710 αὐτὸς
3088 641 3241 712 οὗτός
3272 668 3438 721 φησιν
3463 656 3493 707 6
3532 673 3637 719 μα-

2067 734 2256 804 κάριος
2285 734 2543 805 ἀλλαχοῦ,
2596 736 2698 788 Ἕν
2724 734 3036 805 ὁμοιώματι
3064 739 3291 807 σαρκὸς
3321 741 3633 811 ἁμαρτίας.

2065 824 2177 877 Καὶ
2212 823 2477 893 σχήματι
2508 824 2768 891 εὑρεθεὶς
2796 826 2878 891 ὡς
2913 825 3241 894 ἄνθρωπος.
3290 830 3444 896 Ἰδοὺ,
3478 834 3634 902 φησὶ,

2064 915 2177 968 Καὶ
2221 915 2504 984 σχήματι,
2552 914 2666 976 καὶ,
2715 914 2812 979 Ὠς
2844 914 3173 983 ἅνθρωπος.
3228 918 3397 972 Τοῦτο
3432 920 3490 974 δέ
3534 923 3636 976 οὐκ

2065 1006 2212 1079 ἐστιν
2244 1005 2525 1075 ἄνθρωπος
2554 1003 2787 1073 ἀληθῶς,
2818 1004 2878 1057 16
2907 1007 2981 1068 ὼς
3014 1005 3300 1077 ἄνθρωπον
3329 1004 3489 1074 εἶναι,
3540 1013 3633 1064 καὶ

2066 1095 2125 1148 16
2150 1096 2388 1166 σχήματι
2422 1090 2562 1148 εἶναι
2589 1094 2873 1164 ἄνθρωπον
2919 1111 2932 1124 ’
2967 1097 3026 1149 16
3057 1097 3165 1168 γὰρ
3211 1101 3448 1170 σχήματι
3489 1095 3628 1155 εῖναι

2065 1184 2368 1255 ἄνθρωπον,
2409 1185 2509 1238 οὐκ
2560 1184 2675 1237 ἐστι
2705 1183 2863 1253 φύσει
2909 1184 3191 1257 ἄνθρωπον
3234 1184 3391 1243 εἶναι.
3436 1191 3628 1257 Ὁρᾶτε

2069 1268 2186 1344 μεθ’
2208 1275 2341 1343 ὅσης
2390 1271 2499 1342 ἐγὼ
2539 1272 2955 1342 εὐγνωμοσύνης
2988 1277 3054 1326 τὰ
3099 1275 3247 1345 παρά
3273 1276 3383 1329 τῶν
3420 1277 3630 1349 ἐχθρῶν

2063 1364 2253 1434 τίθημι
2284 1381 2298 1430 ;
2345 1363 2411 1415 Ἦ
2446 1361 2555 1432 γάρ
2586 1361 2813 1432 λαμπρὰ
2840 1362 2965 1432 νίκη
3000 1364 3093 1417 καὶ
3118 1367 3182 1417 ἐκ
3206 1367 3526 1437 περιουσίας
3548 1385 3634 1438 γι-
3678 1427 3689 1437 ,

2065 1453 2265 1524 νομένη
2293 1449 2431 1523 αὕτη
2465 1453 2634 1515 ἐστὶν,
2665 1453 2793 1505 ὅταν
2822 1452 2890 1506 τά
2917 1453 3176 1508 δοκοῦντα
3213 1456 3393 1510 αὐτῶν
3438 1459 3633 1528 ἰσχυρά

2065 1538 2202 1601 εἶναι
2231 1542 2329 1600 οὐκ
2354 1544 2824 1616 ἀποκρύπτωμενο
2855 1543 2916 1598 16
2948 1545 3056 1615 γάρ
3088 1547 3462 1618 ἀποκρύπτειν
3490 1550 3633 1603 ἀπά-

2062 1657 2130 1710 τη
2163 1638 2280 1691 ἐστὶ
2305 1633 2531 1707 μᾶλλον,
2559 1637 2593 1709 ἢ
2621 1634 2766 1708 νίκη.
2799 1632 2865 1690 Τί
2891 1633 2983 1691 οὖν
3008 1654 3139 1707 φασι
3174 1639 3373 1709 (πάλιν
3401 1624 3510 1711 γὰρ
3535 1642 3634 1694 αύ-

2064 1727 2132 1782 τὰ
2161 1726 2538 1798 ἀναλάϐωμεν)
2565 1740 2580 1792 ;
2608 1727 2703 1791 T6,
2738 1727 3027 1798 Σχήματι,
3050 1728 3148 1783 ούκ
3172 1729 3285 1784 ἐστι
3322 1731 3503 1798 φύσει,
3538 1732 3633 1785 καὶ

2063 1820 2145 1883 τὸ,
2176 1818 2252 1882 ὡς
2298 1812 2583 1890 ἄνθρωπον
2611 1813 2770 1883 εἶναι,
2819 1819 2914 1873 καὶ
2955 1804 3036 1883 16,
3079 1820 3138 1872 ἐν
3182 1820 3487 1891 ὁμοιώματι
3537 1824 3633 1876 ἀν⁴
3728 1832 3735 1845 ³

2066 1910 2290 1980 θρώπου
2321 1905 2485 1973 εἶναι,
2521 1910 2621 1962 οὐκ
2649 1908 2764 1962 ἐστι
2794 1910 2951 1964 τοῦτο
2983 1911 3267 1981 ἄνθρωπον
3295 1908 3455 1968 εἶναι.
3491 1915 3629 1984 ’Δρα

2064 2000 2160 2053 καὶ
2208 2000 2269 2053 16
2321 1999 2532 2071 μορφὴν
2578 2000 2763 2054 δούλου
2805 2001 3009 2066 λαϐεῖν,
3054 2001 3152 2055 οὐκ
3200 2001 3315 2054 ἐστι
3366 2003 3629 2073 μορφὴν·

2061 2089 2245 2143 δούλου
2279 2090 2483 2146 λαϐεῖν.
2512 2085 2718 2144 Οὐκοῦν
2751 2091 2897 2162 μάχη
2925 2091 3157 2145 ἐνταῦθα
3181 2107 3197 2123 ⁶
3233 2095 3326 2146 καὶ
3352 2092 3441 2146 διά
3468 2093 3520 2145 τί
3552 2093 3627 2163 μὴ

2063 2180 2238 2234 ἐκεῖνο
2267 2182 2331 2234 σὺ
2365 2182 2628 2253 πρότερος
2663 2181 2845 2247 λύεις;
2898 2183 3104 2252 Ὥσπερ
3132 2182 3240 2254 7&9
3283 2182 3453 2236 ταῦτα
3479 2185 3632 2253 νομί-

2063 2270 2177 2334 ζεις
2205 2273 2335 2341 ἡμῖν
2358 2271 2713 2336 ἀντικεῖσθαι,
2745 2273 2888 2326 οὕτω
2920 2273 3012 2325 καὶ
3037 2274 3200 2342 ἡμεῖς
3229 2290 3412 2344 φαμεν
3455 2274 3632 2327 ἐκεῖνό

2065 2379 2143 2415 σοι
2191 2362 2542 2416 ἀντικεῖσθαι.
2582 2364 2655 2416 Οὐ
2695 2363 2802 2433 γάρ
2840 2360 3012 2428 εἷπεν,
3068 2362 3155 2427 Ὠς
3200 2365 3382 2435 μορφὴ
3421 2365 3627 2431 δούλου,

2062 2450 2202 2511 οὐδὲ.
2217 2449 2307 2504 Ἐν
2325 2449 2629 2519 ὁμοιώματι
2655 2452 2865 2525 μορφῆς
2879 2452 3085 2536 δούλου,
3107 2453 3246 2516 οὐδὲ,
3281 2455 3368 2507 Ἐν
3393 2456 3628 2525 σχήματι

2066 2542 2277 2612 μορφῆς
2309 2540 2514 2605 δούλου,
2569 2539 2723 2608 ἀλλά,
2765 2542 3019 2610 Μορφὴν
3068 2542 3295 2597 δούλου
3321 2543 3520 2596 ἔλαϐε.
3564 2543 3628 2595 Τί

2061 2628 2156 2686 οὖν
2179 2635 2320 2699 ἐστι;
2348 2635 2441 2687 καὶ
2464 2633 2572 2703 γάρ
2601 2634 2745 2702 μάχη
2776 2634 2940 2687 ἐστίν.
2967 2634 3203 2702 οὐδεμία
3233 2635 3404 2704 μάχη,
3429 2633 3503 2704 μὴ
3532 2635 3625 2703 72'—

2062 2739 2227 2776 νοιτο·
2255 2722 2392 2777 ἀλλὰ
2431 2725 2515 2787 τίς
2558 2726 2586 2776 6
2615 2722 2820 2793 ψυχρὸς
2857 2724 3034 2777 αὐτῶν
3066 2723 3219 2791 λόγος
3269 2724 3371 2793 καὶ,
3398 2726 3628 2794 καταγέ-

2062 2812 2276 2878 λαστοςς
2306 2812 2536 2883 Μορφὴν
2553 2812 2760 2878 δούλου,
2786 2816 2968 2882 φασὶν,
2993 2814 3200 2879 ἐλαϐεν,
3229 2814 3390 2868 ὅτιτὸ
3422 2815 3625 2869 λέντιον

2063 2902 2502 2974 περιζωσάμενος
2530 2902 2677 2972 ἐνιψε
2703 2904 2829 2966 τοὺς
2852 2904 3016 2967 πόδας
3040 2903 3149 2957 τῶν
3179 2903 3460 2975 μαθητῶν.
3494 2904 3628 2959 Τοῦ-

2062 3007 2123 3047 το
2151 2993 2331 3065 μορφὴ
2350 2993 2534 3047 δούλου
2564 2995 2739 3060 ἐστίν;
2781 2994 2922 3047 Ἀλλ’
2951 2995 3051 3048 οὐκ
3091 2994 3205 3047 ἐστι
3253 2994 3410 3048 τοῦτο
3441 2996 3624 3066 μορφὴ

2061 3081 2268 3148 δούλου,
2305 3082 2420 3135 ἀλλ’
2465 3082 2624 3154 ἔργον
2667 3081 2875 3136 δούλου.
2915 3082 3143 3155 Ἕτερον
3183 3084 3241 3136 δέ
3282 3086 3427 3137 ἐστιν
3469 3085 3626 3156 ἔργον

2064 3167 2201 3226 εἶναι
2228 3171 2435 3239 δούλου,
2468 3172 2562 3225 καὶ
2609 3173 2792 3244 ἕτερον
2826 3173 3037 3245 μορφὴν
3066 3174 3252 3227 δούλου
3291 3174 3496 3231 λαϐεῖν.
3529 3175 3626 3229 Διά

2061 3262 2115 3316 τί
2143 3262 2251 3334 γάρ
2282 3263 2381 3316 οὐκ
2402 3260 2573 3331 εἶπεν,
2600 3264 2681 3316 ὅτι
2712 3263 2914 3335 Ἔργον
2933 3265 3153 3334 ἐποίησε
3178 3266 3384 3329 δούλου,
3402 3267 3431 3319 ὃ
3464 3265 3627 3335 σαφέο

2064 3368 2252 3423 στερον
2279 3347 2380 3424 ἦν;
2428 3352 2680 3423 Οὐδαμοῦ
2730 3353 2786 3406 δὲ
2824 3355 2882 3407 ἐν
2918 3357 2986 3425 τῇ
3041 3355 3228 3427 Γραφῇ
3271 3357 3455 3426 μορφὴ
3503 3356 3622 3410 ἀντὶ

2062 3441 2223 3515 ἔργου
2258 3444 2491 3515 εἴρηται.
2525 3444 2665 3498 Πολὺ
2692 3445 2800 3517 γάρ
2831 3445 2892 3498 τδ
2919 3445 3084 3514 μέσον
3115 3463 3128 3476 ·
3154 3447 3214 3500 16
3253 3449 3351 3518 μὲν
3380 3449 3485 3519 γὰρ
3524 3446 3622 3517 φύ-

2065 3535 2201 3599 σεώς
2221 3538 2356 3603 ἐστι,
2395 3536 2456 3589 16
2491 3536 2548 3588 δὲ
2581 3538 2881 3607 ἐνεργείας.
2927 3538 3033 3591 Καὶ
3074 3538 3131 3590 ἐν
3172 3540 3238 3609 τῇ
3276 3539 3532 3611 συνηθείᾳ
3569 3538 3625 3591 δέ

2061 3626 2295 3697 οὐδαμοῦ
2330 3627 2428 3698 τὴν
2464 3626 2677 3698 μορφὴν
2713 3628 2833 3682 ἀντὶ
2864 3627 3024 3700 ἔργου
3059 3628 3309 3697 λέγοντες
3354 3631 3626 3702 λαμϐάνο-

2065 3732 2183 3785 μεν.
2213 3716 2418 3778 Ἄλλως
2446 3717 2522 3777 δὲ,
2554 3717 2673 3770 οὐδὲ
2698 3717 2759 3770 τὸ
2791 3716 2948 3787 ἔργον
2976 3722 3193 3790 ἐποίησε
3216 3723 3335 3774 κατ’
3365 3722 3625 3786 ἐκείνους,

2061 3804 2181 3859 οὐδὲ
2217 3804 2366 3878 [247]
2390 3805 2494 3877 μὴν
2511 3805 2819 3870 διεζώσατο.
2848 3810 2907 3861 Et
2928 3809 3036 3880 7&9
3064 3810 3332 3880 φαντασία
3360 3812 3419 3865 τὸ
3447 3815 3625 3884 πρᾶγ-

2065 3912 2142 3965 μα
2191 3891 2282 3967 ἦν,
2320 3897 2421 3950 οὐκ
2464 3892 2534 3967 ἦν
2578 3897 2806 3968 ἀλήθεια
2835 3914 2852 3930 ο
2895 3901 2944 3953 ει
2977 3900 3050 3970 μὴ
3096 3905 3285 3974 χεῖρας
3329 3899 3468 3974 εἶχε,
3512 3904 3626 3969 πῶς

2061 3985 2272 4056 ἐνιψενς
2300 3988 2349 4040 εί
2371 3986 2447 4057 μὴ
2476 3986 2644 4055 ὀσφὺν
2677 3983 2809 4058 εἶχε,
2842 3990 2957 4052 πῶς
2981 3990 3184 4045 λέντιον
3218 3995 3623 4065 περιεζώσατος

2061 4080 2187 4132 ποῖα
2212 4079 2270 4131 δέ
2314 4080 2407 4132 καὶ
2446 4078 2632 4147 ἱμάτια
2675 4079 2897 4146 ἐ).α6εν;
2934 4083 3154 4136 Ἐλαϐε
3182 4084 3290 4154 γάρ
3320 4089 3393 4139 τὰ
3429 4087 3627 4153 ἱμάτια

2060 4167 2265 4234 αὐτοῦ,
2318 4167 2502 4238 φησίν.
2537 4168 2748 4239 ’Ὥσπερ
2802 4165 2895 4224 οὖν
2938 4172 3057 4225 οὐδὲ
3094 4174 3153 4225 16
3198 4173 3356 4244 ἔργον
3393 4176 3625 4230 ἐνταῦθα

2060 4260 2372 4331 εὑρίσκεται
2414 4261 2654 4328 γεγονὸς,
2688 4261 2822 4315 ἀλλά
2861 4263 3043 4334 ἀπάτη
3086 4267 3201 4318 ἐστὶ
3233 4267 3410 4335 μόνον,
3455 4267 3626 4332 οὕτως

2059 4350 2180 4405 οὐδὲ
2208 4349 2355 4420 ἐνιψε
2381 4353 2504 4414 τοὺς
2535 4351 2697 4415 πόδας
2740 4352 2849 4405 τῶν
2888 4354 3162 4425 μαθητῶν.
3196 4357 3259 4410 El
3285 4357 3389 4429 γάρ
3421 4360 3452 4429 ἡ
3486 4359 3626 4412 ἀσώ-

2064 4460 2229 4513 ματος
2269 4442 2428 4511 φύσις
2459 4444 2558 4497 οὐκ
2587 4446 2779 4515 ἐφάνη,
2824 4446 2884 4499 ἐν
2914 4446 3124 4517 σώματι
3146 4448 3245 4501 οὐκ
3270 4444 3358 4520 ἦν.
3399 4449 3495 4513 Τίς
3531 4446 3623 4502 οὖν

2059 4533 2185 4596 τοὺς
2214 4533 2463 4605 μαθητάς
2490 4534 2638 4605 ἐνιψε
2670 4552 2686 4602 ;
2728 4537 2793 4588 Τί
2816 4533 2911 4591 οὖν
2940 4538 3100 4592 πάλιν
3129 4540 3264 4610 πρὸς
3298 4537 3511 4593 Παῦλον
3536 4541 3623 4592 τὸν

2059 4623 2378 4692 Σαμοσατέα
2433 4625 2698 4697 ἐροῦμεν;
2750 4629 2860 4682 Καὶ
2888 4629 2940 4682 τί
2985 4631 3191 4694 ἐκεῖνος
3233 4625 3374 4698 εἷπε,
3423 4630 3619 4701 φησίν;

2057 4714 2226 4778 Αὐτὸς
2251 4714 2312 4768 16
2338 4716 2469 4770 αὐτό
2495 4734 2656 4787 φησιν
2678 4735 2692 4749 ο
2725 4718 2839 4772 ἀλλ’
2864 4721 2963 4774 οὐκ
2992 4721 3107 4774 ἔστι
3123 4721 3276 4775 τοῦτο
3292 4724 3540 4789 κένωσις,
3564 4724 3624 4777 16

2059 4808 2272 4879 φύσεως
2307 4810 2434 4863 ὄντα
2455 4811 2802 4884 ἀνθρωπίνης
2836 4816 2928 4868 καὶ
2959 4815 3243 4888 ἄνθρωπον
3264 4817 3439 4887 ψιλὸν,
3475 4817 3622 4888 νίψαι
3692 4884 3696 4891 .

2056 4900 2183 4963 τοὺς
2212 4900 2553 4972 ὁμοδούλους.
2576 4899 2581 4903 ’
2601 4903 2667 4956 Ἀ
2706 4904 2812 4975 γάρ
2859 4906 3085 4976 εἴπομεν
3118 4908 3253 4979 πρὸς
3288 4908 3620 4979 Ἀρειανοῦς,

2057 4986 2233 5042 ταῦτα
2268 4990 2362 5042 καὶ
2390 4991 2527 5061 πρὸς
2551 4992 2772 5056 τούτους
2801 4993 2991 5064 ῥητέον
3008 5012 3020 5024 ’
3061 4997 3212 5050 οὐδὲν
3241 4997 3351 5068 γάρ
3380 4995 3623 5067 ἀλλήλοιν

2056 5077 2424 5146 διεστήκασιν,
2446 5081 2562 5135 ἀλλ’
2594 5082 2627 5152 ἢ
2654 5082 2820 5153 ὀλίγῳ
2847 5085 3024 5155 χρόνῳ
3046 5101 3058 5114 ·
3094 5087 3189 5138 καὶ
3216 5087 3323 5155 γάρ
3355 5087 3448 5140 καὶ
3478 5083 3620 5139 οὗτοι

2059 5168 2299 5221 κάκεῖνοι
2348 5168 2552 5239 κτίσμα
2596 5171 2688 5224 τὸν
2729 5172 2856 5225 Υίὺν
2894 5175 2989 5227 τοῦ
3032 5174 3166 5228 Θεοῦ
3223 5193 3376 5245 φασι.
3428 5176 3495 5229 Τί
3529 5172 3620 5228 οὖν

2057 5258 2289 5328 ἐροῦμεν
2309 5259 2444 5330 πρὸς
2458 5260 2650 5326 αὐτούς
2667 5279 2683 5329 ;
2702 5264 2764 5315 Εἰ
2783 5263 3065 5335 ἄνθρωπος
3083 5265 3177 5318 ἀνθ
3187 5265 3397 5336 ρώπους
3418 5266 3619 5334 ἔνιψεν»

2057 5347 2157 5400 οὐκ
2178 5347 2463 5415 ἐκένωσεν,
2491 5351 2590 5403 οὐκ
2616 5352 2978 5408 ἐταπείνωσεν
3000 5356 3188 5409 ἐαυτόν
3222 5371 3236 5386 ·
3267 5358 3315 5409 εί
3335 5355 3619 5427 ἄνθρωπος

2119 5656 2146 5686 ⁸
2168 5656 2261 5705 Pro
2284 5659 2462 5721 μορφήν
2485 5667 2619 5709 recte
2643 5662 2856 5712 Dunmns
2882 5665 3016 5729 φύσιν
3036 5667 3299 5731 legendum
3323 5675 3511 5717 censet.
