4030 6204
165 47 966 74 -’--“-““----

448 281 556 336 2‘29

447 395 686 466 percipe.
714 396 867 462 Quod
897 397 1119 468 quisque
1147 400 1340 470 rapuit,
1367 411 1421 457 et
1443 415 1640 474 praner
1663 421 2032 476 mqmnnaece-

444 488 541 555 pit,
561 487 612 540 id
629 488 901 557 deponere
912 505 1244 562 nequaquam
1262 493 1441 557 audet,
1458 499 1655 550 veritus
1670 515 1736 551 ne
1756 499 2031 554 amittatur

445 589 609 648 atque
657 581 932 644 elabatur,
982 583 1077 637 sed
1128 594 1388 654 perpetuo
1439 588 1577 657 apud
1613 605 1675 644 se
1709 591 1898 646 retinet
1931 611 1945 647 :
1974 603 2029 649 at

444 671 533 739 qui
565 673 859 727 naturalem
887 675 1190 745 quampiam
1243 677 1553 747 dignitatem
1585 681 1772 749 habet,
1829 684 1873 740 is
1919 701 2023 740 non

444 763 635 816 metuit
684 764 753 817 ah
817 766 903 820 illa
965 769 1126 822 etiam
1193 768 1452 840 dignitate
1506 773 1869 840 descendere;
1923 780 2028 832 scit

442 853 582 906 enim
610 869 668 907 se
695 855 825 908 nihil
857 855 1157 925 bujnsmodi
1197 875 1476 928 passurum
1503 878 1644 919 esse.
1670 865 1898 920 AlTeram
1929 884 2021 922 ex-

441 945 978 1012 emplumzAhsalon
1040 961 1294 1020 rapuerat
1351 953 1713 1024 tyrannidem,
1769 957 2021 1028 illamque

437 1035 704 1103 deponere
749 1054 854 1092 non
885 1041 1136 1095 audebat.
1183 1043 1288 1098 Sed
1335 1044 1479 1100 aliud
1526 1047 1685 1101 etiam
1717 1051 2018 1119 exemplum

435 1139 814 1194 proponemus.
847 1129 998 1198 Quod
1026 1133 1070 1186 si
1099 1135 1346 1204 exempla
1374 1151 1488 1191 rem
1529 1146 1692 1192 totam
1721 1155 2017 1209 repra-sen-

433 1225 546 1270 tare
593 1229 898 1288 nequeunt,
947 1237 1016 1276 ne
1057 1224 1280 1278 moleste
1327 1224 1551 1281 feratis:
1585 1233 1825 1299 exempla
1871 1233 2014 1287 enim

428 1316 551 1360 sunt
581 1306 920 1376 hujusmodi,
953 1317 1208 1380 majorem
1255 1324 1459 1385 partem
1489 1319 1654 1374 menti
1679 1322 2012 1389 cogitandam

428 1397 758 1467 relinquunt.
789 1401 842 1454 ln
888 1416 1065 1473 regem
1115 1407 1380 1475 quispiam
1412 1407 1638 1473 invasit,
1686 1427 2014 1484 regnumque

427 1491 644 1556 eripuit.
687 1492 784 1547 llic
832 1493 1142 1564 deponere,
1194 1507 1285 1553 aut
1330 1501 1603 1557 occultare
1635 1507 2008 1563 auctoritatem

427 1594 580 1634 suam
623 1582 843 1639 minime
892 1585 1096 1641 audet:
1131 1605 1251 1643 naut
1304 1591 1347 1644 si
1394 1593 1562 1648 semel
1619 1597 2006 1665 occultaverit,

427 1671 606 1725 statim
639 1672 724 1726 illa
751 1675 1036 1732 amittitur.
1067 1679 1218 1746 Quod
1249 1683 1552 1752 exemplum
1601 1686 1719 1740 aliis
1753 1688 1914 1743 etiam
1940 1706 2007 1745 ex

423 1762 584 1816 rt-lms
607 1767 710 1832 peti
737 1775 945 1835 potest:
970 1769 1117 1824 verbi
1141 1773 1330 1840 gratia,
1356 1774 1399 1828 si
1435 1774 1556 1844 quis
1579 1776 1776 1848 aliquid
1807 1781 2003 1850 rapuit,

421 1852 474 1906 isi
495 1863 748 1926 perpetuo
772 1859 994 1914 retinet:
1014 1877 1135 1916 nam
1150 1877 1269 1916 cum
1286 1865 1511 1933 primum
1531 1867 1654 1921 illud
1673 1869 2000 1939 deposuerit,

415 1948 644 2003 amittet.
673 1949 1012 2022 Omninoque
1051 1955 1193 2025 quod
1235 1958 1458 2027 quisque
1495 1974 1557 2014 ex
1591 1961 1772 2030 rapina
1804 1961 1998 2030 habet,

416 2037 573 2092 timet
591 2037 862 2108 deponere
890 2055 1053 2113 atque
1081 2059 1110 2098 a
1136 2061 1196 2102 se
1225 2062 1443 2105 movere
1464 2091 1480 2116 ,
1525 2059 1580 2107 et
1608 2065 1714 2106 non
1744 2063 2003 2123 perpetuo

414 2129 545 2183 illud
574 2131 826 2200 retinere,
855 2135 996 2204 quod
1023 2140 1324 2210 occupavit.
1363 2141 1531 2198 Abest
1556 2158 1686 2199 vero
1712 2145 1799 2202 hic
1841 2147 2002 2203 timor

409 2221 486 2274 ab
513 2221 600 2284 iis,
630 2223 719 2292 qui
759 2225 976 2280 minime
997 2242 1062 2282 ex
1089 2229 1271 2298 rapina
1297 2231 1525 2300 habent;
1553 2245 1612 2289 ttt
1635 2235 1798 2292 homo
1825 2238 1998 2312 digni.

409 2318 580 2366 tatem
610 2313 765 2368 istam
793 2315 954 2372 habet
976 2327 1034 2373 ut
1058 2320 1280 2376 rationis
1297 2337 1518 2394 compos
1544 2327 1631 2382 sit.
1654 2327 1760 2384 Sed
1789 2345 1894 2384 non
1920 2331 2000 2386 in-

407 2403 574 2455 venio
598 2409 727 2458 satis
750 2415 932 2475 aptum
960 2411 1287 2480 exemplum.
1318 2413 1430 2469 Non
1455 2417 1597 2472 enim
1626 2429 1708 2475 est
1732 2422 1869 2491 apud
1899 2439 1996 2480 nos

404 2492 745 2562 principatus
767 2500 1028 2553 naturalis
1054 2518 1067 2553 :
1099 2500 1358 2558 bonorum
1389 2506 1585 2577 quippe
1613 2511 1814 2566 nulhnn
1841 2513 1995 2569 nobis

403 2583 654 2637 naturale
685 2595 789 2652 est,
813 2589 1244 2661 quamloquidem
1264 2595 1439 2650 omnia
1469 2598 1624 2652 simul
1655 2615 1773 2654 cum
1807 2614 1990 2658 natura

400 2671 502 2727 Dei
525 2673 844 2743 conjuncta,
871 2677 1124 2749 illiusque
1155 2685 1364 2753 propria
1398 2698 1540 2742 sunt.
1570 2689 1706 2756 Quid
1731 2691 1888 2759 igitur
1908 2693 1991 2748 di-

397 2763 618 2819 cimus?
647 2766 740 2823 Dei
769 2768 964 2824 Filium
998 2773 1224 2828 veritum
1251 2790 1356 2831 non
1385 2792 1505 2832 esse
1531 2779 1596 2835 de
1617 2782 1784 2853 gradu
1810 2785 1985 2855 digni-

398 2855 529 2910 tatis
564 2871 676 2913 sua:
701 2859 1052 2930 descendere,
1084 2867 1332 2935 quoniam
1361 2886 1465 2925 non
1491 2883 1574 2928 est
1596 2877 1882 2932 arbitratus
1905 2895 1989 2934 ra-

403 2946 583 3012 pinam
615 2948 782 3018 ipsam
807 2951 1056 3008 deitatem
1092 2973 1106 3010 :
1139 2972 1242 3011 non
1273 2961 1442 3015 timuit
1467 2979 1534 3017 nc
1555 2967 1672 3035 quis
1699 2969 1796 3023 sibi
1829 2980 1983 3024 natu-

403 3051 518 3089 ram
540 3045 632 3090 aut
654 3038 960 3109 dignitatem
993 3046 1242 3115 eriperet.
1268 3049 1624 3116 Quamobrem
1657 3059 1794 3115 illam
1823 3063 1982 3115 etiam

401 3127 675 3196 deposuit,
707 3148 810 3187 non
839 3136 1083 3194 dubitans
1105 3155 1162 3197 se
1187 3157 1522 3216 recepturum
1544 3167 1558 3215 ;
1581 3163 1736 3222 atque
1757 3155 1983 3211 abscon~

397 3217 512 3283 tlit,
550 3236 655 3274 non
685 3223 807 3280 ideo
826 3242 884 3282 se
918 3229 1176 3288 minorem
1210 3234 1323 3290 ﬁeri
1351 3238 1659 3296 arbitratus.
1693 3245 1980 3316 Propterea

398 3326 506 3364 non
525 3312 679 3380 dixit,
697 3315 812 3372 Non
844 3323 1035 3389 rapuit,
1054 3324 1167 3387 sed,
1196 3325 1316 3382 Non
1340 3332 1571 3398 rapinam
1597 3335 1869 3392 arbitratus
1886 3351 1974 3394 est.

398 3401 513 3454 Non
542 3406 681 3459 enim
707 3424 772 3462 ex
802 3414 984 3478 rapina
1015 3413 1197 3472 habuit
1227 3420 1600 3492 principatum,
1631 3443 1801 3498 neque
1819 3433 1977 3487 etiam

398 3493 465 3544 ab
491 3496 594 3549 alio
615 3500 713 3552 sibi
741 3503 1013 3568 traditum,
1044 3507 1136 3561 sed
1169 3512 1462 3569 naturalem
1483 3558 1498 3582 ,
1528 3518 1772 3574 stabilem
1799 3537 1862 3576 ac
1892 3532 1977 3577 tu-

401 3592 537 3639 tum.
571 3588 690 3642 ideo
720 3608 892 3662 neque
931 3597 1091 3653 etiam
1121 3602 1409 3659 satellitum
1436 3618 1714 3666 cunctatur
1740 3611 1976 3668 habitum

400 3688 631 3731 sumere.
663 3680 942 3751 Tyrannus
980 3691 1162 3743 metuit
1219 3692 1270 3746 in
1324 3694 1464 3750 bello
1495 3713 1781 3770 purpuram
1809 3703 1973 3774 depo-

402 3778 567 3830 nere;
605 3783 697 3822 rex
754 3787 881 3826 vero
922 3775 973 3829 id
1013 3779 1235 3836 lidenter
1259 3799 1322 3839 ac
1349 3795 1463 3841 tuto
1494 3788 1638 3844 facit.
1670 3793 1815 3848 Cur?
1842 3797 1973 3863 Quia

399 3868 510 3906 non
542 3870 608 3911 ex
640 3859 820 3927 rapina
847 3865 1196 3936 principatum
1228 3874 1404 3931 habet.
1428 3877 1543 3934 Non
1571 3898 1699 3953 ergo
1724 3901 1786 3939 ac
1815 3888 1856 3940 si
1888 3905 1972 3941 ra-

391 3945 601 4013 puisset
628 3965 733 4004 non
765 3952 1031 4022 deposuit,
1064 3961 1156 4014 sed
1204 3973 1260 4018 ut
1299 3968 1386 4035 qui
1429 3974 1720 4026 naturalem
1753 3976 1974 4033 haberet

386 4050 623 4108 nutuque
676 4044 924 4102 amittere
964 4065 1248 4122 numquam
1281 4067 1491 4127 posset,
1524 4064 1827 4120 occultavit.
1864 4069 1973 4126 lloe

387 4125 647 4199 inquam,
690 4149 811 4190 esse
836 4141 1094 4208 :rqualem
1130 4142 1236 4198 Deo
1258 4125 1412 4212 ,7uon
1443 4167 1506 4205 ex
1539 4155 1717 4224 rapina
1753 4157 1968 4226 habuit,

388 4219 482 4272 sed
514 4235 545 4273 a
590 4233 812 4291 natura;
867 4231 1214 4298 quamobrem
1255 4237 1490 4312 seipsum
1533 4245 1843 4301 exiuanlvit.
1871 4251 1969 4305 L‘bi

389 4322 514 4366 sunt
538 4317 629 4384 qui
650 4318 852 4384 dicunt,
889 4322 1036 4378 illum
1065 4327 1292 4382 subiisse
1318 4334 1686 4392 necessitatem
1709 4381 1723 4403 ,
1753 4357 1814 4394 ac
1840 4343 1968 4396 sub-

381 4401 582 4466 jectum
606 4408 785 4466 fuis-e.
813 4413 1073 4485 St'ipstmt,
1105 4418 1293 4489 inquit,
1313 4424 1606 4495 exinanivit,
1624 4433 1841 4501 seipstttn
1869 4436 1967 4487 Itu-

387 4495 626 4564 ntilt'arit,
675 4503 906 4558 obcdiens
944 4508 1114 4576 factus
1143 4527 1300 4576 usque
1342 4521 1410 4569 at!
1435 4530 1666 4573 mortem.
1688 4523 1966 4587 Quomodo

384 4586 677 4642 milianivil
699 4593 722 4644 ’ἔ
741 4593 977 4649 Formam
1008 4601 1136 4653 servi
1162 4605 1430 4672 arripiens,
1452 4611 1502 4660 itt
1530 4611 1859 4667 similitudine
1876 4620 1967 4671 lto-

389 4675 588 4728 ntinttnt
619 4683 800 4748 factus,
833 4696 877 4736 et
917 4689 1090 4742 habitu
1130 4693 1360 4748 inventus
1405 4708 1456 4749 ttt
1503 4701 1669 4757 Itonto.
1715 4704 1822 4759 Iloc
1849 4708 1965 4761 loco

382 4777 641 4833 Spectans
669 4773 733 4825 ad
765 4775 919 4842 illud,
953 4778 1255 4851 Superiores
1296 4787 1388 4839 siln'
1418 4791 1623 4844 inritrcm
1663 4796 1966 4852 arbitrantes

379 4858 398 4923 (
421 4857 656 4932 Philipp.
691 4864 742 4918 2.
772 4868 884 4937 5),
918 4868 1032 4926 lucc
1061 4875 1220 4930 verba
1249 4881 1489 4946 protulit,
1521 4884 1756 4954 Seipsttnt
1782 4892 1962 4943 eritta-

378 4951 521 5004 m'rit.
546 4953 757 5012 Etenim
781 4960 825 5013 si
849 4961 1121 5032 subjectus
1148 4965 1350 5035 fuisset,
1374 4987 1436 5027 ac
1460 4991 1563 5028 non
1590 4951 1780 5047 sponte
1804 4994 1964 5051 atque

371 5057 436 5093 ex
466 5043 652 5114 seipse
684 5047 784 5105 hoc
813 5055 1162 5124 suscepisset,
1191 5058 1240 5113 id
1274 5060 1585 5120 humilitatis
1613 5086 1714 5125 non
1749 5070 1957 5128 fuisset.

369 5132 501 5188 Nam
550 5138 594 5191 si
642 5139 908 5209 ignoravit
952 5145 1053 5201 hoc
1095 5164 1214 5204 esse
1243 5150 1566 5219 faciendum,
1617 5161 1960 5229 impertertus

366 5235 514 5279 i‘crle
547 5227 716 5283 fuerit
758 5247 773 5284 :
805 5233 850 5285 si
899 5250 1026 5288 vero
1075 5241 1321 5296 nesciens
1352 5253 1557 5312 tempus
1587 5255 1834 5320 pra-eepti
1869 5271 1956 5308 ex-

371 5321 658 5385 spectavit,
721 5332 933 5392 tempus
982 5343 1113 5384 sane
1163 5346 1266 5385 noa
1321 5340 1548 5389 novt-rit.
1600 5341 1749 5410 Quod
1805 5346 1845 5397 si
1903 5356 1956 5400 et

367 5405 669 5466 iieiendum
703 5429 824 5468 esse
847 5456 862 5480 ,
909 5426 1098 5487 etquo
1148 5430 1388 5493 tempoie
1439 5426 1737 5485 [ιιιιὴειιιιιιιιι
1767 5435 1954 5500 scivit;

363 5512 606 5564 q'neuam
635 5517 800 5555 causa
831 5513 933 5568 est,
965 5521 1060 5561 cur
1088 5509 1232 5564 illutn
1259 5514 1557 5578 subici-turn
1592 5517 1752 5576 fuisse
1779 5523 1957 5580 dicen-

363 5588 482 5641 tilmt
514 5592 626 5645 sit?
662 5593 732 5647 Ut
762 5593 958 5662 Patris,
1008 5600 1280 5670 inquiunt,
1328 5611 1690 5675 pra-stantiam
1732 5613 1948 5673 indicet.

363 5677 499 5737 istud
541 5701 665 5738 :er.»
695 5702 804 5738 non
831 5698 910 5739 est
947 5688 1119 5746 Patris
1159 5697 1520 5763 priestantiam
1561 5698 1832 5776 indicare,
1860 5713 1951 5768 sed

703 5779 981 5846 PATnOL.
1025 5789 1140 5852 Gn.
1192 5795 1381 5862 LXII.

1340 287 1404 343 lN
1441 287 1654 346 EPIST.
1695 292 1786 348 AD
1826 291 2108 351 PliilJPi’.
2150 294 2300 350 CAP.
2346 295 2407 351 11.
2449 298 2678 357 nemo.
2723 303 2834 362 \‘il.

3615 329 3720 388 230

2133 422 2283 465 suam
2313 413 2592 469 utilitati-tn
2621 434 2634 472 :
2662 417 2828 474 Patris
2872 423 3012 479 enim
3058 441 3252 485 nomen
3281 449 3455 493 nonne
3483 443 3612 498 satis
3635 457 3719 506 est

2131 500 2199 553 ad
2241 500 2579 561 indicandum
2622 507 2794 566 Patris
2833 513 3061 582 priorem
3103 518 3156 573 in
3205 523 3412 595 origine
3451 500 3715 594 gradum;

2134 588 2244 644 lloc
2272 600 2450 646 autem
2483 611 2590 648 uno
2611 610 2834 670 excepto
2855 643 2869 667 ,
2899 607 3038 674 quod
3068 608 3224 667 Pater
3256 588 3360 668 non
3388 628 3504 685 est,
3534 626 3712 680 onmla

2137 681 2325 737 eadem
2366 683 2524 740 habet
2567 689 2753 745 Filius.
2795 695 2872 750 Ac
2915 711 3044 754 sane
3095 718 3268 774 neque
3307 719 3462 779 aptus
3492 681 3594 770 rest
3628 715 3714 773 hic

2129 772 2334 840 honor,
2364 778 2454 847 qui
2500 795 2528 833 a
2563 781 2718 837 Patre
2749 791 3021 854 perveniat
3055 792 3107 849 in
3151 772 3362 854 Filium:
3397 803 3508 860 Hoc
3532 772 3708 865 autem

2125 877 2386 934 excepto,
2427 885 2777 944 qna-cumque
2820 877 2992 936 Patris
3034 895 3196 954 sunt,
3231 889 3363 947 Filio
3398 897 3556 953 etiam
3587 910 3710 956 sunt

2122 968 2447 1013 communia.

2194 1047 2249 1101 2.
2298 1048 2486 1105 Contra
2517 1053 2896 1117 Marcionistas.
2919 1093 2990 1109 η-
3012 1067 3122 1124 iloc
3169 1071 3287 1128 loco
3309 1075 3663 1142 Mareionistte
3687 1129 3705 1153 ,

2121 1137 2263 1206 quod
2290 1139 2490 1195 dictum
2521 1155 2602 1199 est
2622 1150 2958 1217 arripientes,
2991 1157 3252 1228 inquiunt,
3283 1164 3397 1220 Non
3421 1185 3498 1225 est
3534 1137 3703 1232 thetin;

2120 1227 2310 1294 homo,
2369 1232 2464 1288 sed
2488 1276 2502 1296 ,
2560 1237 2613 1290 ln
2659 1240 3006 1301 similitudine
3035 1247 3307 1308 hominum
3339 1259 3526 1317 lactus.
3555 1267 3702 1332 Quo-

2119 1320 2279 1373 modo
2307 1338 2433 1377 vero
2462 1337 2637 1396 potest
2665 1331 2785 1399 quis
2806 1333 2854 1386 iti
2877 1335 3224 1398 similitudine
3245 1342 3516 1405 hominum
3549 1355 3658 1408 lieri
3681 1360 3704 1410 ’Β

2117 1410 2358 1466 umbram
2411 1415 3084 1490 indutus?igituridoium
3134 1432 3272 1488 istud
3311 1447 3425 1500 est,
3483 1443 3702 1502 minime

2115 1512 2245 1553 vero
2290 1501 2523 1560 hominis
2559 1511 2855 1568 similitudo
2898 1532 2910 1566 :
2947 1515 3177 1574 hominis
3219 1526 3362 1581 enim
3405 1529 3700 1589 similitudo

2113 1588 2252 1644 alter
2291 1595 2451 1648 homo
2480 1607 2580 1652 est.
2613 1600 2750 1666 Quid
2790 1615 2968 1662 autem
3019 1613 3369 1679 respondebis
3406 1619 3597 1678 Joanni
3624 1629 3695 1681 ita

2109 1678 2326 1748 dicenti,
2369 1683 2585 1741 i’erbmn
2624 1708 2743 1746 caro
2772 1699 2960 1765 factum
2999 1711 3073 1754 est
3110 1678 3304 1771 (latnt.
3334 1710 3383 1764 1.
3415 1713 3559 1784 ΗΠ

2111 1785 2228 1824 rum
2279 1785 2333 1829 ct
2361 1775 2448 1831 hic
2479 1779 2590 1848 ipse
2620 1783 2650 1836 b
2672 1795 2802 1840 ~atus
2829 1790 2955 1846 alibi
2995 1794 3200 1864 inquit,
3249 1799 3316 1854 In
3359 1775 3694 1866 similitudine

2107 1865 2275 1918 carnis
2297 1871 2486 1933 peccati
2506 1871 2680 1942 (Rom.
2708 1877 2761 1933 8.
2792 1880 2868 1950 5).
2905 1879 2972 1935 Et
3001 1885 3173 1942 lialtittt
3195 1891 3425 1951 inventus
3445 1909 3499 1953 ut
3517 1903 3690 1959 homo.

2111 1952 2250 2009 Ecce
2279 1955 2545 2027 inquiunt,
2572 1964 2635 2016 Iit
2659 1967 2850 2034 ltabittt,
2874 1983 2949 2037 et,
2987 1974 3054 2029 (ft
3079 1978 3248 2034 Itonia.
3279 1985 3344 2038 At
3372 2002 3491 2044 esse
3513 2002 3564 2046 ut
3595 1993 3694 2047 ito-

2106 2044 2325 2111 minem,
2349 2057 2404 2101 et
2431 2065 2552 2106 esse
2580 2053 2761 2112 habitu
2791 2061 3082 2132 hominem,
3118 2068 3220 2126 hoc
3250 2089 3583 2148 nequaquam
3605 2097 3687 2141 cst

2106 2147 2231 2188 vere
2258 2135 2527 2195 hominem
2549 2161 2699 2200 esse:
2727 2150 2904 2206 habitu
2921 2157 3061 2210 enim
3087 2161 3356 2222 hominem
3377 2185 3437 2224 es
3467 2186 3518 2237 θ.
3543 2175 3688 2233 aliud

2107 2234 2190 2278 est
2225 2242 2289 2281 ac
2327 2241 2512 2285 natura
2550 2251 2670 2292 esse
2709 2239 3000 2301 hominem.
3048 2249 3232 2308 \‘itlete
3275 2271 3433 2328 quam
3459 2278 3560 2334 ego
3602 2267 3686 2322 iti-

2103 2333 2276 2381 igenue
2305 2331 2359 2374 et
2380 2339 2534 2394 :rquo
2561 2343 2740 2384 animo
2768 2350 2830 2388 ea
2852 2377 2864 2396 ,
2894 2353 3014 2408 qtne
3039 2342 3107 2394 ab
3135 2345 3456 2408 adversariis
3491 2331 3685 2413 dicun-

2102 2416 2205 2468 tur,
2229 2409 2483 2468 alteram?
2503 2418 2651 2474 Tune
2676 2424 2815 2478 enim
2847 2427 3059 2486 demum
3087 2435 3360 2502 splendida
3399 2460 3460 2500 ac
3489 2448 3686 2508 redun-

2100 2498 2235 2552 dans
2291 2505 2508 2562 victoria
2553 2522 2699 2580 parta
2740 2519 2862 2582 erit,
2917 2537 3038 2576 tnui
3073 2525 3284 2584 illorum
3331 2549 3680 2605 argumenta,

2097 2605 2217 2658 qua:
2246 2593 2443 2663 aliquid
2467 2600 2677 2658 roboris
2703 2607 2951 2666 videntur
2977 2613 3189 2684 habere,
3217 2623 3680 2686 miuimeabscon-

2095 2679 2336 2737 domnus
2368 2705 2383 2742 ε
2426 2689 2758 2752 abscondere
2783 2702 2926 2755 enim
2951 2745 2967 2771 ,
3019 2709 3195 2775 potius
3225 2712 3379 2770 dolus
3407 2731 3488 2775 est
3519 2740 3677 2794 quam

2095 2775 2336 2830 victoria.
2381 2781 2516 2846 Quid
2571 2785 2730 2854 igitur
2784 2792 3281 2860 inquiunt?rursns
3322 2813 3462 2867 enim
3489 2775 3678 2876 eadem

2096 2880 2397 2934 repetamus
2429 2891 2441 2926 :
2469 2877 2626 2933 Aliud
2657 2891 2735 2934 est
2762 2883 2944 2941 habitu
2987 2890 3257 2952 hominem
3285 2917 3440 2972 esse,
3478 2922 3542 2964 ac
3579 2929 3679 2964 ttu-

2093 2965 2240 3024 tura;
2263 2973 2425 3031 atque
2452 2981 2572 3023 esse
2592 2981 2645 3022 ut
2668 2972 2966 3046 hominem,
2990 2991 3044 3036 et
3065 2985 3116 3038 in
3139 2988 3485 3052 similitudine
3507 3000 3680 3058 homic

2093 3049 2174 3102 nis
2226 3065 2384 3120 esse,
2427 3058 2570 3113 aliud
2612 3073 2693 3118 est
2745 3078 2904 3137 atque
2945 3074 3212 3133 hominem
3259 3101 3396 3139 esse.
3457 3091 3596 3163 Ergo
3622 3108 3678 3153 et

2093 3144 2120 3163 1⁵Δ
2147 3160 2170 3163 μ
2195 3161 2200 3163 .
2232 3161 2249 3163 -
2281 3162 2287 3163 κ
2470 3152 2481 3162 ⁸
2612 3156 2622 3163 ³

3505 3144 3588 3163 Ὃ.
3627 3144 3674 3153 ν.

2090 3144 2313 3199 fortnam
2343 3152 2481 3205 servi
2513 3156 2774 3224 accipere,
2823 3177 2927 3217 non
2967 3175 3051 3220 est
3080 3170 3302 3230 fortnam
3349 3183 3488 3236 servi
3531 3189 3674 3240 at-ci-

2096 3249 2238 3302 pere.
2262 3237 2454 3294 Secum
2480 3244 2637 3312 igitur
2667 3248 2766 3304 hoc
2791 3252 2957 3321 ipsum
2990 3272 3204 3328 pugnat,
3224 3274 3279 3318 et
3305 3285 3468 3336 quare
3491 3282 3544 3326 ιιι
3567 3292 3676 3335 nun

2090 3329 2233 3392 prior
2263 3330 2401 3384 istud
2427 3335 2713 3392 tlissolvis?
2743 3343 2870 3397 Nam
2908 3353 3353 3416 quemadmodum
3383 3361 3496 3417 iure
3521 3369 3674 3424 nobis

2085 3419 2355 3476 adversari
2387 3427 2681 3495 exisumas,
2725 3434 2793 3488 ita
2834 3445 2885 3490 et
2929 3453 3027 3494 nos
3068 3443 3208 3500 istud
3265 3449 3356 3505 tibi
3400 3455 3672 3516 adversari

2082 3513 2436 3571 ostendimus.
2463 3519 2577 3575 Non
2606 3525 2746 3578 enim
2789 3527 2942 3596 dixit,
2974 3531 3041 3588 Ut
3088 3533 3256 3596 forma
3281 3546 3442 3614 servi,
3475 3565 3666 3622 neque,

2087 3602 2141 3656 lu
2165 3603 2512 3665 similitudine
2535 3611 2722 3670 furtiue
2748 3621 2910 3686 servi,
2941 3640 3132 3696 neque,
3181 3631 3233 3686 lti
3278 3633 3457 3694 habitu
3487 3642 3671 3701 formae

2086 3695 2252 3761 Servi,
2279 3697 2392 3763 sed,
2425 3699 2667 3758 Formam
2693 3710 2820 3763 servi
2839 3718 3052 3784 accepit.
3076 3719 3212 3786 Quid
3242 3724 3399 3794 igitur
3427 3729 3527 3787 hoc
3550 3740 3670 3791 est?

2081 3786 2337 3846 subestne
2364 3791 2538 3866 aliqua
2567 3797 2618 3852 itt
2652 3801 2828 3858 verbis
2849 3821 3021 3879 pugna
3045 3811 3067 3864 ?
3095 3786 3466 3891 Nttllavpugna,
3493 3826 3667 3900 absit;

2081 3879 2173 3932 sed
2203 3891 2283 3936 est
2313 3882 2525 3940 illorum
2560 3889 2804 3961 frigidum
2847 3915 2908 3953 ac
2947 3902 3232 3962 ridiculum
3260 3879 3481 3970 dieiuni.
3531 3879 3666 3976 For:

2080 3987 2219 4027 mam
2244 4016 2258 4041 ,
2291 3975 2550 4048 inquiunt,
2575 3988 2714 4039 servi
2745 3995 2970 4060 accepit,
2999 4011 3120 4052 cum
3153 4001 3316 4058 linteo
3341 4008 3665 4069 circumcin-

2078 4074 2194 4121 clus
2223 4067 2606 4141 discipulorum
2639 4079 2802 4146 pedes
2845 4083 2988 4138 lavit.
3025 4087 3257 4145 lloccine
3313 4096 3481 4153 forma
3522 4109 3664 4161 servi

2076 4161 2195 4213 est?
2219 4159 2535 4234 Neutiquam
2569 4168 2734 4225 forma
2763 4175 2901 4229 servi
2924 4187 3027 4245 est,
3058 4182 3152 4236 sed
3170 4198 3304 4252 Opus
3319 4192 3458 4245 servi
3481 4215 3492 4246 :
3517 4195 3664 4252 aliud

2077 4265 2202 4304 vero
2228 4263 2309 4308 est
2337 4269 2470 4324 Opus
2499 4260 2638 4313 servi
2666 4276 2806 4323 esse.
2835 4279 2897 4318 ac
2943 4268 3165 4325 fortnam
3205 4279 3345 4336 svrvi
3396 4286 3662 4354 accipere.

2075 4341 2184 4396 Cur
2208 4345 2348 4397 enim
2380 4363 2484 4399 non
2517 4349 2585 4401 ita
2617 4351 2768 4417 dixit,
2799 4355 2944 4426 Opus
2967 4363 3104 4414 Servi
3136 4363 3281 4431 fecit,
3313 4373 3453 4438 quod
3484 4380 3658 4433 mani-

2076 4431 2259 4487 i't-stlus
2289 4440 2442 4490 erat?
2471 4440 2741 4510 Nusquam
2789 4450 3009 4505 omnino
3064 4455 3113 4508 in
3142 4458 3414 4530 Setiptnra
3460 4486 3658 4530 nomen

2073 4529 2258 4584 forma:
2294 4548 2389 4604 pro
2433 4553 2596 4603 opere
2621 4550 2701 4595 est
2741 4556 3068 4614 usurpatum.
3103 4551 3284 4623 Magna
3316 4562 3457 4614 enim
3500 4566 3657 4624 din‘c.

2074 4623 2241 4676 rentia
2276 4625 2555 4682 intercedit
2601 4649 2614 4686 :
2659 4650 2778 4688 nam
2807 4638 3036 4699 alterunt
3065 4644 3279 4714 quidem
3307 4662 3510 4708 naturae
3539 4666 3654 4728 est,

2071 4714 2296 4770 alterum
2341 4733 2468 4773 vero
2494 4725 2840 4790 operationis.
2887 4729 2995 4789 Nec
3020 4750 3148 4792 vero
3177 4755 3426 4814 umquam
3454 4746 3506 4804 in
3536 4749 3656 4823 ipso

2071 4805 2229 4860 etiam
2256 4822 2350 4860 usu
2375 4809 2624 4885 loquendi
2644 4815 2867 4876 fortnam
2892 4839 2988 4892 pro
3008 4841 3170 4897 opere
3184 4805 3431 4893 dicimus.
3454 4805 3654 4912 Quam:

2069 4909 2226 4965 quam
2255 4899 2392 4968 apud
2422 4901 2553 4957 istos
2587 4921 2653 4960 ne
2688 4923 2824 4976 Opus
2849 4915 3063 4983 quidem
3112 4920 3256 4987 fecit,
3299 4899 3498 4997 nequew
3525 4949 3649 4989 suc-

2070 4989 2230 5044 cuixit
2274 5005 2349 5044 se.
2380 4991 2608 5062 Etenim,
2649 4999 2692 5052 si
2731 5000 2779 5054 id
2821 5006 2999 5072 specie
3039 5019 3240 5066 tantum
3271 5015 3462 5086 ﬁebat,
3504 5025 3647 5078 nulla

2069 5085 2184 5129 crat
2215 5083 2411 5137 veritas
2445 5101 2458 5136 :
2486 5085 2530 5138 si
2560 5102 2749 5143 manus
2777 5106 2881 5147 non
2910 5093 3167 5164 habebat,
3198 5109 3462 5172 quomoda
3484 5111 3650 5169 laiit?

2068 5165 2112 5218 si
2158 5183 2312 5223 rencs
2344 5187 2448 5226 non
2500 5175 2701 5243 habuit,
2745 5187 3013 5248 quomodo
3057 5203 3112 5242 se
3153 5192 3317 5250 linteo
3355 5204 3647 5261 suecinxit?

2067 5273 2232 5330 ecqua
2267 5279 2392 5317 vero
2418 5265 2576 5322 etiam
2598 5271 2912 5327 vestimenta
2960 5284 3377 5356 sumpsit?nam,
3411 5293 3638 5364 Art-epit.

2069 5351 2256 5422 inquit,
2290 5357 2577 5410 vestimenta
2602 5377 2692 5410 sua
2716 5361 2908 5426 (Joan.
2943 5369 3023 5422 l5.
3055 5351 3138 5438 tl).
3167 5373 3228 5432 Ut
3257 5378 3412 5446 igitur
3437 5385 3641 5439 nuiiutn

2066 5439 2149 5494 hic
2163 5446 2471 5513 opus,quod
2501 5463 2620 5501 vere
2641 5448 2836 5504 tinctum
2868 5453 3043 5522 fuerit,
3062 5465 3350 5533 reperitur,
3372 5471 3464 5524 sed
3490 5489 3631 5530 mera
3663 5512 3666 5515 -

2066 5533 2239 5587 illusio
2265 5554 2274 5587 :
2299 5536 2365 5588 ita
2393 5551 2562 5606 neque
2583 5537 2964 5607 discipulorum
2988 5551 3150 5620 pedes
3167 5555 3314 5610 lavit.
3338 5559 3466 5613 Nam
3486 5561 3530 5613 si
3560 5564 3638 5616 in.

2063 5640 2315 5699 corporea
2333 5627 2414 5681 illa
2432 5636 2611 5682 natura
2634 5644 2738 5683 non
2753 5640 3014 5704 apparuit,
3035 5657 3206 5713 neque
3223 5647 3272 5703 in
3290 5663 3511 5717 corpore
3525 5652 3639 5708 t‘ult.

2110 5718 2294 5774 Contra
2319 5719 2534 5772 Pmtlttut
2557 5719 3165 5800 Santosatettnm.--Quis
3184 5737 3338 5800 igitur
3354 5737 3642 5806 discipulos

3218 5827 3291 5894 15
