4030 6204
351 191 448 245 251

348 301 510 357 lavit?
537 299 674 369 Quid
723 312 908 353 rursus
950 297 1200 350 adversus
1253 295 1474 349 Paulum
1520 293 1926 347 Samosatcnum

348 392 680 449 atl'eremus?
727 391 989 459 Quidnam
1029 388 1121 443 ille
1168 387 1339 442 dicit?
1380 387 1545 441 Plane
1598 385 1784 441 idem:
1818 401 1926 440 non

349 487 452 542 hoc
480 494 562 539 cst
588 481 896 546 exinanitio,
919 495 1041 535 eum
1059 478 1146 547 qui
1170 487 1413 531 naturam
1436 475 1593 530 habet
1617 475 1924 543 humanam,

348 589 615 646 purusque
647 574 806 627 homo
841 582 942 633 est,
980 568 1156 622 lavare
1186 581 1493 622 conservos.
1517 567 1645 634 ane
1671 567 1813 620 enim
1834 565 1932 619 ad-

347 681 536 723 versus
570 665 797 720 Arianos
831 661 1081 723 diximus,
1109 659 1268 713 etiam
1292 658 1548 713 adversus
1582 658 1711 712 istos
1739 656 1928 712 dicen-

350 762 476 815 dum
493 778 505 812 :
522 758 651 813 nihil
667 756 808 811 enim
832 755 969 808 inter
984 767 1078 807 eos
1101 752 1342 817 interest,
1361 750 1461 804 nisi
1478 750 1641 805 hrcve
1658 748 1924 818 quoddam

350 849 607 919 temporis
636 844 974 900 intervallum
1013 861 1027 898 :
1061 844 1270 912 utrique
1313 841 1456 896 enim
1487 849 1788 894 creaturam
1816 849 1927 892 sta-

350 950 499 995 tuunt
516 939 610 994 Dei
627 938 843 993 Filium.
866 936 1002 1004 Quid
1021 934 1179 1005 igitur
1197 934 1455 989 adversus
1480 933 1624 1004 ipsos
1652 929 1927 987 dicemus?

346 1033 401 1086 Si
425 1032 583 1086 homo
614 1029 858 1085 hotuines
887 1027 1031 1093 lavit,
1063 1041 1170 1080 non
1203 1023 1448 1089 inanivit,
1497 1039 1604 1077 non
1631 1020 1929 1076 humiliavit

351 1123 586 1192 seipsutr.
618 1119 702 1174 :si
739 1133 860 1173 cum
891 1118 1051 1172 homo
1080 1124 1245 1180 esset,
1278 1130 1383 1168 non
1413 1112 1516 1169 hoc
1539 1113 1742 1183 rapuit,
1772 1112 1930 1166 nimi-

349 1228 467 1268 rum
494 1226 616 1267 esse
640 1209 897 1280 aequalem
945 1208 1075 1274 Deo,
1121 1205 1358 1277 profecto
1379 1220 1486 1259 non
1517 1214 1596 1260 est
1626 1218 1723 1258 cur
1742 1200 1930 1256 laude-

348 1319 452 1362 tur.
476 1304 608 1362 Nam
630 1319 755 1359 eum
776 1301 989 1374 quidem
1024 1301 1116 1372 qui
1162 1300 1305 1353 Deus
1344 1299 1417 1352 sit
1458 1296 1731 1351 hominem
1771 1293 1923 1373 tieri‘,

349 1413 539 1470 magna
570 1395 959 1465 inettabilisque
998 1391 1297 1447 humiliatio
1342 1399 1459 1456 est;
1486 1403 1610 1444 eum
1660 1401 1789 1442 vero
1835 1384 1928 1455 qui

349 1491 512 1544 homo
560 1488 632 1543 sit
678 1487 908 1542 humana
940 1483 1151 1550 tacere,
1203 1497 1322 1551 qua:
1352 1478 1563 1536 tandem
1590 1476 1927 1533 humiliatio?

351 1580 573 1637 Ubinam
598 1593 728 1632 vero
754 1573 924 1631 forma
953 1573 1047 1629 Dei
1073 1572 1370 1643 appellatur
1396 1584 1531 1641 opus
1554 1569 1685 1625 Dei?
1714 1567 1927 1622 Etenim

346 1675 391 1727 si
429 1688 593 1743 purus
620 1671 782 1725 homo
818 1676 969 1733 erat,
1019 1676 1180 1736 atque
1217 1679 1285 1718 ex
1334 1662 1585 1733 operibus
1630 1659 1928 1731 appellatur

348 1770 514 1823 forma
548 1767 673 1831 Dei,
705 1780 800 1820 cur
827 1777 931 1818 non
957 1771 1011 1816 et
1040 1760 1093 1815 in
1113 1758 1275 1814 Petro
1298 1757 1349 1813 id
1378 1756 1656 1822 faciamus,
1683 1755 1774 1825 qui
1807 1767 1925 1808 ma-

340 1862 460 1930 jora
477 1858 640 1915 etiam
660 1870 824 1927 opera
845 1851 1046 1920 edidit?
1074 1865 1170 1906 cur
1192 1863 1295 1904 non
1312 1855 1367 1903 et
1384 1847 1606 1903 Paulum
1631 1844 1805 1914 inquis
1832 1843 1926 1898 Dei

346 1956 571 2006 formam
602 1944 892 2003 habuisse?
917 1959 1015 2000 cur
1037 1957 1141 1998 non
1184 1949 1240 1995 ct
1265 1941 1503 2010 seipsum
1530 1937 1596 1992 ad
1621 1937 1926 2005 exemptum

344 2042 623 2116 proposiiit
671 2039 901 2101 Paulus.
933 2037 1022 2108 qui
1063 2042 1314 2090 sexcenta
1363 2030 1662 2087 ministeria
1712 2027 1925 2083 servitia

343 2135 604 2198 obiverat,
631 2146 697 2187 ac
722 2129 924 2185 nullum
952 2124 1327 2183 recusaverat?
1353 2123 1428 2177 ait
1454 2122 1618 2186 enim,
1649 2118 1770 2173 Non
1793 2120 1928 2173 enim

348 2224 678 2293 nosmetipsos
724 2219 1077 2292 pradicamus,
1106 2216 1195 2271 sed
1234 2214 1411 2269 Jesum
1452 2213 1708 2268 Christum
1752 2209 1929 2264 Domi-

346 2332 491 2381 num,
521 2329 613 2368 nos
650 2322 822 2366 autem
860 2325 1028 2365 serros
1066 2316 1258 2362 vestros
1286 2322 1375 2375 per
1394 2302 1572 2358 Iesum
1603 2304 1621 2373 (
1638 2302 1692 2355 2.
1717 2299 1838 2356 Cor.
1869 2301 1923 2355 4.

345 2408 431 2478 5).
465 2404 709 2462 Ridicula
749 2417 814 2459 ac
836 2415 989 2472 nugs:
1013 2410 1160 2464 sunt,
1191 2412 1311 2467 quae
1353 2397 1420 2450 ab
1464 2395 1582 2450 istis
1610 2393 1923 2448 atteruntur.

346 2497 642 2554 Eainanivit
690 2495 929 2565 seipsum,
958 2491 1146 2561 inquit.
1183 2487 1464 2556 Quomodo
1489 2486 1725 2555 seipsum
1754 2484 1928 2538 lmini-

345 2590 493 2645 liavit
512 2594 536 2647 ?
556 2587 643 2642 dic
669 2583 797 2640 tnihi
819 2594 974 2653 ;qu:e
1003 2590 1083 2636 est
1103 2579 1218 2633 ltarc
1245 2575 1576 2632 exinanitio?
1606 2589 1726 2643 qua:
1755 2572 1929 2626 humi-

343 2679 537 2735 liatio?
565 2693 634 2732 an
658 2676 912 2747 quoniam
930 2670 1185 2728 miracula
1213 2667 1419 2724 edidit?
1441 2668 1511 2722 At
1529 2665 1634 2720 hoc
1653 2676 1710 2719 et
1730 2662 1926 2718 Paulus

344 2781 398 2825 et
413 2771 600 2826 Petrus
620 2765 984 2839 prmstiterunt
1007 2780 1021 2817 :
1044 2758 1387 2831 quamobrem
1408 2772 1511 2812 nou
1534 2755 1637 2810 hoc
1656 2754 1924 2825 proprium

345 2878 409 2918 ac
437 2859 706 2932 peculiare
735 2855 854 2911 Filii
877 2854 1054 2910 l'uerit.
1078 2850 1217 2918 Quid
1243 2849 1404 2920 igitur
1430 2847 1532 2903 sibi
1554 2846 1736 2900 volunt
1765 2845 1925 2900 verba

346 2955 457 3020 illa,
494 2951 559 3007 In
581 2946 967 3004 similitudinem
991 2944 1250 2997 hominum
1272 2944 1436 3012 factus
1452 2938 1477 2992 .9
1496 2936 1656 2992 Multa
1689 2935 1781 2990 ille
1805 2934 1924 3004 qui-

350 3048 472 3099 dem
505 3049 687 3096 nostra
718 3036 925 3100 habuit,
971 3032 1137 3089 multa
1164 3045 1292 3086 vero
1321 3044 1428 3085 non
1477 3026 1695 3092 habuit;
1746 3024 1929 3094 hujus-

349 3138 492 3191 modi
520 3141 665 3199 sunt,
720 3144 826 3185 non
855 3142 978 3185 esse
1006 3135 1188 3180 uatum
1231 3139 1295 3178 cx
1327 3120 1706 3178 commixtione
1732 3131 1927 3185 corpo-

352 3247 494 3296 rum,
524 3233 800 3298 peccaturo
823 3236 928 3278 non
951 3218 1255 3275 admisisse.
1274 3215 1399 3270 l'lzec
1427 3212 1596 3284 ipsius
1624 3219 1776 3266 erant
1807 3223 1929 3279 pro-

352 3322 486 3390 pria,
519 3317 760 3385 nullique
800 3312 1077 3368 hominum
1119 3305 1447 3364 communia.
1475 3302 1593 3358 Non
1624 3301 1725 3356 hoc
1752 3299 1927 3354 solum

349 3420 464 3466 erat
492 3407 630 3479 quod
657 3403 968 3475 apparebat,
1000 3399 1094 3456 sed
1135 3398 1295 3453 etiam
1328 3398 1487 3452 Deus.
1522 3392 1730 3448 Etenim
1758 3404 1926 3461 appa-

353 3503 500 3558 rebat
528 3498 743 3569 quidem
773 3497 958 3561 homo,
981 3493 1033 3546 in
1062 3489 1242 3545 multis
1268 3502 1395 3543 vero
1420 3500 1528 3542 non
1557 3491 1675 3540 erat
1700 3481 1924 3549 similis,

353 3587 568 3645 tametsi
593 3598 754 3639 carne
784 3581 977 3637 similis
1000 3588 1135 3634 erat.
1170 3577 1283 3631 lloe
1322 3576 1483 3645 igitur
1510 3573 1609 3628 ista
1640 3571 1801 3627 verba
1848 3569 1930 3624 in-

353 3680 555 3742 dicant,
586 3691 691 3730 non
718 3673 877 3728 fuisse
892 3684 1081 3740 purum
1102 3666 1371 3721 hominem
1393 3683 1406 3718 :
1429 3672 1711 3735 propterea
1734 3663 1925 3731 inquit,

353 3770 421 3827 In
447 3764 776 3825 similitudine
821 3761 1077 3817 hominum
1107 3760 1125 3828 (
1153 3758 1300 3811 Itoni.
1349 3756 1405 3811 8.
1460 3755 1547 3823 5).
1582 3753 1790 3808 Etenim
1832 3764 1930 3806 nos

353 3862 570 3935 quidem
599 3857 773 3914 anima
798 3862 855 3913 et.
882 3865 1078 3922 corpus
1104 3863 1322 3912 smnus;
1373 3845 1624 3935 illegvero
1651 3844 1791 3898 Deus
1808 3883 1824 3911 ,
1876 3852 1931 3897 et

360 3933 532 4014 anima
561 3961 617 4009 et
658 3962 893 4019 corpus:
923 3949 1202 4014 propterea
1229 3937 1417 4008 inquit,
1461 3933 1527 3989 In
1575 3934 1927 3989 similitudine.

340 4047 563 4104 Etenim
609 4056 678 4098 ne
727 4038 950 4094 audiens
1001 4047 1161 4089 voces
1213 4030 1365 4096 illas,
1420 4026 1710 4082 Exiuanirit
1756 4032 1935 4079 semct-

352 4141 518 4208 ipsum
536 4176 552 4201 ,
581 4131 928 4189 mutationem
965 4125 1196 4196 aliquam
1238 4120 1522 4191 suspiceris
1549 4132 1612 4173 ac
1635 4117 1931 4188 degenera-

357 4207 556 4283 tiouem
583 4232 638 4279 et
661 4220 955 4285 interitum,
987 4214 1227 4278 Mauens,
1259 4209 1449 4281 inquit,
1480 4207 1623 4280 quod
1665 4215 1803 4273 erat,
1847 4219 1932 4259 as-

354 4314 585 4386 sumpsit
611 4310 748 4384 quod
798 4324 903 4364 non
946 4313 1083 4373 erat,
1122 4311 1177 4360 et
1224 4317 1351 4357 caro
1380 4300 1548 4356 tactus
1574 4296 1933 4371 perseveravit

357 4425 477 4465 esse
511 4410 647 4462 licus
673 4404 923 4461 Verbum.

423 4501 477 4554 5.
521 4498 630 4552 llac
660 4494 821 4565 igitur
863 4491 1068 4547 ratione
1109 4488 1306 4544 Paulus
1331 4485 1504 4552 dixit,
1554 4485 1784 4541 similem
1812 4499 1933 4540 esse

355 4590 591 4651 homini,
625 4597 781 4657 atque
802 4592 1081 4654 propterea
1106 4580 1252 4635 addit
1277 4620 1293 4645 ,
1329 4579 1392 4633 Et
1417 4580 1590 4633 habitu
1612 4595 1633 4636 :
1656 4594 1760 4634 non
1787 4581 1931 4633 enim

357 4693 543 4738 natura
565 4675 926 4748 degeneravit,
959 4687 1129 4742 neque
1149 4671 1389 4726 confusio
1408 4671 1514 4725 ulla
1546 4670 1680 4725 facta
1711 4680 1810 4735 est,
1837 4669 1931 4725 sed

355 4772 539 4827 habitu
567 4768 736 4823 factus
755 4773 856 4820 cst.
885 4764 1013 4818 Nam
1030 4764 1151 4815 cum
1176 4759 1648 4821 dixissett'ormam
1673 4761 1811 4815 servi
1845 4774 1934 4814 ac-

357 4867 587 4937 cepisse,
611 4861 835 4917 tidenler
864 4866 1044 4929 postea
1068 4854 1207 4908 istud
1235 4854 1394 4908 etiam
1426 4854 1663 4923 protulit,
1684 4852 1932 4907 nimirum

354 4973 476 5012 rum
499 4953 625 5011 illud
656 4950 852 5007 nemini
883 4963 989 5004 non
1018 4961 1079 5001 os
1100 4943 1471 5013 obstrinxisset.
1495 4943 1702 4998 Etenim
1732 4952 1785 4998 et
1813 4958 1934 4999 cum

356 5051 427 5102 ita
457 5046 604 5109 dicit,
630 5043 693 5096 In
718 5037 1048 5096 similitudine
1073 5036 1241 5090 carnis
1268 5034 1480 5106 peccati,
1513 5048 1617 5087 non
1651 5033 1748 5089 hoc
1785 5033 1933 5101 dicit,

363 5150 577 5191 carnem
601 5149 705 5187 non
724 5129 994 5192 habuisse,
1016 5126 1108 5181 sed
1136 5140 1353 5181 carnem
1371 5124 1515 5178 illam
1538 5139 1641 5178 non
1665 5139 1934 5192 peccasse,

359 5246 377 5278 ι
390 5225 585 5280 imilem
611 5231 786 5276 tamen
806 5217 967 5274 fuisse
983 5228 1161 5287 peccat
1173 5216 1288 5271 rici.
1309 5215 1363 5269 In
1380 5232 1484 5285 quo
1505 5214 1727 5270 similis?
1745 5216 1941 5270 Secun-

360 5319 486 5369 dum
516 5322 776 5375 naturam,
803 5324 907 5363 non
930 5307 1221 5362 secundum
1253 5306 1542 5360 malitiam:
1572 5316 1851 5376 propterea
1877 5308 1940 5360 si-

360 5406 502 5459 milis
519 5401 711 5457 anima:
732 5396 1033 5469 peccatrici.
1052 5395 1514 5465 Quemadmodum
1533 5396 1692 5467 igitur
1708 5396 1778 5451 ihi
1800 5397 1939 5452 simi-

364 5493 596 5552 litudinis
618 5489 833 5545 nomine
860 5501 985 5540 usus
1008 5495 1113 5553 est,
1145 5486 1395 5557 quoniam
1424 5502 1529 5541 non
1552 5487 1730 5541 omnia
1756 5502 1937 5558 mqua-

369 5586 490 5642 liter
519 5604 576 5640 se
610 5581 876 5637 habebant
908 5594 921 5631 :
949 5578 1021 5633 ita
1064 5586 1119 5633 et
1165 5578 1249 5634 hic
1292 5579 1582 5635 similitudo
1607 5579 1802 5635 dicitur
1823 5622 1836 5645 ,
1871 5594 1937 5634 eo

1056 183 1109 236 S.
1153 180 1428 237 JOA‘NNIS
1464 181 1929 236 CHRYSOSTOMI
1970 180 2288 236 ARCIIIEP.
2328 182 2856 239 CONSTANTINOP.

3512 189 3621 245 232

2041 294 2186 362 quod
2220 311 2326 348 non
2355 297 2532 350 on‘mia
2563 297 2673 352 sint.
2716 300 2938 368 thttttlia
2959 340 2975 366 ,
3026 309 3210 369 utpote
3234 300 3373 371 quod
3401 317 3506 357 non
3543 319 3611 360 ex

2034 386 2414 440 eonuuixtione
2454 403 2776 457 corporum,
2808 390 2951 459 quod
2998 391 3114 446 sine
3161 402 3421 461 paecato,
3467 396 3610 463 quod

2036 475 2252 531 minime
2299 477 2472 532 nudus
2515 477 2699 533 homo.
2745 481 2823 535 Ac
2863 481 3083 549 pulchre
3117 482 3294 549 dixit,
3331 481 3395 538 Ut
3422 485 3614 539 homo:

2037 580 2141 618 non
2167 565 2309 619 enim
2331 577 2446 621 erat
2473 583 2609 622 unus
2637 584 2702 623 ex
2725 571 2926 637 multis,
2960 570 3055 625 sed
3092 580 3148 626 ul
3189 589 3327 628 unus
3366 588 3434 629 ex
3475 575 3619 629 ntul-

2038 654 2124 710 tis.
2153 655 2337 727 Neque
2365 658 2505 713 Deus
2532 659 2764 715 Verbum
2811 662 2863 715 in
2913 661 3182 717 hominem
3226 663 3612 734 degeneravit,

2033 761 2207 816 neque
2237 747 2531 804 substantia
2573 759 2655 805 est
2699 759 2936 817 nudata;
2989 753 3084 807 sed
3140 764 3407 822 tamquam
3453 754 3616 809 homo

2031 836 2297 904 apparuit,
2342 853 2443 891 non
2471 838 2773 893 simulacris
2802 856 2866 895 ac
2897 842 3025 896 visis
3056 858 3154 899 nos
3183 843 3481 914 decipiens,
3514 846 3612 901 sed

2032 924 2283 980 erudiens
2312 930 2377 981 ad
2406 927 2781 985 humilitatem.
2809 932 2941 986 Cum
2972 932 3134 1003 igitur
3161 934 3311 999 dicit,
3341 934 3410 990 Ut
3431 937 3609 1000 hoino,

2035 1013 2138 1070 hoc
2163 1016 2263 1071 sibi
2286 1019 2397 1073 vult
2425 1020 2781 1092 :cmteroquin
2807 1032 2860 1077 et
2880 1023 3148 1079 hominem
3175 1025 3301 1082 alibi
3327 1027 3499 1096 ipsum
3522 1042 3617 1084 vo-

2032 1114 2140 1172 cat,
2161 1115 2217 1160 ut
2234 1123 2353 1163 cum
2381 1108 2526 1174 dicit,
2554 1110 2700 1166 Unus
2727 1111 2882 1180 Deus,
2901 1124 2946 1167 et
2968 1131 3099 1169 unus
3122 1118 3367 1172 mediator
3382 1118 3615 1176 Christus

2030 1196 2182 1252 Iesus
2205 1199 2281 1270 (Ι.
2309 1200 2443 1255 Tim.
2475 1202 2529 1257 2.
2561 1202 2639 1275 5).
2671 1204 2746 1259 Ea
2769 1204 3020 1271 diximus,
3048 1224 3169 1278 quae
3195 1210 3454 1268 adversus
3479 1212 3614 1269 istos

2031 1289 2257 1347 dicenda
2278 1302 2448 1350 erant.
2474 1296 2739 1368 Deinceps
2758 1314 2885 1353 vero
2902 1299 3157 1356 adversus
3174 1317 3288 1368 eos,
3311 1304 3400 1374 qui
3417 1315 3612 1377 negant

2030 1387 2385 1455 assumpsisse
2401 1386 2656 1456 animam,
2686 1392 2992 1447 necessario
3010 1392 3319 1451 dicendum.
3348 1396 3404 1451 Si
3438 1395 3608 1454 forma

2034 1474 2129 1530 Dei
2172 1476 2435 1545 perfectus
2484 1481 2624 1535 Deus
2664 1491 2745 1537 est
2772 1522 2788 1548 ,
2835 1491 2983 1539 certe
3011 1483 3261 1542 cttorma
3310 1488 3452 1544 servi
3482 1504 3608 1559 per-

2033 1569 2200 1627 lectus
2219 1581 2303 1627 est
2330 1588 2536 1631 servus.
2563 1575 2756 1633 lterum
2785 1588 2971 1635 contra
2998 1581 3229 1639 Arianos
3252 1585 3446 1655 agitur.
3474 1586 3605 1643 Cum

2030 1661 2083 1713 in
2105 1664 2268 1733 forma
2294 1662 2391 1720 Dei
2414 1675 2560 1733 esset,
2590 1667 2759 1739 inquit
2783 1710 2799 1735 ,
2831 1686 2932 1725 non
2959 1673 3196 1742 rapinam
3221 1675 3498 1732 arbitratus
3525 1688 3602 1733 est

2031 1767 2138 1806 esse
2164 1770 2218 1807 se
2243 1757 2486 1826 wqualem
2523 1756 2653 1813 Deo.
2696 1759 2794 1816 Hic
2822 1761 2891 1817 de.
2919 1760 3199 1821 divinitate
3228 1766 3456 1838 loquens
3478 1785 3608 1825 nus-

2030 1858 2189 1911 quam
2219 1845 2333 1901 istis
2358 1846 2535 1903 verbis
2559 1852 2740 1915 utitur,
2774 1850 2969 1909 Factus
2988 1864 3091 1920 eSt,
3107 1861 3218 1919 aut,
3235 1855 3609 1926 Accepit,sed,

2033 1931 2371 2003 Semetipsum
2393 1939 2666 1994 exinanivit
2690 1941 2909 2011 formam
2930 1944 3062 1999 servi
3085 1946 3362 2015 accipiens,
3391 1950 3444 2004 in
3470 1954 3613 2005 sinsi-

2033 2022 2247 2079 litudine
2292 2026 2555 2082 hominum
2583 2029 2767 2100 factus.
2810 2032 2906 2088 llic
2947 2033 3015 2089 de
3067 2033 3397 2095 humanitate
3440 2041 3606 2105 dicit,

2032 2115 2275 2185 Accepit,
2303 2127 2377 2183 et,
2410 2118 2606 2174 Factus
2629 2132 2731 2177 est.
2762 2111 2875 2180 ttoe
2900 2125 3070 2180 tactus
3097 2137 3199 2193 est,
3232 2128 3333 2185 hoc
3356 2133 3562 2202 accepit
3586 2149 3602 2186 :

2032 2204 2162 2260 illud
2193 2223 2318 2263 vero
2340 2218 2477 2264 erat.
2510 2210 2672 2281 Igitur
2697 2228 2796 2268 nec
2821 2215 3231 2282 conl‘undamus,
3263 2236 3362 2277 nec
3384 2222 3607 2279 divella-

2032 2309 2169 2349 mus.
2216 2295 2367 2353 Unus
2421 2299 2600 2365 Deus,
2644 2317 2780 2358 unus
2827 2303 3091 2371 Christus,
3140 2307 3308 2366 Filius
3341 2312 3454 2367 Dei.
3504 2312 3605 2369 Ve-

2031 2402 2146 2439 rum
2170 2425 2188 2453 ,
2220 2402 2340 2442 cum
2370 2399 2490 2445 utor
2519 2391 2616 2445 iSIa
2648 2408 2800 2460 voce,
2834 2411 3000 2460 unus,
3043 2398 3293 2454 unionem
3324 2400 3470 2470 dico,
3498 2417 3604 2458 non

2031 2474 2401 2533 confusionem
2436 2497 2449 2532 :
2482 2496 2589 2535 non
2615 2483 2757 2536 enim
2783 2494 2973 2540 natura
3018 2485 3135 2543 haec
3162 2488 3213 2542 in
3253 2490 3399 2545 iltam
3449 2507 3601 2548 versa

2030 2565 2411 2637 degeneravit,
2455 2572 2549 2627 sed
2597 2575 2743 2630 unita
2794 2585 2897 2631 est.
2942 2576 3243 2635 llumiliaeit
3287 2586 3609 2653 semetipsum

2031 2658 2197 2725 {actus
2219 2660 2454 2716 obediens
2476 2665 2715 2735 usquead
2737 2677 2969 2730 mortem,
2993 2680 3204 2725 mortem
3226 2683 3394 2728 autem
3420 2675 3604 2729 erucis.

2033 2749 2132 2815 En,
2164 2751 2445 2822 inquiunt,
2492 2755 2663 2814 tactus
2691 2768 2776 2814 est
2803 2759 3097 2829 obediens,
3140 2777 3261 2819 cum
3289 2765 3337 2820 ei
3383 2768 3603 2823 minime

2031 2843 2252 2911 :equalis
2294 2855 2437 2900 esset
2461 2846 2544 2900 cui
2573 2847 2829 2904 obedivit.
2874 2849 2919 2906 Ο
2957 2852 3134 2907 stolidi
3173 2869 3238 2909 ac
3281 2854 3562 2913 dementes
3585 2898 3604 2925 ,

2035 2931 2136 2986 hoc
2179 2933 2246 2989 de
2274 2934 2365 2989 illo
2405 2935 2535 2991 nihil
2582 2936 2851 3007 detrahit;
2902 2956 3025 2997 nam
3072 2958 3170 3000 nos
3217 2946 3379 3000 etiam
3425 2948 3612 3005 amicis

2032 3026 2334 3095 ohedimus,
2368 3045 2542 3100 neque
2569 3030 2620 3086 id
2646 3042 2820 3086 tamen
2850 3048 2948 3088 nos
2971 3035 3207 3091 minores
3234 3035 3381 3092 facit.
3410 3038 3611 3108 Sponte

2034 3117 2197 3171 Filius
2223 3118 2364 3174 l’atri
2392 3121 2662 3186 obedivit.
2717 3140 2820 3178 nm.
2854 3123 2907 3178 in
2952 3124 3202 3181 servilem
3245 3129 3608 3186 conditionem

2034 3207 2312 3273 decidens,
2342 3210 2439 3266 sed
2467 3211 2568 3267 hoc
2594 3213 2709 3282 ipso
2739 3215 2968 3269 maxime
2993 3229 3214 3271 servans
3241 3219 3610 3276 admirandam

2033 3298 2179 3352 illaut
2203 3301 2441 3370 germani
2466 3300 2586 3357 Filii
2606 3301 2919 3373 dignitatem
2937 3347 2950 3369 .
2983 3322 3232 3377 magnum
3258 3309 3406 3364 Patri
3435 3310 3609 3369 hono-

2033 3406 2146 3447 rem
2173 3392 2496 3448 exhibendo.
2531 3394 2823 3450 llonoravit
2846 3397 3056 3451 Patrem
3078 3438 3094 3465 ,
3125 3415 3232 3453 non
3261 3411 3319 3454 ut
3350 3401 3517 3470 ipsum
3546 3412 3599 3455 tu

2032 3481 2237 3540 honore
2255 3484 2538 3554 spoliares,
2562 3486 2655 3541 sed
2679 3496 2734 3542 ut
2756 3490 2924 3559 magis
2944 3491 3269 3560 suSpiceres,
3297 3502 3355 3548 ut
3375 3495 3456 3550 vel
3480 3493 3604 3549 hinc

2030 3587 2345 3645 germanum
2371 3577 2561 3633 Filium
2583 3593 2924 3649 agnosceres,
2948 3583 3088 3651 quod
3109 3583 3352 3640 omnium
3378 3587 3608 3642 maxime

2036 3665 2247 3722 Patrem
2298 3666 2660 3725 honoraverit.
2726 3670 2897 3729 Nemo
2943 3673 3112 3729 Deum
3165 3678 3236 3730 ita
3283 3676 3606 3736 honoravit:

2034 3765 2292 3826 quantum
2320 3758 2499 3813 habuit
2530 3760 2868 3816 celsitudinis
2892 3804 2906 3824 ,
2934 3772 3139 3821 tantum
3168 3768 3401 3824 vicissim
3432 3770 3603 3826 humi-

2036 3848 2205 3904 litatis
2229 3849 2412 3906 subiit.
2442 3851 2901 3919 Quemadmodum
2923 3858 3171 3917 omnibus
3198 3860 3370 3930 major
3395 3872 3517 3928 est,
3548 3877 3611 3919 ac

2038 3955 2196 3995 nemo
2223 3939 2300 3995 illi
2345 3943 2564 4012 a'qualis
2619 3960 2633 3999 :
2678 3944 2745 3999 ita
2796 3945 2956 4001 etiam
3004 3947 3060 4003 in
3097 3949 3254 4006 Patre
3298 3951 3612 4008 honorando

2036 4045 2225 4086 onmes
2252 4030 2414 4099 vicit,
2461 4043 2845 4102 noncoactns,
2891 4053 3066 4108 neque
3110 4040 3330 4098 invitus.
3373 4043 3478 4099 Sed
3513 4046 3612 4101 hoc

2036 4121 2196 4175 etiam
2243 4120 2453 4177 virtutis
2500 4122 2667 4192 ipsius
2706 4123 2807 4179 l‘uit
2836 4142 2850 4179 :
2879 4137 2971 4181 aut
3017 4129 3196 4197 potius
3239 4129 3436 4186 desunt
3481 4133 3611 4189 mihi

2038 4213 2232 4278 verba,
2265 4213 2455 4282 quibus
2483 4223 2622 4271 utar.
2666 4215 2855 4287 Papae!
2888 4234 3136 4289 magnum
3180 4220 3309 4277 illud
3341 4232 3420 4278 est
3451 4236 3612 4295 atque

2040 4303 2415 4373 inexplicabile
2440 4346 2455 4371 ,
2503 4319 2718 4362 servum
2752 4308 2907 4376 tieri;
2959 4310 3053 4365 sed
3096 4322 3323 4368 mortem
3356 4324 3615 4383 prmterea

2038 4396 2219 4451 subire
2239 4437 2254 4460 ,
2289 4396 2445 4467 longe
2474 4397 2651 4454 adhuc
2695 4399 2888 4470 majus.
2932 4401 3036 4456 Sed
3068 4413 3151 4457 est
3187 4404 3331 4460 aliud
3362 4405 3618 4475 quiddam

2039 4484 2142 4541 hoc
2176 4488 2366 4556 majus.
2391 4489 2662 4559 magisque
2682 4490 2988 4560 opinionem
3016 4509 3229 4549 onmem
3260 4511 3611 4567 exsuperans.

2037 4578 2174 4647 Quid
2207 4579 2381 4633 illud?
2422 4578 2574 4646 Quod
2605 4598 2711 4635 non
2738 4583 2939 4651 quaevis
2969 4599 3112 4638 mors
3140 4586 3331 4642 similis
3372 4590 3466 4645 sit.
3497 4589 3620 4644 Hart:

2038 4672 2206 4735 enim,
2246 4686 2405 4740 quam
2441 4671 2697 4727 Dominus
2727 4674 2983 4743 pertulit,
3025 4677 3262 4732 on‘mium
3313 4681 3484 4750 turpis
3513 4680 3618 4735 ima

2042 4761 2339 4816 habebatur
2369 4779 2382 4814 :
2417 4761 2530 4816 htec
2560 4762 2713 4833 plena
2744 4764 3069 4833 ignominim,
3102 4767 3215 4821 haec
3238 4770 3616 4825 exsecrabilis:

2041 4850 2347 4905 Maledictus
2376 4852 2517 4906 enim
2543 4892 2558 4917 ,
2591 4851 2759 4922 inquit
2782 4893 2799 4920 ,
2833 4855 2996 4908 omnis
3017 4896 3032 4922 ,
3072 4856 3156 4925 qui
3186 4857 3366 4927 pendet
3403 4859 3455 4912 in
3482 4856 3619 4930 ligno

2041 4944 2059 5011 (
2088 4942 2240 4997 Deut.
2279 4943 2369 4997 2t.
2398 4944 2467 4997 25
2488 4944 2530 5016 ).
2572 4943 2863 5014 Propterea
2891 4946 3052 5000 etiam
3081 4946 3254 5002 .ludmi
3301 4947 3403 5003 hac
3448 4950 3618 5019 ipsum

2042 5044 2216 5089 morte
2250 5033 2470 5089 allicere
2498 5033 2854 5103 studuerunt,
2886 5051 2994 5106 quo
3024 5036 3281 5093 infamem
3311 5040 3617 5100 redderent.

2044 5134 2101 5179 ut
2150 5125 2251 5179 nisi
2277 5124 2398 5193 quis
2422 5125 2489 5180 ab
2516 5140 2582 5180 eo
2613 5124 2813 5180 ideirco
2859 5126 3147 5192 deticeret,
3179 5128 3323 5199 quod
3367 5144 3399 5184 e
3445 5130 3623 5183 medio

2043 5216 2287 5269 suhlatus
2312 5225 2479 5279 esset,
2507 5216 2695 5269 saltem
2726 5216 2845 5272 ideo
2876 5216 3151 5283 detieeret,
3178 5218 3318 5288 quod
3340 5220 3419 5274 sic
3444 5220 3624 5273 subla-

2046 5315 2130 5358 tus
2163 5314 2327 5359 esset.
2366 5306 2653 5375 Propterea
2683 5308 2842 5360 etiam
2876 5307 3016 5362 inter
3049 5306 3184 5361 duos
3211 5309 3446 5363 latrones
3474 5308 3622 5364 cruci

2045 5395 2237 5450 al‘lixus
2270 5405 2376 5462 est,
2411 5408 2465 5451 ut
2492 5396 2681 5451 eadem
2711 5396 2780 5451 de
2809 5397 2945 5467 ipso,
2975 5414 3039 5452 ac
3065 5398 3133 5453 de
3165 5398 3270 5453 illis
3295 5399 3623 5454 existimalio

2045 5499 2188 5545 esset
2232 5506 2247 5555 ;
2293 5503 2451 5561 axque
2500 5490 2811 5559 impleretur
2841 5491 2982 5561 quod
3014 5491 3214 5546 dictum
3265 5500 3385 5551 est.
3418 5490 3485 5545 Et
3512 5509 3624 5545 rum

2054 5578 2237 5649 iniquis
2268 5568 2522 5651 reparatus
2547 5591 2620 5635 est
2659 5582 2676 5647 (
2705 5582 2831 5638 1δαὶ.
2863 5586 2948 5639 55.
2986 5584 3051 5638 l2
3076 5583 3115 5651 ).
3149 5581 3253 5636 Sed
3283 5592 3428 5637 tanto
3459 5598 3523 5636 tu:
3544 5586 3627 5653 gis
