4030 6204
458 538 562 600 2‘53

443 657 615 709 elucet
643 656 838 711 veritas
865 699 879 720 ,
916 665 1062 712 tanto
1088 657 1347 714 illustrior
1374 659 1633 715 redditur.
1664 658 1844 730 Longe
1871 660 2012 716 enim

449 746 719 816 pulchrius
769 760 924 816 atque
972 747 1328 804 admiratione
1393 750 1606 820 dignius
1652 751 2015 821 spectaculum

445 847 676 907 apparet,
704 852 824 892 cum
852 847 928 893 tot
948 841 1016 893 ab
1039 840 1281 895 hostibus
1305 843 1564 898 adversus
1592 844 1763 911 ipsius
1787 842 2011 914 gloriam

443 931 672 988 artificiis
711 948 775 987 ac
804 934 1067 990 machinis
1096 935 1347 991 adhibitis
1368 979 1384 1004 ,
1436 939 1685 1007 splendet
1716 950 1890 994 tamen
1921 939 2008 994 illa

439 1033 488 1076 et
517 1024 683 1094 magis
711 1023 894 1093 fulget.
939 1025 1015 1081 liii
1046 1025 1188 1081 enim
1220 1044 1325 1082 non
1354 1029 1526 1084 solum
1553 1030 1694 1100 quod
1726 1030 2012 1085 interiece-

435 1124 549 1169 rattt
575 1156 587 1178 ,
618 1117 713 1170 sed
741 1116 902 1172 etiam
930 1118 1071 1186 quod
1100 1117 1203 1175 hoc
1224 1121 1384 1176 modo
1416 1122 1812 1183 interfecerant.
1850 1121 2032 1178 taleui’

433 1222 490 1262 se
515 1207 814 1262 reddidisse
845 1210 1119 1277 putabant,
1151 1225 1307 1280 quem
1347 1211 1591 1268 homines
1617 1213 2010 1268 detestarentur

431 1311 495 1352 ac
520 1297 754 1353 maxime
785 1279 999 1367 quidem
1037 1279 1433 1357 detestarentur
1458 1319 1472 1366 ;
1525 1319 1624 1357 nec
1653 1315 1828 1358 tamen
1854 1304 2010 1373 quid-

430 1400 591 1456 quam
615 1387 976 1457 profecerunt.
1005 1389 1168 1444 Erant
1191 1407 1316 1445 vero
1340 1391 1497 1457 ambo
1520 1394 1595 1447 illi
1618 1394 1851 1448 latrones
1874 1393 2009 1448 adeo

431 1476 688 1540 scelesti;
741 1492 860 1531 nam
905 1489 1089 1550 postea
1128 1481 1264 1535 alter
1311 1491 1544 1536 mutatus
1588 1493 1706 1548 est;
1755 1494 1810 1537 ut
1848 1484 2005 1537 etiam

431 1567 559 1622 dum
588 1567 642 1622 iu
669 1582 830 1624 cruce
855 1580 1054 1634 essent,
1087 1570 1138 1624 in
1166 1571 1337 1639 ipsum
1367 1574 1555 1641 probra
1579 1573 1821 1642 jacerent
1844 1615 1858 1637 ,
1890 1573 2008 1627 illo-

431 1675 658 1730 rtttnque
678 1660 910 1716 furorem
934 1675 1038 1715 non
1057 1663 1382 1718 conscientia
1406 1681 1624 1718 suorum
1641 1674 2004 1735 peccatorum,

429 1765 533 1804 non
561 1751 902 1821 supplicium,
935 1768 1038 1806 non
1069 1753 1308 1821 ejusdem
1344 1771 1516 1824 puum!
1547 1757 1823 1824 perpessio
1847 1771 2004 1810 coer-

425 1852 573 1896 ceret
604 1860 617 1896 :
645 1843 785 1912 quod
813 1847 972 1898 etiam
1006 1861 1144 1900 unus
1190 1847 1424 1916 ipsorqu
1453 1848 1587 1902 dixit
1612 1889 1628 1912 ,
1671 1848 2005 1917 alterumque

427 1932 689 1998 increpuit
719 1933 801 1986 his
827 1935 1003 1988 verbis
1029 1953 1041 1988 :
1077 1935 1256 2004 Neque
1282 1945 1334 1990 tu
1372 1938 1513 1991 times
1545 1936 1706 1993 Deum
1728 1980 1743 2004 ,
1788 1939 1925 2008 quod
1951 1941 2005 1993 in

423 2026 600 2077 eadem
625 2025 949 2080 damnatione
977 2044 1150 2082 sumus
1178 2027 1196 2099 (
1228 2028 1350 2082 Luc.
1381 2029 1471 2084 2'5.
1506 2030 1658 2100 69)?
1683 2031 1850 2085 Tanta
1881 2031 2000 2084 ilio-

425 2131 544 2168 rum
593 2116 933 2185 improbitas.
975 2118 1089 2173 Sed
1129 2120 1260 2173 nihil
1307 2121 1432 2174 hittc
1476 2120 1781 2177 detrimenti
1836 2122 2003 2193 ipsius

423 2206 618 2272 gloria:
661 2207 878 2260 allattnn
920 2217 1001 2260 est
1056 2225 1075 2260 τ
1115 2210 1464 2278 quamobrem
1507 2213 1677 2282 inquit
1721 2230 1735 2267 :
1781 2212 1844 2266 Et
1871 2213 2004 2268 Dens

419 2297 666 2350 exaltu-cit
694 2297 836 2350 il’lum
864 2341 880 2363 ,
910 2309 952 2352 et
979 2299 1182 2354 dormit
1209 2302 1286 2356 illi
1314 2319 1494 2359 nomen
1523 2345 1538 2370 ,
1587 2305 1724 2373 quod
1749 2317 1820 2360 est
1849 2323 2003 2376 super

417 2403 583 2442 omne
601 2405 801 2442 nonum.

490 2477 546 2531 ι.
579 2476 873 2548 Postquam
917 2479 1116 2535 Paulus
1160 2483 1339 2540 carnis
1382 2487 1707 2542 ntentiouem
1754 2488 1998 2555 induxit,

415 2567 653 2623 fidenter
680 2569 936 2640 deinceps
967 2574 1146 2627 omnia
1175 2573 1262 2629 illa
1289 2587 1716 2646 commemorat,
1755 2595 1874 2650 quae
1905 2581 2000 2635 hu-

414 2658 702 2713 utilitatem
747 2659 1003 2715 indicant.
1049 2663 1350 2733 Antequam
1377 2667 1518 2720 enim
1546 2667 1748 2724 diceret
1777 2669 2000 2724 formam

411 2748 555 2802 servi
580 2750 899 2818 sumpsisse,
917 2761 970 2804 et
992 2749 1060 2805 de
1081 2752 1355 2809 divinitate
1371 2755 1678 2824 dissereret,
1699 2759 1817 2814 vide
1841 2777 1998 2830 quam

411 2839 665 2894 excelse:
694 2840 926 2904 excelse,
954 2843 1188 2912 inquam,
1217 2859 1313 2913 pro
1335 2846 1569 2912 viribus;
1593 2864 1714 2902 nam
1743 2851 1883 2904 illius
1918 2851 2001 2906 di-

413 2911 677 2996 gnitatem
707 2945 812 2984 non
843 2934 1174 3002 assequitur;
1210 2911 1427 2992 minime
1455 2940 1599 2994 enim
1637 2950 1809 3010 potest
1836 2961 1850 2995 :
1874 2943 1998 2998 Cum

417 3019 472 3068 in
502 3019 670 3088 {arma
697 3018 788 3073 Dei
823 3032 968 3089 esset,
995 3024 1187 3093 inquit,
1216 3043 1316 3080 non
1342 3030 1577 3097 rapinam
1611 3032 1884 3087 arbitratus
1925 3047 1999 3089 est

416 3123 527 3161 esse
549 3126 607 3163 se
624 3113 865 3181 (aqualem
889 3113 1028 3169 Deo:
1052 3127 1106 3171 at
1127 3127 1408 3188 postquam
1430 3119 1563 3175 dixit
1584 3121 1856 3178 hominem
1878 3141 1998 3181 esse

417 3199 619 3257 factum
647 3244 665 3270 ,
696 3205 918 3260 lideuter
944 3206 1141 3264 deinde
1179 3225 1298 3278 qua:
1329 3209 1551 3266 humilia
1599 3223 1724 3269 sunt
1752 3214 1953 3285 profert
1978 3260 1994 3283 ,

415 3293 516 3347 hoe
537 3295 724 3364 fretus,
748 3300 949 3354 nullum
971 3301 1234 3357 divinitati
1257 3303 1506 3359 damnum
1529 3306 1826 3376 importari,
1851 3311 1993 3379 quod

414 3381 636 3439 humilia
664 3387 730 3441 de
755 3389 920 3457 ipsius
944 3406 1104 3447 carne
1131 3407 1617 3452 commemorantur
1642 3440 1656 3464 ,
1692 3400 1788 3453 ista
1819 3401 1990 3455 susci-

416 3475 616 3540 piente.
661 3475 879 3548 Pmpter
903 3481 1039 3550 quod
1063 3493 1109 3536 et
1140 3482 1272 3538 Dens
1293 3487 1530 3540 exultavit
1558 3488 1724 3557 illum,
1755 3501 1801 3543 et
1828 3492 1988 3544 dona-

410 3566 480 3617 rit
505 3567 586 3619 illi
617 3585 796 3622 nomen
823 3611 839 3635 ,
870 3574 1007 3641 quod
1031 3581 1105 3627 est
1129 3592 1282 3644 super
1309 3594 1457 3632 omne
1484 3596 1700 3646 nomen,
1733 3593 1787 3634 ut
1815 3583 1866 3636 in
1896 3601 1990 3637 no-

415 3657 552 3710 mine
579 3657 701 3711 Jestt
721 3676 866 3714 omne
886 3679 1016 3732 genu
1037 3665 1287 3733 ﬂectatur,
1319 3669 1591 3724 caelestium
1616 3681 1660 3725 et
1684 3675 1992 3726 terrestrium

412 3753 462 3794 rt
490 3745 828 3815 infernorum,
862 3763 908 3804 ct
937 3754 1099 3807 ontnis
1126 3755 1296 3826 lingua
1328 3762 1649 3827 conﬁteatur,
1674 3765 1791 3833 quia
1809 3762 1991 3818 Demi-

411 3851 511 3888 nns
536 3834 766 3894 Christus
793 3841 942 3896 Iesus
973 3843 1022 3895 in
1049 3845 1258 3914 gloriam
1284 3848 1380 3904 Dei
1406 3850 1601 3906 Patris.
1628 3854 1872 3908 Dicamus
1898 3856 1994 3910 ad-

409 3941 605 3982 versus
630 3929 909 3987 luercticos
929 3951 942 3987 :
963 3934 1018 3989 Si
1037 3935 1148 3991 lucc
1169 3938 1234 3994 de
1252 3955 1353 3994 non
1372 3942 1646 3998 iucarnato
1671 3946 1986 4014 alieruntur,

401 4020 446 4071 si
475 4020 544 4074 de
573 4019 687 4076 Deo
713 4021 905 4089 Verbo,
939 4028 1203 4096 quomodo
1227 4031 1396 4100 ipsmu
1424 4037 1715 4090 exattavit?
1742 4053 1807 4090 an
1834 4041 1993 4109 quasi

401 4109 526 4176 plus
575 4112 777 4182 aliquid
810 4116 856 4168 ei
885 4117 1140 4172 dederit?
1185 4122 1322 4192 Ergo
1354 4123 1454 4177 hac
1493 4126 1707 4196 quidem
1740 4141 1988 4198 exparte

406 4200 756 4270 imperfectus
789 4216 939 4274 crat,
968 4219 1021 4263 et
1051 4222 1268 4281 propter
1296 4229 1394 4268 nos
1438 4218 1664 4272 obtinuit
1694 4220 1986 4288 perfectio-

400 4308 548 4349 nem.
613 4297 824 4352 l-Ltcuiur
870 4301 973 4354 nisi
1028 4303 1180 4358 nobis
1234 4306 1618 4374 benefecisset,
1658 4327 1762 4366 non
1819 4315 1986 4368 hono-

397 4400 512 4438 rem
562 4387 721 4442 istaut
769 4403 911 4446 esset
951 4409 1051 4447 con
1085 4406 1332 4465 equutus.
1389 4399 1456 4452 Et
1487 4404 1727 4471 donavit,
1775 4407 1982 4477 inquit,

397 4490 606 4529 nomen.
644 4478 779 4533 Rrec
803 4497 870 4536 ne
901 4499 1093 4539 nomen
1115 4488 1328 4554 quidem
1355 4530 1368 4553 ,
1402 4503 1655 4561 quantum
1681 4507 1854 4552 vestra
1884 4501 1984 4555 fert

395 4565 608 4628 opinio.
641 4567 886 4625 habebat.
929 4575 1208 4641 Quomodo
1236 4595 1397 4644 vero,
1432 4584 1475 4636 si
1507 4584 1554 4636 id
1588 4586 1731 4654 quod
1758 4589 1858 4643 sibi
1885 4589 1981 4646 dc-

398 4655 633 4712 Imitatur
661 4663 880 4732 accepit,
902 4683 966 4719 ex
1012 4668 1152 4722 dono
1189 4681 1242 4725 et
1269 4675 1436 4742 gratia
1481 4679 1753 4747 accepisse
1808 4682 1986 4736 tuebi-

393 4761 522 4800 mur
546 4765 560 4810 ;
591 4759 646 4804 ct
681 4750 893 4817 Nomen,
922 4759 1056 4825 quod
1082 4770 1152 4814 est
1176 4779 1328 4832 super
1351 4783 1498 4820 omne
1522 4785 1702 4824 nomen
1724 4771 1752 4824 Ρ
1785 4772 1975 4830 Verum

389 4846 443 4886 et
474 4841 639 4906 quale
669 4841 737 4895 sit
787 4838 932 4898 istud
969 4863 1164 4903 nomen
1188 4893 1202 4916 ,
1257 4855 1550 4913 videamus.
1597 4857 1664 4914 Ut
1695 4862 1747 4915 in
1778 4866 1979 4919 nomine

379 4923 512 4980 Iesu
545 4928 735 4985 Christi
758 4974 772 4995 ,
805 4934 993 5003 inquit,
1027 4955 1173 4992 omne
1196 4959 1327 5010 genu
1354 4948 1605 5015 flectatur.
1651 4951 1855 5008 Nomen
1888 4957 1975 5011 isti

379 5017 614 5082 gloriam
669 5023 1109 5092 interpretantur.
1171 5031 1296 5087 Ilzcc
1341 5036 1498 5102 igitur
1539 5041 1706 5109 gloria
1757 5059 1973 5099 onmem

373 5106 610 5170 gloriam
635 5125 854 5179 supr-rat
880 5132 891 5166 :
913 5117 1078 5184 gloria
1100 5129 1298 5186 autem,
1325 5124 1586 5194 iuqnittnt,
1621 5133 1838 5186 omnino
1862 5134 1981 5188 ha-c‘

372 5203 495 5256 est.
533 5198 690 5252 illum
724 5218 918 5272 nempe
948 5207 1192 5265 adorare.
1227 5211 1408 5285 Longe
1437 5218 1634 5273 ahcstis
1666 5238 1693 5273 a
1731 5223 1820 5277 Dei
1856 5241 1970 5277 uta-

365 5288 699 5351 guitudinc.
733 5307 829 5346 vos
855 5297 943 5364 qui
977 5298 1139 5354 Deum
1172 5319 1328 5358 nosse
1361 5311 1558 5376 putatis
1581 5352 1594 5375 ,
1652 5322 1707 5365 ut
1740 5315 1851 5382 ipse
1883 5332 1970 5370 se-

367 5377 552 5441 ipsutn
590 5382 762 5435 novit.
797 5387 955 5455 Atqui
987 5391 1066 5442 vel
1092 5393 1228 5445 istud
1257 5399 1386 5450 satis
1415 5398 1629 5466 indit-at,
1660 5415 1913 5473 quantum
1940 5424 1968 5461 a

363 5478 516 5523 recta
550 5470 622 5523 de
672 5473 780 5527 Deo
810 5481 1074 5534 sententia
1116 5485 1300 5539 absitis
1332 5505 1345 5542 :
1376 5500 1627 5545 ca-terum
1660 5494 1760 5549 hoc
1807 5499 1967 5551 etiam

363 5557 662 5615 indicabit.
707 5563 848 5630 llzcc,
884 5569 968 5623 die
992 5573 1118 5624 mihi
1143 5616 1156 5638 ,
1187 5578 1354 5645 gloria
1376 5582 1498 5635 est?
1525 5583 1667 5653 Ergo
1686 5597 1968 5657 antequam

362 5645 630 5706 homines
679 5652 799 5710 facti
830 5671 1052 5728 essent,
1097 5676 1379 5736 antequam
1425 5677 1638 5742 angeli,
1684 5691 1966 5749 antequam

359 5740 734 5812 archangeli,
785 5763 888 5801 non
937 5763 1053 5807 crat
1105 5755 1376 5826 ingloria.
1419 5764 1627 5821 I'Itcuim
1673 5771 1716 5823 si
1763 5771 1873 5825 lucc
1905 5790 1965 5827 ca

355 5827 533 5894 pluria
571 5840 662 5885 est
689 5874 702 5891 .
735 5851 854 5903 qmc
884 5853 1100 5910 superat
1149 5865 1360 5904 omnem
1392 5855 1612 5922 gloriam
1640 5876 1651 5923 ;
1697 5859 1796 5915 hoc
1823 5865 1963 5918 enim

353 5917 684 5988 signiﬁcant
715 5926 800 5981 illa
834 5934 991 5987 verba
1016 5977 1028 5999 ,
1065 5938 1213 6002 Quod
1242 5953 1308 5994 est
1363 5961 1510 6014 super
1553 5966 1696 6003 omne
1745 5971 1918 6009 nomen
1947 5975 1964 6020 ;

1318 546 1384 603 IN
1424 547 1637 604 EI‘IS'I‘.
1681 551 1770 604 AD
1810 549 2092 608 PIIILIPP.
2125 552 2278 608 CAP.
2322 553 2379 608 Il.
2426 555 2656 614 IIOIIIL.
2702 560 2810 617 VII.

3598 571 3699 629 233i

2121 675 2267 719 certe
2287 668 2494 722 tametsi
2520 670 2757 740 ingloria
2786 683 2920 743 erat,
2945 685 2999 732 at
3019 679 3205 734 saltem
3231 681 3280 736 in
3306 684 3511 739 minore
3537 704 3692 756 qua-u

2122 769 2268 810 nunc
2290 758 2380 810 sit.
2427 759 2538 813 lluc
2567 759 2727 832 igitur
2755 776 3024 836 spectans,
3055 779 3108 825 et
3133 772 3202 826 ob
3227 775 3364 830 hanc
3391 790 3606 832 causam
3636 790 3696 834 ut

2119 845 2338 914 gloriam
2369 858 2954 920 assequeretur,oumia
2985 861 3242 929 condidit,
3269 880 3373 920 non
3390 876 3565 922 autem
3595 869 3689 925 bo.

2120 931 2284 991 nitate
2313 937 2590 1009 adductus,
2613 943 2708 999 sed
2741 945 2948 1018 indigus
2972 951 3176 1021 gloria},
3197 971 3316 1025 qua:
3338 973 3366 1012 a
3396 960 3548 1015 nobis
3576 977 3695 1030 pro-

2120 1026 2487 1086 ﬁcisceretur?
2515 1033 2715 1092 Videtis
2757 1044 3084 1099 amentiam?
3109 1047 3296 1103 videtis
3324 1051 3648 1122 impietatem
3672 1057 3694 1108 τ

2118 1119 2301 1190 Itaque
2331 1123 2374 1176 si
2409 1123 2522 1179 hmc
2549 1125 2615 1182 de
2655 1129 2930 1187 incarnato
2956 1135 3218 1200 dicerent.
3253 1151 3397 1198 recte
3426 1145 3691 1206 dicerent;

2116 1209 2240 1263 sinit
2268 1211 2409 1266 enim
2459 1214 2599 1272 Deus
2642 1218 2871 1277 Verbum
2918 1225 2986 1281 de
3033 1242 3194 1284 carne
3241 1231 3356 1287 [nec
3392 1235 3534 1301 dici;
3585 1255 3690 1292 non

2116 1302 2260 1356 enim
2287 1305 2520 1362 divinam
2564 1321 2805 1368 naturam
2839 1327 3094 1388 tanguttt.
3128 1323 3221 1377 sed
3253 1326 3430 1380 omnia
3461 1328 3512 1381 itt
3541 1345 3688 1384 utco-

2117 1397 2314 1461 nomia,
2344 1398 2394 1452 id
2422 1410 2502 1454 est
2533 1403 2584 1456 iu
2614 1418 2884 1477 assumpta
2909 1409 3236 1468 humanitate
3265 1415 3470 1473 lt:rrent
3501 1437 3514 1473 :
3549 1437 3690 1478 nunc

2117 1498 2243 1538 vero
2259 1487 2324 1541 ad
2351 1489 2600 1547 deitatem
2629 1495 2725 1550 ista
2750 1500 2977 1570 maligne
2996 1507 3524 1566 accommodantibus
3546 1514 3690 1570 nulla

2113 1587 2356 1644 superest
2384 1584 2553 1636 venia.
2586 1585 2981 1655 Quamobrem,
3031 1592 3074 1647 si
3123 1597 3336 1665 quando
3362 1598 3675 1672 dixerimus,

2114 1665 2394 1725 Hominem
2433 1673 2569 1728 Deus
2610 1676 2736 1732 fecit
2781 1680 3132 1741 inuuortalem
3160 1730 3176 1755 ,
3228 1691 3436 1748 etiamsi
3463 1693 3532 1750 de
3575 1705 3688 1753 toto

2110 1755 2319 1827 dicam,
2355 1762 2479 1831 quid
2511 1764 2680 1821 dicam
2727 1771 2856 1825 scio.
2898 1773 3034 1842 Quid
3074 1793 3201 1833 vero
3253 1780 3338 1836 illa
3381 1785 3481 1840 sibi
3527 1789 3687 1844 verba

2113 1847 2322 1914 volunt,
2348 1851 2630 1910 Ciz'lestium
2652 1867 2698 1911 et
2724 1865 3030 1919 terrestrium
3059 1878 3105 1922 et
3133 1870 3476 1940 infernarum?
3501 1876 3558 1933 Id
3579 1890 3686 1948 est,

2111 1939 2287 1994 omnis
2317 1944 2544 1998 mundus
2569 1987 2584 2012 ,
2631 1958 2694 2003 et
2715 1952 2885 2021 angeli
2914 1965 2969 2010 et
3020 1939 3263 2017 homines
3292 1977 3344 2019 et
3372 1965 3644 2026 dzemones
3672 1991 3684 2024 :

2111 2027 2192 2079 vel
2228 2027 2328 2083 hoe
2357 2033 2654 2103 signiﬁcat,
2703 2049 2758 2093 et
2792 2041 2922 2110 justi
2953 2054 3007 2100 et
3046 2059 3373 2117 peccatores.
3417 2056 3484 2111 Et
3521 2064 3683 2116 omnis

2109 2116 2284 2186 lingua
2332 2127 2668 2194 conﬁteatur,
2718 2133 2836 2202 quia
2883 2116 3132 2194 Dominus
3175 2142 3324 2198 Iesus
3362 2145 3591 2205 Christus
3636 2155 3688 2208 in

2107 2209 2322 2277 gloriam
2351 2211 2448 2267 Dei
2483 2216 2669 2273 Patris.
2719 2223 2771 2277 id
2803 2235 2910 2289 est,
2946 2240 3001 2282 ut
3030 2248 3216 2289 omnes
3249 2236 3347 2291 hoc
3379 2242 3554 2297 dicant
3586 2263 3599 2299 :
3631 2246 3686 2300 Id

2111 2315 2236 2354 vero
2276 2305 2443 2373 gloria
2491 2309 2662 2367 Patris
2705 2326 2806 2370 est.
2868 2319 3025 2377 Vides
3076 2327 3308 2397 ubique,
3355 2349 3473 2387 cum
3522 2337 3687 2393 Filius

2105 2391 2433 2461 glorilicatur
2455 2441 2469 2464 ,
2499 2403 2785 2471 glorilicari
2837 2409 3094 2470 Patrem?
3133 2391 3316 2476 Itidem
3349 2440 3476 2480 vero
3520 2429 3686 2486 dede-

2106 2495 2290 2540 corato
2329 2487 2462 2543 Filio
2487 2493 2838 2554 dedecorator
2873 2503 3031 2559 etiam
3080 2508 3257 2567 Pater.
3289 2513 3419 2569 Nam
3465 2519 3509 2573 si
3540 2525 3678 2590 apud

2107 2589 2204 2628 nos
2235 2575 2335 2633 hoc
2365 2581 2463 2648 lit,
2510 2584 2596 2640 ubi
2625 2588 2761 2642 inter
2792 2603 2994 2660 patrem
3026 2608 3078 2652 et
3107 2600 3244 2656 lilios
3274 2607 3496 2661 tuultuut
3535 2575 3674 2665 itite-

2105 2679 2247 2735 rest;
2278 2674 2444 2727 multo
2473 2680 2639 2748 magis
2668 2683 2716 2734 in
2755 2684 2862 2740 Deo
2889 2728 2901 2750 ,
2933 2689 3017 2743 ttbi
3049 2693 3178 2747 nihil
3209 2695 3534 2755 discriminis
3554 2745 3568 2769 ,
3623 2705 3672 2760 in

2106 2759 2279 2829 ipsum
2307 2774 2361 2820 ct
2395 2767 2564 2825 honor
2586 2783 2640 2828 et
2663 2775 2898 2834 dedecus
2927 2783 3261 2842 redundabit.
3286 2790 3415 2846 Nam
3444 2794 3488 2849 si
3513 2797 3682 2864 orbis,

2106 2853 2314 2924 inquit,
2351 2857 2505 2915 luerit
2535 2865 2802 2936 subjectus
2831 2871 2966 2928 Filio
2991 2916 3007 2941 ,
3039 2875 3138 2933 hoc
3179 2883 3344 2951 gloria
3374 2895 3456 2941 est
3486 2888 3678 2948 Patris.

2107 2945 2244 3015 lirgo
2275 2958 2326 3002 et
2351 2965 2472 3005 cum
2501 2954 2724 3012 dicimus
2753 2976 2873 3017 eSse
2903 2968 3191 3034 perfectum
3217 3014 3230 3037 ,
3285 2992 3388 3030 non
3435 2980 3678 3052 indigen-

2105 3043 2208 3089 tem
2235 3078 2250 3103 ,
2287 3039 2451 3094 ttiltilo
2490 3046 2752 3103 minorem
2784 3051 2943 3109 Patre
2967 3098 2981 3119 ,
3035 3058 3148 3115 haec
3174 3062 3340 3132 gloria
3375 3065 3547 3125 Patris
3574 3083 3676 3128 est.

2105 3127 2217 3184 lloc
2243 3140 2298 3186 et
2326 3137 2577 3204 potentiw
2604 3141 2770 3208 ipsius
2799 3161 3044 3216 magnum
3075 3153 3324 3210 indicium
3351 3169 3403 3212 et
3431 3161 3681 3220 bonitatis

2101 3233 2153 3275 et
2183 3224 2457 3292 sapientia:
2481 3270 2496 3295 ,
2528 3233 2668 3301 quod
2701 3235 2891 3292 Filium
2922 3243 3076 3296 talem
3105 3250 3304 3314 genuit,
3337 3253 3477 3320 quod
3511 3257 3677 3312 nihilo

2101 3312 2383 3380 minorem,
2418 3335 2589 3388 neque
2609 3325 2748 3392 quod
2778 3329 2844 3382 ad
2875 3312 3160 3388 bonitatem
3193 3379 3208 3401 ,
3244 3355 3414 3410 neque
3444 3348 3583 3413 quod
3611 3351 3678 3403 ad

2099 3403 2414 3470 sapientiam
2468 3412 2656 3466 attinet
2718 3417 2848 3471 Cum
2879 3423 3172 3489 sapientem
3205 3403 3473 3488 esse-dico-
3501 3444 3558 3490 ut
3589 3438 3676 3493 Pa-

2102 3499 2258 3558 trem,
2286 3505 2338 3547 et
2361 3497 2526 3552 nihilo
2548 3505 2830 3572 minorem,
2857 3509 2955 3564 hoc
2983 3529 3185 3584 magum
3208 3517 3378 3576 Patris
3404 3527 3678 3595 sapientia:

2102 3582 2355 3641 indicium
2397 3599 2482 3643 est
2512 3609 2526 3646 :
2558 3608 2677 3650 cum
2705 3598 2825 3655 dico
2854 3612 3124 3672 potentem
3155 3626 3307 3681 atque
3336 3631 3455 3672 esse
3479 3635 3544 3676 ac
3569 3622 3672 3678 Pa-

2101 3684 2276 3744 trem,
2310 3678 2410 3736 hoc
2440 3690 2688 3753 potentia:
2735 3692 2907 3752 Patris
2938 3698 3189 3758 indiciam
3231 3717 3312 3762 est
3337 3727 3358 3760 ι.
3385 3726 3514 3766 cum
3552 3714 3683 3772 dico.-

2097 3765 2297 3824 bouum
2325 3787 2443 3828 esse
2473 3776 2598 3832 item
2630 3790 2688 3835 ut
2717 3781 2947 3854 Patrem,
2979 3788 3078 3846 boc
3111 3793 3362 3854 bonitatis
3390 3815 3675 3872 argnmen.

2099 3864 2209 3912 tum
2241 3864 2530 3922 maximum
2557 3911 2572 3935 ,
2601 3873 2689 3941 qui
2722 3875 2877 3930 talem
2917 3885 3198 3952 genuerit,
3230 3901 3290 3942 sc
3317 3905 3421 3944 non
3455 3893 3674 3951 inferio-

2097 3966 2215 4005 rem
2241 3969 2412 4024 neqtte
2442 3960 2736 4031 minorem,
2775 3970 2865 4038 qui
2915 3987 3244 4046 nequaquam
3277 3979 3394 4050 ipso
3432 3986 3501 4038 sit
3541 3988 3675 4043 iule-

2095 4041 2224 4107 rior,
2259 4061 2592 4120 nequaquam
2623 4056 2796 4110 minor
2825 4068 2984 4128 atque
3008 4065 3216 4134 indigus
3235 4087 3247 4123 :
3269 4085 3391 4126 cum
3419 4073 3540 4130 dico
3565 4095 3669 4134 non

2093 4146 2214 4189 esse
2243 4136 2506 4195 minorem
2537 4145 2830 4201 secundum
2859 4153 3148 4209 essentiam
3173 4196 3188 4220 ,
3233 4159 3342 4212 sed.
3370 4165 3667 4231 :equalem,

2094 4239 2267 4292 neque
2303 4230 2522 4286 alterius
2562 4249 2683 4289 esse
2725 4237 3036 4294 substantim
3069 4243 3253 4301 LiliIIC'
3279 4250 3439 4306 cliam
3484 4271 3670 4312 rursus

2093 4311 2258 4369 Deum
2300 4321 2595 4377 miralulem
2649 4327 2910 4394 pra-dico.
2961 4342 3013 4384 et
3069 4337 3356 4402 potentiam
3404 4343 3568 4414 ipsius
3612 4360 3666 4404 et

2095 4408 2383 4464 btll‘tiiaielll
2409 4422 2460 4466 et
2493 4416 2831 4485 sapientiam,
2860 4422 2948 4489 qui
2982 4425 3142 4479 alium
3166 4444 3232 4482 ex
3255 4449 3313 4486 se
3343 4438 3494 4493 nobis
3520 4443 3664 4510 ejus~

2091 4501 2233 4552 modi
2266 4506 2582 4570 protnpserit
2609 4547 2624 4572 ,
2660 4506 2760 4561 hoc
2788 4523 3030 4581 excepto,
3057 4519 3195 4584 quod
3228 4520 3385 4578 Pater
3416 4544 3520 4583 non
3551 4546 3654 4589 est.

2089 4592 2482 4660 Quamobrem,
2532 4613 2880 4670 quareumque
2922 4604 2989 4658 de
3034 4606 3171 4664 Filio
3215 4628 3401 4685 magna
3431 4620 3618 4677 dixero
3649 4672 3662 4691 ,

2088 4684 2264 4737 omnia
2297 4684 2410 4740 lucc
2439 4688 2490 4740 in
2525 4688 2733 4746 Patrem
2764 4695 3158 4756 redundabunt.
3187 4703 3315 4759 Nam
3342 4710 3385 4763 si
3416 4715 3663 4783 exiguum

2089 4773 2226 4827 istud
2268 4791 2330 4830 ac
2356 4777 2472 4832 lete
2498 4796 2513 4844 ;
2542 4782 2789 4852 exiguum
2835 4789 2974 4842 enim
3001 4791 3066 4844 ad
3107 4794 3194 4848 Dei
3224 4796 3448 4866 gloriam
3484 4817 3563 4860 est
3589 4849 3602 4867 ,
3635 4827 3663 4860 a

2086 4868 2284 4921 mundo
2309 4870 2453 4925 illum
2476 4872 2718 4939 adorari;
2741 4879 2804 4931 ad
2827 4881 3049 4950 gloriam
3075 4885 3166 4941 Dei
3192 4893 3440 4961 pertinet,
3464 4912 3662 4966 quanto

2086 4963 2253 5030 magis
2277 4964 2475 5035 reliqua
2505 4969 2678 5020 omnia
2709 4970 2732 5023 ?

2154 5056 2204 5108 5.
2246 5055 2502 5112 Christum
2529 5075 2628 5113 non
2658 5077 2766 5115 rere
2786 5066 2996 5119 colimus
3022 5069 3120 5122 nisi
3143 5071 3412 5128 imitentur.
3445 5076 3660 5135 Humili-

2083 5155 2158 5198 tus
2186 5145 2483 5201 Christianis
2521 5153 2776 5218 competit.
2800 5183 2871 5192 ——
2891 5155 3182 5211 Credamus
3210 5160 3368 5229 igitur
3395 5167 3460 5220 ad
3494 5170 3659 5239 ipsius

2079 5237 2300 5304 gloriam
2324 5279 2337 5300 .
2363 5248 2414 5290 et
2437 5238 2675 5292 vivamus
2695 5241 2760 5293 ad
2789 5241 2952 5311 ipsius
2979 5246 3200 5314 gloriam
3233 5269 3245 5302 :
3275 5252 3495 5313 alterius
3518 5263 3656 5317 enim

2081 5329 2195 5381 sine
2244 5329 2412 5381 altero
2461 5331 2602 5383 nulla
2656 5332 2878 5386 utilitas.
2929 5335 3092 5403 Nam,
3150 5355 3270 5396 cum
3319 5346 3464 5404 illum
3512 5366 3657 5410 recte

2079 5418 2292 5486 quidem
2335 5418 2731 5488 gloriﬁcamus,
2777 5424 2870 5477 sed
2916 5441 3019 5480 non
3066 5441 3210 5486 recte
3241 5436 3495 5508 vivimus,
3531 5456 3655 5502 tunc

2083 5510 2311 5562 maxime
2342 5509 2390 5561 itt
2436 5509 2604 5577 ipsuut
2647 5516 3018 5572 contmneliosi
3063 5535 3290 5590 sumus,
3323 5532 3517 5601 quippe
3563 5542 3653 5606 qui

2079 5600 2227 5653 illum
2273 5600 2551 5654 Dominum
2589 5617 2652 5655 ac
2693 5604 3006 5674 Magistrum.
3045 5613 3354 5680 proﬁtentes
3379 5662 3393 5682 ,
3448 5600 3642 5681 nihilo-

2077 5691 2251 5744 minus
2280 5707 2400 5744 eum
2441 5696 2866 5764 contemnimus,
2914 5717 3012 5756 nec
3041 5707 3275 5762 terribile
3321 5712 3446 5767 illud
3483 5720 3645 5774 tribu-

2078 5783 2160 5834 nal
2193 5783 2634 5850 pertimescimus.
2684 5787 2892 5845 Etenim
2937 5795 3154 5852 Cl‘iECOS
3192 5801 3405 5874 quidem
3440 5808 3643 5880 itnpure

2077 5873 2282 5936 vivct'c,
2327 5890 2495 5944 neque
2534 5876 2830 5934 tttirattdttut
2875 5895 2988 5949 est,
3037 5904 3206 5959 neque
3241 5902 3386 5948 tanto
3425 5898 3638 5969 dignum

2077 5959 2336 6026 supplicio
2383 5979 2392 6012 :
2438 5972 2489 6016 at
2547 5961 2874 6021 Christianos
2940 5980 3205 6030 tantorum
3277 5987 3647 6044 mysteriorum
