4030 6204
329 501 436 559 255

335 610 656 688 participes,
694 607 958 664 tantaeque
1003 586 1188 660 gloriae
1230 585 1540 649 compotes,
1569 571 1704 628 adeo
1732 570 1909 688 impu-I

337 667 454 764 iam
484 667 648 755 vitam
672 693 853 748 vivere
873 727 887 752 ,
937 684 1038 738 hoc
1063 686 1175 743 est,
1219 673 1361 745 quod
1389 682 1601 723 onmem
1630 667 1917 762 exsuperat

340 750 772 864 improbitatem,
822 776 1074 843 nulloque
1118 777 1273 838 pacto
1306 760 1604 864 ferendtnu.
1631 754 1734 855 .Dic
1771 750 1915 864 enim

504 839 789 934 Vz—(‘Ihrislu's
813 839 1000 936 usque
1033 861 1097 915 ad
1145 858 1326 912 ultima
1375 845 1694 905 obcdieutim
1743 839 1918 893 ofﬁcia

1703 929 1922 986 honoris

267 1035 272 1039 .
343 939 655 1034 descendit;
711 971 994 1034 propterea
1047 951 1112 1005 ad
1165 945 1432 1000 excelsum
1496 939 1640 992 illum

346 1065 564 1136 gradum
595 1053 834 1127 pervenit
865 1068 878 1103 :
909 1060 1095 1102 servus
1131 1042 1293 1095 factus
1333 1044 1414 1089 est
1439 1050 1453 1097 ;
1496 1037 1774 1102 pr0pterea
1805 1036 1922 1074 om-

354 1122 499 1211 iiium
546 1122 718 1203 factus
743 1152 824 1198 est
865 1137 1118 1193 Dominus
1140 1173 1154 1196 ,
1188 1138 1242 1184 ct
1280 1123 1588 1194 angelorum
1622 1124 1676 1170 et
1705 1122 1926 1167 cretero-

351 1261 471 1304 rum
512 1239 771 1296 omnium.
824 1227 1181 1299 Quamobrem
1233 1232 1333 1273 nos
1361 1213 1522 1268 etiam
1570 1224 1635 1261 ne
1679 1206 1745 1258 de
1789 1209 1926 1255 statu

349 1331 623 1406 dignitatis
653 1334 851 1382 nostra:
887 1316 1044 1388 dejici
1069 1311 1434 1406 existimemus
1457 1343 1470 1368 ,
1504 1313 1632 1398 cum.
1658 1293 1930 1406 uos|ipstis

355 1382 832 1481 Iuimiliaverimus.
879 1410 1031 1464 Tunc
1067 1404 1207 1458 enim
1249 1397 1424 1469 potius
1469 1405 1594 1445 vere
1622 1387 1672 1440 itt
1705 1382 1931 1438 sublime

359 1515 615 1573 ferimur;
646 1517 773 1562 tunc
807 1500 1035 1556 maxime
1061 1491 1206 1564 digni
1232 1500 1416 1544 sumus
1443 1481 1530 1552 qui
1563 1475 1930 1573 suspiciamqr.

360 1603 512 1675 Quod
539 1601 684 1656 enim
711 1591 953 1650 sublimis
981 1588 1050 1642 sit
1079 1580 1294 1639 humilis
1315 1619 1331 1646 ,
1362 1572 1577 1631 humilis
1608 1561 1932 1675 veronslubli:

551 1687 746 1746 sufﬁcit
788 1684 855 1738 ad
891 1680 1048 1735 ﬁdem
1098 1670 1390 1729 faciendam
1442 1664 1526 1719 vel
1583 1673 1684 1715 una
1735 1656 1932 1710 Christi

363 1784 627 1843 sententia
660 1782 762 1835 hoc
791 1770 1142 1846 pronuntians
1172 1782 1185 1818 :
1215 1767 1583 1817 verumtamen
1609 1753 1936 1846 ipsam-quo:

364 1893 469 1948 que
494 1874 569 1930 rei
616 1832 860 1926 naturam
891 1858 1302 1934 perpendamus.
1353 1845 1488 1917 Quid
1517 1852 1600 1899 est
1635 1832 1940 1948 humiliari?

366 1930 545 2025 {ti-mon
592 1930 931 2029 vituperari?
993 1930 1170 2003 annon
1237 1939 1509 2003 accusari,
1566 1942 1620 1988 et
1655 1930 1943 2029 ξτξιυῐξυιῖ-ίξ

366 2013 474 2131 peti
497 2056 522 2108 ?
549 2050 686 2119 Quid
710 2013 852 2102 ⁵γει-ο
881 2037 1145 2098 exaltari?
1177 2045 1356 2108 nonne
1383 2019 1676 2080 honorari?
1705 2013 1942 2072 laudari?

369 2112 428 2206 iu
454 2112 640 2216 magna
668 2138 835 2212 gloria
860 2147 980 2189 esse
999 2132 1022 2184 ’ἔ
1055 2130 1237 2182 Recte.
1273 2119 1559 2175 Videamus
1588 2112 1748 2182 igitur
1770 2147 1786 2174 ,
1815 2119 1948 2176 quo-

371 2211 642 2295 modo'ad
669 2211 784 2286 haec
812 2222 1173 2298 perveniatur.
1219 2213 1450 2282 Angelus
1477 2215 1592 2262 erat
1639 2211 1787 2257 satan
1811 2239 1826 2264 ,
1847 2211 1947 2298 Ise-

568 2289 856 2382 exaltavit':
882 2313 1008 2387 quid
1031 2307 1231 2381 igitur?
1259 2315 1435 2358 nonne
1456 2297 1694 2352 omnium
1722 2289 1951 2402 maxime

491 2410 843 2474 humiliatus?
871 2385 1047 2463 nonne
1073 2400 1228 2456 sedes
1259 2395 1427 2465 ipsius
1459 2401 1600 2446 terra
1623 2385 1748 2442 est?
1776 2393 1954 2478 nonne

377 2514 448 2568 ab
466 2506 711 2566 omnibus
730 2505 1025 2560 accusatur,
1050 2489 1394 2556 omniumque
1412 2474 1766 2536 criminationi
1791 2470 1956 2542 patet?

384 2605 556 2659 llomo
582 2606 698 2656 erat
723 2593 938 2656 Paulus,
983 2579 1278 2640 humiliavit
1303 2577 1536 2644 seipsum
1567 2589 1579 2625 :
1608 2567 1732 2639 quid
1758 2563 1958 2636 igitur?

381 2708 559 2749 annon
586 2681 904 2757 suspicitur?
925 2691 1100 2733 annon
1121 2670 1364 2726 laudibus
1380 2675 1536 2734 atque
1552 2658 1808 2716 cncomiis

312 2756 319 2763 Ι
387 2782 612 2842 bratur?
637 2745 813 2834 annon
839 2768 1036 2827 Christi
1058 2764 1260 2820 amicus
1285 2760 1388 2813 est?
1427 2769 1601 2808 annon
1629 2749 1826 2818 majora
1859 2745 1962 2800 illis

385 2875 570 2936 edidit,
587 2887 704 2941 qua:
720 2866 963 2922 Christus
986 2853 1216 2912 fecerat?
1237 2863 1414 2904 annon
1435 2857 1578 2914 smpe
1597 2839 1810 2896 diabolo
1833 2847 1965 2892 tam-

388 2933 567 3040 quam.
590 2933 856 3028 mancipio
909 2947 1229 3023 imperavit?
1258 2957 1434 3000 annon
1465 2939 1706 2993 lictorem
1733 2933 1964 2988 circum-

389 3022 580 3120 duxit?
603 3022 783 3111 annon
810 3022 1038 3103 ludibrio
1068 3037 1283 3094 habuit?
1312 3047 1492 3089 annon
1518 3027 1802 3084 contritum
1830 3022 1968 3076 illius

390 3159 551 3222 caput
578 3147 688 3204 suis
715 3137 940 3209 subjecit
981 3130 1246 3204 pedibus?
1278 3139 1454 3179 annon
1502 3119 1621 3176 aliis
1663 3119 1822 3174 etiam
1867 3114 1969 3168 hoc

394 3205 536 3300 idem
583 3247 772 3306 magna
802 3205 922 3284 eum
953 3224 1164 3280 ﬁdentia
1194 3237 1222 3272 a
1252 3219 1362 3271 Deo
1413 3222 1660 3284 precatus
1686 3209 1804 3263 est?
1833 3205 1970 3274 Quid

398 3336 510 3388 hate
537 3301 746 3384 aliero?
773 3319 971 3380 Extulit
989 3317 1221 3384 seipsum
1254 3305 1506 3367 Absalon,
1527 3303 1719 3374 dejecit
1740 3301 1971 3368 scipsmu

400 3421 568 3478 David
599 3437 616 3474 :
644 3429 764 3471 uter
812 3410 1024 3466 tandem
1074 3405 1280 3476 positus
1328 3400 1380 3452 in
1425 3395 1642 3451 excelso
1686 3392 1809 3448 est?
1855 3400 1975 3444 uter

399 3511 562 3582 gloria
585 3503 939 3562 circumduxit
957 3501 980 3552 ?
1001 3495 1136 3564 Quid
1162 3493 1304 3547 enim
1329 3487 1506 3543 verbis
1530 3486 1679 3539 hisce
1701 3481 1974 3544 humilius,

400 3573 593 3670 quibus
635 3596 821 3648 beatus
863 3590 949 3642 hic
991 3583 1249 3654 prepheta
1295 3593 1418 3646 erga
1466 3573 1644 3630 Semci
1690 3585 1818 3625 usus
1847 3577 1965 3634 est,

404 3660 531 3744 eum
567 3687 636 3738 ita
682 3683 915 3740 diceret,
950 3674 1195 3726 Dimittite
1222 3684 1369 3732 eum,
1402 3675 1457 3718 ut
1503 3663 1770 3717 maledica:
1817 3660 1979 3712 mihi:

408 3776 656 3833 Dominus
699 3771 832 3824 enim
866 3762 1104 3835 pracepit
1143 3759 1185 3812 ei
1213 3756 1308 3826 (ε.
1356 3755 1482 3824 Reg.
1533 3753 1619 3807 16.
1663 3748 1808 3820 lO)?
1838 3750 1982 3817 Ipsas

408 3881 621 3942 quoque
646 3875 731 3916 res
753 3899 771 3926 ,
812 3857 859 3910 si
901 3853 1106 3925 placet,
1137 3845 1523 3904 examinemtts.
1567 3839 1869 3894 Ilumiliavit
1893 3853 1983 3892 se-

411 3928 584 4031 i'psm-n
628 3951 976 4024 publicanus,
1024 3941 1345 4012 quamquam
1374 3947 1441 3988 ne
1467 3931 1678 4031 quidem
1713 3928 1985 4031 humilitas

411 4018 527 4106 erat
551 4089 568 4112 ,
599 4018 692 4099 sed
737 4049 910 4094 tamen
952 4031 1192 4088 modeste
1221 4036 1274 4082 et
1309 4020 1610 4079 verecunde
1643 4018 1979 4089 loquebatur.

412 4108 614 4196 Extulit
657 4132 889 4202 seipsum
921 4122 1223 4180 Pharisazus
1253 4135 1267 4173 :
1300 4115 1393 4172 sed
1415 4155 1430 4179 ,
1475 4113 1520 4167 si
1562 4111 1728 4175 libet,
1779 4108 1990 4164 omissis

411 4227 659 4303 personis
685 4239 771 4278 res
798 4223 941 4290 ipsas
979 4213 1371 4272 examinemus.
1419 4206 1729 4263 Statuantur
1754 4203 1860 4258 duo
1895 4202 1993 4256 ali-

411 4298 539 4396 qui,
588 4319 745 4375 ambo
785 4325 840 4370 et
875 4310 1075 4367 divitiis
1109 4316 1163 4363 et
1196 4303 1488 4360 honoribus
1533 4298 1864 4354 abundantes
1885 4337 1899 4362 ,
1932 4311 1994 4352 ac

415 4393 530 4474 tum
555 4418 610 4471 in
638 4411 897 4484 sapientia
920 4451 934 4475 ,
965 4418 1075 4462 tum
1107 4405 1159 4458 in
1187 4402 1423 4474 potentia
1454 4408 1508 4454 et
1534 4399 1588 4452 iu
1619 4396 1739 4451 aliis
1766 4393 1993 4450 munda-

418 4511 507 4566 nis
529 4483 791 4563 bouiside
836 4516 894 4554 se
939 4498 1068 4568 ipsis
1113 4493 1392 4564 magniﬁce
1436 4489 1730 4545 sentientes
1757 4504 1770 4540 :
1802 4483 1998 4540 deinde

418 4603 554 4657 alter
577 4595 792 4668 quidem
822 4592 1055 4645 honores
1085 4587 1153 4639 ah
1181 4583 1430 4638 omuilms
1460 4589 1601 4652 petat
1627 4621 1642 4646 ,
1685 4588 1738 4632 et
1779 4576 1877 4630 nisi
1903 4589 1996 4628 ac-

420 4692 584 4762 cipiat
607 4689 869 4742 irascatur
889 4721 903 4745 ,
928 4688 983 4734 et
1013 4677 1289 4748 plusquam
1314 4689 1448 4743 opus
1472 4683 1554 4727 est
1576 4671 1788 4739 exigat,
1822 4682 1884 4721 ac
1910 4681 1999 4721 se-

422 4759 596 4854 ipsum
644 4772 903 4836 extollat;
953 4769 1089 4823 alter
1149 4780 1276 4819 vero
1330 4773 1491 4817 totam
1544 4777 1656 4816 rem
1706 4759 2000 4829 chpiciat,

421 4849 624 4929 nemini
675 4867 775 4922 hac
811 4861 881 4917 de
923 4873 1082 4915 causa
1126 4861 1473 4916 succenseat,
1519 4851 1859 4919 delatumque
1903 4849 2002 4903 sibi

419 4965 690 5019 honorem
733 4952 1020 5024 repudiet:
1055 4959 1174 5003 uter
1197 4988 1212 5010 ,
1253 4946 1340 4999 die
1375 4942 1501 4996 mihi
1524 4985 1540 5008 ,
1586 4941 1756 5009 major
1785 4941 1911 4996 est?
1937 4954 2004 4993 an

425 5057 516 5122 qui
566 5055 826 5109 honorent
868 5061 973 5101 non
1019 5040 1254 5110 accipit,
1287 5035 1531 5108 quamvis
1575 5032 1762 5104 petat?
1804 5047 1870 5085 an
1917 5032 2005 5100 qui

432 5147 669 5201 delatmu
716 5141 877 5196 etiam
907 5131 1176 5205 despicit?
1220 5127 1504 5198 Pcrspicue
1531 5125 1618 5180 hic
1642 5122 1731 5193 qui
1762 5131 2005 5177 contem-

431 5238 558 5301 nit;
605 5243 660 5289 et
708 5233 823 5302 iure
865 5228 1104 5299 quidem.
1153 5222 1348 5280 Glorim
1409 5219 1550 5274 enim
1619 5215 2009 5286 conscquendm

434 5329 539 5384 alia
571 5325 708 5381 ratio
750 5337 855 5376 non
901 5329 1016 5384 est,
1063 5332 1223 5387 quam
1262 5313 1485 5385 gloriam
1516 5312 1716 5379 fugere.
1747 5307 2009 5376 Quamdiu

438 5419 581 5474 enim
613 5416 780 5485 ipsam
815 5409 1185 5480 persequimur
1206 5447 1218 5467 ,
1253 5404 1383 5473 fugit
1425 5417 1560 5464 nos;
1595 5416 1713 5454 cum
1739 5414 1864 5451 vero
1893 5413 2011 5451 eam

441 5511 704 5583 fugimus,
746 5505 864 5574 ipsa
894 5515 991 5555 nos
1021 5497 1376 5570 persequitur.
1403 5493 1458 5548 Si
1484 5493 1560 5545 vis
1585 5492 1636 5544 in
1668 5490 1832 5559 gloria
1856 5502 1975 5543 esse
1997 5529 2012 5554 ,

439 5582 663 5671 gloriam
706 5611 774 5650 uc
812 5591 1203 5657 concupiscas:
1235 5586 1280 5639 si
1327 5583 1407 5636 vis
1445 5582 1623 5638 celsus
1673 5595 1824 5641 esse,
1864 5593 1932 5632 ne
1963 5587 2016 5631 te

444 5693 558 5760 ipse
584 5690 636 5742 in
661 5685 887 5740 sublime
931 5680 1144 5735 efferas.
1174 5677 1346 5744 Atque
1371 5673 1471 5726 alia
1500 5671 1658 5726 etiam
1702 5684 1861 5724 causa
1890 5675 1971 5721 est
1995 5708 2011 5734 ,

450 5795 548 5833 cur
567 5777 812 5830 homines
836 5772 1013 5826 colant
1039 5765 1259 5820 honoris
1285 5767 1395 5816 hon
1426 5770 1761 5829 appetentem
1781 5801 1794 5822 ,
1820 5773 2017 5814 conse-

446 5875 678 5924 ctantem
710 5877 835 5918 vero
860 5867 1170 5914 aversentur
1207 5874 1220 5910 :
1255 5849 1466 5908 insitum
1495 5853 1633 5906 enim
1674 5850 1774 5905 hoc
1803 5859 1884 5906 cst
1915 5850 2012 5905 ho-

1097 475 1155 530 S.
1193 463 1468 526 JOANNIS
1505 452 1977 517 CllllYSOSTOMl
2019 448 2331 506 ARClllEP.
2373 439 2898 502 CONSTANTlNOP.

3499 433 3606 490 936

2027 563 2228 620 minam
2275 560 2458 632 generi
2503 557 2862 614 contentionis
2909 569 3028 610 esse
3072 552 3353 623 cupidum,
3403 562 3457 606 et
3484 566 3606 606 cum

2024 655 2249 708 aliorum
2289 651 2569 706 desideriis
2616 648 2826 703 luctari.
2873 646 3052 715 Itaque
3083 644 3442 714 despiciatnus
3484 642 3605 712 glo-

2026 746 2203 802 riam:
2238 745 2312 798 ita
2360 742 2501 796 enim
2553 738 2846 810 poterimus
2891 737 3121 790 humiles
3164 735 3277 788 ﬁeri
3307 733 3389 788 vel
3433 734 3614 802 potius

2028 839 2178 893 celsi.
2209 836 2284 891 Ne
2326 835 2552 904 teipsum
2593 831 2855 896 extollas,
2879 839 2936 884 ιιι
2961 831 3028 884 ab
3054 828 3160 883 alio
3183 826 3476 882 extollaris.
3507 825 3610 892 Qui

2029 945 2058 982 a
2087 943 2146 982 se
2191 928 2306 997 ipso
2345 925 2656 990 extollitur,
2706 924 2751 976 is
2788 922 2855 976 ab
2880 921 2997 975 aliis
3029 935 3133 974 non
3176 919 3448 974 extollitur
3480 935 3491 968 :
3522 917 3614 985 qui

2028 1020 2265 1089 seipsum
2307 1017 2484 1086 dejicit
2508 1058 2523 1082 ,
2581 1017 2623 1070 is
2653 1014 2721 1069 ab
2750 1014 2868 1068 aliis
2903 1029 3007 1066 non
3046 1011 3316 1079 dejicitur.
3366 1010 3614 1078 Magnum

2034 1108 2336 1178 arrogantia
2385 1107 2582 1160 malum
2634 1113 2717 1160 est
2758 1121 2773 1158 :
2815 1103 2980 1156 satius
3029 1112 3112 1156 est
3161 1100 3413 1154 stolidum
3458 1114 3611 1162 esse,

2037 1214 2198 1268 quam
2240 1205 2578 1266 arrogantem
2622 1211 2636 1248 :
2689 1209 2809 1246 nam
2859 1193 2926 1246 ibi
2969 1191 3183 1258 quidem
3230 1190 3451 1243 stultitia
3502 1189 3616 1242 sola

2039 1289 2231 1343 mentis
2264 1287 2545 1341 inﬁrmitas
2577 1294 2659 1341 est
2683 1301 2698 1350 ;
2733 1285 2820 1339 hic
2849 1298 2976 1337 vero
2995 1282 3213 1335 stultitia
3240 1281 3475 1336 deterior
3500 1289 3617 1344 est,

2039 1389 2095 1435 et
2118 1378 2337 1432 stultitia
2381 1392 2501 1432 cum
2535 1378 2713 1430 furore
2751 1375 3056 1444 conjuncta.
3110 1372 3344 1427 Stolidus
3374 1371 3471 1425 sibi
3519 1371 3620 1439 ipsi

2042 1478 2228 1535 nocet,
2271 1483 2527 1539 arrogans
2580 1483 2712 1523 vero
2747 1467 2970 1521 aliormn
3015 1465 3175 1520 etiam
3221 1463 3482 1533 pernicies
3511 1473 3614 1517 est.

2043 1562 2086 1614 A
2134 1559 2400 1615 dementia
2447 1558 2535 1612 hic
2577 1557 2794 1612 morbus
2853 1564 3206 1626 procreatur:
3238 1554 3352 1607 ﬁeri
3399 1555 3618 1607 minime

2045 1659 2254 1721 potest,
2304 1659 2363 1704 ut
2399 1649 2519 1721 quis
2546 1649 2614 1706 de
2658 1665 2718 1704 se
2759 1664 2982 1718 magnos
3025 1649 3242 1717 spiritus
3286 1657 3488 1709 sumat,
3522 1647 3622 1699 nisi

2045 1745 2241 1799 stultus
2279 1746 2349 1797 sit
2377 1761 2390 1796 :
2420 1743 2509 1813 qui
2553 1757 2681 1796 vero
2727 1741 2876 1794 valde
2913 1741 3107 1793 stultus
3135 1750 3211 1791 ρει
3239 1779 3251 1796 ,
3297 1740 3342 1792 is
3371 1751 3624 1806 :ll‘l‘t'gzllls

2048 1850 2257 1906 quoque
2286 1845 2386 1889 cst.
2421 1834 2552 1888 Audi
2582 1833 2876 1902 sapientem
2901 1831 3181 1901 quemdam
3210 1833 3278 1883 ita
3311 1831 3576 1884 dicentem
3605 1846 3618 1883 :

2059 1927 2176 1981 Vidi
2204 1929 2456 1981 hominem
2504 1927 2781 1996 sapientem
2822 1923 2916 1978 sibi
2954 1923 3111 1976 videri
3143 1938 3160 1976 :
3187 1922 3346 1992 magis
3391 1937 3504 1975 vero
3538 1919 3632 1973 illo

2050 2034 2190 2088 spem
2233 2017 2378 2071 habet
2422 2016 2660 2086 insipiens
2687 2015 2704 2084 (
2733 2014 2887 2069 Prov.
2917 2014 3006 2068 ‘26.
3039 2013 3104 2066 12
3123 2015 3162 2080 ).
3196 2011 3360 2066 Vides
3410 2026 3495 2066 me
3525 2027 3632 2064 non

2055 2120 2256 2164 temere
2283 2109 2482 2164 dixisse
2501 2150 2516 2174 ,
2545 2108 2758 2177 gravius
2788 2120 2908 2161 esse
2935 2106 3035 2160 hoc
3063 2106 3258 2160 malum
3300 2104 3588 2160 stoliditate
3608 2103 3634 2156 ?

2058 2200 2226 2270 Magis
2262 2201 2404 2253 enim
2427 2240 2440 2266 ,
2489 2199 2657 2268 inquit
2679 2238 2696 2259 ,
2729 2198 2818 2252 illo
2854 2211 2996 2267 spem
3037 2195 3181 2249 habet
3209 2196 3468 2264 insipiens.
3503 2195 3631 2249 Pro-

2060 2302 2239 2361 pterea
2280 2292 2472 2346 Paulus
2513 2292 2670 2344 etiam
2718 2290 2948 2344 dicebat.
3026 2287 3200 2342 Nolite
3237 2304 3342 2342 esse
3370 2289 3636 2356 prndemrs

2059 2381 2196 2448 apud
2223 2382 2546 2449 vosmetipsos
2577 2380 2764 2448 (Rom.
2801 2379 2887 2433 1'2.
2923 2375 2987 2434 16
3014 2379 3055 2449 ).
3102 2377 3155 2432 In
3182 2377 3522 2446 corporibus.
3553 2376 3636 2430 dic

2063 2471 2222 2538 mihi,
2249 2487 2491 2542 quaenam
2515 2472 2694 2526 valere
2720 2469 2992 2526 dicimus?
3021 2480 3198 2524 utrum
3225 2469 3384 2524 valde
3414 2468 3634 2532 tumida,

2062 2579 2126 2619 ac
2149 2565 2318 2619 multo
2362 2565 2503 2618 intus
2541 2562 2735 2618 referta
2783 2563 2909 2617 ﬂatu
2949 2571 3004 2618 et
3039 2575 3212 2632 aqua;
3260 2576 3326 2614 an
3355 2559 3639 2628 depressa,

2071 2665 2126 2710 et
2148 2666 2474 2711 contractam
2504 2656 2752 2711 habentia
2778 2655 3110 2725 superﬁciem
3133 2653 3302 2707 ?Sinc
3327 2651 3488 2706 dubio
3508 2651 3642 2704 lucc.

2066 2748 2208 2818 Ergo
2251 2756 2304 2802 et
2340 2749 2390 2802 in
2420 2748 2624 2812 anima,
2667 2762 2789 2817 quae
2819 2755 3029 2811 tumet,
3071 2745 3376 2816 graviorem
3405 2743 3644 2815 hydropa

2069 2839 2312 2894 morbum
2357 2837 2512 2894 habet
2542 2855 2556 2890 :
2584 2853 2703 2908 quae
2732 2852 2858 2892 vero
2887 2838 3138 2905 depressa
3166 2843 3250 2891 est
3273 2877 3287 2897 .
3319 2834 3464 2889 omni
3496 2842 3641 2888 caret

2069 2931 2217 2984 vitio.
2265 2931 2402 2997 Quot
2434 2930 2592 2999 igitur
2619 2928 2756 2982 bona
2793 2928 2931 2997 parit
2974 2927 3126 2981 nobis
3169 2925 3485 2980 humilitas?
3514 2923 3648 2992 Quid

2073 3020 2306 3092 qtnrris?
2333 3020 2591 3075 malarum
2619 3033 2794 3074 rerum
2825 3033 2944 3072 esse
2976 3017 3292 3071 tolerantem
3317 3057 3332 3082 ,
3364 3015 3650 3071 iracundia:

2074 3120 2385 3180 expertem,
2443 3113 2769 3173 humanum,
2840 3107 3116 3173 sobrium,
3183 3116 3443 3161 attentqu
3497 3114 3654 3175 atque

2074 3202 2352 3257 alacrem?
2383 3201 2496 3256 btrc
2522 3202 2701 3256 omnia
2729 3200 2867 3254 bona
2894 3199 2962 3254 ab
2991 3199 3290 3254 humilitate
3316 3197 3656 3268 proﬁciscun-

2077 3300 2166 3347 tur
2189 3309 2204 3358 ;
2237 3293 2503 3347 contraria
2532 3305 2658 3345 vero
2680 3289 2747 3344 ab
2773 3289 3097 3359 arrogantia.
3126 3287 3260 3342 Nam
3283 3287 3372 3358 qtti
3399 3299 3652 3357 arrogans

2078 3393 2195 3449 est,
2254 3384 2396 3438 lnmc
2443 3393 2498 3440 et
2542 3383 2986 3437 contumeliosum
3042 3396 3162 3436 esse
3209 3395 3432 3436 necesse
3461 3391 3576 3447 est,
3605 3386 3658 3432 et

2081 3489 2452 3545 percussorem
2471 3514 2486 3538 ,
2510 3485 2564 3528 et
2591 3473 2938 3537 iracundum,
2966 3483 3018 3526 et
3041 3488 3279 3527 amarum
3300 3513 3315 3538 ,
3343 3482 3397 3526 et
3423 3472 3624 3526 tristem
3641 3510 3657 3534 ,

2083 3566 2408 3634 omninoque
2454 3566 2617 3619 feram
2664 3565 2838 3634 potius
2867 3578 3025 3632 quam
3065 3562 3355 3618 hominem.
3389 3562 3661 3618 Robustus

2089 3669 2149 3710 es
2170 3697 2184 3718 ,
2217 3671 2280 3710 ac
2309 3655 2555 3726 superbis
2579 3654 2602 3708 ?
2625 3653 2753 3709 Inde
2777 3652 2953 3723 potius
2978 3651 3202 3722 deprimi
3233 3653 3496 3708 debueras
3525 3669 3538 3704 :
3573 3665 3663 3706 cur

2087 3746 2228 3800 enim
2257 3761 2320 3801 ex
2353 3761 2444 3810 re,
2499 3760 2617 3816 quze
2658 3744 2857 3799 nullius
2902 3743 3156 3813 ponderis
3181 3753 3293 3810 est,
3322 3757 3546 3814 magnos
3574 3742 3664 3797 tibi

2087 3838 2305 3906 spiritus
2330 3837 2542 3892 sumis?
2575 3836 2785 3891 Etenim
2813 3846 2868 3892 et
2889 3837 2974 3890 leo
3003 3845 3054 3891 te
3074 3837 3326 3892 audacior
3351 3844 3433 3890 est
3451 3877 3464 3899 ,
3497 3845 3547 3890 et
3578 3850 3668 3890 sus

2093 3928 2401 3992 robuStior;
2433 3943 2495 3983 ac
2539 3943 2649 3998 prae
2696 3927 2798 3982 illis
2833 3942 2899 3981 ne
2936 3928 3088 3982 culex
3116 3927 3326 3996 quidem
3365 3941 3426 3981 es
3454 3945 3466 3980 :
3495 3937 3549 3982 et
3597 3927 3672 3980 la-

2096 4026 2274 4072 lroues
2318 4027 2373 4074 ct
2415 4019 2779 4088 sepulcrorum
2819 4016 3103 4072 eﬁ'ossores
3144 4026 3196 4071 et
3246 4016 3566 4086 gladiatores
3618 4025 3673 4069 et

2094 4111 2277 4165 famuli
2306 4113 2377 4165 tui
2403 4152 2419 4179 ,
2449 4113 2676 4165 fortasse
2698 4124 2825 4163 vero
2848 4116 2900 4163 et
2927 4109 3015 4179 qui
3041 4109 3176 4161 inter
3201 4108 3344 4178 ipsos
3371 4107 3673 4162 hebetiores

2097 4214 2254 4267 sunt,
2305 4212 2356 4257 te
2399 4202 2590 4256 robore
2615 4209 2670 4255 et
2696 4200 2900 4255 viribus
2947 4211 3220 4268 superant.
3255 4200 3487 4254 lloccinc
3517 4199 3673 4270 igitur

2098 4295 2253 4349 lamlc
2292 4293 2552 4363 dignum?
2591 4307 2655 4347 ac
2694 4307 2799 4346 non
2848 4301 2898 4346 te
2925 4291 3099 4362 ipsum
3125 4307 3231 4362 pra:
3257 4291 3460 4361 pudore
3485 4292 3634 4346 abdis
3657 4331 3674 4355 ,

2099 4388 2187 4458 qui
2239 4385 2359 4441 ideo
2403 4385 2726 4456 superbias?
2771 4385 2842 4438 At
2889 4383 3102 4453 pulchct
3157 4399 3216 4438 es
3265 4395 3317 4438 et
3367 4382 3677 4437 formosus?

2100 4478 2388 4533 Cornicum
2411 4477 2526 4530 haec
2549 4475 2794 4545 gloriatio
2815 4483 2926 4538 est;
2951 4489 3054 4527 non
3078 4489 3138 4528 es
3162 4487 3366 4542 pavone
3389 4473 3676 4542 pulchrior,

2102 4569 2215 4624 sive
2260 4568 2487 4622 nitorem
2531 4567 2643 4620 sive
2687 4578 2890 4634 pennas
2930 4572 3184 4632 spectes:
3231 4578 3420 4633 penme
3467 4565 3581 4616 avis
3631 4571 3682 4616 te

2104 4659 2262 4730 longe
2304 4659 2557 4719 vincunt,
2601 4656 2712 4726 ipsa
2744 4669 2896 4709 coma
2919 4694 2934 4718 ,
2979 4653 3097 4722 ipso
3123 4654 3316 4706 nitore.
3365 4653 3540 4723 Atque
3568 4651 3684 4706 olor

2105 4751 2265 4804 etiam
2295 4748 2449 4802 valde
2487 4745 2711 4817 pulcher
2737 4753 2820 4799 est
2841 4784 2856 4810 ,
2891 4744 3115 4813 alia-que
3143 4757 3267 4797 aves
3311 4742 3490 4796 multa:
3526 4742 3685 4811 :qui-

2112 4841 2333 4895 buscum
2375 4838 2421 4893 si
2462 4849 2512 4892 te
2557 4836 2884 4898 contuleris,
2924 4833 3186 4901 deSpicies
3235 4833 3391 4902 plane
3435 4833 3684 4902 teipsum.

2109 4934 2263 5003 Stepe
2290 4947 2419 4986 vero
2445 4939 2499 4986 et
2529 4929 2663 4983 viles
2691 4926 2896 4999 pueruli
2923 4966 2940 4992 ,
2983 4934 3038 4978 et
3064 4925 3294 4994 virgines
3330 4924 3568 4994 innupta:
3590 4964 3605 4987 ,
3637 4929 3693 4977 et

2113 5025 2423 5080 meretrices
2450 5021 2728 5084 mulieres,
2760 5029 2815 5074 et
2841 5019 3032 5072 molles
3063 5017 3308 5073 homines
3333 5017 3470 5070 hanc
3496 5016 3691 5070 habent

2114 5116 2503 5186 gloriatiouetn.
2543 5112 2774 5166 Haecine
2801 5111 2960 5180 igitur
2986 5109 3284 5177 arrogantia
3313 5107 3574 5176 dignum?

2186 5207 2239 5261 ti.
2274 5208 2342 5260 At
2369 5205 2568 5260 divitiis
2598 5201 2878 5257 abundas?
2911 5199 3087 5254 unde?
3115 5199 3306 5268 quibus
3337 5199 3496 5251 rebus
3523 5197 3695 5251 alum-

2117 5300 2250 5353 das?
2276 5312 2408 5351 auro
2427 5336 2442 5360 ,
2476 5304 2696 5365 argento
2717 5335 2732 5358 ,
2763 5293 2962 5363 lapillis
2989 5291 3276 5361 pretiosis?
3303 5289 3428 5344 llaec
3453 5299 3508 5344 et
3538 5288 3699 5340 latro-

2121 5405 2247 5442 num
2276 5387 2522 5457 gloriatio
2551 5393 2633 5440 est
2657 5394 2711 5439 et
2737 5393 3029 5446 sectorum,
3059 5392 3112 5435 et
3141 5396 3347 5441 eorum,
3372 5381 3458 5449 qui
3489 5377 3698 5431 metalla

2122 5481 2399 5536 cﬁ'odiunt.
2430 5481 2570 5549 Ergo
2599 5477 2740 5547 quod
2771 5475 3037 5528 damnatis
3069 5473 3220 5527 labor
3244 5481 3345 5536 est,
3381 5471 3429 5524 id
3462 5470 3554 5522 tibi
3587 5469 3701 5536 glo-

2125 5572 2292 5627 riandi
2321 5587 2478 5626 causa
2505 5569 2646 5624 erit?
2671 5570 2736 5622 At
2764 5575 2954 5621 ornatu
2985 5564 3160 5618 nites?
3190 5563 3366 5632 Equos
3394 5562 3554 5614 etiam
3583 5560 3706 5614 licet

2124 5677 2347 5717 cernere
2391 5659 2612 5730 pulchre
2640 5668 2860 5712 ornatos
2885 5675 2896 5709 :
2923 5654 3060 5724 apud
3094 5654 3283 5708 Persas
3314 5667 3439 5705 vero
3469 5649 3707 5703 camelos

2127 5755 2288 5809 etiam
2314 5751 2492 5805 videas
2523 5749 2745 5804 miriﬁce
2781 5755 3060 5816 comptos:
3084 5745 3221 5796 inter
3249 5741 3496 5796 homines
3526 5750 3706 5804 autem

2135 5862 2228 5901 eos
2255 5858 2478 5911 omnes,
2507 5842 2596 5912 qui
2635 5856 2701 5897 ex
2741 5854 2921 5895 scena.
2956 5837 3068 5894 Non
3109 5833 3275 5904 pudet
3313 5843 3361 5888 te
3392 5832 3489 5886 bas
3515 5833 3583 5886 ob
3625 5848 3712 5886 ra-s
