  <div class='ocr_page' id='page_1' title='image "/cluster/home/n/w/nwhite01/storage/ocr_20150623/62/mdp.39015008622626/242.png"; bbox 0 0 4030 6204; ppageno 0'>
   <div class='ocr_carea' id='block_1_1' title="bbox 434 548 1993 635">
    <p class='ocr_par' dir='ltr' id='par_1_1' title="bbox 434 548 1993 635">
     <span class='ocr_line' id='line_1_1' title="bbox 434 548 1993 635; baseline -0.012 -17"><span class='ocrx_word' id='word_1_1' title='bbox 434 564 633 635; x_wconf 72' lang='grc' dir='ltr'>ὑψηλὺς</span> <span class='ocrx_word' id='word_1_2' title='bbox 682 560 932 622; x_wconf 83' lang='grc' dir='ltr'>ταπεινός</span> <span class='ocrx_word' id='word_1_3' title='bbox 1001 558 1145 610; x_wconf 84' lang='grc' dir='ltr'>ἐστιν</span> <span class='ocrx_word' id='word_1_4' title='bbox 1177 597 1192 621; x_wconf 91' lang='grc'>,</span> <span class='ocrx_word' id='word_1_5' title='bbox 1258 557 1288 608; x_wconf 92' lang='grc' dir='ltr'>ὁ</span> <span class='ocrx_word' id='word_1_6' title='bbox 1333 553 1391 606; x_wconf 74' lang='grc' dir='ltr'>δὲ</span> <span class='ocrx_word' id='word_1_7' title='bbox 1442 552 1696 615; x_wconf 80' lang='grc' dir='ltr'>ταπεινὸς</span> <span class='ocrx_word' id='word_1_8' title='bbox 1752 548 1954 619; x_wconf 76' lang='grc' dir='ltr'>ὑψηλὸς</span> <span class='ocrx_word' id='word_1_9' title='bbox 1977 586 1993 610; x_wconf 92' lang='grc'>,</span> 
     </span>
    </p>
   </div>
   <div class='ocr_carea' id='block_1_2' title="bbox 435 638 2002 725">
    <p class='ocr_par' dir='ltr' id='par_1_2' title="bbox 435 638 2002 725">
     <span class='ocr_line' id='line_1_2' title="bbox 435 638 2002 725; baseline -0.011 -18"><span class='ocrx_word' id='word_1_10' title='bbox 435 656 592 725; x_wconf 83' lang='grc' dir='ltr'>ἀρκεῖ</span> <span class='ocrx_word' id='word_1_11' title='bbox 640 652 738 722; x_wconf 79' lang='grc' dir='ltr'>μὲν</span> <span class='ocrx_word' id='word_1_12' title='bbox 811 649 907 703; x_wconf 81' lang='grc' dir='ltr'>καὶ</span> <span class='ocrx_word' id='word_1_13' title='bbox 963 650 995 718; x_wconf 85' lang='grc' dir='ltr'>ή</span> <span class='ocrx_word' id='word_1_14' title='bbox 1043 646 1140 700; x_wconf 90' lang='grc' dir='ltr'>τοῦ</span> <span class='ocrx_word' id='word_1_15' title='bbox 1206 644 1443 715; x_wconf 79' lang='grc' dir='ltr'>Χριστοῦ</span> <span class='ocrx_word' id='word_1_16' title='bbox 1499 642 1774 712; x_wconf 84' lang='grc' dir='ltr'>ἀπόφασις</span> <span class='ocrx_word' id='word_1_17' title='bbox 1842 638 2002 693; x_wconf 85' lang='grc' dir='ltr'>τοῦτο</span> 
     </span>
    </p>
   </div>
   <div class='ocr_carea' id='block_1_3' title="bbox 431 727 1998 810">
    <p class='ocr_par' dir='ltr' id='par_1_3' title="bbox 431 727 1998 810">
     <span class='ocr_line' id='line_1_3' title="bbox 431 727 1998 810; baseline -0.01 -15"><span class='ocrx_word' id='word_1_18' title='bbox 431 742 660 810; x_wconf 82' lang='grc' dir='ltr'>λέγουσα</span> <span class='ocrx_word' id='word_1_19' title='bbox 688 758 702 770; x_wconf 90' lang='grc'>·</span> <span class='ocrx_word' id='word_1_20' title='bbox 753 738 892 809; x_wconf 79' lang='grc' dir='ltr'>πλὴν</span> <span class='ocrx_word' id='word_1_21' title='bbox 942 736 1078 790; x_wconf 78' lang='grc' dir='ltr'>ἀλλά</span> <span class='ocrx_word' id='word_1_22' title='bbox 1150 735 1246 789; x_wconf 84' lang='grc' dir='ltr'>καὶ</span> <span class='ocrx_word' id='word_1_23' title='bbox 1306 733 1437 788; x_wconf 76' lang='grc' dir='ltr'>αὑτὸ</span> <span class='ocrx_word' id='word_1_24' title='bbox 1493 732 1554 785; x_wconf 86' lang='lat'>16</span> <span class='ocrx_word' id='word_1_25' title='bbox 1612 731 1847 801; x_wconf 78' lang='grc' dir='ltr'>πρᾶγμα</span> <span class='ocrx_word' id='word_1_26' title='bbox 1909 727 1998 791; x_wconf 73' lang='grc' dir='ltr'>εξ-</span> 
     </span>
    </p>
   </div>
   <div class='ocr_carea' id='block_1_4' title="bbox 430 818 2001 900">
    <p class='ocr_par' dir='ltr' id='par_1_4' title="bbox 430 818 2001 900">
     <span class='ocr_line' id='line_1_4' title="bbox 430 818 2001 900; baseline -0.01 -14"><span class='ocrx_word' id='word_1_27' title='bbox 430 833 729 900; x_wconf 84' lang='grc' dir='ltr'>ετάσωμεν’</span> <span class='ocrx_word' id='word_1_28' title='bbox 752 829 817 881; x_wconf 88' lang='grc' dir='ltr'>Τί</span> <span class='ocrx_word' id='word_1_29' title='bbox 839 830 954 880; x_wconf 84' lang='grc' dir='ltr'>ἐστι</span> <span class='ocrx_word' id='word_1_30' title='bbox 984 825 1421 894; x_wconf 56' lang='grc' dir='ltr'>ταπεινωθῆναη</span> <span class='ocrx_word' id='word_1_31' title='bbox 1450 824 1512 876; x_wconf 89' lang='lat'>06</span> <span class='ocrx_word' id='word_1_32' title='bbox 1537 822 1597 874; x_wconf 83' lang='grc' dir='ltr'>τὸ</span> <span class='ocrx_word' id='word_1_33' title='bbox 1625 818 1911 889; x_wconf 70' lang='grc' dir='ltr'>ψέγεσθαι,</span> <span class='ocrx_word' id='word_1_34' title='bbox 1940 818 2001 870; x_wconf 82' lang='grc' dir='ltr'>ού</span> 
     </span>
    </p>
   </div>
   <div class='ocr_carea' id='block_1_5' title="bbox 429 910 2000 991">
    <p class='ocr_par' dir='ltr' id='par_1_5' title="bbox 429 910 2000 991">
     <span class='ocr_line' id='line_1_5' title="bbox 429 910 2000 991; baseline -0.01 -14"><span class='ocrx_word' id='word_1_35' title='bbox 429 925 490 977; x_wconf 82' lang='lat'>16</span> <span class='ocrx_word' id='word_1_36' title='bbox 519 920 945 991; x_wconf 75' lang='grc' dir='ltr'>κατηγορεῖσθαι</span> <span class='ocrx_word' id='word_1_37' title='bbox 965 920 1061 973; x_wconf 73' lang='grc' dir='ltr'>καὶ</span> <span class='ocrx_word' id='word_1_38' title='bbox 1084 916 1503 979; x_wconf 77' lang='grc' dir='ltr'>διαϐάλλεσθαις</span> <span class='ocrx_word' id='word_1_39' title='bbox 1528 913 1664 966; x_wconf 82' lang='grc' dir='ltr'>Τίδὲ</span> <span class='ocrx_word' id='word_1_40' title='bbox 1694 910 2000 981; x_wconf 72' lang='grc' dir='ltr'>ὑψωθῆναις</span> 
     </span>
    </p>
   </div>
   <div class='ocr_carea' id='block_1_6' title="bbox 423 1001 2004 1081">
    <p class='ocr_par' dir='ltr' id='par_1_6' title="bbox 423 1001 2004 1081">
     <span class='ocr_line' id='line_1_6' title="bbox 423 1001 2004 1081; baseline -0.009 -16"><span class='ocrx_word' id='word_1_41' title='bbox 423 1013 485 1066; x_wconf 86' lang='grc' dir='ltr'>ού</span> <span class='ocrx_word' id='word_1_42' title='bbox 520 1012 579 1064; x_wconf 83' lang='lat'>16</span> <span class='ocrx_word' id='word_1_43' title='bbox 603 1009 888 1081; x_wconf 81' lang='grc' dir='ltr'>τιμᾶσθαι,</span> <span class='ocrx_word' id='word_1_44' title='bbox 914 1009 978 1063; x_wconf 87' lang='lat'>16</span> <span class='ocrx_word' id='word_1_45' title='bbox 1003 1006 1367 1071; x_wconf 76' lang='grc' dir='ltr'>ἐπαινεῖσθαι,</span> <span class='ocrx_word' id='word_1_46' title='bbox 1393 1004 1454 1057; x_wconf 89' lang='lat'>16</span> <span class='ocrx_word' id='word_1_47' title='bbox 1493 1001 1813 1069; x_wconf 75' lang='grc' dir='ltr'>δοξάζεσθαι</span> <span class='ocrx_word' id='word_1_48' title='bbox 1841 1016 1856 1064; x_wconf 88' lang='lat'><strong>;</strong></span> <span class='ocrx_word' id='word_1_49' title='bbox 1890 1001 2004 1052; x_wconf 80' lang='lat' dir='ltr'><strong><em>Ka-</em></strong></span> 
     </span>
    </p>
   </div>
   <div class='ocr_carea' id='block_1_7' title="bbox 423 1086 2002 1171">
    <p class='ocr_par' dir='ltr' id='par_1_7' title="bbox 423 1086 2002 1171">
     <span class='ocr_line' id='line_1_7' title="bbox 423 1086 2002 1171; baseline -0.009 -15"><span class='ocrx_word' id='word_1_50' title='bbox 423 1103 549 1166; x_wconf 88' lang='grc' dir='ltr'>λῶς.</span> <span class='ocrx_word' id='word_1_51' title='bbox 581 1103 813 1171; x_wconf 87' lang='grc' dir='ltr'>Ἴδωμεν</span> <span class='ocrx_word' id='word_1_52' title='bbox 845 1096 940 1155; x_wconf 76' lang='grc' dir='ltr'>οὖν</span> <span class='ocrx_word' id='word_1_53' title='bbox 969 1100 1086 1163; x_wconf 89' lang='grc' dir='ltr'>πῶς</span> <span class='ocrx_word' id='word_1_54' title='bbox 1119 1096 1279 1152; x_wconf 87' lang='grc' dir='ltr'>τοῦτο</span> <span class='ocrx_word' id='word_1_55' title='bbox 1305 1096 1534 1166; x_wconf 84' lang='grc' dir='ltr'>γίνεται.</span> <span class='ocrx_word' id='word_1_56' title='bbox 1575 1092 1841 1161; x_wconf 77' lang='grc' dir='ltr'>Ἀγγελος</span> <span class='ocrx_word' id='word_1_57' title='bbox 1868 1086 1938 1162; x_wconf 82' lang='grc' dir='ltr'>ἦν</span> <span class='ocrx_word' id='word_1_58' title='bbox 1972 1090 2002 1142; x_wconf 90' lang='lat'>6</span> 
     </span>
    </p>
   </div>
   <div class='ocr_carea' id='block_1_8' title="bbox 424 1182 2003 1262">
    <p class='ocr_par' dir='ltr' id='par_1_8' title="bbox 424 1182 2003 1262">
     <span class='ocr_line' id='line_1_8' title="bbox 424 1182 2003 1262; baseline -0.009 -13"><span class='ocrx_word' id='word_1_59' title='bbox 424 1196 692 1259; x_wconf 77' lang='grc' dir='ltr'>Σατανᾶς,</span> <span class='ocrx_word' id='word_1_60' title='bbox 734 1192 952 1262; x_wconf 77' lang='grc' dir='ltr'>ὕψωσεν</span> <span class='ocrx_word' id='word_1_61' title='bbox 981 1190 1173 1244; x_wconf 75' lang='grc' dir='ltr'>ἑαυτόν</span> <span class='ocrx_word' id='word_1_62' title='bbox 1193 1206 1208 1220; x_wconf 87' lang='grc'><strong>·</strong></span> <span class='ocrx_word' id='word_1_63' title='bbox 1240 1188 1294 1240; x_wconf 86' lang='grc' dir='ltr'>τί</span> <span class='ocrx_word' id='word_1_64' title='bbox 1321 1182 1437 1252; x_wconf 79' lang='grc' dir='ltr'>οὖν,</span> <span class='ocrx_word' id='word_1_65' title='bbox 1468 1185 1590 1256; x_wconf 75' lang='grc' dir='ltr'>οὐχὶ</span> <span class='ocrx_word' id='word_1_66' title='bbox 1616 1184 1835 1238; x_wconf 84' lang='grc' dir='ltr'>πάντων</span> <span class='ocrx_word' id='word_1_67' title='bbox 1868 1184 2003 1253; x_wconf 84' lang='grc' dir='ltr'>μᾶλ-</span> 
     </span>
    </p>
   </div>
   <div class='ocr_carea' id='block_1_9' title="bbox 425 1271 2004 1353">
    <p class='ocr_par' dir='ltr' id='par_1_9' title="bbox 425 1271 2004 1353">
     <span class='ocr_line' id='line_1_9' title="bbox 425 1271 2004 1353; baseline -0.009 -14"><span class='ocrx_word' id='word_1_68' title='bbox 425 1287 516 1340; x_wconf 84' lang='grc' dir='ltr'>λον</span> <span class='ocrx_word' id='word_1_69' title='bbox 534 1284 876 1353; x_wconf 76' lang='grc' dir='ltr'>ἐταπεινώθη</span> <span class='ocrx_word' id='word_1_70' title='bbox 896 1301 912 1349; x_wconf 89' lang='grc'><strong>;</strong></span> <span class='ocrx_word' id='word_1_71' title='bbox 933 1283 1053 1352; x_wconf 76' lang='grc' dir='ltr'>οὐχὶ</span> <span class='ocrx_word' id='word_1_72' title='bbox 1076 1280 1276 1352; x_wconf 79' lang='grc' dir='ltr'>χωρίον</span> <span class='ocrx_word' id='word_1_73' title='bbox 1308 1278 1421 1347; x_wconf 74' lang='grc' dir='ltr'>ἔχει</span> <span class='ocrx_word' id='word_1_74' title='bbox 1448 1277 1546 1347; x_wconf 81' lang='grc' dir='ltr'>τὴν</span> <span class='ocrx_word' id='word_1_75' title='bbox 1570 1274 1712 1345; x_wconf 82' lang='grc' dir='ltr'>γῆν;</span> <span class='ocrx_word' id='word_1_76' title='bbox 1745 1274 1864 1344; x_wconf 81' lang='grc' dir='ltr'>οὑχὶ</span> <span class='ocrx_word' id='word_1_77' title='bbox 1896 1271 2004 1326; x_wconf 80' lang='grc' dir='ltr'>ὑπὸ</span> 
     </span>
    </p>
   </div>
   <div class='ocr_carea' id='block_1_10' title="bbox 426 1365 2004 1445">
    <p class='ocr_par' dir='ltr' id='par_1_10' title="bbox 426 1365 2004 1445">
     <span class='ocr_line' id='line_1_10' title="bbox 426 1365 2004 1445; baseline -0.008 -16"><span class='ocrx_word' id='word_1_78' title='bbox 426 1378 648 1430; x_wconf 85' lang='grc' dir='ltr'>πάντων</span> <span class='ocrx_word' id='word_1_79' title='bbox 699 1377 1086 1445; x_wconf 78' lang='grc' dir='ltr'>κατηγορεῖται</span> <span class='ocrx_word' id='word_1_80' title='bbox 1130 1372 1225 1425; x_wconf 75' lang='grc' dir='ltr'>καὶ</span> <span class='ocrx_word' id='word_1_81' title='bbox 1267 1368 1654 1432; x_wconf 81' lang='grc' dir='ltr'>διαϐάλλεται;</span> <span class='ocrx_word' id='word_1_82' title='bbox 1686 1365 2004 1437; x_wconf 72' lang='grc' dir='ltr'>’Ἄνθρωπος</span> 
     </span>
    </p>
   </div>
   <div class='ocr_carea' id='block_1_11' title="bbox 427 1455 2004 1531">
    <p class='ocr_par' dir='ltr' id='par_1_11' title="bbox 427 1455 2004 1531">
     <span class='ocr_line' id='line_1_11' title="bbox 427 1455 2004 1531; baseline -0.01 -8"><span class='ocrx_word' id='word_1_83' title='bbox 427 1469 508 1523; x_wconf 80' lang='grc' dir='ltr'>ὢν</span> <span class='ocrx_word' id='word_1_84' title='bbox 534 1471 563 1522; x_wconf 98' lang='lat'>6</span> <span class='ocrx_word' id='word_1_85' title='bbox 590 1467 820 1531; x_wconf 78' lang='grc' dir='ltr'>Παῦλος,</span> <span class='ocrx_word' id='word_1_86' title='bbox 839 1466 1200 1520; x_wconf 72' lang='grc' dir='ltr'>ἐταπείνωσεν</span> <span class='ocrx_word' id='word_1_87' title='bbox 1226 1463 1415 1517; x_wconf 84' lang='grc' dir='ltr'>ἑαυτόν</span> <span class='ocrx_word' id='word_1_88' title='bbox 1431 1476 1446 1490; x_wconf 76' lang='grc'><strong><em>⁸</em></strong></span> <span class='ocrx_word' id='word_1_89' title='bbox 1478 1460 1532 1513; x_wconf 90' lang='grc' dir='ltr'>τί</span> <span class='ocrx_word' id='word_1_90' title='bbox 1558 1455 1653 1513; x_wconf 76' lang='grc' dir='ltr'>οὖν</span> <span class='ocrx_word' id='word_1_91' title='bbox 1678 1476 1693 1524; x_wconf 89' lang='lat'><strong>;</strong></span> <span class='ocrx_word' id='word_1_92' title='bbox 1723 1457 1844 1527; x_wconf 61' lang='grc' dir='ltr'>οὐχὶ⁵</span> <span class='ocrx_word' id='word_1_93' title='bbox 1868 1456 2004 1510; x_wconf 90' lang='grc' dir='ltr'>θαυ-</span> 
     </span>
    </p>
   </div>
   <div class='ocr_carea' id='block_1_12' title="bbox 435 1545 2005 1630">
    <p class='ocr_par' dir='ltr' id='par_1_12' title="bbox 435 1545 2005 1630">
     <span class='ocr_line' id='line_1_12' title="bbox 435 1545 2005 1630; baseline -0.01 -17"><span class='ocrx_word' id='word_1_94' title='bbox 435 1560 707 1630; x_wconf 76' lang='grc' dir='ltr'>μάζεται;</span> <span class='ocrx_word' id='word_1_95' title='bbox 742 1558 863 1628; x_wconf 81' lang='grc' dir='ltr'>οὑχὶ</span> <span class='ocrx_word' id='word_1_96' title='bbox 894 1558 1234 1620; x_wconf 83' lang='grc' dir='ltr'>ὲπαινεῖται;</span> <span class='ocrx_word' id='word_1_97' title='bbox 1263 1553 1384 1621; x_wconf 75' lang='grc' dir='ltr'>ούχὶ</span> <span class='ocrx_word' id='word_1_98' title='bbox 1411 1548 1819 1620; x_wconf 64' lang='grc' dir='ltr'>ἐγκωμιάζιται</span> <span class='ocrx_word' id='word_1_99' title='bbox 1842 1564 1857 1613; x_wconf 90' lang='grc'><strong>;</strong></span> <span class='ocrx_word' id='word_1_100' title='bbox 1883 1545 2005 1616; x_wconf 76' lang='grc' dir='ltr'>οὐχὶ</span> 
     </span>
    </p>
   </div>
   <div class='ocr_carea' id='block_1_13' title="bbox 431 1633 2004 1720">
    <p class='ocr_par' dir='ltr' id='par_1_13' title="bbox 431 1633 2004 1720">
     <span class='ocr_line' id='line_1_13' title="bbox 431 1633 2004 1720; baseline -0.008 -16"><span class='ocrx_word' id='word_1_101' title='bbox 431 1651 588 1720; x_wconf 80' lang='grc' dir='ltr'>φίλος</span> <span class='ocrx_word' id='word_1_102' title='bbox 612 1651 732 1703; x_wconf 76' lang='grc' dir='ltr'>ἐστὶ</span> <span class='ocrx_word' id='word_1_103' title='bbox 758 1649 851 1703; x_wconf 90' lang='grc' dir='ltr'>τοῦ</span> <span class='ocrx_word' id='word_1_104' title='bbox 876 1646 1115 1720; x_wconf 81' lang='grc' dir='ltr'>Χριστοῦ</span> <span class='ocrx_word' id='word_1_105' title='bbox 1144 1664 1161 1713; x_wconf 89' lang='grc'><strong>;</strong></span> <span class='ocrx_word' id='word_1_106' title='bbox 1191 1646 1312 1715; x_wconf 63' lang='lat' dir='ltr'><strong>06xl</strong></span> <span class='ocrx_word' id='word_1_107' title='bbox 1359 1644 1583 1714; x_wconf 73' lang='grc' dir='ltr'>μείζονα</span> <span class='ocrx_word' id='word_1_108' title='bbox 1611 1641 1906 1713; x_wconf 76' lang='grc' dir='ltr'>εἰργάσατο</span> <span class='ocrx_word' id='word_1_109' title='bbox 1928 1633 2004 1693; x_wconf 83' lang='grc' dir='ltr'>ὧν</span> 
     </span>
    </p>
   </div>
   <div class='ocr_carea' id='block_1_14' title="bbox 428 1733 2002 1813">
    <p class='ocr_par' dir='ltr' id='par_1_14' title="bbox 428 1733 2002 1813">
     <span class='ocr_line' id='line_1_14' title="bbox 428 1733 2002 1813; baseline -0.008 -17"><span class='ocrx_word' id='word_1_110' title='bbox 428 1746 458 1796; x_wconf 90' lang='grc' dir='ltr'>ό</span> <span class='ocrx_word' id='word_1_111' title='bbox 494 1743 725 1813; x_wconf 80' lang='grc' dir='ltr'>Χριστὸς</span> <span class='ocrx_word' id='word_1_112' title='bbox 742 1738 1233 1811; x_wconf 73' lang='grc' dir='ltr'>ἐποίησενςούχώς</span> <span class='ocrx_word' id='word_1_113' title='bbox 1262 1735 1577 1807; x_wconf 79' lang='grc' dir='ltr'>ἀνδραπόδῳ</span> <span class='ocrx_word' id='word_1_114' title='bbox 1611 1733 1869 1795; x_wconf 78' lang='grc' dir='ltr'>πολλάκις</span> <span class='ocrx_word' id='word_1_115' title='bbox 1900 1733 2002 1785; x_wconf 76' lang='grc' dir='ltr'>έπ-</span> 
     </span>
    </p>
   </div>
   <div class='ocr_carea' id='block_1_15' title="bbox 428 1825 2003 1905">
    <p class='ocr_par' dir='ltr' id='par_1_15' title="bbox 428 1825 2003 1905">
     <span class='ocr_line' id='line_1_15' title="bbox 428 1825 2003 1905; baseline -0.007 -18"><span class='ocrx_word' id='word_1_116' title='bbox 428 1832 588 1897; x_wconf 87' lang='grc' dir='ltr'>έταξε</span> <span class='ocrx_word' id='word_1_117' title='bbox 621 1832 773 1905; x_wconf 69' lang='grc'>[252]</span> <span class='ocrx_word' id='word_1_118' title='bbox 793 1832 871 1904; x_wconf 82' lang='grc' dir='ltr'>τῷ</span> <span class='ocrx_word' id='word_1_119' title='bbox 898 1830 1159 1900; x_wconf 84' lang='grc' dir='ltr'>διαϐόλῳ;</span> <span class='ocrx_word' id='word_1_120' title='bbox 1180 1829 1299 1899; x_wconf 76' lang='grc' dir='ltr'>οὐχὶ</span> <span class='ocrx_word' id='word_1_121' title='bbox 1326 1828 1404 1891; x_wconf 82' lang='grc' dir='ltr'>ὡς</span> <span class='ocrx_word' id='word_1_122' title='bbox 1434 1827 1628 1898; x_wconf 81' lang='grc' dir='ltr'>δήμιον</span> <span class='ocrx_word' id='word_1_123' title='bbox 1656 1825 2003 1897; x_wconf 84' lang='grc' dir='ltr'>περιέφερεν;</span> 
     </span>
    </p>
   </div>
   <div class='ocr_carea' id='block_1_16' title="bbox 426 1915 2006 1994">
    <p class='ocr_par' dir='ltr' id='par_1_16' title="bbox 426 1915 2006 1994">
     <span class='ocr_line' id='line_1_16' title="bbox 426 1915 2006 1994; baseline -0.006 -18"><span class='ocrx_word' id='word_1_124' title='bbox 426 1924 553 1994; x_wconf 76' lang='grc' dir='ltr'>οὐχὶ</span> <span class='ocrx_word' id='word_1_125' title='bbox 573 1923 796 1989; x_wconf 69' lang='grc' dir='ltr'>Ξπαιξεν</span> <span class='ocrx_word' id='word_1_126' title='bbox 812 1924 869 1975; x_wconf 82' lang='grc' dir='ltr'>ὲν</span> <span class='ocrx_word' id='word_1_127' title='bbox 890 1921 1072 1990; x_wconf 84' lang='grc' dir='ltr'>αύτῷ;</span> <span class='ocrx_word' id='word_1_128' title='bbox 1092 1920 1213 1990; x_wconf 70' lang='grc' dir='ltr'>ούχὶ</span> <span class='ocrx_word' id='word_1_129' title='bbox 1228 1918 1696 1988; x_wconf 76' lang='grc' dir='ltr'>συντετριμμένην</span> <span class='ocrx_word' id='word_1_130' title='bbox 1715 1915 1880 1969; x_wconf 83' lang='grc' dir='ltr'>αὐτοῦ</span> <span class='ocrx_word' id='word_1_131' title='bbox 1908 1916 2006 1985; x_wconf 80' lang='grc' dir='ltr'>τὴν</span> 
     </span>
    </p>
   </div>
   <div class='ocr_carea' id='block_1_17' title="bbox 428 2005 2008 2085">
    <p class='ocr_par' dir='ltr' id='par_1_17' title="bbox 428 2005 2008 2085">
     <span class='ocr_line' id='line_1_17' title="bbox 428 2005 2008 2085; baseline -0.006 -18"><span class='ocrx_word' id='word_1_132' title='bbox 428 2014 679 2085; x_wconf 84' lang='grc' dir='ltr'>κεφαλὴν</span> <span class='ocrx_word' id='word_1_133' title='bbox 704 2010 851 2084; x_wconf 76' lang='grc' dir='ltr'>εἶχεν</span> <span class='ocrx_word' id='word_1_134' title='bbox 879 2012 985 2066; x_wconf 89' lang='lat'><strong>61:6</strong></span> <span class='ocrx_word' id='word_1_135' title='bbox 1010 2012 1137 2075; x_wconf 84' lang='grc' dir='ltr'>τοὺς</span> <span class='ocrx_word' id='word_1_136' title='bbox 1166 2010 1338 2073; x_wconf 80' lang='grc' dir='ltr'>πόδας</span> <span class='ocrx_word' id='word_1_137' title='bbox 1365 2010 1492 2073; x_wconf 77' lang='grc' dir='ltr'>τοὺς</span> <span class='ocrx_word' id='word_1_138' title='bbox 1516 2007 1682 2062; x_wconf 88' lang='grc' dir='ltr'>αὑτοῦ</span> <span class='ocrx_word' id='word_1_139' title='bbox 1704 2026 1718 2074; x_wconf 89' lang='grc'><strong>;</strong></span> <span class='ocrx_word' id='word_1_140' title='bbox 1746 2007 1867 2076; x_wconf 77' lang='grc' dir='ltr'>οὐχὶ</span> <span class='ocrx_word' id='word_1_141' title='bbox 1910 2005 2008 2059; x_wconf 74' lang='grc' dir='ltr'>καὶ</span> 
     </span>
    </p>
   </div>
   <div class='ocr_carea' id='block_1_18' title="bbox 429 2095 2007 2176">
    <p class='ocr_par' dir='ltr' id='par_1_18' title="bbox 429 2095 2007 2176">
     <span class='ocr_line' id='line_1_18' title="bbox 429 2095 2007 2176; baseline -0.009 -16"><span class='ocrx_word' id='word_1_142' title='bbox 429 2108 641 2176; x_wconf 80' lang='grc' dir='ltr'>ἑτέροις</span> <span class='ocrx_word' id='word_1_143' title='bbox 688 2104 825 2174; x_wconf 77' lang='grc' dir='ltr'>μετὰ</span> <span class='ocrx_word' id='word_1_144' title='bbox 862 2101 1061 2172; x_wconf 81' lang='grc' dir='ltr'>πολλῆς</span> <span class='ocrx_word' id='word_1_145' title='bbox 1092 2100 1192 2170; x_wconf 83' lang='grc' dir='ltr'>τῆς</span> <span class='ocrx_word' id='word_1_146' title='bbox 1240 2098 1553 2171; x_wconf 66' lang='grc' dir='ltr'>παρρησίας</span> <span class='ocrx_word' id='word_1_147' title='bbox 1586 2096 1744 2150; x_wconf 85' lang='grc' dir='ltr'>τοῦτο</span> <span class='ocrx_word' id='word_1_148' title='bbox 1771 2095 2007 2165; x_wconf 81' lang='grc' dir='ltr'>ὲπηύχε-</span> 
     </span>
    </p>
   </div>
   <div class='ocr_carea' id='block_1_19' title="bbox 429 2185 2006 2262">
    <p class='ocr_par' dir='ltr' id='par_1_19' title="bbox 429 2185 2006 2262">
     <span class='ocr_line' id='line_1_19' title="bbox 429 2185 2006 2262; baseline -0.008 -14"><span class='ocrx_word' id='word_1_149' title='bbox 429 2212 499 2248; x_wconf 85' lang='grc' dir='ltr'>το</span> <span class='ocrx_word' id='word_1_150' title='bbox 523 2213 538 2261; x_wconf 87' lang='grc'>;</span> <span class='ocrx_word' id='word_1_151' title='bbox 577 2194 643 2246; x_wconf 85' lang='grc' dir='ltr'>Τί</span> <span class='ocrx_word' id='word_1_152' title='bbox 673 2193 817 2261; x_wconf 87' lang='grc' dir='ltr'>λέγω</span> <span class='ocrx_word' id='word_1_153' title='bbox 837 2194 1010 2245; x_wconf 78' lang='grc' dir='ltr'>ταῦτα</span> <span class='ocrx_word' id='word_1_154' title='bbox 1034 2209 1050 2256; x_wconf 84' lang='lat'><strong>;</strong></span> <span class='ocrx_word' id='word_1_155' title='bbox 1088 2191 1324 2259; x_wconf 82' lang='grc' dir='ltr'>Ἐπῆρεν</span> <span class='ocrx_word' id='word_1_156' title='bbox 1350 2188 1544 2241; x_wconf 76' lang='grc' dir='ltr'>ἑαυτὸν</span> <span class='ocrx_word' id='word_1_157' title='bbox 1573 2189 1602 2240; x_wconf 89' lang='lat'>6</span> <span class='ocrx_word' id='word_1_158' title='bbox 1632 2185 2006 2262; x_wconf 77' lang='grc' dir='ltr'>Ἀϐεσσαλὼμ,</span> 
     </span>
    </p>
   </div>
   <div class='ocr_carea' id='block_1_20' title="bbox 433 2271 2007 2345">
    <p class='ocr_par' dir='ltr' id='par_1_20' title="bbox 433 2271 2007 2345">
     <span class='ocr_line' id='line_1_20' title="bbox 433 2271 2007 2345; baseline -0.007 -8"><span class='ocrx_word' id='word_1_159' title='bbox 433 2283 809 2338; x_wconf 72' lang='grc' dir='ltr'>ὶταπείνωσεν</span> <span class='ocrx_word' id='word_1_160' title='bbox 839 2281 1032 2335; x_wconf 77' lang='grc' dir='ltr'>ἑαυτὸν</span> <span class='ocrx_word' id='word_1_161' title='bbox 1066 2283 1095 2333; x_wconf 92' lang='lat'>6</span> <span class='ocrx_word' id='word_1_162' title='bbox 1132 2278 1295 2332; x_wconf 76' lang='grc' dir='ltr'>Δαυῒδ</span> <span class='ocrx_word' id='word_1_163' title='bbox 1315 2295 1328 2307; x_wconf 90' lang='grc'><strong>·</strong></span> <span class='ocrx_word' id='word_1_164' title='bbox 1360 2280 1511 2341; x_wconf 90' lang='grc' dir='ltr'>ποῖος</span> <span class='ocrx_word' id='word_1_165' title='bbox 1538 2271 1631 2329; x_wconf 76' lang='grc' dir='ltr'>οὖν</span> <span class='ocrx_word' id='word_1_166' title='bbox 1662 2274 1863 2345; x_wconf 76' lang='grc' dir='ltr'>ὑψηλὸς</span> <span class='ocrx_word' id='word_1_167' title='bbox 1884 2275 2007 2342; x_wconf 75' lang='grc' dir='ltr'>ἐγέ-</span> 
     </span>
    </p>
   </div>
   <div class='ocr_carea' id='block_1_21' title="bbox 433 2364 2009 2439">
    <p class='ocr_par' dir='ltr' id='par_1_21' title="bbox 433 2364 2009 2439">
     <span class='ocr_line' id='line_1_21' title="bbox 433 2364 2009 2439; baseline -0.008 -12"><span class='ocrx_word' id='word_1_168' title='bbox 433 2386 602 2435; x_wconf 86' lang='grc' dir='ltr'>νετο;</span> <span class='ocrx_word' id='word_1_169' title='bbox 638 2370 721 2433; x_wconf 84' lang='grc' dir='ltr'>τίς</span> <span class='ocrx_word' id='word_1_170' title='bbox 751 2368 1031 2435; x_wconf 80' lang='grc' dir='ltr'>ἑπίδοξοςς</span> <span class='ocrx_word' id='word_1_171' title='bbox 1064 2369 1127 2421; x_wconf 90' lang='grc' dir='ltr'>Τί</span> <span class='ocrx_word' id='word_1_172' title='bbox 1152 2367 1262 2439; x_wconf 79' lang='grc' dir='ltr'>γάρ</span> <span class='ocrx_word' id='word_1_173' title='bbox 1288 2365 1668 2436; x_wconf 80' lang='grc' dir='ltr'>ταπεινότερον</span> <span class='ocrx_word' id='word_1_174' title='bbox 1690 2365 1799 2418; x_wconf 89' lang='grc' dir='ltr'>τῶν</span> <span class='ocrx_word' id='word_1_175' title='bbox 1832 2364 2009 2435; x_wconf 76' lang='grc' dir='ltr'>ῥημά-</span> 
     </span>
    </p>
   </div>
   <div class='ocr_carea' id='block_1_22' title="bbox 428 2453 2011 2528">
    <p class='ocr_par' dir='ltr' id='par_1_22' title="bbox 428 2453 2011 2528">
     <span class='ocr_line' id='line_1_22' title="bbox 428 2453 2011 2528; baseline -0.004 -14"><span class='ocrx_word' id='word_1_176' title='bbox 428 2479 547 2515; x_wconf 97' lang='grc' dir='ltr'>των</span> <span class='ocrx_word' id='word_1_177' title='bbox 584 2460 792 2514; x_wconf 88' lang='grc' dir='ltr'>τούτων</span> <span class='ocrx_word' id='word_1_178' title='bbox 816 2453 891 2514; x_wconf 84' lang='grc' dir='ltr'>ὧν</span> <span class='ocrx_word' id='word_1_179' title='bbox 906 2460 999 2512; x_wconf 68' lang='grc' dir='ltr'>ἐπὶ</span> <span class='ocrx_word' id='word_1_180' title='bbox 1023 2458 1116 2512; x_wconf 90' lang='grc' dir='ltr'>τοῦ</span> <span class='ocrx_word' id='word_1_181' title='bbox 1143 2460 1339 2528; x_wconf 82' lang='grc' dir='ltr'>Σεμεεῖ</span> <span class='ocrx_word' id='word_1_182' title='bbox 1363 2456 1663 2526; x_wconf 67' lang='grc' dir='ltr'>ἐφθέγγετο</span> <span class='ocrx_word' id='word_1_183' title='bbox 1685 2457 1714 2509; x_wconf 89' lang='lat'>6</span> <span class='ocrx_word' id='word_1_184' title='bbox 1743 2455 2011 2527; x_wconf 86' lang='grc' dir='ltr'>μακάριος</span> 
     </span>
    </p>
   </div>
   <div class='ocr_carea' id='block_1_23' title="bbox 426 2546 2013 2624">
    <p class='ocr_par' dir='ltr' id='par_1_23' title="bbox 426 2546 2013 2624">
     <span class='ocr_line' id='line_1_23' title="bbox 426 2546 2013 2624; baseline -0.005 -16"><span class='ocrx_word' id='word_1_185' title='bbox 426 2551 590 2617; x_wconf 75' lang='grc' dir='ltr'>οὗτος</span> <span class='ocrx_word' id='word_1_186' title='bbox 618 2553 924 2624; x_wconf 76' lang='grc' dir='ltr'>προφήτης,</span> <span class='ocrx_word' id='word_1_187' title='bbox 951 2551 1126 2620; x_wconf 87' lang='grc' dir='ltr'>λέγων</span> <span class='ocrx_word' id='word_1_188' title='bbox 1149 2568 1164 2582; x_wconf 93' lang='grc'><strong>·</strong></span> <span class='ocrx_word' id='word_1_189' title='bbox 1194 2552 1409 2619; x_wconf 73' lang='grc' dir='ltr'>Ἅφετε</span> <span class='ocrx_word' id='word_1_190' title='bbox 1427 2549 1614 2602; x_wconf 78' lang='grc' dir='ltr'>αὐτὸν</span> <span class='ocrx_word' id='word_1_191' title='bbox 1644 2546 2013 2616; x_wconf 72' lang='grc' dir='ltr'>καταρᾶσθαι</span> 
     </span>
    </p>
   </div>
   <div class='ocr_carea' id='block_1_24' title="bbox 419 2637 2011 2716">
    <p class='ocr_par' dir='ltr' id='par_1_24' title="bbox 419 2637 2011 2716">
     <span class='ocr_line' id='line_1_24' title="bbox 419 2637 2011 2716; baseline -0.008 -15"><span class='ocrx_word' id='word_1_192' title='bbox 419 2664 507 2716; x_wconf 80' lang='grc' dir='ltr'>με</span> <span class='ocrx_word' id='word_1_193' title='bbox 541 2664 556 2679; x_wconf 77' lang='grc' dir='ltr'><strong><em>ο</em></strong></span> <span class='ocrx_word' id='word_1_194' title='bbox 590 2646 808 2713; x_wconf 77' lang='grc' dir='ltr'>Κύριος</span> <span class='ocrx_word' id='word_1_195' title='bbox 831 2643 945 2713; x_wconf 79' lang='grc' dir='ltr'>γὰρ</span> <span class='ocrx_word' id='word_1_196' title='bbox 991 2642 1326 2696; x_wconf 69' lang='grc' dir='ltr'>ἐνετείλατο</span> <span class='ocrx_word' id='word_1_197' title='bbox 1346 2639 1541 2705; x_wconf 84' lang='grc' dir='ltr'>αὐτῷ;</span> <span class='ocrx_word' id='word_1_198' title='bbox 1573 2639 1683 2692; x_wconf 79' lang='lat' dir='ltr'>Kal</span> <span class='ocrx_word' id='word_1_199' title='bbox 1711 2640 1798 2693; x_wconf 75' lang='grc' dir='ltr'>ἐπ’</span> <span class='ocrx_word' id='word_1_200' title='bbox 1832 2637 2011 2692; x_wconf 85' lang='grc' dir='ltr'>αὐτῶν</span> 
     </span>
    </p>
   </div>
   <div class='ocr_carea' id='block_1_25' title="bbox 427 2731 2011 2808">
    <p class='ocr_par' dir='ltr' id='par_1_25' title="bbox 427 2731 2011 2808">
     <span class='ocr_line' id='line_1_25' title="bbox 427 2731 2011 2808; baseline -0.005 -16"><span class='ocrx_word' id='word_1_201' title='bbox 427 2740 490 2792; x_wconf 77' lang='grc' dir='ltr'>δὲ</span> <span class='ocrx_word' id='word_1_202' title='bbox 537 2738 644 2792; x_wconf 89' lang='grc' dir='ltr'>τῶν</span> <span class='ocrx_word' id='word_1_203' title='bbox 681 2736 1025 2808; x_wconf 83' lang='grc' dir='ltr'>πραγμάτων</span> <span class='ocrx_word' id='word_1_204' title='bbox 1078 2733 1443 2803; x_wconf 70' lang='grc' dir='ltr'>ἐξετάσωμεν,</span> <span class='ocrx_word' id='word_1_205' title='bbox 1474 2733 1523 2785; x_wconf 83' lang='grc' dir='ltr'>εί</span> <span class='ocrx_word' id='word_1_206' title='bbox 1555 2731 1721 2785; x_wconf 84' lang='grc' dir='ltr'>δοκεῖ·</span> <span class='ocrx_word' id='word_1_207' title='bbox 1764 2731 2011 2784; x_wconf 81' lang='grc' dir='ltr'>Ἐταπεί-</span> 
     </span>
    </p>
   </div>
   <div class='ocr_carea' id='block_1_26' title="bbox 428 2824 2012 2896">
    <p class='ocr_par' dir='ltr' id='par_1_26' title="bbox 428 2824 2012 2896">
     <span class='ocr_line' id='line_1_26' title="bbox 428 2824 2012 2896; baseline -0.006 -12"><span class='ocrx_word' id='word_1_208' title='bbox 428 2846 606 2885; x_wconf 83' lang='grc' dir='ltr'>νωσεν</span> <span class='ocrx_word' id='word_1_209' title='bbox 645 2843 673 2871; x_wconf 74' lang='grc' dir='ltr'>ει</span> <span class='ocrx_word' id='word_1_210' title='bbox 713 2827 901 2882; x_wconf 80' lang='grc' dir='ltr'>ἑαυτὸν</span> <span class='ocrx_word' id='word_1_211' title='bbox 946 2827 976 2879; x_wconf 91' lang='lat'>6</span> <span class='ocrx_word' id='word_1_212' title='bbox 1026 2825 1284 2896; x_wconf 79' lang='grc' dir='ltr'>τελώνης,</span> <span class='ocrx_word' id='word_1_213' title='bbox 1313 2824 1489 2878; x_wconf 87' lang='grc' dir='ltr'>καίτοι</span> <span class='ocrx_word' id='word_1_214' title='bbox 1513 2824 1720 2892; x_wconf 82' lang='grc' dir='ltr'>γεούδὲ</span> <span class='ocrx_word' id='word_1_215' title='bbox 1759 2839 2012 2877; x_wconf 88' lang='grc' dir='ltr'>ταπεινο-</span> 
     </span>
    </p>
   </div>
   <div class='ocr_carea' id='block_1_27' title="bbox 434 2911 2012 2991">
    <p class='ocr_par' dir='ltr' id='par_1_27' title="bbox 434 2911 2012 2991">
     <span class='ocr_line' id='line_1_27' title="bbox 434 2911 2012 2991; baseline -0.007 -17"><span class='ocrx_word' id='word_1_216' title='bbox 434 2919 681 2991; x_wconf 84' lang='grc' dir='ltr'>φροσύνη</span> <span class='ocrx_word' id='word_1_217' title='bbox 713 2919 774 2972; x_wconf 84' lang='grc' dir='ltr'>τὸ</span> <span class='ocrx_word' id='word_1_218' title='bbox 800 2918 1035 2988; x_wconf 82' lang='grc' dir='ltr'>πρᾶγμα</span> <span class='ocrx_word' id='word_1_219' title='bbox 1072 2911 1163 2987; x_wconf 77' lang='grc' dir='ltr'>ἦν,</span> <span class='ocrx_word' id='word_1_220' title='bbox 1191 2915 1327 2969; x_wconf 87' lang='grc' dir='ltr'>ἀλλά</span> <span class='ocrx_word' id='word_1_221' title='bbox 1361 2914 1720 2983; x_wconf 78' lang='grc' dir='ltr'>εὐγνωμόνως</span> <span class='ocrx_word' id='word_1_222' title='bbox 1750 2928 1866 2974; x_wconf 85' lang='grc' dir='ltr'>πως</span> <span class='ocrx_word' id='word_1_223' title='bbox 1894 2912 2012 2964; x_wconf 76' lang='grc' dir='ltr'>ἐλε-</span> 
     </span>
    </p>
   </div>
   <div class='ocr_carea' id='block_1_28' title="bbox 434 3003 2012 3081">
    <p class='ocr_par' dir='ltr' id='par_1_28' title="bbox 434 3003 2012 3081">
     <span class='ocr_line' id='line_1_28' title="bbox 434 3003 2012 3081; baseline -0.006 -17"><span class='ocrx_word' id='word_1_224' title='bbox 434 3029 559 3081; x_wconf 79' lang='grc' dir='ltr'>γεν,</span> <span class='ocrx_word' id='word_1_225' title='bbox 584 3011 724 3078; x_wconf 72' lang='grc' dir='ltr'>άπερ</span> <span class='ocrx_word' id='word_1_226' title='bbox 753 3008 955 3076; x_wconf 76' lang='grc' dir='ltr'>ἔλεγεν.</span> <span class='ocrx_word' id='word_1_227' title='bbox 983 3007 1238 3077; x_wconf 70' lang='grc' dir='ltr'>’Υψωσεν</span> <span class='ocrx_word' id='word_1_228' title='bbox 1266 3005 1458 3059; x_wconf 76' lang='grc' dir='ltr'>ἑαυτὸν</span> <span class='ocrx_word' id='word_1_229' title='bbox 1492 3007 1521 3058; x_wconf 89' lang='grc' dir='ltr'>ὁ</span> <span class='ocrx_word' id='word_1_230' title='bbox 1547 3006 1857 3075; x_wconf 73' lang='grc' dir='ltr'>Φαρισαῖος.</span> <span class='ocrx_word' id='word_1_231' title='bbox 1874 3003 2012 3056; x_wconf 81' lang='grc' dir='ltr'>Ἀλλ’</span> 
     </span>
    </p>
   </div>
   <div class='ocr_carea' id='block_1_29' title="bbox 438 3094 2014 3170">
    <p class='ocr_par' dir='ltr' id='par_1_29' title="bbox 438 3094 2014 3170">
     <span class='ocr_line' id='line_1_29' title="bbox 438 3094 2014 3170; baseline -0.006 -15"><span class='ocrx_word' id='word_1_232' title='bbox 438 3105 493 3155; x_wconf 81' lang='grc' dir='ltr'>εἰ</span> <span class='ocrx_word' id='word_1_233' title='bbox 551 3103 716 3166; x_wconf 85' lang='grc' dir='ltr'>δοκεῖ,</span> <span class='ocrx_word' id='word_1_234' title='bbox 775 3100 1000 3170; x_wconf 80' lang='grc' dir='ltr'>ἀφέντες</span> <span class='ocrx_word' id='word_1_235' title='bbox 1060 3097 1131 3152; x_wconf 74' lang='grc' dir='ltr'>τὰ</span> <span class='ocrx_word' id='word_1_236' title='bbox 1193 3096 1494 3166; x_wconf 87' lang='grc' dir='ltr'>πρόσωπα,</span> <span class='ocrx_word' id='word_1_237' title='bbox 1546 3094 1892 3164; x_wconf 78' lang='grc' dir='ltr'>ἐξετάσωμεν</span> <span class='ocrx_word' id='word_1_238' title='bbox 1947 3094 2014 3146; x_wconf 79' lang='grc' dir='ltr'>τὰ</span> 
     </span>
    </p>
   </div>
   <div class='ocr_carea' id='block_1_30' title="bbox 439 3185 2009 3264">
    <p class='ocr_par' dir='ltr' id='par_1_30' title="bbox 439 3185 2009 3264">
     <span class='ocr_line' id='line_1_30' title="bbox 439 3185 2009 3264; baseline -0.006 -18"><span class='ocrx_word' id='word_1_239' title='bbox 439 3193 1060 3264; x_wconf 79' lang='grc' dir='ltr'>πράγματα-Ἔστωσαν</span> <span class='ocrx_word' id='word_1_240' title='bbox 1086 3189 1182 3243; x_wconf 90' lang='grc' dir='ltr'>δύο</span> <span class='ocrx_word' id='word_1_241' title='bbox 1207 3188 1373 3252; x_wconf 74' lang='grc' dir='ltr'>τινες,</span> <span class='ocrx_word' id='word_1_242' title='bbox 1401 3187 1700 3259; x_wconf 84' lang='grc' dir='ltr'>ἀμφότεροι</span> <span class='ocrx_word' id='word_1_243' title='bbox 1730 3186 1821 3240; x_wconf 78' lang='grc' dir='ltr'>καὶ</span> <span class='ocrx_word' id='word_1_244' title='bbox 1848 3185 2009 3238; x_wconf 87' lang='grc' dir='ltr'>πλου-</span> 
     </span>
    </p>
   </div>
   <div class='ocr_carea' id='block_1_31' title="bbox 435 3276 2016 3351">
    <p class='ocr_par' dir='ltr' id='par_1_31' title="bbox 435 3276 2016 3351">
     <span class='ocr_line' id='line_1_31' title="bbox 435 3276 2016 3351; baseline -0.006 -14"><span class='ocrx_word' id='word_1_245' title='bbox 435 3285 693 3346; x_wconf 86' lang='grc' dir='ltr'>τοῦντες,</span> <span class='ocrx_word' id='word_1_246' title='bbox 745 3282 838 3335; x_wconf 72' lang='lat' dir='ltr'><strong><em>xal</em></strong></span> <span class='ocrx_word' id='word_1_247' title='bbox 892 3280 1209 3351; x_wconf 71' lang='grc' dir='ltr'>μετέχοντες</span> <span class='ocrx_word' id='word_1_248' title='bbox 1266 3277 1468 3347; x_wconf 74' lang='grc' dir='ltr'>πολλῆς</span> <span class='ocrx_word' id='word_1_249' title='bbox 1518 3277 1706 3347; x_wconf 81' lang='grc' dir='ltr'>τιμῆς,</span> <span class='ocrx_word' id='word_1_250' title='bbox 1770 3277 1865 3329; x_wconf 71' lang='grc' dir='ltr'>καὶ</span> <span class='ocrx_word' id='word_1_251' title='bbox 1922 3276 2016 3328; x_wconf 78' lang='grc' dir='ltr'>ἐπὶ</span> 
     </span>
    </p>
   </div>
   <div class='ocr_carea' id='block_1_32' title="bbox 438 3366 2015 3444">
    <p class='ocr_par' dir='ltr' id='par_1_32' title="bbox 438 3366 2015 3444">
     <span class='ocr_line' id='line_1_32' title="bbox 438 3366 2015 3444; baseline -0.005 -18"><span class='ocrx_word' id='word_1_252' title='bbox 438 3373 602 3444; x_wconf 63' lang='grc' dir='ltr'>σοφία</span> <span class='ocrx_word' id='word_1_253' title='bbox 636 3374 732 3425; x_wconf 75' lang='grc' dir='ltr'>καὶ</span> <span class='ocrx_word' id='word_1_254' title='bbox 787 3370 1097 3441; x_wconf 81' lang='grc' dir='ltr'>δυναστείᾳ,</span> <span class='ocrx_word' id='word_1_255' title='bbox 1135 3369 1231 3422; x_wconf 75' lang='grc' dir='ltr'>καὶ</span> <span class='ocrx_word' id='word_1_256' title='bbox 1283 3368 1376 3420; x_wconf 73' lang='grc' dir='ltr'>ἐπὶ</span> <span class='ocrx_word' id='word_1_257' title='bbox 1414 3369 1527 3430; x_wconf 90' lang='grc' dir='ltr'>τοῖς</span> <span class='ocrx_word' id='word_1_258' title='bbox 1558 3366 1739 3430; x_wconf 83' lang='grc' dir='ltr'>ἄλλοις</span> <span class='ocrx_word' id='word_1_259' title='bbox 1780 3367 1891 3429; x_wconf 84' lang='grc' dir='ltr'>τοῖς</span> <span class='ocrx_word' id='word_1_260' title='bbox 1925 3383 2015 3418; x_wconf 78' lang='grc' dir='ltr'>κο-</span> 
     </span>
    </p>
   </div>
   <div class='ocr_carea' id='block_1_33' title="bbox 440 3452 2016 3536">
    <p class='ocr_par' dir='ltr' id='par_1_33' title="bbox 440 3452 2016 3536">
     <span class='ocr_line' id='line_1_33' title="bbox 440 3452 2016 3536; baseline -0.006 -18"><span class='ocrx_word' id='word_1_261' title='bbox 440 3466 660 3536; x_wconf 84' lang='grc' dir='ltr'>σμικοῖς</span> <span class='ocrx_word' id='word_1_262' title='bbox 722 3461 1157 3532; x_wconf 84' lang='grc' dir='ltr'>πλεονεκτήμασι</span> <span class='ocrx_word' id='word_1_263' title='bbox 1196 3457 1723 3531; x_wconf 82' lang='grc' dir='ltr'>μεγαλοφρονοῦντες</span> <span class='ocrx_word' id='word_1_264' title='bbox 1758 3473 1774 3489; x_wconf 89' lang='grc'><strong>·</strong></span> <span class='ocrx_word' id='word_1_265' title='bbox 1831 3452 1950 3510; x_wconf 82' lang='grc' dir='ltr'>εἶτα</span> <span class='ocrx_word' id='word_1_266' title='bbox 1988 3458 2016 3509; x_wconf 89' lang='lat'>6</span> 
     </span>
    </p>
   </div>
   <div class='ocr_carea' id='block_1_34' title="bbox 442 3549 2018 3625">
    <p class='ocr_par' dir='ltr' id='par_1_34' title="bbox 442 3549 2018 3625">
     <span class='ocr_line' id='line_1_34' title="bbox 442 3549 2018 3625; baseline -0.004 -17"><span class='ocrx_word' id='word_1_267' title='bbox 442 3556 546 3625; x_wconf 75' lang='grc' dir='ltr'>μὲν</span> <span class='ocrx_word' id='word_1_268' title='bbox 579 3555 758 3608; x_wconf 78' lang='grc' dir='ltr'>αὐτῶν</span> <span class='ocrx_word' id='word_1_269' title='bbox 782 3553 1015 3624; x_wconf 64' lang='grc' dir='ltr'>ζητείτω</span> <span class='ocrx_word' id='word_1_270' title='bbox 1039 3553 1141 3617; x_wconf 73' lang='grc' dir='ltr'>τὰς</span> <span class='ocrx_word' id='word_1_271' title='bbox 1171 3553 1326 3622; x_wconf 88' lang='grc' dir='ltr'>παρά</span> <span class='ocrx_word' id='word_1_272' title='bbox 1357 3550 1576 3605; x_wconf 82' lang='grc' dir='ltr'>πάντων</span> <span class='ocrx_word' id='word_1_273' title='bbox 1603 3549 1795 3620; x_wconf 76' lang='grc' dir='ltr'>τιμὰς,</span> <span class='ocrx_word' id='word_1_274' title='bbox 1821 3550 1915 3604; x_wconf 78' lang='grc' dir='ltr'>καὶ</span> <span class='ocrx_word' id='word_1_275' title='bbox 1940 3550 2018 3620; x_wconf 82' lang='grc' dir='ltr'>μὴ</span> 
     </span>
    </p>
   </div>
   <div class='ocr_carea' id='block_1_35' title="bbox 441 3641 2015 3715">
    <p class='ocr_par' dir='ltr' id='par_1_35' title="bbox 441 3641 2015 3715">
     <span class='ocr_line' id='line_1_35' title="bbox 441 3641 2015 3715; baseline -0.002 -19"><span class='ocrx_word' id='word_1_276' title='bbox 441 3644 739 3713; x_wconf 80' lang='grc' dir='ltr'>λαμϐάνων</span> <span class='ocrx_word' id='word_1_277' title='bbox 797 3644 1121 3715; x_wconf 75' lang='grc' dir='ltr'>ὁργιζέσθω,</span> <span class='ocrx_word' id='word_1_278' title='bbox 1161 3645 1257 3697; x_wconf 76' lang='grc' dir='ltr'>καὶ</span> <span class='ocrx_word' id='word_1_279' title='bbox 1319 3643 1483 3697; x_wconf 81' lang='grc' dir='ltr'>πλέον</span> <span class='ocrx_word' id='word_1_280' title='bbox 1512 3643 1549 3713; x_wconf 73' lang='grc' dir='ltr'><strong>ἢ</strong></span> <span class='ocrx_word' id='word_1_281' title='bbox 1584 3642 1665 3695; x_wconf 86' lang='grc' dir='ltr'>δεῖ</span> <span class='ocrx_word' id='word_1_282' title='bbox 1691 3641 2015 3706; x_wconf 72' lang='grc' dir='ltr'>ἀπαιτείτω,</span> 
     </span>
    </p>
   </div>
   <div class='ocr_carea' id='block_1_36' title="bbox 448 3731 2017 3805">
    <p class='ocr_par' dir='ltr' id='par_1_36' title="bbox 448 3731 2017 3805">
     <span class='ocr_line' id='line_1_36' title="bbox 448 3731 2017 3805; baseline 0 -19"><span class='ocrx_word' id='word_1_283' title='bbox 448 3737 550 3787; x_wconf 69' lang='grc' dir='ltr'>καὶ</span> <span class='ocrx_word' id='word_1_284' title='bbox 580 3736 795 3804; x_wconf 77' lang='grc' dir='ltr'>ὑψούτω</span> <span class='ocrx_word' id='word_1_285' title='bbox 818 3736 1005 3789; x_wconf 64' lang='grc' dir='ltr'>ἑαυτόν</span> <span class='ocrx_word' id='word_1_286' title='bbox 1028 3750 1043 3766; x_wconf 76' lang='grc' dir='ltr'><strong><em>ο</em></strong></span> <span class='ocrx_word' id='word_1_287' title='bbox 1067 3736 1096 3788; x_wconf 92' lang='lat'>6</span> <span class='ocrx_word' id='word_1_288' title='bbox 1123 3733 1178 3787; x_wconf 82' lang='grc' dir='ltr'>δὲ</span> <span class='ocrx_word' id='word_1_289' title='bbox 1205 3733 1611 3805; x_wconf 79' lang='grc' dir='ltr'>καταφρονείτω</span> <span class='ocrx_word' id='word_1_290' title='bbox 1641 3731 1735 3785; x_wconf 90' lang='grc' dir='ltr'>τοῦ</span> <span class='ocrx_word' id='word_1_291' title='bbox 1758 3731 2017 3802; x_wconf 86' lang='grc' dir='ltr'>πράγμα-</span> 
     </span>
    </p>
   </div>
   <div class='ocr_carea' id='block_1_37' title="bbox 447 3826 2017 3899">
    <p class='ocr_par' dir='ltr' id='par_1_37' title="bbox 447 3826 2017 3899">
     <span class='ocr_line' id='line_1_37' title="bbox 447 3826 2017 3899; baseline -0.004 -15"><span class='ocrx_word' id='word_1_292' title='bbox 447 3847 565 3898; x_wconf 83' lang='grc' dir='ltr'>τος,</span> <span class='ocrx_word' id='word_1_293' title='bbox 592 3830 686 3883; x_wconf 86' lang='grc' dir='ltr'>καί</span> <span class='ocrx_word' id='word_1_294' title='bbox 718 3830 855 3899; x_wconf 78' lang='grc' dir='ltr'>πρὸς</span> <span class='ocrx_word' id='word_1_295' title='bbox 883 3828 1084 3899; x_wconf 83' lang='grc' dir='ltr'>μηδένα</span> <span class='ocrx_word' id='word_1_296' title='bbox 1109 3828 1247 3899; x_wconf 80' lang='grc' dir='ltr'>ὑπὲρ</span> <span class='ocrx_word' id='word_1_297' title='bbox 1264 3827 1455 3881; x_wconf 90' lang='grc' dir='ltr'>τούτου</span> <span class='ocrx_word' id='word_1_298' title='bbox 1481 3826 1902 3896; x_wconf 83' lang='grc' dir='ltr'>δυσχεραινέτω,</span> <span class='ocrx_word' id='word_1_299' title='bbox 1923 3829 2017 3878; x_wconf 73' lang='grc' dir='ltr'>καὶ</span> 
     </span>
    </p>
   </div>
   <div class='ocr_carea' id='block_1_38' title="bbox 442 3912 2013 3991">
    <p class='ocr_par' dir='ltr' id='par_1_38' title="bbox 442 3912 2013 3991">
     <span class='ocr_line' id='line_1_38' title="bbox 442 3912 2013 3991; baseline -0.005 -16"><span class='ocrx_word' id='word_1_300' title='bbox 442 3921 736 3991; x_wconf 78' lang='grc' dir='ltr'>διδομένην</span> <span class='ocrx_word' id='word_1_301' title='bbox 761 3920 861 3991; x_wconf 79' lang='grc' dir='ltr'>τὴν</span> <span class='ocrx_word' id='word_1_302' title='bbox 885 3918 1054 3990; x_wconf 79' lang='grc' dir='ltr'>τιμὴν</span> <span class='ocrx_word' id='word_1_303' title='bbox 1093 3917 1481 3990; x_wconf 79' lang='grc' dir='ltr'>διακρουέσθω.</span> <span class='ocrx_word' id='word_1_304' title='bbox 1522 3916 1619 3980; x_wconf 88' lang='grc' dir='ltr'>Τίς</span> <span class='ocrx_word' id='word_1_305' title='bbox 1647 3912 1741 3969; x_wconf 82' lang='grc' dir='ltr'>οὖν</span> <span class='ocrx_word' id='word_1_306' title='bbox 1772 3916 1971 3986; x_wconf 77' lang='grc' dir='ltr'>μείζων</span> <span class='ocrx_word' id='word_1_307' title='bbox 1999 3933 2013 3980; x_wconf 89' lang='grc'>;</span> 
     </span>
    </p>
   </div>
   <div class='ocr_carea' id='block_1_39' title="bbox 438 4005 2018 4085">
    <p class='ocr_par' dir='ltr' id='par_1_39' title="bbox 438 4005 2018 4085">
     <span class='ocr_line' id='line_1_39' title="bbox 438 4005 2018 4085; baseline -0.006 -17"><span class='ocrx_word' id='word_1_308' title='bbox 438 4017 472 4068; x_wconf 97' lang='lat'>6</span> <span class='ocrx_word' id='word_1_309' title='bbox 515 4013 592 4085; x_wconf 80' lang='grc' dir='ltr'>μὴ</span> <span class='ocrx_word' id='word_1_310' title='bbox 642 4012 932 4083; x_wconf 84' lang='grc' dir='ltr'>λαμϐάνων</span> <span class='ocrx_word' id='word_1_311' title='bbox 969 4010 1063 4064; x_wconf 77' lang='grc' dir='ltr'>καὶ</span> <span class='ocrx_word' id='word_1_312' title='bbox 1097 4008 1354 4080; x_wconf 78' lang='grc' dir='ltr'>ζητῶν,ἢ</span> <span class='ocrx_word' id='word_1_313' title='bbox 1389 4009 1417 4060; x_wconf 89' lang='lat'>6</span> <span class='ocrx_word' id='word_1_314' title='bbox 1451 4007 1546 4061; x_wconf 80' lang='grc' dir='ltr'>καὶ</span> <span class='ocrx_word' id='word_1_315' title='bbox 1575 4005 1824 4059; x_wconf 84' lang='grc' dir='ltr'>διδόντων</span> <span class='ocrx_word' id='word_1_316' title='bbox 1845 4023 2018 4058; x_wconf 85' lang='grc' dir='ltr'>κατα-</span> 
     </span>
    </p>
   </div>
   <div class='ocr_carea' id='block_1_40' title="bbox 440 4096 2018 4176">
    <p class='ocr_par' dir='ltr' id='par_1_40' title="bbox 440 4096 2018 4176">
     <span class='ocr_line' id='line_1_40' title="bbox 440 4096 2018 4176; baseline -0.006 -17"><span class='ocrx_word' id='word_1_317' title='bbox 440 4105 699 4176; x_wconf 83' lang='grc' dir='ltr'>φρονῶν;</span> <span class='ocrx_word' id='word_1_318' title='bbox 734 4102 968 4174; x_wconf 78' lang='grc' dir='ltr'>Εὔδηλον</span> <span class='ocrx_word' id='word_1_319' title='bbox 995 4104 1075 4156; x_wconf 75' lang='grc' dir='ltr'>ὅτι</span> <span class='ocrx_word' id='word_1_320' title='bbox 1102 4097 1258 4166; x_wconf 70' lang='grc' dir='ltr'>οὗτος</span> <span class='ocrx_word' id='word_1_321' title='bbox 1276 4118 1290 4131; x_wconf 89' lang='grc'><strong>·</strong></span> <span class='ocrx_word' id='word_1_322' title='bbox 1324 4099 1571 4163; x_wconf 78' lang='grc' dir='ltr'>εἰκότως.</span> <span class='ocrx_word' id='word_1_323' title='bbox 1596 4096 1766 4167; x_wconf 80' lang='grc' dir='ltr'>Δόξης</span> <span class='ocrx_word' id='word_1_324' title='bbox 1787 4097 1895 4169; x_wconf 81' lang='grc' dir='ltr'>γάρ</span> <span class='ocrx_word' id='word_1_325' title='bbox 1920 4099 2018 4150; x_wconf 83' lang='grc' dir='ltr'>οὑκ</span> 
     </span>
    </p>
   </div>
   <div class='ocr_carea' id='block_1_41' title="bbox 436 4188 2019 4264">
    <p class='ocr_par' dir='ltr' id='par_1_41' title="bbox 436 4188 2019 4264">
     <span class='ocr_line' id='line_1_41' title="bbox 436 4188 2019 4264; baseline -0.004 -16"><span class='ocrx_word' id='word_1_326' title='bbox 436 4196 593 4250; x_wconf 76' lang='grc' dir='ltr'>ἔστιν</span> <span class='ocrx_word' id='word_1_327' title='bbox 638 4195 813 4258; x_wconf 82' lang='grc' dir='ltr'>άλλως</span> <span class='ocrx_word' id='word_1_328' title='bbox 846 4196 1142 4264; x_wconf 76' lang='grc' dir='ltr'>ἐπιτυχεῖν,</span> <span class='ocrx_word' id='word_1_329' title='bbox 1172 4192 1289 4247; x_wconf 81' lang='grc' dir='ltr'>ἀλλ’</span> <span class='ocrx_word' id='word_1_330' title='bbox 1316 4192 1349 4262; x_wconf 77' lang='grc' dir='ltr'>ἢ</span> <span class='ocrx_word' id='word_1_331' title='bbox 1379 4188 1437 4245; x_wconf 75' lang='grc' dir='ltr'>ἐν</span> <span class='ocrx_word' id='word_1_332' title='bbox 1480 4189 1558 4260; x_wconf 85' lang='grc' dir='ltr'>τῷ</span> <span class='ocrx_word' id='word_1_333' title='bbox 1597 4188 1753 4253; x_wconf 84' lang='grc' dir='ltr'>δόξαν</span> <span class='ocrx_word' id='word_1_334' title='bbox 1777 4189 2019 4257; x_wconf 84' lang='grc' dir='ltr'>φεύγειν.</span> 
     </span>
    </p>
   </div>
   <div class='ocr_carea' id='block_1_42' title="bbox 438 4280 2021 4357">
    <p class='ocr_par' dir='ltr' id='par_1_42' title="bbox 438 4280 2021 4357">
     <span class='ocr_line' id='line_1_42' title="bbox 438 4280 2021 4357; baseline -0.006 -17"><span class='ocrx_word' id='word_1_335' title='bbox 438 4285 592 4350; x_wconf 84' lang='grc' dir='ltr'>Ἕως</span> <span class='ocrx_word' id='word_1_336' title='bbox 629 4286 728 4356; x_wconf 75' lang='grc' dir='ltr'>μὲν</span> <span class='ocrx_word' id='word_1_337' title='bbox 761 4286 871 4357; x_wconf 83' lang='grc' dir='ltr'>γάρ</span> <span class='ocrx_word' id='word_1_338' title='bbox 898 4285 1067 4357; x_wconf 81' lang='grc' dir='ltr'>αὑτὴν</span> <span class='ocrx_word' id='word_1_339' title='bbox 1103 4283 1390 4353; x_wconf 81' lang='grc' dir='ltr'>διώκωμεν</span> <span class='ocrx_word' id='word_1_340' title='bbox 1410 4323 1424 4347; x_wconf 89' lang='grc'>,</span> <span class='ocrx_word' id='word_1_341' title='bbox 1456 4280 1645 4351; x_wconf 86' lang='grc' dir='ltr'>φεύγει</span> <span class='ocrx_word' id='word_1_342' title='bbox 1671 4281 1821 4350; x_wconf 83' lang='grc' dir='ltr'>ἡμᾶς</span> <span class='ocrx_word' id='word_1_343' title='bbox 1851 4297 1863 4310; x_wconf 91' lang='grc'><strong>·</strong></span> <span class='ocrx_word' id='word_1_344' title='bbox 1892 4280 2021 4333; x_wconf 85' lang='grc' dir='ltr'>ὅταν</span> 
     </span>
    </p>
   </div>
   <div class='ocr_carea' id='block_1_43' title="bbox 436 4371 2019 4448">
    <p class='ocr_par' dir='ltr' id='par_1_43' title="bbox 436 4371 2019 4448">
     <span class='ocr_line' id='line_1_43' title="bbox 436 4371 2019 4448; baseline -0.004 -18"><span class='ocrx_word' id='word_1_345' title='bbox 436 4376 499 4430; x_wconf 78' lang='grc' dir='ltr'>δὲ</span> <span class='ocrx_word' id='word_1_346' title='bbox 525 4377 697 4448; x_wconf 77' lang='grc' dir='ltr'>αὑτὴν</span> <span class='ocrx_word' id='word_1_347' title='bbox 721 4376 1035 4447; x_wconf 74' lang='grc' dir='ltr'>φεύγωμεν,</span> <span class='ocrx_word' id='word_1_348' title='bbox 1082 4375 1266 4429; x_wconf 80' lang='grc' dir='ltr'>διώκει</span> <span class='ocrx_word' id='word_1_349' title='bbox 1307 4375 1473 4445; x_wconf 71' lang='grc' dir='ltr'>ἡμᾶς.</span> <span class='ocrx_word' id='word_1_350' title='bbox 1512 4375 1574 4428; x_wconf 84' lang='grc' dir='ltr'>Εἰ</span> <span class='ocrx_word' id='word_1_351' title='bbox 1604 4371 1782 4444; x_wconf 84' lang='grc' dir='ltr'>βούλει</span> <span class='ocrx_word' id='word_1_352' title='bbox 1812 4371 2019 4435; x_wconf 82' lang='grc' dir='ltr'>ἔνδοξος</span> 
     </span>
    </p>
   </div>
   <div class='ocr_carea' id='block_1_44' title="bbox 439 4459 2022 4537">
    <p class='ocr_par' dir='ltr' id='par_1_44' title="bbox 439 4459 2022 4537">
     <span class='ocr_line' id='line_1_44' title="bbox 439 4459 2022 4537; baseline -0.001 -19"><span class='ocrx_word' id='word_1_353' title='bbox 439 4461 608 4533; x_wconf 73' lang='grc' dir='ltr'>εἶναι,</span> <span class='ocrx_word' id='word_1_354' title='bbox 635 4466 710 4537; x_wconf 79' lang='grc' dir='ltr'>μή</span> <span class='ocrx_word' id='word_1_355' title='bbox 730 4466 986 4537; x_wconf 78' lang='grc' dir='ltr'>ὲπιθύμει</span> <span class='ocrx_word' id='word_1_356' title='bbox 1010 4466 1167 4535; x_wconf 87' lang='grc' dir='ltr'>δόξης</span> <span class='ocrx_word' id='word_1_357' title='bbox 1188 4483 1202 4497; x_wconf 75' lang='grc' dir='ltr'>ο</span> <span class='ocrx_word' id='word_1_358' title='bbox 1234 4467 1283 4519; x_wconf 79' lang='grc' dir='ltr'>εί</span> <span class='ocrx_word' id='word_1_359' title='bbox 1309 4464 1487 4536; x_wconf 87' lang='grc' dir='ltr'>βούλει</span> <span class='ocrx_word' id='word_1_360' title='bbox 1520 4464 1721 4534; x_wconf 72' lang='grc' dir='ltr'>ὑψηλὸς</span> <span class='ocrx_word' id='word_1_361' title='bbox 1746 4459 1905 4528; x_wconf 74' lang='grc' dir='ltr'>εἶναι,</span> <span class='ocrx_word' id='word_1_362' title='bbox 1945 4462 2022 4533; x_wconf 82' lang='grc' dir='ltr'>μὴ</span> 
     </span>
    </p>
   </div>
   <div class='ocr_carea' id='block_1_45' title="bbox 440 4554 2022 4628">
    <p class='ocr_par' dir='ltr' id='par_1_45' title="bbox 440 4554 2022 4628">
     <span class='ocr_line' id='line_1_45' title="bbox 440 4554 2022 4628; baseline -0.001 -19"><span class='ocrx_word' id='word_1_363' title='bbox 440 4556 601 4626; x_wconf 81' lang='grc' dir='ltr'>γίνου</span> <span class='ocrx_word' id='word_1_364' title='bbox 632 4556 851 4628; x_wconf 72' lang='grc' dir='ltr'>ὑψηλός.</span> <span class='ocrx_word' id='word_1_365' title='bbox 889 4557 1001 4611; x_wconf 86' lang='lat' dir='ltr'>Kal</span> <span class='ocrx_word' id='word_1_366' title='bbox 1037 4555 1211 4620; x_wconf 82' lang='grc' dir='ltr'>άλλως</span> <span class='ocrx_word' id='word_1_367' title='bbox 1239 4555 1319 4620; x_wconf 77' lang='grc' dir='ltr'>δὲ,</span> <span class='ocrx_word' id='word_1_368' title='bbox 1350 4555 1441 4608; x_wconf 80' lang='grc' dir='ltr'>τὸν</span> <span class='ocrx_word' id='word_1_369' title='bbox 1465 4556 1563 4626; x_wconf 86' lang='grc' dir='ltr'>μὲν</span> <span class='ocrx_word' id='word_1_370' title='bbox 1601 4554 1677 4626; x_wconf 82' lang='grc' dir='ltr'>μὴ</span> <span class='ocrx_word' id='word_1_371' title='bbox 1737 4554 2022 4624; x_wconf 75' lang='grc' dir='ltr'>ἐφιέμενον</span> 
     </span>
    </p>
   </div>
   <div class='ocr_carea' id='block_1_46' title="bbox 443 4646 2017 4720">
    <p class='ocr_par' dir='ltr' id='par_1_46' title="bbox 443 4646 2017 4720">
     <span class='ocr_line' id='line_1_46' title="bbox 443 4646 2017 4720; baseline 0 -20"><span class='ocrx_word' id='word_1_372' title='bbox 443 4647 615 4717; x_wconf 81' lang='grc' dir='ltr'>τιμῆς</span> <span class='ocrx_word' id='word_1_373' title='bbox 640 4647 835 4712; x_wconf 81' lang='grc' dir='ltr'>πάντες</span> <span class='ocrx_word' id='word_1_374' title='bbox 860 4648 1085 4720; x_wconf 89' lang='grc' dir='ltr'>τιμῶσι,</span> <span class='ocrx_word' id='word_1_375' title='bbox 1111 4647 1202 4702; x_wconf 82' lang='grc' dir='ltr'>τὸν</span> <span class='ocrx_word' id='word_1_376' title='bbox 1220 4647 1278 4701; x_wconf 83' lang='grc' dir='ltr'>δὲ</span> <span class='ocrx_word' id='word_1_377' title='bbox 1305 4646 1665 4717; x_wconf 82' lang='grc' dir='ltr'>ἐπιζητοῦντα</span> <span class='ocrx_word' id='word_1_378' title='bbox 1680 4646 2017 4700; x_wconf 71' lang='grc' dir='ltr'>διαπτύουσυ</span> 
     </span>
    </p>
   </div>
   <div class='ocr_carea' id='block_1_47' title="bbox 443 4734 2022 4812">
    <p class='ocr_par' dir='ltr' id='par_1_47' title="bbox 443 4734 2022 4812">
     <span class='ocr_line' id='line_1_47' title="bbox 443 4734 2022 4812; baseline 0.001 -23"><span class='ocrx_word' id='word_1_379' title='bbox 443 4737 664 4807; x_wconf 82' lang='grc' dir='ltr'>πέφυκε</span> <span class='ocrx_word' id='word_1_380' title='bbox 688 4740 793 4812; x_wconf 90' lang='grc' dir='ltr'>γάρ</span> <span class='ocrx_word' id='word_1_381' title='bbox 810 4757 925 4803; x_wconf 82' lang='grc' dir='ltr'>πως</span> <span class='ocrx_word' id='word_1_382' title='bbox 943 4739 1243 4809; x_wconf 85' lang='grc' dir='ltr'>φιλόνεικον</span> <span class='ocrx_word' id='word_1_383' title='bbox 1259 4734 1469 4792; x_wconf 79' lang='grc' dir='ltr'>εἶναιτὸ</span> <span class='ocrx_word' id='word_1_384' title='bbox 1484 4737 1592 4790; x_wconf 91' lang='grc' dir='ltr'>τῶν</span> <span class='ocrx_word' id='word_1_385' title='bbox 1610 4737 1708 4791; x_wconf 88' lang='grc' dir='ltr'>ἀνθ</span> <span class='ocrx_word' id='word_1_386' title='bbox 1718 4738 1914 4809; x_wconf 85' lang='grc' dir='ltr'>ρώπων</span> <span class='ocrx_word' id='word_1_387' title='bbox 1929 4739 2022 4806; x_wconf 88' lang='grc' dir='ltr'>γέ-</span> 
     </span>
    </p>
   </div>
   <div class='ocr_carea' id='block_1_48' title="bbox 440 4829 2023 4904">
    <p class='ocr_par' dir='ltr' id='par_1_48' title="bbox 440 4829 2023 4904">
     <span class='ocr_line' id='line_1_48' title="bbox 440 4829 2023 4904; baseline 0.001 -22"><span class='ocrx_word' id='word_1_388' title='bbox 440 4844 534 4892; x_wconf 86' lang='grc' dir='ltr'>νος</span> <span class='ocrx_word' id='word_1_389' title='bbox 558 4829 655 4882; x_wconf 77' lang='grc' dir='ltr'>καὶ</span> <span class='ocrx_word' id='word_1_390' title='bbox 667 4830 980 4896; x_wconf 84' lang='grc' dir='ltr'>ἀντιπαθές.</span> <span class='ocrx_word' id='word_1_391' title='bbox 1002 4831 1447 4904; x_wconf 77' lang='grc' dir='ltr'>Καταφρονῶμεν</span> <span class='ocrx_word' id='word_1_392' title='bbox 1473 4830 1650 4885; x_wconf 89' lang='grc' dir='ltr'>τοίνυν</span> <span class='ocrx_word' id='word_1_393' title='bbox 1676 4830 1833 4901; x_wconf 77' lang='grc' dir='ltr'>δόξης</span> <span class='ocrx_word' id='word_1_394' title='bbox 1849 4846 1861 4858; x_wconf 80' lang='grc'><strong>’</strong></span> <span class='ocrx_word' id='word_1_395' title='bbox 1879 4830 2023 4884; x_wconf 76' lang='grc' dir='ltr'>οὕτω</span> 
     </span>
    </p>
   </div>
   <div class='ocr_carea' id='block_1_49' title="bbox 433 4905 2023 4994">
    <p class='ocr_par' dir='ltr' id='par_1_49' title="bbox 433 4905 2023 4994">
     <span class='ocr_line' id='line_1_49' title="bbox 433 4905 2023 4994; baseline 0.001 -19"><span class='ocrx_word' id='word_1_396' title='bbox 433 4921 552 4992; x_wconf 68' lang='grc' dir='ltr'>γὰρ</span> <span class='ocrx_word' id='word_1_397' title='bbox 619 4905 966 4994; x_wconf 77' lang='grc' dir='ltr'>δύνησόμεθα</span> <span class='ocrx_word' id='word_1_398' title='bbox 1030 4924 1286 4993; x_wconf 83' lang='grc' dir='ltr'>γενέσθαι</span> <span class='ocrx_word' id='word_1_399' title='bbox 1347 4925 1649 4986; x_wconf 82' lang='grc' dir='ltr'>ταπεινοὶ,</span> <span class='ocrx_word' id='word_1_400' title='bbox 1713 4924 1914 4994; x_wconf 82' lang='grc' dir='ltr'>μᾶλλον</span> <span class='ocrx_word' id='word_1_401' title='bbox 1966 4925 2023 4977; x_wconf 82' lang='grc' dir='ltr'>δὲ</span> 
     </span>
    </p>
   </div>
   <div class='ocr_carea' id='block_1_50' title="bbox 433 5014 2014 5087">
    <p class='ocr_par' dir='ltr' id='par_1_50' title="bbox 433 5014 2014 5087">
     <span class='ocr_line' id='line_1_50' title="bbox 433 5014 2014 5087; baseline 0.001 -19"><span class='ocrx_word' id='word_1_402' title='bbox 433 5014 660 5084; x_wconf 70' lang='grc' dir='ltr'>ὑψηλοί.</span> <span class='ocrx_word' id='word_1_403' title='bbox 687 5015 780 5085; x_wconf 78' lang='grc' dir='ltr'><strong>Μὴ</strong></span> <span class='ocrx_word' id='word_1_404' title='bbox 808 5015 943 5081; x_wconf 78' lang='grc' dir='ltr'>ὕψου</span> <span class='ocrx_word' id='word_1_405' title='bbox 996 5015 1214 5079; x_wconf 79' lang='grc' dir='ltr'>σαυτὸν,</span> <span class='ocrx_word' id='word_1_406' title='bbox 1251 5016 1339 5069; x_wconf 81' lang='grc' dir='ltr'>ἵνα</span> <span class='ocrx_word' id='word_1_407' title='bbox 1374 5016 1504 5085; x_wconf 86' lang='grc' dir='ltr'>παρ’</span> <span class='ocrx_word' id='word_1_408' title='bbox 1533 5016 1734 5086; x_wconf 83' lang='grc' dir='ltr'>ἑτέρου·</span> <span class='ocrx_word' id='word_1_409' title='bbox 1773 5016 2014 5087; x_wconf 76' lang='grc' dir='ltr'>ὑψωθῇς.</span> 
     </span>
    </p>
   </div>
   <div class='ocr_carea' id='block_1_51' title="bbox 444 5106 2018 5179">
    <p class='ocr_par' dir='ltr' id='par_1_51' title="bbox 444 5106 2018 5179">
     <span class='ocr_line' id='line_1_51' title="bbox 444 5106 2018 5179; baseline 0.002 -20"><span class='ocrx_word' id='word_1_410' title='bbox 444 5107 507 5159; x_wconf 80' lang='grc'><strong>’0</strong></span> <span class='ocrx_word' id='word_1_411' title='bbox 541 5107 676 5178; x_wconf 80' lang='grc' dir='ltr'>παρ’</span> <span class='ocrx_word' id='word_1_412' title='bbox 700 5106 1240 5178; x_wconf 71' lang='grc' dir='ltr'>ὲαυτοῦ,ὑψούμενος,</span> <span class='ocrx_word' id='word_1_413' title='bbox 1267 5108 1398 5176; x_wconf 78' lang='grc' dir='ltr'>παρ’</span> <span class='ocrx_word' id='word_1_414' title='bbox 1425 5109 1628 5179; x_wconf 82' lang='grc' dir='ltr'>ἑτέρων</span> <span class='ocrx_word' id='word_1_415' title='bbox 1643 5109 1742 5179; x_wconf 87' lang='grc' dir='ltr'>ούχ</span> <span class='ocrx_word' id='word_1_416' title='bbox 1771 5108 2018 5178; x_wconf 78' lang='grc' dir='ltr'>ὑψοῦται·</span> 
     </span>
    </p>
   </div>
   <div class='ocr_carea' id='block_1_52' title="bbox 427 5199 2022 5272">
    <p class='ocr_par' dir='ltr' id='par_1_52' title="bbox 427 5199 2022 5272">
     <span class='ocr_line' id='line_1_52' title="bbox 427 5199 2022 5272; baseline 0.001 -20"><span class='ocrx_word' id='word_1_417' title='bbox 427 5201 460 5252; x_wconf 89' lang='lat'>6</span> <span class='ocrx_word' id='word_1_418' title='bbox 484 5199 624 5269; x_wconf 81' lang='grc' dir='ltr'>παρ’</span> <span class='ocrx_word' id='word_1_419' title='bbox 651 5199 848 5253; x_wconf 78' lang='grc' dir='ltr'>ἑαυτοῦ</span> <span class='ocrx_word' id='word_1_420' title='bbox 873 5200 1320 5272; x_wconf 87' lang='grc' dir='ltr'>ταπεινούμενος,</span> <span class='ocrx_word' id='word_1_421' title='bbox 1351 5201 1478 5271; x_wconf 81' lang='grc' dir='ltr'>παρ’</span> <span class='ocrx_word' id='word_1_422' title='bbox 1514 5201 1718 5270; x_wconf 78' lang='grc' dir='ltr'>ἑτέρων</span> <span class='ocrx_word' id='word_1_423' title='bbox 1751 5202 1813 5254; x_wconf 91' lang='lat'>06</span> <span class='ocrx_word' id='word_1_424' title='bbox 1838 5219 2022 5254; x_wconf 84' lang='grc' dir='ltr'>ταπει-</span> 
     </span>
    </p>
   </div>
   <div class='ocr_carea' id='block_1_53' title="bbox 424 5287 2020 5362">
    <p class='ocr_par' dir='ltr' id='par_1_53' title="bbox 424 5287 2020 5362">
     <span class='ocr_line' id='line_1_53' title="bbox 424 5287 2020 5362; baseline 0.001 -18"><span class='ocrx_word' id='word_1_425' title='bbox 424 5291 649 5345; x_wconf 87' lang='grc' dir='ltr'>νοῦται.</span> <span class='ocrx_word' id='word_1_426' title='bbox 677 5291 835 5359; x_wconf 82' lang='grc' dir='ltr'>Μέγα</span> <span class='ocrx_word' id='word_1_427' title='bbox 865 5291 1093 5345; x_wconf 77' lang='grc' dir='ltr'>ἀπόνοια</span> <span class='ocrx_word' id='word_1_428' title='bbox 1149 5293 1319 5346; x_wconf 86' lang='grc' dir='ltr'>κακόν</span> <span class='ocrx_word' id='word_1_429' title='bbox 1339 5307 1354 5323; x_wconf 77' lang='grc' dir='ltr'>ο</span> <span class='ocrx_word' id='word_1_430' title='bbox 1384 5292 1566 5362; x_wconf 80' lang='grc' dir='ltr'>μωρὸν</span> <span class='ocrx_word' id='word_1_431' title='bbox 1594 5287 1733 5345; x_wconf 81' lang='grc' dir='ltr'>εἶναι</span> <span class='ocrx_word' id='word_1_432' title='bbox 1753 5295 2020 5362; x_wconf 86' lang='grc' dir='ltr'>κρεῖττον,</span> 
     </span>
    </p>
   </div>
   <div class='ocr_carea' id='block_1_54' title="bbox 427 5383 2024 5453">
    <p class='ocr_par' dir='ltr' id='par_1_54' title="bbox 427 5383 2024 5453">
     <span class='ocr_line' id='line_1_54' title="bbox 427 5383 2024 5453; baseline 0.001 -18"><span class='ocrx_word' id='word_1_433' title='bbox 427 5383 462 5452; x_wconf 81' lang='grc' dir='ltr'><strong>ἢ</strong></span> <span class='ocrx_word' id='word_1_434' title='bbox 497 5383 948 5452; x_wconf 85' lang='grc' dir='ltr'>ἁπονενοημένον</span> <span class='ocrx_word' id='word_1_435' title='bbox 977 5399 992 5414; x_wconf 89' lang='grc'><strong>·</strong></span> <span class='ocrx_word' id='word_1_436' title='bbox 1030 5385 1145 5435; x_wconf 78' lang='grc' dir='ltr'>ἐκεῖ</span> <span class='ocrx_word' id='word_1_437' title='bbox 1173 5383 1272 5453; x_wconf 83' lang='grc' dir='ltr'>μὲν</span> <span class='ocrx_word' id='word_1_438' title='bbox 1302 5383 1411 5453; x_wconf 83' lang='grc' dir='ltr'>γὰρ</span> <span class='ocrx_word' id='word_1_439' title='bbox 1438 5384 1470 5452; x_wconf 82' lang='grc' dir='ltr'>ἡ</span> <span class='ocrx_word' id='word_1_440' title='bbox 1515 5383 1694 5453; x_wconf 82' lang='grc' dir='ltr'>μωρία</span> <span class='ocrx_word' id='word_1_441' title='bbox 1723 5383 1882 5453; x_wconf 89' lang='grc' dir='ltr'>μόνον</span> <span class='ocrx_word' id='word_1_442' title='bbox 1922 5402 2024 5436; x_wconf 84' lang='grc' dir='ltr'>πα-</span> 
     </span>
    </p>
   </div>
   <div class='ocr_carea' id='block_1_55' title="bbox 427 5471 2025 5546">
    <p class='ocr_par' dir='ltr' id='par_1_55' title="bbox 427 5471 2025 5546">
     <span class='ocr_line' id='line_1_55' title="bbox 427 5471 2025 5546; baseline 0.001 -19"><span class='ocrx_word' id='word_1_443' title='bbox 427 5471 669 5544; x_wconf 81' lang='grc' dir='ltr'>ρανοίας</span> <span class='ocrx_word' id='word_1_444' title='bbox 707 5473 880 5538; x_wconf 76' lang='grc' dir='ltr'>ἐστὶν,</span> <span class='ocrx_word' id='word_1_445' title='bbox 903 5472 1141 5527; x_wconf 73' lang='grc' dir='ltr'>ἐνταῦθα</span> <span class='ocrx_word' id='word_1_446' title='bbox 1185 5473 1242 5526; x_wconf 81' lang='grc' dir='ltr'>δὲ</span> <span class='ocrx_word' id='word_1_447' title='bbox 1291 5472 1492 5544; x_wconf 84' lang='grc' dir='ltr'>χείρων</span> <span class='ocrx_word' id='word_1_448' title='bbox 1524 5489 1537 5502; x_wconf 74' lang='grc' dir='ltr'><strong>ο</strong></span> <span class='ocrx_word' id='word_1_449' title='bbox 1574 5473 1754 5543; x_wconf 89' lang='grc' dir='ltr'>μωρία</span> <span class='ocrx_word' id='word_1_450' title='bbox 1778 5473 1884 5546; x_wconf 90' lang='grc' dir='ltr'>γάρ</span> <span class='ocrx_word' id='word_1_451' title='bbox 1909 5476 2025 5527; x_wconf 80' lang='grc' dir='ltr'>ἐστι</span> 
     </span>
    </p>
   </div>
   <div class='ocr_carea' id='block_1_56' title="bbox 493 5776 2030 5841">
    <p class='ocr_par' dir='ltr' id='par_1_56' title="bbox 493 5776 2030 5841">
     <span class='ocr_line' id='line_1_56' title="bbox 493 5776 2030 5841; baseline 0.003 -19"><span class='ocrx_word' id='word_1_452' title='bbox 493 5776 772 5839; x_wconf 49' lang='grc' dir='ltr'>(Εενίςιὶηη</span> <span class='ocrx_word' id='word_1_453' title='bbox 801 5776 1063 5824; x_wconf 76' lang='grc' dir='ltr'>ἐν;τεί).ατο</span> <span class='ocrx_word' id='word_1_454' title='bbox 1087 5777 1234 5840; x_wconf 73' lang='grc' dir='ltr'>αὐτῷ.</span> <span class='ocrx_word' id='word_1_455' title='bbox 1274 5778 1631 5841; x_wconf 72' lang='grc' dir='ltr'>Ἑταπξίνωσεν,</span> <span class='ocrx_word' id='word_1_456' title='bbox 1657 5777 1851 5827; x_wconf 62' lang='lat' dir='ltr'>omiusis</span> <span class='ocrx_word' id='word_1_457' title='bbox 1874 5781 2030 5827; x_wconf 75' lang='lat' dir='ltr'>inter—</span> 
     </span>
    </p>
   </div>
   <div class='ocr_carea' id='block_1_57' title="bbox 420 5844 630 5900">
    <p class='ocr_par' dir='ltr' id='par_1_57' title="bbox 420 5844 630 5900">
     <span class='ocr_line' id='line_1_57' title="bbox 420 5844 630 5900; baseline -0.005 -16"><span class='ocrx_word' id='word_1_458' title='bbox 420 5844 630 5900; x_wconf 66' lang='lat' dir='ltr'>pomus.</span> 
     </span>
    </p>
   </div>
   <div class='ocr_carea' id='block_1_58' title="bbox 1312 427 2816 490">
    <p class='ocr_par' dir='ltr' id='par_1_58' title="bbox 1312 427 2816 490">
     <span class='ocr_line' id='line_1_58' title="bbox 1312 427 2816 490; baseline -0.001 -1"><span class='ocrx_word' id='word_1_459' title='bbox 1312 435 1378 489; x_wconf 75' lang='lat' dir='ltr'>IN</span> <span class='ocrx_word' id='word_1_460' title='bbox 1421 431 1644 488; x_wconf 76' lang='lat' dir='ltr'>EPiST.</span> <span class='ocrx_word' id='word_1_461' title='bbox 1683 430 1775 485; x_wconf 77' lang='lat' dir='ltr'>AD</span> <span class='ocrx_word' id='word_1_462' title='bbox 1812 427 2103 484; x_wconf 81' lang='lat' dir='ltr'>PIIILII‘P.</span> <span class='ocrx_word' id='word_1_463' title='bbox 2142 428 2293 486; x_wconf 81' lang='lat' dir='ltr'>CAP.</span> <span class='ocrx_word' id='word_1_464' title='bbox 2328 429 2394 485; x_wconf 91' lang='grc' dir='ltr'>ΙΙ.</span> <span class='ocrx_word' id='word_1_465' title='bbox 2435 431 2668 490; x_wconf 62' lang='grc' dir='ltr'>ιιοδιιι.</span> <span class='ocrx_word' id='word_1_466' title='bbox 2708 432 2816 488; x_wconf 68' lang='grc' dir='ltr'>ΠΙ.</span> 
     </span>
    </p>
   </div>
   <div class='ocr_carea' id='block_1_59' title="bbox 3567 442 3674 498">
    <p class='ocr_par' dir='ltr' id='par_1_59' title="bbox 3567 442 3674 498">
     <span class='ocr_line' id='line_1_59' title="bbox 3567 442 3674 498; baseline 0 -1"><span class='ocrx_word' id='word_1_467' title='bbox 3567 442 3674 498; x_wconf 73' lang='grc'>236</span> 
     </span>
    </p>
   </div>
   <div class='ocr_carea' id='block_1_60' title="bbox 2110 548 3674 623">
    <p class='ocr_par' dir='ltr' id='par_1_60' title="bbox 2110 548 3674 623">
     <span class='ocr_line' id='line_1_60' title="bbox 2110 548 3674 623; baseline 0.008 -23"><span class='ocrx_word' id='word_1_468' title='bbox 2110 548 2248 617; x_wconf 87' lang='grc' dir='ltr'>μετά</span> <span class='ocrx_word' id='word_1_469' title='bbox 2277 551 2492 620; x_wconf 82' lang='grc' dir='ltr'>μανίας.</span> <span class='ocrx_word' id='word_1_470' title='bbox 2533 551 2592 605; x_wconf 86' lang='grc' dir='ltr'>ὐ</span> <span class='ocrx_word' id='word_1_471' title='bbox 2630 553 2855 621; x_wconf 81' lang='grc' dir='ltr'>ἀνόητος</span> <span class='ocrx_word' id='word_1_472' title='bbox 2881 552 3060 623; x_wconf 75' lang='grc' dir='ltr'>έαυτῷ</span> <span class='ocrx_word' id='word_1_473' title='bbox 3093 554 3279 619; x_wconf 62' lang='grc' dir='ltr'>κακὸν,</span> <span class='ocrx_word' id='word_1_474' title='bbox 3315 557 3342 608; x_wconf 84' lang='grc' dir='ltr'>ό</span> <span class='ocrx_word' id='word_1_475' title='bbox 3379 557 3433 610; x_wconf 84' lang='grc' dir='ltr'>δὲ</span> <span class='ocrx_word' id='word_1_476' title='bbox 3475 559 3674 614; x_wconf 78' lang='grc' dir='ltr'>ἀπονε-</span> 
     </span>
    </p>
   </div>
   <div class='ocr_carea' id='block_1_61' title="bbox 2103 643 3679 716">
    <p class='ocr_par' dir='ltr' id='par_1_61' title="bbox 2103 643 3679 716">
     <span class='ocr_line' id='line_1_61' title="bbox 2103 643 3679 716; baseline 0.008 -23"><span class='ocrx_word' id='word_1_477' title='bbox 2103 643 2362 711; x_wconf 78' lang='grc' dir='ltr'>νοημένος</span> <span class='ocrx_word' id='word_1_478' title='bbox 2410 644 2506 697; x_wconf 67' lang='grc' dir='ltr'>καὶ</span> <span class='ocrx_word' id='word_1_479' title='bbox 2565 645 2773 715; x_wconf 80' lang='grc' dir='ltr'>ἑτέροις</span> <span class='ocrx_word' id='word_1_480' title='bbox 2833 644 3002 716; x_wconf 83' lang='grc' dir='ltr'>λύμη.</span> <span class='ocrx_word' id='word_1_481' title='bbox 3044 645 3175 699; x_wconf 80' lang='grc' dir='ltr'>Ἀπὸ</span> <span class='ocrx_word' id='word_1_482' title='bbox 3216 647 3401 713; x_wconf 82' lang='grc' dir='ltr'>ἀνοίας</span> <span class='ocrx_word' id='word_1_483' title='bbox 3430 651 3589 704; x_wconf 85' lang='grc' dir='ltr'>τοῦτο</span> <span class='ocrx_word' id='word_1_484' title='bbox 3617 656 3679 706; x_wconf 88' lang='lat'>16</span> 
     </span>
    </p>
   </div>
   <div class='ocr_carea' id='block_1_62' title="bbox 2105 733 3677 813">
    <p class='ocr_par' dir='ltr' id='par_1_62' title="bbox 2105 733 3677 813">
     <span class='ocr_line' id='line_1_62' title="bbox 2105 733 3677 813; baseline 0.006 -28"><span class='ocrx_word' id='word_1_485' title='bbox 2105 733 2275 797; x_wconf 82' lang='grc' dir='ltr'>πάθος</span> <span class='ocrx_word' id='word_1_486' title='bbox 2300 735 2563 789; x_wconf 85' lang='grc' dir='ltr'>τίκτεται.</span> <span class='ocrx_word' id='word_1_487' title='bbox 2600 737 2714 790; x_wconf 81' lang='grc' dir='ltr'>Οὐκ</span> <span class='ocrx_word' id='word_1_488' title='bbox 2738 736 2885 790; x_wconf 78' lang='grc' dir='ltr'>ἔστιν</span> <span class='ocrx_word' id='word_1_489' title='bbox 2916 738 3262 810; x_wconf 74' lang='grc' dir='ltr'>ὑψηλόφρονα</span> <span class='ocrx_word' id='word_1_490' title='bbox 3282 735 3421 793; x_wconf 77' lang='grc' dir='ltr'>εἶναι</span> <span class='ocrx_word' id='word_1_491' title='bbox 3456 741 3530 813; x_wconf 82' lang='grc' dir='ltr'>μὴ</span> <span class='ocrx_word' id='word_1_492' title='bbox 3550 744 3677 797; x_wconf 79' lang='grc' dir='ltr'>ὄντα</span> 
     </span>
    </p>
   </div>
   <div class='ocr_carea' id='block_1_63' title="bbox 2108 824 3675 901">
    <p class='ocr_par' dir='ltr' id='par_1_63' title="bbox 2108 824 3675 901">
     <span class='ocr_line' id='line_1_63' title="bbox 2108 824 3675 901; baseline 0.008 -27"><span class='ocrx_word' id='word_1_493' title='bbox 2108 824 2292 893; x_wconf 77' lang='grc' dir='ltr'>μωρόν</span> <span class='ocrx_word' id='word_1_494' title='bbox 2313 840 2328 855; x_wconf 73' lang='grc' dir='ltr'><strong>ο</strong></span> <span class='ocrx_word' id='word_1_495' title='bbox 2368 827 2396 879; x_wconf 95' lang='lat'>6</span> <span class='ocrx_word' id='word_1_496' title='bbox 2423 825 2480 878; x_wconf 73' lang='grc' dir='ltr'>δὲ</span> <span class='ocrx_word' id='word_1_497' title='bbox 2511 826 2725 898; x_wconf 85' lang='grc' dir='ltr'>μωρίας</span> <span class='ocrx_word' id='word_1_498' title='bbox 2751 826 3027 897; x_wconf 79' lang='grc' dir='ltr'>ἔμπλεως,</span> <span class='ocrx_word' id='word_1_499' title='bbox 3051 828 3197 882; x_wconf 78' lang='grc' dir='ltr'>ἐστὶν</span> <span class='ocrx_word' id='word_1_500' title='bbox 3223 830 3675 901; x_wconf 84' lang='grc' dir='ltr'>ἀπονενοημένος.</span> 
     </span>
    </p>
   </div>
   <div class='ocr_carea' id='block_1_64' title="bbox 2109 915 3681 990">
    <p class='ocr_par' dir='ltr' id='par_1_64' title="bbox 2109 915 3681 990">
     <span class='ocr_line' id='line_1_64' title="bbox 2109 915 3681 990; baseline 0.007 -23"><span class='ocrx_word' id='word_1_501' title='bbox 2109 916 2308 968; x_wconf 76' lang='grc' dir='ltr'>’Λκουε</span> <span class='ocrx_word' id='word_1_502' title='bbox 2348 916 2515 985; x_wconf 76' lang='grc' dir='ltr'>σοφοῦ</span> <span class='ocrx_word' id='word_1_503' title='bbox 2543 933 2688 981; x_wconf 90' lang='grc' dir='ltr'>τινος</span> <span class='ocrx_word' id='word_1_504' title='bbox 2714 917 2967 987; x_wconf 85' lang='grc' dir='ltr'>λέγοντος</span> <span class='ocrx_word' id='word_1_505' title='bbox 2995 936 3009 949; x_wconf 82' lang='lat'><strong><em>°</em></strong></span> <span class='ocrx_word' id='word_1_506' title='bbox 3035 915 3218 975; x_wconf 76' lang='grc' dir='ltr'>Εῖδον</span> <span class='ocrx_word' id='word_1_507' title='bbox 3244 921 3560 990; x_wconf 79' lang='grc' dir='ltr'>ἄνθρωπον</span> <span class='ocrx_word' id='word_1_508' title='bbox 3580 925 3681 978; x_wconf 87' lang='grc' dir='ltr'>δο-</span> 
     </span>
    </p>
   </div>
   <div class='ocr_carea' id='block_1_65' title="bbox 2105 1006 3679 1083">
    <p class='ocr_par' dir='ltr' id='par_1_65' title="bbox 2105 1006 3679 1083">
     <span class='ocr_line' id='line_1_65' title="bbox 2105 1006 3679 1083; baseline 0.004 -23"><span class='ocrx_word' id='word_1_509' title='bbox 2105 1006 2330 1063; x_wconf 83' lang='grc' dir='ltr'>κοῦντα</span> <span class='ocrx_word' id='word_1_510' title='bbox 2353 1008 2809 1078; x_wconf 74' lang='grc' dir='ltr'>φρόνιμονεῑναι</span> <span class='ocrx_word' id='word_1_511' title='bbox 2831 1011 2966 1078; x_wconf 78' lang='grc' dir='ltr'>παρ’</span> <span class='ocrx_word' id='word_1_512' title='bbox 2982 1011 3194 1077; x_wconf 70' lang='grc' dir='ltr'>ἑαυτῷ*</span> <span class='ocrx_word' id='word_1_513' title='bbox 3221 1013 3439 1068; x_wconf 72' lang='grc' dir='ltr'>ἐλπίδα</span> <span class='ocrx_word' id='word_1_514' title='bbox 3459 1014 3528 1068; x_wconf 82' lang='grc' dir='ltr'>δὲ</span> <span class='ocrx_word' id='word_1_515' title='bbox 3553 1015 3679 1083; x_wconf 76' lang='grc' dir='ltr'>ἔχει</span> 
     </span>
    </p>
   </div>
   <div class='ocr_carea' id='block_1_66' title="bbox 2101 1094 3680 1174">
    <p class='ocr_par' dir='ltr' id='par_1_66' title="bbox 2101 1094 3680 1174">
     <span class='ocr_line' id='line_1_66' title="bbox 2101 1094 3680 1174; baseline 0.004 -25"><span class='ocrx_word' id='word_1_516' title='bbox 2101 1094 2344 1164; x_wconf 72' lang='grc' dir='ltr'>μᾶλλον</span> <span class='ocrx_word' id='word_1_517' title='bbox 2389 1100 2424 1151; x_wconf 81' lang='grc' dir='ltr'><em>ὀ</em></span> <span class='ocrx_word' id='word_1_518' title='bbox 2480 1099 2685 1168; x_wconf 69' lang='grc' dir='ltr'>ἄφρων</span> <span class='ocrx_word' id='word_1_519' title='bbox 2738 1100 2946 1154; x_wconf 84' lang='grc' dir='ltr'>αὺτοῦ.</span> <span class='ocrx_word' id='word_1_520' title='bbox 2995 1100 3158 1172; x_wconf 81' lang='grc' dir='ltr'>Ὁρᾷς</span> <span class='ocrx_word' id='word_1_521' title='bbox 3184 1103 3266 1154; x_wconf 80' lang='grc' dir='ltr'>ὅτι</span> <span class='ocrx_word' id='word_1_522' title='bbox 3294 1104 3394 1155; x_wconf 88' lang='grc' dir='ltr'>οὑκ</span> <span class='ocrx_word' id='word_1_523' title='bbox 3415 1103 3537 1174; x_wconf 86' lang='grc' dir='ltr'>είκῆ</span> <span class='ocrx_word' id='word_1_524' title='bbox 3565 1104 3680 1156; x_wconf 80' lang='grc' dir='ltr'>ἐλε-</span> 
     </span>
    </p>
   </div>
   <div class='ocr_carea' id='block_1_67' title="bbox 2105 1190 3799 1265">
    <p class='ocr_par' dir='ltr' id='par_1_67' title="bbox 2105 1190 3799 1265">
     <span class='ocr_line' id='line_1_67' title="bbox 2105 1190 3799 1265; baseline 0.001 -25"><span class='ocrx_word' id='word_1_525' title='bbox 2105 1203 2225 1255; x_wconf 90' lang='grc' dir='ltr'>γον,</span> <span class='ocrx_word' id='word_1_526' title='bbox 2265 1190 2349 1242; x_wconf 87' lang='grc' dir='ltr'>ὅτι</span> <span class='ocrx_word' id='word_1_527' title='bbox 2403 1192 2586 1261; x_wconf 84' lang='grc' dir='ltr'>χεῖρον</span> <span class='ocrx_word' id='word_1_528' title='bbox 2642 1191 2851 1261; x_wconf 82' lang='grc' dir='ltr'>μωρίας</span> <span class='ocrx_word' id='word_1_529' title='bbox 2900 1191 2960 1244; x_wconf 85' lang='lat'>16</span> <span class='ocrx_word' id='word_1_530' title='bbox 2996 1193 3204 1258; x_wconf 86' lang='grc' dir='ltr'>κακόν;</span> <span class='ocrx_word' id='word_1_531' title='bbox 3243 1194 3494 1247; x_wconf 72' lang='grc' dir='ltr'>Ἐλπίδα</span> <span class='ocrx_word' id='word_1_532' title='bbox 3548 1195 3675 1265; x_wconf 74' lang='grc' dir='ltr'>γὰρ,</span> <span class='ocrx_word' id='word_1_533' title='bbox 3789 1227 3799 1242; x_wconf 84' lang='grc'><strong>.</strong></span> 
     </span>
    </p>
   </div>
   <div class='ocr_carea' id='block_1_68' title="bbox 2107 1278 3680 1350">
    <p class='ocr_par' dir='ltr' id='par_1_68' title="bbox 2107 1278 3680 1350">
     <span class='ocr_line' id='line_1_68' title="bbox 2107 1278 3680 1350; baseline 0.004 -20"><span class='ocrx_word' id='word_1_534' title='bbox 2107 1279 2262 1347; x_wconf 74' lang='grc' dir='ltr'>φησὶ,</span> <span class='ocrx_word' id='word_1_535' title='bbox 2292 1278 2536 1347; x_wconf 74' lang='grc' dir='ltr'>μᾶλλον</span> <span class='ocrx_word' id='word_1_536' title='bbox 2581 1281 2705 1348; x_wconf 72' lang='grc' dir='ltr'>ἔχει</span> <span class='ocrx_word' id='word_1_537' title='bbox 2746 1281 2954 1350; x_wconf 62' lang='grc' dir='ltr'>ἄφρων</span> <span class='ocrx_word' id='word_1_538' title='bbox 2979 1282 3185 1337; x_wconf 83' lang='grc' dir='ltr'>αὐτοῦ.</span> <span class='ocrx_word' id='word_1_539' title='bbox 3221 1282 3318 1335; x_wconf 86' lang='grc' dir='ltr'>Διά</span> <span class='ocrx_word' id='word_1_540' title='bbox 3344 1283 3502 1337; x_wconf 87' lang='grc' dir='ltr'>τοῦτο</span> <span class='ocrx_word' id='word_1_541' title='bbox 3531 1288 3621 1337; x_wconf 73' lang='grc' dir='ltr'>καὶ</span> <span class='ocrx_word' id='word_1_542' title='bbox 3651 1288 3680 1337; x_wconf 89' lang='lat'>6</span> 
     </span>
    </p>
   </div>
   <div class='ocr_carea' id='block_1_69' title="bbox 2109 1368 3677 1441">
    <p class='ocr_par' dir='ltr' id='par_1_69' title="bbox 2109 1368 3677 1441">
     <span class='ocr_line' id='line_1_69' title="bbox 2109 1368 3677 1441; baseline 0.006 -21"><span class='ocrx_word' id='word_1_543' title='bbox 2109 1368 2316 1433; x_wconf 83' lang='grc' dir='ltr'>Παῦλος</span> <span class='ocrx_word' id='word_1_544' title='bbox 2340 1370 2515 1439; x_wconf 81' lang='grc' dir='ltr'>ἔλεγε,</span> <span class='ocrx_word' id='word_1_545' title='bbox 2550 1374 2648 1439; x_wconf 77' lang='grc' dir='ltr'>Μὴ</span> <span class='ocrx_word' id='word_1_546' title='bbox 2688 1373 2929 1441; x_wconf 72' lang='grc' dir='ltr'>γίνεσθε</span> <span class='ocrx_word' id='word_1_547' title='bbox 2955 1375 3229 1441; x_wconf 70' lang='grc' dir='ltr'>φρόνιμοι</span> <span class='ocrx_word' id='word_1_548' title='bbox 3255 1374 3392 1440; x_wconf 78' lang='grc' dir='ltr'>παρ’</span> <span class='ocrx_word' id='word_1_549' title='bbox 3420 1374 3677 1441; x_wconf 82' lang='grc' dir='ltr'>ἑαυτοῖς.</span> 
     </span>
    </p>
   </div>
   <div class='ocr_carea' id='block_1_70' title="bbox 2120 1458 3678 1531">
    <p class='ocr_par' dir='ltr' id='par_1_70' title="bbox 2120 1458 3678 1531">
     <span class='ocr_line' id='line_1_70' title="bbox 2120 1458 3678 1531; baseline 0.003 -20"><span class='ocrx_word' id='word_1_550' title='bbox 2120 1458 2243 1512; x_wconf 70' lang='grc' dir='ltr'>Ἐπὶ</span> <span class='ocrx_word' id='word_1_551' title='bbox 2273 1458 2384 1513; x_wconf 90' lang='grc' dir='ltr'>τῶν</span> <span class='ocrx_word' id='word_1_552' title='bbox 2418 1460 2687 1530; x_wconf 84' lang='grc' dir='ltr'>σωμάτων</span> <span class='ocrx_word' id='word_1_553' title='bbox 2710 1461 2831 1513; x_wconf 85' lang='grc' dir='ltr'>εἰπέ</span> <span class='ocrx_word' id='word_1_554' title='bbox 2857 1478 2969 1530; x_wconf 86' lang='grc' dir='ltr'>μοι,</span> <span class='ocrx_word' id='word_1_555' title='bbox 3002 1462 3132 1514; x_wconf 88' lang='grc' dir='ltr'>ποῖά</span> <span class='ocrx_word' id='word_1_556' title='bbox 3161 1479 3341 1531; x_wconf 86' lang='grc' dir='ltr'>φαμεν</span> <span class='ocrx_word' id='word_1_557' title='bbox 3365 1463 3629 1530; x_wconf 87' lang='grc' dir='ltr'>ὑγιαίνειν</span> <span class='ocrx_word' id='word_1_558' title='bbox 3663 1483 3678 1529; x_wconf 87' lang='lat'><strong>;</strong></span> 
     </span>
    </p>
   </div>
   <div class='ocr_carea' id='block_1_71' title="bbox 2110 1546 3681 1624">
    <p class='ocr_par' dir='ltr' id='par_1_71' title="bbox 2110 1546 3681 1624">
     <span class='ocr_line' id='line_1_71' title="bbox 2110 1546 3681 1624; baseline 0.004 -23"><span class='ocrx_word' id='word_1_559' title='bbox 2110 1546 2263 1620; x_wconf 64' lang='lat'>[253]</span> <span class='ocrx_word' id='word_1_560' title='bbox 2293 1550 2363 1604; x_wconf 83' lang='grc' dir='ltr'>τὰ</span> <span class='ocrx_word' id='word_1_561' title='bbox 2387 1548 2552 1618; x_wconf 75' lang='grc' dir='ltr'>δγκον</span> <span class='ocrx_word' id='word_1_562' title='bbox 2582 1548 2773 1620; x_wconf 78' lang='grc' dir='ltr'>ἔχοντα</span> <span class='ocrx_word' id='word_1_563' title='bbox 2801 1550 2989 1612; x_wconf 76' lang='grc' dir='ltr'>πολὺν,</span> <span class='ocrx_word' id='word_1_564' title='bbox 3022 1552 3117 1604; x_wconf 77' lang='grc' dir='ltr'>καὶ</span> <span class='ocrx_word' id='word_1_565' title='bbox 3146 1552 3339 1605; x_wconf 87' lang='grc' dir='ltr'>πολλοῦ</span> <span class='ocrx_word' id='word_1_566' title='bbox 3374 1553 3681 1624; x_wconf 88' lang='grc' dir='ltr'>πνεύματος</span> 
     </span>
    </p>
   </div>
   <div class='ocr_carea' id='block_1_72' title="bbox 2108 1638 3684 1715">
    <p class='ocr_par' dir='ltr' id='par_1_72' title="bbox 2108 1638 3684 1715">
     <span class='ocr_line' id='line_1_72' title="bbox 2108 1638 3684 1715; baseline 0.004 -23"><span class='ocrx_word' id='word_1_567' title='bbox 2108 1639 2320 1694; x_wconf 75' lang='grc' dir='ltr'>ἔνδοθεν</span> <span class='ocrx_word' id='word_1_568' title='bbox 2352 1638 2591 1709; x_wconf 86' lang='grc' dir='ltr'>γέμοντα</span> <span class='ocrx_word' id='word_1_569' title='bbox 2620 1640 2713 1693; x_wconf 65' lang='grc' dir='ltr'>καὶ</span> <span class='ocrx_word' id='word_1_570' title='bbox 2741 1638 2951 1705; x_wconf 76' lang='grc' dir='ltr'>ὕδατος,</span> <span class='ocrx_word' id='word_1_571' title='bbox 2974 1640 3009 1711; x_wconf 74' lang='grc' dir='ltr'>ἦ</span> <span class='ocrx_word' id='word_1_572' title='bbox 3037 1641 3105 1693; x_wconf 79' lang='grc' dir='ltr'>τά</span> <span class='ocrx_word' id='word_1_573' title='bbox 3135 1644 3564 1715; x_wconf 84' lang='grc' dir='ltr'>κατεσταλμένα,</span> <span class='ocrx_word' id='word_1_574' title='bbox 3590 1648 3684 1699; x_wconf 79' lang='grc' dir='ltr'>καὶ</span> 
     </span>
    </p>
   </div>
   <div class='ocr_carea' id='block_1_73' title="bbox 2110 1730 3683 1808">
    <p class='ocr_par' dir='ltr' id='par_1_73' title="bbox 2110 1730 3683 1808">
     <span class='ocr_line' id='line_1_73' title="bbox 2110 1730 3683 1808; baseline 0.004 -25"><span class='ocrx_word' id='word_1_575' title='bbox 2110 1731 2589 1801; x_wconf 81' lang='grc' dir='ltr'>τεταπεινωμένην</span> <span class='ocrx_word' id='word_1_576' title='bbox 2638 1730 2833 1801; x_wconf 73' lang='grc' dir='ltr'>ἔχοντα.</span> <span class='ocrx_word' id='word_1_577' title='bbox 2862 1731 2962 1802; x_wconf 81' lang='grc' dir='ltr'>τὴν</span> <span class='ocrx_word' id='word_1_578' title='bbox 2997 1734 3350 1803; x_wconf 84' lang='grc' dir='ltr'>ὲπιφάνειαν;</span> <span class='ocrx_word' id='word_1_579' title='bbox 3400 1736 3567 1808; x_wconf 76' lang='grc' dir='ltr'>Δῆλον</span> <span class='ocrx_word' id='word_1_580' title='bbox 3600 1738 3683 1790; x_wconf 83' lang='grc' dir='ltr'>ὅτι</span> 
     </span>
    </p>
   </div>
   <div class='ocr_carea' id='block_1_74' title="bbox 2107 1820 3682 1896">
    <p class='ocr_par' dir='ltr' id='par_1_74' title="bbox 2107 1820 3682 1896">
     <span class='ocr_line' id='line_1_74' title="bbox 2107 1820 3682 1896; baseline 0.005 -23"><span class='ocrx_word' id='word_1_581' title='bbox 2107 1820 2305 1874; x_wconf 83' lang='grc' dir='ltr'>ταῦτα.</span> <span class='ocrx_word' id='word_1_582' title='bbox 2341 1821 2551 1874; x_wconf 73' lang='grc' dir='ltr'>Οὐκοῦν</span> <span class='ocrx_word' id='word_1_583' title='bbox 2603 1821 2698 1875; x_wconf 79' lang='grc' dir='ltr'>καὶ</span> <span class='ocrx_word' id='word_1_584' title='bbox 2748 1821 2844 1875; x_wconf 64' lang='grc' dir='ltr'>ἐπὶ</span> <span class='ocrx_word' id='word_1_585' title='bbox 2867 1822 2966 1893; x_wconf 83' lang='grc' dir='ltr'>τῆς</span> <span class='ocrx_word' id='word_1_586' title='bbox 2983 1821 3237 1895; x_wconf 76' lang='grc' dir='ltr'>ψυχῆς,ή</span> <span class='ocrx_word' id='word_1_587' title='bbox 3277 1825 3377 1895; x_wconf 82' lang='grc' dir='ltr'>μὲν</span> <span class='ocrx_word' id='word_1_588' title='bbox 3411 1826 3682 1896; x_wconf 87' lang='grc' dir='ltr'>φλεγμαί-</span> 
     </span>
    </p>
   </div>
   <div class='ocr_carea' id='block_1_75' title="bbox 2111 1916 3682 1994">
    <p class='ocr_par' dir='ltr' id='par_1_75' title="bbox 2111 1916 3682 1994">
     <span class='ocr_line' id='line_1_75' title="bbox 2111 1916 3682 1994; baseline 0.004 -24"><span class='ocrx_word' id='word_1_589' title='bbox 2111 1933 2275 1970; x_wconf 78' lang='grc' dir='ltr'>νουσα</span> <span class='ocrx_word' id='word_1_590' title='bbox 2302 1916 2492 1987; x_wconf 74' lang='grc' dir='ltr'>ὑδέρου</span> <span class='ocrx_word' id='word_1_591' title='bbox 2515 1917 2695 1988; x_wconf 84' lang='grc' dir='ltr'>χεῖρον</span> <span class='ocrx_word' id='word_1_592' title='bbox 2720 1917 2833 1988; x_wconf 72' lang='grc' dir='ltr'>ἔχει</span> <span class='ocrx_word' id='word_1_593' title='bbox 2864 1918 3079 1990; x_wconf 79' lang='grc' dir='ltr'>νόσημα</span> <span class='ocrx_word' id='word_1_594' title='bbox 3104 1937 3118 1950; x_wconf 88' lang='grc'><strong>·</strong></span> <span class='ocrx_word' id='word_1_595' title='bbox 3142 1923 3174 1981; x_wconf 82' lang='grc' dir='ltr'>ἡ</span> <span class='ocrx_word' id='word_1_596' title='bbox 3192 1921 3251 1974; x_wconf 79' lang='grc' dir='ltr'>δὲ</span> <span class='ocrx_word' id='word_1_597' title='bbox 3276 1924 3682 1994; x_wconf 81' lang='grc' dir='ltr'>κατεσταλμένη</span> 
     </span>
    </p>
   </div>
   <div class='ocr_carea' id='block_1_76' title="bbox 2112 2004 3684 2082">
    <p class='ocr_par' dir='ltr' id='par_1_76' title="bbox 2112 2004 3684 2082">
     <span class='ocr_line' id='line_1_76' title="bbox 2112 2004 3684 2082; baseline 0.006 -26"><span class='ocrx_word' id='word_1_598' title='bbox 2112 2004 2315 2067; x_wconf 76' lang='grc' dir='ltr'>παντὸς</span> <span class='ocrx_word' id='word_1_599' title='bbox 2362 2004 2711 2074; x_wconf 80' lang='grc' dir='ltr'>ἀπήλλακται</span> <span class='ocrx_word' id='word_1_600' title='bbox 2768 2004 2993 2069; x_wconf 82' lang='grc' dir='ltr'>πάθους.</span> <span class='ocrx_word' id='word_1_601' title='bbox 3034 2008 3185 2063; x_wconf 83' lang='grc' dir='ltr'>Πόσα</span> <span class='ocrx_word' id='word_1_602' title='bbox 3227 2005 3320 2063; x_wconf 78' lang='grc' dir='ltr'>οῦν</span> <span class='ocrx_word' id='word_1_603' title='bbox 3344 2011 3517 2064; x_wconf 85' lang='grc' dir='ltr'>τίκτει</span> <span class='ocrx_word' id='word_1_604' title='bbox 3552 2014 3684 2082; x_wconf 74' lang='grc' dir='ltr'>ἡμῖν</span> 
     </span>
    </p>
   </div>
   <div class='ocr_carea' id='block_1_77' title="bbox 2109 2097 3683 2171">
    <p class='ocr_par' dir='ltr' id='par_1_77' title="bbox 2109 2097 3683 2171">
     <span class='ocr_line' id='line_1_77' title="bbox 2109 2097 3683 2171; baseline 0.004 -20"><span class='ocrx_word' id='word_1_605' title='bbox 2109 2097 2291 2164; x_wconf 82' lang='grc' dir='ltr'>ἀγαθὰ</span> <span class='ocrx_word' id='word_1_606' title='bbox 2318 2100 2351 2167; x_wconf 83' lang='grc' dir='ltr'>ἠ</span> <span class='ocrx_word' id='word_1_607' title='bbox 2379 2098 2881 2171; x_wconf 81' lang='grc' dir='ltr'>ταπεινοφροσύνηί</span> <span class='ocrx_word' id='word_1_608' title='bbox 2909 2101 2974 2153; x_wconf 88' lang='grc' dir='ltr'>Τί</span> <span class='ocrx_word' id='word_1_609' title='bbox 2998 2100 3214 2170; x_wconf 82' lang='grc' dir='ltr'>βούλει;</span> <span class='ocrx_word' id='word_1_610' title='bbox 3248 2101 3309 2154; x_wconf 82' lang='grc' dir='ltr'>τὸ</span> <span class='ocrx_word' id='word_1_611' title='bbox 3340 2102 3683 2169; x_wconf 84' lang='grc' dir='ltr'>ἀνεξίκακον,</span> 
     </span>
    </p>
   </div>
   <div class='ocr_carea' id='block_1_78' title="bbox 2110 2189 3684 2265">
    <p class='ocr_par' dir='ltr' id='par_1_78' title="bbox 2110 2189 3684 2265">
     <span class='ocr_line' id='line_1_78' title="bbox 2110 2189 3684 2265; baseline 0.003 -24"><span class='ocrx_word' id='word_1_612' title='bbox 2110 2189 2173 2241; x_wconf 89' lang='lat'>16</span> <span class='ocrx_word' id='word_1_613' title='bbox 2194 2189 2486 2260; x_wconf 88' lang='grc' dir='ltr'>ἀόργητον,</span> <span class='ocrx_word' id='word_1_614' title='bbox 2513 2189 2578 2243; x_wconf 90' lang='lat'>16</span> <span class='ocrx_word' id='word_1_615' title='bbox 2604 2189 3006 2262; x_wconf 81' lang='grc' dir='ltr'>φιλάνθρωπον,</span> <span class='ocrx_word' id='word_1_616' title='bbox 3040 2192 3101 2244; x_wconf 90' lang='lat'>16</span> <span class='ocrx_word' id='word_1_617' title='bbox 3128 2193 3410 2261; x_wconf 83' lang='grc' dir='ltr'>νηπτικδν,</span> <span class='ocrx_word' id='word_1_618' title='bbox 3434 2191 3495 2246; x_wconf 90' lang='lat'>16</span> <span class='ocrx_word' id='word_1_619' title='bbox 3515 2210 3684 2265; x_wconf 86' lang='grc' dir='ltr'>προσ-</span> 
     </span>
    </p>
   </div>
   <div class='ocr_carea' id='block_1_79' title="bbox 2112 2279 3681 2354">
    <p class='ocr_par' dir='ltr' id='par_1_79' title="bbox 2112 2279 3681 2354">
     <span class='ocr_line' id='line_1_79' title="bbox 2112 2279 3681 2354; baseline 0.004 -22"><span class='ocrx_word' id='word_1_620' title='bbox 2112 2279 2329 2333; x_wconf 85' lang='grc' dir='ltr'>εκτικόν</span> <span class='ocrx_word' id='word_1_621' title='bbox 2363 2296 2379 2345; x_wconf 87' lang='grc'>;</span> <span class='ocrx_word' id='word_1_622' title='bbox 2401 2280 2587 2334; x_wconf 90' lang='grc' dir='ltr'>Πάντα</span> <span class='ocrx_word' id='word_1_623' title='bbox 2610 2280 2786 2335; x_wconf 79' lang='grc' dir='ltr'>ταῦτα</span> <span class='ocrx_word' id='word_1_624' title='bbox 2801 2281 2909 2335; x_wconf 82' lang='grc' dir='ltr'>ἀπὸ</span> <span class='ocrx_word' id='word_1_625' title='bbox 2930 2283 3429 2354; x_wconf 88' lang='grc' dir='ltr'>ταπεινοφροσύνης</span> <span class='ocrx_word' id='word_1_626' title='bbox 3443 2284 3510 2338; x_wconf 82' lang='grc' dir='ltr'>τὰ</span> <span class='ocrx_word' id='word_1_627' title='bbox 3527 2284 3681 2349; x_wconf 74' lang='grc' dir='ltr'>καλὰ,</span> 
     </span>
    </p>
   </div>
   <div class='ocr_carea' id='block_1_80' title="bbox 2115 2370 3688 2445">
    <p class='ocr_par' dir='ltr' id='par_1_80' title="bbox 2115 2370 3688 2445">
     <span class='ocr_line' id='line_1_80' title="bbox 2115 2370 3688 2445; baseline 0.002 -21"><span class='ocrx_word' id='word_1_628' title='bbox 2115 2370 2209 2424; x_wconf 82' lang='grc' dir='ltr'>καὶ</span> <span class='ocrx_word' id='word_1_629' title='bbox 2255 2370 2324 2424; x_wconf 81' lang='grc' dir='ltr'>τά</span> <span class='ocrx_word' id='word_1_630' title='bbox 2374 2370 2591 2424; x_wconf 66' lang='grc' dir='ltr'>ἐναντία</span> <span class='ocrx_word' id='word_1_631' title='bbox 2629 2370 2739 2424; x_wconf 84' lang='grc' dir='ltr'>ἀπὸ</span> <span class='ocrx_word' id='word_1_632' title='bbox 2771 2371 2872 2441; x_wconf 86' lang='grc' dir='ltr'>τῆς</span> <span class='ocrx_word' id='word_1_633' title='bbox 2904 2372 3183 2436; x_wconf 87' lang='grc' dir='ltr'>ἀπονοίας.</span> <span class='ocrx_word' id='word_1_634' title='bbox 3200 2373 3436 2442; x_wconf 82' lang='grc' dir='ltr'>Ἀνάγκη</span> <span class='ocrx_word' id='word_1_635' title='bbox 3467 2376 3574 2445; x_wconf 85' lang='grc' dir='ltr'>γὰρ</span> <span class='ocrx_word' id='word_1_636' title='bbox 3598 2374 3688 2428; x_wconf 88' lang='lat' dir='ltr'><strong>16v</strong></span> 
     </span>
    </p>
   </div>
   <div class='ocr_carea' id='block_1_81' title="bbox 2114 2457 3686 2534">
    <p class='ocr_par' dir='ltr' id='par_1_81' title="bbox 2114 2457 3686 2534">
     <span class='ocr_line' id='line_1_81' title="bbox 2114 2457 3686 2534; baseline 0.003 -21"><span class='ocrx_word' id='word_1_637' title='bbox 2114 2460 2351 2514; x_wconf 87' lang='grc' dir='ltr'>τοιοῦτον</span> <span class='ocrx_word' id='word_1_638' title='bbox 2372 2460 2466 2514; x_wconf 75' lang='grc' dir='ltr'>καὶ</span> <span class='ocrx_word' id='word_1_639' title='bbox 2488 2460 2746 2533; x_wconf 83' lang='grc' dir='ltr'>ὑϐριστὴν</span> <span class='ocrx_word' id='word_1_640' title='bbox 2765 2457 2924 2525; x_wconf 78' lang='grc' dir='ltr'>εῖναι,</span> <span class='ocrx_word' id='word_1_641' title='bbox 2941 2462 3034 2515; x_wconf 78' lang='grc' dir='ltr'>καὶ</span> <span class='ocrx_word' id='word_1_642' title='bbox 3063 2462 3311 2533; x_wconf 83' lang='grc' dir='ltr'>πλήκτην</span> <span class='ocrx_word' id='word_1_643' title='bbox 3327 2465 3420 2517; x_wconf 80' lang='grc' dir='ltr'>καὶ</span> <span class='ocrx_word' id='word_1_644' title='bbox 3449 2465 3686 2534; x_wconf 79' lang='grc' dir='ltr'>ὀργίλον,</span> 
     </span>
    </p>
   </div>
   <div class='ocr_carea' id='block_1_82' title="bbox 2115 2553 3687 2627">
    <p class='ocr_par' dir='ltr' id='par_1_82' title="bbox 2115 2553 3687 2627">
     <span class='ocr_line' id='line_1_82' title="bbox 2115 2553 3687 2627; baseline 0.002 -20"><span class='ocrx_word' id='word_1_645' title='bbox 2115 2553 2213 2607; x_wconf 75' lang='grc' dir='ltr'>καὶ</span> <span class='ocrx_word' id='word_1_646' title='bbox 2229 2553 2443 2622; x_wconf 83' lang='grc' dir='ltr'>πικρὸν,</span> <span class='ocrx_word' id='word_1_647' title='bbox 2462 2554 2554 2608; x_wconf 80' lang='lat' dir='ltr'><strong><em>xal</em></strong></span> <span class='ocrx_word' id='word_1_648' title='bbox 2569 2553 2881 2624; x_wconf 72' lang='grc' dir='ltr'>ἀμειδῆ,καὶ</span> <span class='ocrx_word' id='word_1_649' title='bbox 2894 2553 3078 2624; x_wconf 84' lang='grc' dir='ltr'>θηρίον</span> <span class='ocrx_word' id='word_1_650' title='bbox 3098 2554 3315 2624; x_wconf 80' lang='grc' dir='ltr'>μᾶλλον,</span> <span class='ocrx_word' id='word_1_651' title='bbox 3332 2555 3365 2626; x_wconf 76' lang='grc' dir='ltr'>ἢ</span> <span class='ocrx_word' id='word_1_652' title='bbox 3383 2555 3687 2627; x_wconf 74' lang='grc' dir='ltr'>ἄνθρωπον.</span> 
     </span>
    </p>
   </div>
   <div class='ocr_carea' id='block_1_83' title="bbox 2126 2638 3693 2714">
    <p class='ocr_par' dir='ltr' id='par_1_83' title="bbox 2126 2638 3693 2714">
     <span class='ocr_line' id='line_1_83' title="bbox 2126 2638 3693 2714; baseline 0.003 -19"><span class='ocrx_word' id='word_1_653' title='bbox 2126 2642 2366 2712; x_wconf 79' lang='grc' dir='ltr'>’ἰσχυρὸς</span> <span class='ocrx_word' id='word_1_654' title='bbox 2394 2638 2475 2707; x_wconf 81' lang='grc' dir='ltr'>εί,</span> <span class='ocrx_word' id='word_1_655' title='bbox 2503 2642 2599 2695; x_wconf 78' lang='grc' dir='ltr'>καὶ</span> <span class='ocrx_word' id='word_1_656' title='bbox 2651 2642 2795 2713; x_wconf 88' lang='grc' dir='ltr'>μέγα</span> <span class='ocrx_word' id='word_1_657' title='bbox 2825 2646 3077 2714; x_wconf 84' lang='grc' dir='ltr'>φρονεῖς;</span> <span class='ocrx_word' id='word_1_658' title='bbox 3123 2644 3333 2698; x_wconf 83' lang='grc' dir='ltr'>Οὐκοῦν</span> <span class='ocrx_word' id='word_1_659' title='bbox 3355 2685 3370 2710; x_wconf 93' lang='grc'>,</span> <span class='ocrx_word' id='word_1_660' title='bbox 3403 2645 3490 2699; x_wconf 80' lang='grc' dir='ltr'>διὰ</span> <span class='ocrx_word' id='word_1_661' title='bbox 3531 2645 3693 2700; x_wconf 86' lang='grc' dir='ltr'>τοῦτο</span> 
     </span>
    </p>
   </div>
   <div class='ocr_carea' id='block_1_84' title="bbox 2119 2733 3687 2807">
    <p class='ocr_par' dir='ltr' id='par_1_84' title="bbox 2119 2733 3687 2807">
     <span class='ocr_line' id='line_1_84' title="bbox 2119 2733 3687 2807; baseline 0.001 -18"><span class='ocrx_word' id='word_1_662' title='bbox 2119 2734 2318 2806; x_wconf 79' lang='grc' dir='ltr'>μᾶλλον</span> <span class='ocrx_word' id='word_1_663' title='bbox 2369 2733 2605 2803; x_wconf 82' lang='grc' dir='ltr'>ὀφείλεις</span> <span class='ocrx_word' id='word_1_664' title='bbox 2643 2735 3032 2789; x_wconf 72' lang='grc' dir='ltr'>ταπεινοῦσθαι</span> <span class='ocrx_word' id='word_1_665' title='bbox 3052 2753 3063 2763; x_wconf 93' lang='grc'><strong>·</strong></span> <span class='ocrx_word' id='word_1_666' title='bbox 3088 2735 3179 2789; x_wconf 84' lang='grc' dir='ltr'>διά</span> <span class='ocrx_word' id='word_1_667' title='bbox 3208 2736 3261 2789; x_wconf 91' lang='grc' dir='ltr'>τί</span> <span class='ocrx_word' id='word_1_668' title='bbox 3286 2738 3380 2790; x_wconf 72' lang='grc' dir='ltr'>ἐπὶ</span> <span class='ocrx_word' id='word_1_669' title='bbox 3401 2738 3687 2807; x_wconf 81' lang='grc' dir='ltr'>πράγματι</span> 
     </span>
    </p>
   </div>
   <div class='ocr_carea' id='block_1_85' title="bbox 2118 2824 3691 2898">
    <p class='ocr_par' dir='ltr' id='par_1_85' title="bbox 2118 2824 3691 2898">
     <span class='ocr_line' id='line_1_85' title="bbox 2118 2824 3691 2898; baseline 0.002 -21"><span class='ocrx_word' id='word_1_670' title='bbox 2118 2825 2261 2895; x_wconf 85' lang='grc' dir='ltr'>μέγα</span> <span class='ocrx_word' id='word_1_671' title='bbox 2290 2828 2505 2895; x_wconf 88' lang='grc' dir='ltr'>φρονεῖς</span> <span class='ocrx_word' id='word_1_672' title='bbox 2533 2824 2845 2896; x_wconf 76' lang='grc' dir='ltr'>οὑδαμινῷς</span> <span class='ocrx_word' id='word_1_673' title='bbox 2876 2825 2986 2877; x_wconf 86' lang='lat' dir='ltr'>Kal</span> <span class='ocrx_word' id='word_1_674' title='bbox 3012 2824 3122 2895; x_wconf 81' lang='grc' dir='ltr'>γὰρ</span> <span class='ocrx_word' id='word_1_675' title='bbox 3147 2825 3242 2878; x_wconf 79' lang='grc' dir='ltr'>καὶ</span> <span class='ocrx_word' id='word_1_676' title='bbox 3275 2827 3412 2880; x_wconf 85' lang='grc' dir='ltr'>λέων</span> <span class='ocrx_word' id='word_1_677' title='bbox 3446 2826 3540 2880; x_wconf 91' lang='grc' dir='ltr'>σοῦ</span> <span class='ocrx_word' id='word_1_678' title='bbox 3560 2826 3691 2898; x_wconf 71' lang='grc' dir='ltr'>θρα-ν</span> 
     </span>
    </p>
   </div>
   <div class='ocr_carea' id='block_1_86' title="bbox 2116 2909 3690 2988">
    <p class='ocr_par' dir='ltr' id='par_1_86' title="bbox 2116 2909 3690 2988">
     <span class='ocr_line' id='line_1_86' title="bbox 2116 2909 3690 2988; baseline 0.003 -22"><span class='ocrx_word' id='word_1_679' title='bbox 2116 2914 2359 2983; x_wconf 82' lang='grc' dir='ltr'>σύτερος,</span> <span class='ocrx_word' id='word_1_680' title='bbox 2391 2914 2486 2968; x_wconf 75' lang='grc' dir='ltr'>καὶ</span> <span class='ocrx_word' id='word_1_681' title='bbox 2501 2909 2563 2977; x_wconf 76' lang='grc' dir='ltr'>ὗς</span> <span class='ocrx_word' id='word_1_682' title='bbox 2586 2914 2950 2985; x_wconf 75' lang='grc' dir='ltr'>ἰσχυρότερος,</span> <span class='ocrx_word' id='word_1_683' title='bbox 2982 2916 3075 2967; x_wconf 79' lang='grc' dir='ltr'>καὶ</span> <span class='ocrx_word' id='word_1_684' title='bbox 3101 2914 3222 2969; x_wconf 84' lang='grc' dir='ltr'>οὑδὲ</span> <span class='ocrx_word' id='word_1_685' title='bbox 3249 2916 3448 2986; x_wconf 77' lang='grc' dir='ltr'>κώνωψ</span> <span class='ocrx_word' id='word_1_686' title='bbox 3480 2914 3530 2971; x_wconf 81' lang='grc' dir='ltr'>εἷ</span> <span class='ocrx_word' id='word_1_687' title='bbox 3555 2919 3690 2988; x_wconf 63' lang='grc' dir='ltr'>πρὸς</span> 
     </span>
    </p>
   </div>
   <div class='ocr_carea' id='block_1_87' title="bbox 2116 3004 3691 3081">
    <p class='ocr_par' dir='ltr' id='par_1_87' title="bbox 2116 3004 3691 3081">
     <span class='ocr_line' id='line_1_87' title="bbox 2116 3004 3691 3081; baseline 0.004 -22"><span class='ocrx_word' id='word_1_688' title='bbox 2116 3004 2314 3067; x_wconf 87' lang='grc' dir='ltr'>αὑτούς</span> <span class='ocrx_word' id='word_1_689' title='bbox 2336 3021 2349 3034; x_wconf 69' lang='grc'><strong>⁸</strong></span> <span class='ocrx_word' id='word_1_690' title='bbox 2381 3005 2473 3057; x_wconf 65' lang='grc' dir='ltr'>καὶ¹</span> <span class='ocrx_word' id='word_1_691' title='bbox 2498 3005 2694 3077; x_wconf 73' lang='grc' dir='ltr'>λῃσταὶ</span> <span class='ocrx_word' id='word_1_692' title='bbox 2718 3006 2778 3059; x_wconf 84' lang='grc' dir='ltr'>δὲ</span> <span class='ocrx_word' id='word_1_693' title='bbox 2801 3006 2894 3059; x_wconf 74' lang='grc' dir='ltr'>καὶ</span> <span class='ocrx_word' id='word_1_694' title='bbox 2914 3007 3264 3079; x_wconf 88' lang='grc' dir='ltr'>τυμϐωρύχοι</span> <span class='ocrx_word' id='word_1_695' title='bbox 3313 3012 3404 3063; x_wconf 70' lang='grc' dir='ltr'>καὶ</span> <span class='ocrx_word' id='word_1_696' title='bbox 3454 3012 3691 3081; x_wconf 78' lang='grc' dir='ltr'>μονομάο</span> 
     </span>
    </p>
   </div>
   <div class='ocr_carea' id='block_1_88' title="bbox 2116 3096 3691 3169">
    <p class='ocr_par' dir='ltr' id='par_1_88' title="bbox 2116 3096 3691 3169">
     <span class='ocr_line' id='line_1_88' title="bbox 2116 3096 3691 3169; baseline 0.004 -22"><span class='ocrx_word' id='word_1_697' title='bbox 2116 3112 2201 3166; x_wconf 85' lang='grc' dir='ltr'>χοι</span> <span class='ocrx_word' id='word_1_698' title='bbox 2230 3096 2323 3149; x_wconf 71' lang='grc' dir='ltr'>κα)⁸</span> <span class='ocrx_word' id='word_1_699' title='bbox 2355 3096 2406 3148; x_wconf 84' lang='grc' dir='ltr'>οί</span> <span class='ocrx_word' id='word_1_700' title='bbox 2448 3096 2658 3149; x_wconf 78' lang='grc' dir='ltr'>οἰκέται</span> <span class='ocrx_word' id='word_1_701' title='bbox 2684 3098 2733 3148; x_wconf 85' lang='grc' dir='ltr'>οἱ</span> <span class='ocrx_word' id='word_1_702' title='bbox 2767 3096 2871 3161; x_wconf 86' lang='grc' dir='ltr'>σοὶ,</span> <span class='ocrx_word' id='word_1_703' title='bbox 2922 3099 3015 3150; x_wconf 81' lang='grc' dir='ltr'>καὶ</span> <span class='ocrx_word' id='word_1_704' title='bbox 3046 3098 3175 3161; x_wconf 83' lang='grc' dir='ltr'>ἴσως</span> <span class='ocrx_word' id='word_1_705' title='bbox 3212 3100 3262 3151; x_wconf 87' lang='grc' dir='ltr'>οῖ</span> <span class='ocrx_word' id='word_1_706' title='bbox 3287 3100 3691 3169; x_wconf 83' lang='grc' dir='ltr'>ἀγνωμονέστε-</span> 
     </span>
    </p>
   </div>
   <div class='ocr_carea' id='block_1_89' title="bbox 2118 3182 3691 3257">
    <p class='ocr_par' dir='ltr' id='par_1_89' title="bbox 2118 3182 3691 3257">
     <span class='ocr_line' id='line_1_89' title="bbox 2118 3182 3691 3257; baseline 0.006 -21"><span class='ocrx_word' id='word_1_707' title='bbox 2118 3203 2224 3255; x_wconf 88' lang='grc' dir='ltr'>ροι,</span> <span class='ocrx_word' id='word_1_708' title='bbox 2260 3186 2595 3257; x_wconf 79' lang='grc' dir='ltr'>ἰσχυρότεροί</span> <span class='ocrx_word' id='word_1_709' title='bbox 2620 3204 2735 3241; x_wconf 89' lang='grc' dir='ltr'>σου.</span> <span class='ocrx_word' id='word_1_710' title='bbox 2770 3186 2941 3239; x_wconf 88' lang='grc' dir='ltr'>Τοῦτο</span> <span class='ocrx_word' id='word_1_711' title='bbox 2966 3182 3060 3241; x_wconf 74' lang='grc' dir='ltr'>οὗν</span> <span class='ocrx_word' id='word_1_712' title='bbox 3096 3188 3245 3252; x_wconf 83' lang='grc' dir='ltr'>ἀξιον</span> <span class='ocrx_word' id='word_1_713' title='bbox 3282 3191 3543 3256; x_wconf 81' lang='grc' dir='ltr'>έπαίνου;</span> <span class='ocrx_word' id='word_1_714' title='bbox 3583 3194 3691 3245; x_wconf 74' lang='grc' dir='ltr'>Καὶ</span> 
     </span>
    </p>
   </div>
   <div class='ocr_carea' id='block_1_90' title="bbox 2117 3274 3689 3352">
    <p class='ocr_par' dir='ltr' id='par_1_90' title="bbox 2117 3274 3689 3352">
     <span class='ocr_line' id='line_1_90' title="bbox 2117 3274 3689 3352; baseline 0.005 -25"><span class='ocrx_word' id='word_1_715' title='bbox 2117 3274 2177 3327; x_wconf 92' lang='lat'><strong>06</strong></span> <span class='ocrx_word' id='word_1_716' title='bbox 2233 3274 2587 3346; x_wconf 89' lang='grc' dir='ltr'>κατορύττεις</span> <span class='ocrx_word' id='word_1_717' title='bbox 2650 3277 2870 3339; x_wconf 80' lang='grc' dir='ltr'>σαυτὸν,</span> <span class='ocrx_word' id='word_1_718' title='bbox 2902 3277 2996 3330; x_wconf 78' lang='grc' dir='ltr'>ἐπὶ</span> <span class='ocrx_word' id='word_1_719' title='bbox 3028 3278 3203 3349; x_wconf 85' lang='grc' dir='ltr'>τούτῳ</span> <span class='ocrx_word' id='word_1_720' title='bbox 3234 3279 3377 3348; x_wconf 82' lang='grc' dir='ltr'>μέγα</span> <span class='ocrx_word' id='word_1_721' title='bbox 3422 3282 3641 3352; x_wconf 81' lang='grc' dir='ltr'>φρονῶν</span> <span class='ocrx_word' id='word_1_722' title='bbox 3674 3302 3689 3349; x_wconf 89' lang='grc'>;</span> 
     </span>
    </p>
   </div>
   <div class='ocr_carea' id='block_1_91' title="bbox 2132 3362 3689 3443">
    <p class='ocr_par' dir='ltr' id='par_1_91' title="bbox 2132 3362 3689 3443">
     <span class='ocr_line' id='line_1_91' title="bbox 2132 3362 3689 3443; baseline 0.006 -26"><span class='ocrx_word' id='word_1_723' title='bbox 2132 3365 2293 3418; x_wconf 86' lang='grc' dir='ltr'>Ἀλλά</span> <span class='ocrx_word' id='word_1_724' title='bbox 2336 3365 2499 3429; x_wconf 75' lang='grc' dir='ltr'>καλὸς</span> <span class='ocrx_word' id='word_1_725' title='bbox 2549 3362 2600 3419; x_wconf 79' lang='grc' dir='ltr'>εἴ</span> <span class='ocrx_word' id='word_1_726' title='bbox 2626 3368 2719 3420; x_wconf 79' lang='grc' dir='ltr'>καὶ</span> <span class='ocrx_word' id='word_1_727' title='bbox 2740 3368 2939 3436; x_wconf 83' lang='grc' dir='ltr'>ὡραῖος</span> <span class='ocrx_word' id='word_1_728' title='bbox 2961 3385 2976 3434; x_wconf 88' lang='grc'><strong>;</strong></span> <span class='ocrx_word' id='word_1_729' title='bbox 3005 3369 3274 3439; x_wconf 83' lang='grc' dir='ltr'>Κορωνῶν</span> <span class='ocrx_word' id='word_1_730' title='bbox 3304 3371 3365 3424; x_wconf 84' lang='lat'>16</span> <span class='ocrx_word' id='word_1_731' title='bbox 3384 3371 3651 3443; x_wconf 84' lang='grc' dir='ltr'>καύχημα</span> <span class='ocrx_word' id='word_1_732' title='bbox 3677 3393 3689 3405; x_wconf 92' lang='grc'><strong>·</strong></span> 
     </span>
    </p>
   </div>
   <div class='ocr_carea' id='block_1_92' title="bbox 2117 3453 3693 3527">
    <p class='ocr_par' dir='ltr' id='par_1_92' title="bbox 2117 3453 3693 3527">
     <span class='ocr_line' id='line_1_92' title="bbox 2117 3453 3693 3527; baseline 0.007 -18"><span class='ocrx_word' id='word_1_733' title='bbox 2117 3458 2218 3510; x_wconf 79' lang='grc' dir='ltr'>οὐκ</span> <span class='ocrx_word' id='word_1_734' title='bbox 2272 3453 2321 3510; x_wconf 74' lang='grc' dir='ltr'>εἷ</span> <span class='ocrx_word' id='word_1_735' title='bbox 2378 3458 2473 3510; x_wconf 90' lang='grc' dir='ltr'>τοῦ</span> <span class='ocrx_word' id='word_1_736' title='bbox 2516 3458 2630 3511; x_wconf 88' lang='grc' dir='ltr'>ταῶ</span> <span class='ocrx_word' id='word_1_737' title='bbox 2659 3460 2914 3525; x_wconf 76' lang='grc' dir='ltr'>καλλίων,</span> <span class='ocrx_word' id='word_1_738' title='bbox 2969 3462 3088 3515; x_wconf 78' lang='grc' dir='ltr'>οὑδὲ</span> <span class='ocrx_word' id='word_1_739' title='bbox 3137 3463 3331 3527; x_wconf 78' lang='grc' dir='ltr'>ἄνθους</span> <span class='ocrx_word' id='word_1_740' title='bbox 3362 3464 3549 3518; x_wconf 73' lang='grc' dir='ltr'>ἕνεκεν</span> <span class='ocrx_word' id='word_1_741' title='bbox 3571 3467 3693 3520; x_wconf 70' lang='grc' dir='ltr'>οὐδὲ</span> 
     </span>
    </p>
   </div>
   <div class='ocr_carea' id='block_1_93' title="bbox 2119 3548 3695 3628">
    <p class='ocr_par' dir='ltr' id='par_1_93' title="bbox 2119 3548 3695 3628">
     <span class='ocr_line' id='line_1_93' title="bbox 2119 3548 3695 3628; baseline 0.006 -27"><span class='ocrx_word' id='word_1_742' title='bbox 2119 3548 2336 3619; x_wconf 78' lang='grc' dir='ltr'>πτερῶν</span> <span class='ocrx_word' id='word_1_743' title='bbox 2369 3566 2383 3581; x_wconf 82' lang='grc'><strong><em>-</em></strong></span> <span class='ocrx_word' id='word_1_744' title='bbox 2420 3552 2478 3602; x_wconf 80' lang='grc' dir='ltr'>ἐν</span> <span class='ocrx_word' id='word_1_745' title='bbox 2510 3553 2624 3614; x_wconf 85' lang='grc' dir='ltr'>τοῖς</span> <span class='ocrx_word' id='word_1_746' title='bbox 2654 3549 2746 3603; x_wconf 88' lang='grc' dir='ltr'>τοῦ</span> <span class='ocrx_word' id='word_1_747' title='bbox 2783 3550 2997 3623; x_wconf 75' lang='grc' dir='ltr'>ὄρνιθος</span> <span class='ocrx_word' id='word_1_748' title='bbox 3037 3555 3070 3623; x_wconf 87' lang='grc' dir='ltr'>ή</span> <span class='ocrx_word' id='word_1_749' title='bbox 3112 3553 3236 3625; x_wconf 85' lang='grc' dir='ltr'>νίκη</span> <span class='ocrx_word' id='word_1_750' title='bbox 3261 3571 3274 3583; x_wconf 87' lang='grc'><strong>·</strong></span> <span class='ocrx_word' id='word_1_751' title='bbox 3309 3555 3442 3609; x_wconf 86' lang='grc' dir='ltr'>πολύ</span> <span class='ocrx_word' id='word_1_752' title='bbox 3466 3572 3525 3609; x_wconf 91' lang='grc' dir='ltr'>σε</span> <span class='ocrx_word' id='word_1_753' title='bbox 3555 3575 3695 3628; x_wconf 86' lang='grc' dir='ltr'>παρ-</span> 
     </span>
    </p>
   </div>
   <div class='ocr_carea' id='block_1_94' title="bbox 2120 3639 3693 3718">
    <p class='ocr_par' dir='ltr' id='par_1_94' title="bbox 2120 3639 3693 3718">
     <span class='ocr_line' id='line_1_94' title="bbox 2120 3639 3693 3718; baseline 0.007 -27"><span class='ocrx_word' id='word_1_754' title='bbox 2120 3639 2333 3694; x_wconf 89' lang='grc' dir='ltr'>ελαύνει</span> <span class='ocrx_word' id='word_1_755' title='bbox 2361 3643 2426 3712; x_wconf 79' lang='grc' dir='ltr'>τῇ</span> <span class='ocrx_word' id='word_1_756' title='bbox 2458 3641 2604 3714; x_wconf 84' lang='grc' dir='ltr'>κόμῃ</span> <span class='ocrx_word' id='word_1_757' title='bbox 2623 3682 2638 3707; x_wconf 89' lang='grc'>,</span> <span class='ocrx_word' id='word_1_758' title='bbox 2664 3642 2742 3713; x_wconf 81' lang='grc' dir='ltr'>τῷ</span> <span class='ocrx_word' id='word_1_759' title='bbox 2779 3641 2951 3696; x_wconf 75' lang='grc' dir='ltr'>ἄνθει.</span> <span class='ocrx_word' id='word_1_760' title='bbox 2995 3644 3103 3697; x_wconf 88' lang='lat' dir='ltr'>Kal</span> <span class='ocrx_word' id='word_1_761' title='bbox 3123 3646 3152 3698; x_wconf 89' lang='lat'>6</span> <span class='ocrx_word' id='word_1_762' title='bbox 3181 3645 3377 3710; x_wconf 80' lang='grc' dir='ltr'>κύκνος</span> <span class='ocrx_word' id='word_1_763' title='bbox 3405 3646 3461 3701; x_wconf 82' lang='grc' dir='ltr'>δὲ</span> <span class='ocrx_word' id='word_1_764' title='bbox 3487 3649 3693 3718; x_wconf 82' lang='grc' dir='ltr'>σφόδρα</span> 
     </span>
    </p>
   </div>
   <div class='ocr_carea' id='block_1_95' title="bbox 2120 3731 3695 3807">
    <p class='ocr_par' dir='ltr' id='par_1_95' title="bbox 2120 3731 3695 3807">
     <span class='ocr_line' id='line_1_95' title="bbox 2120 3731 3695 3807; baseline 0.004 -23"><span class='ocrx_word' id='word_1_765' title='bbox 2120 3731 2237 3784; x_wconf 76' lang='grc' dir='ltr'>ἐστὶ</span> <span class='ocrx_word' id='word_1_766' title='bbox 2271 3731 2456 3798; x_wconf 85' lang='grc' dir='ltr'>καλὸς,</span> <span class='ocrx_word' id='word_1_767' title='bbox 2477 3732 2569 3785; x_wconf 72' lang='grc' dir='ltr'>καὶ</span> <span class='ocrx_word' id='word_1_768' title='bbox 2607 3731 2791 3785; x_wconf 74' lang='grc' dir='ltr'>πολλοὶ</span> <span class='ocrx_word' id='word_1_769' title='bbox 2817 3732 2927 3807; x_wconf 79' lang='grc' dir='ltr'>τῶν</span> <span class='ocrx_word' id='word_1_770' title='bbox 2962 3732 3190 3805; x_wconf 85' lang='grc' dir='ltr'>ὀρνίθων</span> <span class='ocrx_word' id='word_1_771' title='bbox 3220 3734 3416 3807; x_wconf 73' lang='grc' dir='ltr'>ἕτεροι,</span> <span class='ocrx_word' id='word_1_772' title='bbox 3442 3736 3575 3806; x_wconf 88' lang='grc' dir='ltr'>πρὸς</span> <span class='ocrx_word' id='word_1_773' title='bbox 3599 3736 3695 3800; x_wconf 83' lang='grc' dir='ltr'>οὓς</span> 
     </span>
    </p>
   </div>
   <div class='ocr_carea' id='block_1_96' title="bbox 2120 3806 3696 3893">
    <p class='ocr_par' dir='ltr' id='par_1_96' title="bbox 2120 3806 3696 3893">
     <span class='ocr_line' id='line_1_96' title="bbox 2120 3806 3696 3893; baseline 0.004 -20"><span class='ocrx_word' id='word_1_774' title='bbox 2120 3822 2168 3874; x_wconf 91' lang='grc' dir='ltr'>εί</span> <span class='ocrx_word' id='word_1_775' title='bbox 2202 3820 2634 3893; x_wconf 87' lang='grc' dir='ltr'>παραϐληθείης,</span> <span class='ocrx_word' id='word_1_776' title='bbox 2661 3820 2814 3876; x_wconf 83' lang='grc' dir='ltr'>οὐδὲν</span> <span class='ocrx_word' id='word_1_777' title='bbox 2838 3806 2963 3893; x_wconf 68' lang='grc' dir='ltr'>δψει</span> <span class='ocrx_word' id='word_1_778' title='bbox 2988 3825 3205 3879; x_wconf 86' lang='grc' dir='ltr'>σαυτόν.</span> <span class='ocrx_word' id='word_1_779' title='bbox 3229 3806 3495 3890; x_wconf 84' lang='grc' dir='ltr'>Πολλάκις</span> <span class='ocrx_word' id='word_1_780' title='bbox 3517 3827 3573 3880; x_wconf 84' lang='grc' dir='ltr'>δὲ</span> <span class='ocrx_word' id='word_1_781' title='bbox 3603 3830 3696 3881; x_wconf 79' lang='grc' dir='ltr'>καὶ</span> 
     </span>
    </p>
   </div>
   <div class='ocr_carea' id='block_1_97' title="bbox 2122 3914 3694 3990">
    <p class='ocr_par' dir='ltr' id='par_1_97' title="bbox 2122 3914 3694 3990">
     <span class='ocr_line' id='line_1_97' title="bbox 2122 3914 3694 3990; baseline 0.004 -23"><span class='ocrx_word' id='word_1_782' title='bbox 2122 3914 2310 3968; x_wconf 87' lang='grc' dir='ltr'>παιδία</span> <span class='ocrx_word' id='word_1_783' title='bbox 2331 3915 2543 3983; x_wconf 84' lang='grc' dir='ltr'>εύτελῆ,</span> <span class='ocrx_word' id='word_1_784' title='bbox 2581 3916 2676 3969; x_wconf 79' lang='grc' dir='ltr'>καὶ</span> <span class='ocrx_word' id='word_1_785' title='bbox 2718 3916 2882 3987; x_wconf 89' lang='grc' dir='ltr'>κόραι</span> <span class='ocrx_word' id='word_1_786' title='bbox 2911 3918 3281 3990; x_wconf 86' lang='grc' dir='ltr'>ἀπειρόγαμοι</span> <span class='ocrx_word' id='word_1_787' title='bbox 3304 3957 3316 3983; x_wconf 87' lang='grc'>,</span> <span class='ocrx_word' id='word_1_788' title='bbox 3343 3921 3439 3974; x_wconf 76' lang='grc' dir='ltr'>καὶ</span> <span class='ocrx_word' id='word_1_789' title='bbox 3496 3921 3694 3990; x_wconf 88' lang='grc' dir='ltr'>πόρναι</span> 
     </span>
    </p>
   </div>
   <div class='ocr_carea' id='block_1_98' title="bbox 2121 4007 3696 4080">
    <p class='ocr_par' dir='ltr' id='par_1_98' title="bbox 2121 4007 3696 4080">
     <span class='ocr_line' id='line_1_98' title="bbox 2121 4007 3696 4080; baseline 0.005 -23"><span class='ocrx_word' id='word_1_790' title='bbox 2121 4007 2402 4073; x_wconf 87' lang='grc' dir='ltr'>γυναῖκες,</span> <span class='ocrx_word' id='word_1_791' title='bbox 2451 4008 2545 4061; x_wconf 75' lang='grc' dir='ltr'>καὶ</span> <span class='ocrx_word' id='word_1_792' title='bbox 2589 4008 2780 4076; x_wconf 80' lang='grc' dir='ltr'>ἄνδρες</span> <span class='ocrx_word' id='word_1_793' title='bbox 2832 4008 3074 4077; x_wconf 68' lang='grc' dir='ltr'>μαλακοὶ</span> <span class='ocrx_word' id='word_1_794' title='bbox 3110 4009 3268 4063; x_wconf 88' lang='grc' dir='ltr'>τοῦτο</span> <span class='ocrx_word' id='word_1_795' title='bbox 3297 4010 3454 4080; x_wconf 78' lang='grc' dir='ltr'>ἔσχον</span> <span class='ocrx_word' id='word_1_796' title='bbox 3476 4013 3535 4064; x_wconf 75' lang='grc' dir='ltr'>τὸ</span> <span class='ocrx_word' id='word_1_797' title='bbox 3565 4012 3696 4065; x_wconf 78' lang='grc' dir='ltr'>καύ-</span> 
     </span>
    </p>
   </div>
   <div class='ocr_carea' id='block_1_99' title="bbox 2122 4092 3114 4167">
    <p class='ocr_par' dir='ltr' id='par_1_99' title="bbox 2122 4092 3114 4167">
     <span class='ocr_line' id='line_1_99' title="bbox 2122 4092 3114 4167; baseline 0.003 -19"><span class='ocrx_word' id='word_1_798' title='bbox 2122 4114 2188 4167; x_wconf 85' lang='grc' dir='ltr'>χη</span> <span class='ocrx_word' id='word_1_799' title='bbox 2199 4113 2295 4166; x_wconf 87' lang='grc' dir='ltr'>μα.</span> <span class='ocrx_word' id='word_1_800' title='bbox 2321 4096 2490 4148; x_wconf 82' lang='grc' dir='ltr'>Τοῦτο</span> <span class='ocrx_word' id='word_1_801' title='bbox 2510 4092 2604 4149; x_wconf 76' lang='grc' dir='ltr'>οὖν</span> <span class='ocrx_word' id='word_1_802' title='bbox 2632 4096 2788 4161; x_wconf 80' lang='grc' dir='ltr'>ἀξιον</span> <span class='ocrx_word' id='word_1_803' title='bbox 2812 4097 3069 4160; x_wconf 83' lang='grc' dir='ltr'>ἀπονοίας</span> <span class='ocrx_word' id='word_1_804' title='bbox 3093 4117 3114 4162; x_wconf 82' lang='lat'><strong>&#39;,</strong></span> 
     </span>
    </p>
   </div>
   <div class='ocr_carea' id='block_1_100' title="bbox 2194 4187 3694 4262">
    <p class='ocr_par' dir='ltr' id='par_1_100' title="bbox 2194 4187 3694 4262">
     <span class='ocr_line' id='line_1_100' title="bbox 2194 4187 3694 4262; baseline 0.001 -19"><span class='ocrx_word' id='word_1_805' title='bbox 2194 4196 2269 4254; x_wconf 78' lang='grc' dir='ltr'>ς’.</span> <span class='ocrx_word' id='word_1_806' title='bbox 2300 4188 2460 4241; x_wconf 84' lang='grc' dir='ltr'>Ἀλλά</span> <span class='ocrx_word' id='word_1_807' title='bbox 2476 4187 2741 4254; x_wconf 85' lang='grc' dir='ltr'>πλουτεῖς;</span> <span class='ocrx_word' id='word_1_808' title='bbox 2771 4187 2968 4253; x_wconf 83' lang='grc' dir='ltr'>πόθεν;</span> <span class='ocrx_word' id='word_1_809' title='bbox 2998 4188 3051 4242; x_wconf 91' lang='grc' dir='ltr'>τί</span> <span class='ocrx_word' id='word_1_810' title='bbox 3086 4190 3449 4260; x_wconf 75' lang='grc' dir='ltr'>κεκτημένοςς</span> <span class='ocrx_word' id='word_1_811' title='bbox 3475 4194 3694 4262; x_wconf 80' lang='grc' dir='ltr'>χρυσὸν,</span> 
     </span>
    </p>
   </div>
   <div class='ocr_carea' id='block_1_101' title="bbox 2124 4278 3699 4354">
    <p class='ocr_par' dir='ltr' id='par_1_101' title="bbox 2124 4278 3699 4354">
     <span class='ocr_line' id='line_1_101' title="bbox 2124 4278 3699 4354; baseline 0.003 -20"><span class='ocrx_word' id='word_1_812' title='bbox 2124 4280 2387 4352; x_wconf 76' lang='grc' dir='ltr'>ἄργυρον,</span> <span class='ocrx_word' id='word_1_813' title='bbox 2413 4280 2594 4343; x_wconf 88' lang='grc' dir='ltr'>λίθους</span> <span class='ocrx_word' id='word_1_814' title='bbox 2622 4280 2838 4350; x_wconf 89' lang='grc' dir='ltr'>τιμίους</span> <span class='ocrx_word' id='word_1_815' title='bbox 2862 4297 2877 4344; x_wconf 89' lang='grc'>;</span> <span class='ocrx_word' id='word_1_816' title='bbox 2909 4278 3081 4333; x_wconf 84' lang='grc' dir='ltr'>Τοῦτο</span> <span class='ocrx_word' id='word_1_817' title='bbox 3098 4280 3191 4334; x_wconf 75' lang='grc' dir='ltr'>καὶ</span> <span class='ocrx_word' id='word_1_818' title='bbox 3206 4281 3421 4354; x_wconf 72' lang='grc' dir='ltr'>λῃστῶν</span> <span class='ocrx_word' id='word_1_819' title='bbox 3442 4285 3579 4351; x_wconf 79' lang='grc' dir='ltr'>ἑστι,</span> <span class='ocrx_word' id='word_1_820' title='bbox 3604 4288 3699 4339; x_wconf 74' lang='grc' dir='ltr'>καὶ</span> 
     </span>
    </p>
   </div>
   <div class='ocr_carea' id='block_1_102' title="bbox 2126 4370 3698 4447">
    <p class='ocr_par' dir='ltr' id='par_1_102' title="bbox 2126 4370 3698 4447">
     <span class='ocr_line' id='line_1_102' title="bbox 2126 4370 3698 4447; baseline 0.003 -22"><span class='ocrx_word' id='word_1_821' title='bbox 2126 4372 2464 4442; x_wconf 75' lang='grc' dir='ltr'>ἀνδροφόνων</span> <span class='ocrx_word' id='word_1_822' title='bbox 2495 4371 2556 4424; x_wconf 86' lang='lat'>16</span> <span class='ocrx_word' id='word_1_823' title='bbox 2583 4370 2864 4440; x_wconf 88' lang='grc' dir='ltr'>καύχημα,</span> <span class='ocrx_word' id='word_1_824' title='bbox 2901 4371 3127 4425; x_wconf 74' lang='grc' dir='ltr'>καὶτῶν</span> <span class='ocrx_word' id='word_1_825' title='bbox 3157 4373 3224 4426; x_wconf 69' lang='grc' dir='ltr'>τά</span> <span class='ocrx_word' id='word_1_826' title='bbox 3257 4376 3498 4445; x_wconf 82' lang='grc' dir='ltr'>μέταλλα</span> <span class='ocrx_word' id='word_1_827' title='bbox 3530 4378 3698 4447; x_wconf 68' lang='grc' dir='ltr'>ὲργαο</span> 
     </span>
    </p>
   </div>
   <div class='ocr_carea' id='block_1_103' title="bbox 2128 4460 3699 4530">
    <p class='ocr_par' dir='ltr' id='par_1_103' title="bbox 2128 4460 3699 4530">
     <span class='ocr_line' id='line_1_103' title="bbox 2128 4460 3699 4530; baseline 0.004 -17"><span class='ocrx_word' id='word_1_828' title='bbox 2128 4461 2395 4530; x_wconf 80' lang='grc' dir='ltr'>ζομένων.</span> <span class='ocrx_word' id='word_1_829' title='bbox 2442 4462 2500 4513; x_wconf 87' lang='lat'><strong>&#39;0</strong></span> <span class='ocrx_word' id='word_1_830' title='bbox 2531 4461 2639 4513; x_wconf 86' lang='grc' dir='ltr'>τῶν</span> <span class='ocrx_word' id='word_1_831' title='bbox 2673 4460 2979 4514; x_wconf 79' lang='grc' dir='ltr'>καταδίκων</span> <span class='ocrx_word' id='word_1_832' title='bbox 3020 4461 3382 4525; x_wconf 58' lang='grc' dir='ltr'>πόνοςμτουτί</span> <span class='ocrx_word' id='word_1_833' title='bbox 3438 4482 3519 4518; x_wconf 90' lang='grc' dir='ltr'>σοι</span> <span class='ocrx_word' id='word_1_834' title='bbox 3564 4466 3699 4518; x_wconf 87' lang='grc' dir='ltr'>καύ-</span> 
     </span>
    </p>
   </div>
   <div class='ocr_carea' id='block_1_104' title="bbox 2127 4552 3700 4626">
    <p class='ocr_par' dir='ltr' id='par_1_104' title="bbox 2127 4552 3700 4626">
     <span class='ocr_line' id='line_1_104' title="bbox 2127 4552 3700 4626; baseline 0.006 -22"><span class='ocrx_word' id='word_1_835' title='bbox 2127 4570 2299 4624; x_wconf 84' lang='grc' dir='ltr'>χημα.</span> <span class='ocrx_word' id='word_1_836' title='bbox 2334 4552 2495 4605; x_wconf 78' lang='grc' dir='ltr'>Ἃ).λά</span> <span class='ocrx_word' id='word_1_837' title='bbox 2542 4555 2721 4624; x_wconf 82' lang='grc' dir='ltr'>κοσμῇ</span> <span class='ocrx_word' id='word_1_838' title='bbox 2782 4555 2877 4606; x_wconf 74' lang='grc' dir='ltr'>καὶ</span> <span class='ocrx_word' id='word_1_839' title='bbox 2923 4552 3285 4626; x_wconf 80' lang='grc' dir='ltr'>καλλωπίζῃ;</span> <span class='ocrx_word' id='word_1_840' title='bbox 3339 4557 3449 4611; x_wconf 80' lang='lat' dir='ltr'>Kal</span> <span class='ocrx_word' id='word_1_841' title='bbox 3503 4560 3700 4623; x_wconf 80' lang='grc' dir='ltr'>ἵππους</span> 
     </span>
    </p>
   </div>
   <div class='ocr_carea' id='block_1_105' title="bbox 2127 4643 3703 4720">
    <p class='ocr_par' dir='ltr' id='par_1_105' title="bbox 2127 4643 3703 4720">
     <span class='ocr_line' id='line_1_105' title="bbox 2127 4643 3703 4720; baseline 0.003 -22"><span class='ocrx_word' id='word_1_842' title='bbox 2127 4645 2275 4698; x_wconf 75' lang='grc' dir='ltr'>ἐστιν</span> <span class='ocrx_word' id='word_1_843' title='bbox 2309 4644 2435 4698; x_wconf 77' lang='grc' dir='ltr'>ἰδεῖν</span> <span class='ocrx_word' id='word_1_844' title='bbox 2470 4643 2982 4714; x_wconf 78' lang='grc' dir='ltr'>καλλωπιζομένους</span> <span class='ocrx_word' id='word_1_845' title='bbox 3006 4661 3020 4675; x_wconf 83' lang='grc'>⁶</span> <span class='ocrx_word' id='word_1_846' title='bbox 3058 4646 3209 4717; x_wconf 81' lang='grc' dir='ltr'>παρὰ</span> <span class='ocrx_word' id='word_1_847' title='bbox 3239 4646 3295 4700; x_wconf 82' lang='grc' dir='ltr'>δὲ</span> <span class='ocrx_word' id='word_1_848' title='bbox 3314 4649 3425 4710; x_wconf 90' lang='grc' dir='ltr'>τοῖς</span> <span class='ocrx_word' id='word_1_849' title='bbox 3466 4649 3703 4720; x_wconf 83' lang='grc' dir='ltr'>Πέρσαις</span> 
     </span>
    </p>
   </div>
   <div class='ocr_carea' id='block_1_106' title="bbox 2129 4735 3703 4807">
    <p class='ocr_par' dir='ltr' id='par_1_106' title="bbox 2129 4735 3703 4807">
     <span class='ocr_line' id='line_1_106' title="bbox 2129 4735 3703 4807; baseline 0.002 -17"><span class='ocrx_word' id='word_1_850' title='bbox 2129 4738 2223 4790; x_wconf 74' lang='grc' dir='ltr'>καὶ</span> <span class='ocrx_word' id='word_1_851' title='bbox 2244 4736 2521 4806; x_wconf 86' lang='grc' dir='ltr'>καμήλους</span> <span class='ocrx_word' id='word_1_852' title='bbox 2540 4736 2637 4789; x_wconf 86' lang='grc' dir='ltr'>ῑδοι</span> <span class='ocrx_word' id='word_1_853' title='bbox 2652 4752 2735 4798; x_wconf 89' lang='grc' dir='ltr'>τις</span> <span class='ocrx_word' id='word_1_854' title='bbox 2758 4735 2826 4789; x_wconf 82' lang='grc' dir='ltr'>ἂν</span> <span class='ocrx_word' id='word_1_855' title='bbox 2857 4735 3339 4807; x_wconf 79' lang='grc' dir='ltr'>καλλωπιζομένας</span> <span class='ocrx_word' id='word_1_856' title='bbox 3361 4756 3374 4768; x_wconf 91' lang='grc'><strong>·</strong></span> <span class='ocrx_word' id='word_1_857' title='bbox 3393 4740 3483 4791; x_wconf 71' lang='grc' dir='ltr'>ἐπὶ</span> <span class='ocrx_word' id='word_1_858' title='bbox 3505 4740 3560 4792; x_wconf 81' lang='grc' dir='ltr'>δὲ</span> <span class='ocrx_word' id='word_1_859' title='bbox 3593 4741 3703 4793; x_wconf 73' lang='grc' dir='ltr'>τῶν</span> 
     </span>
    </p>
   </div>
   <div class='ocr_carea' id='block_1_107' title="bbox 2130 4828 3694 4905">
    <p class='ocr_par' dir='ltr' id='par_1_107' title="bbox 2130 4828 3694 4905">
     <span class='ocr_line' id='line_1_107' title="bbox 2130 4828 3694 4905; baseline -0.001 -22"><span class='ocrx_word' id='word_1_860' title='bbox 2130 4828 2453 4900; x_wconf 85' lang='grc' dir='ltr'>ἀνθρώπων,</span> <span class='ocrx_word' id='word_1_861' title='bbox 2489 4828 2616 4892; x_wconf 82' lang='grc' dir='ltr'>τοὺς</span> <span class='ocrx_word' id='word_1_862' title='bbox 2654 4828 2749 4880; x_wconf 76' lang='grc' dir='ltr'>ἐπὶ</span> <span class='ocrx_word' id='word_1_863' title='bbox 2793 4830 2995 4901; x_wconf 77' lang='grc' dir='ltr'>σκηνῆς</span> <span class='ocrx_word' id='word_1_864' title='bbox 3029 4830 3292 4894; x_wconf 75' lang='grc' dir='ltr'>ἅπαντας.</span> <span class='ocrx_word' id='word_1_865' title='bbox 3333 4831 3445 4882; x_wconf 74' lang='grc' dir='ltr'>Οὐκ</span> <span class='ocrx_word' id='word_1_866' title='bbox 3466 4832 3694 4905; x_wconf 80' lang='grc' dir='ltr'>αἰσχύνῃ</span> 
     </span>
    </p>
   </div>
   <div class='ocr_carea' id='block_1_108' title="bbox 2128 4918 3703 4993">
    <p class='ocr_par' dir='ltr' id='par_1_108' title="bbox 2128 4918 3703 4993">
     <span class='ocr_line' id='line_1_108' title="bbox 2128 4918 3703 4993; baseline -0.001 -17"><span class='ocrx_word' id='word_1_867' title='bbox 2128 4919 2221 4976; x_wconf 79' lang='grc' dir='ltr'>οῦν</span> <span class='ocrx_word' id='word_1_868' title='bbox 2254 4924 2346 4975; x_wconf 79' lang='grc' dir='ltr'>ἐπὶ</span> <span class='ocrx_word' id='word_1_869' title='bbox 2391 4921 2601 4984; x_wconf 86' lang='grc' dir='ltr'>τούτοις</span> <span class='ocrx_word' id='word_1_870' title='bbox 2631 4922 2774 4991; x_wconf 80' lang='grc' dir='ltr'>μέγα</span> <span class='ocrx_word' id='word_1_871' title='bbox 2827 4924 3038 4993; x_wconf 81' lang='grc' dir='ltr'>φρονῶν</span> <span class='ocrx_word' id='word_1_872' title='bbox 3060 4963 3075 4987; x_wconf 92' lang='grc'>,</span> <span class='ocrx_word' id='word_1_873' title='bbox 3107 4925 3164 4975; x_wconf 81' lang='grc' dir='ltr'>ὲν</span> <span class='ocrx_word' id='word_1_874' title='bbox 3190 4918 3273 4982; x_wconf 74' lang='grc' dir='ltr'>οἷς</span> <span class='ocrx_word' id='word_1_875' title='bbox 3316 4924 3385 4975; x_wconf 70' lang='grc' dir='ltr'>τὰ</span> <span class='ocrx_word' id='word_1_876' title='bbox 3415 4922 3585 4990; x_wconf 83' lang='grc' dir='ltr'>ἄλογά</span> <span class='ocrx_word' id='word_1_877' title='bbox 3621 4941 3703 4976; x_wconf 81' lang='grc' dir='ltr'>σοι</span> 
     </span>
    </p>
   </div>
   <div class='ocr_carea' id='block_1_109' title="bbox 2128 5013 3702 5084">
    <p class='ocr_par' dir='ltr' id='par_1_109' title="bbox 2128 5013 3702 5084">
     <span class='ocr_line' id='line_1_109' title="bbox 2128 5013 3702 5084; baseline -0.001 -17"><span class='ocrx_word' id='word_1_878' title='bbox 2128 5017 2375 5068; x_wconf 88' lang='grc' dir='ltr'>κοινωνεῖ</span> <span class='ocrx_word' id='word_1_879' title='bbox 2401 5016 2494 5068; x_wconf 74' lang='grc' dir='ltr'>καὶ</span> <span class='ocrx_word' id='word_1_880' title='bbox 2533 5013 2712 5068; x_wconf 89' lang='grc' dir='ltr'>δοῦλοι</span> <span class='ocrx_word' id='word_1_881' title='bbox 2745 5013 2838 5066; x_wconf 70' lang='grc' dir='ltr'>καὶ</span> <span class='ocrx_word' id='word_1_882' title='bbox 2871 5014 3183 5083; x_wconf 75' lang='grc' dir='ltr'>ἀνδροφόνοι</span> <span class='ocrx_word' id='word_1_883' title='bbox 3212 5015 3305 5067; x_wconf 77' lang='grc' dir='ltr'>καὶ</span> <span class='ocrx_word' id='word_1_884' title='bbox 3339 5015 3572 5084; x_wconf 69' lang='grc' dir='ltr'>μαλακοὶ</span> <span class='ocrx_word' id='word_1_885' title='bbox 3609 5015 3702 5067; x_wconf 74' lang='grc' dir='ltr'>καὶ</span> 
     </span>
    </p>
   </div>
   <div class='ocr_carea' id='block_1_110' title="bbox 2127 5105 3703 5178">
    <p class='ocr_par' dir='ltr' id='par_1_110' title="bbox 2127 5105 3703 5178">
     <span class='ocr_line' id='line_1_110' title="bbox 2127 5105 3703 5178; baseline 0.001 -20"><span class='ocrx_word' id='word_1_886' title='bbox 2127 5107 2321 5178; x_wconf 74' lang='grc' dir='ltr'>λῃσταὶ</span> <span class='ocrx_word' id='word_1_887' title='bbox 2349 5107 2442 5160; x_wconf 82' lang='grc' dir='ltr'>καὶ</span> <span class='ocrx_word' id='word_1_888' title='bbox 2466 5105 2852 5177; x_wconf 80' lang='grc' dir='ltr'>τυμϐωρύχοι;</span> <span class='ocrx_word' id='word_1_889' title='bbox 2895 5106 3226 5168; x_wconf 85' lang='grc' dir='ltr'>Ἀλλόίκίας</span> <span class='ocrx_word' id='word_1_890' title='bbox 3253 5107 3552 5176; x_wconf 85' lang='grc' dir='ltr'>οἰκοδομεῖς</span> <span class='ocrx_word' id='word_1_891' title='bbox 3568 5107 3703 5176; x_wconf 87' lang='grc' dir='ltr'>λαμ-</span> 
     </span>
    </p>
   </div>
   <div class='ocr_carea' id='block_1_111' title="bbox 2128 5196 3703 5270">
    <p class='ocr_par' dir='ltr' id='par_1_111' title="bbox 2128 5196 3703 5270">
     <span class='ocr_line' id='line_1_111' title="bbox 2128 5196 3703 5270; baseline 0 -19"><span class='ocrx_word' id='word_1_892' title='bbox 2128 5201 2269 5270; x_wconf 82' lang='grc' dir='ltr'>πράς</span> <span class='ocrx_word' id='word_1_893' title='bbox 2294 5217 2309 5265; x_wconf 87' lang='grc'><strong>;</strong></span> <span class='ocrx_word' id='word_1_894' title='bbox 2337 5199 2448 5251; x_wconf 84' lang='lat' dir='ltr'>Kal</span> <span class='ocrx_word' id='word_1_895' title='bbox 2480 5199 2532 5250; x_wconf 87' lang='grc' dir='ltr'>τί</span> <span class='ocrx_word' id='word_1_896' title='bbox 2560 5197 2718 5251; x_wconf 87' lang='grc' dir='ltr'>τοῦτο</span> <span class='ocrx_word' id='word_1_897' title='bbox 2742 5214 2756 5262; x_wconf 92' lang='grc'>;</span> <span class='ocrx_word' id='word_1_898' title='bbox 2790 5198 2975 5250; x_wconf 67' lang='grc' dir='ltr'>πολλοὶ</span> <span class='ocrx_word' id='word_1_899' title='bbox 2996 5197 3192 5250; x_wconf 61' lang='grc' dir='ltr'>κολοιοὶ¹</span> <span class='ocrx_word' id='word_1_900' title='bbox 3221 5196 3602 5270; x_wconf 86' lang='grc' dir='ltr'>λαμπροτέρας</span> <span class='ocrx_word' id='word_1_901' title='bbox 3628 5202 3703 5251; x_wconf 78' lang='grc' dir='ltr'>οἱ·</span> 
     </span>
    </p>
   </div>
   <div class='ocr_carea' id='block_1_112' title="bbox 2130 5287 3702 5361">
    <p class='ocr_par' dir='ltr' id='par_1_112' title="bbox 2130 5287 3702 5361">
     <span class='ocr_line' id='line_1_112' title="bbox 2130 5287 3702 5361; baseline 0.001 -20"><span class='ocrx_word' id='word_1_902' title='bbox 2130 5289 2306 5352; x_wconf 80' lang='grc' dir='ltr'>κοῦσι,</span> <span class='ocrx_word' id='word_1_903' title='bbox 2333 5289 2427 5342; x_wconf 78' lang='grc' dir='ltr'>καὶ</span> <span class='ocrx_word' id='word_1_904' title='bbox 2460 5287 2756 5357; x_wconf 85' lang='grc' dir='ltr'>σεμνότερα</span> <span class='ocrx_word' id='word_1_905' title='bbox 2776 5287 2957 5356; x_wconf 77' lang='grc' dir='ltr'>έχουσι</span> <span class='ocrx_word' id='word_1_906' title='bbox 2983 5288 3318 5355; x_wconf 82' lang='grc' dir='ltr'>καταγώγια.</span> <span class='ocrx_word' id='word_1_907' title='bbox 3354 5291 3423 5343; x_wconf 66' lang='lat' dir='ltr'>“II</span> <span class='ocrx_word' id='word_1_908' title='bbox 3448 5292 3543 5360; x_wconf 83' lang='grc' dir='ltr'>οὑχ</span> <span class='ocrx_word' id='word_1_909' title='bbox 3570 5292 3702 5361; x_wconf 77' lang='grc' dir='ltr'>ὁρᾷς</span> 
     </span>
    </p>
   </div>
   <div class='ocr_carea' id='block_1_113' title="bbox 2129 5378 3701 5450">
    <p class='ocr_par' dir='ltr' id='par_1_113' title="bbox 2129 5378 3701 5450">
     <span class='ocr_line' id='line_1_113' title="bbox 2129 5378 3701 5450; baseline -0.001 -18"><span class='ocrx_word' id='word_1_910' title='bbox 2129 5381 2350 5442; x_wconf 84' lang='grc' dir='ltr'>τούτους</span> <span class='ocrx_word' id='word_1_911' title='bbox 2398 5380 2524 5442; x_wconf 74' lang='grc' dir='ltr'>τοὺς</span> <span class='ocrx_word' id='word_1_912' title='bbox 2550 5379 2678 5448; x_wconf 73' lang='grc' dir='ltr'>περὶ</span> <span class='ocrx_word' id='word_1_913' title='bbox 2716 5378 2784 5430; x_wconf 81' lang='grc' dir='ltr'>τὰ</span> <span class='ocrx_word' id='word_1_914' title='bbox 2819 5379 3080 5447; x_wconf 83' lang='grc' dir='ltr'>χρήματα</span> <span class='ocrx_word' id='word_1_915' title='bbox 3140 5382 3518 5450; x_wconf 85' lang='grc' dir='ltr'>μαινομένους,</span> <span class='ocrx_word' id='word_1_916' title='bbox 3558 5382 3607 5434; x_wconf 83' lang='grc' dir='ltr'>οἳ</span> <span class='ocrx_word' id='word_1_917' title='bbox 3644 5385 3701 5433; x_wconf 79' lang='grc' dir='ltr'>εν</span> 
     </span>
    </p>
   </div>
   <div class='ocr_carea' id='block_1_114' title="bbox 2132 5468 3696 5541">
    <p class='ocr_par' dir='ltr' id='par_1_114' title="bbox 2132 5468 3696 5541">
     <span class='ocr_line' id='line_1_114' title="bbox 2132 5468 3696 5541; baseline 0.001 -19"><span class='ocrx_word' id='word_1_918' title='bbox 2132 5470 2319 5540; x_wconf 82' lang='grc' dir='ltr'>ἀγροῖς</span> <span class='ocrx_word' id='word_1_919' title='bbox 2351 5471 2443 5521; x_wconf 71' lang='grc' dir='ltr'>καὶ</span> <span class='ocrx_word' id='word_1_920' title='bbox 2467 5472 2522 5520; x_wconf 80' lang='grc' dir='ltr'>ἐν</span> <span class='ocrx_word' id='word_1_921' title='bbox 2546 5468 2772 5537; x_wconf 80' lang='grc' dir='ltr'>ἐρήμοις</span> <span class='ocrx_word' id='word_1_922' title='bbox 2798 5469 2981 5532; x_wconf 81' lang='grc' dir='ltr'>τόποις</span> <span class='ocrx_word' id='word_1_923' title='bbox 3012 5469 3368 5541; x_wconf 75' lang='grc' dir='ltr'>ᾠκοδόμησαν</span> <span class='ocrx_word' id='word_1_924' title='bbox 3387 5473 3589 5536; x_wconf 79' lang='grc' dir='ltr'>οἴκους,</span> <span class='ocrx_word' id='word_1_925' title='bbox 3609 5490 3696 5524; x_wconf 84' lang='grc' dir='ltr'>κο-</span> 
     </span>
    </p>
   </div>
   <div class='ocr_carea' id='block_1_115' title="bbox 2133 5554 3701 5627">
    <p class='ocr_par' dir='ltr' id='par_1_115' title="bbox 2133 5554 3701 5627">
     <span class='ocr_line' id='line_1_115' title="bbox 2133 5554 3701 5627; baseline 0.004 -20"><span class='ocrx_word' id='word_1_926' title='bbox 2133 5557 2290 5608; x_wconf 80' lang='grc' dir='ltr'>λοιῶν</span> <span class='ocrx_word' id='word_1_927' title='bbox 2320 5554 2673 5621; x_wconf 75' lang='grc' dir='ltr'>καταγώγιας</span> <span class='ocrx_word' id='word_1_928' title='bbox 2718 5555 2878 5607; x_wconf 77' lang='grc' dir='ltr'>Ἀλλὰ</span> <span class='ocrx_word' id='word_1_929' title='bbox 2902 5559 3084 5627; x_wconf 73' lang='grc' dir='ltr'>φωνῆς</span> <span class='ocrx_word' id='word_1_930' title='bbox 3114 5558 3275 5610; x_wconf 78' lang='grc' dir='ltr'>’ἑνεκα</span> <span class='ocrx_word' id='word_1_931' title='bbox 3296 5559 3436 5626; x_wconf 88' lang='grc' dir='ltr'>μέγα</span> <span class='ocrx_word' id='word_1_932' title='bbox 3457 5562 3701 5627; x_wconf 83' lang='grc' dir='ltr'>φρονεῖ;;</span> 
     </span>
    </p>
   </div>
   <div class='ocr_carea' id='block_1_116' title="bbox 2136 5642 3699 5717">
    <p class='ocr_par' dir='ltr' id='par_1_116' title="bbox 2136 5642 3699 5717">
     <span class='ocr_line' id='line_1_116' title="bbox 2136 5642 3699 5717; baseline 0.022 -55"><span class='ocrx_word' id='word_1_933' title='bbox 2136 5644 2242 5697; x_wconf 70' lang='grc' dir='ltr'>ιι·οῦ</span> <span class='ocrx_word' id='word_1_934' title='bbox 2298 5644 2496 5696; x_wconf 84' lang='grc' dir='ltr'>κύκνου</span> <span class='ocrx_word' id='word_1_935' title='bbox 2546 5642 2641 5695; x_wconf 72' lang='grc' dir='ltr'>καὶ</span> <span class='ocrx_word' id='word_1_936' title='bbox 2701 5643 2800 5711; x_wconf 75' lang='grc' dir='ltr'>τῆς</span> <span class='ocrx_word' id='word_1_937' title='bbox 2857 5646 3076 5715; x_wconf 62' lang='grc' dir='ltr'>ἀηδόνος</span> <span class='ocrx_word' id='word_1_938' title='bbox 3110 5645 3361 5698; x_wconf 74' lang='grc' dir='ltr'>οὐδέποτε</span> <span class='ocrx_word' id='word_1_939' title='bbox 3409 5647 3470 5698; x_wconf 70' lang='grc' dir='ltr'>σὺ</span> <span class='ocrx_word' id='word_1_940' title='bbox 3500 5646 3699 5717; x_wconf 74' lang='grc' dir='ltr'>δυνήσῃ</span> 
     </span>
    </p>
   </div>
   <div class='ocr_carea' id='block_1_117' title="bbox 2139 5733 3707 5807">
    <p class='ocr_par' dir='ltr' id='par_1_117' title="bbox 2139 5733 3707 5807">
     <span class='ocr_line' id='line_1_117' title="bbox 2139 5733 3707 5807; baseline 0.001 -20"><span class='ocrx_word' id='word_1_941' title='bbox 2139 5733 2263 5801; x_wconf 67' lang='grc' dir='ltr'>ᾆσαι</span> <span class='ocrx_word' id='word_1_942' title='bbox 2321 5734 2704 5805; x_wconf 77' lang='grc' dir='ltr'>λιγυρώτερον.</span> <span class='ocrx_word' id='word_1_943' title='bbox 2738 5735 2881 5787; x_wconf 77' lang='grc' dir='ltr'>Ἀλλ’</span> <span class='ocrx_word' id='word_1_944' title='bbox 2935 5739 3028 5790; x_wconf 71' lang='grc' dir='ltr'>ἐπὶ</span> <span class='ocrx_word' id='word_1_945' title='bbox 3084 5737 3327 5807; x_wconf 67' lang='grc' dir='ltr'>ποικιλίᾳ.</span> <span class='ocrx_word' id='word_1_946' title='bbox 3351 5739 3707 5807; x_wconf 77' lang='grc' dir='ltr'>τέχνης;Κα“ι</span> 
     </span>
    </p>
   </div>
   <div class='ocr_carea' id='block_1_118' title="bbox 2140 5826 3708 5897">
    <p class='ocr_par' dir='ltr' id='par_1_118' title="bbox 2140 5826 3708 5897">
     <span class='ocr_line' id='line_1_118' title="bbox 2140 5826 3708 5897; baseline 0.001 -19"><span class='ocrx_word' id='word_1_947' title='bbox 2140 5832 2189 5879; x_wconf 77' lang='grc' dir='ltr'>τί</span> <span class='ocrx_word' id='word_1_948' title='bbox 2225 5828 2319 5897; x_wconf 69' lang='grc' dir='ltr'>τῆς</span> <span class='ocrx_word' id='word_1_949' title='bbox 2357 5826 2606 5896; x_wconf 73' lang='grc' dir='ltr'>μελίττης</span> <span class='ocrx_word' id='word_1_950' title='bbox 2640 5826 2694 5877; x_wconf 72' lang='grc' dir='ltr'>ἐν</span> <span class='ocrx_word' id='word_1_951' title='bbox 2730 5827 2902 5897; x_wconf 63' lang='grc' dir='ltr'>τούτῳ</span> <span class='ocrx_word' id='word_1_952' title='bbox 2939 5829 3244 5897; x_wconf 61' lang='grc' dir='ltr'>δοφώτερον</span> <span class='ocrx_word' id='word_1_953' title='bbox 3276 5846 3288 5893; x_wconf 80' lang='lat'><strong>&#39;,</strong></span> <span class='ocrx_word' id='word_1_954' title='bbox 3323 5832 3471 5892; x_wconf 77' lang='grc' dir='ltr'>ποῖος</span> <span class='ocrx_word' id='word_1_955' title='bbox 3499 5830 3708 5882; x_wconf 71' lang='grc' dir='ltr'>ποικιλ-</span> 
     </span>
    </p>
   </div>
  </div>
