  <div class='ocr_page' id='page_1' title='image "/cluster/home/n/w/nwhite01/storage/ocr_20150623/62/mdp.39015008622626/244.png"; bbox 0 0 4030 6204; ppageno 0'>
   <div class='ocr_carea' id='block_1_1' title="bbox 385 515 488 575">
    <p class='ocr_par' dir='ltr' id='par_1_1' title="bbox 385 515 488 575">
     <span class='ocr_line' id='line_1_1' title="bbox 385 515 488 575; baseline -0.01 -1"><span class='ocrx_word' id='word_1_1' title='bbox 385 515 488 575; x_wconf 71' lang='lat'><strong>23&#39;?</strong></span> 
     </span>
    </p>
   </div>
   <div class='ocr_carea' id='block_1_2' title="bbox 390 613 1958 701">
    <p class='ocr_par' dir='ltr' id='par_1_2' title="bbox 390 613 1958 701">
     <span class='ocr_line' id='line_1_2' title="bbox 390 613 1958 701; baseline -0.013 -15"><span class='ocrx_word' id='word_1_2' title='bbox 390 643 608 701; x_wconf 84' lang='lat' dir='ltr'><strong>magnos</strong></span> <span class='ocrx_word' id='word_1_3' title='bbox 637 623 853 699; x_wconf 84' lang='lat' dir='ltr'><strong>spiritus</strong></span> <span class='ocrx_word' id='word_1_4' title='bbox 879 632 1125 686; x_wconf 88' lang='lat' dir='ltr'><strong>sumere,</strong></span> <span class='ocrx_word' id='word_1_5' title='bbox 1156 618 1207 673; x_wconf 93' lang='lat' dir='ltr'><strong>in</strong></span> <span class='ocrx_word' id='word_1_6' title='bbox 1235 619 1426 688; x_wconf 83' lang='lat' dir='ltr'><strong>quibus</strong></span> <span class='ocrx_word' id='word_1_7' title='bbox 1454 627 1630 672; x_wconf 89' lang='lat' dir='ltr'><strong>tecum</strong></span> <span class='ocrx_word' id='word_1_8' title='bbox 1657 613 1958 670; x_wconf 85' lang='lat' dir='ltr'><strong>comnmni-</strong></span> 
     </span>
    </p>
   </div>
   <div class='ocr_carea' id='block_1_3' title="bbox 391 706 1961 778">
    <p class='ocr_par' dir='ltr' id='par_1_3' title="bbox 391 706 1961 778">
     <span class='ocr_line' id='line_1_3' title="bbox 391 706 1961 778; baseline -0.013 0"><span class='ocrx_word' id='word_1_9' title='bbox 391 734 509 778; x_wconf 83' lang='lat' dir='ltr'><strong>eant</strong></span> <span class='ocrx_word' id='word_1_10' title='bbox 546 721 698 775; x_wconf 87' lang='lat' dir='ltr'><strong>bruta</strong></span> <span class='ocrx_word' id='word_1_11' title='bbox 725 714 1011 772; x_wconf 84' lang='lat' dir='ltr'><strong>animantia</strong></span> <span class='ocrx_word' id='word_1_12' title='bbox 1043 723 1097 766; x_wconf 88' lang='lat' dir='ltr'><strong>et</strong></span> <span class='ocrx_word' id='word_1_13' title='bbox 1126 711 1266 766; x_wconf 83' lang='lat' dir='ltr'><strong>servi</strong></span> <span class='ocrx_word' id='word_1_14' title='bbox 1298 718 1352 763; x_wconf 80' lang='lat' dir='ltr'><strong>et</strong></span> <span class='ocrx_word' id='word_1_15' title='bbox 1381 708 1663 763; x_wconf 75' lang='lat' dir='ltr'><strong>homicidae</strong></span> <span class='ocrx_word' id='word_1_16' title='bbox 1691 714 1746 760; x_wconf 91' lang='lat' dir='ltr'><strong>et</strong></span> <span class='ocrx_word' id='word_1_17' title='bbox 1772 706 1961 759; x_wconf 88' lang='lat' dir='ltr'><strong>molles</strong></span> 
     </span>
    </p>
   </div>
   <div class='ocr_carea' id='block_1_4' title="bbox 391 795 1960 874">
    <p class='ocr_par' dir='ltr' id='par_1_4' title="bbox 391 795 1960 874">
     <span class='ocr_line' id='line_1_4' title="bbox 391 795 1960 874; baseline -0.013 -6"><span class='ocrx_word' id='word_1_18' title='bbox 391 823 442 869; x_wconf 88' lang='lat' dir='ltr'><strong>et</strong></span> <span class='ocrx_word' id='word_1_19' title='bbox 487 814 715 866; x_wconf 73' lang='lat' dir='ltr'><strong>latrones</strong></span> <span class='ocrx_word' id='word_1_20' title='bbox 758 815 812 863; x_wconf 90' lang='lat' dir='ltr'><strong>et</strong></span> <span class='ocrx_word' id='word_1_21' title='bbox 860 803 1229 874; x_wconf 82' lang='lat' dir='ltr'><strong>sepulcrorum</strong></span> <span class='ocrx_word' id='word_1_22' title='bbox 1278 797 1658 868; x_wconf 90' lang='lat' dir='ltr'><strong>perfossores?</strong></span> <span class='ocrx_word' id='word_1_23' title='bbox 1706 799 1773 850; x_wconf 77' lang='grc' dir='ltr'><strong>Αι</strong></span> <span class='ocrx_word' id='word_1_24' title='bbox 1818 795 1960 848; x_wconf 73' lang='lat' dir='ltr'><strong>mdes</strong></span> 
     </span>
    </p>
   </div>
   <div class='ocr_carea' id='block_1_5' title="bbox 393 884 1958 968">
    <p class='ocr_par' dir='ltr' id='par_1_5' title="bbox 393 884 1958 968">
     <span class='ocr_line' id='line_1_5' title="bbox 393 884 1958 968; baseline -0.013 -10"><span class='ocrx_word' id='word_1_25' title='bbox 393 902 616 958; x_wconf 79' lang='lat' dir='ltr'><strong>exstruis</strong></span> <span class='ocrx_word' id='word_1_26' title='bbox 658 895 1006 968; x_wconf 86' lang='lat' dir='ltr'><strong>splendidas?</strong></span> <span class='ocrx_word' id='word_1_27' title='bbox 1051 892 1116 946; x_wconf 84' lang='lat' dir='ltr'><strong>Et</strong></span> <span class='ocrx_word' id='word_1_28' title='bbox 1154 889 1336 962; x_wconf 79' lang='lat' dir='ltr'><strong>quanti</strong></span> <span class='ocrx_word' id='word_1_29' title='bbox 1386 887 1529 943; x_wconf 89' lang='lat' dir='ltr'><strong>hoc?</strong></span> <span class='ocrx_word' id='word_1_30' title='bbox 1567 885 1716 940; x_wconf 90' lang='lat' dir='ltr'><strong>multi</strong></span> <span class='ocrx_word' id='word_1_31' title='bbox 1758 884 1958 954; x_wconf 82' lang='lat' dir='ltr'><strong>graculi</strong></span> 
     </span>
    </p>
   </div>
   <div class='ocr_carea' id='block_1_6' title="bbox 388 975 1956 1064">
    <p class='ocr_par' dir='ltr' id='par_1_6' title="bbox 388 975 1956 1064">
     <span class='ocr_line' id='line_1_6' title="bbox 388 975 1956 1064; baseline -0.012 -16"><span class='ocrx_word' id='word_1_32' title='bbox 388 991 709 1064; x_wconf 77' lang='lat' dir='ltr'><strong>splendidius</strong></span> <span class='ocrx_word' id='word_1_33' title='bbox 749 988 1027 1050; x_wconf 88' lang='lat' dir='ltr'><strong>habitant,</strong></span> <span class='ocrx_word' id='word_1_34' title='bbox 1059 993 1114 1038; x_wconf 89' lang='lat' dir='ltr'><strong>et</strong></span> <span class='ocrx_word' id='word_1_35' title='bbox 1144 979 1597 1051; x_wconf 87' lang='lat' dir='ltr'><strong>magnificentiora</strong></span> <span class='ocrx_word' id='word_1_36' title='bbox 1628 977 1821 1064; x_wconf 84' lang='lat' dir='ltr'><strong>habent</strong></span> <span class='ocrx_word' id='word_1_37' title='bbox 1862 975 1956 1030; x_wconf 85' lang='lat' dir='ltr'><strong>do-</strong></span> 
     </span>
    </p>
   </div>
   <div class='ocr_carea' id='block_1_7' title="bbox 386 1061 1956 1144">
    <p class='ocr_par' dir='ltr' id='par_1_7' title="bbox 386 1061 1956 1144">
     <span class='ocr_line' id='line_1_7' title="bbox 386 1061 1956 1144; baseline -0.011 -5"><span class='ocrx_word' id='word_1_38' title='bbox 386 1061 594 1139; x_wconf 78' lang='lat' dir='ltr'><strong>niieilia.</strong></span> <span class='ocrx_word' id='word_1_39' title='bbox 628 1084 821 1136; x_wconf 86' lang='lat' dir='ltr'><strong>Annon</strong></span> <span class='ocrx_word' id='word_1_40' title='bbox 852 1078 1000 1132; x_wconf 88' lang='lat' dir='ltr'><strong>vides</strong></span> <span class='ocrx_word' id='word_1_41' title='bbox 1040 1074 1203 1131; x_wconf 90' lang='lat' dir='ltr'><strong>abiis</strong></span> <span class='ocrx_word' id='word_1_42' title='bbox 1245 1073 1408 1144; x_wconf 68' lang='lat' dir='ltr'><strong>ip~is,</strong></span> <span class='ocrx_word' id='word_1_43' title='bbox 1439 1071 1528 1140; x_wconf 91' lang='lat' dir='ltr'><strong>qui</strong></span> <span class='ocrx_word' id='word_1_44' title='bbox 1567 1070 1619 1124; x_wconf 92' lang='lat' dir='ltr'><strong>in</strong></span> <span class='ocrx_word' id='word_1_45' title='bbox 1660 1061 1856 1122; x_wconf 88' lang='lat' dir='ltr'><strong>divitiis</strong></span> <span class='ocrx_word' id='word_1_46' title='bbox 1887 1071 1956 1122; x_wconf 87' lang='lat' dir='ltr'><strong>ita</strong></span> 
     </span>
    </p>
   </div>
   <div class='ocr_carea' id='block_1_8' title="bbox 383 1159 1953 1242">
    <p class='ocr_par' dir='ltr' id='par_1_8' title="bbox 383 1159 1953 1242">
     <span class='ocr_line' id='line_1_8' title="bbox 383 1159 1953 1242; baseline -0.01 -13"><span class='ocrx_word' id='word_1_47' title='bbox 383 1175 683 1238; x_wconf 84' lang='lat' dir='ltr'><strong>insaniunt,</strong></span> <span class='ocrx_word' id='word_1_48' title='bbox 728 1173 782 1227; x_wconf 91' lang='lat' dir='ltr'><strong>in</strong></span> <span class='ocrx_word' id='word_1_49' title='bbox 812 1171 954 1242; x_wconf 92' lang='lat' dir='ltr'><strong>agris</strong></span> <span class='ocrx_word' id='word_1_50' title='bbox 983 1183 1048 1222; x_wconf 90' lang='lat' dir='ltr'><strong>ac</strong></span> <span class='ocrx_word' id='word_1_51' title='bbox 1077 1166 1364 1222; x_wconf 81' lang='lat' dir='ltr'><strong>solitudine</strong></span> <span class='ocrx_word' id='word_1_52' title='bbox 1397 1173 1694 1218; x_wconf 71' lang='lat' dir='ltr'><strong>exstructas</strong></span> <span class='ocrx_word' id='word_1_53' title='bbox 1731 1159 1953 1225; x_wconf 90' lang='lat' dir='ltr'><strong>domos,</strong></span> 
     </span>
    </p>
   </div>
   <div class='ocr_carea' id='block_1_9' title="bbox 378 1250 1957 1336">
    <p class='ocr_par' dir='ltr' id='par_1_9' title="bbox 378 1250 1957 1336">
     <span class='ocr_line' id='line_1_9' title="bbox 378 1250 1957 1336; baseline -0.009 -17"><span class='ocrx_word' id='word_1_54' title='bbox 378 1267 718 1336; x_wconf 71' lang='lat' dir='ltr'><strong>graculorum</strong></span> <span class='ocrx_word' id='word_1_55' title='bbox 741 1279 860 1318; x_wconf 89' lang='lat' dir='ltr'><strong>esse</strong></span> <span class='ocrx_word' id='word_1_56' title='bbox 881 1257 1188 1316; x_wconf 87' lang='lat' dir='ltr'><strong>domicilia?</strong></span> <span class='ocrx_word' id='word_1_57' title='bbox 1209 1257 1276 1310; x_wconf 76' lang='lat' dir='ltr'><strong>At</strong></span> <span class='ocrx_word' id='word_1_58' title='bbox 1302 1255 1447 1310; x_wconf 87' lang='lat' dir='ltr'><strong>vocis</strong></span> <span class='ocrx_word' id='word_1_59' title='bbox 1471 1253 1640 1324; x_wconf 88' lang='lat' dir='ltr'><strong>gratia</strong></span> <span class='ocrx_word' id='word_1_60' title='bbox 1669 1250 1957 1322; x_wconf 81' lang='lat' dir='ltr'><strong>superbis?</strong></span> 
     </span>
    </p>
   </div>
   <div class='ocr_carea' id='block_1_10' title="bbox 377 1343 1951 1420">
    <p class='ocr_par' dir='ltr' id='par_1_10' title="bbox 377 1343 1951 1420">
     <span class='ocr_line' id='line_1_10' title="bbox 377 1343 1951 1420; baseline -0.01 -8"><span class='ocrx_word' id='word_1_61' title='bbox 377 1356 540 1412; x_wconf 87' lang='lat' dir='ltr'><strong>Olure</strong></span> <span class='ocrx_word' id='word_1_62' title='bbox 581 1365 634 1411; x_wconf 89' lang='lat' dir='ltr'><strong>et</strong></span> <span class='ocrx_word' id='word_1_63' title='bbox 676 1354 898 1409; x_wconf 88' lang='lat' dir='ltr'><strong>luscinia</strong></span> <span class='ocrx_word' id='word_1_64' title='bbox 931 1363 1215 1420; x_wconf 89' lang='lat' dir='ltr'><strong>numquam</strong></span> <span class='ocrx_word' id='word_1_65' title='bbox 1253 1347 1451 1417; x_wconf 87' lang='lat' dir='ltr'><strong>poteris</strong></span> <span class='ocrx_word' id='word_1_66' title='bbox 1483 1361 1678 1400; x_wconf 85' lang='lat' dir='ltr'><strong>enuere</strong></span> <span class='ocrx_word' id='word_1_67' title='bbox 1718 1343 1951 1398; x_wconf 89' lang='lat' dir='ltr'><strong>suavius.</strong></span> 
     </span>
    </p>
   </div>
   <div class='ocr_carea' id='block_1_11' title="bbox 379 1435 1955 1509">
    <p class='ocr_par' dir='ltr' id='par_1_11' title="bbox 379 1435 1955 1509">
     <span class='ocr_line' id='line_1_11' title="bbox 379 1435 1955 1509; baseline -0.01 -6"><span class='ocrx_word' id='word_1_68' title='bbox 379 1451 445 1503; x_wconf 77' lang='lat' dir='ltr'><strong>At</strong></span> <span class='ocrx_word' id='word_1_69' title='bbox 471 1449 666 1502; x_wconf 87' lang='lat' dir='ltr'><strong>artium</strong></span> <span class='ocrx_word' id='word_1_70' title='bbox 691 1441 1068 1499; x_wconf 82' lang='lat' dir='ltr'><strong>multitudine?</strong></span> <span class='ocrx_word' id='word_1_71' title='bbox 1099 1437 1296 1509; x_wconf 80' lang='lat' dir='ltr'><strong>Ecquid</strong></span> <span class='ocrx_word' id='word_1_72' title='bbox 1320 1441 1372 1492; x_wconf 88' lang='lat' dir='ltr'><strong>in</strong></span> <span class='ocrx_word' id='word_1_73' title='bbox 1397 1437 1480 1491; x_wconf 92' lang='lat' dir='ltr'><strong>his</strong></span> <span class='ocrx_word' id='word_1_74' title='bbox 1499 1449 1599 1505; x_wconf 83' lang='lat' dir='ltr'><strong>ape</strong></span> <span class='ocrx_word' id='word_1_75' title='bbox 1626 1435 1955 1504; x_wconf 82' lang='lat' dir='ltr'><strong>sapientius?</strong></span> 
     </span>
    </p>
   </div>
   <div class='ocr_carea' id='block_1_12' title="bbox 377 1527 1952 1609">
    <p class='ocr_par' dir='ltr' id='par_1_12' title="bbox 377 1527 1952 1609">
     <span class='ocr_line' id='line_1_12' title="bbox 377 1527 1952 1609; baseline -0.011 -15"><span class='ocrx_word' id='word_1_76' title='bbox 377 1539 567 1609; x_wconf 71' lang='lat' dir='ltr'><strong>ecquis</strong></span> <span class='ocrx_word' id='word_1_77' title='bbox 606 1535 910 1606; x_wconf 87' lang='lat' dir='ltr'><strong>variegandi</strong></span> <span class='ocrx_word' id='word_1_78' title='bbox 942 1533 1131 1588; x_wconf 75' lang='lat' dir='ltr'><strong>artifex</strong></span> <span class='ocrx_word' id='word_1_79' title='bbox 1154 1573 1168 1596; x_wconf 91' lang='lat'><strong>,</strong></span> <span class='ocrx_word' id='word_1_80' title='bbox 1201 1531 1380 1600; x_wconf 90' lang='lat' dir='ltr'><strong>ecquis</strong></span> <span class='ocrx_word' id='word_1_81' title='bbox 1419 1529 1623 1598; x_wconf 86' lang='lat' dir='ltr'><strong>pictor,</strong></span> <span class='ocrx_word' id='word_1_82' title='bbox 1649 1527 1833 1597; x_wconf 86' lang='lat' dir='ltr'><strong>ecquis</strong></span> <span class='ocrx_word' id='word_1_83' title='bbox 1861 1542 1952 1579; x_wconf 84' lang='lat' dir='ltr'><strong>ar-</strong></span> 
     </span>
    </p>
   </div>
   <div class='ocr_carea' id='block_1_13' title="bbox 376 1615 1952 1692">
    <p class='ocr_par' dir='ltr' id='par_1_13' title="bbox 376 1615 1952 1692">
     <span class='ocr_line' id='line_1_13' title="bbox 376 1615 1952 1692; baseline -0.007 -9"><span class='ocrx_word' id='word_1_84' title='bbox 376 1626 640 1683; x_wconf 86' lang='lat' dir='ltr'><strong>chitectus</strong></span> <span class='ocrx_word' id='word_1_85' title='bbox 684 1627 834 1681; x_wconf 86' lang='lat' dir='ltr'><strong>istius</strong></span> <span class='ocrx_word' id='word_1_86' title='bbox 866 1625 1059 1679; x_wconf 87' lang='lat' dir='ltr'><strong>imitari</strong></span> <span class='ocrx_word' id='word_1_87' title='bbox 1099 1635 1258 1692; x_wconf 83' lang='lat' dir='ltr'><strong>opera</strong></span> <span class='ocrx_word' id='word_1_88' title='bbox 1304 1619 1532 1690; x_wconf 87' lang='lat' dir='ltr'><strong>poterit?</strong></span> <span class='ocrx_word' id='word_1_89' title='bbox 1564 1621 1632 1674; x_wconf 77' lang='lat' dir='ltr'><strong>At</strong></span> <span class='ocrx_word' id='word_1_90' title='bbox 1659 1615 1952 1674; x_wconf 83' lang='lat' dir='ltr'><strong>subtilitate</strong></span> 
     </span>
    </p>
   </div>
   <div class='ocr_carea' id='block_1_14' title="bbox 375 1710 1952 1779">
    <p class='ocr_par' dir='ltr' id='par_1_14' title="bbox 375 1710 1952 1779">
     <span class='ocr_line' id='line_1_14' title="bbox 375 1710 1952 1779; baseline -0.006 -7"><span class='ocrx_word' id='word_1_91' title='bbox 375 1720 583 1773; x_wconf 76' lang='lat' dir='ltr'><strong>vestis“!</strong></span> <span class='ocrx_word' id='word_1_92' title='bbox 611 1716 714 1772; x_wconf 85' lang='lat' dir='ltr'><strong>Sed</strong></span> <span class='ocrx_word' id='word_1_93' title='bbox 747 1715 831 1771; x_wconf 92' lang='lat' dir='ltr'><strong>hic</strong></span> <span class='ocrx_word' id='word_1_94' title='bbox 862 1726 912 1769; x_wconf 92' lang='lat' dir='ltr'><strong>te</strong></span> <span class='ocrx_word' id='word_1_95' title='bbox 942 1729 1153 1769; x_wconf 78' lang='lat' dir='ltr'><strong>araneze</strong></span> <span class='ocrx_word' id='word_1_96' title='bbox 1183 1712 1419 1766; x_wconf 87' lang='lat' dir='ltr'><strong>vincunt.</strong></span> <span class='ocrx_word' id='word_1_97' title='bbox 1453 1713 1521 1765; x_wconf 84' lang='lat' dir='ltr'><strong>At</strong></span> <span class='ocrx_word' id='word_1_98' title='bbox 1551 1710 1830 1764; x_wconf 85' lang='lat' dir='ltr'><strong>velocitate</strong></span> <span class='ocrx_word' id='word_1_99' title='bbox 1860 1723 1952 1779; x_wconf 87' lang='lat' dir='ltr'><strong>pe-</strong></span> 
     </span>
    </p>
   </div>
   <div class='ocr_carea' id='block_1_15' title="bbox 371 1797 1946 1875">
    <p class='ocr_par' dir='ltr' id='par_1_15' title="bbox 371 1797 1946 1875">
     <span class='ocr_line' id='line_1_15' title="bbox 371 1797 1946 1875; baseline -0.006 -14"><span class='ocrx_word' id='word_1_100' title='bbox 371 1807 498 1862; x_wconf 88' lang='lat' dir='ltr'><strong>dutn</strong></span> <span class='ocrx_word' id='word_1_101' title='bbox 524 1808 546 1861; x_wconf 64' lang='grc' dir='ltr'><em>ἲ</em></span> <span class='ocrx_word' id='word_1_102' title='bbox 573 1807 775 1861; x_wconf 75' lang='lat' dir='ltr'><strong>Rursus</strong></span> <span class='ocrx_word' id='word_1_103' title='bbox 805 1807 988 1875; x_wconf 85' lang='lat' dir='ltr'><strong>prima:</strong></span> <span class='ocrx_word' id='word_1_104' title='bbox 1022 1804 1189 1857; x_wconf 83' lang='lat' dir='ltr'><strong>brutis</strong></span> <span class='ocrx_word' id='word_1_105' title='bbox 1217 1798 1578 1856; x_wconf 85' lang='lat' dir='ltr'><strong>animantibus</strong></span> <span class='ocrx_word' id='word_1_106' title='bbox 1603 1797 1908 1854; x_wconf 73' lang='lat' dir='ltr'><strong>deferenda:</strong></span> <span class='ocrx_word' id='word_1_107' title='bbox 1930 1839 1946 1864; x_wconf 95' lang='lat'><strong>,</strong></span> 
     </span>
    </p>
   </div>
   <div class='ocr_carea' id='block_1_16' title="bbox 372 1889 1947 1968">
    <p class='ocr_par' dir='ltr' id='par_1_16' title="bbox 372 1889 1947 1968">
     <span class='ocr_line' id='line_1_16' title="bbox 372 1889 1947 1968; baseline -0.008 -14"><span class='ocrx_word' id='word_1_108' title='bbox 372 1901 566 1968; x_wconf 82' lang='lat' dir='ltr'><strong>lepori,</strong></span> <span class='ocrx_word' id='word_1_109' title='bbox 613 1901 822 1962; x_wconf 70' lang='lat' dir='ltr'><strong>datnar;</strong></span> <span class='ocrx_word' id='word_1_110' title='bbox 871 1903 927 1953; x_wconf 91' lang='lat' dir='ltr'><strong>et</strong></span> <span class='ocrx_word' id='word_1_111' title='bbox 973 1904 1102 1966; x_wconf 91' lang='lat' dir='ltr'><strong>quot</strong></span> <span class='ocrx_word' id='word_1_112' title='bbox 1146 1894 1384 1965; x_wconf 82' lang='lat' dir='ltr'><strong>jumenta</strong></span> <span class='ocrx_word' id='word_1_113' title='bbox 1430 1891 1709 1947; x_wconf 72' lang='lat' dir='ltr'><strong>velocitate</strong></span> <span class='ocrx_word' id='word_1_114' title='bbox 1755 1889 1947 1960; x_wconf 91' lang='lat' dir='ltr'><strong>pedmn</strong></span> 
     </span>
    </p>
   </div>
   <div class='ocr_carea' id='block_1_17' title="bbox 369 1982 1948 2047">
    <p class='ocr_par' dir='ltr' id='par_1_17' title="bbox 369 1982 1948 2047">
     <span class='ocr_line' id='line_1_17' title="bbox 369 1982 1948 2047; baseline -0.006 -1"><span class='ocrx_word' id='word_1_115' title='bbox 369 1992 592 2047; x_wconf 90' lang='lat' dir='ltr'><strong>minime</strong></span> <span class='ocrx_word' id='word_1_116' title='bbox 637 1988 942 2046; x_wconf 89' lang='lat' dir='ltr'><strong>vincuntur.</strong></span> <span class='ocrx_word' id='word_1_117' title='bbox 980 1990 1048 2043; x_wconf 82' lang='lat' dir='ltr'><strong>At</strong></span> <span class='ocrx_word' id='word_1_118' title='bbox 1090 1998 1263 2041; x_wconf 88' lang='lat' dir='ltr'><strong>mutas</strong></span> <span class='ocrx_word' id='word_1_119' title='bbox 1305 1984 1505 2041; x_wconf 87' lang='lat' dir='ltr'><strong>sedes?</strong></span> <span class='ocrx_word' id='word_1_120' title='bbox 1548 1983 1741 2042; x_wconf 70' lang='lat' dir='ltr'><strong>Verum</strong></span> <span class='ocrx_word' id='word_1_121' title='bbox 1781 1982 1948 2036; x_wconf 83' lang='lat' dir='ltr'><strong>nihilo</strong></span> 
     </span>
    </p>
   </div>
   <div class='ocr_carea' id='block_1_18' title="bbox 367 2074 1947 2152">
    <p class='ocr_par' dir='ltr' id='par_1_18' title="bbox 367 2074 1947 2152">
     <span class='ocr_line' id='line_1_18' title="bbox 367 2074 1947 2152; baseline -0.006 -16"><span class='ocrx_word' id='word_1_122' title='bbox 367 2083 485 2152; x_wconf 86' lang='lat' dir='ltr'><strong>plus</strong></span> <span class='ocrx_word' id='word_1_123' title='bbox 508 2081 730 2146; x_wconf 87' lang='lat' dir='ltr'><strong>avibus;</strong></span> <span class='ocrx_word' id='word_1_124' title='bbox 763 2079 845 2135; x_wconf 75' lang='lat' dir='ltr'><strong>liae</strong></span> <span class='ocrx_word' id='word_1_125' title='bbox 865 2081 1009 2136; x_wconf 90' lang='lat' dir='ltr'><strong>enim</strong></span> <span class='ocrx_word' id='word_1_126' title='bbox 1037 2077 1242 2134; x_wconf 90' lang='lat' dir='ltr'><strong>facilius</strong></span> <span class='ocrx_word' id='word_1_127' title='bbox 1267 2077 1693 2147; x_wconf 87' lang='lat' dir='ltr'><strong>peregrinantur,</strong></span> <span class='ocrx_word' id='word_1_128' title='bbox 1711 2091 1773 2130; x_wconf 87' lang='lat' dir='ltr'><strong>ac</strong></span> <span class='ocrx_word' id='word_1_129' title='bbox 1791 2074 1947 2129; x_wconf 83' lang='lat' dir='ltr'><strong>sedes</strong></span> 
     </span>
    </p>
   </div>
   <div class='ocr_carea' id='block_1_19' title="bbox 364 2165 1945 2238">
    <p class='ocr_par' dir='ltr' id='par_1_19' title="bbox 364 2165 1945 2238">
     <span class='ocr_line' id='line_1_19' title="bbox 364 2165 1945 2238; baseline -0.004 -11"><span class='ocrx_word' id='word_1_130' title='bbox 364 2181 580 2227; x_wconf 86' lang='lat' dir='ltr'><strong>mutant</strong></span> <span class='ocrx_word' id='word_1_131' title='bbox 611 2191 623 2225; x_wconf 93' lang='lat'>:</span> <span class='ocrx_word' id='word_1_132' title='bbox 660 2189 764 2226; x_wconf 91' lang='lat' dir='ltr'><strong>non</strong></span> <span class='ocrx_word' id='word_1_133' title='bbox 803 2172 999 2225; x_wconf 90' lang='lat' dir='ltr'><strong>viatico</strong></span> <span class='ocrx_word' id='word_1_134' title='bbox 1024 2211 1040 2236; x_wconf 94' lang='lat'><strong>,</strong></span> <span class='ocrx_word' id='word_1_135' title='bbox 1087 2185 1193 2224; x_wconf 89' lang='lat' dir='ltr'><strong>non</strong></span> <span class='ocrx_word' id='word_1_136' title='bbox 1232 2168 1488 2238; x_wconf 86' lang='lat' dir='ltr'><strong>jumentis</strong></span> <span class='ocrx_word' id='word_1_137' title='bbox 1525 2176 1716 2237; x_wconf 86' lang='lat' dir='ltr'><strong>egent,</strong></span> <span class='ocrx_word' id='word_1_138' title='bbox 1748 2165 1840 2221; x_wconf 88' lang='lat' dir='ltr'><strong>sed</strong></span> <span class='ocrx_word' id='word_1_139' title='bbox 1879 2165 1945 2220; x_wconf 90' lang='lat' dir='ltr'><strong>ad</strong></span> 
     </span>
    </p>
   </div>
   <div class='ocr_carea' id='block_1_20' title="bbox 357 2255 1944 2325">
    <p class='ocr_par' dir='ltr' id='par_1_20' title="bbox 357 2255 1944 2325">
     <span class='ocr_line' id='line_1_20' title="bbox 357 2255 1944 2325; baseline -0.006 -7"><span class='ocrx_word' id='word_1_140' title='bbox 357 2263 550 2318; x_wconf 86' lang='lat' dir='ltr'><strong>oninia</strong></span> <span class='ocrx_word' id='word_1_141' title='bbox 583 2261 688 2316; x_wconf 86' lang='lat' dir='ltr'><strong>illis</strong></span> <span class='ocrx_word' id='word_1_142' title='bbox 713 2260 795 2315; x_wconf 90' lang='lat' dir='ltr'><strong>ala</strong></span> <span class='ocrx_word' id='word_1_143' title='bbox 824 2261 955 2314; x_wconf 86' lang='lat' dir='ltr'><strong>satis</strong></span> <span class='ocrx_word' id='word_1_144' title='bbox 981 2270 1057 2314; x_wconf 89' lang='lat' dir='ltr'><strong>est</strong></span> <span class='ocrx_word' id='word_1_145' title='bbox 1089 2277 1104 2314; x_wconf 90' lang='lat'><strong>:</strong></span> <span class='ocrx_word' id='word_1_146' title='bbox 1129 2260 1240 2313; x_wconf 77' lang='lat' dir='ltr'><strong>lucc</strong></span> <span class='ocrx_word' id='word_1_147' title='bbox 1270 2257 1439 2320; x_wconf 89' lang='lat' dir='ltr'><strong>navis,</strong></span> <span class='ocrx_word' id='word_1_148' title='bbox 1471 2255 1585 2310; x_wconf 74' lang='lat' dir='ltr'><strong>haec</strong></span> <span class='ocrx_word' id='word_1_149' title='bbox 1611 2257 1906 2325; x_wconf 72' lang='lat' dir='ltr'><strong>iumentum</strong></span> <span class='ocrx_word' id='word_1_150' title='bbox 1927 2297 1944 2322; x_wconf 94' lang='lat'><strong>,</strong></span> 
     </span>
    </p>
   </div>
   <div class='ocr_carea' id='block_1_21' title="bbox 360 2346 1946 2420">
    <p class='ocr_par' dir='ltr' id='par_1_21' title="bbox 360 2346 1946 2420">
     <span class='ocr_line' id='line_1_21' title="bbox 360 2346 1946 2420; baseline -0.004 -14"><span class='ocrx_word' id='word_1_151' title='bbox 360 2354 478 2408; x_wconf 78' lang='lat' dir='ltr'><strong>lucc</strong></span> <span class='ocrx_word' id='word_1_152' title='bbox 503 2351 834 2418; x_wconf 60' lang='lat' dir='ltr'><strong>vehiculum,</strong></span> <span class='ocrx_word' id='word_1_153' title='bbox 861 2351 974 2406; x_wconf 68' lang='lat' dir='ltr'><strong>hare</strong></span> <span class='ocrx_word' id='word_1_154' title='bbox 995 2360 1206 2416; x_wconf 86' lang='lat' dir='ltr'><strong>ventus,</strong></span> <span class='ocrx_word' id='word_1_155' title='bbox 1232 2359 1282 2404; x_wconf 94' lang='lat' dir='ltr'><strong>et</strong></span> <span class='ocrx_word' id='word_1_156' title='bbox 1313 2347 1567 2420; x_wconf 79' lang='lat' dir='ltr'><strong>quidquid</strong></span> <span class='ocrx_word' id='word_1_157' title='bbox 1594 2346 1736 2402; x_wconf 85' lang='lat' dir='ltr'><strong>aliud</strong></span> <span class='ocrx_word' id='word_1_158' title='bbox 1763 2359 1946 2415; x_wconf 68' lang='lat' dir='ltr'><strong>ponn-</strong></span> 
     </span>
    </p>
   </div>
   <div class='ocr_carea' id='block_1_22' title="bbox 355 2442 1945 2513">
    <p class='ocr_par' dir='ltr' id='par_1_22' title="bbox 355 2442 1945 2513">
     <span class='ocr_line' id='line_1_22' title="bbox 355 2442 1945 2513; baseline -0.004 -14"><span class='ocrx_word' id='word_1_159' title='bbox 355 2444 458 2499; x_wconf 88' lang='lat' dir='ltr'><strong>lari</strong></span> <span class='ocrx_word' id='word_1_160' title='bbox 491 2451 680 2513; x_wconf 88' lang='lat' dir='ltr'><strong>queat.</strong></span> <span class='ocrx_word' id='word_1_161' title='bbox 711 2444 778 2497; x_wconf 83' lang='lat' dir='ltr'><strong>At</strong></span> <span class='ocrx_word' id='word_1_162' title='bbox 810 2449 966 2496; x_wconf 86' lang='lat' dir='ltr'><strong>acute</strong></span> <span class='ocrx_word' id='word_1_163' title='bbox 1005 2442 1220 2496; x_wconf 82' lang='lat' dir='ltr'><strong>cernis?</strong></span> <span class='ocrx_word' id='word_1_164' title='bbox 1248 2457 1429 2494; x_wconf 87' lang='lat' dir='ltr'><strong>verum</strong></span> <span class='ocrx_word' id='word_1_165' title='bbox 1457 2455 1561 2493; x_wconf 89' lang='lat' dir='ltr'><strong>non</strong></span> <span class='ocrx_word' id='word_1_166' title='bbox 1588 2453 1758 2508; x_wconf 70' lang='lat' dir='ltr'><strong>teque,</strong></span> <span class='ocrx_word' id='word_1_167' title='bbox 1787 2447 1945 2508; x_wconf 87' lang='lat' dir='ltr'><strong>atque</strong></span> 
     </span>
    </p>
   </div>
   <div class='ocr_carea' id='block_1_23' title="bbox 350 2529 1938 2606">
    <p class='ocr_par' dir='ltr' id='par_1_23' title="bbox 350 2529 1938 2606">
     <span class='ocr_line' id='line_1_23' title="bbox 350 2529 1938 2606; baseline -0.004 -15"><span class='ocrx_word' id='word_1_168' title='bbox 350 2552 557 2606; x_wconf 79' lang='lat' dir='ltr'><strong>caprea</strong></span> <span class='ocrx_word' id='word_1_169' title='bbox 581 2543 674 2588; x_wconf 89' lang='lat' dir='ltr'><strong>aut</strong></span> <span class='ocrx_word' id='word_1_170' title='bbox 694 2531 893 2604; x_wconf 87' lang='lat' dir='ltr'><strong>aquila.</strong></span> <span class='ocrx_word' id='word_1_171' title='bbox 919 2535 985 2588; x_wconf 79' lang='lat' dir='ltr'><strong>At</strong></span> <span class='ocrx_word' id='word_1_172' title='bbox 1008 2543 1163 2588; x_wconf 88' lang='lat' dir='ltr'><strong>acute</strong></span> <span class='ocrx_word' id='word_1_173' title='bbox 1183 2532 1376 2587; x_wconf 82' lang='lat' dir='ltr'><strong>audis?</strong></span> <span class='ocrx_word' id='word_1_174' title='bbox 1402 2529 1494 2586; x_wconf 78' lang='lat' dir='ltr'><strong>sed</strong></span> <span class='ocrx_word' id='word_1_175' title='bbox 1515 2533 1696 2585; x_wconf 85' lang='lat' dir='ltr'><strong>asinus</strong></span> <span class='ocrx_word' id='word_1_176' title='bbox 1716 2532 1938 2584; x_wconf 88' lang='lat' dir='ltr'><strong>acutius.</strong></span> 
     </span>
    </p>
   </div>
   <div class='ocr_carea' id='block_1_24' title="bbox 351 2621 1939 2684">
    <p class='ocr_par' dir='ltr' id='par_1_24' title="bbox 351 2621 1939 2684">
     <span class='ocr_line' id='line_1_24' title="bbox 351 2621 1939 2684; baseline -0.006 0"><span class='ocrx_word' id='word_1_177' title='bbox 351 2633 424 2684; x_wconf 79' lang='lat' dir='ltr'><strong>At</strong></span> <span class='ocrx_word' id='word_1_178' title='bbox 454 2629 600 2682; x_wconf 76' lang='lat' dir='ltr'><strong>bene</strong></span> <span class='ocrx_word' id='word_1_179' title='bbox 626 2626 849 2682; x_wconf 86' lang='lat' dir='ltr'><strong>olfacis?</strong></span> <span class='ocrx_word' id='word_1_180' title='bbox 879 2638 1064 2680; x_wconf 89' lang='lat' dir='ltr'><strong>verum</strong></span> <span class='ocrx_word' id='word_1_181' title='bbox 1091 2625 1240 2679; x_wconf 88' lang='lat' dir='ltr'><strong>cauis</strong></span> <span class='ocrx_word' id='word_1_182' title='bbox 1270 2624 1488 2678; x_wconf 89' lang='lat' dir='ltr'><strong>minime</strong></span> <span class='ocrx_word' id='word_1_183' title='bbox 1513 2637 1572 2678; x_wconf 90' lang='lat' dir='ltr'><strong>se</strong></span> <span class='ocrx_word' id='word_1_184' title='bbox 1599 2621 1697 2676; x_wconf 90' lang='lat' dir='ltr'><strong>abs</strong></span> <span class='ocrx_word' id='word_1_185' title='bbox 1725 2633 1774 2677; x_wconf 90' lang='lat' dir='ltr'><strong>te</strong></span> <span class='ocrx_word' id='word_1_186' title='bbox 1803 2621 1939 2675; x_wconf 87' lang='lat' dir='ltr'><strong>vinci</strong></span> 
     </span>
    </p>
   </div>
   <div class='ocr_carea' id='block_1_25' title="bbox 350 2711 1938 2788">
    <p class='ocr_par' dir='ltr' id='par_1_25' title="bbox 350 2711 1938 2788">
     <span class='ocr_line' id='line_1_25' title="bbox 350 2711 1938 2788; baseline -0.003 -18"><span class='ocrx_word' id='word_1_187' title='bbox 350 2722 580 2787; x_wconf 60' lang='grc' dir='ltr'><strong>ικιιὶιιιιπ</strong></span> <span class='ocrx_word' id='word_1_188' title='bbox 612 2721 681 2773; x_wconf 80' lang='lat' dir='ltr'><strong>At</strong></span> <span class='ocrx_word' id='word_1_189' title='bbox 721 2713 940 2788; x_wconf 87' lang='lat' dir='ltr'><strong>parandi</strong></span> <span class='ocrx_word' id='word_1_190' title='bbox 983 2717 1152 2770; x_wconf 89' lang='lat' dir='ltr'><strong>vietus</strong></span> <span class='ocrx_word' id='word_1_191' title='bbox 1195 2711 1478 2768; x_wconf 76' lang='lat' dir='ltr'><strong>artificium</strong></span> <span class='ocrx_word' id='word_1_192' title='bbox 1526 2712 1718 2768; x_wconf 81' lang='lat' dir='ltr'><strong>tenes?</strong></span> <span class='ocrx_word' id='word_1_193' title='bbox 1756 2725 1938 2766; x_wconf 86' lang='lat' dir='ltr'><strong>verum</strong></span> 
     </span>
    </p>
   </div>
   <div class='ocr_carea' id='block_1_26' title="bbox 348 2803 1938 2875">
    <p class='ocr_par' dir='ltr' id='par_1_26' title="bbox 348 2803 1938 2875">
     <span class='ocr_line' id='line_1_26' title="bbox 348 2803 1938 2875; baseline -0.005 -11"><span class='ocrx_word' id='word_1_194' title='bbox 348 2810 599 2866; x_wconf 63' lang='lat' dir='ltr'><strong>formica:</strong></span> <span class='ocrx_word' id='word_1_195' title='bbox 641 2811 805 2864; x_wconf 79' lang='lat' dir='ltr'><strong>cedis.</strong></span> <span class='ocrx_word' id='word_1_196' title='bbox 844 2808 912 2862; x_wconf 75' lang='lat' dir='ltr'><strong>At</strong></span> <span class='ocrx_word' id='word_1_197' title='bbox 951 2821 1140 2860; x_wconf 88' lang='lat' dir='ltr'><strong>aurntn</strong></span> <span class='ocrx_word' id='word_1_198' title='bbox 1183 2803 1403 2875; x_wconf 82' lang='lat' dir='ltr'><strong>gestas?</strong></span> <span class='ocrx_word' id='word_1_199' title='bbox 1441 2815 1622 2858; x_wconf 87' lang='lat' dir='ltr'><strong>verum</strong></span> <span class='ocrx_word' id='word_1_200' title='bbox 1663 2819 1767 2856; x_wconf 91' lang='lat' dir='ltr'><strong>non</strong></span> <span class='ocrx_word' id='word_1_201' title='bbox 1814 2804 1938 2856; x_wconf 87' lang='lat' dir='ltr'><strong>itent</strong></span> 
     </span>
    </p>
   </div>
   <div class='ocr_carea' id='block_1_27' title="bbox 345 2894 1940 2971">
    <p class='ocr_par' dir='ltr' id='par_1_27' title="bbox 345 2894 1940 2971">
     <span class='ocr_line' id='line_1_27' title="bbox 345 2894 1940 2971; baseline -0.005 -16"><span class='ocrx_word' id='word_1_202' title='bbox 345 2914 510 2971; x_wconf 87' lang='lat' dir='ltr'><strong>atque</strong></span> <span class='ocrx_word' id='word_1_203' title='bbox 556 2900 750 2955; x_wconf 79' lang='lat' dir='ltr'><strong>ludiczn</strong></span> <span class='ocrx_word' id='word_1_204' title='bbox 797 2898 1056 2953; x_wconf 69' lang='lat' dir='ltr'><strong>formica}.</strong></span> <span class='ocrx_word' id='word_1_205' title='bbox 1093 2900 1162 2950; x_wconf 74' lang='lat' dir='ltr'><strong>At</strong></span> <span class='ocrx_word' id='word_1_206' title='bbox 1203 2896 1405 2950; x_wconf 85' lang='lat' dir='ltr'><strong>sanitas</strong></span> <span class='ocrx_word' id='word_1_207' title='bbox 1451 2905 1500 2949; x_wconf 91' lang='lat' dir='ltr'><strong>le</strong></span> <span class='ocrx_word' id='word_1_208' title='bbox 1539 2894 1732 2948; x_wconf 87' lang='lat' dir='ltr'><strong>effert?</strong></span> <span class='ocrx_word' id='word_1_209' title='bbox 1770 2895 1940 2947; x_wconf 91' lang='lat' dir='ltr'><strong>multo</strong></span> 
     </span>
    </p>
   </div>
   <div class='ocr_carea' id='block_1_28' title="bbox 349 2981 1938 3050">
    <p class='ocr_par' dir='ltr' id='par_1_28' title="bbox 349 2981 1938 3050">
     <span class='ocr_line' id='line_1_28' title="bbox 349 2981 1938 3050; baseline -0.006 -5"><span class='ocrx_word' id='word_1_210' title='bbox 349 2993 552 3045; x_wconf 83' lang='lat' dir='ltr'><strong>melius</strong></span> <span class='ocrx_word' id='word_1_211' title='bbox 583 2990 754 3043; x_wconf 80' lang='lat' dir='ltr'><strong>brutis</strong></span> <span class='ocrx_word' id='word_1_212' title='bbox 778 2986 1143 3041; x_wconf 84' lang='lat' dir='ltr'><strong>animantibus</strong></span> <span class='ocrx_word' id='word_1_213' title='bbox 1170 2995 1254 3040; x_wconf 92' lang='lat' dir='ltr'><strong>est</strong></span> <span class='ocrx_word' id='word_1_214' title='bbox 1279 3027 1294 3050; x_wconf 89' lang='lat'><strong>,</strong></span> <span class='ocrx_word' id='word_1_215' title='bbox 1327 2985 1439 3038; x_wconf 88' lang='lat' dir='ltr'><strong>sive</strong></span> <span class='ocrx_word' id='word_1_216' title='bbox 1469 2983 1758 3036; x_wconf 85' lang='lat' dir='ltr'><strong>bonitatem</strong></span> <span class='ocrx_word' id='word_1_217' title='bbox 1786 2981 1938 3036; x_wconf 84' lang='lat' dir='ltr'><strong>habi—</strong></span> 
     </span>
    </p>
   </div>
   <div class='ocr_carea' id='block_1_29' title="bbox 349 3073 1940 3146">
    <p class='ocr_par' dir='ltr' id='par_1_29' title="bbox 349 3073 1940 3146">
     <span class='ocr_line' id='line_1_29' title="bbox 349 3073 1940 3146; baseline -0.003 -13"><span class='ocrx_word' id='word_1_218' title='bbox 349 3091 463 3142; x_wconf 86' lang='lat' dir='ltr'><strong>tus,</strong></span> <span class='ocrx_word' id='word_1_219' title='bbox 496 3079 615 3133; x_wconf 83' lang='lat' dir='ltr'><strong>sive</strong></span> <span class='ocrx_word' id='word_1_220' title='bbox 660 3078 1008 3146; x_wconf 76' lang='lat' dir='ltr'><strong>parandarum</strong></span> <span class='ocrx_word' id='word_1_221' title='bbox 1046 3091 1224 3130; x_wconf 87' lang='lat' dir='ltr'><strong>rermn</strong></span> <span class='ocrx_word' id='word_1_222' title='bbox 1271 3091 1389 3144; x_wconf 69' lang='lat' dir='ltr'><strong>quae</strong></span> <span class='ocrx_word' id='word_1_223' title='bbox 1429 3074 1494 3128; x_wconf 88' lang='lat' dir='ltr'><strong>ad</strong></span> <span class='ocrx_word' id='word_1_224' title='bbox 1539 3073 1699 3128; x_wconf 89' lang='lat' dir='ltr'><strong>vitam</strong></span> <span class='ocrx_word' id='word_1_225' title='bbox 1740 3074 1940 3129; x_wconf 72' lang='lat' dir='ltr'><strong>iaciunt</strong></span> 
     </span>
    </p>
   </div>
   <div class='ocr_carea' id='block_1_30' title="bbox 353 3166 1932 3237">
    <p class='ocr_par' dir='ltr' id='par_1_30' title="bbox 353 3166 1932 3237">
     <span class='ocr_line' id='line_1_30' title="bbox 353 3166 1932 3237; baseline 0 -16"><span class='ocrx_word' id='word_1_226' title='bbox 353 3167 667 3222; x_wconf 71' lang='lat' dir='ltr'><strong>fm-nltatem</strong></span> <span class='ocrx_word' id='word_1_227' title='bbox 719 3178 970 3237; x_wconf 83' lang='lat' dir='ltr'><strong>spectes:</strong></span> <span class='ocrx_word' id='word_1_228' title='bbox 1006 3183 1110 3221; x_wconf 91' lang='lat' dir='ltr'><strong>non</strong></span> <span class='ocrx_word' id='word_1_229' title='bbox 1161 3167 1246 3220; x_wconf 86' lang='lat' dir='ltr'><strong>illa</strong></span> <span class='ocrx_word' id='word_1_230' title='bbox 1295 3176 1659 3235; x_wconf 88' lang='lat' dir='ltr'><strong>paupertatem</strong></span> <span class='ocrx_word' id='word_1_231' title='bbox 1709 3166 1932 3220; x_wconf 86' lang='lat' dir='ltr'><strong>timent:</strong></span> 
     </span>
    </p>
   </div>
   <div class='ocr_carea' id='block_1_31' title="bbox 351 3258 1930 3329">
    <p class='ocr_par' dir='ltr' id='par_1_31' title="bbox 351 3258 1930 3329">
     <span class='ocr_line' id='line_1_31' title="bbox 351 3258 1930 3329; baseline -0.003 -17"><span class='ocrx_word' id='word_1_232' title='bbox 351 3258 617 3329; x_wconf 78' lang='lat' dir='ltr'><strong>Respicite</strong></span> <span class='ocrx_word' id='word_1_233' title='bbox 644 3258 808 3324; x_wconf 85' lang='lat' dir='ltr'><strong>enim,</strong></span> <span class='ocrx_word' id='word_1_234' title='bbox 836 3258 1024 3328; x_wconf 88' lang='lat' dir='ltr'><strong>inquit,</strong></span> <span class='ocrx_word' id='word_1_235' title='bbox 1053 3258 1280 3311; x_wconf 71' lang='lat' dir='ltr'><strong>volatilia</strong></span> <span class='ocrx_word' id='word_1_236' title='bbox 1308 3258 1440 3321; x_wconf 65' lang='lat' dir='ltr'><strong>cali,</strong></span> <span class='ocrx_word' id='word_1_237' title='bbox 1477 3273 1592 3328; x_wconf 78' lang='lat' dir='ltr'><strong>qna:</strong></span> <span class='ocrx_word' id='word_1_238' title='bbox 1616 3273 1715 3309; x_wconf 91' lang='lat' dir='ltr'><strong>non</strong></span> <span class='ocrx_word' id='word_1_239' title='bbox 1742 3269 1930 3320; x_wconf 83' lang='lat' dir='ltr'><strong>serunt,</strong></span> 
     </span>
    </p>
   </div>
   <div class='ocr_carea' id='block_1_32' title="bbox 345 3348 1927 3421">
    <p class='ocr_par' dir='ltr' id='par_1_32' title="bbox 345 3348 1927 3421">
     <span class='ocr_line' id='line_1_32' title="bbox 345 3348 1927 3421; baseline -0.001 -16"><span class='ocrx_word' id='word_1_240' title='bbox 345 3367 513 3421; x_wconf 74' lang='lat' dir='ltr'><strong>neque</strong></span> <span class='ocrx_word' id='word_1_241' title='bbox 555 3359 776 3414; x_wconf 84' lang='lat' dir='ltr'><strong>metant,</strong></span> <span class='ocrx_word' id='word_1_242' title='bbox 811 3366 968 3420; x_wconf 82' lang='lat' dir='ltr'><strong>neque</strong></span> <span class='ocrx_word' id='word_1_243' title='bbox 1000 3358 1304 3419; x_wconf 78' lang='lat' dir='ltr'><strong>congregant</strong></span> <span class='ocrx_word' id='word_1_244' title='bbox 1338 3349 1389 3402; x_wconf 87' lang='lat' dir='ltr'><strong>in</strong></span> <span class='ocrx_word' id='word_1_245' title='bbox 1419 3348 1600 3402; x_wconf 69' lang='lat' dir='ltr'><strong>horrea</strong></span> <span class='ocrx_word' id='word_1_246' title='bbox 1631 3348 1842 3420; x_wconf 80' lang='lat' dir='ltr'><strong>(Matth.</strong></span> <span class='ocrx_word' id='word_1_247' title='bbox 1873 3350 1927 3403; x_wconf 96' lang='lat'><strong>6.</strong></span> 
     </span>
    </p>
   </div>
   <div class='ocr_carea' id='block_1_33' title="bbox 343 3439 1934 3513">
    <p class='ocr_par' dir='ltr' id='par_1_33' title="bbox 343 3439 1934 3513">
     <span class='ocr_line' id='line_1_33' title="bbox 343 3439 1934 3513; baseline -0.002 -17"><span class='ocrx_word' id='word_1_248' title='bbox 343 3442 463 3513; x_wconf 74' lang='lat'><strong>26).</strong></span> <span class='ocrx_word' id='word_1_249' title='bbox 486 3443 658 3513; x_wconf 81' lang='lat' dir='ltr'><strong>Ergo,</strong></span> <span class='ocrx_word' id='word_1_250' title='bbox 677 3442 905 3512; x_wconf 86' lang='lat' dir='ltr'><strong>inquies,</strong></span> <span class='ocrx_word' id='word_1_251' title='bbox 931 3442 1080 3496; x_wconf 91' lang='lat' dir='ltr'><strong>bruta</strong></span> <span class='ocrx_word' id='word_1_252' title='bbox 1103 3440 1214 3510; x_wconf 90' lang='lat' dir='ltr'><strong>ipsa</strong></span> <span class='ocrx_word' id='word_1_253' title='bbox 1239 3439 1389 3494; x_wconf 82' lang='lat' dir='ltr'><strong>nobis</strong></span> <span class='ocrx_word' id='word_1_254' title='bbox 1407 3441 1773 3510; x_wconf 79' lang='lat' dir='ltr'><strong>pnestantiora</strong></span> <span class='ocrx_word' id='word_1_255' title='bbox 1794 3440 1934 3494; x_wconf 82' lang='lat' dir='ltr'><strong>Dens</strong></span> 
     </span>
    </p>
   </div>
   <div class='ocr_carea' id='block_1_34' title="bbox 342 3523 1933 3604">
    <p class='ocr_par' dir='ltr' id='par_1_34' title="bbox 342 3523 1933 3604">
     <span class='ocr_line' id='line_1_34' title="bbox 342 3523 1933 3604; baseline -0.003 -17"><span class='ocrx_word' id='word_1_256' title='bbox 342 3533 588 3588; x_wconf 88' lang='lat' dir='ltr'><strong>condidit</strong></span> <span class='ocrx_word' id='word_1_257' title='bbox 603 3533 784 3589; x_wconf 71' lang='lat' dir='ltr'><strong>.V&#39;idcs</strong></span> <span class='ocrx_word' id='word_1_258' title='bbox 795 3541 990 3604; x_wconf 87' lang='lat' dir='ltr'><strong>quanta</strong></span> <span class='ocrx_word' id='word_1_259' title='bbox 1008 3533 1077 3586; x_wconf 91' lang='lat' dir='ltr'><strong>sit</strong></span> <span class='ocrx_word' id='word_1_260' title='bbox 1094 3523 1577 3586; x_wconf 87' lang='lat' dir='ltr'><strong>inconsiderantia?</strong></span> <span class='ocrx_word' id='word_1_261' title='bbox 1595 3531 1762 3597; x_wconf 85' lang='lat' dir='ltr'><strong>vides,</strong></span> <span class='ocrx_word' id='word_1_262' title='bbox 1777 3547 1933 3600; x_wconf 88' lang='lat' dir='ltr'><strong>quam</strong></span> 
     </span>
    </p>
   </div>
   <div class='ocr_carea' id='block_1_35' title="bbox 344 3621 1932 3692">
    <p class='ocr_par' dir='ltr' id='par_1_35' title="bbox 344 3621 1932 3692">
     <span class='ocr_line' id='line_1_35' title="bbox 344 3621 1932 3692; baseline -0.001 -16"><span class='ocrx_word' id='word_1_263' title='bbox 344 3622 688 3692; x_wconf 76' lang='lat' dir='ltr'><strong>negligenter</strong></span> <span class='ocrx_word' id='word_1_264' title='bbox 727 3637 813 3678; x_wconf 87' lang='lat' dir='ltr'><strong>res</strong></span> <span class='ocrx_word' id='word_1_265' title='bbox 853 3623 1261 3677; x_wconf 75' lang='lat' dir='ltr'><strong>exzuninentur?</strong></span> <span class='ocrx_word' id='word_1_266' title='bbox 1300 3621 1466 3686; x_wconf 82' lang='lat' dir='ltr'><strong>vides,</strong></span> <span class='ocrx_word' id='word_1_267' title='bbox 1511 3631 1765 3692; x_wconf 89' lang='lat' dir='ltr'><strong>quantum</strong></span> <span class='ocrx_word' id='word_1_268' title='bbox 1806 3621 1932 3675; x_wconf 88' lang='lat' dir='ltr'><strong>ilhnl</strong></span> 
     </span>
    </p>
   </div>
   <div class='ocr_carea' id='block_1_36' title="bbox 345 3709 1936 3780">
    <p class='ocr_par' dir='ltr' id='par_1_36' title="bbox 345 3709 1936 3780">
     <span class='ocr_line' id='line_1_36' title="bbox 345 3709 1936 3780; baseline 0 -16"><span class='ocrx_word' id='word_1_269' title='bbox 345 3710 422 3765; x_wconf 85' lang='lat' dir='ltr'><strong>sit</strong></span> <span class='ocrx_word' id='word_1_270' title='bbox 446 3753 458 3773; x_wconf 92' lang='lat'><strong>,</strong></span> <span class='ocrx_word' id='word_1_271' title='bbox 503 3711 652 3780; x_wconf 75' lang='lat' dir='ltr'><strong>quod</strong></span> <span class='ocrx_word' id='word_1_272' title='bbox 688 3728 863 3765; x_wconf 88' lang='lat' dir='ltr'><strong>rerum</strong></span> <span class='ocrx_word' id='word_1_273' title='bbox 895 3713 1128 3780; x_wconf 88' lang='lat' dir='ltr'><strong>ipsarum</strong></span> <span class='ocrx_word' id='word_1_274' title='bbox 1165 3711 1368 3780; x_wconf 89' lang='lat' dir='ltr'><strong>pondus</strong></span> <span class='ocrx_word' id='word_1_275' title='bbox 1396 3711 1750 3764; x_wconf 74' lang='lat' dir='ltr'><strong>examinatum</strong></span> <span class='ocrx_word' id='word_1_276' title='bbox 1784 3709 1936 3764; x_wconf 89' lang='lat' dir='ltr'><strong>nobis</strong></span> 
     </span>
    </p>
   </div>
   <div class='ocr_carea' id='block_1_37' title="bbox 346 3799 1936 3872">
    <p class='ocr_par' dir='ltr' id='par_1_37' title="bbox 346 3799 1936 3872">
     <span class='ocr_line' id='line_1_37' title="bbox 346 3799 1936 3872; baseline -0.001 -15"><span class='ocrx_word' id='word_1_277' title='bbox 346 3802 632 3872; x_wconf 81' lang='lat' dir='ltr'><strong>largitur?</strong></span> <span class='ocrx_word' id='word_1_278' title='bbox 673 3799 770 3858; x_wconf 86' lang='lat' dir='ltr'><strong>ille</strong></span> <span class='ocrx_word' id='word_1_279' title='bbox 807 3802 894 3872; x_wconf 85' lang='lat' dir='ltr'><strong>qui</strong></span> <span class='ocrx_word' id='word_1_280' title='bbox 939 3819 1047 3872; x_wconf 69' lang='lat' dir='ltr'><strong>pra:</strong></span> <span class='ocrx_word' id='word_1_281' title='bbox 1085 3804 1330 3859; x_wconf 87' lang='lat' dir='ltr'><strong>onmihus</strong></span> <span class='ocrx_word' id='word_1_282' title='bbox 1372 3799 1676 3857; x_wconf 89' lang='lat' dir='ltr'><strong>hominibus</strong></span> <span class='ocrx_word' id='word_1_283' title='bbox 1717 3817 1936 3872; x_wconf 80' lang='lat' dir='ltr'><strong>magnos</strong></span> 
     </span>
    </p>
   </div>
   <div class='ocr_carea' id='block_1_38' title="bbox 337 3890 1932 3962">
    <p class='ocr_par' dir='ltr' id='par_1_38' title="bbox 337 3890 1932 3962">
     <span class='ocr_line' id='line_1_38' title="bbox 337 3890 1932 3962; baseline 0.001 -16"><span class='ocrx_word' id='word_1_284' title='bbox 337 3890 583 3962; x_wconf 75' lang='lat' dir='ltr'><strong>Spiritus</strong></span> <span class='ocrx_word' id='word_1_285' title='bbox 611 3891 875 3954; x_wconf 86' lang='lat' dir='ltr'><strong>sumebat.</strong></span> <span class='ocrx_word' id='word_1_286' title='bbox 906 3895 984 3947; x_wconf 89' lang='lat' dir='ltr'><strong>vel</strong></span> <span class='ocrx_word' id='word_1_287' title='bbox 1015 3892 1180 3948; x_wconf 90' lang='lat' dir='ltr'><strong>brutis</strong></span> <span class='ocrx_word' id='word_1_288' title='bbox 1207 3891 1361 3949; x_wconf 87' lang='lat' dir='ltr'><strong>vilior</strong></span> <span class='ocrx_word' id='word_1_289' title='bbox 1389 3909 1508 3949; x_wconf 89' lang='lat' dir='ltr'><strong>esse</strong></span> <span class='ocrx_word' id='word_1_290' title='bbox 1533 3893 1803 3948; x_wconf 88' lang='lat' dir='ltr'><strong>convictus</strong></span> <span class='ocrx_word' id='word_1_291' title='bbox 1831 3900 1932 3948; x_wconf 88' lang='lat' dir='ltr'><strong>est.</strong></span> 
     </span>
    </p>
   </div>
   <div class='ocr_carea' id='block_1_39' title="bbox 332 3979 1936 4056">
    <p class='ocr_par' dir='ltr' id='par_1_39' title="bbox 332 3979 1936 4056">
     <span class='ocr_line' id='line_1_39' title="bbox 332 3979 1936 4056; baseline 0.001 -19"><span class='ocrx_word' id='word_1_292' title='bbox 332 3979 451 4038; x_wconf 79' lang='lat' dir='ltr'><strong>Sed</strong></span> <span class='ocrx_word' id='word_1_293' title='bbox 487 3997 598 4037; x_wconf 89' lang='lat' dir='ltr'><strong>nos</strong></span> <span class='ocrx_word' id='word_1_294' title='bbox 625 3983 674 4038; x_wconf 89' lang='lat' dir='ltr'><strong>ei</strong></span> <span class='ocrx_word' id='word_1_295' title='bbox 702 3996 1018 4052; x_wconf 89' lang='lat' dir='ltr'><strong>parcamus;</strong></span> <span class='ocrx_word' id='word_1_296' title='bbox 1049 3997 1219 4054; x_wconf 87' lang='lat' dir='ltr'><strong>neque</strong></span> <span class='ocrx_word' id='word_1_297' title='bbox 1247 3983 1418 4056; x_wconf 91' lang='lat' dir='ltr'><strong>ipsum</strong></span> <span class='ocrx_word' id='word_1_298' title='bbox 1449 3986 1735 4050; x_wconf 87' lang='lat' dir='ltr'><strong>imitemur,</strong></span> <span class='ocrx_word' id='word_1_299' title='bbox 1763 3997 1936 4054; x_wconf 88' lang='lat' dir='ltr'><strong>neque</strong></span> 
     </span>
    </p>
   </div>
   <div class='ocr_carea' id='block_1_40' title="bbox 331 4073 1934 4144">
    <p class='ocr_par' dir='ltr' id='par_1_40' title="bbox 331 4073 1934 4144">
     <span class='ocr_line' id='line_1_40' title="bbox 331 4073 1934 4144; baseline 0.001 -18"><span class='ocrx_word' id='word_1_300' title='bbox 331 4076 463 4143; x_wconf 86' lang='lat' dir='ltr'><strong>quia</strong></span> <span class='ocrx_word' id='word_1_301' title='bbox 495 4089 667 4142; x_wconf 89' lang='lat' dir='ltr'><strong>supra</strong></span> <span class='ocrx_word' id='word_1_302' title='bbox 699 4081 895 4128; x_wconf 72' lang='lat' dir='ltr'><strong>nostra:</strong></span> <span class='ocrx_word' id='word_1_303' title='bbox 925 4081 1126 4130; x_wconf 79' lang='lat' dir='ltr'><strong>natura:</strong></span> <span class='ocrx_word' id='word_1_304' title='bbox 1151 4074 1515 4130; x_wconf 82' lang='lat' dir='ltr'><strong>conditionem</strong></span> <span class='ocrx_word' id='word_1_305' title='bbox 1546 4073 1612 4131; x_wconf 90' lang='lat' dir='ltr'><strong>de</strong></span> <span class='ocrx_word' id='word_1_306' title='bbox 1639 4091 1698 4130; x_wconf 90' lang='lat' dir='ltr'><strong>se</strong></span> <span class='ocrx_word' id='word_1_307' title='bbox 1731 4078 1934 4144; x_wconf 82' lang='lat' dir='ltr'><strong>magni-</strong></span> 
     </span>
    </p>
   </div>
   <div class='ocr_carea' id='block_1_41' title="bbox 333 4164 1937 4236">
    <p class='ocr_par' dir='ltr' id='par_1_41' title="bbox 333 4164 1937 4236">
     <span class='ocr_line' id='line_1_41' title="bbox 333 4164 1937 4236; baseline 0 -14"><span class='ocrx_word' id='word_1_308' title='bbox 333 4169 440 4223; x_wconf 77' lang='lat' dir='ltr'><strong>llce</strong></span> <span class='ocrx_word' id='word_1_309' title='bbox 469 4167 670 4231; x_wconf 89' lang='lat' dir='ltr'><strong>sentit,</strong></span> <span class='ocrx_word' id='word_1_310' title='bbox 699 4164 964 4236; x_wconf 84' lang='lat' dir='ltr'><strong>dejectum</strong></span> <span class='ocrx_word' id='word_1_311' title='bbox 995 4167 1140 4222; x_wconf 90' lang='lat' dir='ltr'><strong>illum</strong></span> <span class='ocrx_word' id='word_1_312' title='bbox 1168 4167 1220 4221; x_wconf 90' lang='lat' dir='ltr'><strong>in</strong></span> <span class='ocrx_word' id='word_1_313' title='bbox 1247 4169 1520 4220; x_wconf 90' lang='lat' dir='ltr'><strong>brutornm</strong></span> <span class='ocrx_word' id='word_1_314' title='bbox 1551 4168 1738 4222; x_wconf 89' lang='lat' dir='ltr'><strong>ordine</strong></span> <span class='ocrx_word' id='word_1_315' title='bbox 1760 4164 1937 4234; x_wconf 83' lang='lat' dir='ltr'><strong>jacere</strong></span> 
     </span>
    </p>
   </div>
   <div class='ocr_carea' id='block_1_42' title="bbox 257 4256 1934 4327">
    <p class='ocr_par' dir='ltr' id='par_1_42' title="bbox 257 4256 1934 4327">
     <span class='ocr_line' id='line_1_42' title="bbox 257 4256 1934 4327; baseline -0.001 -17"><span class='ocrx_word' id='word_1_316' title='bbox 257 4291 260 4294; x_wconf 62' lang='grc' dir='ltr'><em>η</em></span> <span class='ocrx_word' id='word_1_317' title='bbox 333 4259 619 4327; x_wconf 84' lang='lat' dir='ltr'><strong>patiamur</strong></span> <span class='ocrx_word' id='word_1_318' title='bbox 639 4299 656 4324; x_wconf 93' lang='lat'><strong>,</strong></span> <span class='ocrx_word' id='word_1_319' title='bbox 694 4258 788 4312; x_wconf 87' lang='lat' dir='ltr'><strong>sed</strong></span> <span class='ocrx_word' id='word_1_320' title='bbox 830 4258 952 4313; x_wconf 91' lang='lat' dir='ltr'><strong>inde</strong></span> <span class='ocrx_word' id='word_1_321' title='bbox 981 4260 1152 4326; x_wconf 90' lang='lat' dir='ltr'><strong>ipsum</strong></span> <span class='ocrx_word' id='word_1_322' title='bbox 1184 4257 1528 4312; x_wconf 77' lang='lat' dir='ltr'><strong>cxtrahamus</strong></span> <span class='ocrx_word' id='word_1_323' title='bbox 1556 4266 1715 4326; x_wconf 89' lang='lat' dir='ltr'><strong>atque</strong></span> <span class='ocrx_word' id='word_1_324' title='bbox 1737 4256 1934 4313; x_wconf 78' lang='lat' dir='ltr'><strong>eveha-</strong></span> 
     </span>
    </p>
   </div>
   <div class='ocr_carea' id='block_1_43' title="bbox 331 4347 1934 4418">
    <p class='ocr_par' dir='ltr' id='par_1_43' title="bbox 331 4347 1934 4418">
     <span class='ocr_line' id='line_1_43' title="bbox 331 4347 1934 4418; baseline 0 -16"><span class='ocrx_word' id='word_1_325' title='bbox 331 4365 479 4412; x_wconf 80' lang='lat' dir='ltr'><strong>nius,</strong></span> <span class='ocrx_word' id='word_1_326' title='bbox 513 4364 628 4402; x_wconf 86' lang='lat' dir='ltr'><strong>non</strong></span> <span class='ocrx_word' id='word_1_327' title='bbox 661 4347 877 4413; x_wconf 81' lang='lat' dir='ltr'><strong>quidem</strong></span> <span class='ocrx_word' id='word_1_328' title='bbox 903 4348 1068 4416; x_wconf 76' lang='lat' dir='ltr'><strong>ipsius</strong></span> <span class='ocrx_word' id='word_1_329' title='bbox 1089 4349 1292 4416; x_wconf 81' lang='lat' dir='ltr'><strong>gra=ia;</strong></span> <span class='ocrx_word' id='word_1_330' title='bbox 1324 4364 1443 4401; x_wconf 88' lang='lat' dir='ltr'><strong>nam</strong></span> <span class='ocrx_word' id='word_1_331' title='bbox 1476 4349 1563 4402; x_wconf 91' lang='lat' dir='ltr'><strong>illc</strong></span> <span class='ocrx_word' id='word_1_332' title='bbox 1584 4348 1818 4417; x_wconf 88' lang='lat' dir='ltr'><strong>quidem,</strong></span> <span class='ocrx_word' id='word_1_333' title='bbox 1844 4349 1934 4418; x_wconf 91' lang='lat' dir='ltr'><strong>qui</strong></span> 
     </span>
    </p>
   </div>
   <div class='ocr_carea' id='block_1_44' title="bbox 331 4438 1938 4506">
    <p class='ocr_par' dir='ltr' id='par_1_44' title="bbox 331 4438 1938 4506">
     <span class='ocr_line' id='line_1_44' title="bbox 331 4438 1938 4506; baseline 0 -14"><span class='ocrx_word' id='word_1_334' title='bbox 331 4438 479 4495; x_wconf 85' lang='lat' dir='ltr'><strong>banc</strong></span> <span class='ocrx_word' id='word_1_335' title='bbox 506 4440 884 4492; x_wconf 77' lang='lat' dir='ltr'><strong>conditionem</strong></span> <span class='ocrx_word' id='word_1_336' title='bbox 917 4439 1104 4493; x_wconf 79' lang='lat' dir='ltr'><strong>subeat</strong></span> <span class='ocrx_word' id='word_1_337' title='bbox 1131 4439 1324 4506; x_wconf 82' lang='lat' dir='ltr'><strong>dignus</strong></span> <span class='ocrx_word' id='word_1_338' title='bbox 1354 4450 1433 4492; x_wconf 89' lang='lat' dir='ltr'><strong>est</strong></span> <span class='ocrx_word' id='word_1_339' title='bbox 1462 4456 1476 4502; x_wconf 88' lang='lat'><strong>;</strong></span> <span class='ocrx_word' id='word_1_340' title='bbox 1509 4440 1601 4494; x_wconf 87' lang='lat' dir='ltr'><strong>sed</strong></span> <span class='ocrx_word' id='word_1_341' title='bbox 1632 4447 1689 4493; x_wconf 87' lang='lat' dir='ltr'><strong>ut</strong></span> <span class='ocrx_word' id='word_1_342' title='bbox 1717 4440 1806 4494; x_wconf 89' lang='lat' dir='ltr'><strong>Dei</strong></span> <span class='ocrx_word' id='word_1_343' title='bbox 1841 4439 1938 4494; x_wconf 83' lang='lat' dir='ltr'><strong>litt-</strong></span> 
     </span>
    </p>
   </div>
   <div class='ocr_carea' id='block_1_45' title="bbox 327 4528 1934 4600">
    <p class='ocr_par' dir='ltr' id='par_1_45' title="bbox 327 4528 1934 4600">
     <span class='ocr_line' id='line_1_45' title="bbox 327 4528 1934 4600; baseline -0.001 -16"><span class='ocrx_word' id='word_1_344' title='bbox 327 4529 578 4584; x_wconf 83' lang='lat' dir='ltr'><strong>tnanitas</strong></span> <span class='ocrx_word' id='word_1_345' title='bbox 610 4528 892 4600; x_wconf 82' lang='lat' dir='ltr'><strong>honosque</strong></span> <span class='ocrx_word' id='word_1_346' title='bbox 914 4529 980 4583; x_wconf 90' lang='lat' dir='ltr'><strong>ab</strong></span> <span class='ocrx_word' id='word_1_347' title='bbox 1001 4545 1066 4583; x_wconf 89' lang='lat' dir='ltr'><strong>eo</strong></span> <span class='ocrx_word' id='word_1_348' title='bbox 1094 4531 1246 4584; x_wconf 85' lang='lat' dir='ltr'><strong>nobis</strong></span> <span class='ocrx_word' id='word_1_349' title='bbox 1271 4531 1498 4584; x_wconf 89' lang='lat' dir='ltr'><strong>tributus</strong></span> <span class='ocrx_word' id='word_1_350' title='bbox 1523 4531 1934 4585; x_wconf 89' lang='lat' dir='ltr'><strong>demonstretur.</strong></span> 
     </span>
    </p>
   </div>
   <div class='ocr_carea' id='block_1_46' title="bbox 327 4617 1936 4689">
    <p class='ocr_par' dir='ltr' id='par_1_46' title="bbox 327 4617 1936 4689">
     <span class='ocr_line' id='line_1_46' title="bbox 327 4617 1936 4689; baseline 0.002 -17"><span class='ocrx_word' id='word_1_351' title='bbox 327 4617 475 4672; x_wconf 84' lang='lat' dir='ltr'><strong>Sunt</strong></span> <span class='ocrx_word' id='word_1_352' title='bbox 515 4620 696 4682; x_wconf 89' lang='lat' dir='ltr'><strong>enim,</strong></span> <span class='ocrx_word' id='word_1_353' title='bbox 731 4626 854 4672; x_wconf 89' lang='lat' dir='ltr'><strong>sunt</strong></span> <span class='ocrx_word' id='word_1_354' title='bbox 897 4618 1116 4673; x_wconf 87' lang='lat' dir='ltr'><strong>omnino</strong></span> <span class='ocrx_word' id='word_1_355' title='bbox 1161 4619 1426 4689; x_wconf 69' lang='lat' dir='ltr'><strong>quaedam,</strong></span> <span class='ocrx_word' id='word_1_356' title='bbox 1479 4622 1529 4674; x_wconf 92' lang='lat' dir='ltr'><strong>in</strong></span> <span class='ocrx_word' id='word_1_357' title='bbox 1570 4620 1762 4689; x_wconf 88' lang='lat' dir='ltr'><strong>quibus</strong></span> <span class='ocrx_word' id='word_1_358' title='bbox 1807 4620 1936 4675; x_wconf 86' lang='lat' dir='ltr'><strong>nihil</strong></span> 
     </span>
    </p>
   </div>
   <div class='ocr_carea' id='block_1_47' title="bbox 328 4707 1936 4776">
    <p class='ocr_par' dir='ltr' id='par_1_47' title="bbox 328 4707 1936 4776">
     <span class='ocr_line' id='line_1_47' title="bbox 328 4707 1936 4776; baseline 0 -12"><span class='ocrx_word' id='word_1_359' title='bbox 328 4707 518 4764; x_wconf 80' lang='lat' dir='ltr'><strong>brutis</strong></span> <span class='ocrx_word' id='word_1_360' title='bbox 545 4710 912 4764; x_wconf 88' lang='lat' dir='ltr'><strong>animantibus</strong></span> <span class='ocrx_word' id='word_1_361' title='bbox 944 4711 1223 4764; x_wconf 86' lang='lat' dir='ltr'><strong>nobiscum</strong></span> <span class='ocrx_word' id='word_1_362' title='bbox 1250 4726 1535 4766; x_wconf 91' lang='lat' dir='ltr'><strong>connnune</strong></span> <span class='ocrx_word' id='word_1_363' title='bbox 1557 4722 1660 4765; x_wconf 86' lang='lat' dir='ltr'><strong>est.</strong></span> <span class='ocrx_word' id='word_1_364' title='bbox 1685 4711 1936 4776; x_wconf 73' lang='lat' dir='ltr'><strong>Quantam</strong></span> 
     </span>
    </p>
   </div>
   <div class='ocr_carea' id='block_1_48' title="bbox 326 4798 1939 4870">
    <p class='ocr_par' dir='ltr' id='par_1_48' title="bbox 326 4798 1939 4870">
     <span class='ocr_line' id='line_1_48' title="bbox 326 4798 1939 4870; baseline 0.002 -18"><span class='ocrx_word' id='word_1_365' title='bbox 326 4799 452 4853; x_wconf 79' lang='lat' dir='ltr'><strong>inec</strong></span> <span class='ocrx_word' id='word_1_366' title='bbox 475 4798 500 4852; x_wconf 65' lang='grc' dir='ltr'><strong><em>ἲ</em></strong></span> <span class='ocrx_word' id='word_1_367' title='bbox 533 4798 745 4861; x_wconf 79' lang='lat' dir='ltr'><strong>Pietas,</strong></span> <span class='ocrx_word' id='word_1_368' title='bbox 772 4808 820 4853; x_wconf 91' lang='lat' dir='ltr'><strong>et</strong></span> <span class='ocrx_word' id='word_1_369' title='bbox 848 4801 950 4853; x_wconf 90' lang='lat' dir='ltr'><strong>vita</strong></span> <span class='ocrx_word' id='word_1_370' title='bbox 982 4800 1164 4852; x_wconf 87' lang='lat' dir='ltr'><strong>virtuti</strong></span> <span class='ocrx_word' id='word_1_371' title='bbox 1187 4813 1512 4869; x_wconf 67' lang='lat' dir='ltr'><strong>congruens.</strong></span> <span class='ocrx_word' id='word_1_372' title='bbox 1542 4801 1637 4854; x_wconf 90' lang='lat' dir='ltr'><strong>llic</strong></span> <span class='ocrx_word' id='word_1_373' title='bbox 1661 4815 1764 4854; x_wconf 92' lang='lat' dir='ltr'><strong>non</strong></span> <span class='ocrx_word' id='word_1_374' title='bbox 1791 4811 1939 4870; x_wconf 88' lang='lat' dir='ltr'><strong>potes</strong></span> 
     </span>
    </p>
   </div>
   <div class='ocr_carea' id='block_1_49' title="bbox 321 4888 1937 4956">
    <p class='ocr_par' dir='ltr' id='par_1_49' title="bbox 321 4888 1937 4956">
     <span class='ocr_line' id='line_1_49' title="bbox 321 4888 1937 4956; baseline 0.003 -14"><span class='ocrx_word' id='word_1_375' title='bbox 321 4889 380 4943; x_wconf 90' lang='lat' dir='ltr'><strong>in</strong></span> <span class='ocrx_word' id='word_1_376' title='bbox 431 4889 686 4945; x_wconf 87' lang='lat' dir='ltr'><strong>tnedittrn</strong></span> <span class='ocrx_word' id='word_1_377' title='bbox 739 4888 1006 4944; x_wconf 84' lang='lat' dir='ltr'><strong>adducere</strong></span> <span class='ocrx_word' id='word_1_378' title='bbox 1050 4898 1397 4952; x_wconf 60' lang='lat' dir='ltr'><strong>scortatores,</strong></span> <span class='ocrx_word' id='word_1_379' title='bbox 1432 4905 1537 4944; x_wconf 88' lang='lat' dir='ltr'><strong>non</strong></span> <span class='ocrx_word' id='word_1_380' title='bbox 1580 4891 1787 4956; x_wconf 88' lang='lat' dir='ltr'><strong>molles,</strong></span> <span class='ocrx_word' id='word_1_381' title='bbox 1834 4906 1937 4947; x_wconf 91' lang='lat' dir='ltr'><strong>nott</strong></span> 
     </span>
    </p>
   </div>
   <div class='ocr_carea' id='block_1_50' title="bbox 1271 493 2796 563">
    <p class='ocr_par' dir='ltr' id='par_1_50' title="bbox 1271 493 2796 563">
     <span class='ocr_line' id='line_1_50' title="bbox 1271 493 2796 563; baseline 0.003 -4"><span class='ocrx_word' id='word_1_382' title='bbox 1271 501 1338 560; x_wconf 81' lang='grc' dir='ltr'><strong>ΙΝ</strong></span> <span class='ocrx_word' id='word_1_383' title='bbox 1379 499 1593 561; x_wconf 78' lang='lat' dir='ltr'><strong>EPIST.</strong></span> <span class='ocrx_word' id='word_1_384' title='bbox 1633 496 1728 559; x_wconf 76' lang='lat' dir='ltr'><strong>AD</strong></span> <span class='ocrx_word' id='word_1_385' title='bbox 1765 493 2052 558; x_wconf 79' lang='lat' dir='ltr'><strong>PiliLli’l‘.</strong></span> <span class='ocrx_word' id='word_1_386' title='bbox 2093 503 2239 556; x_wconf 60' lang='lat' dir='ltr'><strong>CAP.</strong></span> <span class='ocrx_word' id='word_1_387' title='bbox 2288 505 2344 560; x_wconf 93' lang='grc'><strong>11.</strong></span> <span class='ocrx_word' id='word_1_388' title='bbox 2388 505 2618 562; x_wconf 64' lang='grc'><strong>1103111..</strong></span> <span class='ocrx_word' id='word_1_389' title='bbox 2660 504 2796 563; x_wconf 77' lang='lat' dir='ltr'><strong>Vill.</strong></span> 
     </span>
    </p>
   </div>
   <div class='ocr_carea' id='block_1_51' title="bbox 3539 511 3644 564">
    <p class='ocr_par' dir='ltr' id='par_1_51' title="bbox 3539 511 3644 564">
     <span class='ocr_line' id='line_1_51' title="bbox 3539 511 3644 564; baseline 0 0"><span class='ocrx_word' id='word_1_390' title='bbox 3539 511 3644 564; x_wconf 56' lang='lat'><strong>‘23?</strong></span> 
     </span>
    </p>
   </div>
   <div class='ocr_carea' id='block_1_52' title="bbox 2065 615 3641 688">
    <p class='ocr_par' dir='ltr' id='par_1_52' title="bbox 2065 615 3641 688">
     <span class='ocr_line' id='line_1_52' title="bbox 2065 615 3641 688; baseline 0.003 -19"><span class='ocrx_word' id='word_1_391' title='bbox 2065 615 2395 682; x_wconf 81' lang='lat' dir='ltr'><strong>homicidas;</strong></span> <span class='ocrx_word' id='word_1_392' title='bbox 2429 617 2584 688; x_wconf 86' lang='lat' dir='ltr'><strong>longe</strong></span> <span class='ocrx_word' id='word_1_393' title='bbox 2625 620 2768 674; x_wconf 89' lang='lat' dir='ltr'><strong>enitn</strong></span> <span class='ocrx_word' id='word_1_394' title='bbox 2795 621 2863 674; x_wconf 86' lang='lat' dir='ltr'><strong>ab</strong></span> <span class='ocrx_word' id='word_1_395' title='bbox 2891 616 2994 674; x_wconf 89' lang='lat' dir='ltr'><strong>illis</strong></span> <span class='ocrx_word' id='word_1_396' title='bbox 3032 619 3310 674; x_wconf 63' lang='lat' dir='ltr'><strong>distamus.</strong></span> <span class='ocrx_word' id='word_1_397' title='bbox 3344 621 3478 688; x_wconf 79' lang='lat' dir='ltr'><strong>Quid</strong></span> <span class='ocrx_word' id='word_1_398' title='bbox 3515 636 3641 673; x_wconf 82' lang='lat' dir='ltr'><strong>vero</strong></span> 
     </span>
    </p>
   </div>
   <div class='ocr_carea' id='block_1_53' title="bbox 2065 705 3640 782">
    <p class='ocr_par' dir='ltr' id='par_1_53' title="bbox 2065 705 3640 782">
     <span class='ocr_line' id='line_1_53' title="bbox 2065 705 3640 782; baseline 0.005 -23"><span class='ocrx_word' id='word_1_399' title='bbox 2065 705 2166 760; x_wconf 86' lang='lat' dir='ltr'><strong>hoc</strong></span> <span class='ocrx_word' id='word_1_400' title='bbox 2186 708 2305 761; x_wconf 86' lang='lat' dir='ltr'><strong>est?</strong></span> <span class='ocrx_word' id='word_1_401' title='bbox 2329 708 2490 762; x_wconf 83' lang='lat' dir='ltr'><strong>Deum</strong></span> <span class='ocrx_word' id='word_1_402' title='bbox 2515 711 2780 774; x_wconf 86' lang='lat' dir='ltr'><strong>novimus,</strong></span> <span class='ocrx_word' id='word_1_403' title='bbox 2805 710 2969 778; x_wconf 81' lang='lat' dir='ltr'><strong>ipsius</strong></span> <span class='ocrx_word' id='word_1_404' title='bbox 2997 712 3376 780; x_wconf 84' lang='lat' dir='ltr'><strong>providentiam</strong></span> <span class='ocrx_word' id='word_1_405' title='bbox 3399 715 3640 782; x_wconf 78' lang='lat' dir='ltr'><strong>agnosci-</strong></span> 
     </span>
    </p>
   </div>
   <div class='ocr_carea' id='block_1_54' title="bbox 2064 797 3637 871">
    <p class='ocr_par' dir='ltr' id='par_1_54' title="bbox 2064 797 3637 871">
     <span class='ocr_line' id='line_1_54' title="bbox 2064 797 3637 871; baseline 0.005 -23"><span class='ocrx_word' id='word_1_406' title='bbox 2064 811 2210 859; x_wconf 81' lang='lat' dir='ltr'><strong>mus,</strong></span> <span class='ocrx_word' id='word_1_407' title='bbox 2249 797 2316 850; x_wconf 87' lang='lat' dir='ltr'><strong>de</strong></span> <span class='ocrx_word' id='word_1_408' title='bbox 2356 798 2755 867; x_wconf 71' lang='lat' dir='ltr'><strong>itinimrtalihite</strong></span> <span class='ocrx_word' id='word_1_409' title='bbox 2795 800 3276 871; x_wconf 86' lang='lat' dir='ltr'><strong>philosophamur:</strong></span> <span class='ocrx_word' id='word_1_410' title='bbox 3313 802 3396 857; x_wconf 91' lang='lat' dir='ltr'><strong>hic</strong></span> <span class='ocrx_word' id='word_1_411' title='bbox 3443 805 3637 858; x_wconf 87' lang='lat' dir='ltr'><strong>cedunt</strong></span> 
     </span>
    </p>
   </div>
   <div class='ocr_carea' id='block_1_55' title="bbox 2064 887 3633 957">
    <p class='ocr_par' dir='ltr' id='par_1_55' title="bbox 2064 887 3633 957">
     <span class='ocr_line' id='line_1_55' title="bbox 2064 887 3633 957; baseline 0.005 -17"><span class='ocrx_word' id='word_1_412' title='bbox 2064 887 2235 941; x_wconf 89' lang='lat' dir='ltr'><strong>bruta.</strong></span> <span class='ocrx_word' id='word_1_413' title='bbox 2286 888 2358 943; x_wconf 91' lang='lat' dir='ltr'><strong>De</strong></span> <span class='ocrx_word' id='word_1_414' title='bbox 2400 889 2701 957; x_wconf 71' lang='lat' dir='ltr'><strong>huiusmodi</strong></span> <span class='ocrx_word' id='word_1_415' title='bbox 2751 891 2908 946; x_wconf 90' lang='lat' dir='ltr'><strong>rebus</strong></span> <span class='ocrx_word' id='word_1_416' title='bbox 2951 907 3056 946; x_wconf 90' lang='lat' dir='ltr'><strong>non</strong></span> <span class='ocrx_word' id='word_1_417' title='bbox 3101 892 3408 948; x_wconf 81' lang='lat' dir='ltr'><strong>lia-sitantes</strong></span> <span class='ocrx_word' id='word_1_418' title='bbox 3455 899 3633 949; x_wconf 88' lang='lat' dir='ltr'><strong>sobrie</strong></span> 
     </span>
    </p>
   </div>
   <div class='ocr_carea' id='block_1_56' title="bbox 2061 980 3630 1043">
    <p class='ocr_par' dir='ltr' id='par_1_56' title="bbox 2061 980 3630 1043">
     <span class='ocr_line' id='line_1_56' title="bbox 2061 980 3630 1043; baseline 0.007 -11"><span class='ocrx_word' id='word_1_419' title='bbox 2061 980 2470 1036; x_wconf 83' lang='lat' dir='ltr'><strong>sentiinns:hic</strong></span> <span class='ocrx_word' id='word_1_420' title='bbox 2513 982 2641 1036; x_wconf 87' lang='lat' dir='ltr'><strong>nihil</strong></span> <span class='ocrx_word' id='word_1_421' title='bbox 2687 982 2854 1036; x_wconf 83' lang='lat' dir='ltr'><strong>brutis</strong></span> <span class='ocrx_word' id='word_1_422' title='bbox 2897 999 3182 1040; x_wconf 86' lang='lat' dir='ltr'><strong>commune</strong></span> <span class='ocrx_word' id='word_1_423' title='bbox 3223 988 3498 1042; x_wconf 85' lang='lat' dir='ltr'><strong>nobiseum</strong></span> <span class='ocrx_word' id='word_1_424' title='bbox 3531 1000 3630 1043; x_wconf 85' lang='lat' dir='ltr'><strong>est.</strong></span> 
     </span>
    </p>
   </div>
   <div class='ocr_carea' id='block_1_57' title="bbox 2059 1069 3632 1138">
    <p class='ocr_par' dir='ltr' id='par_1_57' title="bbox 2059 1069 3632 1138">
     <span class='ocr_line' id='line_1_57' title="bbox 2059 1069 3632 1138; baseline 0.004 -14"><span class='ocrx_word' id='word_1_425' title='bbox 2059 1069 2191 1124; x_wconf 84' lang='lat' dir='ltr'><strong>Nam</strong></span> <span class='ocrx_word' id='word_1_426' title='bbox 2219 1086 2339 1124; x_wconf 88' lang='lat' dir='ltr'><strong>cum</strong></span> <span class='ocrx_word' id='word_1_427' title='bbox 2366 1073 2616 1127; x_wconf 87' lang='lat' dir='ltr'><strong>omnilms</strong></span> <span class='ocrx_word' id='word_1_428' title='bbox 2655 1072 2761 1127; x_wconf 88' lang='lat' dir='ltr'><strong>illis</strong></span> <span class='ocrx_word' id='word_1_429' title='bbox 2801 1073 3081 1130; x_wconf 79' lang='lat' dir='ltr'><strong>inferiores</strong></span> <span class='ocrx_word' id='word_1_430' title='bbox 3125 1077 3314 1138; x_wconf 84' lang='lat' dir='ltr'><strong>simus,</strong></span> <span class='ocrx_word' id='word_1_431' title='bbox 3366 1079 3430 1132; x_wconf 89' lang='lat' dir='ltr'><strong>iis</strong></span> <span class='ocrx_word' id='word_1_432' title='bbox 3457 1090 3632 1131; x_wconf 79' lang='lat' dir='ltr'><strong>tamen</strong></span> 
     </span>
    </p>
   </div>
   <div class='ocr_carea' id='block_1_58' title="bbox 2060 1161 3627 1237">
    <p class='ocr_par' dir='ltr' id='par_1_58' title="bbox 2060 1161 3627 1237">
     <span class='ocr_line' id='line_1_58' title="bbox 2060 1161 3627 1237; baseline 0.004 -23"><span class='ocrx_word' id='word_1_433' title='bbox 2060 1161 2404 1232; x_wconf 84' lang='lat' dir='ltr'><strong>imperamus.</strong></span> <span class='ocrx_word' id='word_1_434' title='bbox 2453 1164 2507 1218; x_wconf 86' lang='grc' dir='ltr'><strong>ιιι</strong></span> <span class='ocrx_word' id='word_1_435' title='bbox 2544 1163 2646 1218; x_wconf 91' lang='lat' dir='ltr'><strong>hoe</strong></span> <span class='ocrx_word' id='word_1_436' title='bbox 2671 1165 2812 1218; x_wconf 81' lang='lat' dir='ltr'><strong>enim</strong></span> <span class='ocrx_word' id='word_1_437' title='bbox 2843 1175 3020 1219; x_wconf 77' lang='lat' dir='ltr'><strong>exstat</strong></span> <span class='ocrx_word' id='word_1_438' title='bbox 3053 1167 3258 1234; x_wconf 85' lang='lat' dir='ltr'><strong>imperii</strong></span> <span class='ocrx_word' id='word_1_439' title='bbox 3292 1171 3627 1237; x_wconf 70' lang='lat' dir='ltr'><strong>ninguitudo,</strong></span> 
     </span>
    </p>
   </div>
   <div class='ocr_carea' id='block_1_59' title="bbox 2057 1252 3631 1328">
    <p class='ocr_par' dir='ltr' id='par_1_59' title="bbox 2057 1252 3631 1328">
     <span class='ocr_line' id='line_1_59' title="bbox 2057 1252 3631 1328; baseline 0.006 -24"><span class='ocrx_word' id='word_1_440' title='bbox 2057 1252 2198 1323; x_wconf 87' lang='lat' dir='ltr'><strong>quod</strong></span> <span class='ocrx_word' id='word_1_441' title='bbox 2230 1253 2358 1324; x_wconf 90' lang='lat' dir='ltr'><strong>ipsis</strong></span> <span class='ocrx_word' id='word_1_442' title='bbox 2389 1255 2668 1309; x_wconf 67' lang='lat' dir='ltr'><strong>interiores</strong></span> <span class='ocrx_word' id='word_1_443' title='bbox 2689 1298 2703 1322; x_wconf 92' lang='lat'><strong>,</strong></span> <span class='ocrx_word' id='word_1_444' title='bbox 2739 1269 2957 1326; x_wconf 79' lang='lat' dir='ltr'><strong>regnum</strong></span> <span class='ocrx_word' id='word_1_445' title='bbox 2991 1263 3166 1312; x_wconf 87' lang='lat' dir='ltr'><strong>tamen</strong></span> <span class='ocrx_word' id='word_1_446' title='bbox 3200 1258 3250 1311; x_wconf 87' lang='lat' dir='ltr'><strong>in</strong></span> <span class='ocrx_word' id='word_1_447' title='bbox 3287 1259 3396 1328; x_wconf 78' lang='lat' dir='ltr'><strong>ipsa</strong></span> <span class='ocrx_word' id='word_1_448' title='bbox 3426 1263 3631 1314; x_wconf 68' lang='lat' dir='ltr'><strong>obtineo</strong></span> 
     </span>
    </p>
   </div>
   <div class='ocr_carea' id='block_1_60' title="bbox 2057 1342 3628 1414">
    <p class='ocr_par' dir='ltr' id='par_1_60' title="bbox 2057 1342 3628 1414">
     <span class='ocr_line' id='line_1_60' title="bbox 2057 1342 3628 1414; baseline 0.007 -20"><span class='ocrx_word' id='word_1_449' title='bbox 2057 1357 2177 1396; x_wconf 88' lang='lat' dir='ltr'><strong>mus</strong></span> <span class='ocrx_word' id='word_1_450' title='bbox 2200 1359 2214 1407; x_wconf 90' lang='lat'><strong>;</strong></span> <span class='ocrx_word' id='word_1_451' title='bbox 2244 1349 2300 1396; x_wconf 90' lang='lat' dir='ltr'><strong>ut</strong></span> <span class='ocrx_word' id='word_1_452' title='bbox 2321 1342 2497 1398; x_wconf 89' lang='lat' dir='ltr'><strong>dlscas</strong></span> <span class='ocrx_word' id='word_1_453' title='bbox 2519 1360 2625 1398; x_wconf 91' lang='lat' dir='ltr'><strong>non</strong></span> <span class='ocrx_word' id='word_1_454' title='bbox 2655 1355 2706 1400; x_wconf 87' lang='lat' dir='ltr'><strong>te</strong></span> <span class='ocrx_word' id='word_1_455' title='bbox 2731 1345 2914 1400; x_wconf 80' lang='lat' dir='ltr'><strong>harum</strong></span> <span class='ocrx_word' id='word_1_456' title='bbox 2938 1358 3114 1402; x_wconf 83' lang='lat' dir='ltr'><strong>rerum</strong></span> <span class='ocrx_word' id='word_1_457' title='bbox 3137 1362 3256 1402; x_wconf 85' lang='lat' dir='ltr'><strong>esse</strong></span> <span class='ocrx_word' id='word_1_458' title='bbox 3279 1364 3511 1414; x_wconf 79' lang='lat' dir='ltr'><strong>causam,</strong></span> <span class='ocrx_word' id='word_1_459' title='bbox 3536 1353 3628 1405; x_wconf 86' lang='lat' dir='ltr'><strong>sed</strong></span> 
     </span>
    </p>
   </div>
   <div class='ocr_carea' id='block_1_61' title="bbox 2058 1432 3626 1508">
    <p class='ocr_par' dir='ltr' id='par_1_61' title="bbox 2058 1432 3626 1508">
     <span class='ocr_line' id='line_1_61' title="bbox 2058 1432 3626 1508; baseline 0.004 -21"><span class='ocrx_word' id='word_1_460' title='bbox 2058 1432 2221 1487; x_wconf 82' lang='lat' dir='ltr'><strong>Deum</strong></span> <span class='ocrx_word' id='word_1_461' title='bbox 2244 1435 2331 1504; x_wconf 89' lang='grc' dir='ltr'><strong>ιιιιί</strong></span> <span class='ocrx_word' id='word_1_462' title='bbox 2361 1444 2413 1490; x_wconf 89' lang='lat' dir='ltr'><strong>te</strong></span> <span class='ocrx_word' id='word_1_463' title='bbox 2439 1437 2694 1496; x_wconf 87' lang='lat' dir='ltr'><strong>condidit.</strong></span> <span class='ocrx_word' id='word_1_464' title='bbox 2727 1447 2780 1491; x_wconf 92' lang='lat' dir='ltr'><strong>et</strong></span> <span class='ocrx_word' id='word_1_465' title='bbox 2805 1439 3063 1492; x_wconf 88' lang='lat' dir='ltr'><strong>rationem</strong></span> <span class='ocrx_word' id='word_1_466' title='bbox 3096 1439 3317 1508; x_wconf 87' lang='lat' dir='ltr'><strong>largitus</strong></span> <span class='ocrx_word' id='word_1_467' title='bbox 3343 1449 3446 1494; x_wconf 90' lang='lat' dir='ltr'><strong>est.</strong></span> <span class='ocrx_word' id='word_1_468' title='bbox 3477 1441 3626 1494; x_wconf 71' lang='grc' dir='ltr'><strong>ηι-ιὶςι</strong></span> 
     </span>
    </p>
   </div>
   <div class='ocr_carea' id='block_1_62' title="bbox 2053 1525 3628 1600">
    <p class='ocr_par' dir='ltr' id='par_1_62' title="bbox 2053 1525 3628 1600">
     <span class='ocr_line' id='line_1_62' title="bbox 2053 1525 3628 1600; baseline 0.005 -20"><span class='ocrx_word' id='word_1_469' title='bbox 2053 1534 2108 1580; x_wconf 89' lang='lat' dir='ltr'><strong>et</strong></span> <span class='ocrx_word' id='word_1_470' title='bbox 2137 1525 2354 1595; x_wconf 91' lang='lat' dir='ltr'><strong>laqueos</strong></span> <span class='ocrx_word' id='word_1_471' title='bbox 2383 1528 2485 1583; x_wconf 90' lang='lat' dir='ltr'><strong>illis</strong></span> <span class='ocrx_word' id='word_1_472' title='bbox 2511 1529 2778 1584; x_wconf 89' lang='lat' dir='ltr'><strong>tendimus</strong></span> <span class='ocrx_word' id='word_1_473' title='bbox 2799 1571 2812 1592; x_wconf 85' lang='lat'><strong>,</strong></span> <span class='ocrx_word' id='word_1_474' title='bbox 2842 1531 2894 1583; x_wconf 93' lang='lat' dir='ltr'><strong>in</strong></span> <span class='ocrx_word' id='word_1_475' title='bbox 2921 1547 3055 1598; x_wconf 87' lang='lat' dir='ltr'><strong>quos</strong></span> <span class='ocrx_word' id='word_1_476' title='bbox 3087 1531 3198 1600; x_wconf 88' lang='lat' dir='ltr'><strong>ipsa</strong></span> <span class='ocrx_word' id='word_1_477' title='bbox 3227 1532 3550 1600; x_wconf 82' lang='lat' dir='ltr'><strong>impellimus</strong></span> <span class='ocrx_word' id='word_1_478' title='bbox 3575 1543 3628 1588; x_wconf 83' lang='lat' dir='ltr'><strong>et</strong></span> 
     </span>
    </p>
   </div>
   <div class='ocr_carea' id='block_1_63' title="bbox 2052 1619 3625 1693">
    <p class='ocr_par' dir='ltr' id='par_1_63' title="bbox 2052 1619 3625 1693">
     <span class='ocr_line' id='line_1_63' title="bbox 2052 1619 3625 1693; baseline 0.004 -20"><span class='ocrx_word' id='word_1_479' title='bbox 2052 1619 2313 1688; x_wconf 78' lang='lat' dir='ltr'><strong>capimus.</strong></span> <span class='ocrx_word' id='word_1_480' title='bbox 2345 1619 2638 1675; x_wconf 72' lang='lat' dir='ltr'><strong>Moderatio</strong></span> <span class='ocrx_word' id='word_1_481' title='bbox 2663 1623 2806 1676; x_wconf 90' lang='lat' dir='ltr'><strong>enim</strong></span> <span class='ocrx_word' id='word_1_482' title='bbox 2835 1623 2988 1676; x_wconf 89' lang='lat' dir='ltr'><strong>nobis</strong></span> <span class='ocrx_word' id='word_1_483' title='bbox 3013 1623 3184 1687; x_wconf 80' lang='lat' dir='ltr'><strong>adest,</strong></span> <span class='ocrx_word' id='word_1_484' title='bbox 3216 1625 3458 1693; x_wconf 82' lang='lat' dir='ltr'><strong>:rqnitas.</strong></span> <span class='ocrx_word' id='word_1_485' title='bbox 3489 1625 3625 1679; x_wconf 84' lang='lat' dir='ltr'><strong>leni-</strong></span> 
     </span>
    </p>
   </div>
   <div class='ocr_carea' id='block_1_64' title="bbox 2054 1711 3626 1784">
    <p class='ocr_par' dir='ltr' id='par_1_64' title="bbox 2054 1711 3626 1784">
     <span class='ocr_line' id='line_1_64' title="bbox 2054 1711 3626 1784; baseline 0.004 -23"><span class='ocrx_word' id='word_1_486' title='bbox 2054 1717 2164 1774; x_wconf 86' lang='lat' dir='ltr'><strong>tas,</strong></span> <span class='ocrx_word' id='word_1_487' title='bbox 2196 1711 2538 1778; x_wconf 88' lang='lat' dir='ltr'><strong>pecuniarum</strong></span> <span class='ocrx_word' id='word_1_488' title='bbox 2563 1711 2932 1780; x_wconf 82' lang='lat' dir='ltr'><strong>despicientia.</strong></span> <span class='ocrx_word' id='word_1_489' title='bbox 2962 1713 3066 1767; x_wconf 87' lang='lat' dir='ltr'><strong>Sed</strong></span> <span class='ocrx_word' id='word_1_490' title='bbox 3105 1715 3352 1784; x_wconf 86' lang='lat' dir='ltr'><strong>quoniam</strong></span> <span class='ocrx_word' id='word_1_491' title='bbox 3395 1724 3449 1768; x_wconf 94' lang='lat' dir='ltr'><strong>tu</strong></span> <span class='ocrx_word' id='word_1_492' title='bbox 3490 1731 3626 1770; x_wconf 84' lang='lat' dir='ltr'><strong>unus</strong></span> 
     </span>
    </p>
   </div>
   <div class='ocr_carea' id='block_1_65' title="bbox 2050 1800 3625 1872">
    <p class='ocr_par' dir='ltr' id='par_1_65' title="bbox 2050 1800 3625 1872">
     <span class='ocr_line' id='line_1_65' title="bbox 2050 1800 3625 1872; baseline 0.003 -18"><span class='ocrx_word' id='word_1_493' title='bbox 2050 1813 2116 1854; x_wconf 79' lang='lat' dir='ltr'><strong>ex</strong></span> <span class='ocrx_word' id='word_1_494' title='bbox 2157 1800 2531 1870; x_wconf 78' lang='lat' dir='ltr'><strong>arrogantibus</strong></span> <span class='ocrx_word' id='word_1_495' title='bbox 2559 1816 2655 1868; x_wconf 88' lang='lat' dir='ltr'><strong>es,</strong></span> <span class='ocrx_word' id='word_1_496' title='bbox 2687 1803 2924 1872; x_wconf 88' lang='lat' dir='ltr'><strong>nihilque</strong></span> <span class='ocrx_word' id='word_1_497' title='bbox 2965 1802 3153 1858; x_wconf 89' lang='lat' dir='ltr'><strong>horum</strong></span> <span class='ocrx_word' id='word_1_498' title='bbox 3201 1805 3398 1871; x_wconf 87' lang='lat' dir='ltr'><strong>habes,</strong></span> <span class='ocrx_word' id='word_1_499' title='bbox 3436 1808 3625 1861; x_wconf 88' lang='lat' dir='ltr'><strong>merito</strong></span> 
     </span>
    </p>
   </div>
   <div class='ocr_carea' id='block_1_66' title="bbox 2049 1891 3622 1966">
    <p class='ocr_par' dir='ltr' id='par_1_66' title="bbox 2049 1891 3622 1966">
     <span class='ocr_line' id='line_1_66' title="bbox 2049 1891 3622 1966; baseline 0.006 -21"><span class='ocrx_word' id='word_1_500' title='bbox 2049 1891 2133 1945; x_wconf 89' lang='lat' dir='ltr'><strong>vel</strong></span> <span class='ocrx_word' id='word_1_501' title='bbox 2178 1908 2286 1960; x_wconf 79' lang='lat' dir='ltr'><strong>pra:</strong></span> <span class='ocrx_word' id='word_1_502' title='bbox 2315 1893 2562 1948; x_wconf 90' lang='lat' dir='ltr'><strong>omnibus</strong></span> <span class='ocrx_word' id='word_1_503' title='bbox 2607 1894 2906 1950; x_wconf 86' lang='lat' dir='ltr'><strong>hominibus</strong></span> <span class='ocrx_word' id='word_1_504' title='bbox 2945 1897 3221 1966; x_wconf 78' lang='lat' dir='ltr'><strong>magniﬁce</strong></span> <span class='ocrx_word' id='word_1_505' title='bbox 3249 1897 3316 1953; x_wconf 89' lang='lat' dir='ltr'><strong>de</strong></span> <span class='ocrx_word' id='word_1_506' title='bbox 3347 1907 3397 1954; x_wconf 90' lang='lat' dir='ltr'><strong>te</strong></span> <span class='ocrx_word' id='word_1_507' title='bbox 3426 1913 3452 1953; x_wconf 91' lang='lat' dir='ltr'><strong>s</strong></span> <span class='ocrx_word' id='word_1_508' title='bbox 3473 1901 3622 1962; x_wconf 81' lang='lat' dir='ltr'><strong>-ntis.</strong></span> 
     </span>
    </p>
   </div>
   <div class='ocr_carea' id='block_1_67' title="bbox 2050 1986 3626 2053">
    <p class='ocr_par' dir='ltr' id='par_1_67' title="bbox 2050 1986 3626 2053">
     <span class='ocr_line' id='line_1_67' title="bbox 2050 1986 3626 2053; baseline 0.005 -15"><span class='ocrx_word' id='word_1_509' title='bbox 2050 1987 2129 2038; x_wconf 88' lang='lat' dir='ltr'><strong>vel</strong></span> <span class='ocrx_word' id='word_1_510' title='bbox 2160 1999 2268 2053; x_wconf 75' lang='lat' dir='ltr'><strong>pra:</strong></span> <span class='ocrx_word' id='word_1_511' title='bbox 2296 1986 2544 2042; x_wconf 90' lang='lat' dir='ltr'><strong>omnibus</strong></span> <span class='ocrx_word' id='word_1_512' title='bbox 2574 1987 2741 2042; x_wconf 89' lang='lat' dir='ltr'><strong>brutis</strong></span> <span class='ocrx_word' id='word_1_513' title='bbox 2767 1990 3056 2043; x_wconf 88' lang='lat' dir='ltr'><strong>humiliter.</strong></span> <span class='ocrx_word' id='word_1_514' title='bbox 3085 1989 3230 2044; x_wconf 80' lang='lat' dir='ltr'><strong>Talis</strong></span> <span class='ocrx_word' id='word_1_515' title='bbox 3259 1991 3400 2046; x_wconf 89' lang='lat' dir='ltr'><strong>enim</strong></span> <span class='ocrx_word' id='word_1_516' title='bbox 3432 2001 3512 2046; x_wconf 81' lang='lat' dir='ltr'><strong>est</strong></span> <span class='ocrx_word' id='word_1_517' title='bbox 3539 2007 3626 2046; x_wconf 73' lang='lat' dir='ltr'><strong>ar-</strong></span> 
     </span>
    </p>
   </div>
   <div class='ocr_carea' id='block_1_68' title="bbox 2049 2076 3621 2149">
    <p class='ocr_par' dir='ltr' id='par_1_68' title="bbox 2049 2076 3621 2149">
     <span class='ocr_line' id='line_1_68' title="bbox 2049 2076 3621 2149; baseline 0.005 -22"><span class='ocrx_word' id='word_1_518' title='bbox 2049 2076 2287 2143; x_wconf 86' lang='lat' dir='ltr'><strong>rogantia</strong></span> <span class='ocrx_word' id='word_1_519' title='bbox 2315 2085 2369 2130; x_wconf 90' lang='lat' dir='ltr'><strong>et</strong></span> <span class='ocrx_word' id='word_1_520' title='bbox 2394 2077 2615 2132; x_wconf 85' lang='lat' dir='ltr'><strong>audacia</strong></span> <span class='ocrx_word' id='word_1_521' title='bbox 2651 2095 2663 2131; x_wconf 93' lang='lat'><strong>:</strong></span> <span class='ocrx_word' id='word_1_522' title='bbox 2698 2079 2784 2134; x_wconf 88' lang='lat' dir='ltr'><strong>vel</strong></span> <span class='ocrx_word' id='word_1_523' title='bbox 2823 2089 3016 2148; x_wconf 77' lang='lat' dir='ltr'><strong>pra-ter</strong></span> <span class='ocrx_word' id='word_1_524' title='bbox 3042 2093 3250 2149; x_wconf 80' lang='lat' dir='ltr'><strong>a-qttntn</strong></span> <span class='ocrx_word' id='word_1_525' title='bbox 3283 2096 3402 2135; x_wconf 86' lang='lat' dir='ltr'><strong>sesc</strong></span> <span class='ocrx_word' id='word_1_526' title='bbox 3429 2082 3578 2136; x_wconf 82' lang='lat' dir='ltr'><strong>effert</strong></span> <span class='ocrx_word' id='word_1_527' title='bbox 3606 2121 3621 2147; x_wconf 90' lang='lat'><strong>,</strong></span> 
     </span>
    </p>
   </div>
   <div class='ocr_carea' id='block_1_69' title="bbox 2047 2167 3623 2240">
    <p class='ocr_par' dir='ltr' id='par_1_69' title="bbox 2047 2167 3623 2240">
     <span class='ocr_line' id='line_1_69' title="bbox 2047 2167 3623 2240; baseline 0.006 -21"><span class='ocrx_word' id='word_1_528' title='bbox 2047 2168 2129 2221; x_wconf 90' lang='lat' dir='ltr'><strong>vel</strong></span> <span class='ocrx_word' id='word_1_529' title='bbox 2159 2167 2339 2222; x_wconf 76' lang='lat' dir='ltr'><strong>itidem</strong></span> <span class='ocrx_word' id='word_1_530' title='bbox 2370 2184 2428 2224; x_wconf 89' lang='lat' dir='ltr'><strong>se</strong></span> <span class='ocrx_word' id='word_1_531' title='bbox 2452 2169 2637 2238; x_wconf 83' lang='lat' dir='ltr'><strong>dejicit</strong></span> <span class='ocrx_word' id='word_1_532' title='bbox 2659 2212 2674 2236; x_wconf 92' lang='lat'><strong>,</strong></span> <span class='ocrx_word' id='word_1_533' title='bbox 2711 2183 2969 2240; x_wconf 90' lang='lat' dir='ltr'><strong>nusquam</strong></span> <span class='ocrx_word' id='word_1_534' title='bbox 2997 2173 3213 2225; x_wconf 89' lang='lat' dir='ltr'><strong>modum</strong></span> <span class='ocrx_word' id='word_1_535' title='bbox 3247 2187 3486 2228; x_wconf 70' lang='lat' dir='ltr'><strong>servans.</strong></span> <span class='ocrx_word' id='word_1_536' title='bbox 3517 2174 3623 2228; x_wconf 76' lang='lat' dir='ltr'><strong>llai:</strong></span> 
     </span>
    </p>
   </div>
   <div class='ocr_carea' id='block_1_70' title="bbox 2045 2259 3622 2335">
    <p class='ocr_par' dir='ltr' id='par_1_70' title="bbox 2045 2259 3622 2335">
     <span class='ocr_line' id='line_1_70' title="bbox 2045 2259 3622 2335; baseline 0.004 -23"><span class='ocrx_word' id='word_1_537' title='bbox 2045 2259 2260 2329; x_wconf 86' lang='lat' dir='ltr'><strong>quidem</strong></span> <span class='ocrx_word' id='word_1_538' title='bbox 2310 2274 2368 2315; x_wconf 86' lang='lat' dir='ltr'><strong>re</strong></span> <span class='ocrx_word' id='word_1_539' title='bbox 2409 2262 2644 2330; x_wconf 67' lang='lat' dir='ltr'><strong>a&#39;qnales</strong></span> <span class='ocrx_word' id='word_1_540' title='bbox 2689 2275 2875 2318; x_wconf 82' lang='lat' dir='ltr'><strong>smnus</strong></span> <span class='ocrx_word' id='word_1_541' title='bbox 2918 2264 3155 2329; x_wconf 82' lang='lat' dir='ltr'><strong>angelis;</strong></span> <span class='ocrx_word' id='word_1_542' title='bbox 3208 2280 3427 2335; x_wconf 86' lang='lat' dir='ltr'><strong>regnum</strong></span> <span class='ocrx_word' id='word_1_543' title='bbox 3471 2266 3622 2319; x_wconf 84' lang='lat' dir='ltr'><strong>nobis</strong></span> 
     </span>
    </p>
   </div>
   <div class='ocr_carea' id='block_1_71' title="bbox 2048 2350 3622 2424">
    <p class='ocr_par' dir='ltr' id='par_1_71' title="bbox 2048 2350 3622 2424">
     <span class='ocr_line' id='line_1_71' title="bbox 2048 2350 3622 2424; baseline 0.005 -20"><span class='ocrx_word' id='word_1_544' title='bbox 2048 2350 2364 2418; x_wconf 85' lang='lat' dir='ltr'><strong>promissum</strong></span> <span class='ocrx_word' id='word_1_545' title='bbox 2387 2363 2488 2416; x_wconf 90' lang='lat' dir='ltr'><strong>est,</strong></span> <span class='ocrx_word' id='word_1_546' title='bbox 2513 2362 2566 2406; x_wconf 91' lang='lat' dir='ltr'><strong>et</strong></span> <span class='ocrx_word' id='word_1_547' title='bbox 2591 2352 2788 2408; x_wconf 82' lang='lat' dir='ltr'><strong>chorea</strong></span> <span class='ocrx_word' id='word_1_548' title='bbox 2806 2369 2924 2410; x_wconf 88' lang='lat' dir='ltr'><strong>etnn</strong></span> <span class='ocrx_word' id='word_1_549' title='bbox 2947 2355 3176 2411; x_wconf 71' lang='lat' dir='ltr'><strong>Christo.</strong></span> <span class='ocrx_word' id='word_1_550' title='bbox 3197 2358 3295 2424; x_wconf 82' lang='lat' dir='ltr'><strong>Qui</strong></span> <span class='ocrx_word' id='word_1_551' title='bbox 3319 2374 3441 2412; x_wconf 84' lang='lat' dir='ltr'><strong>vere</strong></span> <span class='ocrx_word' id='word_1_552' title='bbox 3464 2358 3622 2412; x_wconf 86' lang='lat' dir='ltr'><strong>han-.0</strong></span> 
     </span>
    </p>
   </div>
   <div class='ocr_carea' id='block_1_72' title="bbox 2043 2441 3618 2518">
    <p class='ocr_par' dir='ltr' id='par_1_72' title="bbox 2043 2441 3618 2518">
     <span class='ocr_line' id='line_1_72' title="bbox 2043 2441 3618 2518; baseline 0.004 -22"><span class='ocrx_word' id='word_1_553' title='bbox 2043 2451 2127 2496; x_wconf 89' lang='lat' dir='ltr'><strong>est</strong></span> <span class='ocrx_word' id='word_1_554' title='bbox 2156 2441 2388 2510; x_wconf 87' lang='lat' dir='ltr'><strong>vapulat,</strong></span> <span class='ocrx_word' id='word_1_555' title='bbox 2419 2451 2470 2498; x_wconf 89' lang='lat' dir='ltr'><strong>et</strong></span> <span class='ocrx_word' id='word_1_556' title='bbox 2498 2454 2603 2498; x_wconf 88' lang='lat' dir='ltr'><strong>non</strong></span> <span class='ocrx_word' id='word_1_557' title='bbox 2631 2445 2924 2500; x_wconf 88' lang='lat' dir='ltr'><strong>succutnbit</strong></span> <span class='ocrx_word' id='word_1_558' title='bbox 2947 2463 2960 2510; x_wconf 89' lang='lat'><strong>;</strong></span> <span class='ocrx_word' id='word_1_559' title='bbox 2994 2457 3217 2502; x_wconf 89' lang='lat' dir='ltr'><strong>mortem</strong></span> <span class='ocrx_word' id='word_1_560' title='bbox 3244 2447 3488 2518; x_wconf 83' lang='lat' dir='ltr'><strong>despicit,</strong></span> <span class='ocrx_word' id='word_1_561' title='bbox 3515 2466 3618 2503; x_wconf 88' lang='lat' dir='ltr'><strong>non</strong></span> 
     </span>
    </p>
   </div>
   <div class='ocr_carea' id='block_1_73' title="bbox 2046 2531 3618 2606">
    <p class='ocr_par' dir='ltr' id='par_1_73' title="bbox 2046 2531 3618 2606">
     <span class='ocr_line' id='line_1_73' title="bbox 2046 2531 3618 2606; baseline 0.004 -22"><span class='ocrx_word' id='word_1_562' title='bbox 2046 2531 2242 2595; x_wconf 91' lang='lat' dir='ltr'><strong>tremit,</strong></span> <span class='ocrx_word' id='word_1_563' title='bbox 2273 2548 2378 2586; x_wconf 89' lang='lat' dir='ltr'><strong>non</strong></span> <span class='ocrx_word' id='word_1_564' title='bbox 2419 2535 2608 2588; x_wconf 88' lang='lat' dir='ltr'><strong>tnetuit</strong></span> <span class='ocrx_word' id='word_1_565' title='bbox 2631 2576 2646 2600; x_wconf 94' lang='lat'><strong>,</strong></span> <span class='ocrx_word' id='word_1_566' title='bbox 2691 2549 2795 2588; x_wconf 91' lang='lat' dir='ltr'><strong>non</strong></span> <span class='ocrx_word' id='word_1_567' title='bbox 2826 2535 3028 2605; x_wconf 84' lang='lat' dir='ltr'><strong>appetit</strong></span> <span class='ocrx_word' id='word_1_568' title='bbox 3063 2537 3231 2606; x_wconf 88' lang='lat' dir='ltr'><strong>plora.</strong></span> <span class='ocrx_word' id='word_1_569' title='bbox 3261 2539 3618 2605; x_wconf 86' lang='lat' dir='ltr'><strong>Quamobrem</strong></span> 
     </span>
    </p>
   </div>
   <div class='ocr_carea' id='block_1_74' title="bbox 2041 2621 3620 2697">
    <p class='ocr_par' dir='ltr' id='par_1_74' title="bbox 2041 2621 3620 2697">
     <span class='ocr_line' id='line_1_74' title="bbox 2041 2621 3620 2697; baseline 0.007 -25"><span class='ocrx_word' id='word_1_570' title='bbox 2041 2621 2130 2691; x_wconf 88' lang='lat' dir='ltr'><strong>qui</strong></span> <span class='ocrx_word' id='word_1_571' title='bbox 2176 2622 2308 2677; x_wconf 89' lang='lat' dir='ltr'><strong>tales</strong></span> <span class='ocrx_word' id='word_1_572' title='bbox 2339 2637 2443 2677; x_wconf 89' lang='lat' dir='ltr'><strong>non</strong></span> <span class='ocrx_word' id='word_1_573' title='bbox 2474 2633 2634 2688; x_wconf 83' lang='lat' dir='ltr'><strong>sunt,</strong></span> <span class='ocrx_word' id='word_1_574' title='bbox 2674 2624 2844 2680; x_wconf 89' lang='lat' dir='ltr'><strong>brutis</strong></span> <span class='ocrx_word' id='word_1_575' title='bbox 2881 2633 3006 2681; x_wconf 86' lang='lat' dir='ltr'><strong>sunt</strong></span> <span class='ocrx_word' id='word_1_576' title='bbox 3049 2627 3366 2684; x_wconf 84' lang='lat' dir='ltr'><strong>deteriores.</strong></span> <span class='ocrx_word' id='word_1_577' title='bbox 3396 2630 3620 2697; x_wconf 84' lang='lat' dir='ltr'><strong>Quando</strong></span> 
     </span>
    </p>
   </div>
   <div class='ocr_carea' id='block_1_75' title="bbox 2039 2712 3617 2787">
    <p class='ocr_par' dir='ltr' id='par_1_75' title="bbox 2039 2712 3617 2787">
     <span class='ocr_line' id='line_1_75' title="bbox 2039 2712 3617 2787; baseline 0.003 -20"><span class='ocrx_word' id='word_1_578' title='bbox 2039 2712 2182 2767; x_wconf 90' lang='lat' dir='ltr'><strong>enim</strong></span> <span class='ocrx_word' id='word_1_579' title='bbox 2211 2713 2371 2768; x_wconf 76' lang='lat' dir='ltr'><strong>rebus</strong></span> <span class='ocrx_word' id='word_1_580' title='bbox 2396 2713 2611 2785; x_wconf 85' lang='lat' dir='ltr'><strong>quidem</strong></span> <span class='ocrx_word' id='word_1_581' title='bbox 2637 2715 2702 2769; x_wconf 88' lang='lat' dir='ltr'><strong>ad</strong></span> <span class='ocrx_word' id='word_1_582' title='bbox 2730 2730 2925 2787; x_wconf 80' lang='lat' dir='ltr'><strong>cei-pus</strong></span> <span class='ocrx_word' id='word_1_583' title='bbox 2950 2719 3334 2787; x_wconf 83' lang='lat' dir='ltr'><strong>pertinentibus</strong></span> <span class='ocrx_word' id='word_1_584' title='bbox 3359 2720 3492 2775; x_wconf 77' lang='lat' dir='ltr'><strong>alios</strong></span> <span class='ocrx_word' id='word_1_585' title='bbox 3519 2721 3617 2773; x_wconf 89' lang='lat' dir='ltr'><strong>ho-</strong></span> 
     </span>
    </p>
   </div>
   <div class='ocr_carea' id='block_1_76' title="bbox 2040 2791 3662 2880">
    <p class='ocr_par' dir='ltr' id='par_1_76' title="bbox 2040 2791 3662 2880">
     <span class='ocr_line' id='line_1_76' title="bbox 2040 2791 3662 2880; baseline 0.006 -24"><span class='ocrx_word' id='word_1_586' title='bbox 2040 2804 2213 2858; x_wconf 89' lang='lat' dir='ltr'><strong>mlnes</strong></span> <span class='ocrx_word' id='word_1_587' title='bbox 2235 2805 2423 2869; x_wconf 84' lang='lat' dir='ltr'><strong>vincis,</strong></span> <span class='ocrx_word' id='word_1_588' title='bbox 2451 2805 2614 2860; x_wconf 92' lang='lat' dir='ltr'><strong>anlml</strong></span> <span class='ocrx_word' id='word_1_589' title='bbox 2644 2821 2771 2862; x_wconf 91' lang='lat' dir='ltr'><strong>vero</strong></span> <span class='ocrx_word' id='word_1_590' title='bbox 2791 2811 3120 2863; x_wconf 88' lang='lat' dir='ltr'><strong>ornamentis</strong></span> <span class='ocrx_word' id='word_1_591' title='bbox 3140 2825 3326 2875; x_wconf 87' lang='lat' dir='ltr'><strong>cares;</strong></span> <span class='ocrx_word' id='word_1_592' title='bbox 3353 2813 3619 2880; x_wconf 88' lang='lat' dir='ltr'><strong>quomodo</strong></span> <span class='ocrx_word' id='word_1_593' title='bbox 3655 2791 3662 2797; x_wconf 28' lang='lat' dir='ltr'><strong>I</strong></span> 
     </span>
    </p>
   </div>
   <div class='ocr_carea' id='block_1_77' title="bbox 2042 2893 3616 2968">
    <p class='ocr_par' dir='ltr' id='par_1_77' title="bbox 2042 2893 3616 2968">
     <span class='ocr_line' id='line_1_77' title="bbox 2042 2893 3616 2968; baseline 0.004 -21"><span class='ocrx_word' id='word_1_594' title='bbox 2042 2893 2209 2948; x_wconf 82' lang='lat' dir='ltr'><strong>brutis</strong></span> <span class='ocrx_word' id='word_1_595' title='bbox 2239 2911 2343 2948; x_wconf 90' lang='lat' dir='ltr'><strong>non</strong></span> <span class='ocrx_word' id='word_1_596' title='bbox 2373 2910 2433 2950; x_wconf 88' lang='lat' dir='ltr'><strong>es</strong></span> <span class='ocrx_word' id='word_1_597' title='bbox 2460 2896 2730 2951; x_wconf 88' lang='lat' dir='ltr'><strong>deterior?</strong></span> <span class='ocrx_word' id='word_1_598' title='bbox 2757 2898 2866 2968; x_wconf 78' lang='lat' dir='ltr'><strong>Age</strong></span> <span class='ocrx_word' id='word_1_599' title='bbox 2887 2899 3029 2952; x_wconf 84' lang='lat' dir='ltr'><strong>enim</strong></span> <span class='ocrx_word' id='word_1_600' title='bbox 3056 2900 3105 2952; x_wconf 92' lang='lat' dir='ltr'><strong>in</strong></span> <span class='ocrx_word' id='word_1_601' title='bbox 3131 2900 3362 2954; x_wconf 89' lang='lat' dir='ltr'><strong>medium</strong></span> <span class='ocrx_word' id='word_1_602' title='bbox 3390 2901 3616 2955; x_wconf 81' lang='lat' dir='ltr'><strong>adduca-</strong></span> 
     </span>
    </p>
   </div>
   <div class='ocr_carea' id='block_1_78' title="bbox 2042 2988 3620 3061">
    <p class='ocr_par' dir='ltr' id='par_1_78' title="bbox 2042 2988 3620 3061">
     <span class='ocr_line' id='line_1_78' title="bbox 2042 2988 3620 3061; baseline 0.004 -23"><span class='ocrx_word' id='word_1_603' title='bbox 2042 3001 2158 3038; x_wconf 86' lang='lat' dir='ltr'><strong>mus</strong></span> <span class='ocrx_word' id='word_1_604' title='bbox 2184 3002 2368 3040; x_wconf 89' lang='lat' dir='ltr'><strong>eorum</strong></span> <span class='ocrx_word' id='word_1_605' title='bbox 2395 2988 2648 3057; x_wconf 88' lang='lat' dir='ltr'><strong>aliquem,</strong></span> <span class='ocrx_word' id='word_1_606' title='bbox 2679 2989 2767 3058; x_wconf 90' lang='lat' dir='ltr'><strong>qui</strong></span> <span class='ocrx_word' id='word_1_607' title='bbox 2796 3004 2914 3044; x_wconf 87' lang='lat' dir='ltr'><strong>cum</strong></span> <span class='ocrx_word' id='word_1_608' title='bbox 2943 2992 3102 3055; x_wconf 87' lang='lat' dir='ltr'><strong>vitio,</strong></span> <span class='ocrx_word' id='word_1_609' title='bbox 3130 2993 3216 3061; x_wconf 89' lang='lat' dir='ltr'><strong>qui</strong></span> <span class='ocrx_word' id='word_1_610' title='bbox 3249 2993 3463 3046; x_wconf 87' lang='lat' dir='ltr'><strong>ntinime</strong></span> <span class='ocrx_word' id='word_1_611' title='bbox 3491 3009 3620 3047; x_wconf 80' lang='lat' dir='ltr'><strong>eon-</strong></span> 
     </span>
    </p>
   </div>
   <div class='ocr_carea' id='block_1_79' title="bbox 2038 3078 3613 3148">
    <p class='ocr_par' dir='ltr' id='par_1_79' title="bbox 2038 3078 3613 3148">
     <span class='ocr_line' id='line_1_79' title="bbox 2038 3078 3613 3148; baseline 0.004 -19"><span class='ocrx_word' id='word_1_612' title='bbox 2038 3087 2292 3146; x_wconf 76' lang='lat' dir='ltr'><strong>grnenter</strong></span> <span class='ocrx_word' id='word_1_613' title='bbox 2319 3078 2532 3143; x_wconf 88' lang='lat' dir='ltr'><strong>rationi,</strong></span> <span class='ocrx_word' id='word_1_614' title='bbox 2555 3079 2644 3148; x_wconf 89' lang='lat' dir='ltr'><strong>qui</strong></span> <span class='ocrx_word' id='word_1_615' title='bbox 2673 3081 2724 3132; x_wconf 93' lang='lat' dir='ltr'><strong>in</strong></span> <span class='ocrx_word' id='word_1_616' title='bbox 2752 3079 2959 3134; x_wconf 86' lang='lat' dir='ltr'><strong>deliciis</strong></span> <span class='ocrx_word' id='word_1_617' title='bbox 2987 3090 3038 3134; x_wconf 90' lang='lat' dir='ltr'><strong>et</strong></span> <span class='ocrx_word' id='word_1_618' title='bbox 3066 3081 3409 3135; x_wconf 89' lang='lat' dir='ltr'><strong>immoderata</strong></span> <span class='ocrx_word' id='word_1_619' title='bbox 3436 3098 3613 3136; x_wconf 79' lang='lat' dir='ltr'><strong>rerum</strong></span> 
     </span>
    </p>
   </div>
   <div class='ocr_carea' id='block_1_80' title="bbox 2041 3165 3616 3238">
    <p class='ocr_par' dir='ltr' id='par_1_80' title="bbox 2041 3165 3616 3238">
     <span class='ocr_line' id='line_1_80' title="bbox 2041 3165 3616 3238; baseline 0.002 -20"><span class='ocrx_word' id='word_1_620' title='bbox 2041 3165 2364 3220; x_wconf 89' lang='lat' dir='ltr'><strong>abundantia</strong></span> <span class='ocrx_word' id='word_1_621' title='bbox 2392 3169 2597 3221; x_wconf 87' lang='lat' dir='ltr'><strong>vivunt.</strong></span> <span class='ocrx_word' id='word_1_622' title='bbox 2634 3167 2740 3222; x_wconf 90' lang='lat' dir='ltr'><strong>Isto</strong></span> <span class='ocrx_word' id='word_1_623' title='bbox 2769 3183 2938 3237; x_wconf 88' lang='lat' dir='ltr'><strong>equus</strong></span> <span class='ocrx_word' id='word_1_624' title='bbox 2963 3179 3041 3222; x_wconf 84' lang='lat' dir='ltr'><strong>est</strong></span> <span class='ocrx_word' id='word_1_625' title='bbox 3075 3171 3385 3238; x_wconf 77' lang='lat' dir='ltr'><strong>pugnacior,</strong></span> <span class='ocrx_word' id='word_1_626' title='bbox 3416 3187 3506 3224; x_wconf 80' lang='lat' dir='ltr'><strong>sus</strong></span> <span class='ocrx_word' id='word_1_627' title='bbox 3533 3189 3616 3223; x_wconf 87' lang='lat' dir='ltr'><strong>ro-</strong></span> 
     </span>
    </p>
   </div>
   <div class='ocr_carea' id='block_1_81' title="bbox 2041 3257 3616 3330">
    <p class='ocr_par' dir='ltr' id='par_1_81' title="bbox 2041 3257 3616 3330">
     <span class='ocr_line' id='line_1_81' title="bbox 2041 3257 3616 3330; baseline 0.004 -20"><span class='ocrx_word' id='word_1_628' title='bbox 2041 3257 2266 3323; x_wconf 91' lang='lat' dir='ltr'><strong>bustior,</strong></span> <span class='ocrx_word' id='word_1_629' title='bbox 2299 3257 2447 3327; x_wconf 82' lang='lat' dir='ltr'><strong>lepus</strong></span> <span class='ocrx_word' id='word_1_630' title='bbox 2479 3259 2745 3325; x_wconf 87' lang='lat' dir='ltr'><strong>velocior,</strong></span> <span class='ocrx_word' id='word_1_631' title='bbox 2791 3273 2930 3330; x_wconf 90' lang='lat' dir='ltr'><strong>pavo</strong></span> <span class='ocrx_word' id='word_1_632' title='bbox 2959 3258 3277 3325; x_wconf 89' lang='lat' dir='ltr'><strong>formosior,</strong></span> <span class='ocrx_word' id='word_1_633' title='bbox 3319 3263 3436 3315; x_wconf 89' lang='lat' dir='ltr'><strong>olor</strong></span> <span class='ocrx_word' id='word_1_634' title='bbox 3472 3263 3616 3317; x_wconf 69' lang='lat' dir='ltr'><strong>vocis</strong></span> 
     </span>
    </p>
   </div>
   <div class='ocr_carea' id='block_1_82' title="bbox 2042 3348 3617 3421">
    <p class='ocr_par' dir='ltr' id='par_1_82' title="bbox 2042 3348 3617 3421">
     <span class='ocr_line' id='line_1_82' title="bbox 2042 3348 3617 3421; baseline 0.004 -21"><span class='ocrx_word' id='word_1_635' title='bbox 2042 3348 2301 3401; x_wconf 89' lang='lat' dir='ltr'><strong>suavitate</strong></span> <span class='ocrx_word' id='word_1_636' title='bbox 2332 3349 2703 3416; x_wconf 59' lang='lat' dir='ltr'><strong>praestantior,</strong></span> <span class='ocrx_word' id='word_1_637' title='bbox 2732 3349 2950 3418; x_wconf 87' lang='lat' dir='ltr'><strong>elephas</strong></span> <span class='ocrx_word' id='word_1_638' title='bbox 2981 3350 3149 3418; x_wconf 86' lang='lat' dir='ltr'><strong>major</strong></span> <span class='ocrx_word' id='word_1_639' title='bbox 3169 3391 3184 3414; x_wconf 91' lang='lat'><strong>,</strong></span> <span class='ocrx_word' id='word_1_640' title='bbox 3213 3353 3384 3420; x_wconf 90' lang='lat' dir='ltr'><strong>aquila</strong></span> <span class='ocrx_word' id='word_1_641' title='bbox 3414 3354 3617 3421; x_wconf 84' lang='lat' dir='ltr'><strong>perspi-</strong></span> 
     </span>
    </p>
   </div>
   <div class='ocr_carea' id='block_1_83' title="bbox 2038 3438 3613 3511">
    <p class='ocr_par' dir='ltr' id='par_1_83' title="bbox 2038 3438 3613 3511">
     <span class='ocr_line' id='line_1_83' title="bbox 2038 3438 3613 3511; baseline 0.002 -20"><span class='ocrx_word' id='word_1_642' title='bbox 2038 3438 2216 3491; x_wconf 89' lang='lat' dir='ltr'><strong>cacior</strong></span> <span class='ocrx_word' id='word_1_643' title='bbox 2239 3478 2254 3499; x_wconf 94' lang='lat'><strong>,</strong></span> <span class='ocrx_word' id='word_1_644' title='bbox 2283 3452 2471 3492; x_wconf 91' lang='lat' dir='ltr'><strong>omnes</strong></span> <span class='ocrx_word' id='word_1_645' title='bbox 2495 3453 2621 3492; x_wconf 89' lang='lat' dir='ltr'><strong>aves</strong></span> <span class='ocrx_word' id='word_1_646' title='bbox 2646 3439 2890 3493; x_wconf 85' lang='lat' dir='ltr'><strong>ditiores.</strong></span> <span class='ocrx_word' id='word_1_647' title='bbox 2925 3438 3078 3494; x_wconf 86' lang='lat' dir='ltr'><strong>Unde</strong></span> <span class='ocrx_word' id='word_1_648' title='bbox 3109 3440 3268 3510; x_wconf 78' lang='lat' dir='ltr'><strong>igitur</strong></span> <span class='ocrx_word' id='word_1_649' title='bbox 3305 3441 3496 3511; x_wconf 84' lang='lat' dir='ltr'><strong>dignus</strong></span> <span class='ocrx_word' id='word_1_650' title='bbox 3520 3459 3578 3496; x_wconf 83' lang='lat' dir='ltr'><strong>es</strong></span> <span class='ocrx_word' id='word_1_651' title='bbox 3597 3483 3613 3508; x_wconf 92' lang='lat'><strong>,</strong></span> 
     </span>
    </p>
   </div>
   <div class='ocr_carea' id='block_1_84' title="bbox 2039 3529 3612 3602">
    <p class='ocr_par' dir='ltr' id='par_1_84' title="bbox 2039 3529 3612 3602">
     <span class='ocr_line' id='line_1_84' title="bbox 2039 3529 3612 3602; baseline 0.001 -18"><span class='ocrx_word' id='word_1_652' title='bbox 2039 3532 2128 3599; x_wconf 88' lang='lat' dir='ltr'><strong>qui</strong></span> <span class='ocrx_word' id='word_1_653' title='bbox 2156 3530 2326 3583; x_wconf 89' lang='lat' dir='ltr'><strong>brutis</strong></span> <span class='ocrx_word' id='word_1_654' title='bbox 2348 3529 2679 3584; x_wconf 89' lang='lat' dir='ltr'><strong>domineris?</strong></span> <span class='ocrx_word' id='word_1_655' title='bbox 2703 3545 2766 3584; x_wconf 80' lang='lat' dir='ltr'><strong>ex</strong></span> <span class='ocrx_word' id='word_1_656' title='bbox 2793 3530 3041 3585; x_wconf 86' lang='lat' dir='ltr'><strong>ratione?</strong></span> <span class='ocrx_word' id='word_1_657' title='bbox 3063 3531 3277 3586; x_wconf 78' lang='lat' dir='ltr'><strong>Minime</strong></span> <span class='ocrx_word' id='word_1_658' title='bbox 3308 3533 3356 3586; x_wconf 90' lang='lat' dir='ltr'><strong>id</strong></span> <span class='ocrx_word' id='word_1_659' title='bbox 3381 3533 3612 3602; x_wconf 88' lang='lat' dir='ltr'><strong>quidem.</strong></span> 
     </span>
    </p>
   </div>
   <div class='ocr_carea' id='block_1_85' title="bbox 2038 3619 3617 3689">
    <p class='ocr_par' dir='ltr' id='par_1_85' title="bbox 2038 3619 3617 3689">
     <span class='ocr_line' id='line_1_85' title="bbox 2038 3619 3617 3689; baseline 0.006 -19"><span class='ocrx_word' id='word_1_660' title='bbox 2038 3619 2262 3687; x_wconf 83' lang='lat' dir='ltr'><strong>Quando</strong></span> <span class='ocrx_word' id='word_1_661' title='bbox 2291 3619 2433 3674; x_wconf 90' lang='lat' dir='ltr'><strong>enim</strong></span> <span class='ocrx_word' id='word_1_662' title='bbox 2474 3619 2561 3673; x_wconf 92' lang='lat' dir='ltr'><strong>illa</strong></span> <span class='ocrx_word' id='word_1_663' title='bbox 2589 3660 2604 3684; x_wconf 92' lang='lat'><strong>,</strong></span> <span class='ocrx_word' id='word_1_664' title='bbox 2635 3628 2692 3673; x_wconf 90' lang='lat' dir='ltr'><strong>ut</strong></span> <span class='ocrx_word' id='word_1_665' title='bbox 2718 3620 3031 3689; x_wconf 86' lang='lat' dir='ltr'><strong>oportebat,</strong></span> <span class='ocrx_word' id='word_1_666' title='bbox 3066 3637 3172 3676; x_wconf 88' lang='lat' dir='ltr'><strong>non</strong></span> <span class='ocrx_word' id='word_1_667' title='bbox 3199 3623 3363 3677; x_wconf 89' lang='lat' dir='ltr'><strong>uteris</strong></span> <span class='ocrx_word' id='word_1_668' title='bbox 3383 3664 3399 3682; x_wconf 90' lang='lat'><strong>.</strong></span> <span class='ocrx_word' id='word_1_669' title='bbox 3433 3639 3617 3679; x_wconf 68' lang='grc' dir='ltr'><strong>ι·ιιι·›ιιιι</strong></span> 
     </span>
    </p>
   </div>
   <div class='ocr_carea' id='block_1_86' title="bbox 2040 3709 3616 3782">
    <p class='ocr_par' dir='ltr' id='par_1_86' title="bbox 2040 3709 3616 3782">
     <span class='ocr_line' id='line_1_86' title="bbox 2040 3709 3616 3782; baseline 0.003 -19"><span class='ocrx_word' id='word_1_670' title='bbox 2040 3709 2145 3764; x_wconf 90' lang='lat' dir='ltr'><strong>illis</strong></span> <span class='ocrx_word' id='word_1_671' title='bbox 2169 3724 2229 3764; x_wconf 88' lang='lat' dir='ltr'><strong>es</strong></span> <span class='ocrx_word' id='word_1_672' title='bbox 2249 3709 2484 3764; x_wconf 87' lang='lat' dir='ltr'><strong>deterior</strong></span> <span class='ocrx_word' id='word_1_673' title='bbox 2505 3727 2518 3764; x_wconf 86' lang='lat'><strong>:</strong></span> <span class='ocrx_word' id='word_1_674' title='bbox 2537 3709 2752 3780; x_wconf 88' lang='lat' dir='ltr'><strong>quando</strong></span> <span class='ocrx_word' id='word_1_675' title='bbox 2773 3711 2915 3766; x_wconf 92' lang='lat' dir='ltr'><strong>enim</strong></span> <span class='ocrx_word' id='word_1_676' title='bbox 2942 3712 3147 3767; x_wconf 87' lang='lat' dir='ltr'><strong>ratione</strong></span> <span class='ocrx_word' id='word_1_677' title='bbox 3167 3714 3420 3782; x_wconf 75' lang='lat' dir='ltr'><strong>pra-ditus</strong></span> <span class='ocrx_word' id='word_1_678' title='bbox 3442 3716 3616 3769; x_wconf 72' lang='lat' dir='ltr'><strong>minus</strong></span> 
     </span>
    </p>
   </div>
   <div class='ocr_carea' id='block_1_87' title="bbox 2037 3799 3620 3871">
    <p class='ocr_par' dir='ltr' id='par_1_87' title="bbox 2037 3799 3620 3871">
     <span class='ocr_line' id='line_1_87' title="bbox 2037 3799 3620 3871; baseline 0.004 -19"><span class='ocrx_word' id='word_1_679' title='bbox 2037 3816 2196 3871; x_wconf 88' lang='lat' dir='ltr'><strong>quam</strong></span> <span class='ocrx_word' id='word_1_680' title='bbox 2224 3799 2311 3855; x_wconf 91' lang='lat' dir='ltr'><strong>illa</strong></span> <span class='ocrx_word' id='word_1_681' title='bbox 2338 3812 2697 3870; x_wconf 87' lang='lat' dir='ltr'><strong>congruenter</strong></span> <span class='ocrx_word' id='word_1_682' title='bbox 2740 3801 2932 3857; x_wconf 89' lang='lat' dir='ltr'><strong>rationi</strong></span> <span class='ocrx_word' id='word_1_683' title='bbox 2977 3803 3108 3858; x_wconf 88' lang='lat' dir='ltr'><strong>vivis</strong></span> <span class='ocrx_word' id='word_1_684' title='bbox 3134 3844 3149 3870; x_wconf 88' lang='lat'><strong>,</strong></span> <span class='ocrx_word' id='word_1_685' title='bbox 3182 3804 3349 3858; x_wconf 83' lang='lat' dir='ltr'><strong>satius</strong></span> <span class='ocrx_word' id='word_1_686' title='bbox 3378 3804 3470 3858; x_wconf 91' lang='lat' dir='ltr'><strong>tibi</strong></span> <span class='ocrx_word' id='word_1_687' title='bbox 3501 3814 3620 3860; x_wconf 84' lang='lat' dir='ltr'><strong>e-at</strong></span> 
     </span>
    </p>
   </div>
   <div class='ocr_carea' id='block_1_88' title="bbox 2039 3889 3614 3964">
    <p class='ocr_par' dir='ltr' id='par_1_88' title="bbox 2039 3889 3614 3964">
     <span class='ocr_line' id='line_1_88' title="bbox 2039 3889 3614 3964; baseline 0.002 -19"><span class='ocrx_word' id='word_1_688' title='bbox 2039 3906 2212 3961; x_wconf 86' lang='lat' dir='ltr'><strong>neque</strong></span> <span class='ocrx_word' id='word_1_689' title='bbox 2230 3890 2380 3945; x_wconf 88' lang='lat' dir='ltr'><strong>initio</strong></span> <span class='ocrx_word' id='word_1_690' title='bbox 2401 3889 2596 3945; x_wconf 88' lang='lat' dir='ltr'><strong>factum</strong></span> <span class='ocrx_word' id='word_1_691' title='bbox 2619 3907 2739 3947; x_wconf 85' lang='lat' dir='ltr'><strong>esse</strong></span> <span class='ocrx_word' id='word_1_692' title='bbox 2760 3892 2980 3947; x_wconf 81' lang='lat' dir='ltr'><strong>rationis</strong></span> <span class='ocrx_word' id='word_1_693' title='bbox 2996 3903 3320 3964; x_wconf 86' lang='lat' dir='ltr'><strong>compotem.</strong></span> <span class='ocrx_word' id='word_1_694' title='bbox 3338 3893 3451 3950; x_wconf 85' lang='lat' dir='ltr'><strong>Non</strong></span> <span class='ocrx_word' id='word_1_695' title='bbox 3472 3896 3614 3950; x_wconf 92' lang='lat' dir='ltr'><strong>enim</strong></span> 
     </span>
    </p>
   </div>
   <div class='ocr_carea' id='block_1_89' title="bbox 2041 3987 3612 4058">
    <p class='ocr_par' dir='ltr' id='par_1_89' title="bbox 2041 3987 3612 4058">
     <span class='ocr_line' id='line_1_89' title="bbox 2041 3987 3612 4058; baseline 0.001 -18"><span class='ocrx_word' id='word_1_696' title='bbox 2041 3987 2178 4040; x_wconf 80' lang='lat' dir='ltr'><strong>idem</strong></span> <span class='ocrx_word' id='word_1_697' title='bbox 2209 3994 2310 4048; x_wconf 75' lang='lat' dir='ltr'><strong>est.</strong></span> <span class='ocrx_word' id='word_1_698' title='bbox 2338 4002 2458 4041; x_wconf 91' lang='lat' dir='ltr'><strong>cum</strong></span> <span class='ocrx_word' id='word_1_699' title='bbox 2493 3988 2845 4057; x_wconf 85' lang='lat' dir='ltr'><strong>principatum</strong></span> <span class='ocrx_word' id='word_1_700' title='bbox 2869 3988 3160 4057; x_wconf 87' lang='lat' dir='ltr'><strong>acceperis,</strong></span> <span class='ocrx_word' id='word_1_701' title='bbox 3194 3988 3340 4042; x_wconf 91' lang='lat' dir='ltr'><strong>illum</strong></span> <span class='ocrx_word' id='word_1_702' title='bbox 3365 3989 3612 4058; x_wconf 66' lang='lat' dir='ltr'><strong>prodi-rc,</strong></span> 
     </span>
    </p>
   </div>
   <div class='ocr_carea' id='block_1_90' title="bbox 2039 4078 3616 4149">
    <p class='ocr_par' dir='ltr' id='par_1_90' title="bbox 2039 4078 3616 4149">
     <span class='ocr_line' id='line_1_90' title="bbox 2039 4078 3616 4149; baseline -0.002 -16"><span class='ocrx_word' id='word_1_703' title='bbox 2039 4089 2196 4149; x_wconf 86' lang='lat' dir='ltr'><strong>atque</strong></span> <span class='ocrx_word' id='word_1_704' title='bbox 2228 4079 2378 4134; x_wconf 89' lang='lat' dir='ltr'><strong>Initio</strong></span> <span class='ocrx_word' id='word_1_705' title='bbox 2408 4095 2512 4133; x_wconf 89' lang='lat' dir='ltr'><strong>non</strong></span> <span class='ocrx_word' id='word_1_706' title='bbox 2543 4080 2834 4148; x_wconf 83' lang='lat' dir='ltr'><strong>accepisse.</strong></span> <span class='ocrx_word' id='word_1_707' title='bbox 2871 4078 2999 4146; x_wconf 80' lang='lat' dir='ltr'><strong>Regi</strong></span> <span class='ocrx_word' id='word_1_708' title='bbox 3029 4079 3345 4131; x_wconf 77' lang='lat' dir='ltr'><strong>satellitibus</strong></span> <span class='ocrx_word' id='word_1_709' title='bbox 3377 4078 3488 4131; x_wconf 87' lang='lat' dir='ltr'><strong>suis</strong></span> <span class='ocrx_word' id='word_1_710' title='bbox 3515 4078 3616 4130; x_wconf 86' lang='lat' dir='ltr'><strong>de-</strong></span> 
     </span>
    </p>
   </div>
   <div class='ocr_carea' id='block_1_91' title="bbox 2042 4167 3612 4238">
    <p class='ocr_par' dir='ltr' id='par_1_91' title="bbox 2042 4167 3612 4238">
     <span class='ocr_line' id='line_1_91' title="bbox 2042 4167 3612 4238; baseline -0.002 -15"><span class='ocrx_word' id='word_1_711' title='bbox 2042 4169 2220 4224; x_wconf 77' lang='lat' dir='ltr'><strong>teriori</strong></span> <span class='ocrx_word' id='word_1_712' title='bbox 2254 4171 2418 4223; x_wconf 85' lang='lat' dir='ltr'><strong>satius</strong></span> <span class='ocrx_word' id='word_1_713' title='bbox 2455 4179 2569 4223; x_wconf 86' lang='lat' dir='ltr'><strong>erat</strong></span> <span class='ocrx_word' id='word_1_714' title='bbox 2615 4182 2787 4238; x_wconf 86' lang='lat' dir='ltr'><strong>neque</strong></span> <span class='ocrx_word' id='word_1_715' title='bbox 2823 4181 3053 4236; x_wconf 88' lang='lat' dir='ltr'><strong>purpura</strong></span> <span class='ocrx_word' id='word_1_716' title='bbox 3094 4181 3153 4220; x_wconf 88' lang='lat' dir='ltr'><strong>se</strong></span> <span class='ocrx_word' id='word_1_717' title='bbox 3185 4167 3440 4219; x_wconf 56' lang='lat' dir='ltr'><strong>induissv.</strong></span> <span class='ocrx_word' id='word_1_718' title='bbox 3471 4167 3612 4221; x_wconf 82' lang='lat' dir='ltr'><strong>Ideni</strong></span> 
     </span>
    </p>
   </div>
   <div class='ocr_carea' id='block_1_92' title="bbox 2042 4258 3616 4328">
    <p class='ocr_par' dir='ltr' id='par_1_92' title="bbox 2042 4258 3616 4328">
     <span class='ocr_line' id='line_1_92' title="bbox 2042 4258 3616 4328; baseline -0.001 -15"><span class='ocrx_word' id='word_1_719' title='bbox 2042 4261 2141 4314; x_wconf 88' lang='lat' dir='ltr'><strong>hac</strong></span> <span class='ocrx_word' id='word_1_720' title='bbox 2176 4261 2229 4314; x_wconf 91' lang='lat' dir='ltr'><strong>in</strong></span> <span class='ocrx_word' id='word_1_721' title='bbox 2261 4275 2318 4315; x_wconf 91' lang='lat' dir='ltr'><strong>re</strong></span> <span class='ocrx_word' id='word_1_722' title='bbox 2347 4260 2543 4314; x_wconf 87' lang='lat' dir='ltr'><strong>evenit.</strong></span> <span class='ocrx_word' id='word_1_723' title='bbox 2574 4258 2936 4328; x_wconf 86' lang='lat' dir='ltr'><strong>lntelligentes</strong></span> <span class='ocrx_word' id='word_1_724' title='bbox 2969 4258 3127 4325; x_wconf 76' lang='lat' dir='ltr'><strong>igitur</strong></span> <span class='ocrx_word' id='word_1_725' title='bbox 3166 4258 3244 4311; x_wconf 88' lang='lat' dir='ltr'><strong>vel</strong></span> <span class='ocrx_word' id='word_1_726' title='bbox 3291 4258 3454 4311; x_wconf 79' lang='lat' dir='ltr'><strong>brutis</strong></span> <span class='ocrx_word' id='word_1_727' title='bbox 3487 4258 3616 4326; x_wconf 57' lang='grc' dir='ltr'><strong>ἰιιμίδι</strong></span> 
     </span>
    </p>
   </div>
   <div class='ocr_carea' id='block_1_93' title="bbox 2042 4348 3616 4415">
    <p class='ocr_par' dir='ltr' id='par_1_93' title="bbox 2042 4348 3616 4415">
     <span class='ocr_line' id='line_1_93' title="bbox 2042 4348 3616 4415; baseline -0.001 -10"><span class='ocrx_word' id='word_1_728' title='bbox 2042 4368 2140 4405; x_wconf 88' lang='lat' dir='ltr'><strong>nos</strong></span> <span class='ocrx_word' id='word_1_729' title='bbox 2169 4368 2288 4406; x_wconf 84' lang='lat' dir='ltr'><strong>esse</strong></span> <span class='ocrx_word' id='word_1_730' title='bbox 2337 4351 2635 4406; x_wconf 87' lang='lat' dir='ltr'><strong>deteriores</strong></span> <span class='ocrx_word' id='word_1_731' title='bbox 2659 4389 2674 4412; x_wconf 89' lang='lat'><strong>,</strong></span> <span class='ocrx_word' id='word_1_732' title='bbox 2707 4349 2806 4402; x_wconf 86' lang='lat' dir='ltr'><strong>nisi</strong></span> <span class='ocrx_word' id='word_1_733' title='bbox 2841 4349 3090 4402; x_wconf 89' lang='lat' dir='ltr'><strong>virtutem</strong></span> <span class='ocrx_word' id='word_1_734' title='bbox 3122 4348 3410 4402; x_wconf 86' lang='lat' dir='ltr'><strong>habeamus</strong></span> <span class='ocrx_word' id='word_1_735' title='bbox 3436 4392 3451 4415; x_wconf 91' lang='lat'><strong>,</strong></span> <span class='ocrx_word' id='word_1_736' title='bbox 3495 4350 3616 4403; x_wconf 88' lang='lat' dir='ltr'><strong>huic</strong></span> 
     </span>
    </p>
   </div>
   <div class='ocr_carea' id='block_1_94' title="bbox 2042 4437 3617 4509">
    <p class='ocr_par' dir='ltr' id='par_1_94' title="bbox 2042 4437 3617 4509">
     <span class='ocr_line' id='line_1_94' title="bbox 2042 4437 3617 4509; baseline -0.002 -14"><span class='ocrx_word' id='word_1_737' title='bbox 2042 4441 2356 4495; x_wconf 77' lang='lat' dir='ltr'><strong>exercenda:</strong></span> <span class='ocrx_word' id='word_1_738' title='bbox 2385 4455 2602 4509; x_wconf 89' lang='lat' dir='ltr'><strong>operam</strong></span> <span class='ocrx_word' id='word_1_739' title='bbox 2633 4439 2821 4493; x_wconf 91' lang='lat' dir='ltr'><strong>demus</strong></span> <span class='ocrx_word' id='word_1_740' title='bbox 2845 4479 2861 4505; x_wconf 92' lang='lat'><strong>,</strong></span> <span class='ocrx_word' id='word_1_741' title='bbox 2905 4448 2960 4492; x_wconf 91' lang='lat' dir='ltr'><strong>ut</strong></span> <span class='ocrx_word' id='word_1_742' title='bbox 3004 4437 3249 4492; x_wconf 87' lang='lat' dir='ltr'><strong>homines</strong></span> <span class='ocrx_word' id='word_1_743' title='bbox 3281 4439 3497 4504; x_wconf 76' lang='lat' dir='ltr'><strong>liatntts,</strong></span> <span class='ocrx_word' id='word_1_744' title='bbox 3535 4443 3617 4494; x_wconf 64' lang='grc' dir='ltr'><strong>εισι</strong></span> 
     </span>
    </p>
   </div>
   <div class='ocr_carea' id='block_1_95' title="bbox 2045 4528 3621 4600">
    <p class='ocr_par' dir='ltr' id='par_1_95' title="bbox 2045 4528 3621 4600">
     <span class='ocr_line' id='line_1_95' title="bbox 2045 4528 3621 4600; baseline 0.002 -20"><span class='ocrx_word' id='word_1_745' title='bbox 2045 4532 2219 4600; x_wconf 66' lang='lat' dir='ltr'><strong>potius</strong></span> <span class='ocrx_word' id='word_1_746' title='bbox 2245 4530 2452 4598; x_wconf 87' lang='lat' dir='ltr'><strong>angeli;</strong></span> <span class='ocrx_word' id='word_1_747' title='bbox 2487 4529 2868 4597; x_wconf 87' lang='lat' dir='ltr'><strong>promissisque</strong></span> <span class='ocrx_word' id='word_1_748' title='bbox 2899 4528 3051 4582; x_wconf 90' lang='lat' dir='ltr'><strong>bonis</strong></span> <span class='ocrx_word' id='word_1_749' title='bbox 3081 4529 3338 4588; x_wconf 70' lang='lat' dir='ltr'><strong>fruamur,</strong></span> <span class='ocrx_word' id='word_1_750' title='bbox 3369 4530 3534 4596; x_wconf 69' lang='lat' dir='ltr'><strong>gratia</strong></span> <span class='ocrx_word' id='word_1_751' title='bbox 3566 4539 3621 4583; x_wconf 92' lang='lat' dir='ltr'><strong>et</strong></span> 
     </span>
    </p>
   </div>
   <div class='ocr_carea' id='block_1_96' title="bbox 2047 4619 3619 4692">
    <p class='ocr_par' dir='ltr' id='par_1_96' title="bbox 2047 4619 3619 4692">
     <span class='ocr_line' id='line_1_96' title="bbox 2047 4619 3619 4692; baseline -0.004 -15"><span class='ocrx_word' id='word_1_752' title='bbox 2047 4624 2370 4692; x_wconf 81' lang='lat' dir='ltr'><strong>benignitate</strong></span> <span class='ocrx_word' id='word_1_753' title='bbox 2397 4621 2603 4675; x_wconf 89' lang='lat' dir='ltr'><strong>Domini</strong></span> <span class='ocrx_word' id='word_1_754' title='bbox 2634 4619 2800 4674; x_wconf 90' lang='lat' dir='ltr'><strong>nostri</strong></span> <span class='ocrx_word' id='word_1_755' title='bbox 2825 4619 2951 4674; x_wconf 81' lang='lat' dir='ltr'><strong>Jesu</strong></span> <span class='ocrx_word' id='word_1_756' title='bbox 2977 4619 3191 4685; x_wconf 79' lang='lat' dir='ltr'><strong>Christi,</strong></span> <span class='ocrx_word' id='word_1_757' title='bbox 3216 4619 3298 4672; x_wconf 81' lang='lat' dir='ltr'><strong>cui</strong></span> <span class='ocrx_word' id='word_1_758' title='bbox 3321 4635 3438 4672; x_wconf 75' lang='lat' dir='ltr'><strong>eum</strong></span> <span class='ocrx_word' id='word_1_759' title='bbox 3467 4619 3619 4671; x_wconf 84' lang='lat' dir='ltr'><strong>l&#39;atre</strong></span> 
     </span>
    </p>
   </div>
   <div class='ocr_carea' id='block_1_97' title="bbox 2043 4711 3617 4784">
    <p class='ocr_par' dir='ltr' id='par_1_97' title="bbox 2043 4711 3617 4784">
     <span class='ocr_line' id='line_1_97' title="bbox 2043 4711 3617 4784; baseline -0.003 -14"><span class='ocrx_word' id='word_1_760' title='bbox 2043 4726 2097 4770; x_wconf 84' lang='lat' dir='ltr'><strong>et</strong></span> <span class='ocrx_word' id='word_1_761' title='bbox 2127 4715 2327 4784; x_wconf 75' lang='lat' dir='ltr'><strong>Spiritu</strong></span> <span class='ocrx_word' id='word_1_762' title='bbox 2370 4722 2557 4767; x_wconf 91' lang='lat' dir='ltr'><strong>sancto</strong></span> <span class='ocrx_word' id='word_1_763' title='bbox 2594 4713 2785 4783; x_wconf 86' lang='lat' dir='ltr'><strong>gloria,</strong></span> <span class='ocrx_word' id='word_1_764' title='bbox 2829 4712 3132 4782; x_wconf 88' lang='lat' dir='ltr'><strong>imperium,</strong></span> <span class='ocrx_word' id='word_1_765' title='bbox 3165 4711 3365 4777; x_wconf 81' lang='lat' dir='ltr'><strong>honor,</strong></span> <span class='ocrx_word' id='word_1_766' title='bbox 3397 4728 3536 4765; x_wconf 82' lang='lat' dir='ltr'><strong>nunc</strong></span> <span class='ocrx_word' id='word_1_767' title='bbox 3565 4719 3617 4765; x_wconf 90' lang='lat' dir='ltr'><strong>et</strong></span> 
     </span>
    </p>
   </div>
   <div class='ocr_carea' id='block_1_98' title="bbox 2044 4805 3260 4878">
    <p class='ocr_par' dir='ltr' id='par_1_98' title="bbox 2044 4805 3260 4878">
     <span class='ocr_line' id='line_1_98' title="bbox 2044 4805 3260 4878; baseline -0.005 -16"><span class='ocrx_word' id='word_1_768' title='bbox 2044 4822 2287 4878; x_wconf 86' lang='lat' dir='ltr'><strong>semper,</strong></span> <span class='ocrx_word' id='word_1_769' title='bbox 2315 4817 2368 4861; x_wconf 90' lang='lat' dir='ltr'><strong>et</strong></span> <span class='ocrx_word' id='word_1_770' title='bbox 2394 4805 2446 4860; x_wconf 92' lang='lat' dir='ltr'><strong>in</strong></span> <span class='ocrx_word' id='word_1_771' title='bbox 2475 4805 2667 4861; x_wconf 84' lang='lat' dir='ltr'><strong>saecula</strong></span> <span class='ocrx_word' id='word_1_772' title='bbox 2693 4807 3038 4861; x_wconf 77' lang='lat' dir='ltr'><strong>szeculorum.</strong></span> <span class='ocrx_word' id='word_1_773' title='bbox 3071 4807 3260 4859; x_wconf 79' lang='lat' dir='ltr'><strong>Amen.</strong></span> 
     </span>
    </p>
   </div>
   <div class='ocr_carea' id='block_1_99' title="bbox 1686 5071 2245 5134">
    <p class='ocr_par' dir='ltr' id='par_1_99' title="bbox 1686 5071 2245 5134">
     <span class='ocr_line' id='line_1_99' title="bbox 1686 5071 2245 5134; baseline 0.009 -5"><span class='ocrx_word' id='word_1_774' title='bbox 1686 5071 2025 5133; x_wconf 79' lang='lat' dir='ltr'><strong>ilO.\lll.l.-\</strong></span> <span class='ocrx_word' id='word_1_775' title='bbox 2069 5073 2245 5134; x_wconf 84' lang='lat' dir='ltr'>VIII.</span> 
     </span>
    </p>
   </div>
   <div class='ocr_carea' id='block_1_100' title="bbox 310 5214 1941 5286">
    <p class='ocr_par' dir='ltr' id='par_1_100' title="bbox 310 5214 1941 5286">
     <span class='ocr_line' id='line_1_100' title="bbox 310 5214 1941 5286; baseline -0.004 -10"><span class='ocrx_word' id='word_1_776' title='bbox 310 5221 446 5276; x_wconf 67' lang='grc' dir='ltr'><strong>Ου’.</strong></span> <span class='ocrx_word' id='word_1_777' title='bbox 489 5219 544 5273; x_wconf 83' lang='lat'><strong>2.</strong></span> <span class='ocrx_word' id='word_1_778' title='bbox 581 5234 637 5270; x_wconf 88' lang='lat' dir='ltr'><strong>v.</strong></span> <span class='ocrx_word' id='word_1_779' title='bbox 681 5215 772 5271; x_wconf 66' lang='grc'><strong>12.</strong></span> <span class='ocrx_word' id='word_1_780' title='bbox 802 5214 1000 5286; x_wconf 82' lang='lat' dir='ltr'><strong>Itaque,</strong></span> <span class='ocrx_word' id='word_1_781' title='bbox 1026 5216 1275 5269; x_wconf 76' lang='lat' dir='ltr'><strong>carissimi</strong></span> <span class='ocrx_word' id='word_1_782' title='bbox 1303 5215 1419 5278; x_wconf 86' lang='lat' dir='ltr'><strong>mei,</strong></span> <span class='ocrx_word' id='word_1_783' title='bbox 1447 5216 1573 5269; x_wconf 79' lang='lat' dir='ltr'><strong>sicut</strong></span> <span class='ocrx_word' id='word_1_784' title='bbox 1603 5232 1796 5286; x_wconf 83' lang='lat' dir='ltr'><strong>semper</strong></span> <span class='ocrx_word' id='word_1_785' title='bbox 1826 5217 1941 5270; x_wconf 80' lang='lat' dir='ltr'><strong>obc-</strong></span> 
     </span>
    </p>
   </div>
   <div class='ocr_carea' id='block_1_101' title="bbox 384 5306 1940 5375">
    <p class='ocr_par' dir='ltr' id='par_1_101' title="bbox 384 5306 1940 5375">
     <span class='ocr_line' id='line_1_101' title="bbox 384 5306 1940 5375; baseline -0.004 -10"><span class='ocrx_word' id='word_1_786' title='bbox 384 5313 546 5366; x_wconf 76' lang='lat' dir='ltr'><strong>distis</strong></span> <span class='ocrx_word' id='word_1_787' title='bbox 571 5351 587 5371; x_wconf 87' lang='lat'><strong>,</strong></span> <span class='ocrx_word' id='word_1_788' title='bbox 627 5325 742 5362; x_wconf 88' lang='lat' dir='ltr'><strong>non</strong></span> <span class='ocrx_word' id='word_1_789' title='bbox 789 5310 840 5359; x_wconf 86' lang='lat' dir='ltr'><strong>in</strong></span> <span class='ocrx_word' id='word_1_790' title='bbox 879 5308 1148 5375; x_wconf 76' lang='lat' dir='ltr'><strong>prwsentia</strong></span> <span class='ocrx_word' id='word_1_791' title='bbox 1193 5306 1289 5359; x_wconf 87' lang='lat' dir='ltr'><strong>mei</strong></span> <span class='ocrx_word' id='word_1_792' title='bbox 1334 5317 1561 5368; x_wconf 79' lang='lat' dir='ltr'><strong>tantum,</strong></span> <span class='ocrx_word' id='word_1_793' title='bbox 1594 5307 1681 5358; x_wconf 71' lang='lat' dir='ltr'><strong>sed</strong></span> <span class='ocrx_word' id='word_1_794' title='bbox 1710 5316 1755 5359; x_wconf 86' lang='lat' dir='ltr'><strong>et</strong></span> <span class='ocrx_word' id='word_1_795' title='bbox 1784 5306 1940 5359; x_wconf 82' lang='lat' dir='ltr'><strong>multo</strong></span> 
     </span>
    </p>
   </div>
   <div class='ocr_carea' id='block_1_102' title="bbox 387 5400 1942 5474">
    <p class='ocr_par' dir='ltr' id='par_1_102' title="bbox 387 5400 1942 5474">
     <span class='ocr_line' id='line_1_102' title="bbox 387 5400 1942 5474; baseline -0.004 -16"><span class='ocrx_word' id='word_1_796' title='bbox 387 5406 568 5474; x_wconf 81' lang='lat' dir='ltr'><strong>magis</strong></span> <span class='ocrx_word' id='word_1_797' title='bbox 599 5417 750 5456; x_wconf 75' lang='lat' dir='ltr'><strong>itum:</strong></span> <span class='ocrx_word' id='word_1_798' title='bbox 779 5402 830 5453; x_wconf 85' lang='lat' dir='ltr'><strong>in</strong></span> <span class='ocrx_word' id='word_1_799' title='bbox 858 5400 1084 5453; x_wconf 76' lang='lat' dir='ltr'><strong>absmtia</strong></span> <span class='ocrx_word' id='word_1_800' title='bbox 1120 5418 1229 5454; x_wconf 85' lang='lat' dir='ltr'><strong>mea</strong></span> <span class='ocrx_word' id='word_1_801' title='bbox 1251 5441 1267 5466; x_wconf 94' lang='lat'><strong>,</strong></span> <span class='ocrx_word' id='word_1_802' title='bbox 1296 5417 1408 5452; x_wconf 88' lang='lat' dir='ltr'><strong>cnm</strong></span> <span class='ocrx_word' id='word_1_803' title='bbox 1442 5401 1618 5453; x_wconf 87' lang='lat' dir='ltr'><strong>timore</strong></span> <span class='ocrx_word' id='word_1_804' title='bbox 1643 5411 1688 5452; x_wconf 84' lang='lat' dir='ltr'><strong>et</strong></span> <span class='ocrx_word' id='word_1_805' title='bbox 1731 5411 1942 5453; x_wconf 85' lang='lat' dir='ltr'><strong>tremore</strong></span> 
     </span>
    </p>
   </div>
   <div class='ocr_carea' id='block_1_103' title="bbox 381 5489 1939 5560">
    <p class='ocr_par' dir='ltr' id='par_1_103' title="bbox 381 5489 1939 5560">
     <span class='ocr_line' id='line_1_103' title="bbox 381 5489 1939 5560; baseline -0.008 -8"><span class='ocrx_word' id='word_1_806' title='bbox 381 5508 622 5552; x_wconf 66' lang='lat' dir='ltr'><strong>vestram</strong></span> <span class='ocrx_word' id='word_1_807' title='bbox 671 5492 894 5546; x_wconf 78' lang='lat' dir='ltr'><strong>salutent</strong></span> <span class='ocrx_word' id='word_1_808' title='bbox 923 5492 1226 5560; x_wconf 78' lang='lat' dir='ltr'><strong>operamini.</strong></span> <span class='ocrx_word' id='word_1_809' title='bbox 1265 5491 1349 5546; x_wconf 76' lang='grc'><strong>15.</strong></span> <span class='ocrx_word' id='word_1_810' title='bbox 1385 5489 1519 5542; x_wconf 81' lang='lat' dir='ltr'><strong>Dens</strong></span> <span class='ocrx_word' id='word_1_811' title='bbox 1548 5500 1619 5542; x_wconf 81' lang='lat' dir='ltr'><strong>est</strong></span> <span class='ocrx_word' id='word_1_812' title='bbox 1657 5491 1822 5553; x_wconf 81' lang='lat' dir='ltr'><strong>enim,</strong></span> <span class='ocrx_word' id='word_1_813' title='bbox 1858 5491 1939 5558; x_wconf 80' lang='lat' dir='ltr'><strong>qni</strong></span> 
     </span>
    </p>
   </div>
   <div class='ocr_carea' id='block_1_104' title="bbox 380 5579 1941 5658">
    <p class='ocr_par' dir='ltr' id='par_1_104' title="bbox 380 5579 1941 5658">
     <span class='ocr_line' id='line_1_104' title="bbox 380 5579 1941 5658; baseline -0.008 -16"><span class='ocrx_word' id='word_1_814' title='bbox 380 5598 650 5658; x_wconf 81' lang='lat' dir='ltr'><strong>operatur</strong></span> <span class='ocrx_word' id='word_1_815' title='bbox 691 5585 750 5635; x_wconf 87' lang='lat' dir='ltr'><strong>in</strong></span> <span class='ocrx_word' id='word_1_816' title='bbox 793 5583 930 5634; x_wconf 74' lang='lat' dir='ltr'><strong>vobis</strong></span> <span class='ocrx_word' id='word_1_817' title='bbox 967 5590 1010 5634; x_wconf 86' lang='lat' dir='ltr'><strong>et</strong></span> <span class='ocrx_word' id='word_1_818' title='bbox 1041 5582 1164 5634; x_wconf 74' lang='lat' dir='ltr'><strong>velle</strong></span> <span class='ocrx_word' id='word_1_819' title='bbox 1192 5592 1237 5634; x_wconf 88' lang='lat' dir='ltr'><strong>et</strong></span> <span class='ocrx_word' id='word_1_820' title='bbox 1265 5581 1466 5650; x_wconf 74' lang='lat' dir='ltr'><strong>operari</strong></span> <span class='ocrx_word' id='word_1_821' title='bbox 1498 5597 1588 5648; x_wconf 84' lang='lat' dir='ltr'><strong>pro</strong></span> <span class='ocrx_word' id='word_1_822' title='bbox 1613 5579 1742 5632; x_wconf 84' lang='lat' dir='ltr'><strong>bona</strong></span> <span class='ocrx_word' id='word_1_823' title='bbox 1769 5580 1941 5632; x_wconf 79' lang='lat' dir='ltr'><strong>rolnn-</strong></span> 
     </span>
    </p>
   </div>
   <div class='ocr_carea' id='block_1_105' title="bbox 380 5671 1941 5741">
    <p class='ocr_par' dir='ltr' id='par_1_105' title="bbox 380 5671 1941 5741">
     <span class='ocr_line' id='line_1_105' title="bbox 380 5671 1941 5741; baseline -0.009 -5"><span class='ocrx_word' id='word_1_824' title='bbox 380 5691 514 5737; x_wconf 78' lang='lat' dir='ltr'><strong>tate.</strong></span> <span class='ocrx_word' id='word_1_825' title='bbox 562 5678 658 5732; x_wconf 77' lang='grc' dir='ltr'><strong>Η.</strong></span> <span class='ocrx_word' id='word_1_826' title='bbox 701 5671 898 5726; x_wconf 77' lang='lat' dir='ltr'><strong>Omnia</strong></span> <span class='ocrx_word' id='word_1_827' title='bbox 938 5682 1105 5724; x_wconf 80' lang='lat' dir='ltr'><strong>autem</strong></span> <span class='ocrx_word' id='word_1_828' title='bbox 1139 5673 1290 5741; x_wconf 77' lang='lat' dir='ltr'><strong>facile</strong></span> <span class='ocrx_word' id='word_1_829' title='bbox 1316 5673 1424 5724; x_wconf 79' lang='lat' dir='ltr'><strong>sine</strong></span> <span class='ocrx_word' id='word_1_830' title='bbox 1465 5671 1941 5723; x_wconf 85' lang='lat' dir='ltr'><strong>mnrmnrationibns</strong></span> 
     </span>
    </p>
   </div>
   <div class='ocr_carea' id='block_1_106' title="bbox 377 5765 1945 5833">
    <p class='ocr_par' dir='ltr' id='par_1_106' title="bbox 377 5765 1945 5833">
     <span class='ocr_line' id='line_1_106' title="bbox 377 5765 1945 5833; baseline -0.009 -6"><span class='ocrx_word' id='word_1_831' title='bbox 377 5785 426 5829; x_wconf 86' lang='lat' dir='ltr'><strong>et</strong></span> <span class='ocrx_word' id='word_1_832' title='bbox 458 5765 900 5827; x_wconf 74' lang='lat' dir='ltr'><strong>Ita’st&#39;tationilma</strong></span> <span class='ocrx_word' id='word_1_833' title='bbox 920 5805 934 5824; x_wconf 90' lang='lat'><strong>,</strong></span> <span class='ocrx_word' id='word_1_834' title='bbox 985 5765 1066 5818; x_wconf 82' lang='grc'><strong>15.</strong></span> <span class='ocrx_word' id='word_1_835' title='bbox 1114 5775 1164 5817; x_wconf 80' lang='grc' dir='ltr'><strong>ιιι</strong></span> <span class='ocrx_word' id='word_1_836' title='bbox 1193 5766 1300 5818; x_wconf 78' lang='lat' dir='ltr'><strong>sitis</strong></span> <span class='ocrx_word' id='word_1_837' title='bbox 1337 5765 1448 5817; x_wconf 77' lang='lat' dir='ltr'><strong>sine</strong></span> <span class='ocrx_word' id='word_1_838' title='bbox 1484 5765 1720 5833; x_wconf 80' lang='lat' dir='ltr'><strong>querela,</strong></span> <span class='ocrx_word' id='word_1_839' title='bbox 1753 5773 1797 5816; x_wconf 86' lang='lat' dir='ltr'><strong>et</strong></span> <span class='ocrx_word' id='word_1_840' title='bbox 1823 5765 1945 5816; x_wconf 82' lang='lat' dir='ltr'><strong>sim-</strong></span> 
     </span>
    </p>
   </div>
   <div class='ocr_carea' id='block_1_107' title="bbox 379 5856 1942 5936">
    <p class='ocr_par' dir='ltr' id='par_1_107' title="bbox 379 5856 1942 5936">
     <span class='ocr_line' id='line_1_107' title="bbox 379 5856 1942 5936; baseline -0.006 -19"><span class='ocrx_word' id='word_1_841' title='bbox 379 5869 550 5936; x_wconf 67' lang='lat' dir='ltr'><strong>plices</strong></span> <span class='ocrx_word' id='word_1_842' title='bbox 572 5907 586 5927; x_wconf 92' lang='lat'><strong>,</strong></span> <span class='ocrx_word' id='word_1_843' title='bbox 621 5860 732 5930; x_wconf 80' lang='lat' dir='ltr'><strong>ﬁlii</strong></span> <span class='ocrx_word' id='word_1_844' title='bbox 778 5856 872 5910; x_wconf 83' lang='lat' dir='ltr'><strong>Dei</strong></span> <span class='ocrx_word' id='word_1_845' title='bbox 903 5860 1010 5910; x_wconf 75' lang='lat' dir='ltr'><strong>sine</strong></span> <span class='ocrx_word' id='word_1_846' title='bbox 1036 5858 1420 5924; x_wconf 77' lang='lat' dir='ltr'><strong>reprehensione</strong></span> <span class='ocrx_word' id='word_1_847' title='bbox 1456 5858 1505 5908; x_wconf 85' lang='lat' dir='ltr'><strong>in</strong></span> <span class='ocrx_word' id='word_1_848' title='bbox 1536 5858 1696 5909; x_wconf 74' lang='lat' dir='ltr'><strong>medio</strong></span> <span class='ocrx_word' id='word_1_849' title='bbox 1724 5856 1942 5908; x_wconf 79' lang='lat' dir='ltr'><strong>nationis</strong></span> 
     </span>
    </p>
   </div>
   <div class='ocr_carea' id='block_1_108' title="bbox 369 5947 1938 6032">
    <p class='ocr_par' dir='ltr' id='par_1_108' title="bbox 369 5947 1938 6032">
     <span class='ocr_line' id='line_1_108' title="bbox 369 5947 1938 6032; baseline -0.005 -26"><span class='ocrx_word' id='word_1_850' title='bbox 369 5973 565 6032; x_wconf 61' lang='grc' dir='ltr'><strong>ιιι-αισα·</strong></span> <span class='ocrx_word' id='word_1_851' title='bbox 598 5963 650 6006; x_wconf 74' lang='lat' dir='ltr'><strong>et</strong></span> <span class='ocrx_word' id='word_1_852' title='bbox 685 5964 944 6020; x_wconf 54' lang='lat' dir='ltr'><strong>pctretszr</strong></span> <span class='ocrx_word' id='word_1_853' title='bbox 963 5987 979 6015; x_wconf 93' lang='lat'><strong>,</strong></span> <span class='ocrx_word' id='word_1_854' title='bbox 1009 5947 1138 6001; x_wconf 73' lang='lat' dir='ltr'><strong>inter</strong></span> <span class='ocrx_word' id='word_1_855' title='bbox 1164 5965 1284 6018; x_wconf 80' lang='lat' dir='ltr'><strong>quos</strong></span> <span class='ocrx_word' id='word_1_856' title='bbox 1315 5947 1483 6002; x_wconf 61' lang='grc' dir='ltr'><strong>[ιιι-(ιιι</strong></span> <span class='ocrx_word' id='word_1_857' title='bbox 1512 5948 1641 6001; x_wconf 78' lang='lat' dir='ltr'><strong>sicnt</strong></span> <span class='ocrx_word' id='word_1_858' title='bbox 1671 5949 1938 6001; x_wconf 72' lang='lat' dir='ltr'><strong>lnniinai&#39;iu</strong></span> 
     </span>
    </p>
   </div>
   <div class='ocr_carea' id='block_1_109' title="bbox 2122 5203 3623 5280">
    <p class='ocr_par' dir='ltr' id='par_1_109' title="bbox 2122 5203 3623 5280">
     <span class='ocr_line' id='line_1_109' title="bbox 2122 5203 3623 5280; baseline -0.005 -10"><span class='ocrx_word' id='word_1_859' title='bbox 2122 5218 2172 5270; x_wconf 91' lang='lat' dir='ltr'><strong>in</strong></span> <span class='ocrx_word' id='word_1_860' title='bbox 2203 5217 2419 5280; x_wconf 85' lang='lat' dir='ltr'><strong>mundo,</strong></span> <span class='ocrx_word' id='word_1_861' title='bbox 2469 5215 2554 5270; x_wconf 84' lang='grc'><strong>16.</strong></span> <span class='ocrx_word' id='word_1_862' title='bbox 2598 5213 2799 5268; x_wconf 80' lang='lat' dir='ltr'><strong>verbum</strong></span> <span class='ocrx_word' id='word_1_863' title='bbox 2826 5213 2937 5267; x_wconf 70' lang='lat' dir='ltr'><strong>vita:</strong></span> <span class='ocrx_word' id='word_1_864' title='bbox 2972 5207 3276 5267; x_wconf 79' lang='lat' dir='ltr'><strong>continentes</strong></span> <span class='ocrx_word' id='word_1_865' title='bbox 3314 5203 3382 5262; x_wconf 84' lang='lat' dir='ltr'><strong>ad</strong></span> <span class='ocrx_word' id='word_1_866' title='bbox 3405 5207 3623 5280; x_wconf 73' lang='lat' dir='ltr'><strong>gloriam</strong></span> 
     </span>
    </p>
   </div>
   <div class='ocr_carea' id='block_1_110' title="bbox 2119 5305 2743 5361">
    <p class='ocr_par' dir='ltr' id='par_1_110' title="bbox 2119 5305 2743 5361">
     <span class='ocr_line' id='line_1_110' title="bbox 2119 5305 2743 5361; baseline -0.008 0"><span class='ocrx_word' id='word_1_867' title='bbox 2119 5325 2279 5361; x_wconf 81' lang='lat' dir='ltr'><strong>meam</strong></span> <span class='ocrx_word' id='word_1_868' title='bbox 2306 5307 2356 5359; x_wconf 89' lang='lat' dir='ltr'><strong>in</strong></span> <span class='ocrx_word' id='word_1_869' title='bbox 2387 5306 2516 5358; x_wconf 84' lang='lat' dir='ltr'><strong>diem</strong></span> <span class='ocrx_word' id='word_1_870' title='bbox 2538 5305 2743 5359; x_wconf 82' lang='lat' dir='ltr'><strong>Christi.</strong></span> 
     </span>
    </p>
   </div>
   <div class='ocr_carea' id='block_1_111' title="bbox 2125 5391 3614 5460">
    <p class='ocr_par' dir='ltr' id='par_1_111' title="bbox 2125 5391 3614 5460">
     <span class='ocr_line' id='line_1_111' title="bbox 2125 5391 3614 5460; baseline -0.004 -7"><span class='ocrx_word' id='word_1_871' title='bbox 2125 5401 2172 5453; x_wconf 88' lang='lat' dir='ltr'><strong>l.</strong></span> <span class='ocrx_word' id='word_1_872' title='bbox 2205 5397 2608 5452; x_wconf 70' lang='lat' dir='ltr'><strong>Admonitioncs</strong></span> <span class='ocrx_word' id='word_1_873' title='bbox 2635 5391 3024 5448; x_wconf 87' lang='lat' dir='ltr'><strong>laudationilms</strong></span> <span class='ocrx_word' id='word_1_874' title='bbox 3058 5391 3413 5460; x_wconf 72' lang='lat' dir='ltr'><strong>temperanda:</strong></span> <span class='ocrx_word' id='word_1_875' title='bbox 3451 5400 3572 5447; x_wconf 87' lang='lat' dir='ltr'><strong>sunt</strong></span> <span class='ocrx_word' id='word_1_876' title='bbox 3601 5405 3614 5447; x_wconf 68' lang='grc' dir='ltr'><em>ε</em></span> 
     </span>
    </p>
   </div>
   <div class='ocr_carea' id='block_1_112' title="bbox 2049 5485 3617 5554">
    <p class='ocr_par' dir='ltr' id='par_1_112' title="bbox 2049 5485 3617 5554">
     <span class='ocr_line' id='line_1_112' title="bbox 2049 5485 3617 5554; baseline -0.008 -8"><span class='ocrx_word' id='word_1_877' title='bbox 2049 5510 2170 5546; x_wconf 88' lang='lat' dir='ltr'><strong>nant</strong></span> <span class='ocrx_word' id='word_1_878' title='bbox 2217 5492 2315 5544; x_wconf 78' lang='lat' dir='ltr'><strong>hoc</strong></span> <span class='ocrx_word' id='word_1_879' title='bbox 2348 5489 2505 5542; x_wconf 88' lang='lat' dir='ltr'><strong>modo</strong></span> <span class='ocrx_word' id='word_1_880' title='bbox 2541 5488 2592 5541; x_wconf 93' lang='lat' dir='ltr'><strong>in</strong></span> <span class='ocrx_word' id='word_1_881' title='bbox 2643 5485 2833 5539; x_wconf 88' lang='lat' dir='ltr'><strong>bonam</strong></span> <span class='ocrx_word' id='word_1_882' title='bbox 2863 5495 3063 5553; x_wconf 87' lang='lat' dir='ltr'><strong>partem</strong></span> <span class='ocrx_word' id='word_1_883' title='bbox 3105 5485 3466 5554; x_wconf 69' lang='lat' dir='ltr'><strong>accip‘untnr,</strong></span> <span class='ocrx_word' id='word_1_884' title='bbox 3495 5493 3617 5536; x_wconf 82' lang='lat' dir='ltr'><strong>eum</strong></span> 
     </span>
    </p>
   </div>
   <div class='ocr_carea' id='block_1_113' title="bbox 2048 5574 3618 5652">
    <p class='ocr_par' dir='ltr' id='par_1_113' title="bbox 2048 5574 3618 5652">
     <span class='ocr_line' id='line_1_113' title="bbox 2048 5574 3618 5652; baseline -0.005 -16"><span class='ocrx_word' id='word_1_885' title='bbox 2048 5599 2142 5636; x_wconf 83' lang='lat' dir='ltr'><strong>eos</strong></span> <span class='ocrx_word' id='word_1_886' title='bbox 2169 5596 2301 5652; x_wconf 86' lang='lat' dir='ltr'><strong>quos</strong></span> <span class='ocrx_word' id='word_1_887' title='bbox 2332 5593 2612 5632; x_wconf 89' lang='lat' dir='ltr'><strong>monemus</strong></span> <span class='ocrx_word' id='word_1_888' title='bbox 2638 5617 2653 5640; x_wconf 92' lang='lat'><strong>,</strong></span> <span class='ocrx_word' id='word_1_889' title='bbox 2683 5575 2747 5629; x_wconf 87' lang='lat' dir='ltr'><strong>ad</strong></span> <span class='ocrx_word' id='word_1_890' title='bbox 2779 5590 2929 5630; x_wconf 85' lang='lat' dir='ltr'><strong>soani</strong></span> <span class='ocrx_word' id='word_1_891' title='bbox 2964 5576 3196 5643; x_wconf 87' lang='lat' dir='ltr'><strong>ipsorum</strong></span> <span class='ocrx_word' id='word_1_892' title='bbox 3228 5574 3618 5628; x_wconf 80' lang='lat' dir='ltr'><strong>annulationetn</strong></span> 
     </span>
    </p>
   </div>
   <div class='ocr_carea' id='block_1_114' title="bbox 2051 5664 3621 5742">
    <p class='ocr_par' dir='ltr' id='par_1_114' title="bbox 2051 5664 3621 5742">
     <span class='ocr_line' id='line_1_114' title="bbox 2051 5664 3621 5742; baseline -0.003 -17"><span class='ocrx_word' id='word_1_893' title='bbox 2051 5685 2400 5742; x_wconf 80' lang='lat' dir='ltr'><strong>provocamus</strong></span> <span class='ocrx_word' id='word_1_894' title='bbox 2425 5686 2437 5720; x_wconf 93' lang='lat'>:</span> <span class='ocrx_word' id='word_1_895' title='bbox 2462 5667 2602 5737; x_wconf 90' lang='lat' dir='ltr'><strong>quod</strong></span> <span class='ocrx_word' id='word_1_896' title='bbox 2637 5682 2776 5720; x_wconf 89' lang='lat' dir='ltr'><strong>nunc</strong></span> <span class='ocrx_word' id='word_1_897' title='bbox 2803 5666 2962 5720; x_wconf 88' lang='lat' dir='ltr'><strong>etiam</strong></span> <span class='ocrx_word' id='word_1_898' title='bbox 2995 5665 3189 5721; x_wconf 81' lang='lat' dir='ltr'><strong>Paulus</strong></span> <span class='ocrx_word' id='word_1_899' title='bbox 3220 5665 3361 5719; x_wconf 76' lang='lat' dir='ltr'><strong>fecit.</strong></span> <span class='ocrx_word' id='word_1_900' title='bbox 3391 5664 3621 5720; x_wconf 78' lang='lat' dir='ltr'><strong>Attende</strong></span> 
     </span>
    </p>
   </div>
   <div class='ocr_carea' id='block_1_115' title="bbox 2050 5754 3616 5825">
    <p class='ocr_par' dir='ltr' id='par_1_115' title="bbox 2050 5754 3616 5825">
     <span class='ocr_line' id='line_1_115' title="bbox 2050 5754 3616 5825; baseline -0.005 -11"><span class='ocrx_word' id='word_1_901' title='bbox 2050 5770 2224 5814; x_wconf 74' lang='lat' dir='ltr'><strong>anteit]</strong></span> <span class='ocrx_word' id='word_1_902' title='bbox 2257 5775 2414 5824; x_wconf 86' lang='lat' dir='ltr'><strong>quam</strong></span> <span class='ocrx_word' id='word_1_903' title='bbox 2450 5757 2752 5825; x_wconf 85' lang='lat' dir='ltr'><strong>prudenter.</strong></span> <span class='ocrx_word' id='word_1_904' title='bbox 2786 5755 2982 5824; x_wconf 82' lang='lat' dir='ltr'><strong>Itaque,</strong></span> <span class='ocrx_word' id='word_1_905' title='bbox 3012 5755 3255 5808; x_wconf 80' lang='lat' dir='ltr'><strong>carissimi</strong></span> <span class='ocrx_word' id='word_1_906' title='bbox 3283 5755 3396 5815; x_wconf 80' lang='lat' dir='ltr'><strong>mei,</strong></span> <span class='ocrx_word' id='word_1_907' title='bbox 3430 5754 3616 5825; x_wconf 89' lang='lat' dir='ltr'><strong>inquit.</strong></span> 
     </span>
    </p>
   </div>
   <div class='ocr_carea' id='block_1_116' title="bbox 2051 5844 3618 5916">
    <p class='ocr_par' dir='ltr' id='par_1_116' title="bbox 2051 5844 3618 5916">
     <span class='ocr_line' id='line_1_116' title="bbox 2051 5844 3618 5916; baseline -0.004 -9"><span class='ocrx_word' id='word_1_908' title='bbox 2051 5853 2163 5907; x_wconf 77' lang='lat' dir='ltr'><strong>Non</strong></span> <span class='ocrx_word' id='word_1_909' title='bbox 2213 5849 2313 5903; x_wconf 85' lang='lat' dir='ltr'><strong>hoe</strong></span> <span class='ocrx_word' id='word_1_910' title='bbox 2361 5849 2500 5903; x_wconf 87' lang='lat' dir='ltr'><strong>node</strong></span> <span class='ocrx_word' id='word_1_911' title='bbox 2542 5856 2701 5916; x_wconf 84' lang='lat' dir='ltr'><strong>atque</strong></span> <span class='ocrx_word' id='word_1_912' title='bbox 2746 5848 2988 5902; x_wconf 87' lang='lat' dir='ltr'><strong>absolute</strong></span> <span class='ocrx_word' id='word_1_913' title='bbox 3034 5847 3204 5910; x_wconf 76' lang='lat' dir='ltr'><strong>dixit,</strong></span> <span class='ocrx_word' id='word_1_914' title='bbox 3232 5845 3488 5910; x_wconf 83' lang='lat' dir='ltr'><strong>Obedite;</strong></span> <span class='ocrx_word' id='word_1_915' title='bbox 3528 5844 3618 5900; x_wconf 82' lang='lat' dir='ltr'><strong>sed</strong></span> 
     </span>
    </p>
   </div>
   <div class='ocr_carea' id='block_1_117' title="bbox 2056 5937 3610 6017">
    <p class='ocr_par' dir='ltr' id='par_1_117' title="bbox 2056 5937 3610 6017">
     <span class='ocr_line' id='line_1_117' title="bbox 2056 5937 3610 6017; baseline -0.006 -22"><span class='ocrx_word' id='word_1_916' title='bbox 2056 5959 2333 6017; x_wconf 66' lang='lat' dir='ltr'><strong>postquam</strong></span> <span class='ocrx_word' id='word_1_917' title='bbox 2373 5945 2491 5999; x_wconf 72' lang='lat' dir='ltr'><strong>illos</strong></span> <span class='ocrx_word' id='word_1_918' title='bbox 2530 5938 2799 6008; x_wconf 72' lang='lat' dir='ltr'><strong>laudavit,</strong></span> <span class='ocrx_word' id='word_1_919' title='bbox 2842 5950 3000 6012; x_wconf 81' lang='lat' dir='ltr'><strong>atque</strong></span> <span class='ocrx_word' id='word_1_920' title='bbox 3042 5955 3103 5996; x_wconf 81' lang='lat' dir='ltr'><strong>ea</strong></span> <span class='ocrx_word' id='word_1_921' title='bbox 3135 5939 3295 5996; x_wconf 85' lang='lat' dir='ltr'><strong>verba</strong></span> <span class='ocrx_word' id='word_1_922' title='bbox 3337 5937 3610 6010; x_wconf 67' lang='lat' dir='ltr'><strong>praemisit.</strong></span> 
     </span>
    </p>
   </div>
  </div>
