4030 6204
398 425 505 480 959

404 539 551 592 Sient
578 547 771 599 semper
799 524 1048 581 obedistis.
1085 520 1136 574 l.l
1169 528 1283 582 est,
1313 517 1496 568 hortor
1537 517 1696 578 atque
1739 506 1965 559 obsecro

409 642 537 688 vos,
569 633 626 677 ιιι
664 616 938 674 imitemini
979 628 1082 668 non
1123 611 1290 672 alios,
1332 605 1423 659 sed
1459 618 1549 654 vos
1577 602 1740 670 ipsos.
1775 596 1892 648 Non
1920 595 1972 646 in

407 713 671 780 pt'tesentia
693 710 788 762 mei
812 716 1045 759 tantum:
1065 704 1150 755 sed
1174 699 1330 752 multo
1349 695 1508 762 inagis
1529 695 1578 744 in
1599 688 1820 744 absentia
1843 702 1971 738 mea.

406 778 532 871 Cur,
566 802 731 857 Multo
755 799 912 868 magis
942 797 994 848 in
1023 792 1247 848 absentia
1269 805 1376 842 mea
1396 788 1420 839 ?
1443 786 1591 838 'l‘unc
1619 780 1830 850 quidem
1865 778 1973 830 for-

411 909 551 951 tasse
587 888 905 949 videltamini
950 885 1125 939 omnia
1161 883 1332 935 facere
1363 894 1456 946 pro
1486 885 1663 928 vestra
1696 872 1746 923 in
1778 884 1861 922 me
1889 882 1976 920 re-

407 986 678 1047 verentia,
723 979 971 1051 quodque
1015 976 1142 1030 mihi
1189 973 1444 1026 honorem
1493 965 1796 1023 haberetis,
1840 974 1978 1012 nunc

408 1092 536 1129 vero
581 1089 687 1128 non
733 1072 826 1124 ita.
865 1066 1017 1134 Quod
1058 1065 1104 1120 si
1149 1076 1289 1117 nunc
1330 1059 1586 1126 majorem
1623 1055 1781 1109 etiam
1817 1049 1978 1104 animi

409 1161 808 1218 contentionem
831 1173 891 1212 ac
916 1154 1241 1225 diligentiam
1268 1147 1640 1209 ostenderitis;
1668 1141 1796 1195 illud
1823 1139 1978 1193 simul

411 1255 720 1318 constabit,
749 1261 877 1304 tunc
905 1261 1114 1317 quoque
1138 1243 1232 1298 Dei
1257 1255 1414 1295 causa
1443 1278 1458 1299 ,
1491 1253 1594 1290 non
1625 1250 1737 1288 utea
1768 1247 1863 1285 vos
1883 1230 1981 1283 ad-

413 1347 604 1400 ductos
629 1357 768 1398 esse.
800 1341 915 1403 Dic,
937 1352 1082 1406 rogo.
1116 1332 1276 1389 Paule
1301 1371 1319 1397 ,
1351 1329 1475 1399 quid
1509 1327 1600 1382 tibi
1631 1325 1752 1378 vis?
1780 1321 1894 1377 Non
1925 1328 1982 1373 ut

416 1452 504 1490 me
532 1433 759 1488 audiatis
780 1472 794 1493 ,
828 1428 920 1483 sed
952 1436 1009 1480 ut
1037 1441 1156 1480 cum
1189 1424 1376 1476 timore
1407 1427 1462 1473 et
1489 1428 1720 1472 tremore
1751 1421 1982 1465 vestram

420 1529 658 1596 ipsorum
695 1522 916 1578 salutent
944 1515 1236 1588 operemiui
1269 1532 1282 1569 :
1313 1527 1414 1566 non
1448 1515 1621 1579 potest
1646 1505 1788 1561 enim
1822 1505 1864 1556 is
1896 1501 1986 1570 qui

419 1594 536 1672 sine
565 1617 754 1671 timore
783 1611 944 1676 vivit,
977 1607 1291 1679 prteclarum
1317 1601 1586 1673 quidpiam
1627 1607 1681 1654 et
1719 1594 1989 1650 admiran-

420 1710 544 1764 dutn
573 1708 752 1763 edere.
781 1705 964 1774 Neque
990 1711 1190 1756 tantum
1219 1699 1368 1760 dixit,
1397 1695 1620 1759 Timore,
1643 1691 1734 1748 sed
1762 1688 1986 1752 addidit,

427 1801 490 1854 lit
518 1808 763 1861 tremore,
791 1796 879 1866 qui
923 1792 1096 1862 major
1118 1789 1330 1859 quidam
1361 1797 1416 1842 et
1440 1782 1806 1839 vehementior
1833 1781 1991 1832 timor

423 1899 544 1944 est:
580 1888 826 1941 nimirum
859 1884 907 1938 id
939 1883 1180 1944 studens,
1212 1890 1269 1933 ιιι
1295 1881 1414 1933 illos
1443 1876 1753 1930 attentiorcs
1781 1871 1988 1926 reddat.

425 1981 575 2034 llunc
605 1978 832 2032 habebat
861 1976 1106 2030 timorem
1142 1971 1332 2025 Paulus
1362 1989 1374 2022 :
1407 1977 1686 2038 pt-Opterea
1716 1967 1875 2020 etiam
1908 1963 1992 2016 di-

424 2073 579 2125 cehat
603 2089 616 2122 :
641 2069 815 2123 Timeo
845 2083 1047 2125 nemon
1075 2065 1189 2118 aliis
1228 2063 1587 2131 pra-(licavero,
1616 2061 1723 2128 ipse
1756 2056 1997 2128 reprobus

425 2163 608 2232 (ᾔει-ἰαι-
641 2162 716 2233 (Ι.
748 2159 865 2215 Cor.
898 2158 950 2214 9.
993 2157 1109 2226 ‘27).
1149 2155 1280 2210 Nam
1321 2156 1365 2208 si
1411 2169 1529 2223 qum.
1567 2151 1634 2206 ad
1665 2153 1824 2205 vitam
1863 2149 1999 2202 hanc

429 2255 726 2324 pertinent,
768 2252 884 2305 sine
927 2249 1118 2303 timore
1161 2257 1304 2301 recte
1348 2244 1548 2314 acquiri
1595 2257 1697 2295 non
1741 2248 1996 2310 possunt,

428 2354 624 2416 quanto
654 2344 825 2398 minus
853 2339 1186 2410 spiritualia?
1216 2338 1310 2392 Dic
1335 2337 1498 2399 enim,
1529 2334 1648 2403 quis
1680 2333 1860 2387 literas
1885 2332 2000 2386 sine

432 2441 622 2491 timore
648 2433 870 2489 didicit?
899 2432 1018 2501 quis
1047 2439 1216 2484 artem
1249 2428 1418 2482 tenuit
1447 2426 1563 2479 sine
1594 2425 1820 2478 timore?
1849 2421 1999 2490 Quod

431 2529 478 2584 si
518 2527 605 2581 ubi
646 2541 750 2579 non
796 2523 1038 2576 imminet
1073 2518 1352 2582 diabolus,
1385 2515 1477 2569 sed
1524 2515 1637 2569 sola
1682 2511 2001 2582 negligentia

435 2619 816 2691 impedimento
853 2623 936 2670 est
959 2655 974 2678 ,
1005 2619 1153 2666 tanto
1193 2624 1328 2679 Opus
1373 2619 1454 2662 est
1494 2607 1679 2661 labore
1701 2647 1714 2668 ,
1746 2613 1804 2658 ut
1837 2604 2003 2658 Solam

435 2712 578 2766 illam
608 2706 903 2762 naturalem
935 2700 1306 2772 negligentiam
1337 2696 1612 2750 vincamus
1642 2711 1654 2747 :
1682 2694 1769 2748 ubi
1801 2701 2003 2746 tantum

437 2799 706 2870 impendet
733 2797 929 2852 bellum
953 2834 969 2857 ,
1001 2799 1145 2846 tanta
1176 2786 1556 2859 impedimenta
1582 2826 1596 2849 ,
1630 2784 1717 2852 qui
1750 2784 1862 2837 fieri
1891 2797 2008 2836 utn-

436 2907 594 2962 quam
625 2887 818 2959 poterit
847 2894 902 2938 ttt
939 2884 1054 2938 sine
1083 2881 1274 2935 timore
1311 2876 1536 2931 salutem
1579 2873 2010 2944 consequamur?

439 2981 545 3039 Sed
583 2995 685 3050 qua
727 2978 931 3031 ratione
974 2973 1059 3027 hic
1102 2973 1152 3024 in
1187 2971 1340 3025 nobis
1382 2967 1698 3022 excitabitur
1731 2966 1921 3019 tintor?
1955 2965 2008 3019 Si

443 3075 567 3130 illud
608 3074 659 3127 in
699 3071 875 3124 animo
914 3065 1257 3121 habuerimus
1282 3103 1297 3128 ,
1331 3061 1526 3130 ubique
1564 3059 1756 3113 adesse
1803 3056 1968 3110 Deum
1995 3098 2010 3121 ,

440 3163 618 3218 omnia
643 3159 846 3221 audire,
876 3156 1053 3210 omnia
1082 3154 1284 3217 videre,
1314 3167 1416 3204 non
1445 3165 1504 3203 ea
1533 3148 1709 3202 solum
1735 3161 1852 3215 qua:
1883 3144 2015 3197 fittnt

442 3264 533 3309 attt
559 3253 808 3308 dicuntur
831 3290 847 3315 ,
878 3247 971 3303 sed
999 3247 1158 3301 etiam
1186 3239 1306 3313 quae
1349 3243 1399 3295 in
1439 3239 1691 3295 cordibus
1717 3247 1774 3292 et
1802 3251 2016 3291 recessu

444 3346 638 3402 tuentis
667 3343 832 3398 latent
862 3359 874 3394 :
909 3339 1165 3393 Discretor
1193 3337 1326 3389 enim
1365 3344 1437 3388 est
1467 3330 1826 3402 cogitationum
1855 3337 1901 3380 et
1931 3327 2015 3378 iu-

444 3437 716 3492 tcutiomtm
741 3432 908 3487 cordis
937 3429 1121 3501 (Hebr.
1145 3427 1221 3486 4).
1257 3425 1315 3480 Si
1355 3425 1424 3477 ita
1457 3436 1552 3476 nos
1580 3421 1724 3490 ipsos
1750 3431 2019 3488 pratpara-

447 3529 701 3591 verituus,
721 3525 851 3580 nihil
871 3538 991 3578 cum
1011 3519 1350 3589 improbitate
1373 3515 1711 3583 conjunctuut
1740 3511 2019 3574 faciemus,

451 3619 583 3674 nihil
607 3615 849 3670 dicemus
873 3653 888 3677 ,
918 3610 1049 3664 nihil
1077 3606 1450 3675 cogitahintus.
1486 3604 1579 3658 Dic
1602 3601 1746 3656 enim
1778 3599 1906 3654 mihi
1931 3640 1946 3662 ,
1976 3597 2022 3650 si

452 3707 546 3762 tibi
575 3711 833 3775 perpetuo
862 3700 914 3753 in
951 3703 1239 3764 conspectu
1269 3693 1524 3762 principis
1563 3689 1813 3746 standum
1840 3695 1984 3741 esset
2007 3727 2022 3746 ,

455 3811 631 3854 nonne
675 3807 797 3849 cum
837 3790 1028 3844 timore
1071 3786 1278 3840 stares?
1325 3785 1388 3838 Et
1415 3784 1504 3851 qui
1547 3782 1625 3847 fit,
1657 3789 1717 3834 ιιι
1752 3795 1871 3833 cum
1919 3781 2027 3832 Deo

455 3888 657 3952 adstes,
686 3883 861 3939 rideas
885 3889 938 3935 et
963 3876 1207 3934 osciteris
1229 3917 1244 3940 ,
1275 3889 1374 3929 nec
1406 3874 1592 3926 timeas
1621 3886 1790 3938 neque
1815 3877 2030 3923 contre-

457 3981 652 4034 tuiscas
673 3975 696 4029 ?
715 3971 1056 4030 Toleratione
1077 3967 1217 4021 illius
1245 3979 1340 4038 per
1367 3971 1730 4032 contemplent
1764 3974 1830 4014 ne
1860 3957 2032 4013 abuti-

458 4079 578 4125 tor:
603 4067 722 4122 ideo
749 4064 894 4122 enim
921 4067 1200 4116 cunctatur
1223 4098 1240 4124 ,
1270 4065 1326 4110 ut
1357 4066 1409 4110 te
1438 4053 1502 4108 ad
1539 4050 1901 4122 paenitentiam
1933 4047 2032 4103 ad-

459 4162 620 4215 ducat
644 4178 657 4214 :
683 4171 855 4226 neque
891 4168 1013 4210 cum
1053 4148 1264 4221 quidvis
1303 4147 1397 4202 tibi
1441 4143 1742 4200 faciendum
1786 4150 1887 4208 est,
1919 4141 2037 4194 sine

464 4253 563 4306 hac
587 4249 904 4320 cogitatione
947 4243 1125 4300 facere
1152 4240 1430 4295 adducaris
1453 4280 1467 4304 ,
1496 4236 1743 4293 omnibus
1776 4234 1926 4289 factis
1953 4232 2037 4286 in-

469 4353 672 4398 teresse
717 4339 920 4400 Deum;
970 4336 1193 4391 interest
1244 4331 1386 4387 enim
1437 4329 1678 4384 omnino.
1732 4325 1874 4395 Ergo
1926 4324 2040 4377 sive

466 4433 735 4499 comedas,
764 4431 877 4485 sive
910 4427 1197 4482 dormitum
1227 4437 1340 4489 eas,
1369 4422 1484 4476 sive
1515 4417 1782 4482 irascaris,
1810 4417 1923 4471 sive
1952 4429 2039 4467 ra-

469 4527 602 4599 pias,
632 4524 745 4579 sive
771 4522 825 4577 in
851 4518 1056 4575 deliciis
1083 4531 1232 4585 agas,
1261 4514 1373 4568 sive
1401 4511 1613 4583 quidvis
1649 4507 1794 4564 aliud
1835 4506 1998 4561 facias
2022 4543 2039 4570 ,

468 4619 630 4676 crede
657 4617 918 4671 interesse
945 4613 1133 4674 Deum,
1154 4623 1216 4662 ac
1240 4619 1526 4675 numquam
1548 4603 1599 4656 itt
1626 4601 1788 4657 risum
1813 4596 2040 4660 incides,

473 4724 761 4779 numquam
788 4707 864 4760 ira
885 4699 1215 4759 accenderis.
1235 4697 1291 4754 Si
1319 4697 1454 4751 hanc
1477 4701 1732 4764 perpetuo
1757 4686 2044 4745 retinueris

474 4797 884 4873 cogitationem,
923 4798 1180 4864 perpetuo
1219 4789 1271 4842 in
1300 4789 1492 4841 timore
1533 4800 1594 4838 ac
1640 4791 1872 4836 tremore
1903 4778 2046 4841 eris;

475 4869 674 4966 quippe
715 4889 806 4960 qui
851 4888 902 4942 in
942 4891 1231 4951 conspectu
1278 4877 1438 4944 Regis
1467 4875 1664 4929 adstes.
1697 4869 2049 4932 1Edificator,

475 4961 686 5040 etiamsi
713 4980 849 5035 bene
874 4977 1076 5049 peritus
1101 4972 1172 5027 sit
1201 4986 1264 5026 ac
1286 4969 1457 5024 bonus
1482 4965 1692 5028 artifex,
1715 4977 1838 5016 cum
1865 4961 2056 5015 timore

482 5090 661 5132 tamen
688 5090 751 5129 ac
776 5082 1008 5128 tremore
1037 5075 1143 5122 stat
1167 5072 1443 5124 metuens,
1473 5073 1540 5112 ne
1565 5057 1631 5111 ab
1658 5053 1886 5110 aedificio
1909 5050 2056 5104 deci-

487 5167 597 5224 dat.
631 5166 774 5235 Ergo
802 5171 857 5218 et
881 5171 936 5215 tu
975 5158 1064 5226 qui
1093 5151 1387 5215 credidisti,
1421 5147 1601 5204 multis
1630 5142 1839 5198 virtutis
1865 5140 2059 5194 officiis

487 5260 703 5313 functus
719 5270 800 5318 es,
819 5253 882 5307 ad
904 5252 1175 5306 excelsum
1195 5244 1477 5318 quemdam
1501 5238 1719 5311 gradunt
1741 5231 2058 5304 pervenisti,

489 5361 541 5406 te
571 5351 744 5421 ipsum
771 5347 824 5400 itt
853 5354 966 5400 tuto
992 5343 1206 5399 contine
1227 5383 1241 5403 ,
1275 5348 1328 5393 ct
1355 5351 1476 5392 cum
1517 5334 1706 5388 timore
1733 5340 1813 5384 sta
1840 5370 1855 5393 ,
1899 5335 2060 5394 atque

486 5443 675 5500 oculos
702 5439 846 5510 aperi
871 5477 885 5500 ,
917 5453 984 5491 ne
1010 5435 1131 5489 inde
1157 5431 1373 5488 decidas
1399 5447 1412 5484 :
1437 5427 1597 5482 multa
1627 5423 1768 5478 enim
1799 5427 1923 5474 sunt
1950 5417 2064 5486 spi-

493 5533 700 5587 ritualia
728 5529 816 5584 illa
846 5526 1112 5594 nequitire,
1142 5539 1260 5593 qua:
1290 5522 1340 5575 id
1370 5520 1606 5582 student,
1635 5524 1691 5568 ιιι
1715 5523 1765 5568 te
1791 5510 2063 5579 dejiciant.

496 5625 707 5687 Servite,
732 5620 938 5690 inquit,
964 5617 1178 5670 Domino
1211 5616 1263 5667 in
1298 5616 1473 5666 timore
1493 5651 1509 5675 ,
1537 5621 1581 5663 et
1610 5607 1856 5662 exsultate
1884 5602 1928 5655 ei
1954 5615 2068 5652 cum

497 5728 712 5768 tremore
740 5711 910 5780 (Psal.
939 5710 999 5761 ‘2.
1031 5707 1137 5778 ιι).
1170 5705 1239 5759 Ει
1263 5719 1504 5772 quaenam
1536 5716 1654 5754 esse
1685 5705 1857 5766 potest
1887 5692 2067 5748 exsul-

501 5805 632 5860 tttio
657 5819 777 5857 eum
799 5798 1066 5856 tremore?
1091 5797 1216 5867 quiti
1245 5794 1358 5848 lucc
1382 5791 1493 5859 ipsa
1521 5791 1632 5842 sola
1659 5797 1736 5843 est
1764 5784 2068 5841 exsultatio.

1079 406 1135 461 S.
1175 399 1446 458 JOANNIS
1484 390 1945 452 CIIBYSOSTOMI
1989 382 2301 441 ARCIIIEP.
2344 375 2875 435 CONSTANTINOP.

3557 368 3660 421 2".0

2087 498 2215 551 Nam
2248 494 2457 566 quando
2482 491 2693 561 aliquod
2720 490 2928 543 virtutis
2949 483 3204 548 officium,
3229 498 3290 536 ac
3316 482 3419 538 tale
3443 499 3658 538 ιιιιιιιιιιο

2082 588 2351 658 quidpiam
2379 584 2806 654 [)I'Ll‘Sillef‘lllillS,
2829 577 2987 648 quale
3016 584 3430 631 consentaneum
3459 584 3539 627 est
3568 588 3659 629 eos

2087 687 2338 748 pnestare
2359 718 2372 740 ,
2415 676 2504 744 ιιιιί
2550 684 2837 726 ιιι-ιιιοι-οιιι
2871 670 2920 723 itt
2955 665 3197 720 faciendo
3222 665 3515 727 adhibent;
3550 672 3660 716 tum

2086 770 2257 823 solum
2289 766 2602 837 gaudemus.
2641 762 2764 816 Cum
2792 763 2970 813 timore
2999 769 3044 811 et
3073 767 3288 812 tremore
3329 765 3543 808 vestram
3582 772 3662 807 sa-

2085 860 2237 912 lutem
2287 856 2586 927 aperantini.
2634 852 2747 907 Non
2789 851 2920 904 dixit
2963 857 3188 911 tantttnt,
3232 850 3501 915 languor,
3547 845 3662 908 sed,

2086 955 2413 1017 κατεργάζεσθε
2435 965 2446 999 :
2470 945 2519 998 id
2549 953 2659 1009 est,
2689 959 2793 996 non
2821 939 3008 1009 quovis
3037 937 3194 991 modo
3225 934 3545 1004 operamini,
3573 939 3667 986 sed

2087 1049 2332 1094 accurate
2382 1051 2678 1104 magnoque
2737 1049 2857 1088 cum
2917 1030 3094 1084 studio
3145 1026 3463 1096 operamini.
3521 1025 3665 1092 Ωιιοκ

2091 1131 2230 1185 niam
2264 1145 2389 1184 vero
2419 1129 2571 1192 dixit,
2606 1126 2731 1178 Cum
2758 1126 2934 1177 timore
2963 1132 3009 1174 et
3037 1131 3270 1185 tremore,
3309 1133 3372 1171 ac
3415 1115 3668 1172 sollicituv

2089 1223 2266 1277 dinem
2293 1221 2491 1289 injecit,
2515 1218 2635 1270 vide
2656 1213 2923 1285 quomodo
2951 1213 3090 1265 illam
3113 1209 3338 1276 mitiget.
3367 1206 3501 1274 Quid
3528 1207 3673 1259 enim

2091 1311 2199 1364 ait?
2228 1309 2364 1362 Deus
2385 1319 2454 1362 est
2476 1308 2562 1377 qui
2589 1314 2828 1368 operatur
2850 1304 2899 1354 in
2923 1302 3082 1355 vobis.
3106 1299 3180 1352 Ne
3205 1297 3331 1351 illud
3357 1297 3447 1349 tibi
3472 1304 3669 1348 metum

2094 1402 2332 1466 incutiat,
2351 1399 2490 1469 quod
2515 1381 2648 1450 dixit
2677 1415 2690 1450 :
2714 1393 2839 1450 Cum
2869 1394 3045 1445 timore
3067 1401 3110 1443 ct
3129 1399 3340 1442 tremore
3364 1403 3380 1440 :
3403 1403 3506 1439 non
3531 1385 3672 1438 enim

2095 1494 2215 1548 ideo
2242 1491 2352 1546 dixi
2379 1533 2394 1556 ,
2425 1499 2482 1542 ut
2507 1489 2790 1556 desperes,
2842 1493 2896 1536 ut
2935 1483 3183 1536 virtutem
3224 1477 3496 1532 difﬁcilem
3528 1474 3678 1528 aditu

2096 1595 2251 1656 putes
2273 1626 2288 1649 ,
2335 1583 2427 1637 sed
2459 1591 2514 1634 ιιι
2545 1587 2777 1633 mentem
2807 1574 3063 1629 adhibeas
3090 1614 3105 1637 ,
3133 1586 3193 1624 ac
3221 1585 3289 1623 ne
3318 1579 3366 1622 te
3394 1569 3566 1636 ipsum
3593 1580 3679 1619 re-

2098 1655 2278 1731 mittas
2303 1673 2453 1742 quasi
2497 1671 2736 1724 fatiscas.
2781 1666 2836 1720 Si
2886 1665 2987 1717 hoc
3021 1661 3302 1723 attuleris,
3339 1659 3476 1711 Deus
3500 1655 3679 1709 omnia

2098 1765 2404 1836 operabitur
2425 1781 2438 1817 :
2459 1772 2510 1816 tu
2537 1759 2818 1816 confidito:
2840 1755 2970 1809 Deus
2987 1753 3116 1806 enim
3135 1761 3226 1812 est,
3250 1750 3336 1818 qui
3358 1758 3597 1818 operatur
3623 1746 3676 1798 in

2099 1858 2256 1910 vobis.
2290 1855 2430 1924 Ergo
2460 1855 2504 1907 si
2543 1853 2655 1920 ipse
2691 1857 2967 1918 Operatur,
3013 1859 3111 1898 nos
3143 1843 3465 1895 voluntatem
3511 1839 3680 1907 ipsam

2102 1948 2311 2016 penitus
2340 1941 2792 1997 obsecundantem
2833 1952 2941 1992 non
2988 1935 3290 1997 remissam,
3336 1929 3430 1984 sed
3473 1929 3524 1980 itt
3562 1943 3684 1981 sese

2101 2038 2380 2091 collectam
2421 2032 2771 2088 exhibcamus
2816 2035 3072 2094 oportet:
3108 2021 3246 2075 Deus
3285 2020 3417 2073 enim
3463 2027 3555 2080 est,
3598 2016 3691 2087 qui

2103 2137 2342 2197 operatur
2365 2126 2417 2179 in
2442 2124 2579 2178 vobis
2611 2131 2658 2176 et
2687 2121 2812 2174 velle
2852 2127 2896 2171 et
2943 2115 3165 2185 aperari.
3195 2113 3247 2167 Si
3283 2113 3420 2164 Deus
3449 2118 3562 2169 est,
3593 2107 3690 2177 qui

2107 2223 2159 2275 in
2188 2219 2346 2275 nobis
2375 2217 2476 2270 hoc
2501 2221 2757 2284 operatur
2780 2252 2794 2274 ,
2821 2219 2878 2263 ut
2906 2207 3130 2261 velimus
3150 2246 3164 2267 ,
3194 2218 3289 2258 cur
3314 2217 3409 2255 nos
3437 2199 3688 2253 cohorta-

2108 2312 2236 2367 tur?
2265 2309 2396 2364 Nam
2443 2308 2486 2361 si
2536 2307 2646 2374 ipse
2678 2311 2780 2368 est,
2827 2301 2914 2370 qui
2963 2309 3021 2351 ut
3060 2296 3286 2350 velimus
3318 2293 3464 2355 facit,
3495 2291 3692 2344 frustra

2109 2403 2262 2455 nobis
2291 2399 2444 2461 dicis,
2477 2395 2725 2449 Obedistis
2751 2409 2767 2456 ;
2802 2406 2904 2444 non
2930 2389 3070 2442 enim
3103 2401 3198 2438 nos
3222 2397 3406 2436 smnus
3436 2382 3524 2449 ιιιιί
3557 2381 3689 2432 obe-

2108 2492 2317 2546 dimus:
2343 2488 2532 2543 frustra
2560 2485 2713 2547 dicis,
2731 2481 2794 2535 In
2821 2481 2999 2533 timore
3021 2487 3064 2530 et
3087 2486 3334 2536 tremore;
3361 2480 3526 2524 totunt
3548 2471 3696 2522 enim

2114 2583 2205 2638 Dei
2237 2590 2344 2634 est.
2368 2577 2581 2632 Minime
2613 2589 2739 2627 vero
2766 2572 2866 2624 huc
2886 2577 3136 2638 spectans
3161 2565 3257 2617 ista
3288 2561 3448 2615 verba
3475 2559 3693 2627 protuli,

2112 2675 2252 2729 Deus
2272 2683 2344 2727 est
2365 2671 2449 2742 qui
2466 2676 2703 2738 operatur
2723 2674 2769 2719 et
2791 2664 2914 2717 velle
2933 2671 2980 2714 et
3007 2658 3206 2729 operari
3226 2671 3243 2719 ,'
3267 2654 3360 2709 sed
3385 2662 3438 2706 ut
3466 2660 3699 2705 vestram

2114 2765 2524 2822 sollicitudinem
2552 2758 2818 2814 sedarent.
2851 2754 2904 2810 Si
2935 2750 3193 2815 Volueris,
3224 2759 3347 2802 tunc
3367 2744 3698 2813 Operabitur,

2117 2867 2175 2913 ut
2201 2857 2347 2911 velis.
2376 2853 2440 2907 Et
2469 2850 2878 2920 propensionem
2920 2841 3206 2896 voluntatis
3255 2854 3322 2892 ne
3375 2847 3582 2890 metuas
3611 2845 3701 2900 ,t't

2119 2947 2247 3002 nihil
2275 2959 2433 3013 agas:
2457 2941 2568 3010 ipse
2588 2937 2740 2992 nobis
2765 2935 2854 2990 dat
2881 2942 2934 2988 et
2959 2931 3346 3001 operationem.
3370 2925 3578 2979 Etenim
3615 2923 3705 2974 ubi

2118 3036 2466 3096 voluerimus,
2494 3027 2709 3098 augebit
2732 3023 3143 3095 propensionem
3169 3014 3492 3072 voluntatis:
3517 3013 3706 3073 veluti,

2123 3131 2241 3181 volo
2272 3126 2394 3179 boni
2422 3121 2619 3192 aliquid
2671 3117 2925 3187 operari;
2969 3121 3222 3183 operatur
3261 3110 3430 3178 ipsum
3465 3105 3668 3159 bonum
3693 3145 3711 3167 ,

2123 3225 2371 3288 Operatur
2398 3229 2492 3283 per
2534 3211 2709 3280 ipsum
2749 3208 2911 3262 etiam
2950 3203 3108 3258 velle.
3139 3202 3244 3253 Aut
3278 3214 3342 3252 ex
3387 3195 3712 3249 abundantia

2127 3309 2336 3380 pietatis
2364 3305 2464 3358 hoc
2493 3302 2682 3370 inquit,
2712 3295 3158 3370 quemadmodum
3193 3306 3314 3346 cunt
3347 3299 3530 3342 nostra
3561 3295 3715 3340 recte

2127 3400 2262 3454 facta
2283 3439 2296 3462 ,
2325 3395 2644 3451 charismata
2674 3389 2929 3459 appellat.

2194 3489 2249 3542 2.
2290 3485 2438 3542 Sicut
2466 3483 2624 3550 igitur
2654 3481 2739 3534 illa
2767 3478 3046 3533 nominans
3074 3473 3414 3533 charismata,
3441 3485 3550 3522 non
3576 3483 3702 3540 pro-

2130 3588 2311 3650 pterea
2335 3591 2431 3630 nus
2475 3572 2655 3641 dejicit
2682 3571 2747 3625 de
2789 3568 2941 3623 liberi
2971 3565 3176 3619 arbitrii
3211 3561 3553 3632 possessione
3578 3603 3592 3624 ,
3625 3558 3713 3612 sed

2133 3674 2269 3726 hanc
2304 3671 2470 3739 ipsam
2517 3666 2739 3720 liberant
2780 3678 2843 3716 ac
2887 3661 2968 3714 sui
3008 3656 3145 3726 juris
3192 3663 3511 3722 potestatem
3566 3649 3718 3704 nobis

2135 3761 2393 3833 permittit
2424 3777 2436 3812 :
2468 3758 2538 3811 ita
2564 3771 2686 3810 cum
2715 3752 2883 3821 inquit
2911 3751 3076 3802 Deum
3097 3760 3238 3809 esse,
3264 3745 3350 3812 qui
3384 3751 3644 3808 Operatur
3671 3741 3721 3790 in

2137 3855 2289 3909 nobis
2334 3851 2489 3914 velle,
2542 3847 2759 3900 minime
2805 3857 2904 3895 nos
2932 3840 3101 3892 libero
3130 3835 3350 3890 arbitrio
3382 3833 3598 3902 privat;
3631 3829 3721 3884 sed

2138 3943 2372 3999 ostendit
2401 3950 2547 3996 recte
2597 3935 2840 3992 faciendo
2887 3945 3132 4003 magnam
3163 3942 3261 3982 nos
3287 3925 3568 3995 acquirere
3599 3938 3722 3994 pro-

2141 4037 2448 4108 pensionem
2493 4031 2560 4085 ad
2610 4027 2921 4083 volendum.
2969 4024 3102 4077 Nam
3149 4017 3602 4090 quemadmodum
3649 4014 3726 4068 fa-

2141 4129 2331 4184 ciendo
2353 4123 2479 4179 illud
2511 4120 2910 4189 consequimur,
2949 4126 3004 4170 ut
3034 4113 3288 4168 faciamus
3319 4129 3331 4164 :
3367 4111 3434 4163 ita
3489 4125 3601 4162 non
3651 4108 3729 4159 fa-

2144 4220 2336 4276 ciendo
2380 4217 2481 4271 hoc
2524 4221 2883 4283 comparatur,
2934 4217 2993 4263 ut
3041 4222 3146 4262 non
3200 4204 3475 4258 faciamus.
3527 4198 3730 4254 Dedisti

2146 4307 2581 4378 clventosynatu?
2609 4314 2660 4360 te
2700 4304 2872 4372 ipsum
2905 4299 3072 4369 magis
3114 4293 3343 4350 ineitasti
3377 4291 3441 4345 ad
3469 4289 3734 4345 dandum.

2147 4401 2263 4456 Non
2311 4397 2543 4453 dedisti?
2579 4395 2747 4464 magis
2797 4403 2847 4446 te
2885 4390 2952 4445 ad
3003 4387 3356 4443 cessationem
3385 4378 3731 4449 comparasti.

2151 4493 2433 4561 Sapienter
2458 4489 2612 4558 egisti
2637 4500 2743 4540 uno
2770 4485 2896 4540 die?
2923 4482 3088 4537 habes
3116 4479 3524 4533 incitamentum
3547 4514 3563 4538 ,
3597 4481 3657 4526 ιιι
3687 4471 3738 4524 in

2153 4586 2323 4640 altero
2339 4581 2582 4637 similiter
2597 4593 2742 4649 agas.
2762 4573 3089 4645 Neglexisti‘!
3111 4568 3302 4624 auxisti
3321 4565 3702 4636 negligentiam
3725 4579 3741 4614 :

2155 4678 2356 4748 Impius
2377 4673 2540 4737 enim,
2575 4669 2766 4739 inquit,
2797 4683 2912 4728 cum
2940 4667 2992 4720 in
3021 4662 3333 4735 profundum
3363 4658 3551 4712 venerit
3579 4655 3748 4708 nmio-

2158 4787 2290 4836 rum,
2321 4765 2588 4822 contemnit
2615 4762 2799 4832 (I’rou.
2835 4761 2923 4814 18.
2955 4756 3032 4830 5).
3066 4751 3530 4822 Quemadmodum
3559 4750 3747 4818 igitur,

2161 4860 2252 4931 qui
2287 4859 2340 4913 in
2381 4856 2641 4911 malorum
2685 4851 3007 4922 profundunt
3058 4844 3355 4905 descendit,
3395 4839 3699 4896 contemnit
3734 4852 3749 4887 :

2162 4928 2233 5007 ita
2263 4949 2354 5021 qtti
2381 4949 2433 5002 in
2463 4944 2782 5016 profundunt
2825 4942 3085 4996 bonorum
3129 4936 3306 4996 venit,
3335 4933 3578 4988 studiose
3618 4928 3751 4996 agit.

2164 5020 2296 5098 Nam
2329 5051 2387 5095 ut
2417 5040 2506 5094 ille
2539 5036 2915 5105 desperatione
2942 5028 3291 5099 negligentior
3323 5026 3401 5090 lit,
3433 5025 3504 5076 ita
3532 5021 3622 5074 hic
3654 5020 3756 5072 bu-

2167 5149 2356 5190 norum
2401 5133 2607 5199 eopiatn
2661 5141 2842 5182 secum
2897 5124 3158 5192 cogitans,
3210 5115 3514 5186 diligentior
3560 5111 3644 5173 fit,
3693 5122 3762 5162 ne

2173 5237 2338 5281 totum
2367 5223 2572 5294 perdat.
2611 5220 2716 5273 Pro
2746 5219 2876 5270 bona
2897 5215 3174 5271 voluntate.
3199 5209 3367 5278 inquit
3399 5223 3411 5258 :
3441 5203 3494 5259 id
3522 5210 3608 5256 est
3631 5213 3765 5269 pro-

2172 5330 2290 5389 pter
2313 5317 2612 5374 caritatem,
2646 5319 2704 5364 ttt
2740 5311 2850 5363 Deo
2880 5304 3156 5376 placeatis,
3187 5309 3244 5355 ut
3269 5314 3387 5368 quae
3409 5297 3484 5350 illi
3515 5292 3768 5362 probau-

2176 5383 2261 5462 tur
2283 5421 2507 5477 ιιιιιιιιιιιο
2551 5402 2692 5456 illius
2721 5397 2982 5452 voluntati
3013 5401 3375 5448 consentanea
3419 5394 3575 5446 sunt,
3607 5383 3768 5434 fiant.

2180 5474 2438 5552 Hoc—Ioco
2468 5490 2723 5555 ostendit,
2769 5497 2825 5542 et
2865 5486 3111 5539 fiduciam
3158 5481 3271 5541 dat,
3320 5479 3430 5531 fore
3459 5474 3690 5527 omnino
3713 5476 3775 5521 ut

2183 5591 2320 5643 Deus
2348 5595 2618 5656 operetur.
2637 5583 2758 5635 Vult
2786 5580 2927 5635 enim
2961 5592 3058 5631 nos
3086 5576 3154 5628 ita
3183 5583 3239 5626 ιιι
3267 5573 3379 5638 ipse
3397 5567 3521 5625 vult,
3552 5563 3772 5615 vivere.

2181 5677 2330 5746 Quod
2362 5679 2404 5732 si
2440 5678 2578 5730 Deus
2605 5673 2736 5738 vult,
2769 5669 2895 5724 illud
2940 5677 3123 5722 autem
3153 5661 3294 5733 quod
3322 5660 3454 5722 vult,
3487 5655 3605 5720 ipse
3639 5667 3778 5719 0pc-

2189 5791 2352 5846 ratur,
2387 5787 2531 5832 certe
2578 5775 2677 5828 hoc
2707 5783 2917 5843 quoque
2954 5763 3264 5836 operabitur
3289 5773 3347 5810 ae
3382 5746 3689 5824 praestabit,
3727 5751 3784 5798 ut
