4030 6204
207 47 1486 100 Μ

417 313 517 368 ‘Zil

416 442 562 483 rt't‘te
612 425 856 480 vivamus
887 439 901 480 :
935 421 1034 474 hoc
1073 417 1215 472 enim
1262 415 1374 485 ipse
1418 414 1552 468 vult.
1586 411 1745 468 Vides
1770 425 1800 465 a
1833 407 1998 464 Paulo

417 521 640 575 minime
663 515 778 571 tolli
797 513 1000 568 arbitrii
1029 507 1366 565 lily-uatem?
1395 504 1524 560 "an:
1560 504 1732 558 omnia
1753 543 1767 565 ,
1798 499 1991 570 inquit,

421 613 574 681 facite
600 611 709 664 sine
731 601 1204 658 tnurmnrationibus
1225 611 1270 651 et
1292 593 1710 650 lta‘sitationibtts.
1745 591 1996 647 Diabolus

421 705 509 757 tibi
533 715 630 756 nos
654 698 920 752 abducere
951 693 1169 748 minime
1200 689 1468 760 potuerit,
1499 687 1627 757 quin
1656 694 1801 740 recte
1827 682 1985 737 facia-

418 811 559 857 mus,
607 793 706 846 alia
735 788 961 860 qttadam
1005 786 1216 844 ratione
1239 782 1462 838 molitur
1511 781 1723 834 inanem
1767 775 1994 832 reddere

421 884 720 940 mercedem
763 890 1023 936 nostram.
1051 877 1183 932 Nam
1224 875 1307 932 vel
1333 888 1486 929 vana:
1509 872 1694 942 gloria:
1730 885 1991 934 amorem,

417 978 498 1031 rel
542 971 898 1044 arrogantiam
929 970 1160 1035 induxit,
1206 968 1289 1022 vel
1329 965 1376 1021 si
1415 964 1546 1020 nihil
1597 965 1809 1024 horum,
1842 977 1993 1015 mur-

325 1112 327 1114 .
415 1066 790 1126 nutrationem,
818 1063 901 1117 vel
947 1061 1139 1116 saltem
1164 1057 1578 1113 btesitationem.
1603 1057 1679 1109 Ae
1704 1053 1826 1108 vide
1853 1069 1986 1122 σιιιυο

413 1155 571 1220 modo
599 1154 713 1209 hmo
741 1161 931 1222 purget
956 1151 1154 1206 Paulus
1182 1167 1196 1204 :
1227 1147 1361 1203 dixit
1401 1145 1469 1201 de
1492 1145 1660 1200 animi
1693 1143 1993 1198 humilitate

409 1259 761 1316 quaecumque
805 1244 914 1314 jam
962 1242 1272 1305 audivistis,
1326 1238 1689 1309 arrogantiam
1733 1236 1988 1306 abigens,

408 1337 545 1390 dixit
569 1336 638 1390 de
663 1335 837 1388 inanis
859 1334 1045 1404 gloriae
1069 1332 1264 1398 studio,
1293 1329 1654 1398 comprimens
1684 1337 1947 1382 tumorem
1971 1339 1986 1389 ;

407 1438 466 1484 et
492 1429 618 1483 alibi
639 1427 879 1498 quidem,
915 1424 1032 1478 Non
1062 1427 1113 1478 in
1132 1424 1420 1495 prasentia,
1441 1421 1631 1490 inquit.
1652 1419 1747 1472 mei
1769 1428 1990 1482 tantum;

410 1537 554 1576 nunc
581 1536 708 1575 vero
727 1520 975 1574 nonnulla
991 1517 1134 1572 addit
1155 1517 1221 1571 de
1245 1513 1669 1569 murmuratione
1696 1521 1744 1565 et
1777 1509 1992 1564 Inusita-

411 1612 579 1666 tioue.
636 1611 744 1665 Cur
793 1619 969 1662 autem
1023 1622 1145 1662 cum
1193 1605 1487 1661 Corinthiis
1537 1603 1799 1658 adimeret
1847 1601 1988 1654 hunc

410 1705 677 1767 morlntm,
705 1701 1054 1755 lsratilitarnm
1083 1699 1242 1754 etiam
1274 1698 1597 1751 mentionem
1614 1696 1736 1750 fecit
1764 1695 1841 1762 (l.
1864 1693 1986 1748 Cor.

407 1800 494 1853 10.
525 1799 648 1865 i0);
680 1796 780 1851 hoc
806 1806 983 1848 autent
1013 1795 1131 1850 loco
1155 1793 1284 1848 nihil
1319 1792 1616 1861 bujusmodi
1656 1790 1854 1851 attulit,
1891 1788 1986 1842 sed

403 1892 720 1958 simpliciter
745 1889 992 1959 prtecepit
1015 1887 1038 1941 2
1060 1887 1322 1953 Quoniam
1351 1885 1423 1938 illi
1445 1885 1512 1938 ab
1541 1886 1639 1937 hoc
1669 1883 1857 1937 morbo
1874 1881 1984 1950 jam

405 1987 614 2038 fuerant
643 1981 886 2052 occupati
919 1999 933 2034 :
965 1980 1313 2051 quamobrem
1355 1978 1514 2032 altius
1556 1977 1754 2030 inferre
1791 1976 1986 2029 vulnus

404 2091 628 2131 necesse
667 2076 916 2140 habebat,
969 2090 1032 2128 ac
1085 2073 1455 2128 vehementius
1498 2071 1786 2140 obiurgare
1833 2087 1848 2124 :
1900 2067 1986 2121 hie

401 2185 556 2233 vero,
589 2183 655 2222 ue
685 2183 744 2222 se
768 2166 1020 2234 occupari
1066 2166 1246 2219 sinant
1275 2173 1479 2218 monet.
1526 2163 1688 2233 Igitur
1712 2176 1837 2231 erga
1867 2174 1982 2224 eos,

398 2261 494 2329 qui
525 2259 762 2312 nomium
786 2264 1090 2324 pet-curant,
1127 2267 1514 2323 supervacuum
1537 2261 1651 2305 erat
1677 2251 1986 2305 durioribus

401 2350 587 2404 verbis
617 2349 710 2410 uti,
744 2363 852 2418 quo
876 2347 977 2400 sibi
1006 2355 1276 2400 carerent.
1307 2345 1434 2399 Nam
1461 2356 1510 2400 et
1537 2345 1606 2398 ad
1631 2344 1983 2398 humilitatem

397 2441 678 2493 adducens
729 2454 834 2492 non
878 2438 1057 2492 attulit
1095 2437 1397 2506 exemplum
1427 2435 1554 2488 illud
1578 2450 1642 2488 ex
1676 2434 1982 2504 Erangelio,

396 2533 488 2585 ubi
520 2530 874 2597 superborum
903 2528 1224 2597 supplicium
1251 2535 1518 2587 narratur.
1546 2524 1720 2579 sedab
1736 2524 1984 2590 exemplo

395 2624 491 2677 Dei
520 2621 942 2675 admonitionem
972 2619 1159 2685 duxit,
1191 2620 1426 2689 ipsisque
1453 2619 1674 2672 omnino
1703 2626 1758 2670 ttt
1807 2616 1982 2684 legiti-

393 2715 499 2769 tuis
533 2713 656 2767 liliis
685 2713 940 2782 loquitur,
974 2727 1078 2765 non
1117 2721 1172 2764 ut
1217 2711 1445 2765 famulis.
1478 2710 1685 2764 Etenim
1715 2709 1780 2763 ad
1810 2710 1979 2763 tirttt-

394 2817 506 2862 tem
533 2806 861 2873 sequendam
892 2805 936 2858 is
966 2805 1054 2874 qui
1098 2803 1232 2857 bona
1275 2812 1328 2858 et
1355 2817 1613 2872 generosa
1643 2813 1818 2856 tuente
1844 2817 1982 2872 pras-

392 2898 541 2951 ditus
580 2907 678 2959 est,
711 2897 961 2966 exetupto
1015 2910 1199 2949 eorum
1258 2895 1346 2964 qui
1397 2903 1544 2948 recte
1599 2908 1658 2948 se
1698 2901 1981 2963 gesserunt

393 2988 681 3042 adducitur
707 3003 721 3041 :
751 2988 796 3040 is
820 3002 946 3040 vero
966 2985 1050 3039 cui
1082 2985 1250 3039 malus
1270 2985 1498 3048 animus,
1525 3000 1709 3038 eorum
1727 2983 1982 3052 exemplo

395 3079 491 3149 qui
522 3079 732 3132 virtutis
759 3094 975 3133 munera
1009 3093 1113 3132 non
1143 3076 1426 3132 obiverunt
1458 3095 1473 3130 :
1508 3077 1594 3130 ille
1638 3076 1863 3139 honore,
1895 3076 1981 3130 hic

397 3169 686 3238 supplicio.
737 3169 1022 3237 Propterea
1071 3168 1136 3222 ad
1192 3167 1448 3222 Ilebrmos
1495 3166 1655 3222 etiam
1712 3165 1976 3232 scribens,

398 3259 550 3313 Esat’t
595 3259 647 3312 in
699 3260 927 3313 medium
954 3259 1194 3321 adduxit,
1235 3259 1324 3328 qtti
1367 3267 1584 3326 propter
1611 3273 1770 3312 unam
1796 3273 1976 3312 escam

393 3348 640 3402 vendidit
669 3348 1142 3418 primogenitttram
1174 3348 1358 3420 (llebr.
1390 3349 1477 3403 12.
1511 3348 1599 3414 16)
1625 3365 1638 3412 ;
1669 3357 1721 3400 et
1751 3363 1936 3401 rursus
1958 3388 1974 3412 ,

391 3441 457 3493 Si
479 3442 782 3494 subtraxerit
807 3459 878 3504 se,
910 3458 1008 3493 non
1045 3441 1255 3510 placebit
1297 3444 1482 3493 animle
1503 3457 1625 3494 nocte
1651 3442 1668 3508 (
1705 3440 1862 3495 Hebr.
1888 3440 1977 3494 10.

391 3531 506 3602 58).
544 3531 698 3601 Atqui
730 3531 869 3586 inter
899 3532 1206 3586 Corinthios
1249 3532 1462 3600 quidem
1493 3533 1643 3585 tnulti
1674 3542 1850 3595 erant,
1882 3530 1974 3600 qtti

390 3623 620 3674 scortati
667 3622 907 3676 fuerant:
957 3633 1235 3690 propterea
1268 3621 1497 3685 dicebat,
1527 3619 1610 3674 Ne
1650 3623 1827 3674 iterum
1866 3637 1978 3672 cum

393 3729 582 3764 venero
608 3717 670 3766 ad
698 3731 799 3777 vos,
827 3716 1052 3769 lmmilict
1075 3733 1152 3768 me
1179 3715 1312 3768 Deus
1328 3728 1484 3779 meus,
1509 3725 1557 3767 et
1577 3716 1776 3784 lugeam
1794 3713 1978 3766 multos

395 3820 464 3856 ex
484 3805 571 3868 iis,
603 3807 685 3872 qui
706 3817 850 3859 antea
883 3817 1227 3874 peroraverant,
1273 3818 1320 3860 et
1367 3824 1467 3859 non
1497 3816 1704 3875 egerunt
1731 3807 1978 3874 paeniten-

391 3895 525 3946 tiam
562 3911 713 3964 super
736 3897 1049 3950 immunditia
1092 3908 1138 3951 et
1177 3899 1512 3966 fornicatione
1551 3909 1599 3950 et
1638 3898 1974 3966 impudicitia,

382 4004 550 4057 quam
578 4000 839 4056 gesserunt
869 3990 954 4059 (2.
980 3990 1094 4042 (.‘or.
1121 3990 1207 4045 12.
1227 3993 1289 4044 ‘il
1393 3990 1458 4044 Ut
1496 3990 1624 4054 sitis,
1654 3990 1843 4059 inquit,
1871 3991 1980 4043 sine

379 4078 626 4148 querela,
684 4089 734 4132 et
771 4081 1060 4148 simplices;
1118 4081 1167 4134 id
1219 4090 1332 4144 est,
1387 4081 1516 4134 nulli
1571 4079 1975 4149 reprehensioni

379 4170 636 4235 obnoxii,
668 4171 785 4239 puri
818 4180 976 4241 atque
1007 4172 1198 4242 integri
1232 4191 1245 4226 :
1276 4189 1383 4226 non
1410 4173 1555 4228 enim
1585 4173 1754 4226 levem
1797 4186 1983 4225 maca--

379 4260 488 4314 lam
520 4262 754 4328 imponit
776 4264 1148 4317 marmoratio.
1181 4263 1317 4330 Quid
1345 4263 1820 4333 autemsignilieat,
1847 4261 1978 4318 Sine

382 4354 838 4410 Itasitationibns.’
869 4368 1044 4411 utrum
1076 4357 1271 4411 bonum
1294 4367 1398 4422 est,
1428 4371 1495 4412 an
1525 4357 1789 4412 minime?
1813 4355 1893 4412 Ne
1923 4356 1975 4410 itt

376 4447 832 4516 disputationem,
857 4449 1046 4518 inquit,
1080 4465 1191 4503 rem
1220 4449 1521 4514 adducatis,
1555 4449 1766 4503 etiamsi
1797 4447 1975 4512 labor,

376 4541 594 4594 etiamsi
621 4541 868 4594 molestia
893 4543 963 4595 sit
988 4542 1128 4610 quod
1148 4542 1480 4611 proponitur.
1514 4541 1801 4606 Nondixit,
1824 4540 1891 4598 Ut
1910 4557 1977 4597 ne

379 4630 725 4696 puniamini;
759 4631 843 4684 isti
874 4631 1019 4684 enim
1043 4631 1121 4686 rei
1153 4633 1472 4699 supplicium
1499 4643 1576 4684 est
1614 4633 1974 4700 propositum:

373 4721 521 4790 quod
575 4722 630 4776 itt
685 4721 924 4789 Epistula
968 4721 1035 4776 ad
1081 4723 1388 4776 Corinthios
1433 4723 1713 4786 indicarit;
1751 4722 1845 4775 sed
1894 4722 1979 4776 hic

377 4814 512 4867 nihil
540 4813 818 4884 ejusmodi
841 4813 1010 4879 dixit;
1035 4814 1154 4878 sed,
1193 4815 1258 4869 L’t
1281 4817 1410 4878 sitis,
1439 4816 1618 4884 inquit,
1644 4816 1754 4867 sine
1771 4815 1978 4883 querela

371 4918 419 4961 et
450 4907 744 4977 simplices,
770 4908 868 4976 filii
907 4908 1004 4963 Dei
1027 4910 1138 4963 sine
1164 4911 1566 4976 reprehensione,
1599 4910 1649 4962 in
1691 4908 1856 4962 medio
1887 4923 1981 4958 na-

372 5001 531 5053 tionis
562 5014 748 5069 pravae
777 5009 821 5052 et
853 5015 1115 5068 perversae,
1149 5001 1277 5053 inter
1317 5017 1439 5070 quos
1466 5000 1641 5053 lucetis
1671 5001 1799 5053 sicut
1828 4997 1976 5052 lumi-

369 5092 523 5144 naria
569 5092 624 5144 in
674 5091 892 5157 mundo,
933 5092 1137 5144 verbum
1181 5093 1292 5146 rita:
1315 5093 1622 5145 continentes
1663 5092 1730 5142 ad
1765 5091 1979 5160 gloriam

367 5207 539 5243 nteant
570 5191 625 5242 in
661 5189 801 5241 diem
838 5187 1025 5242 Christi
1055 5189 1073 5259 (
1099 5189 1148 5243 1.
1179 5187 1301 5241 (ἴον.
1343 5188 1426 5242 l0.
1460 5188 1594 5257 10
1630 5187 1788 5241 Vides
1830 5187 1927 5242 hos
1949 5202 1978 5240 a

370 5281 542 5334 l'aulo
594 5279 813 5334 institui
845 5294 913 5334 ne
941 5278 1393 5333 obmurnutrent?
1423 5278 1514 5331 list
1541 5277 1682 5331 enim
1726 5276 1888 5346 iniqui
1917 5292 1978 5330 oc

365 5373 571 5439 stupidi
605 5369 758 5423 servi
788 5367 1219 5424 obmurmurare.
1268 5368 1466 5437 Ecquis
1492 5367 1633 5422 enim
1653 5408 1669 5429 ,
1710 5367 1795 5420 dic
1826 5366 1977 5430 mihi,

369 5464 514 5518 lilius
547 5472 662 5524 est,
696 5461 788 5530 qtti
819 5461 871 5515 in
899 5460 1054 5515 bonis
1082 5461 1314 5529 paternis
1345 5460 1611 5522 laborans,
1660 5474 1721 5511 ac
1749 5457 1848 5511 sibi
1880 5457 1979 5526 ipsi

368 5557 622 5609 laborem
648 5553 896 5620 capiens,
919 5551 1326 5606 obmurmuret?
1353 5551 1558 5618 Cogita,
1581 5550 1770 5619 inquit,
1805 5559 1856 5604 te
1884 5551 1978 5604 tibi

365 5649 468 5719 ipsi
497 5649 787 5705 laborare.
809 5645 900 5698 tibi
921 5645 1022 5715 ipsi
1039 5645 1310 5715 colligere.
1329 5643 1541 5697 lllorttm
1560 5659 1690 5698 vero
1709 5643 1979 5711 proprium

365 5754 451 5802 est
481 5744 915 5798 obmurmurare
947 5735 1034 5806 qui
1064 5736 1184 5791 aliis
1211 5734 1606 5805 laborant,aliis
1629 5733 1822 5788 sudant
1851 5748 1863 5783 ε
1890 5728 1979 5799 qui

1335 299 1400 357 lN
1439 298 1656 356 ENST.
1696 295 1786 352 ΑΙ)
1825 289 2112 349 ιδιιιιιιιτιι.
2151 291 2302 351 CAP.
2341 294 2405 358 ιι.
2447 296 2680 356 1103111..
2724 300 2856 358 Vill.

3578 305 3686 361 252

2103 421 2280 479 autem
2307 413 2409 469 sibi
2437 415 2553 486 ipse
2573 415 2793 486 colligit,
2815 431 2912 470 cur
2933 414 3300 474 obmurmurat
3315 419 3494 491 lquod
3514 425 3684 496 ipsius

2103 501 2304 559 divitia:
2330 521 2438 560 non
2466 509 2754 562 crescunt?
2774 507 2990 562 Minime
3015 507 3066 562 id
3095 507 3330 576 quidem.
3363 510 3463 578 Qui
3492 526 3684 579 sponte

2106 597 2250 651 mdia
2291 598 2544 668 imposita
2589 601 2913 657 necessitate
2962 601 3104 667 facit,
3151 617 3248 657 cur
3274 602 3682 658 obmurmurat?

2103 687 2283 745 Satius
2321 700 2410 746 est
2447 691 2582 747 nihil
2623 708 2803 764 agere,
2850 709 3010 764 quam
3052 694 3438 749 utut-morando
3478 710 3676 764 ago-re:

2102 797 2224 836 natu
2249 798 2303 836 Ct
2353 783 2453 839 hoc
2495 783 2690 852 ipsum,
2722 785 2863 854 quod
2907 785 2982 844 lit.
3017 786 3179 856 p-rit.
3226 789 3416 840 Annon
3447 786 3594 840 vides
3623 785 3676 837 in

2103 874 2343 944 ipsismet
2370 876 2618 931 domibus
2661 881 2862 932 nostris
2901 878 3016 933 ha-c
3061 879 3216 934 nobis
3257 896 3472 949 semper
3501 880 3552 933 in
3579 895 3678 934 ιιι-ο

2100 979 2221 1020 esse
2252 983 2266 1019 :
2296 965 2476 1021 Satius
2503 975 2586 1021 est
2615 965 2800 1021 istha-e
2827 967 3046 1023 minime
3095 969 3207 1024 ﬁeri
3229 1009 3247 1035 ,
3277 984 3434 1038 quant
3462 968 3678 1023 obmur-

2099 1058 2360 1110 tmtraudo
2391 1058 2546 1113 fieri?
2575 1075 2637 1113 ac
2683 1075 2826 1130 smpe
2856 1063 3121 1116 malumus
3163 1063 3484 1124 ministerio,
3532 1059 3676 1130 quod

2100 1149 2254 1204 nobis
2276 1149 2581 1214 exhibetur.
2610 1167 2798 1207 carere
2819 1195 2833 1213 .
2875 1171 3034 1224 quam
3065 1163 3484 1208 tuurmurautetn
3517 1154 3676 1208 ferre.

2096 1239 2286 1295 Gravis
2309 1241 2451 1297 enim
2481 1259 2590 1310 res,
2618 1245 2796 1314 gravis
2820 1254 2904 1299 est
2930 1245 3304 1307 tnurumratio,
3323 1260 3386 1299 ac
3416 1259 3583 1316 prope
3607 1244 3676 1298 ad

2099 1330 2482 1401 blasphemiam
2529 1334 2778 1391 accedit:
2811 1336 3009 1405 alioqui
3055 1351 3152 1390 cur
3199 1343 3406 1388 tantum
3460 1334 3529 1389 de
3571 1335 3676 1387 illis

2096 1428 2339 1498 Supplicii
2367 1439 2636 1498 sumptura
2658 1430 2874 1484 fuisset?
2903 1429 3095 1482 Vitium
3129 1428 3266 1482 istud
3302 1427 3490 1495 ingrati
3509 1426 3676 1480 animi

2092 1527 2194 1570 est.
2225 1517 2325 1585 Qui
2351 1528 2668 1584 murmurat,
2699 1519 2938 1591 ingratus
2955 1528 3035 1574 est
3059 1533 3184 1588 erga
3209 1519 3372 1572 Deum
3399 1536 3410 1570 :
3436 1516 3526 1586 qui
3549 1532 3677 1570 vero

2093 1626 2217 1680 erga
2259 1611 2425 1664 Deum
2473 1619 2712 1681 ingratus
2737 1620 2839 1674 est,
2875 1611 3114 1679 profecto
3144 1607 3487 1675 blasphemus
3512 1607 3674 1662 etiam

2093 1713 2198 1759 est.
2229 1705 2304 1757 Ac
2330 1717 2459 1758 sane
2485 1718 2552 1758 eo
2582 1702 2811 1757 maxime
2858 1711 3100 1772 tempore
3139 1701 3476 1756 continentes
3504 1707 3675 1754 tenta.

2095 1797 2268 1850 tiones
2292 1808 2466 1859 erant,
2508 1807 2563 1851 et
2612 1795 2908 1864 frequentia
2965 1795 3234 1864 pericula;
3278 1793 3422 1847 nulla
3449 1791 3676 1846 dabatur

2094 1891 2337 1958 requies,
2388 1890 2532 1944 nulla
2581 1890 2852 1953 cessatio;
2883 1889 3117 1959 undique
3145 1888 3558 1944 iunmnerabilia
3586 1887 3670 1941 itt-

2090 1985 2352 2053 gruebant
2382 1985 2520 2040 mala
2547 2002 2560 2039 :
2594 1999 2734 2040 nunc
2783 2000 2909 2040 vero
2936 1999 3144 2039 summa
3192 2000 3291 2056 pax
3321 2000 3384 2040 ac
3411 1983 3673 2054 tranquil-

2094 2075 2236 2130 litas.

2162 2169 2214 2223 5.
2257 2169 2445 2222 Contra
2489 2180 2882 2225 murmurantes.
2913 2202 2981 2217 σ-
3006 2169 3115 2225 Cur
3142 2170 3301 2240 igitur
3328 2169 3673 2224 murmurans?

2088 2260 2229 2328 quod
2261 2276 2464 2331 pauper
2507 2263 2604 2316 es?
2648 2261 2750 2316 Job
2780 2263 2928 2316 illum
2953 2262 3150 2332 cogita.
3197 2261 3380 2316 Morbo
3424 2260 3672 2316 laboras?

2087 2354 2133 2422 ρ
2173 2354 2221 2408 id
2246 2354 2405 2423 igitur
2430 2355 2652 2421 laceres,
2679 2356 2722 2409 si
2755 2365 3021 2410 lautorum
3049 2355 3142 2409 tibi
3171 2356 3432 2409 honormn
3458 2369 3519 2407 ac
3545 2366 3670 2405 san-

2084 2456 2202 2498 ctus
2226 2445 2316 2500 ille
2341 2454 2718 2516 tectorumque
2742 2446 3003 2500 factorum
3029 2447 3297 2509 conscius,
3343 2443 3396 2499 in
3421 2442 3666 2497 morbum

2089 2538 2410 2592 incidisses?
2441 2537 2647 2593 Rursus
2694 2539 2842 2595 illum
2896 2540 3094 2609 cogita.
3125 2538 3264 2608 quod
3317 2552 3411 2608 per
3454 2537 3667 2605 longum

2087 2640 2296 2698 t--mpus
2323 2641 2688 2701 perseveraret
2717 2647 2926 2688 vermes
2965 2633 3191 2702 pallens,
3220 2632 3271 2685 in
3297 2641 3534 2686 stercore
3569 2644 3629 2683 se
3647 2659 3666 2670 -

2085 2721 2240 2788 deus,
2265 2722 2500 2778 scabiem
2527 2722 2744 2779 fricans.
2772 2723 2936 2778 Multo
2962 2735 3153 2789 autem,
3187 2721 3376 2793 inquit,
3403 2721 3662 2792 interfecto

2085 2823 2326 2884 tempore,
2344 2815 2476 2867 dixit
2507 2816 2576 2868 ad
2601 2832 2715 2869 eum
2741 2818 2920 2870 mulier
2944 2831 2963 2868 :
2991 2817 3260 2883 Quousque
3285 2814 3439 2867 uteris
3466 2812 3660 2881 patien-

2084 2906 2153 2957 tia
2179 2908 2293 2968 ista,
2308 2923 2368 2959 ac
2387 2923 2559 2978 perges
2577 2906 2762 2970 dicere,
2783 2909 2958 2960 Att/mc
2977 2907 3182 2974 paulum
3201 2906 3446 2972 quiddam
3472 2916 3663 2973 tempo-

2082 2999 2152 3049 ris
2180 2998 2452 3068 exspecto?
2477 2996 2571 3050 Dic
2616 2999 2816 3052 verbum
2846 2998 3051 3068 aliquod
3074 3007 3249 3051 contra
3275 2995 3570 3062 Dominum,
3601 3011 3664 3049 ac

2083 3104 2274 3141 morere
2301 3088 2439 3159 (Job.
2468 3089 2504 3142 9.
2551 3089 2630 3160 9).
2664 3093 2730 3143 At
2762 3089 2901 3144 ﬁlius
2928 3090 3020 3146 tibi
3051 3089 3222 3143 obiit?
3247 3088 3382 3156 Quid
3414 3087 3590 3158 igitur,
3617 3088 3663 3141 si

2083 3194 2270 3233 omnes
2299 3180 2590 3241 amisisses.
2619 3192 2672 3234 et
2717 3181 2906 3235 acerba
2931 3181 3147 3250 quidem
3182 3190 3376 3243 morte,
3404 3180 3660 3249 quemad-

2085 3270 2299 3324 modum
2336 3271 2462 3325 ille?
2488 3270 2668 3326 Nostis
2695 3272 2862 3338 enim,
2891 3271 3079 3335 nostis,
3100 3270 3338 3325 assidere
3360 3270 3663 3339 :egrotami,

2082 3377 2142 3416 os
2181 3364 2260 3416 ori
2286 3362 2553 3427 conferre,
2596 3363 2782 3417 oculos
2807 3362 3078 3428 claudere,
3109 3371 3447 3417 contrectare
3475 3377 3662 3431 genas,

2082 3461 2329 3523 suprema
2374 3455 2560 3510 audire
2611 3456 2806 3519 verba;
2835 3464 3091 3524 quantum
3132 3453 3304 3509 solatii
3357 3452 3564 3507 atterat.
3597 3453 3665 3506 At

2086 3548 2274 3601 horum
2325 3547 2471 3601 tutllo
2514 3547 2762 3617 dignatus
2806 3556 2889 3600 est
2925 3546 3100 3614 justus
3153 3546 3276 3609 ille;
3325 3543 3422 3599 sed
3477 3558 3663 3596 omnes

2083 3639 2238 3691 simul
2268 3637 2444 3692 obruti
2470 3637 2851 3691 oceulnterunt.
2887 3637 2952 3690 Et
2991 3635 3117 3706 quid
3163 3636 3275 3689 lta-c
3299 3635 3458 3688 dico?
3483 3635 3526 3686 si
3549 3633 3664 3700 ipse

2078 3728 2259 3796 jus-tus
2285 3742 2432 3783 esses
2463 3727 2626 3782 lilium
2655 3735 2800 3781 tuum
2828 3727 3154 3791 interimere,
3185 3736 3233 3779 et
3269 3725 3567 3784 immolare.
3601 3734 3656 3778 et

2083 3820 2421 3873 combustum
2454 3828 2723 3888 spectare,
2751 3827 2808 3871 ut
2835 3818 3022 3872 beatus
3049 3817 3136 3871 ille
3177 3816 3509 3888 patrhucha,
3537 3815 3663 3884 quid

2083 3909 2336 3963 fecisses?
2363 3908 2458 3962 Ille
2495 3917 2671 3962 autem
2700 3920 2902 3977 quanto
2936 3908 3117 3962 animo
3148 3921 3196 3961 et
3229 3911 3398 3960 altare
3425 3906 3664 3960 a-ditica-

2084 4000 2193 4062 bat,
2219 4010 2273 4054 et
2323 3999 2460 4068 ligna
2490 3999 2795 4068 imponebat
2822 4041 2836 4063 ,
2877 4009 2932 4052 et
2961 4000 3124 4053 lilium
3155 3998 3393 4066 ligabat?
3423 3999 3492 4052 At
3531 4015 3662 4051 non-

2083 4091 2214 4144 tmlli
2237 4098 2380 4152 sunt,
2414 4090 2502 4160 qui
2535 4099 2585 4143 te
2613 4089 2870 4142 conviciis
2898 4089 3314 4140 consectentur?
3337 4086 3473 4153 Quid
3505 4087 3664 4154 igitur

2085 4179 2176 4233 tibi
2209 4181 2370 4234 animi
2395 4188 2560 4242 esset,
2591 4178 2634 4232 si
2667 4179 2779 4230 lucc
2801 4175 2988 4230 eadem
3011 4177 3078 4228 ab
3104 4175 3234 4228 amit
3250 4175 3316 4238 is,
3345 4175 3434 4244 qui
3463 4190 3661 4227 consu-

2083 4269 2296 4322 lationis
2313 4283 2470 4321 causa
2489 4267 2850 4328 advenissent,
2869 4263 3078 4316 audires
3097 4262 3121 4314 ἲ
3141 4261 3272 4317 Nam
3289 4278 3428 4318 nunc
3450 4263 3660 4332 quidem

2084 4359 2248 4412 multa
2281 4358 2538 4411 habemus
2567 4366 2782 4426 peccata
2805 4397 2818 4417 ,
2846 4354 3076 4423 iureque
3106 4354 3316 4423 probris
3344 4356 3612 4413 allii-imor
3645 4373 3658 4409 :

2083 4459 2209 4504 tunc
2239 4465 2366 4503 vero
2407 4449 2493 4502 ille
2521 4463 2698 4509 verax,
2728 4445 2923 4515 justus,
2974 4444 3113 4513 pius,
3141 4445 3230 4514 qtti
3261 4460 3383 4501 se~e
3422 4446 3491 4500 ab
3513 4447 3660 4501 omni

2081 4542 2308 4597 crimine
2336 4539 2656 4602 abstini-bat,
2689 4552 2844 4591 secus
2869 4537 3047 4590 omnia
3087 4537 3154 4590 ab
3181 4537 3367 4590 amicis
3391 4538 3657 4592 audiebat.

2082 4635 2219 4699 Quid
2254 4648 2399 4693 vero.
2425 4633 2514 4685 die
2546 4630 2694 4687 mihi.
2719 4630 2762 4684 si
2795 4629 3073 4684 mulierem
3110 4629 3526 4699 exprobrantem
3556 4645 3656 4685 at;-

2081 4730 2247 4794 dires,
2273 4744 2335 4783 ac
2358 4728 2646 4788 dicentem.
2679 4724 2790 4796 Ego
2817 4724 2962 4792 quasi
3015 4724 3236 4778 erratica
3265 4722 3498 4792 quantum
3548 4739 3657 4774 mtt-

2084 4826 2175 4877 lier
2195 4833 2240 4876 et
2288 4821 2482 4892 [urnula
2512 4821 2679 4873 locum
2727 4835 2790 4873 ea:
2839 4818 2968 4882 loco,
3016 4817 3220 4871 domum
3265 4831 3329 4869 ea:
3363 4815 3515 4868 domo
3555 4814 3660 4866 cir—

2084 4931 2390 4975 cumcrrans,
2423 4913 2544 4967 solis
2572 4929 2802 4965 occasum
2828 4920 3146 4980 exspectans,
3178 4921 3233 4961 ut
3256 4926 3288 4960 a
3308 4905 3562 4961 doloribus
3585 4921 3661 4957 nte

2086 5005 2306 5074 undique
2332 5005 2669 5073 prementibus
2695 5003 3000 5072 requiescam
3025 5001 3144 5070 (a)?
3187 5001 3293 5053 Cur
3331 4999 3430 5052 ista
3462 4997 3658 5064 inquis,

2086 5112 2119 5149 o
2147 5096 2332 5150 SiOlltld
2354 5096 2377 5148 ’ἒ
2401 5111 2526 5148 tntm
2557 5094 2742 5147 barum
2769 5108 2946 5146 rerum
2981 5091 3070 5143 tibi
3103 5102 3263 5143 causa
3287 5095 3372 5142 est
3398 5086 3522 5138 vir?
3545 5085 3660 5138 Non

2087 5190 2194 5250 ille.
2229 5189 2323 5242 sed
2354 5187 2618 5241 diabolus.
2670 5184 2784 5245 Dic,
2839 5183 3028 5250 inquit,
3070 5178 3268 5232 verbum
3309 5177 3516 5243 aliquod
3563 5177 3662 5228 ad-

2087 5298 2254 5334 versus
2279 5279 2571 5340 hominum,
2601 5286 2647 5328 et
2679 5289 2887 5326 morere.
2920 5272 3066 5324 Itane
3085 5271 3108 5322 ’ἒ
3135 5269 3178 5321 si
3207 5268 3531 5321 decumbens
3559 5267 3660 5321 hoc

2089 5373 2286 5426 dicere!
2321 5385 2384 5422 ac
2433 5377 2748 5428 tttoret‘elttr,
2784 5364 2946 5416 libiuc
2986 5361 3178 5416 melius
3217 5359 3390 5414 esset?
3421 5358 3536 5412 Non
3575 5369 3659 5410 est

2092 5463 2307 5516 morbus
2327 5460 2418 5512 illo
2437 5457 2672 5527 gravior,
2704 5455 2863 5508 etiam
2897 5453 2941 5506 si
2971 5459 3251 5505 sexcentos
3276 5448 3486 5503 alteras.
3518 5448 3663 5503 Talis

2153 5617 2225 5678 (4.)
2247 5616 2380 5665 lizrc.
2403 5613 2459 5678 ad
2483 5611 2656 5678 illitum
2682 5609 2784 5678 .lobi
2806 5609 3118 5678 pertinentia,
3143 5604 3242 5678 utili
3262 5607 3309 5652 itt
3333 5601 3670 5678 [Ii-lbljliajﬁ-lj‘ll?

2094 5664 2344 5738 inquirere
2369 5664 2378 5722 ἐ
2408 5676 2452 5721 itt
2480 5671 2782 5738 liditisenim
2807 5664 3119 5738 lit“.r_cis_ltltri
3136 5667 3245 5713 Jobi
3266 5665 3413 5712 multa
3433 5664 3672 5723 adjectitia

2097 5728 2371 5796 oin-mrum,
2396 5750 2505 5799 qua-
2533 5733 2580 5778 in
2603 5731 2816 5780 Hebro-0
2840 5736 2889 5777 et
2916 5732 2962 5777 in
2987 5728 3115 5789 Vulg
3134 5736 3192 5776 :tzt
3219 5741 3311 5775 non
3339 5740 3408 5783 rei
3430 5736 3668 5773 eruuntur.
