4030 6204
377 197 482 253 243

378 325 441 364 ac
469 319 646 365 tantus
667 324 803 378 erat,
836 325 884 366 ttt
923 328 989 368 ne
1016 312 1157 365 domi
1203 308 1416 378 quidem
1446 319 1508 358 ac
1547 301 1648 354 sub
1676 308 1818 351 tecto
1845 308 1958 347 mtt-

379 413 510 453 nere
551 412 730 469 posset
764 421 776 456 :
810 404 929 457 talis
969 411 1104 465 erat,
1162 408 1217 453 ut
1262 409 1451 450 omnes
1502 391 1813 446 deficerent.
1845 385 1958 439 Non

381 494 547 558 enim,
590 495 632 548 si
663 495 823 548 ullam
871 494 1173 548 admisisset
1225 489 1567 551 medicinam,
1596 492 1746 538 extra
1774 480 1958 532 urbem

383 583 606 641 sedisset
639 586 890 640 deteriori
918 584 1246 647 conditione,
1275 595 1432 650 quam
1479 577 1554 631 illi
1593 575 1680 645 qui
1706 570 1964 640 elephan-

385 674 501 727 tiasi
533 673 791 727 laborant.
822 673 955 727 Nam
982 673 1064 726 isti
1084 671 1298 741 quidem
1326 679 1381 724 et
1419 668 1609 722 domos
1651 663 1881 716 subeunt
1909 668 1964 713 et

385 764 523 818 inter
549 780 608 818 se
633 772 1023 834 congregantur
1047 779 1060 816 :
1098 764 1188 819 ille
1216 776 1350 817 vero
1379 760 1480 815 sub
1505 759 1596 813 dio
1627 757 1678 810 in
1723 764 1963 809 stercore

385 856 558 911 nudus
598 857 966 928 pernoctabat,
1023 871 1086 911 ac
1135 871 1204 911 ne
1249 862 1454 910 vestem
1478 850 1692 920 quidem
1739 847 1965 901 induere

383 957 593 1016 poterat
625 947 935 1017 :qnomodo
983 947 1173 1002 enim?
1207 945 1335 1011 quin
1366 943 1528 998 etiam
1584 939 1813 994 fortasse
1849 949 1968 990 cre-

383 1037 546 1091 visset
570 1036 746 1091 dolor.
774 1036 1001 1104 Macero,
1031 1037 1221 1106 inquit,
1249 1035 1419 1105 glebas
1442 1043 1590 1086 terra:
1617 1033 1808 1086 saniem
1830 1026 1967 1079 scal-

384 1145 506 1198 pens
535 1129 552 1196 (
580 1127 679 1182 Job
711 1130 765 1183 7.
797 1131 896 1200 5).
930 1131 1132 1184 Carnes
1180 1127 1346 1196 ipsius
1391 1124 1594 1178 saniem
1639 1137 1704 1176 ac
1759 1131 1970 1174 vermes

385 1219 787 1284 scaturiebant,
836 1219 994 1289 idque
1047 1217 1282 1272 assidue.
1337 1214 1516 1270 Sentis
1554 1227 1714 1283 quam
1745 1211 1970 1279 quisque

388 1318 631 1361 nostrum
661 1309 774 1362 lure
801 1309 1024 1363 audiens
1049 1309 1345 1363 horrescat.
1373 1305 1526 1373 Quod
1569 1304 1613 1357 si
1640 1318 1700 1357 ea
1728 1310 1852 1355 sunt
1878 1315 1971 1353 au-

387 1395 500 1451 ditu
530 1397 901 1461 intolerabilia,
945 1408 1146 1470 quanto
1196 1398 1364 1467 magis
1400 1393 1694 1464 perpessu?
1721 1393 1971 1446 Attamen

389 1500 681 1555 perpessus
707 1489 980 1556 estjustus
1008 1489 1098 1543 ille
1136 1504 1241 1542 non
1273 1502 1434 1541 unum
1480 1493 1573 1539 aut
1611 1483 1838 1538 alterum
1888 1479 1972 1535 vel

391 1581 606 1632 tertium
637 1579 800 1646 diem,
831 1581 924 1635 sed
956 1581 1177 1650 perdiu;
1209 1595 1310 1634 nec
1336 1579 1574 1649 peccavit
1599 1577 1885 1647 quidquam
1920 1575 1971 1629 in

391 1671 546 1725 labiis
583 1673 715 1726 suis.
767 1673 997 1744 Ecquem
1031 1673 1332 1743 huiusmodi
1380 1671 1626 1726 morbum
1652 1679 1804 1740 potes
1846 1669 1974 1722 mibi

390 1759 604 1828 all'erre,
637 1771 715 1818 tot
742 1764 999 1819 refertum
1027 1763 1337 1818 doloribus?
1372 1778 1550 1816 annon
1597 1763 1696 1816 iste
1736 1760 1976 1816 cmeitate

391 1850 629 1908 deterior
649 1865 760 1908 erat
789 1855 812 1908 τ
839 1854 1077 1910 Ρωιὶἀοε
1097 1857 1240 1909 enim
1262 1854 1437 1908 sentio
1456 1853 1604 1907 cibos
1629 1867 1778 1906 meos
1805 1866 1978 1920 neque

394 1942 494 1996 hoc
519 1944 714 2009 solum,
741 1945 834 2000 sed
859 1962 1031 2015 neque
1060 1946 1244 2009 etiam,
1275 1944 1414 2016 quod
1445 1945 1565 1998 aliis
1597 1944 1730 1999 solet
1761 1958 1975 1997 recrea-

393 2034 521 2089 tioni
550 2051 691 2103 esse,
717 2052 819 2092 nox
844 2048 897 2093 et
923 2053 1143 2093 somnus
1173 2037 1296 2092 huic
1320 2037 1608 2108 quidquam
1640 2035 1818 2091 solatii
1850 2035 1979 2090 affe-

393 2127 562 2192 rebat,
591 2128 687 2184 sed
733 2131 926 2200 quovis
969 2141 1239 2186 tormento
1279 2132 1496 2202 gravior
1538 2138 1694 2185 erat:
1728 2129 1886 2198 idque
1910 2145 1976 2184 ex

395 2221 562 2288 ipsius
588 2222 766 2276 verbis
803 2237 1092 2292 cognosce.
1126 2224 1230 2279 Cur
1261 2233 1416 2279 terres
1456 2240 1533 2276 me
1563 2239 1651 2294 per
1685 2225 1903 2287 somnia,
1932 2233 1982 2278 et

394 2327 484 2379 per
511 2311 728 2366 visiones
754 2328 926 2368 errore
967 2316 1192 2368 concutis
1210 2315 1235 2367 ?
1268 2313 1398 2370 Cum
1446 2315 1646 2368 advenit
1674 2315 1978 2380 diluculum,

396 2401 530 2465 (lico,
559 2403 775 2467 Quando
797 2404 1024 2458 adveniet
1053 2422 1256 2474 vespera
1281 2406 1298 2475 (
1329 2406 1428 2458 Job
1454 2407 1503 2460 7.
1539 2406 1624 2460 H.
1672 2406 1770 2476 4)?
1802 2409 1876 2460 Ac
1906 2416 1984 2460 tot

400 2494 664 2562 tantisque
714 2495 866 2548 malis
907 2496 1129 2551 allectus
1178 2513 1283 2551 non
1330 2497 1770 2552 obmurntnravit.
1801 2497 1984 2566 Neque

404 2598 534 2637 vero
561 2584 612 2637 id
641 2585 816 2639 solum
839 2587 1096 2641 molestia:
1127 2588 1297 2642 inerat
1321 2603 1338 2652 ;
1363 2586 1455 2642 sed
1483 2588 1642 2642 etiam
1663 2589 1796 2640 mala
1824 2603 1982 2656 quam

401 2673 556 2728 mttlti
577 2673 646 2728 de
673 2675 787 2743 ipso
814 2688 1172 2745 conceperant
1199 2678 1384 2746 Opinio
1414 2696 1427 2732 :
1459 2692 1582 2732 nam
1609 2693 1676 2732 ex
1711 2679 1985 2732 calamita-

403 2763 563 2830 tibus,
585 2780 704 2834 quae
733 2765 804 2819 illi
833 2766 1159 2834 acciderant,
1186 2768 1678 2839 sexcentorttmjatn
1700 2769 1983 2824 criminum

401 2869 553 2909 reum
579 2855 958 2911 existimabant
991 2858 1170 2927 :quod
1218 2867 1272 2914 et
1310 2859 1360 2915 ei
1400 2857 1644 2914 dicebant
1673 2861 1853 2923 amici,
1883 2861 1984 2914 lili-

401 2963 533 3002 nora
584 2949 813 3018 peccatis
863 2952 967 3005 tuis
1013 2951 1219 3022 ﬂagella
1275 2967 1464 3022 passus
1489 2969 1546 3006 es
1592 2952 1740 3023 (Job
1765 2954 1853 3008 il.
1880 2951 1982 3024 6).

403 3040 760 3107 Quamobrem
788 3050 842 3098 et
866 3043 982 3111 ipse
1003 3043 1236 3110 dicebat,
1269 3043 1332 3097 Et
1357 3055 1558 3098 monent
1595 3061 1672 3098 me
1701 3045 1864 3113 inﬁmi
1889 3046 1986 3100 Ito-

402 3135 582 3197 mines,
613 3151 737 3205 quos
765 3134 973 3189 canibus
1001 3144 1259 3198 pastorum
1301 3151 1522 3189 meorum
1567 3137 1770 3190 minime
1808 3137 1987 3207 dignos

401 3224 765 3279 existimassem
805 3225 823 3294 (
851 3225 949 3278 Job
1000 3225 1137 3280 30.1
1173 3224 1214 3296 ).
1245 3226 1387 3293 Quot
1429 3227 1689 3280 mortibus
1719 3242 1824 3282 non
1874 3239 1988 3283 er..t

403 3315 541 3369 istud
569 3315 828 3385 gravius?
861 3316 1236 3373 \‘erttmutnten
1267 3318 1427 3370 tantis
1463 3316 1696 3387 undique
1739 3316 1987 3373 ﬂuctibus

405 3422 643 3474 pressus,
675 3422 739 3462 ac
775 3416 880 3461 tam
914 3423 1050 3461 smva
1087 3408 1319 3477 undique
1360 3408 1639 3476 ingruente
1671 3419 1990 3478 tempestate

411 3495 464 3549 itt
493 3497 685 3550 mediis
707 3497 958 3562 nubibus,
999 3499 1268 3565 procellis,
1301 3497 1636 3565 fulminibus,
1687 3500 1988 3556 turbinibus

403 3602 467 3639 ae
491 3587 784 3640 vortieibus
825 3597 1004 3641 manet
1047 3589 1160 3656 ipse
1188 3589 1458 3653 immotus,
1490 3591 1542 3645 itt
1574 3601 1719 3646 tanta
1759 3601 1974 3662 tamque

407 3678 552 3745 gravi
598 3686 918 3743 tempestate
941 3717 956 3740 ,
989 3678 1214 3745 perinde
1243 3689 1402 3748 atque
1432 3682 1483 3734 in
1516 3681 1727 3749 placido
1754 3683 1986 3752 quodam

413 3776 568 3836 portu
597 3766 808 3836 quietus
854 3767 1070 3832 sedens,
1119 3783 1292 3838 neque
1333 3770 1759 3826 olnuurtnuravit
1786 3791 1799 3828 :
1829 3783 1992 3844 atque

411 3859 525 3913 hrcc
553 3867 678 3913 ante
701 3858 884 3928 gratia:
915 3869 1145 3928 tempus,
1168 3868 1454 3930 antequam
1483 3861 1551 3916 de
1573 3865 1986 3931 resurrectione,

413 3951 481 4005 de
499 3949 766 4021 geltcnna,
795 3949 861 4004 de
883 3965 1059 4020 paena,
1089 3950 1156 4005 de
1180 3951 1443 4020 supplicio
1469 3951 1756 4022 quidquam
1787 3953 1988 4009 dictum

408 4049 570 4095 esset.
591 4039 698 4094 Nos
721 4055 867 4106 vero,
892 4040 982 4110 qui
1009 4048 1063 4094 et
1089 4040 1374 4110 prepbetas
1398 4049 1453 4097 et
1471 4042 1743 4111 apostolos
1767 4053 1820 4098 et
1840 4060 1993 4099 evan-

408 4134 626 4202 gelistas
672 4133 918 4188 audimus
946 4173 960 4197 ,
1001 4143 1058 4188 et
1111 4143 1361 4188 sexcenta
1413 4137 1684 4188 cernimus
1724 4137 1990 4204 exempla,

411 4233 569 4293 atque
599 4239 661 4278 ea
689 4265 703 4289 ,
737 4239 858 4294 quae
884 4227 1338 4280 resurrectionem
1366 4225 1524 4279 nobis
1549 4225 1884 4293 exploratam
1913 4227 1993 4280 fa-

409 4315 896 4381 citutt,didit-.imus,
923 4317 1096 4371 adhuc
1119 4333 1259 4388 aegre
1281 4317 1500 4372 ferimus
1532 4335 1545 4371 :
1569 4319 1810 4387 quamvis
1835 4335 1992 4374 nemo

409 4409 500 4475 sit,
532 4409 621 4479 qui
651 4418 726 4464 tot
753 4423 815 4465 ac
843 4418 986 4464 tanta
1017 4411 1118 4464 sibi
1148 4411 1285 4464 tuala
1311 4411 1573 4467 accidisse
1602 4421 1763 4480 queat
1786 4411 1986 4466 dicere.

411 4499 543 4555 Nam
571 4500 782 4555 tametsi
812 4501 930 4568 quis
956 4502 1212 4570 pecunias
1239 4503 1438 4568 amisit,
1470 4511 1526 4556 at
1571 4517 1679 4556 non
1725 4512 1804 4556 tot
1855 4503 1993 4557 filios

412 4589 686 4659 filiasque;
715 4603 778 4642 ac
806 4589 849 4642 si
881 4590 1079 4656 amisit,
1109 4590 1332 4646 fortasse
1357 4592 1499 4661 quod
1534 4595 1832 4661 peccaverit
1859 4611 1871 4646 :
1906 4595 1993 4648 ille

410 4694 542 4735 vero
572 4689 793 4747 repente
831 4678 883 4732 in
912 4679 1102 4732 mediis
1126 4680 1422 4745 sacriﬁciis,
1448 4681 1540 4736 illo
1571 4682 1687 4751 ipso
1720 4694 1981 4752 tempore,

411 4772 540 4826 dum
567 4771 865 4826 deserviret
895 4780 946 4826 et
975 4772 1176 4826 cultum
1209 4772 1467 4827 tribueret
1495 4774 1626 4828 Deo.
1657 4774 1807 4840 Quod
1854 4775 1897 4828 si
1930 4777 1990 4827 ti-

414 4864 537 4929 lios,
567 4879 632 4919 ac
660 4863 874 4919 divitias
918 4864 1074 4918 simul
1103 4872 1274 4917 tantas
1295 4903 1310 4927 ,
1341 4863 1481 4932 quod
1514 4864 1597 4918 vix
1629 4865 1745 4920 fieri
1778 4875 1986 4934 potest;

412 4965 462 5007 at
493 4971 597 5010 non
623 4970 719 5024 per
762 4965 931 5009 totum
962 4968 1158 5023 corpus
1184 4953 1453 5008 ulceribus
1478 4963 1648 5009 scatet
1677 4969 1741 5009 ac
1784 4956 1988 5010 saniem

413 5044 655 5099 clinodit.
683 5045 835 5111 Quod
857 5047 898 5099 si
924 5045 1025 5100 hoc
1050 5058 1262 5114 quoque
1287 5086 1301 5110 ,
1329 5053 1384 5096 at
1411 5059 1517 5097 non
1546 5043 1864 5099 insultantes
1893 5061 1991 5098 na-

415 5144 533 5187 t-tus
555 5145 636 5188 cst
660 5148 818 5206 atque
856 5139 1242 5206 exprobrantes
1275 5153 1288 5190 :
1319 5136 1460 5205 quod
1489 5137 1704 5206 quidem
1751 5139 1987 5192 omnium

415 5225 645 5278 maxime
671 5243 766 5281 nos
797 5245 1031 5298 pungere
1075 5231 1373 5295 consuevit,
1419 5231 1693 5300 magisque
1716 5245 1874 5299 quam
1905 5247 1992 5286 ea-

417 5313 684 5369 larnitates
730 5317 878 5385 ipsae.
911 5319 1143 5383 Etenim,
1192 5320 1238 5374 si
1267 5320 1354 5374 ubi
1401 5321 1453 5374 in
1499 5321 1654 5375 malis
1682 5319 1876 5375 adsunt
1902 5323 1989 5391 qui

416 5421 516 5461 nos
541 5407 883 5464 consolentur
907 5425 970 5466 ac
1010 5411 1248 5467 dolorem
1279 5412 1500 5476 leniant,
1535 5412 1808 5482 bonasque
1837 5411 1990 5467 nobis

411 5514 535 5566 spes
564 5499 817 5568 injiciant,
853 5509 1028 5556 tamen
1057 5502 1192 5557 adeo
1231 5503 1524 5573 frangimur
1561 5511 1724 5571 atque
1751 5503 1986 5557 animum

413 5585 808 5657 despondemns
834 5608 846 5645 :
876 5592 1047 5662 cogita
1075 5603 1330 5662 quantum
1384 5593 1513 5649 illud
1560 5593 1755 5662 fuerit,
1790 5610 1986 5667 expro-

1085 197 1142 252 S.
1181 189 1457 248 J0.\NNiS
1492 181 1969 242 (IllRYSOSTOMl
2011 179 2329 235 ARClllEl’.
2357 179 2887 236 CONS'I'ANTINOP.

3548 185 3656 241 ΞΗ

2071 290 2289 348 brantes
2315 292 2530 350 habere.
2555 295 2612 352 Si
2645 296 2798 362 illud,
2829 297 3066 352 Sustinui
3091 295 3178 365 qui
3205 295 3364 352 simul
3388 298 3655 352 contrista-

2066 393 2224 451 retur,
2253 395 2299 440 et
2343 403 2442 441 non
2469 390 2602 459 fuit;
2651 399 2696 443 et
2729 390 2818 460 qui
2857 389 3223 454 consolaretur,
3255 401 3303 444 et
3342 407 3443 444 non
3493 391 3660 445 iuueni

2068 473 2242 544 (Psal.
2275 477 2364 531 68.
2393 477 2508 549 2i),
2542 495 2707 548 grave
2736 490 2896 550 atque
2921 480 3259 536 intolerabile
3288 492 3405 536 erat
3443 499 3456 537 :
3484 497 3656 551 quan-

2069 578 2179 621 ttnn
2210 569 2425 625 tandem
2458 573 2580 626 ntali
2619 574 2720 627 erit
2752 588 2849 642 pro
2887 574 3293 628 consolantibus
3336 573 3575 629 incidere
3603 575 3656 629 in

2069 661 2456 727 exprobrantes
2484 681 2498 718 :
2530 661 2903 730 Consolatores,
2944 664 3136 735 inquit,
3187 665 3440 720 malorum
3485 683 3658 723 omnes

2071 749 2213 821 (Job.
2244 751 2329 806 16.
2355 750 2433 824 2).

2141 841 2195 896 4.
2227 841 2281 896 Si
2320 843 2434 898 lucc
2462 844 2674 901 assidue
2700 861 3054 912 versaremus,
3081 847 3126 904 si
3157 848 3268 904 haec
3298 863 3543 906 essemus
3566 866 3658 904 ra-

2072 931 2337 997 tiocinati,
2379 935 2524 988 nulla
2569 950 2700 991 sane
2746 939 3085 1006 ρι-εεειιιιιὶυηι
3129 955 3307 994 rerum
3346 941 3535 996 dolore
3563 956 3660 995 nos

2073 1021 2369 1088 all'ecisset,
2399 1026 2452 1078 in
2484 1025 2633 1080 illum
2665 1028 2934 1084 intuentes
2960 1029 3249 1098 athletam,
3280 1032 3331 1085 in
3362 1032 3660 1088 adamanti-

2075 1130 2196 1168 nam
2227 1115 2372 1169 illam
2398 1117 2662 1182 animant,
2691 1120 2742 1172 in
2771 1131 3004 1174 mentem
3049 1122 3194 1176 illam
3231 1138 3437 1178 aeneam
3461 1132 3518 1178 et
3540 1139 3659 1194 qum

2075 1204 2241 1276 frangi
2286 1223 2390 1262 non
2423 1219 2602 1276 posset
2631 1227 2645 1264 :
2680 1211 2899 1280 perinde
2925 1214 3075 1282 quasi
3103 1230 3282 1281 azreo,
3323 1215 3406 1270 vel
3451 1215 3661 1286 lapideo

2075 1311 2300 1366 corpore
2323 1299 2684 1355 circumdatus
2703 1311 2867 1369 esset,
2896 1303 2966 1358 ita
2993 1305 3168 1358 omnia
3192 1320 3456 1376 generose
3480 1323 3544 1362 ac
3572 1324 3663 1378 pa-

2077 1389 2272 1444 tienter
2293 1389 2516 1446 ferebat.
2543 1392 2666 1448 [huc
2687 1396 3004 1465 cogitantes,
3027 1397 3206 1452 omnia
3230 1398 3348 1453 sine
3371 1415 3663 1456 murmura-

2079 1478 2311 1535 tionibus
2337 1491 2498 1552 atque
2532 1483 2868 1541 hazsitatione
2911 1486 3187 1542 faciamus.
3229 1489 3361 1542 Boni
3390 1489 3660 1560 quidpiam

2077 1567 2239 1636 facis,
2280 1585 2343 1624 ac
2377 1575 2714 1628 murmttras?
2751 1577 2886 1630 cur?
2925 1593 3051 1631 num
3095 1577 3235 1633 forte
3272 1579 3522 1650 imposita
3570 1581 3662 1636 tibi
3736 1589 3743 1593 ”

2080 1661 2369 1716 necessitas
2399 1665 2522 1718 est?
2561 1665 2713 1730 Novi,
2744 1667 2938 1736 inquit,
2967 1670 3184 1732 multos.
3214 1671 3304 1740 qui
3335 1671 3536 1726 circum
3569 1687 3665 1727 vos

2079 1763 2223 1818 sunt,
2257 1769 2350 1806 vos
2377 1771 2512 1823 pene
2538 1771 2731 1825 cogere
2762 1769 2814 1812 ut
2845 1761 3190 1814 murmttretis
3216 1761 3345 1830 (hoc
3371 1765 3514 1816 enim
3543 1764 3670 1818 sub-

2081 1844 2278 1900 indicat
2303 1847 2407 1902 illis
2433 1849 2629 1914 verbis,
2655 1849 2722 1903 lu
2749 1851 2916 1906 medio
2945 1853 3164 1906 nationis
3192 1870 3363 1922 praete
3390 1866 3436 1909 et
3462 1871 3666 1922 perver-

2081 1937 2174 2004 saz)
2201 1953 2212 1989 :
2241 1945 2296 1990 at
2317 1937 2417 1992 hoc
2443 1938 2656 1994 demum
2684 1939 2999 1997 admirabile
3029 1953 3130 2004 est,
3156 1959 3329 2013 neque
3354 1944 3517 1999 etiam
3544 1961 3666 2000 cum

2085 2028 2334 2097 pungaris
2359 2040 2518 2099 atque
2548 2031 2840 2101 impellaris
2857 2073 2875 2098 ,
2899 2047 2966 2088 eo
2991 2033 3210 2089 adduci.
3248 2034 3384 2090 Nam
3410 2044 3465 2090 et
3494 2037 3667 2089 sidera

2084 2121 2136 2176 in
2165 2133 2320 2177 nocte
2347 2121 2567 2193 fulgent,
2597 2124 2650 2177 in
2679 2124 2916 2180 tenebris
2941 2126 3208 2191 emit-ant;
3235 2135 3548 2197 tantumque
3573 2127 3672 2183 abo

2084 2222 2202 2277 est,
2227 2222 2285 2267 ut
2308 2214 2463 2268 ullam
2491 2214 2898 2283 pulchritudinis
2923 2231 3035 2270 suae
3070 2217 3333 2284 jacturatn
3361 2218 3588 2281 faciant,
3614 2227 3673 2273 ut

2084 2303 2445 2371 splendidiora
2468 2305 2626 2360 etiatn
2649 2315 2974 2376 appareant:
2995 2306 3081 2361 ubi
3100 2308 3242 2362 enim
3265 2307 3350 2362 lux
3371 2309 3669 2376 advenerit,

2087 2411 2194 2449 non
2231 2411 2384 2466 atque
2427 2406 2707 2466 apparent.
2747 2396 2821 2452 Ita
2861 2397 3020 2452 etiam
3047 2407 3122 2462 tu,
3147 2398 3193 2452 si
3220 2399 3362 2454 inter
3387 2415 3672 2468 perversos

2088 2488 2332 2544 homines
2375 2498 2552 2545 rectus
2595 2491 2883 2555 manseris,
2923 2490 3127 2545 lucebis
3167 2491 3368 2561 magis,
3408 2491 3673 2562 longeque

2086 2581 2453 2634 admirabilius
2493 2583 2595 2636 erit
2639 2583 2754 2637 sine
2797 2581 3212 2650 reprehensione
3251 2597 3392 2637 esse.
3437 2582 3577 2652 Ergo
3605 2599 3675 2638 ne

2089 2672 2189 2725 hoc
2213 2671 2459 2736 aderant,
2493 2687 2763 2742 ecettpaus
2798 2673 2910 2741 ipse
2944 2672 2995 2726 id
3022 2672 3220 2726 attulit.
3243 2672 3380 2740 Quid
3403 2682 3509 2738 est,
3547 2672 3674 2727 Ver-

2087 2763 2203 2816 bum
2244 2764 2359 2817 vita:
2403 2763 2752 2816 continentes?
2795 2762 2849 2816 ld
2883 2774 2991 2828 est,
3029 2764 3118 2834 qui
3156 2763 3223 2818 ad
3263 2763 3424 2818 vitam
3463 2764 3677 2819 venturi

2088 2857 2238 2917 estis.
2267 2856 2356 2926 qtti
2385 2871 2449 2909 ex
2477 2869 2699 2909 numero
2723 2871 2908 2909 eorum
2935 2855 3085 2920 estis,
3113 2854 3202 2924 qui
3228 2854 3454 2909 salutem
3477 2869 3679 2910 conse-

2089 2962 2342 3019 quuntur.
2386 2948 2521 3002 Vide
2568 2963 2726 3016 quam
2772 2951 3026 3001 continuo
3065 2947 3352 3016 subject-rit
3397 2947 3618 3017 praemia
3663 2967 3677 3001 :

2090 3041 2416 3104 Luminaria,
2448 3040 2637 3108 inquit,
2668 3039 2930 3094 rationem
2959 3054 3020 3092 ac
3049 3040 3348 3093 facultatem
3388 3039 3521 3092 lucis
3547 3056 3684 3092 cou-

2092 3132 2282 3186 tinent.
2310 3130 2444 3196 Quid
2483 3139 2585 3196 est,
2627 3129 2838 3183 Verbum
2867 3130 3022 3183 vitae?
3051 3129 3246 3184 Semen
3286 3130 3406 3182 vitae
3444 3128 3494 3181 in
3527 3128 3686 3183 vobis

2093 3223 2328 3287 habetis,
2377 3222 2478 3275 hoc
2520 3231 2631 3286 est,
2661 3221 2880 3291 pignora
2918 3229 2976 3275 et
3008 3235 3194 3275 semen
3224 3222 3346 3274 vitat
3379 3220 3681 3274 habentes:

2092 3315 2195 3371 hoc
2223 3324 2376 3370 vocat
2413 3317 2632 3371 verbum
2669 3316 2809 3370 vine.
2841 3317 2979 3384 Ergo
3007 3316 3187 3370 carteri
3212 3328 3401 3368 omnes
3438 3315 3637 3367 mortui
3667 3328 3686 3368 :

2095 3409 2148 3464 id
2171 3412 2312 3465 enim
2337 3409 2656 3464 verbis-istis
2681 3410 2934 3464 iudicavit
2962 3427 2978 3461 :
3003 3409 3242 3476 alioquin
3265 3417 3317 3462 et
3342 3407 3436 3462 alii
3455 3409 3686 3462 verbum

2093 3501 2214 3555 vita:
2249 3501 2658 3555 continuissent.
2699 3500 2779 3553 Ad
2814 3499 3058 3570 gloriam,
3091 3499 3293 3568 inquit,
3327 3515 3508 3552 meam.
3541 3496 3690 3564 Quid

2094 3591 2198 3647 hoc
2221 3601 2302 3646 est
2323 3592 2346 3642 ?
2371 3591 2438 3645 Et
2461 3607 2581 3661 ego,
2606 3591 2796 3659 inquit,
2825 3591 3087 3659 particeps
3115 3605 3233 3644 sum
3257 3600 3558 3644 vestrorum
3585 3589 3692 3643 bo-

2095 3698 2308 3737 norum.
2332 3682 2498 3737 Tanta
2520 3691 2604 3736 est
2629 3690 2800 3736 vestra
2831 3681 3020 3746 virtus,
3045 3691 3096 3734 ut
3122 3695 3226 3734 non
3253 3680 3427 3734 solum
3453 3681 3696 3734 salutem

2096 3772 2184 3828 det
2211 3772 2363 3826 vobis
2386 3814 2401 3838 ,
2431 3771 2524 3826 scd
2555 3786 2639 3825 me
2666 3772 2824 3826 etiam
2849 3768 3050 3825 clarum
3080 3768 3257 3826 faciat.
3285 3770 3545 3837 Quienam
3573 3770 3699 3840 glo-

2097 3865 2194 3928 ria,
2221 3879 2254 3918 ο
2281 3864 2432 3919 beate
2457 3864 2660 3918 Paule?
2692 3863 2936 3933 Flagellis
2962 3863 3206 3930 ctederis,
3225 3863 3539 3932 expelleris,
3558 3879 3701 3918 con-

2099 3955 2330 4009 tumeliis
2363 3953 2591 4008 afficeris
2630 3963 2810 4007 nostra
2838 3968 2996 4008 causa
3027 3971 3041 4006 :
3073 3963 3352 4023 prapterea
3379 3953 3551 4023 inquit
3572 3995 3590 4021 ,
3628 3954 3702 4008 In

2098 4045 2230 4097 diem
2261 4044 2468 4109 Christi,
2495 4045 2615 4114 quia
2645 4061 2744 4097 non
2776 4046 2826 4098 iu
2857 4060 3068 4097 vacuum
3088 4044 3308 4107 cucurri,
3333 4061 3492 4113 neque
3522 4046 3578 4099 in
3618 4061 3705 4099 va-

2097 4153 2247 4188 cuant
2287 4137 2552 4199 laboravi;
2578 4135 2672 4190 sed
2702 4151 2915 4204 semper
2943 4146 3026 4190 est
3054 4134 3194 4190 unde
3234 4135 3432 4204 glorier
3463 4151 3555 4192 me
3587 4153 3706 4192 non

2100 4230 2292 4284 frustra
2325 4229 2644 4284 cucurrisse.
2676 4229 2760 4282 l7.
2789 4227 2894 4283 Sed
2939 4228 3033 4282 etsi
3082 4228 3335 4282 iuonolor.
3365 4227 3480 4282 Non
3510 4227 3663 4282 dixit
3688 4269 3705 4293 ,

2099 4321 2258 4376 etiam
2282 4319 2328 4375 si
2350 4320 2546 4374 moriar
2567 4339 2578 4375 :
2599 4319 3044 4389 quemadmodum
3063 4334 3235 4389 tteque
3253 4318 3318 4372 ad
3340 4317 3710 4374 Timotheum

2097 4412 2374 4477 scribens;
2408 4427 2529 4464 nant
2559 4423 2608 4466 et
2642 4410 2711 4465 ibi
2746 4410 2931 4465 eadem
2957 4410 3106 4472 dicit,
3135 4410 3248 4480 Ego
3274 4409 3406 4462 enim
3435 4411 3560 4479 jam
3596 4412 3711 4462 im—

2099 4505 2260 4558 ntolor
2289 4502 2363 4576 (‘2.
2399 4503 2528 4556 Tim.
2561 4503 2614 4557 4.
2645 4502 2734 4571 6);
2771 4504 2961 4570 partim
3006 4502 3289 4558 consolans
3332 4501 3454 4555 illos
3491 4503 3566 4556 de
3603 4518 3712 4557 sua

2099 4596 2264 4666 ipsius
2288 4606 2478 4656 morte,
2506 4596 2694 4662 partim
2725 4595 3004 4646 iltSlllttt‘lts
3026 4603 3081 4646 ut
3103 4601 3328 4647 mortem
3351 4607 3449 4662 pro
3472 4592 3717 4647 Christo

2099 4686 2373 4740 moderate
2418 4685 2606 4739 fer..nt.
2641 4684 2860 4737 Victima
2882 4725 2896 4746 ,
2927 4685 3124 4752 inquit,
3155 4683 3397 4754 qttwdatn
3426 4692 3482 4738 et
3513 4683 3720 4741 hostia

2097 4777 2286 4831 evado.
2315 4776 2359 4831 Ο
2388 4777 2592 4831 beatam
2631 4776 2898 4829 animam!
2933 4776 3168 4829 llostiatn
3199 4785 3353 4828 vocat
3395 4774 3723 4830 institutio-

2100 4883 2220 4922 nem
2263 4869 2489 4922 illorunt.
2525 4865 2688 4919 Multo
2732 4865 2896 4918 satius
2929 4864 3202 4918 immolare
3235 4863 3494 4927 animam,
3530 4880 3723 4934 qttam

2103 4959 2290 5013 bovem
2323 4957 2620 5012 immolare.
2653 4956 2988 5025 Quapropter
3015 4955 3058 5009 si
3097 4955 3147 5008 in
3178 4954 3280 5008 hoc
3306 4953 3587 5009 sacrificio
3624 4972 3728 5012 me

2101 5050 2270 5118 ipsum
2315 5046 2617 5110 tradidero,
2662 5045 2863 5116 inquit,
2903 5045 3054 5115 quasi
3093 5044 3397 5107 victimam;
3442 5045 3724 5113 gaudeo,

2099 5142 2306 5210 inquit,
2335 5138 2402 5194 de
2445 5153 2562 5193 mea
2605 5145 2777 5192 morte
2807 5154 2820 5190 :
2848 5135 2951 5190 hoc
2979 5136 3121 5191 cnim
3155 5136 3254 5190 ista
3285 5135 3444 5191 verba
3484 5135 3736 5207 signiti-

2098 5241 2242 5296 cant,
2274 5230 2447 5299 Supra
2468 5230 2774 5298 sacriﬁcium
2798 5238 2843 5282 et
2868 5228 3155 5297 obsequium
3176 5227 3294 5296 ﬁdei
3325 5235 3531 5287 vestrm,
3564 5247 3732 5297 gau-

2098 5322 2190 5374 deo
2211 5330 2258 5374 et
2283 5322 2605 5390 congratulor
2634 5317 2863 5372 omnibus
2887 5317 3022 5372 vobis
3047 5333 3066 5371 :
3098 5318 3182 5372 18.
3201 5318 3423 5386 idipsum
3443 5327 3644 5372 autem
3679 5330 3737 5374 et

2099 5428 2184 5466 vos
2227 5412 2440 5482 gaudete
2481 5419 2527 5464 et
2571 5409 2990 5479 congratulamitti
3038 5408 3182 5462 nti/ti.
3213 5405 3350 5474 Quid
3391 5419 3734 5475 mirga-am-

2097 5505 2266 5560 laris?
2291 5503 2448 5559 Vides
2475 5503 2745 5574 quomodo
2769 5503 3014 5558 ostendat
3038 5499 3374 5572 gaudendum
3397 5497 3512 5551 illis
3538 5513 3690 5558 esse
3708 5503 3738 5559 τ

2099 5595 2316 5652 Gaudeo
2345 5597 2521 5667 igitur,
2555 5595 2744 5665 inquit,
2775 5609 2860 5650 me
2891 5593 3118 5648 libamen
3154 5588 3266 5644 fieri
3290 5604 3306 5656 ;
3336 5591 3743 5656 congratulor
