4030 6204
287 502 290 505 ’
392 503 564 551 autem
585 489 728 562 quod
755 487 912 545 simul
939 476 1257 547 sacrificium
1279 480 1521 536 oll‘eram.
1546 477 1782 547 Idipsum
1803 483 1968 528 autem

393 598 440 644 st
474 601 562 647 vos
602 583 814 656 gaudete
847 591 895 637 et
935 575 1359 649 congratulamini
1386 573 1544 638 mihi,
1580 570 1722 642 quod
1759 569 1972 625 oblatus

394 700 530 742 sum.
550 678 1022 752 Congratnlamini,
1044 676 1235 744 inquit,
1253 672 1382 730 mihi
1405 672 1456 725 in
1475 684 1592 726 mea
1615 668 1781 748 ipsius
1802 676 1973 722 morte

396 755 671 848 gaudenti.
710 771 825 826 Non
865 769 1026 840 igitur
1068 766 1318 838 laerymis
1356 763 1548 836 dignus
1585 769 1668 822 est
1705 761 1971 831 justorum

396 867 588 926 obitus.
617 862 709 919 sed
738 861 941 918 laetitia.
970 858 1026 914 Si
1065 857 1168 928 ipsi
1207 853 1457 926 gaudent,
1489 850 1825 931 gaudendum
1851 863 1972 905 cum

399 959 522 1029 ipsis
547 965 628 1011 est
657 972 670 1009 :
697 953 989 1010 absurdum
1017 952 1158 1017 enim
1186 948 1344 1008 fuerit
1369 947 1720 1018 gaudentibus
1749 945 1852 999 illis
1875 957 1975 998 nos

395 1051 588 1120 lugere.
619 1046 726 1106 Sed
755 1045 1200 1108 consuetudinem
1229 1041 1571 1110 requirimus,
1600 1037 1789 1108 inquit.
1817 1035 1980 1092 Come

393 1152 566 1199 menta
599 1138 785 1198 isthmc
809 1145 935 1199 sunt
974 1145 1028 1191 ct
1066 1143 1356 1207 praetextas
1387 1155 1402 1186 :
1435 1131 1559 1186 vide
1579 1172 1594 1202 ,
1623 1129 1748 1201 quid
1781 1130 1978 1186 Paulus

391 1234 676 1295 admoneat
724 1231 1094 1302 Philippenses
1115 1271 1132 1302 ,
1183 1226 1412 1290 Gaudete
1455 1235 1503 1280 et
1550 1222 1978 1296 congratulamini

390 1326 554 1391 inihi,-
580 1335 636 1380 et
662 1333 722 1382 tu
751 1321 1190 1392 consuetudinem
1231 1320 1495 1391 requiris?
1533 1318 1588 1374 Si
1630 1318 1726 1374 tibi
1761 1317 1978 1388 quidem

395 1420 495 1487 ipsi
523 1419 613 1473 hic
637 1416 960 1484 manendum
992 1416 1092 1482 sit,
1122 1424 1264 1481 recte
1291 1413 1461 1480 dicis;
1493 1411 1574 1467 sin
1614 1421 1792 1466 autem
1823 1412 1980 1478 paulo

393 1517 516 1581 post
541 1509 610 1564 ad
639 1509 786 1570 illum
809 1509 898 1577 qui
928 1507 1056 1576 abiit
1089 1516 1438 1577 perventurus
1461 1522 1540 1574 es,
1565 1522 1726 1578 quam
1753 1507 1982 1579 requiris

393 1599 887 1664 consuetudinem?
914 1597 1007 1654 Ille
1031 1598 1174 1654 enim
1203 1599 1393 1653 merito
1425 1598 1866 1665 consuetudinem
1896 1615 1982 1654 re-

392 1692 596 1761 quirat,
626 1691 717 1761 qui
744 1691 812 1746 ah
838 1691 1018 1762 aliquo
1049 1691 1100 1757 in
1134 1700 1445 1761 perpetuum
1472 1692 1782 1757 divellitur;
1811 1692 1904 1747 sed
1935 1691 1982 1748 si

394 1781 538 1835 idem
567 1781 657 1835 tibi
684 1780 789 1844 iter
811 1780 1200 1846 conﬁciendum
1227 1792 1330 1848 est,
1359 1797 1519 1853 quam
1541 1783 1981 1840 consuetudinem

392 1875 666 1946 requiris"!
688 1876 815 1942 Eos,
841 1876 932 1947 qni
960 1890 1180 1946 peregre
1209 1877 1420 1939 absunt,
1447 1891 1548 1937 cur
1572 1891 1678 1938 non
1709 1876 1986 1945 lugemus?

393 1981 578 2020 nonne
604 1967 788 2035 paucis
813 1967 1028 2022 emissis
1050 1968 1320 2039 lacrymis,
1352 1968 1632 2030 confestim
1666 1977 1789 2040 post
1819 1984 1984 2023 unum

390 2064 487 2110 ant
507 2057 738 2112 alterum
763 2057 904 2124 diem
931 2073 960 2124 a
988 2057 1115 2113 ﬂetu
1139 2058 1449 2124 cessamus?
1473 2059 1527 2115 Si
1549 2060 1985 2119 consuetudinem

393 2147 652 2214 requiris,
682 2155 886 2207 tantum
914 2147 1192 2216 dumtaxat
1215 2147 1359 2214 ﬂeto,
1393 2158 1648 2219 quantum
1671 2150 1798 2205 satis
1827 2151 1898 2207 sit
1919 2147 1988 2210 ad

390 2235 818 2309 ostendendum,
848 2246 901 2291 te
933 2248 1121 2304 natura
1150 2238 1422 2306 hominem
1452 2254 1572 2296 esse
1601 2257 1614 2294 :
1643 2240 1836 2305 deinde
1863 2256 1990 2307 vero

392 2324 600 2395 gaude,
629 2325 1077 2396 quemadmodum
1104 2327 1322 2398 Paulus,
1351 2329 1441 2399 qui
1467 2329 1539 2394 ita
1565 2329 1778 2387 dicebat
1803 2347 1817 2384 :
1847 2330 1990 2398 Nihil

1275 2463 1602 2476 _——_

1265 363 1329 420 ibi
1373 363 1581 420 EPIST.
1625 360 1716 416 AD
1754 353 2038 415 PHILIPP.
2079 353 2230 409 CAP.
2275 351 2334 406 ll.
2377 350 2605 407 ιὶΟΜΠ..
2652 349 2740 404 lX.

3561 350 3665 404 ξω

2077 467 2208 523 mihi
2238 466 2448 522 molesti
2474 465 2704 530 accidit,
2738 462 2833 528 sed
2869 466 3027 518 etiam
3066 462 3274 533 gaudeo
3300 463 3365 517 ad
3394 464 3662 531 Christum

2077 559 2296 624 abiens,
2331 556 2396 612 Et
2433 573 2520 612 vos
2544 557 2792 628 gaudete,
2823 554 2992 626 inquit
3013 596 3026 621 ,
3055 553 3483 626 eongratulamini
3517 555 3662 608 mihi.

2076 649 2415 705 Gaudeamus
2442 647 2602 718 igitur
2621 656 2676 701 et
2702 661 2802 700 nos
2827 660 2946 700 cum
2964 629 3164 716 justum
3193 644 3482 699 viderimus
3503 644 3665 699 inter-

2080 739 2227 807 iissc,
2251 739 2333 793 vel
2361 737 2537 808 potius
2560 737 2775 807 quando
2798 736 3028 807 aliquem
3055 736 3216 791 etiam
3241 750 3307 791 ex
3334 735 3666 806 desperatis:

2080 847 2200 886 nam
2224 832 2313 887 illc
2337 830 2550 897 quidem
2575 829 2819 898 discedit,
2850 831 3092 890 laborum
3119 845 3336 884 suorum
3363 829 3664 885 mercedem

2078 931 2431 993 accepturus;
2463 921 2548 976 hic
2577 937 2707 974 vero
2739 921 3012 992 quidpiam
3049 920 3117 976 de
3161 929 3500 993 peccatorum
3538 937 3670 978 suo-

2080 1029 2199 1068 rum
2239 1027 2463 1068 numero
2500 1013 2752 1067 detraxit.
2793 1011 2902 1068 Sed
2944 1014 3173 1069 fortasse
3197 1053 3211 1078 ,
3244 1012 3448 1083 inquit,
3485 1012 3673 1068 vivens

2081 1106 2242 1164 vitam
2286 1114 2544 1161 mutasset
2572 1121 2745 1160 suam.
2775 1105 2844 1160 At
2870 1120 2975 1170 non
3022 1105 3167 1159 illum
3199 1106 3464 1175 rapuisset
3494 1105 3633 1164 Deus
3653 1145 3670 1169 ,

2081 1197 2125 1254 si
2154 1197 2316 1251 vitam
2344 1196 2434 1252 ille
2461 1205 2760 1251 mutaturus
2786 1195 2992 1251 fuisset.
3020 1195 3228 1251 Etenim
3255 1194 3342 1272 qui
3372 1196 3550 1250 omnia
3575 1211 3674 1266 pro

2083 1289 2254 1357 salute
2282 1298 2462 1344 nostra
2492 1289 2618 1344 facit
2645 1304 2708 1344 ac
2737 1287 3011 1359 disponit,
3042 1303 3138 1343 cur
3167 1302 3272 1342 non
3307 1303 3428 1342 eum
3457 1288 3673 1348 sivisset

2084 1381 2264 1436 vivere
2289 1380 2379 1450 qui
2407 1379 2696 1451 aliquando
2727 1381 2846 1434 talis
2875 1379 3082 1434 futurus
3120 1387 3282 1443 esset,
3314 1388 3372 1432 ut
3401 1378 3678 1448 placeret?

2085 1473 2131 1527 si
2169 1471 2300 1537 sinit
2327 1485 2419 1532 eos
2448 1471 2538 1541 qui
2582 1486 2690 1526 non
2735 1478 3153 1536 convertuntur,
3188 1468 3356 1523 multo
3387 1469 3555 1540 magis
3581 1483 3676 1524 eos

2086 1562 2175 1633 qni
2202 1572 2610 1620 convertuntur.
2641 1562 2890 1634 Undique
2930 1563 3092 1634 igitur
3120 1563 3274 1618 ﬂetus
3305 1563 3458 1618 nobis
3485 1578 3676 1633 ampu-

2088 1661 2230 1708 tatus
2255 1653 2344 1720 sit,
2376 1654 2608 1724 undique
2637 1653 2866 1709 lamenta
2894 1654 3102 1709 sublata
3131 1671 3147 1711 :
3174 1669 3525 1725 quascumque
3553 1669 3678 1710 eve-

2088 1747 2272 1814 niant,
2302 1746 2371 1816 de
2405 1748 2656 1802 omnibus
2697 1729 2895 1816 gratias
2921 1762 3144 1818 agamus
3176 1747 3286 1803 Deo
3305 1788 3319 1811 ,
3350 1747 3531 1802 omnia
3561 1747 3678 1800 sine

2089 1838 2598 1894 murmurationibus
2640 1837 2897 1892 faciamus
2927 1856 2940 1889 :
2973 1838 3215 1892 lattemur
3249 1855 3261 1891 :
3290 1848 3448 1908 atque
3476 1838 3527 1891 in
3557 1852 3675 1890 ont-

2089 1930 2246 1984 nibns
2289 1928 2362 1983 illi
2414 1928 2750 1999 placeamus,
2781 1937 2839 1984 ut
2879 1929 3056 1984 futura
3101 1930 3260 1986 etiam
3289 1944 3681 2000 consequamur

2091 2017 2228 2072 bona
2254 2059 2270 2085 ,
2297 2018 2468 2088 gratia
2497 2028 2551 2072 et
2576 2020 2902 2090 benignitate
2932 2019 3142 2074 Domini
3175 2019 3343 2075 nostri
3373 2019 3501 2075 Iesu
3527 2017 3681 2074 Chri-

2091 2110 2157 2164 sti
2179 2151 2194 2173 ,
2221 2125 2342 2164 cum
2371 2125 2478 2180 quo
2504 2110 2683 2177 Patri,
2717 2111 2985 2181 simulque
3013 2121 3199 2165 sancto
3222 2109 3442 2183 Spiritui
3473 2109 3639 2180 gloria
3663 2151 3678 2170 .

2093 2209 2351 2272 potestas,
2382 2201 2576 2272 honor,
2605 2217 2748 2259 nunc
2772 2212 2828 2260 et
2854 2218 3088 2273 semper,
3119 2211 3173 2257 et
3201 2202 3254 2258 in
3280 2202 3476 2257 sazcula
3506 2216 3677 2260 sacu-

2096 2292 2290 2349 lorum.
2311 2295 2505 2352 Amen.

1755 2539 2098 2606 HOMILIA
2143 2545 2256 2606 1X.

383 2674 523 2731 Car.
550 2676 607 2732 2.
637 2691 689 2729 v.
713 2677 802 2733 l9.
826 2677 990 2747 Spero
1012 2687 1178 2736 autem
1205 2678 1258 2732 in
1284 2677 1503 2733 Domino
1521 2680 1646 2735 Jesu
1671 2680 1986 2739 Timotheum

462 2786 546 2823 me
576 2771 680 2823 cito
721 2770 915 2826 mittere
949 2771 1018 2831 ad
1054 2786 1140 2824 vos
1162 2812 1178 2838 ,
1211 2779 1268 2824 ut
1298 2781 1346 2824 et
1373 2787 1466 2841 ego
1494 2771 1623 2826 bono
1650 2773 1820 2828 animo
1851 2776 1986 2846 sim,

461 2861 689 2931 cognitis
718 2875 832 2931 quc
855 2860 992 2914 circa
1020 2875 1106 2915 vos
1147 2870 1284 2915 sunt.
1314 2861 1403 2915 20.
1435 2861 1704 2917 Neminent
1729 2866 1863 2918 enim
1903 2868 1992 2919 ha-

463 2953 556 3005 beo
585 2961 695 3004 tam
732 2951 1052 3015 unanimem,
1083 2952 1168 3020 qui
1202 2953 1397 3008 sincera
1434 2951 1700 3017 alfectione
1731 2972 1822 3024 pro
1850 2956 1988 3011 vobis

461 3042 723 3095 sollicitus
759 3045 963 3111 futurus
987 3043 1071 3097 sit.
1106 3041 1197 3096 2|.
1229 3041 1416 3098 Omnes
1443 3045 1575 3096 enim
1611 3061 1725 3116 qua:
1751 3062 1845 3098 sua
1872 3056 1988 3100 sunt

459 3144 726 3205 quarunt,
757 3151 857 3194 non
884 3150 995 3206 qua
1020 3143 1136 3189 sunt
1160 3134 1285 3190 Jesu
1315 3135 1521 3191 Christi.

467 3230 522 3283 l.
561 3228 712 3281 Dixit
739 3243 857 3296 qua:
896 3227 998 3283 sibi
1023 3238 1314 3286 evenerant
1339 3227 1406 3283 ad
1435 3229 1694 3300 evangelii
1737 3244 1988 3300 progres-

393 3334 515 3374 sum
544 3319 875 3376 conduxisse
893 3360 909 3384 ,
941 3318 1028 3373 Ita
1053 3329 1106 3372 ut
1136 3320 1333 3374 vincula
1371 3337 1481 3374 mea
1511 3322 1779 3392 manifesta
1817 3324 1993 3390 ﬁerent

393 3411 450 3463 in
490 3411 636 3465 omni
674 3410 912 3480 ρωποι-ἑο
951 3410 970 3480 (
998 3409 1230 3481 Philipp.
1264 3411 1314 3478 1.
1351 3413 1458 3480 15)
1489 3430 1500 3465 :
1528 3412 1698 3478 dixit,
1741 3411 1849 3467 Sed
1881 3415 1994 3467 etsi

398 3504 644 3559 immolor
686 3520 844 3573 supra
886 3504 1196 3571 sacrificium
1234 3513 1281 3557 et
1320 3505 1610 3575 obsequium
1635 3506 1756 3574 ﬁdei
1782 3515 1996 3570 vestrm;

401 3595 666 3665 ipsosque
687 3611 781 3665 per
802 3595 916 3656 haec
941 3595 1296 3650 conﬁrmavit.
1327 3596 1432 3664 Sed
1460 3596 1596 3657 forte
1623 3596 1880 3667 suspicari
1905 3611 2000 3664 po-

410 3673 598 3744 terant
623 3689 794 3756 priora
819 3687 918 3742 ista
943 3687 1326 3746 consolationis
1347 3703 1505 3741 causa
1537 3702 1656 3741 esse
1677 3687 1838 3741 dicta.
1863 3686 1999 3753 Quid

413 3777 584 3846 igitur
615 3778 735 3832 facit
755 3819 770 3843 ,
799 3789 854 3841 et
879 3779 1142 3848 quomodo
1171 3781 1528 3849 suspicionem
1567 3778 1796 3832 adimit?
1820 3778 2000 3834 Timo-

409 3867 632 3933 theum,
661 3868 846 3940 inquit,
875 3870 1024 3924 mitto
1051 3871 1115 3926 ad
1145 3887 1238 3926 vos
1267 3890 1282 3924 :
1313 3873 1541 3928 avebant
1568 3872 1710 3926 enim
1741 3871 1807 3926 de
1837 3871 2002 3925 Panlo

405 3961 601 4037 otnnia
633 3947 970 4032 cognoscere.
1003 3963 1107 4018 Cur
1144 3979 1271 4018 vero
1311 3978 1417 4018 non
1460 3963 1627 4028 dixit,
1660 3963 1730 4019 Ut
1761 3979 1875 4018 mea
1907 3978 2001 4016 co-

401 4053 720 4123 gnoscatis,
747 4052 844 4119 sed
864 4094 878 4117 ,
911 4051 976 4108 Ut
998 4069 1102 4124 ego
1129 4070 1448 4124 cognoscam
1489 4053 1705 4111 vestra?
1741 4055 2002 4121 Quoniam

401 4142 566 4198 Pauli
601 4158 686 4198 res
719 4143 1110 4214 Epaphroditus
1137 4155 1262 4201 ante
1301 4145 1637 4201 Timotheum
1665 4147 2004 4200 nuntiaturus

403 4245 528 4290 erat
562 4253 576 4289 :
611 4237 961 4307 quamobrem
1007 4237 1355 4307 progrediens
1399 4238 1610 4307 inquit,
1652 4235 2006 4292 Necessarium

400 4337 582 4381 autem
610 4327 893 4394 existimavi
935 4328 1343 4400 Epaphroditum
1372 4331 1579 4400 fratrem
1609 4333 1802 4383 mittere
1825 4331 1895 4382 ad
1919 4344 2005 4381 vos

403 4418 481 4491 (ρ.
511 4417 616 4490 25)
643 4437 657 4474 :
684 4417 790 4474 Sed
819 4429 1016 4486 vestra,
1046 4420 1237 4490 inquit,
1265 4434 1588 4489 cognoscere
1630 4421 1808 4489 cupio.
1847 4418 2007 4474 Veri-

404 4510 594 4565 simile
626 4509 771 4566 enim
803 4519 885 4564 est
911 4511 1002 4566 diu
1044 4511 1190 4565 illum
1235 4512 1494 4565 mansisse
1521 4511 1662 4584 apud
1692 4511 1912 4566 Paulum
1940 4510 2010 4565 ob

405 4602 664 4669 corporis
694 4600 1135 4664 imbecillitatem.
1166 4601 1522 4671 Quamobrem
1552 4591 1862 4656 necessario
1881 4643 1896 4669 ,
1930 4601 2011 4655 in-

403 4692 567 4763 quit,
608 4703 792 4747 vestra
837 4694 996 4764 cupio
1041 4709 1384 4764 cognoscere.
1440 4693 1570 4748 Vide
1607 4701 1824 4762 autem,
1852 4707 2012 4763 quam

401 4771 592 4840 omnia
626 4783 699 4840 ad
727 4783 995 4851 Christum
1027 4785 1255 4854 referat,
1288 4797 1342 4842 et
1379 4787 1546 4857 ipsam
1585 4802 1798 4856 quoque
1825 4786 2010 4841 Timo-

405 4876 519 4932 thei
552 4876 874 4946 missionem
896 4918 912 4943 ,
944 4878 1016 4932 ita
1043 4878 1228 4933 dicens
1248 4921 1261 4944 ,
1296 4878 1460 4949 Spero
1494 4887 1658 4931 autem
1695 4878 1748 4936 iu
1793 4877 2012 4932 Domino

401 4968 535 5023 ,πων
553 4984 579 5034 ;
609 4968 669 5036 id
712 4978 828 5035 est,
857 4970 1070 5024 conﬁdo
1099 4979 1157 5034 ut
1195 4970 1298 5025 hoc
1324 4971 1452 5040 mihi
1486 4971 1626 5026 Deus
1648 4969 1978 5045 gratiﬁcetur
1996 5009 2011 5036 ,

401 5059 577 5130 idque
609 5060 748 5115 mihi
777 5077 842 5116 ex
869 5063 1131 5133 sententia
1158 5063 1431 5119 succedat.
1464 5061 1531 5122 Ut
1556 5071 1600 5118 et
1627 5079 1719 5134 ego
1751 5061 1877 5116 bona
1901 5063 2016 5114 ani-

401 5169 490 5206 mo
519 5154 625 5206 sim
651 5194 668 5219 ,
697 5153 910 5224 cognitis
935 5171 1048 5224 quc
1071 5156 1208 5214 circa
1237 5172 1324 5209 vos
1355 5163 1492 5222 sunt.
1522 5153 2011 5223 Quemadmodum,

402 5242 594 5313 inquit
619 5284 637 5309 ,
673 5245 912 5299 recreavi
959 5260 1056 5300 vos
1102 5246 1228 5300 dum
1274 5262 1334 5300 ea
1378 5246 1656 5302 audivistis
1683 5261 1802 5315 qua:
1829 5245 1896 5301 de
1929 5260 2018 5302 me

398 5335 622 5406 precati
652 5334 805 5400 estis,
834 5336 1084 5392 nimirum
1111 5337 1442 5408 evangelium
1470 5351 1781 5407 progressus
1804 5335 2015 5404 fecisse,

404 5423 665 5486 dedecus
687 5424 739 5477 in
768 5426 889 5480 illos
917 5427 1172 5482 recidisse
1195 5470 1210 5494 ,
1240 5437 1294 5484 et
1320 5428 1458 5482 unde
1484 5426 1610 5481 mihi
1639 5440 1832 5483 nocere
1859 5433 2016 5496 puta-

403 5515 588 5581 bant,
637 5514 766 5570 inde
807 5515 1043 5572 laetitiam
1088 5505 1375 5573 attulisse:
1409 5519 1481 5572 ita
1525 5518 1681 5586 cupio
1727 5516 1792 5570 de
1839 5530 2016 5569 rerum

400 5619 730 5665 vestrarum
755 5616 896 5663 statu
916 5624 1262 5680 cognoscere,
1291 5610 1357 5666 Ut
1381 5621 1424 5665 et
1445 5627 1538 5681 ego
1562 5610 1690 5663 bono
1710 5608 1879 5668 animo
1900 5608 2015 5672 sint,

402 5698 644 5769 cognitis
663 5713 778 5766 qua
795 5700 930 5753 circa
954 5716 1041 5753 vos
1065 5712 1200 5755 sunt.
1227 5701 1318 5755 llis
1340 5701 1514 5756 verbis
1536 5697 1767 5755 ostendit
1783 5697 2019 5767 gaudere

407 5788 539 5846 ldos
569 5789 836 5846 debuisse
861 5791 928 5846 de
956 5792 1182 5846 vinculis
1203 5836 1217 5859 ,
1251 5809 1417 5863 eaque
1457 5794 1740 5860 subseqni;
1789 5793 2013 5844 multum

785 5891 1058 5959 Parant.
1106 5903 1222 5963 Gn.
1279 5905 1461 5964 [ΧΗ.

346 5973 407 5981 ι...

2095 2690 2239 2742 enim
2269 2688 2368 2758 ipsi
2403 2688 2685 2758 voluptatis
2712 2690 2958 2746 attulisse
2987 2707 3001 2744 :
3033 2705 3155 2745 nam
3205 2689 3358 2756 illud,
3386 2688 3456 2746 Ut
3499 2698 3545 2744 et
3590 2705 3681 2759 ego

2096 2782 2225 2835 bona
2253 2782 2424 2836 animo
2454 2782 2550 2836 sim
2571 2823 2584 2846 ,
2615 2781 2717 2839 hoc
2754 2783 3015 2855 signiﬁcat
3035 2826 3050 2849 ,
3078 2783 3526 2854 quemadmodum
3561 2797 3679 2838 vos.

2096 2872 2285 2944 Papae!
2326 2883 2525 2944 quanto
2558 2873 2918 2931 Macedoniam
2959 2889 3143 2930 amore
3182 2874 3676 2945 complectebatur!

2096 2963 2241 3018 Idem
2295 2979 2424 3018 vero
2465 2964 3036 3021 Thessalonicensibus
3077 2980 3289 3036 quoque
3339 2965 3489 3030 dicit,
3519 2973 3576 3019 ut
3617 2980 3686 3020 co

2095 3053 2256 3121 loco,
2288 3053 2401 3108 Nos
2440 3065 2606 3109 autem
2657 3055 2873 3111 desolati
2926 3073 2958 3109 a
3004 3056 3138 3110 vobis
3185 3057 3254 3110 ad
3294 3065 3491 3125 tempus
3544 3055 3683 3111 horta

2097 3147 2176 3215 (l.
2201 3144 2378 3202 Thess.
2410 3147 2464 3203 2.
2500 3148 2612 3212 l7).
2646 3147 2714 3202 Et
2749 3147 2836 3202 hic
2859 3190 2876 3216 ,
2902 3148 3068 3218 Spero
3088 3191 3103 3216 ,
3134 3149 3337 3220 inquit,
3368 3148 3685 3206 Timotheum

2096 3236 2328 3304 mittere,
2368 3244 2428 3293 ut
2465 3235 2534 3300 de
2574 3251 2758 3292 rerum
2798 3248 3094 3293 vestrarum
3135 3248 3279 3294 statu
3318 3253 3635 3322 cognoscam
3671 3258 3682 3290 :

2098 3328 2238 3399 quod
2254 3328 2469 3398 quidem
2487 3330 2770 3384 maximam
2791 3329 3058 3384 indicabat
3073 3343 3280 3386 curam.
3303 3329 3528 3396 Quando
3545 3330 3686 3384 enim

2100 3418 2213 3488 ipse
2243 3419 2433 3474 adesse
2465 3435 2571 3474 non
2602 3430 2830 3488 poterat,
2858 3419 3148 3489 discipulos
3186 3421 3430 3481 mittebat
3457 3437 3471 3472 :
3503 3420 3572 3474 ita
3603 3435 3690 3475 res

2102 3509 2311 3565 illorum
2341 3511 2439 3565 sibi
2472 3510 2677 3582 ignotas
2702 3525 2822 3566 esse
2846 3526 2914 3566 ne
2941 3511 3007 3565 ad
3037 3511 3200 3568 breve
3230 3511 3445 3582 quidem
3478 3520 3688 3583 tempus

2102 3602 2244 3656 terre
2273 3610 2502 3672 poterat.
2535 3600 2652 3657 Non
2681 3602 2824 3656 enim
2862 3602 3056 3676 spiritu
3090 3603 3266 3657 omnia
3297 3603 3686 3674 cognoscebat;

2104 3693 2263 3763 idque
2281 3693 2400 3763 jure
2427 3693 2606 3759 ﬁebat.
2633 3693 2842 3748 Etenim
2870 3694 2916 3749 si
2938 3693 3044 3749 hoc
3067 3693 3168 3749 sibi
3195 3693 3442 3768 discipuli
3471 3709 3689 3766 persua-

2103 3783 2324 3854 sissent,
2355 3783 2688 3854 impudentes
2715 3784 2838 3840 {acti
2863 3795 3077 3853 essent;
3105 3802 3247 3842 nunc
3272 3801 3402 3845 vero
3427 3803 3547 3843 cum
3573 3804 3694 3858 spc-

2105 3884 2287 3930 rarent
2328 3875 2494 3940 latere
2518 3917 2532 3941 ,
2562 3875 2772 3933 facilius
2807 3878 3232 3949 corrigebantur.
3265 3877 3379 3934 Hoc
3417 3879 3536 3952 ipso
3565 3893 3696 3934 vero

2106 3968 2228 4023 illos
2267 3968 2601 4038 potissimum
2639 3978 2874 4026 attentos
2903 3970 3110 4036 reddit,
3135 3970 3276 4040 quod
3317 3971 3520 4041 inquit,
3553 3969 3620 4025 Ut
3649 3980 3694 4024 et

2107 4075 2196 4130 ego
2221 4060 2350 4118 bono
2375 4059 2546 4118 animo
2581 4060 2674 4114 sim
2695 4101 2711 4124 ,
2741 4061 3072 4130 illornmqtte
3112 4061 3346 4115 studium
3377 4075 3444 4122 ac
3466 4062 3693 4134 diligen-

2108 4154 2232 4208 tiam
2263 4154 2437 4220 acuit,
2467 4154 2536 4207 ita
2567 4159 2656 4219 ut,
2697 4153 2907 4207 tametsi
2950 4152 3263 4207 Timotheus
3297 4167 3404 4206 non
3448 4153 3692 4217 venerit,

2107 4244 2271 4298 alium
2313 4253 2491 4302 tamen
2531 4243 2844 4299 inventurus
2885 4242 2956 4297 sit
2999 4243 3088 4312 qui
3124 4242 3224 4312 ipsi
3265 4243 3549 4302 renuntiet.
3583 4243 3696 4302 Hac

2109 4345 2288 4390 autem
2319 4336 2432 4404 ipse
2461 4335 2619 4391 etiam
2659 4336 2866 4390 ratione
2881 4334 3183 4407 .perspicue
3213 4347 3341 4392 usus
3368 4343 3449 4398 est
3469 4376 3484 4402 ,
3509 4351 3695 4390 suum-

2110 4440 2212 4493 que
2248 4425 2536 4490 adventum
2564 4425 2813 4490 distulit,
2847 4434 2902 4478 ut
2935 4423 3197 4478 Corinthii
3231 4435 3696 4484 converterentur.

2113 4514 2402 4583 Propterea
2423 4518 2584 4570 etiam
2608 4515 2897 4582 scribebat,
2925 4514 3148 4569 Parcens
3177 4516 3314 4579 vobis
3342 4517 3567 4570 nondum
3590 4519 3700 4571 ueni

2115 4606 2414 4662 Corinthum
2439 4607 2518 4676 (2.
2548 4606 2669 4661 Cor.
2699 4607 2752 4662 1.
2783 4605 2899 4676 23).
2929 4605 3044 4661 Non
3075 4606 3218 4660 enim
3246 4605 3352 4663 hoc
3380 4606 3497 4662 solo
3525 4615 3699 4664 osten-

2115 4698 2259 4754 ditur
2297 4699 2491 4752 caritas
2510 4739 2526 4765 ,
2559 4697 2702 4768 quod
2746 4712 2843 4753 sua
2881 4696 3126 4764 nuntiet,
3153 4697 3248 4753 sed
3279 4698 3438 4763 etiam
3465 4697 3607 4768 quod
3636 4697 3702 4752 do

2117 4791 2331 4845 illorum
2355 4797 2498 4843 statu
2518 4788 2696 4858 cupiat
2720 4803 3047 4859 cognoscere
3075 4806 3088 4842 :
3112 4787 3215 4844 hoc
3239 4788 3381 4844 enim
3407 4789 3598 4844 anima:
3621 4798 3705 4844 est

2117 4879 2271 4934 valde
2299 4879 2536 4934 curantis
2575 4887 2632 4935 et
2665 4880 2975 4952 satagcntis,
3007 4889 3062 4934 et
3098 4879 3149 4934 in
3192 4889 3442 4950 perpetua
3473 4877 3703 4948 quadam

2118 4969 2480 5026 Sollicitudine
2523 4971 2807 5038 versatilis.
2853 4971 3021 5027 Simul
3063 4984 3191 5035 vero
3232 4976 3288 5026 et
3333 4969 3538 5024 honore
3585 4969 3704 5023 illos

2119 5061 2284 5117 allicit
2304 5061 2642 5129 Timotheum
2674 5061 2908 5126 mittens.
2933 5060 3069 5130 Quid
3092 5059 3209 5115 ais?
3229 5057 3565 5114 Timotheum
3587 5060 3702 5120 mit-

2120 5153 2222 5209 tis?
2251 5153 2622 5224 quapropter?
2651 5152 2790 5210 Sane
2810 5193 2825 5218 ,
2851 5151 3022 5221 inquit
3047 5167 3060 5216 ;
3092 5147 3359 5204 Neminem
3386 5149 3517 5204 enim
3547 5149 3704 5205 Imbro

2122 5247 2450 5310 unanimem,-
2477 5244 2527 5298 id
2560 5252 2672 5306 est,
2703 5242 2793 5312 qui
2823 5255 2976 5311 teque
3002 5248 3159 5308 atque
3186 5253 3286 5308 ego
3312 5246 3487 5298 vestra
3518 5250 3700 5304 curet;

2121 5335 2207 5404 qui
2245 5335 2443 5396 sincera
2486 5332 2754 5399 affectione
2795 5346 2889 5402 pro
2927 5329 3062 5388 vobis
3099 5329 3345 5389 sollicitus
3378 5331 3579 5400 futurus
3619 5333 3704 5386 sit.

2123 5424 2402 5480 Neminem
2447 5438 2575 5495 ergo
2617 5437 2802 5479 secum
2847 5420 3108 5487 habebat,
3141 5421 3232 5491 qui
3262 5423 3508 5478 eumdem
3547 5433 3708 5494 atque

2125 5515 2241 5585 ipse
2283 5515 2522 5575 animum
2565 5521 2796 5590 gereret.
2842 5510 3142 5568 Neminem.
3180 5511 3315 5580 Quid
3359 5512 3412 5572 id
3453 5514 3578 5567 est?
3604 5515 3707 5578 Qui

2126 5605 2376 5660 nimirum
2398 5619 2549 5672 teque
2570 5611 2729 5671 atque
2745 5616 2844 5671 ego
2861 5617 2953 5656 vos
2974 5610 3147 5668 curet,
3168 5604 3421 5673 vobisque
3442 5605 3702 5670 consulat.

2127 5695 2241 5750 Non
2286 5695 2439 5749 facile
2459 5735 2474 5760 ,
2515 5691 2715 5762 inquit,
2748 5692 3010 5762 quispiam
3043 5692 3341 5750 inveniatur
3373 5695 3462 5766 qui
3512 5696 3611 5750 hac
3641 5698 3708 5751 de

2125 5798 2285 5842 causa
2314 5795 2518 5841 tantum
2550 5783 2751 5838 itineris
2785 5786 2909 5839 vettt
2936 5784 3231 5841 coniicere:
3260 5787 3348 5856 qui
3371 5801 3520 5858 coque
3548 5797 3708 5858 atque

3296 5910 3369 5968 16
