4030 6204
350 331 452 386 2—37

353 464 453 516 ego
495 461 593 501 vos
632 451 781 499 amat
805 488 818 505 .
860 438 1170 497 Timotheus
1211 448 1290 492 est
1323 446 1515 494 :erant
1546 441 1720 490 autem
1753 442 1806 488 et
1845 432 1934 486 alii

356 553 492 609 quos
537 537 802 592 mitterem
827 576 841 601 ,
879 531 972 588 sed
1014 542 1172 586 nemo
1202 529 1322 584 talis
1351 538 1454 582 est.
1498 528 1635 596 Ergo
1677 526 1779 580 hoc
1817 533 1933 591 est,

359 631 666 684 unanimem
690 641 829 692 esse,
853 621 1139 691 discipulos
1168 618 1388 690 perinde
1409 630 1568 689 atque
1595 619 1708 688 ipse
1735 631 1935 671 amare.

357 718 462 787 Qui
489 721 706 783 sincera,
737 716 924 786 inquit,
955 711 1220 780 affectione
1248 727 1340 780 pro
1369 710 1504 764 vobis
1527 709 1770 764 sollicitus
1800 707 1939 777 futu-

359 829 445 865 rus
473 811 572 876 sit;
605 807 654 863 id
682 816 782 870 est,
793 815 1030 876 paterna.
1059 801 1247 857 Omnes
1267 803 1399 855 enim
1420 817 1532 862 qua:
1551 817 1642 854 sua
1668 809 1784 853 sunt
1805 813 1940 868 qutu-

356 915 494 966 runt,
522 918 621 955 non
645 915 758 970 qua:
779 898 902 952 Jestt
927 893 1116 953 Christi
1135 915 1156 963 ;
1183 896 1233 950 id
1261 905 1361 960 est,
1382 895 1766 964 iucunditatem
1790 907 1938 946 suam

356 1011 417 1050 ac
438 990 782 1050 securitatem
807 1006 824 1046 ι
846 988 988 1060 quod
1014 989 1175 1043 etiam
1199 985 1263 1042 ad
1287 986 1625 1041 Timotheum
1649 983 1935 1038 scribebat.

358 1083 463 1141 Sed
491 1101 588 1140 cur
627 1085 814 1138 isthzec
852 1067 1233 1152 conqueritur?
1263 1078 1371 1133 Nos
1401 1078 1598 1132 docens
1625 1119 1638 1141 ,
1670 1075 1795 1130 dum
1829 1075 1941 1128 haec

359 1177 604 1234 audimus
625 1219 639 1242 ,
673 1191 739 1230 ne
768 1173 957 1229 eodem
992 1171 1374 1243 prolabamur;
1405 1168 1606 1224 docens
1635 1166 1904 1221 auditores
1924 1205 1939 1230 ,

357 1289 427 1329 ne
456 1268 870 1326 oblectationem
909 1281 973 1320 ac
1014 1265 1252 1334 requiem
1282 1271 1544 1334 qumrant.
1577 1260 1706 1315 Nam
1740 1258 1827 1328 qui
1859 1273 1945 1312 rc-

361 1364 541 1434 quiem
570 1361 779 1432 qumrit,
811 1375 914 1413 non
938 1374 1056 1428 qua:
1077 1357 1272 1411 Christi
1299 1364 1442 1417 sunt,
1469 1352 1562 1408 sed
1590 1367 1684 1406 sua
1708 1349 1899 1421 quaerit
1926 1366 1940 1404 :

361 1461 578 1521 oportet
606 1451 746 1506 enim
778 1459 990 1520 paratos
1021 1462 1116 1501 nos
1147 1460 1266 1501 esse
1292 1444 1356 1499 ad
1388 1443 1629 1514 quemvis
1669 1442 1905 1495 laborem
1926 1479 1942 1504 ,

365 1531 432 1597 ad
464 1543 705 1613 quamvis
733 1540 1000 1596 miseriam
1032 1535 1380 1593 subeundam.
1406 1533 1494 1588 29..
1527 1533 1944 1602 Experimentum

365 1647 566 1702 autent,
597 1624 798 1705 inquit,
838 1633 948 1703 ejus
985 1635 1298 1702 cognoscite,
1331 1628 1447 1697 quia
1480 1628 1607 1681 sicut
1648 1625 1780 1694 patri
1808 1623 1947 1691 ﬁiius

363 1744 556 1797 mecum
583 1727 781 1797 servivit
806 1727 858 1778 in
887 1724 1217 1795 evangelium.
1257 1721 1333 1776 Ne
1365 1721 1414 1775 id
1443 1736 1471 1774 a
1501 1735 1586 1773 me
1613 1728 1812 1772 temere
1841 1715 1945 1770 diri

361 1804 565 1892 putetis
589 1861 606 1889 ,
636 1834 732 1874 vos
756 1832 966 1888 quoque
987 1859 1002 1883 ,
1037 1816 1236 1886 inquit,
1267 1814 1368 1869 hoc
1394 1812 1603 1876 sciatis,
1637 1809 1785 1864 illum
1817 1808 1946 1862 mihi

363 1922 421 1966 nt
455 1907 605 1984 patri
655 1909 819 1965 lilium
866 1907 918 1964 itt
964 1907 1294 1978 evangelium
1340 1908 1591 1960 servisse.
1636 1902 1822 1957 Merito
1863 1901 1948 1956 hic

361 1989 705 2059 Timotheum
733 1999 1106 2064 commendat,
1138 2007 1194 2052 ut
1223 1996 1361 2066 apud
1395 1995 1510 2050 illos
1542 2009 1733 2064 magno
1763 1993 1815 2046 in
1847 1991 1945 2045 ho-

363 2082 496 2150 nore
551 2093 825 2167 habeatur.
884 2091 995 2144 [loc
1055 2090 1214 2144 etiam
1255 2088 1320 2142 ad
1359 2085 1666 2142 Corinthios
1709 2084 1950 2139 scribens

363 2169 504 2238 facit
528 2180 643 2238 istis
687 2180 892 2246 verbis,
929 2179 1012 2234 Ne
1045 2181 1158 2249 quis
1197 2178 1341 2233 illum
1371 2185 1574 2249 spernat
1603 2192 1622 2229 :
1651 2191 1777 2243 apus
1819 2173 1949 2226 enim

367 2277 574 2330 Dontini
616 2285 888 2346 aperatur,
920 2274 1046 2328 sicut
1077 2283 1124 2326 et
1153 2288 1243 2341 ego
1278 2271 1367 2343 ('l.
1397 2271 1514 2324 Cor.
1549 2269 1633 2324 16.
1668 2266 1768 2338 10)
1801 2287 1813 2321 :
1845 2282 1948 2320 non

367 2381 473 2424 tam
504 2371 576 2424 illi
611 2368 964 2439 proSpiciens,
991 2381 1150 2436 quam
1180 2366 1244 2419 iis
1269 2369 1358 2434 qtti
1382 2364 1552 2433 ipsum
1582 2362 1865 2432 recipiunt,
1895 2371 1952 2414 ttt

368 2476 612 2530 magnam
641 2468 912 2528 reportent
933 2457 1253 2512 mercedem.
1273 2455 1362 2510 25.
1387 2453 1538 2508 Hunc
1558 2455 1732 2523 igitur,
1758 2451 1946 2521 inquit,

364 2570 514 2623 spero
547 2553 755 2617 mittere,
788 2566 904 2603 mea:
931 2557 982 2602 ut
1008 2548 1178 2602 videro
1202 2562 1314 2616 qua:
1338 2547 1471 2599 circa
1498 2561 1576 2598 me
1603 2554 1736 2598 sunt.
1763 2543 1819 2598 ld
1847 2551 1948 2604 est,

369 2646 460 2699 tthi
489 2645 670 2699 videro
699 2642 816 2711 quis
848 2641 915 2695 sit
950 2648 1120 2693 status
1159 2653 1339 2692 rerutn
1372 2650 1608 2690 mearum
1635 2675 1650 2700 ,
1688 2647 1952 2703 quemque

365 2734 700 2794 sint'elvitttm
734 2735 1012 2789 habiturae.
1041 2731 1129 2786 24.
1167 2728 1380 2800 Conﬁdo
1411 2738 1576 2781 autem
1609 2727 1660 2780 in
1703 2725 1949 2786 Domino,

363 2832 602 2903 qunnimn
629 2841 674 2884 et
703 2804 809 2900 ipse
850 2827 1042 2882 ueniam
1069 2825 1136 2876 ad
1165 2839 1252 2877 vos
1277 2824 1396 2875 cito.
1430 2821 1543 2874 Non
1587 2829 1861 2890 propterea
1891 2818 1954 2871 il-

281 2929 284 2938 '
369 2919 478 2981 lum
506 2925 680 2986 mitto,
711 2919 852 2993 quod
881 2920 992 2988 ipse
1021 2926 1279 2971 venturus
1307 2931 1410 2968 non
1441 2915 1562 2978 sim,
1597 2913 1690 2968 sed
1729 2911 1794 2966 Ut
1825 2913 1952 2966 bona

364 3021 540 3074 animo
575 3013 711 3080 sim,
754 3012 966 3083 cognitis
1016 3025 1128 3080 qua:
1173 3009 1308 3062 circa
1351 3023 1437 3062 vos
1479 3022 1496 3061 :
1539 3015 1594 3060 ιιι
1638 3021 1704 3059 ne
1751 3005 1950 3058 interea

370 3111 532 3165 etiam
556 3121 739 3163 verser
765 3105 814 3158 itt
840 3112 1134 3158 vestrarum
1159 3116 1335 3155 rermn
1360 3098 1709 3167 ignoratione.
1739 3096 1954 3165 Conﬁdo

365 3214 558 3265 autem,
591 3199 781 3270 inquit,
808 3198 861 3251 in
895 3195 1150 3259 Domino;
1181 3193 1230 3248 id
1259 3200 1361 3258 est,
1391 3193 1434 3247 si
1465 3192 1606 3246 Deus
1632 3189 1878 3244 voluerit.

438 3295 494 3350 2.
533 3291 668 3348 Vide
691 3305 848 3362 quam
893 3289 983 3344 ille
1011 3287 1258 3341 omnibus
1295 3286 1344 3340 itt
1377 3285 1539 3340 rebus
1579 3283 1648 3340 de
1675 3285 1785 3339 Deo
1808 3299 1943 3354 pcn-

367 3387 525 3450 deat,
570 3393 625 3440 et
655 3383 783 3438 nihil
825 3397 890 3437 ex
923 3396 1016 3436 sua
1049 3379 1314 3436 sententia
1344 3379 1671 3448 pronuntiet.
1711 3377 1803 3432 ‘25.
1849 3373 1954 3430 Ne-

370 3480 644 3533 cessarium
687 3487 853 3530 autem
885 3475 1164 3530 existimavi
1204 3471 1614 3543 Epaphroditum
1661 3471 1870 3542 fratrem
1909 3475 1955 3522 et

372 3575 747 3636 coeperatorem
775 3575 821 3618 et
850 3564 1243 3616 commilitonem
1284 3577 1468 3615 meum.
1503 3559 1572 3614 Et
1599 3558 1740 3613 hunc
1768 3572 1955 3614 rursus

377 3653 563 3707 iisdem
586 3669 647 3706 ac
670 3651 1010 3706 Timotheum
1034 3649 1291 3703 encomiis
1314 3659 1558 3703 ornatum
1588 3649 1771 3702 mittit.
1803 3647 1952 3701 Illum

377 3744 519 3796 enim
569 3742 778 3796 duobus
819 3741 901 3794 Itis
932 3740 1237 3794 nominibus
1262 3739 1690 3804 commendavit,
1729 3739 1871 3808 quod
1901 3749 1954 3794 et

377 3851 473 3890 eos
490 3841 663 3897 amet;
689 3834 822 3889 dixit
853 3834 1017 3900 enim,
1048 3833 1148 3898 Qui
1168 3832 1364 3886 sincera
1384 3830 1653 3898 affectione
1673 3842 1835 3886 vestra
1861 3849 1954 3885 cu-

377 3935 580 3981 raturas
609 3927 674 3980 sit
694 3942 710 3990 ;
728 3934 779 3980 et
809 3925 948 3995 quod
977 3925 1028 3978 itt
1058 3921 1336 3992 evangelio
1361 3921 1510 3976 valde
1532 3936 1589 3976 se
1615 3921 1951 3990 probaverit:

378 4021 522 4074 hunc
551 4021 707 4090 igitur
737 4029 786 4072 ct
822 4017 1009 4072 iisdem
1051 4030 1208 4087 quam
1239 4015 1384 4068 illum
1413 4013 1718 4068 nominibus
1756 4012 1953 4066 laudat.

375 4111 700 4177 Quomodo?
730 4110 991 4177 Quoniam
1023 4107 1291 4179 appellare
1319 4105 1538 4160 fratrem
1567 4114 1616 4159 et
1641 4113 1957 4172 cooperato-

375 4221 490 4277 rem
512 4245 529 4270 ,
559 4218 732 4274 neque
761 4203 860 4258 hoc
897 4209 1236 4261 contentum,
1271 4198 1469 4253 addere
1503 4197 1662 4253 etiam
1689 4196 1954 4250 commili-

379 4307 559 4349 tonem
583 4335 596 4360 ,
625 4291 955 4348 ostendentis
981 4301 1063 4347 est
1096 4290 1412 4360 illi-quoque
1443 4303 1623 4342 secum
1650 4285 1954 4340 connnunia

376 4387 542 4440 fuisse
583 4385 817 4456 pericula
839 4425 853 4447 ,
898 4393 1057 4453 atque
1088 4381 1274 4437 eadem
1319 4379 1388 4434 de
1417 4380 1508 4433 illo
1547 4393 1609 4433 ac
1637 4377 1706 4433 de
1750 4390 1809 4430 se
1840 4376 1956 4444 ipso

378 4479 733 4533 testilicautis.
774 4476 927 4543 Quod
973 4476 1141 4544 inquit
1179 4473 1580 4528 Counnilitonem
1606 4513 1621 4537 ,
1677 4469 1794 4539 plus
1837 4479 1952 4532 cst,

377 4586 535 4640 quam
583 4569 992 4638 Cooperatorem.
1037 4566 1261 4630 Quidam
1311 4565 1453 4618 enim
1495 4563 1716 4617 fortasse
1757 4560 1951 4625 fuerit,

377 4662 465 4730 qui
489 4662 540 4715 in
570 4659 774 4714 levibus
797 4658 1009 4726 quidem
1035 4656 1258 4725 negotiis
1281 4657 1484 4708 socium
1514 4669 1572 4707 se
1597 4652 1784 4722 agendi
1815 4665 1950 4721 prac-

377 4754 535 4816 heat,
591 4753 641 4804 in
687 4750 826 4804 bello
872 4757 1049 4802 autem
1095 4763 1156 4802 ac
1187 4746 1436 4815 periculis
1483 4759 1586 4798 non
1639 4742 1952 4798 item:dum

377 4861 505 4898 vero
548 4843 711 4904 dixit,
761 4839 1192 4904 Commilitonem,
1237 4838 1336 4890 hoc
1377 4850 1585 4904 quoque
1615 4834 1951 4903 signiﬁcavit.

386 4935 618 4989 Vestrum
649 4942 855 4998 autem,
887 4929 1088 4999 inquit,
1118 4926 1406 4998 apostolum
1427 4965 1440 4990 ,
1474 4933 1520 4978 et
1546 4925 1831 4977 ministrum
1867 4939 1954 4976 ne-

374 5027 625 5081 cessitatis
670 5040 826 5091 mete,
869 5023 1065 5076 mittere
1103 5019 1169 5072 ad
1196 5033 1300 5072 vos.
1337 5015 1390 5071 Id
1422 5028 1538 5079 est,
1579 5014 1763 5068 Vestra
1803 5013 1954 5067 vobis

374 5121 638 5171 donamus
659 5158 673 5179 ,
716 5115 840 5170 dum
873 5113 953 5168 vel
996 5119 1230 5164 vestrum
1271 5107 1543 5162 hominem
1575 5103 1638 5158 ad
1668 5118 1761 5158 vos
1786 5103 1952 5157 mitti-

378 5224 518 5274 mus,
542 5209 625 5262 vel
651 5223 774 5262 eum
801 5208 888 5276 qui
931 5221 1025 5259 vos
1052 5203 1258 5258 doceat.
1289 5201 1490 5254 Rursus
1525 5198 1684 5251 multa
1717 5197 1782 5252 de
1815 5197 1954 5251 illius

375 5303 602 5355 caritate
631 5299 843 5367 subjicit
870 5299 1088 5363 dicens,
1129 5295 1220 5351 26.
1266 5293 1516 5360 Quoniam
1554 5291 1752 5358 quidem
1783 5305 1954 5342 omnes

376 5411 462 5447 vos
491 5393 842 5452 desiderabat;
870 5401 912 5442 et
940 5401 1139 5444 nurstus
1164 5397 1268 5441 erat
1313 5396 1578 5456 propterea
1605 5382 1739 5454 quod
1776 5381 1952 5434 audie-

370 5489 499 5540 ratis
525 5485 672 5539 illum
703 5483 1035 5552 inﬁrtnatum.
1065 5481 1157 5533 27.
1201 5479 1336 5532 Nam
1364 5488 1411 5530 et
1441 5477 1726 5544 tn/irmatus
1765 5481 1837 5527 est
1869 5487 1953 5524 us--

371 5581 553 5644 queat!
583 5586 820 5639 mortem,
849 5573 938 5628 sed
965 5572 1104 5628 Deus
1134 5571 1367 5624 misertus
1398 5579 1468 5622 est
1498 5569 1636 5638 ejus,
1670 5581 1767 5618 non
1790 5563 1952 5616 solum

371 5681 539 5722 autem
575 5670 718 5738 ejus,
758 5682 924 5718 verum
965 5666 1114 5716 etiam
1145 5671 1191 5714 et
1233 5661 1360 5725 mei,
1404 5676 1465 5712 ue
1505 5657 1759 5710 tristitiam
1801 5668 1944 5721 super

372 5759 625 5814 tristitiam
671 5758 922 5810 haberem.
971 5753 1080 5808 Hoc
1114 5751 1231 5805 loco
1273 5758 1328 5804 ct
1368 5747 1512 5803 aliud
1558 5746 1807 5816 quiddatn
1841 5745 1948 5812 agit

1092 335 1128 379 s.
1169 319 1444 379 JOANNIS
1479 314 1944 375 CllﬂYSOSTOMl
1987 315 2297 371 AliCllllil’.
2338 313 2868 374 CONSTAN'I‘INOP.

2053 435 2361 498 ostendens,
2387 435 2750 506 Epaphrodito
2774 437 2932 491 etiam
2958 435 3112 491 valde
3133 437 3464 508 exploratum
3488 457 3630 509 οδω,

2047 528 2212 582 amari
2246 543 2304 582 se
2333 543 2361 582 a
2387 528 2560 583 vobis.
2604 529 2715 584 lloc
2743 519 2870 584 vero
2897 544 3002 584 non
3034 545 3217 597 parum
3245 531 3310 584 ad
3341 532 3629 587 amandum

2046 619 2184 673 solet
2214 619 2450 675 allicere.
2475 621 2756 688 Quomodo
2778 623 2802 676 ?
2824 621 3126 692 Egrotavit
3149 664 3162 686 ,
3189 620 3359 693 lnquit
3379 663 3394 687 ,
3415 636 3470 679 et
3494 641 3629 680 maz-

2047 714 2114 766 sti
2149 711 2356 778 fuistis;
2385 713 2674 780 convaluit,
2709 724 2764 768 et
2789 728 2886 767 vos
2914 728 3143 769 mmrore
3169 713 3416 770 liberavit
3435 757 3448 778 ,
3471 732 3632 786 quem

2046 818 2112 858 ex
2163 804 2328 874 ipsius
2371 803 2731 859 invaletudiuc
2772 803 3102 875 capiebatis:
3140 819 3240 859 nec
3281 815 3458 861 tamen
3502 823 3628 876 pro-

2047 905 2230 965 pterea
2276 895 2388 964 ipse
2419 911 2649 950 tmerere
2677 895 2869 959 desiit,
2898 895 2991 949 sed
3018 895 3234 949 dolebat
3264 910 3369 949 non
3397 910 3477 962 se,
3507 912 3632 952 cum

2049 986 2332 1049 valuisset,
2371 1001 2468 1040 vos
2500 986 2716 1041 vidisse.
2751 985 2848 1040 llic
2874 995 2925 1040 et
2955 987 3096 1040 aliud
3125 987 3268 1056 agit,
3309 987 3376 1040 ad
3418 988 3499 1042 sui
3530 988 3628 1042 des

2050 1077 2344 1132 l'ensionetn
2375 1092 2589 1132 causam
2616 1076 2843 1132 ail‘erens
2865 1119 2880 1143 ,
2914 1077 2984 1132 ob
3009 1093 3167 1146 quam
3199 1079 3371 1132 serius
3400 1079 3466 1132 ad
3511 1080 3630 1133 illos

2049 1172 2222 1225 mittat
2252 1189 2264 1225 :
2292 1186 2396 1224 non
2422 1171 2564 1225 enim
2595 1170 2646 1226 id
2687 1187 2752 1226 ex
2781 1172 3100 1242 negligentia
3150 1172 3297 1240 lieri,
3332 1173 3424 1226 sed
3457 1173 3632 1228 Timo-

2051 1263 2232 1317 tht-um
2263 1261 2477 1333 quidem
2502 1278 2530 1315 a
2562 1278 2620 1316 se
2647 1263 2898 1329 retineri,
2937 1262 3190 1332 quoniam
3233 1262 3500 1317 neminem
3534 1265 3628 1316 Ita-

2049 1354 2208 1422 beat;
2241 1354 2508 1408 Neminem
2529 1355 2690 1419 enim,
2716 1354 2918 1424 inquit,
2952 1354 3109 1407 habeo
3136 1355 3460 1421 unanimem;
3491 1355 3629 1423 Epa-

2053 1449 2358 1520 phroditum
2389 1463 2514 1502 vero
2542 1447 2610 1501 ob
2639 1447 3076 1501 invaletudinem.
3111 1447 3312 1502 Deinde
3341 1449 3632 1504 ostendens

2053 1543 2262 1612 longam
2293 1555 2356 1595 ac
2390 1540 2694 1594 diuturnam
2737 1539 2930 1604 fuisse,
2958 1538 3196 1593 addidit:
3232 1538 3371 1592 Nam
3396 1549 3443 1593 et
3481 1541 3631 1608 inﬁro

2052 1644 2218 1686 matus
2264 1641 2336 1685 est
2380 1647 2538 1700 usque
2573 1631 2642 1684 ad
2681 1642 2914 1684 mortem.
2962 1629 3122 1684 Vides
3165 1642 3422 1700 quantum
3470 1630 3633 1686 studii

2053 1722 2304 1776 adhibeat
2337 1722 2563 1785 Paulus,
2594 1737 2662 1776 ne
2691 1721 2966 1790 discipulis
2995 1725 3106 1774 suis
3127 1719 3414 1791 quidquam
3442 1721 3542 1776 loci
3573 1736 3633 1776 sc

2054 1815 2211 1870 ullius
2243 1815 2576 1884 negligentia:
2599 1829 2661 1867 ac
2687 1814 2948 1868 socordia:
2976 1813 3316 1870 insitnulandi
3342 1814 3630 1883 relinquat,

2053 1923 2226 1976 neque
2255 1905 2558 1976 sttspicandi
2585 1904 2720 1970 ideo,
2747 1905 2887 1974 quod
2915 1906 3057 1974 ipsos
3083 1913 3489 1970 comtcmneret,
3523 1921 3632 1959 non

2054 1999 2350 2071 profectum
2382 1999 2542 2053 esse?
2563 1997 2714 2051 Nulla
2743 1998 2885 2052 enim
2911 2011 2970 2051 re
3000 2012 3151 2066 aeque
3170 1996 3314 2051 allici
3339 1997 3634 2068 discipulus

2055 2101 2268 2162 potest,
2325 2105 2387 2145 ac
2418 2089 2764 2158 persuasione
2795 2088 2923 2151 hac,
2970 2103 3111 2142 cura:
3156 2101 3213 2143 se
3259 2102 3381 2162 esse
3428 2103 3632 2158 praece-

2055 2183 2190 2253 ptori
2212 2224 2226 2245 ,
2251 2197 2454 2252 suaque
2479 2196 2637 2236 causa
2667 2180 2817 2235 illum
2845 2194 3096 2246 monere,
3121 2178 3262 2248 quod
3291 2179 3633 2233 exuberantis

2054 2275 2291 2330 Caritatis
2336 2283 2436 2328 est.
2488 2273 2808 2337 Audieratis,
2843 2271 3047 2342 inquit,
3092 2270 3236 2324 illum
3277 2271 3586 2339 inﬁrmatam
3615 2287 3634 2324 :

2057 2383 2176 2418 nam
2201 2375 2248 2420 et
2274 2365 2560 2433 inﬁrmatus
2588 2373 2660 2417 est
2690 2379 2847 2431 usque
2885 2362 2952 2414 ad
2996 2370 3226 2413 mortem.
3261 2361 3336 2414 Ac
3373 2375 3441 2415 ne
3480 2370 3634 2430 putcs

2058 2461 2156 2515 ista
2180 2459 2308 2514 mihi
2340 2474 2434 2528 per
2456 2457 2852 2512 simulationem
2879 2454 2982 2509 dici
3001 2494 3015 2518 ,
3040 2453 3163 2507 audi
3187 2455 3462 2522 sequentia
3489 2475 3502 2507 :
3529 2453 3635 2508 Sed

2058 2553 2194 2606 Deus
2235 2553 2466 2606 misertus
2494 2559 2565 2604 est
2607 2550 2736 2621 ejus.
2766 2547 2903 2615 Quid
2945 2548 3026 2600 ais
3045 2588 3060 2612 ,
3103 2544 3355 2600 hzrretice
3383 2545 3496 2614 (a)?
3524 2544 3633 2598 lloc

2059 2649 2176 2702 loco
2222 2645 2644 2701 misericordiam
2693 2643 2783 2696 Dei
2835 2650 3018 2706 verat,
3073 2638 3307 2694 retinere
3349 2637 3499 2691 illum
3544 2637 3632 2705 qui

2057 2740 2295 2794 abiturus
2323 2747 2469 2801 erat,
2503 2746 2555 2790 et
2582 2734 2646 2788 ad
2675 2733 2836 2788 vitam
2864 2746 3134 2786 revocare.
3162 2729 3314 2797 Quod
3337 2729 3379 2783 si
3407 2727 3636 2782 mundus

2058 2851 2088 2889 c
2120 2843 2200 2888 set
2229 2835 2278 2886 itt
2304 2831 2477 2898 malis,
2498 2847 2602 2883 non
2630 2825 2994 2882 misericordia
3023 2823 3135 2878 haec
3162 2832 3307 2878 esset
3333 2822 3635 2889 relinquere

2061 2929 2110 2980 itt
2145 2924 2305 2978 malo.
2332 2923 2595 2978 Cteterum
2623 2919 2881 2973 adversus
2908 2915 3217 2970 haereticum
3242 2912 3456 2984 quidem
3483 2911 3638 2966 facile

2058 3025 2139 3072 est
2175 3015 2354 3068 dicere
2380 3055 2394 3077 ,
2427 3027 2552 3082 erga
2582 3009 2947 3066 Christianum
2979 3015 3154 3060 autem
3197 3004 3321 3075 quid
3349 3004 3587 3058 dicemus
3614 3004 3639 3056 ?

2058 3108 2191 3162 Nam
2220 3106 2305 3160 hic
2339 3104 2564 3159 fortasse
2593 3099 2891 3166 haesitabit,
2920 3112 2983 3153 ac
3010 3097 3152 3152 dicet
3178 3112 3193 3151 :
3224 3093 3407 3163 Quid?
3435 3095 3480 3150 si
3525 3092 3638 3148 dis-

2059 3200 2191 3254 solvi
2224 3207 2277 3252 et
2305 3211 2426 3251 esse
2454 3210 2574 3249 cum
2595 3193 2811 3248 Christo
2837 3195 3003 3246 multo
3031 3187 3384 3261 priestabilius
3402 3227 3417 3252 ,
3442 3201 3536 3241 cur
3558 3185 3641 3240 itt-

2059 3291 2173 3361 quit
2204 3293 2374 3360 ipsum
2421 3283 2838 3341 misericordiam
2883 3297 3002 3338 esse
3035 3277 3472 3349 consequutum?
3515 3276 3631 3346 Ego

2063 3397 2190 3436 vero
2215 3379 2387 3433 (licam
2416 3395 2427 3430 :
2455 3376 2591 3445 Quid
2625 3383 2736 3440 est,
2785 3373 2928 3443 quod
2958 3373 3072 3442 ipse
3113 3371 3309 3440 inquit,
3342 3367 3511 3438 magis
3541 3382 3639 3420 nc-

2059 3470 2350 3528 cessarium
2378 3483 2498 3522 esse
2523 3479 2742 3520 manere
2787 3474 3004 3534 propter
3048 3460 3181 3514 vos?
3210 3459 3342 3513 Nam
3373 3457 3638 3529 quemad-

2061 3563 2277 3619 modum
2307 3559 2469 3616 Paulo
2493 3557 2592 3612 hoc
2615 3555 2977 3611 necessarium
3008 3562 3143 3616 erat,
3179 3551 3247 3605 ita
3280 3561 3333 3604 et
3363 3547 3642 3620 Epaphro-

2061 3657 2174 3710 dito
2203 3673 2216 3711 :
2241 3654 2438 3724 quippe
2463 3651 2550 3722 qui
2575 3649 2923 3720 amplioribus
2952 3661 3071 3701 cum
3103 3644 3304 3699 divitiis
3331 3645 3642 3713 majorcque

2063 3750 2278 3805 lidentia
2323 3763 2386 3802 ac
2433 3746 2718 3802 securitate
2757 3743 2824 3799 ad
2867 3745 3029 3798 Deum
3069 3742 3310 3796 abiturus
3346 3751 3507 3796 esset.
3539 3742 3640 3796 Et-

2062 3843 2202 3897 enim
2227 3841 2356 3894 illud
2381 3840 2596 3911 quidem
2625 3837 2830 3893 etiamsi
2853 3834 3121 3906 paululum
3151 3833 3637 3898 dill‘erreturJutu-

2063 3949 2180 3987 rum
2213 3941 2387 3987 tamen
2418 3931 2636 3984 omnino
2663 3937 2805 3992 erat;
2837 3926 3032 3981 lucrari
3076 3940 3205 3981 vero
3235 3926 3458 3990 animas,
3491 3934 3640 3996 post-

2061 4043 2218 4095 quam
2246 4026 2370 4079 illuc
2387 4025 2625 4088 abiissel,
2645 4038 2749 4076 non
2774 4029 3002 4092 poterat.
3032 4019 3144 4074 IIuc
3165 4017 3391 4085 accedit,
3419 4016 3640 4102 [pulum

2063 4119 2228 4173 multa
2266 4134 2329 4172 ex
2370 4117 2638 4172 communi
2673 4114 3000 4169 audientium
3031 4128 3191 4167 sensu
3222 4111 3490 4182 proferre,
3542 4126 3640 4164 ne-

2061 4227 2162 4281 que
2192 4209 2385 4280 ubique
2415 4207 2778 4278 phiIOSOphari
2811 4223 2826 4260 :
2855 4207 2920 4260 ad
2964 4204 3260 4259 mundanus
3289 4203 3430 4259 enim
3465 4202 3641 4256 homi-

2064 4317 2158 4355 nes
2179 4315 2358 4355 sermo
2390 4298 2488 4368 ipsi
2516 4306 2631 4353 erat
2657 4297 2954 4361 institutus,
2978 4305 3205 4349 mortem
3236 4293 3412 4348 adhuc
3444 4293 3638 4347 timcn-

2064 4403 2162 4447 tcs.
2187 4393 2450 4448 Prwterea
2478 4390 2733 4454 ostendit,
2757 4390 2941 4461 quanti
2969 4388 3385 4459 Epaphroditum
3406 4387 3601 4441 faceret
3625 4405 3638 4438 :

2065 4485 2292 4554 hincque
2320 4484 2392 4538 illi
2432 4484 2788 4538 reverentiam
2819 4483 3104 4551 quamdam
3133 4480 3419 4545 conciliat,
3458 4489 3639 4549 utpote

2061 4578 2212 4646 cujus
2240 4577 2463 4630 salutem
2495 4573 2630 4629 adeo
2658 4573 2757 4630 sibi
2804 4573 2984 4626 utilem
3026 4583 3149 4626 csse‘
3188 4579 3431 4633 testetur,
3466 4582 3520 4623 ut
3551 4587 3636 4622 se.

2061 4686 2181 4724 cum
2210 4682 2424 4738 quoque
2451 4681 2515 4720 ex
2546 4663 2686 4718 illius
2718 4663 3081 4718 incolumitate
3111 4661 3528 4716 misericorditer
3554 4677 3641 4713 ac-

2063 4771 2171 4817 tum
2217 4769 2384 4828 putet.
2419 4758 2683 4812 Prmtcrea
2717 4770 2880 4820 vero,
2915 4765 2971 4807 ιιι
3007 4753 3106 4809 hoc
3146 4753 3417 4806 mittamus
3439 4793 3454 4816 ,
3483 4752 3637 4805 aliam

2061 4869 2274 4926 quoque
2313 4853 2384 4907 ob
2413 4866 2627 4907 causam
2659 4849 2795 4903 bona
2842 4857 2921 4902 est
2954 4861 3190 4916 prmscns
3217 4846 3345 4899 vita.
3373 4843 3505 4898 Nam
3539 4843 3638 4897 nisi

2062 4945 2258 5001 bonum
2287 4950 2462 5010 esset,
2493 4956 2589 4996 cur
2631 4941 2751 4994 loco
2789 4939 3168 5008 suppliciorum
3204 4945 3512 4990 numeraret
3539 4935 3640 4986 im-

2061 5047 2298 5091 maturas
2320 5033 2562 5088 mortes?
2586 5029 3032 5100 quemadmodum
3066 5029 3152 5081 ubi
3180 5027 3379 5097 inquit,
3410 5026 3538 5078 Ideo
3563 5026 3641 5077 iu-

2062 5138 2134 5180 ter
2176 5143 2261 5181 nos
2293 5126 2436 5178 multi
2477 5123 2670 5191 inﬁrmi
2700 5132 2744 5175 et
2779 5119 3050 5174 imbecilles
3073 5161 3085 5182 ,
3127 5127 3172 5171 et
3215 5118 3468 5171 dormiunt
3497 5115 3643 5167 multi

2062 5222 2139 5291 (l.
2172 5219 2292 5274 Cor.
2323 5219 2408 5272 ll.
2442 5217 2556 5285 50).
2591 5215 2790 5270 Futura
2819 5213 2965 5268 enim
3004 5213 3110 5265 vita
3153 5208 3380 5279 improbi
3413 5207 3642 5260 hominis

2063 5330 2167 5368 non
2196 5312 2405 5372 melior,
2441 5309 2548 5362 imo
2579 5307 2715 5361 mala
2745 5315 2862 5371 est;
2912 5304 3064 5374 probi
3093 5310 3269 5356 autem
3312 5301 3518 5355 melior.
3561 5298 3644 5351 Ne

2064 5404 2358 5468 tristitiam,
2407 5399 2610 5468 inquit,
2661 5413 2812 5466 super
2855 5396 3108 5449 tristitiam
3157 5393 3422 5455 haberem,
3467 5407 3534 5443 ne
3575 5390 3640 5442 ad

2062 5508 2347 5548 lllOBl‘Ol‘Clll
2374 5534 2386 5556 ,
2428 5506 2584 5560 quem
2622 5504 2685 5542 ex
2717 5488 2884 5558 ipsius
2914 5484 3273 5540 invaletudine
3317 5483 3592 5550 capiebam
3622 5523 3637 5547 ,

2061 5587 2343 5642 accederet
2371 5599 2568 5640 mceror
2591 5599 2654 5637 ex
2689 5593 2882 5636 morte.
2913 5581 2983 5634 Ita
3008 5581 3186 5650 quanti
3215 5574 3642 5647 Epaphrodituttt

2126 5747 2197 5808 (η)
2224 5743 2429 5794 Videtur
2451 5741 2529 5791 hic
2555 5740 2832 5790 Manichaéos
2854 5738 3174 5799 redarguere.
