4030 6204
430 463 434 468 .
456 416 563 472 249

456 532 611 585 faciat
637 524 886 581 ostendit.
917 523 1006 579 28.
1049 520 1398 576 Festinantitts
1417 535 1535 591 ergo
1560 518 1675 572 misi
1694 515 1860 572 illum.
1887 515 2028 582 Quid

456 630 539 676 est
561 662 575 683 ,
608 617 948 673 Festinantius
969 615 995 669 7
1028 613 1156 669 Sine
1183 612 1556 677 cunctatione,
1601 608 1745 664 nulla
1786 608 2024 678 interpo-

459 713 556 765 sita
583 723 728 763 mora
746 748 758 768 ,
778 705 970 774 jubens
991 703 1169 758 omnia
1197 716 1546 772 quaecumque
1565 699 1782 755 obstent
1809 700 2029 755 vincen-

461 813 600 863 tem,
632 813 784 868 quam
813 795 1072 851 citissime
1096 793 1161 848 ad
1192 805 1290 847 vos
1309 792 1522 857 venire,
1553 798 1611 844 ut
1637 807 1870 846 maerore
1897 789 2031 845 Iibe-

461 903 558 947 ret.
589 891 698 944 Non
721 889 862 942 enim
886 887 932 942 si
962 899 1060 941 eos
1083 898 1220 955 quos
1243 897 1487 938 amamus
1518 884 1703 938 valere
1728 881 2026 945 audiamus,

457 1000 605 1053 a-que
647 985 891 1036 laetamur
937 993 1005 1035 ac.
1055 979 1102 1032 si
1150 971 1460 1041 videamus,
1503 976 1844 1044 maximeque
1886 973 1930 1027 si
1980 971 2030 1026 id

457 1086 644 1144 praeter
684 1088 836 1143 spem
873 1070 1114 1133 eveniat,
1156 1066 1606 1138 quemadmodum
1649 1075 1774 1122 tunc
1801 1066 1852 1119 in
1893 1063 2032 1132 Epa-

456 1165 706 1236 phrodito
750 1170 1030 1220 evenerat.
1081 1161 1431 1217 Festinantius
1469 1176 1627 1233 ergo,
1670 1158 1878 1228 inquit,
1920 1155 2032 1210 misi

453 1259 599 1312 illum
625 1274 644 1310 :
669 1269 721 1310 ut
747 1257 853 1310 viso
887 1271 945 1309 eo
972 1256 1268 1329 gaudeatis,
1298 1264 1344 1308 et
1374 1270 1464 1324 ego
1500 1253 1658 1322 magis
1687 1252 1796 1304 sine
1828 1249 2033 1302 tristitia

454 1351 569 1402 sint.
598 1347 883 1415 Quomodo
911 1350 1079 1419 magis
1116 1348 1232 1402 sine
1285 1344 1539 1399 tristitia?
1576 1342 1837 1410 Quoniam
1868 1341 1913 1395 si
1937 1352 2034 1394 vos

456 1439 722 1508 gaudetis,
745 1450 799 1496 et
829 1456 926 1510 ego
953 1437 1218 1508 gaudebo,
1247 1444 1302 1492 et
1322 1436 1407 1489 hic
1430 1434 1546 1503 ipse
1574 1433 1643 1488 de
1668 1439 1848 1486 nostra
1879 1428 2031 1484 volu-

463 1511 608 1603 ptate
632 1532 910 1602 gaudebit,
941 1539 995 1584 et
1021 1543 1120 1598 ego
1145 1542 1174 1580 a
1199 1540 1433 1581 mmrore
1461 1523 1677 1578 liberior
1705 1536 1820 1576 ero.
1853 1519 2035 1589 Neque

465 1624 628 1686 dixit,
656 1623 783 1677 Sine
813 1619 1058 1680 tristitia,
1094 1616 1188 1673 sed
1210 1657 1224 1680 ,
1252 1615 1419 1686 Magis
1447 1614 1554 1669 sine
1582 1613 1818 1680 tristitia,
1852 1618 1912 1666 ut
1941 1623 2033 1664 os-

467 1711 649 1768 tendat
666 1726 954 1780 numquam
977 1709 1206 1762 animam
1228 1720 1376 1759 suam
1400 1719 1630 1760 mmrore
1649 1717 1869 1757 vacuam
1889 1714 2031 1756 esse.

463 1805 561 1872 Qui
592 1804 731 1858 enim
761 1806 832 1856 ita
859 1802 1017 1866 dicit,
1054 1800 1178 1866 Quis
1202 1799 1512 1867 inﬁrmatur,
1553 1806 1601 1850 et
1633 1812 1725 1866 ego
1765 1812 1866 1848 non
1889 1794 2036 1862 inﬁr-

463 1898 615 1950 mor?
641 1897 752 1966 quis
793 1893 1190 1954 scandalizatur,
1222 1900 1268 1944 et
1293 1906 1384 1960 ego
1414 1905 1516 1943 non
1559 1905 1678 1942 uror
1698 1888 1771 1956 (Ξ.
1799 1886 1917 1942 Cor.
1947 1886 2032 1945 il.

462 1973 590 2056 99)?
637 1985 906 2055 quomodo
949 1983 1068 2039 sine
1107 1995 1344 2037 maerore
1381 1989 1437 2035 et
1484 1981 1693 2036 tristitia
1724 1979 1840 2034 sit?
1895 1977 2036 2046 Ergo

465 2093 782 2140 tuon-orem,
836 2077 1006 2144 inquit
1038 2115 1052 2139 ,
1104 2073 1261 2128 istum
1309 2071 1594 2140 deponam.
1651 2069 1743 2124 9.9.
1800 2067 2034 2137 Excipite

466 2171 634 2236 itaque
686 2159 830 2220 illum
877 2167 926 2218 in
971 2164 1189 2217 Domino
1236 2178 1352 2215 cum
1391 2161 1528 2214 omni
1567 2160 1774 2230 gaudio.
1817 2157 1884 2211 In
1925 2156 2035 2210 Do-

468 2237 638 2324 tuino,
685 2258 828 2328 quod
877 2257 1016 2310 idem
1060 2264 1142 2310 est
1165 2269 1228 2309 ac
1256 2253 1621 2322 spiritualiter.
1668 2251 1721 2306 ld
1758 2259 1876 2317 est,
1921 2265 2038 2304 ma-

467 2331 574 2419 gno
600 2364 717 2402 Clltll
745 2346 954 2410 smdio;
981 2345 1062 2399 vel
1094 2345 1264 2414 potius
1286 2343 1385 2398 hoc
1411 2342 1692 2412 significat,
1726 2342 1833 2396 Deo
1859 2340 2043 2395 volen-

473 2449 541 2492 te.
574 2438 751 2507 itaque
811 2437 958 2491 illum
1004 2436 1229 2505 excipite
1273 2449 1368 2504 pro
1410 2442 1711 2488 sanctorum
1747 2433 2036 2501 dignitate,

473 2540 758 2584 utsanctos
799 2524 971 2598 excipi
1016 2543 1110 2597 par
1155 2537 1262 2593 est,
1305 2525 1430 2579 Cum
1459 2525 1630 2590 eunti,
1675 2524 1878 2593 inquit,
1909 2539 2039 2594 gau-

469 2621 576 2673 dio.

485 2693 490 2702 l
542 2714 597 2765 5.
635 2708 760 2766 l-la-c
801 2711 977 2764 omnia
1019 2724 1114 2778 pro
1157 2709 1220 2763 iis
1255 2707 1379 2763 facit
1407 2705 1475 2761 ad
1517 2721 1650 2777 quos
1700 2706 1898 2769 mittit,
1934 2720 2038 2761 non

473 2780 567 2873 pro
592 2802 789 2856 missis.
821 2800 988 2869 Majus
1009 2800 1150 2854 enim
1176 2798 1300 2853 facit
1330 2798 1535 2851 lucrmn
1560 2836 1576 2861 ,
1609 2798 1697 2865 qui
1722 2795 2040 2850 benefit-ium

471 2887 557 2947 dat
579 2935 594 2960 ,
625 2909 781 2962 quant
815 2891 902 2961 qui
932 2890 1143 2958 accipit.
1178 2887 1239 2940 Et
1263 2887 1514 2958 ejusmodi
1543 2886 1768 2939 homines
1798 2902 1909 2939 cum
1944 2886 2041 2939 ho-

473 3001 592 3037 νισι-ε
635 2984 877 3035 habetote.
929 2980 982 3034 id
1025 2989 1136 3044 est,
1179 2977 1424 3046 Excipite
1465 2977 1613 3030 illum
1659 2984 1717 3029 ut
1767 2983 2044 3030 uterentur

473 3074 661 3127 sancti.
711 3073 800 3127 50.
847 3071 1096 3137 Quoniam
1136 3075 1339 3137 prapter
1376 3082 1504 3133 opus
1549 3065 1736 3119 Christi
1778 3081 1936 3133 usque
1975 3065 2044 3118 ad

476 3179 684 3220 mortem
709 3164 935 3228 accessit,
963 3162 1168 3214 tradens
1192 3160 1413 3212 animam
1440 3174 1612 3222 suam,
1640 3167 1694 3210 ut
1717 3157 1945 3226 impleret
1967 3157 2042 3220 id,

475 3259 606 3329 quod
645 3275 707 3311 ea:
733 3249 869 3311 vobis
897 3255 1066 3308 deerat
1092 3269 1210 3322 erga
1237 3268 1402 3304 meum
1429 3249 1742 3320 obsequium.
1771 3248 1868 3302 llic
1891 3263 2044 3302 com-

479 3351 706 3405 muniter
733 3364 760 3402 a
791 3345 1212 3416 Philippensium
1243 3345 1460 3398 civitate
1491 3343 1685 3396 missus
1713 3339 1887 3396 fuerat
1907 3382 1922 3406 ,
1955 3341 2046 3410 qui

480 3443 638 3495 Paulo
668 3439 1030 3502 ministraret;
1062 3448 1152 3490 aut
1196 3437 1418 3490 fortasse
1447 3434 1607 3488 etiam
1645 3433 1764 3489 ideo
1790 3443 2044 3499 venerat,

478 3546 532 3586 ut
559 3533 826 3602 quidpiam
852 3530 1067 3584 at‘l‘erret
1099 3548 1112 3583 :
1139 3521 1326 3581 allatas
1349 3527 1491 3581 enim
1523 3526 1590 3580 ab
1617 3527 1708 3580 illo
1737 3541 1856 3581 esse
1884 3541 2041 3596 pecu-

483 3626 594 3677 nias
624 3625 676 3676 in
704 3633 939 3677 extrema
971 3619 1196 3692 epistola
1218 3617 1453 3673 ostendit
1479 3617 1562 3672 his
1589 3617 1798 3682 verbis,
1821 3617 2048 3688 Acceptis

487 3717 546 3767 ob
571 3714 918 3783 Epaphrodito
946 3728 1058 3779 quas
1087 3712 1288 3765 misistis
1322 3709 1487 3780 (Phil.
1527 3710 1582 3764 4.
1624 3709 2050 3778 l8).Verisimilc

494 3807 645 3871 igitur
683 3816 762 3858 est
805 3803 950 3858 illum
972 3845 987 3871 ,
1017 3819 1135 3857 cum
1166 3804 1386 3857 liomam
1435 3802 1798 3872 pervenisset,
1829 3800 2048 3855 Paulum

493 3896 542 3947 iu
577 3910 766 3963 magno
798 3892 899 3950 hoc
942 3897 1186 3964 gravique
1225 3895 1463 3964 periculo
1507 3895 1804 3964 reperisse,
1859 3904 1914 3948 ut
1961 3894 2049 3963 qui

486 3986 636 4040 adire
663 3987 811 4040 illum
843 3987 1030 4040 vellent
1057 4029 1073 4052 ,
1104 3988 1196 4054 ipsi
1223 4003 1437 4056 quoque
1466 3987 1682 4041 minimc
1710 3995 1822 4040 tuto
1846 3986 1894 4039 id
1926 4002 2050 4054 pos-

484 4090 604 4135 sent
635 4079 810 4134 i'accre
830 4119 844 4143 ,
874 4079 966 4133 sed
993 4093 1091 4131 suo
1114 4079 1351 4146 periculo
1380 4077 1736 4131 accederent:
1764 4077 1902 4146 quod
1931 4093 2055 4132 eve-

484 4170 600 4224 nire
631 4170 860 4222 maxime
881 4169 1158 4222 consuevit
1181 4183 1368 4237 magna
1395 4179 1660 4221 commota
1695 4177 2010 4236 tempestate
2035 4208 2049 4233 ,

482 4270 640 4329 atque
673 4260 761 4314 ubi
799 4275 979 4330 regum
1012 4259 1089 4313 ira
1121 4259 1374 4328 majorem
1405 4259 1457 4312 in
1491 4259 1702 4312 modum
1731 4258 2049 4313 effervescit.

489 4352 698 4404 Etenim
727 4366 847 4403 eum
878 4350 996 4420 quis
1019 4389 1035 4414 ,
1063 4349 1203 4419 quod
1232 4351 1283 4404 in
1326 4350 1465 4420 regis
1493 4350 1843 4406 offensionem
1877 4351 2054 4405 incur-

487 4443 651 4503 rerit,
706 4441 756 4493 in
807 4447 1078 4494 ‘carceretn
1123 4438 1446 4504 detruditur,
1494 4450 1758 4510 arctteque
1798 4441 2055 4495 custodite

490 4531 711 4584 traditur
730 4547 742 4590 ;
771 4538 897 4585 tunc
914 4527 997 4584 vel
1022 4529 1207 4583 famuli
1239 4528 1336 4598 ipsi
1360 4528 1504 4582 aditu
1524 4531 1894 4598 prohibentur,
1915 4530 2056 4598 quod

492 4621 698 4688 quidem
724 4621 885 4675 Paulo
909 4630 1034 4675 tunc
1051 4617 1306 4675 accidisse
1328 4621 1616 4674 verisimile
1636 4631 1718 4674 0.".
1743 4641 1755 4675 :
1781 4620 2060 4691 Epaphro-

495 4711 655 4766 ditutn
677 4729 804 4768 vero
823 4753 838 4778 ,
872 4728 1066 4783 magno
1097 4723 1255 4781 atque
1281 4714 1496 4767 excelso
1517 4713 1697 4766 animo
1727 4715 1920 4780 virum,
1944 4731 2060 4768 om-

494 4805 573 4858 nia
603 4807 1010 4875 comtempsissc
1037 4805 1272 4874 pericula
1299 4845 1315 4870 ,
1364 4814 1420 4858 ut
1459 4805 1678 4858 Paulum
1708 4804 1877 4860 adiret
1905 4806 2060 4875 eique

490 4895 847 4959 ministraret,
875 4906 1035 4964 atque
1077 4894 1255 4950 omnia
1304 4911 1423 4964 qua:
1453 4909 1589 4964 opus
1633 4904 1785 4950 erant
1834 4895 2057 4951 faceret.

494 4987 604 5041 Duo
633 4988 792 5057 igitur
822 4986 978 5041 affert
1007 4987 1204 5042 Paulus
1225 5027 1240 5051 ,
1271 5002 1336 5041 ex
1363 4986 1558 5056 quibus
1588 4985 1663 5040 illi
1690 4987 2060 5041 auctoritatem

489 5095 549 5132 ac
577 5079 931 5134 reverentiam
962 5079 1213 5134 conciliat
1241 5096 1254 5130 :
1287 5093 1448 5131 unum
1492 5077 1707 5147 quidem
1727 5117 1741 5140 ,
1775 5077 1862 5132 ubi
1898 5077 2060 5143 dicit,

491 5173 552 5223 ad
581 5182 807 5224 mortem
835 5185 1002 5240 usque
1028 5183 1144 5225 mea
1169 5185 1328 5225 causa
1357 5169 1710 5238 periclitatum
1737 5185 1854 5226 esse
1879 5188 1893 5235 ;
1922 5172 2055 5227 alte-

492 5273 605 5314 rum
651 5276 782 5314 vero
803 5300 818 5326 ,
847 5257 990 5330 quod
1019 5274 1303 5330 personam
1331 5256 1561 5315 civitatis
1586 5276 1780 5331 gerens
1807 5262 1921 5315 hmo
1946 5279 2068 5332 per-

492 5357 677 5417 pessus
721 5346 884 5404 fuerit
931 5367 944 5403 :
993 5358 1051 5404 ut
1089 5351 1142 5404 in
1183 5350 1422 5419 perieulo
1450 5349 1542 5403 illo
1587 5351 1650 5404 iis
1678 5350 1770 5419 qui
1811 5351 2066 5406 miserant

491 5456 698 5497 merces
728 5439 1036 5505 deberetur,
1065 5441 1289 5511 perinde
1316 5457 1378 5495 ac
1410 5441 1455 5495 si
1483 5442 1669 5496 civitas
1700 5441 1932 5512 legatum
1963 5443 2064 5496 titi-

487 5533 666 5586 sisset.
719 5531 861 5601 Ergo
899 5533 1151 5602 excipere
1193 5533 1340 5588 illum
1381 5549 1501 5588 cum
1532 5531 1760 5604 quodam
1807 5533 2072 5603 obsequio

487 5626 643 5694 eique
686 5625 884 5692 gratias
930 5639 1091 5694 agere
1133 5625 1200 5680 de
1240 5623 1432 5680 olliciis
1474 5625 1588 5696 ejus
1613 5667 1628 5693 ,
1662 5625 1797 5680 ratio
1823 5625 2073 5697 quaedam

486 5717 588 5767 erit
633 5727 733 5782 qua
783 5714 1015 5782 pericula
1048 5724 1101 5770 et
1131 5715 1264 5769 facta
1295 5724 1476 5771 nostra
1517 5716 1687 5782 magis
1715 5715 1888 5771 adhuc
1917 5731 2064 5772 com-

495 5809 671 5859 munia
708 5807 856 5860 \obis
899 5803 1118 5860 iacietis.
1149 5805 1328 5876 Neque
1366 5807 1530 5873 dixit,
1576 5806 1687 5880 Mea
1736 5825 1924 5876 causa,
1969 5808 2062 5861 sed

1350 407 1413 462 IN
1453 405 1660 462 EPIST.
1703 406 1792 460 AD
1832 402 2115 458 PIIIIJPP.
2157 404 2307 458 CAP.
2349 403 2408 458 ll.
2451 403 2677 460 llOillL.
2724 407 2810 461 ΙΧ.

3601 413 3705 466 suo

2136 515 2360 571 orationi
2393 517 2590 572 addens
2623 519 2990 572 auctoritatem
3018 533 3080 572 ac
3115 517 3269 573 fidem
3291 559 3306 582 ,
3334 521 3532 590 inquit,
3584 520 3706 573 l'm-

2135 617 2246 676 pter
2265 621 2393 674 opus
2421 607 2536 662 Dei.
2563 607 2677 662 Non
2707 608 2849 664 enim
2879 614 2995 664 mea
3022 623 3178 663 causa
3206 610 3348 676 facit,
3381 611 3470 667 st-tl
3493 623 3709 680 propter

2138 699 2326 755 Datim.
2357 699 2527 770 Usque
2549 701 2619 754 ad
2643 714 2852 756 mortem
2873 704 3098 757 accessit.
3125 702 3261 770 Quid
3286 703 3468 758 attint?
3496 705 3714 758 tantum

2137 790 2354 844 minime
2392 790 2559 856 obiit,
2596 792 2704 847 Deo
2746 793 2797 846 id
2841 793 3205 864 gubernante,
3239 795 3353 864 ipse
3377 802 3554 851 tamen
3586 796 3705 849 nul-

2137 879 2242 934 lam
2266 880 2387 934 vitm
2409 895 2521 935 sua:
2547 882 2807 937 rationem
2839 883 3060 949 habuit,
3087 900 3151 940 ac
3181 885 3398 941 tradidit
3433 886 3666 956 κείνων
3691 904 3707 949 ;

2137 982 2196 1027 ut
2216 1015 2231 1040 ,
2260 971 2513 1042 quidquid
2541 974 2874 1030 subeundum
2901 975 3030 1045 fuit,
3062 992 3167 1033 non
3195 993 3225 1032 a
3253 978 3559 1048 praestando
3578 979 3709 1035 mihi

2137 1067 2435 1122 ministerio
2472 1077 2802 1124 cessaturus.
2833 1069 2986 1138 Quod
3012 1071 3058 1125 si
3088 1080 3144 1124 ut
3179 1069 3342 1125 Paulo
3383 1069 3712 1127 ministraret

2137 1158 2373 1227 seipsum
2403 1159 2564 1213 morti
2589 1160 2877 1229 exposuit,
2907 1161 3078 1216 multo
3103 1162 3275 1232 magis
3317 1174 3414 1233 pro
3454 1163 3712 1233 pradicas

2140 1249 2285 1304 tione
2316 1249 2366 1303 id
2394 1248 2682 1314 subiisset;
2713 1251 2821 1305 imo
2866 1265 2999 1306 vero
3042 1263 3138 1320 pro
3185 1250 3350 1306 Paulo
3379 1253 3536 1316 mori,
3568 1251 3710 1307 idem

2136 1349 2254 1394 erat
2276 1355 2338 1395 ac
2365 1355 2460 1410 pro
2487 1341 2881 1410 praedicatione.
2906 1342 3050 1396 Licet
3077 1342 3218 1396 enim
3239 1383 3254 1407 ,
3285 1355 3390 1398 non
3416 1352 3621 1398 tantum
3644 1357 3712 1398 ne

2138 1432 2296 1488 idolis
2341 1432 2652 1499 sacriﬁcos,
2693 1434 2933 1506 martyrii
2978 1447 3233 1490 coronam
3279 1435 3568 1505 consequi,
3615 1434 3711 1490 sed

2137 1524 2402 1595 ejusmodi
2426 1527 2589 1581 etiam
2618 1528 2932 1582 occasiones
2955 1527 3269 1599 martyrium
3296 1525 3530 1592 iaciunt;
3559 1531 3644 1593 ac,
3667 1525 3714 1581 si

2139 1616 2451 1673 admirabile
2477 1617 2726 1688 quiddam
2756 1618 3040 1674 dicendum
3069 1627 3157 1675 est
3175 1659 3191 1685 ,
3223 1619 3394 1689 magis
3440 1619 3525 1675 lite
3553 1629 3713 1692 quam

2139 1707 2264 1762 illze.
2296 1707 2426 1762 Nam
2451 1708 2542 1778 qui
2567 1709 2774 1763 minore
2795 1708 2861 1763 de
2887 1723 3046 1764 causa
3071 1718 3301 1765 mortem
3329 1710 3510 1765 subire
3531 1710 3715 1776 audet,

2139 1801 2308 1855 multo
2326 1800 2492 1870 magis
2517 1799 2752 1864 audebit,
2785 1800 2872 1856 ubi
2899 1815 2988 1856 res
3013 1800 3181 1870 major
3209 1810 3417 1872 agatur.
3438 1801 3713 1872 Quamob-

2145 1906 2255 1948 rem
2301 1901 2356 1947 et
2393 1904 2522 1956 nos,
2550 1908 2670 1948 cum
2701 1901 2916 1947 sanctos
2937 1893 2989 1947 in
3016 1893 3268 1964 periculis
3291 1895 3494 1952 versari
3525 1895 3719 1952 videri.

2141 2000 2279 2045 ntus.
2307 1984 2431 2039 vita:
2461 2000 2529 2040 ne
2557 1998 2857 2054 parcamus.
2879 1985 2995 2042 Non
3018 1994 3196 2058 potest
3213 1988 3354 2043 enim
3378 1987 3444 2055 is,
3473 1989 3563 2058 qui
3586 1988 3718 2043 nihil

2141 2092 2260 2131 cum
2283 2077 2518 2146 periculo
2534 2078 2762 2146 experiri
2783 2078 3216 2148 audet,praeclari
3231 2079 3504 2152 quidpiam
3523 2081 3717 2148 facere,

2142 2167 2238 2224 sed
2270 2183 2489 2224 necesse
2528 2178 2612 2224 est
2650 2172 2929 2239 praesentis
2958 2173 3082 2227 vita:
3109 2174 3386 2230 securitati
3430 2176 3720 2231 consulem

2145 2269 2250 2314 tem
2273 2301 2287 2324 ,
2317 2262 2564 2317 amittere
2593 2261 2842 2317 futuram.
2873 2262 2946 2318 Ut
2968 2262 3201 2334 impleret
3219 2303 3235 2330 ,
3263 2265 3463 2336 inquit,
3488 2261 3559 2332 id,
3584 2267 3722 2336 quod

2144 2364 2207 2404 ea:
2233 2351 2368 2406 vobis
2395 2353 2568 2406 deerat
2596 2367 2716 2424 erga
2759 2369 2924 2408 meum
2951 2355 3258 2419 obsequium.
3290 2349 3430 2424 Quid
3474 2356 3576 2412 hoc
3600 2358 3723 2413 est?

2145 2441 2257 2495 Non
2289 2442 2475 2498 aderat
2501 2443 2724 2508 civitas,
2749 2443 2847 2498 sed
2874 2459 2967 2514 per
2992 2445 3137 2499 illum
3166 2446 3310 2500 omni
3340 2456 3465 2515 erga
3509 2455 3596 2502 me
3634 2447 3720 2502 of.

2148 2533 2268 2587 ficio
2292 2547 2354 2587 ac
2381 2533 2892 2589 ministerio-functa
2927 2544 3043 2598 est,
3089 2537 3338 2592 nimirum
3386 2538 3527 2607 quod
3569 2533 3719 2592 illum

2149 2623 2314 2678 misit.
2348 2624 2613 2692 Quidquid
2648 2624 2804 2694 igitur
2827 2626 2989 2680 vestri
3024 2627 3304 2683 ministerii
3335 2627 3467 2683 mihi
3495 2627 3678 2685 deerat
3705 2673 3719 2693 ,

2148 2712 2198 2766 id
2231 2712 2346 2780 ipse
2389 2713 2655 2780 explevit,
2687 2724 2746 2769 ut
2775 2714 2876 2770 hac
2918 2715 3080 2771 etiam
3128 2717 3339 2773 ratione
3377 2717 3723 2788 dignissimus

2147 2802 2218 2856 sit
2244 2803 2332 2872 qui
2363 2803 2585 2858 multum
2609 2803 2830 2860 honoris
2854 2816 3125 2875 reportet,
3152 2809 3406 2878 quoniam
3435 2808 3578 2880 quod
3607 2817 3726 2865 Om-
3759 2857 3762 2860 .

2150 2909 2245 2948 nes
2287 2893 2466 2950 facere
2490 2896 2805 2964 oportebat,
2847 2897 2948 2952 hoc
2994 2898 3106 2968 ipse
3137 2913 3233 2967 pro
3264 2899 3415 2955 vobis
3454 2903 3721 2972 prmetitit.

2149 2985 2322 3054 Atque
2347 2985 2580 3040 ostendit
2607 2986 2800 3042 Paulus
2829 2990 3004 3056 priora
3029 3004 3242 3060 quoque
3271 2987 3446 3044 ofﬁcia
3480 2989 3549 3046 ab
3575 2992 3722 3060 ipsis,

2148 3075 2236 3144 qui
2261 3073 2312 3128 in
2343 3084 2456 3129 tuto
2483 3084 2637 3130 erant
2659 3115 2674 3139 ,
2704 3076 2937 3131 exhibita
2963 3077 3390 3146 periclitantibus
3412 3094 3533 3135 esse
3562 3099 3573 3134 :
3599 3093 3721 3136 nam

2150 3163 2264 3218 ita'c
2290 3164 2449 3218 verba
2476 3205 2491 3228 ,
2539 3164 2604 3218 Id
2629 3165 2766 3234 quod
2800 3181 2862 3219 ea:
2889 3165 3025 3220 vobis
3051 3167 3224 3220 deerat
3262 3183 3383 3239 erga
3407 3169 3722 3237 obsequium,

2152 3251 2388 3308 indicant
2415 3265 2716 3323 respectum
2746 3255 3028 3324 quemdam
3061 3257 3126 3310 ad
3151 3257 3291 3313 illius
3317 3260 3547 3314 civitatis
3567 3260 3726 3316 obse-

2150 3343 2356 3414 quium.
2404 3344 2566 3401 Vides
2614 3361 2829 3401 sensum
2874 3347 3036 3401 animi
3082 3362 3145 3401 ac
3187 3350 3432 3418 Spiritum
3472 3352 3729 3420 apostoli-

2152 3435 2312 3488 cum?
2343 3434 2390 3488 is
2419 3451 2546 3490 vero
2573 3452 2677 3490 non
2723 3451 2787 3491 ex
2815 3437 3117 3506 arrogantia
3145 3439 3602 3508 proficiscebatur,
3631 3443 3729 3498 sed

2152 3539 2216 3578 ex
2249 3539 2435 3594 magna
2461 3540 2618 3595 quam
2648 3526 2857 3580 illorum
2878 3527 3095 3596 gerebat
3119 3544 3269 3584 cura.
3305 3530 3514 3586 Etenim
3540 3547 3608 3589 ne
3636 3533 3721 3590 ei.

2154 3612 2415 3681 ferantur,
2465 3614 2558 3669 sed
2604 3615 2921 3671 modestiam
2955 3626 3224 3685 tueantur,
3257 3636 3430 3692 neque
3475 3638 3726 3694 magnum

2153 3704 2405 3775 quiddam
2435 3722 2493 3761 se
2521 3707 2817 3775 praebuisse
2843 3709 3183 3776 existiment,
3218 3713 3312 3768 sed
3349 3713 3414 3768 ad
3459 3713 3730 3769 humilita-

2156 3805 2261 3850 tem
2288 3796 2642 3866 adducantur,
2673 3798 2902 3853 officium
2931 3800 3058 3856 illud
3105 3801 3191 3858 his
3215 3805 3435 3860 vocibus
3461 3807 3688 3876 appellat
3711 3843 3726 3871 ,

2157 3888 2400 3942 Debitum
2429 3890 2808 3956 ministerium,
2835 3900 2910 3955 et,
2940 3890 3006 3946 Id
3033 3894 3166 3962 quod
3187 3896 3376 3950 deerat.
3397 3896 3539 3967 Ergo
3559 3912 3732 3968 neque

2156 3995 2254 4033 nos
2285 3995 2504 4051 magnos
2548 3983 2767 4051 spiritus
2807 3997 3116 4050 sumamus,
3145 4001 3265 4040 cum
3305 3988 3504 4042 sanctis
3531 3988 3732 4057 aliquid

2157 4071 2490 4140 praebemus,
2537 4088 2710 4142 neque
2741 4071 2842 4126 hac
2885 4088 2943 4127 re
2973 4087 3071 4127 nos
3101 4074 3208 4127 illis
3234 4075 3549 4130 beneficium
3579 4086 3730 4146 pute-

2158 4179 2276 4218 mus
2306 4165 2433 4220 dare
2462 4182 2475 4217 :
2507 4180 2538 4218 a
2566 4164 2720 4218 nobis
2750 4163 2893 4218 enim
2924 4163 2976 4218 id
3021 4163 3265 4230 debetur,
3313 4180 3415 4220 nee
3443 4166 3732 4238 quidquam

2159 4256 2262 4310 illis
2285 4257 2565 4311 donamus.
2596 4256 2725 4310 Nam
2757 4255 3205 4326 quemadmodum
3254 4257 3317 4311 iis
3345 4257 3436 4327 qui
3480 4257 3534 4314 in
3575 4273 3729 4314 exer-

2157 4348 2264 4401 citu
2295 4356 2419 4400 sunt
2445 4362 2507 4400 ac
2539 4346 2737 4400 bellum
2765 4354 2998 4416 gerunt,
3030 4346 3096 4400 ab
3137 4345 3201 4400 iis
3221 4348 3309 4416 qtti
3344 4347 3498 4403 domi.
3523 4349 3582 4405 iu,
3604 4364 3734 4420 pace

2158 4441 2365 4504 vivunt,
2389 4438 2648 4492 debentur
2663 4438 2883 4502 cibaria,
2903 4444 2957 4491 et
2974 4436 3230 4506 quidquid
3253 4438 3357 4492 illis
3376 4442 3731 4495 necessarium

2161 4531 2312 4583 estin
2335 4537 2634 4596 sumptum;
2661 4527 2740 4581 illi
2761 4527 2902 4582 enim
2927 4543 3023 4596 pro
3045 4526 3126 4582 his
3150 4527 3200 4580 in
3218 4527 3332 4582 acie
3351 4537 3492 4582 stant
3512 4548 3526 4581 ς
3545 4528 3620 4583 ita
3638 4529 3736 4584 hac

2168 4621 2219 4673 iu
2251 4635 2432 4674 causa.
2482 4618 2612 4686 Quis
2656 4619 2799 4673 enim
2832 4619 3079 4683 Paulum,
3129 4619 3230 4673 nisi
3272 4618 3497 4674 docendi
3544 4636 3738 4677 munus

2165 4711 2440 4776 obivisset,
2475 4709 2796 4779 conjecissct
2825 4710 2876 4765 in
2905 4726 3176 4766 carcerem
3201 4712 3224 4765 Τ
3249 4712 3607 4780 Quamobrem
3635 4713 3738 4767 mi-

2167 4801 2398 4858 nistrare
2419 4809 2619 4858 sanctis
2644 4812 2876 4874 oportet.
2907 4803 3004 4872 Qui
3033 4808 3176 4861 enim
3206 4821 3312 4861 non
3339 4805 3627 4860 absurdum
3649 4805 3740 4871 sit,

2167 4896 2214 4950 ei
2238 4895 2324 4964 qui
2353 4905 2568 4950 terreno
2595 4893 2902 4964 imperatori
2928 4896 3140 4962 militat,
3167 4897 3346 4951 omnia
3373 4896 3737 4966 suppeditare.

2167 4996 2221 5041 et
2268 4987 2585 5042 vestimenta
2615 4994 2670 5041 et
2717 4987 2953 5054 cibaria,
3004 5002 3115 5042 non.
3140 4986 3311 5065 solum
3344 4997 3599 5056 quantum
3648 5003 3738 5041 ne-

2167 5077 2390 5132 cessitas
2418 5077 2691 5146 postulat,
2713 5077 2814 5132 sed.
2853 5078 3012 5132 etiam
3045 5078 3164 5147 plus
3188 5092 3345 5147 quam
3382 5077 3514 5131 satis
3539 5088 3649 5143 est;
3690 5080 3741 5132 ci

2167 5182 2297 5222 vero
2324 5169 2424 5238 qui
2462 5169 2656 5223 militat
2703 5167 2904 5222 czelesti
2937 5166 3287 5236 imperatori,
3337 5177 3496 5237 atque
3546 5167 3600 5221 in
3629 5168 3743 5222 acie

2170 5269 2273 5313 stat
2301 5261 2560 5314 adversus
2597 5261 2782 5314 hostes
2811 5261 2966 5329 longe
3004 5259 3277 5330 graviores
3303 5259 3322 5331 (
3357 5261 3609 5327 Quoniam
3639 5279 3740 5315 non

2170 5362 2242 5406 est
2281 5353 2572 5407 colluctatio
2601 5353 2781 5417 nobis,
2824 5351 3030 5420 inquit,
3069 5351 3310 5407 adversus
3353 5356 3651 5424 sanguinein
3694 5365 3741 5407 et

2170 5461 2370 5497 carnem
2398 5442 2612 5515 [Ephcs.
2639 5443 2692 5497 8.
2727 5442 2792 5495 i2
2825 5439 2891 5512 ]),
2921 5457 3092 5511 neque
3109 5445 3406 5499 necessaria
3433 5445 3592 5498 etiam
3613 5459 3740 5510 sup-

2173 5533 2410 5602 peditare
2429 5533 2457 5585 ?—
2481 5533 2634 5600 cujus
2661 5532 2760 5584 hoc
2792 5531 3082 5600 iniquitatis
3103 5543 3186 5588 est
3207 5533 3231 5587 'i
3252 5543 3510 5604 quantum
3536 5534 3636 5589 hoc
3665 5537 3746 5589 in-

2172 5629 2304 5693 grati
2335 5634 2389 5677 et
2419 5623 2562 5693 parci
2589 5623 2753 5677 animi
2785 5623 3010 5678 vitium?

2247 5720 2296 5773 4.
2331 5719 2616 5782 Caeterum,
2649 5724 2902 5785 quantuni
2932 5716 3107 5783 video,
3137 5718 3252 5787 plus
3271 5718 3412 5788 apud
3445 5734 3541 5774 nos
3570 5719 3743 5774 homi-

2181 5827 2302 5866 num
2334 5819 2505 5864 ntctus
2537 5817 2727 5879 potest,
2759 5822 2912 5877 quam
2943 5808 3199 5878 gehenna:
3222 5820 3275 5866 et
3301 5808 3594 5868 futurorum
3619 5828 3746 5868 suu-
