  <div class='ocr_page' id='page_1' title='image "/cluster/home/n/w/nwhite01/storage/ocr_20150623/62/mdp.39015008622626/257.png"; bbox 0 0 4030 6204; ppageno 0'>
   <div class='ocr_carea' id='block_1_1' title="bbox 364 338 465 394">
    <p class='ocr_par' dir='ltr' id='par_1_1' title="bbox 364 338 465 394">
     <span class='ocr_line' id='line_1_1' title="bbox 364 338 465 394; baseline -0.04 1"><span class='ocrx_word' id='word_1_1' title='bbox 364 341 430 394; x_wconf 70' lang='grc'><strong>23</strong></span> <span class='ocrx_word' id='word_1_2' title='bbox 445 338 465 390; x_wconf 91' lang='grc' dir='ltr'>ι·</span> 
     </span>
    </p>
   </div>
   <div class='ocr_carea' id='block_1_2' title="bbox 356 438 1928 522">
    <p class='ocr_par' dir='ltr' id='par_1_2' title="bbox 356 438 1928 522">
     <span class='ocr_line' id='line_1_2' title="bbox 356 438 1928 522; baseline -0.011 -18"><span class='ocrx_word' id='word_1_3' title='bbox 356 451 655 522; x_wconf 59' lang='lat' dir='ltr'><strong>atieiorum.</strong></span> <span class='ocrx_word' id='word_1_4' title='bbox 676 449 962 518; x_wconf 78' lang='lat' dir='ltr'><strong>Propterea</strong></span> <span class='ocrx_word' id='word_1_5' title='bbox 984 459 1112 499; x_wconf 83' lang='lat' dir='ltr'><strong>sane</strong></span> <span class='ocrx_word' id='word_1_6' title='bbox 1132 441 1308 498; x_wconf 81' lang='lat' dir='ltr'><strong>omnia</strong></span> <span class='ocrx_word' id='word_1_7' title='bbox 1334 449 1519 496; x_wconf 88' lang='lat' dir='ltr'><strong>contra</strong></span> <span class='ocrx_word' id='word_1_8' title='bbox 1543 454 1698 508; x_wconf 88' lang='lat' dir='ltr'><strong>quam</strong></span> <span class='ocrx_word' id='word_1_9' title='bbox 1722 438 1928 502; x_wconf 87' lang='lat' dir='ltr'><strong>deceat,</strong></span> 
     </span>
    </p>
   </div>
   <div class='ocr_carea' id='block_1_3' title="bbox 355 533 1930 605">
    <p class='ocr_par' dir='ltr' id='par_1_3' title="bbox 355 533 1930 605">
     <span class='ocr_line' id='line_1_3' title="bbox 355 533 1930 605; baseline -0.008 -7"><span class='ocrx_word' id='word_1_10' title='bbox 355 559 416 598; x_wconf 79' lang='lat' dir='ltr'><strong>se</strong></span> <span class='ocrx_word' id='word_1_11' title='bbox 445 543 671 605; x_wconf 86' lang='lat' dir='ltr'><strong>habent,</strong></span> <span class='ocrx_word' id='word_1_12' title='bbox 703 552 758 594; x_wconf 88' lang='lat' dir='ltr'><strong>ttt</strong></span> <span class='ocrx_word' id='word_1_13' title='bbox 803 539 976 593; x_wconf 79' lang='lat' dir='ltr'><strong>civilia</strong></span> <span class='ocrx_word' id='word_1_14' title='bbox 1018 533 1232 604; x_wconf 86' lang='lat' dir='ltr'><strong>quidem</strong></span> <span class='ocrx_word' id='word_1_15' title='bbox 1282 533 1492 604; x_wconf 81' lang='lat' dir='ltr'><strong>negotia</strong></span> <span class='ocrx_word' id='word_1_16' title='bbox 1541 533 1753 602; x_wconf 86' lang='lat' dir='ltr'><strong>singulo</strong></span> <span class='ocrx_word' id='word_1_17' title='bbox 1799 546 1930 600; x_wconf 86' lang='lat' dir='ltr'><strong>quo-</strong></span> 
     </span>
    </p>
   </div>
   <div class='ocr_carea' id='block_1_4' title="bbox 356 622 1930 704">
    <p class='ocr_par' dir='ltr' id='par_1_4' title="bbox 356 622 1930 704">
     <span class='ocr_line' id='line_1_4' title="bbox 356 622 1930 704; baseline -0.007 -18"><span class='ocrx_word' id='word_1_18' title='bbox 356 649 462 704; x_wconf 90' lang='lat' dir='ltr'><strong>que</strong></span> <span class='ocrx_word' id='word_1_19' title='bbox 510 631 599 687; x_wconf 90' lang='lat' dir='ltr'><strong>die</strong></span> <span class='ocrx_word' id='word_1_20' title='bbox 657 628 1063 700; x_wconf 78' lang='lat' dir='ltr'><strong>diligentissime</strong></span> <span class='ocrx_word' id='word_1_21' title='bbox 1117 623 1582 688; x_wconf 89' lang='lat' dir='ltr'><strong>administrentur,</strong></span> <span class='ocrx_word' id='word_1_22' title='bbox 1625 637 1800 693; x_wconf 89' lang='lat' dir='ltr'><strong>neque</strong></span> <span class='ocrx_word' id='word_1_23' title='bbox 1840 622 1930 676; x_wconf 90' lang='lat' dir='ltr'><strong>illa</strong></span> 
     </span>
    </p>
   </div>
   <div class='ocr_carea' id='block_1_5' title="bbox 357 713 1935 794">
    <p class='ocr_par' dir='ltr' id='par_1_5' title="bbox 357 713 1935 794">
     <span class='ocr_line' id='line_1_5' title="bbox 357 713 1935 794; baseline -0.008 -14"><span class='ocrx_word' id='word_1_24' title='bbox 357 740 612 794; x_wconf 80' lang='lat' dir='ltr'><strong>umquam</strong></span> <span class='ocrx_word' id='word_1_25' title='bbox 629 721 797 777; x_wconf 88' lang='lat' dir='ltr'><strong>omitti</strong></span> <span class='ocrx_word' id='word_1_26' title='bbox 827 719 1009 774; x_wconf 87' lang='lat' dir='ltr'><strong>videas</strong></span> <span class='ocrx_word' id='word_1_27' title='bbox 1034 734 1050 784; x_wconf 92' lang='lat'><strong>;</strong></span> <span class='ocrx_word' id='word_1_28' title='bbox 1077 716 1431 788; x_wconf 74' lang='lat' dir='ltr'><strong>spiritualium</strong></span> <span class='ocrx_word' id='word_1_29' title='bbox 1459 729 1587 771; x_wconf 86' lang='lat' dir='ltr'><strong>vero</strong></span> <span class='ocrx_word' id='word_1_30' title='bbox 1612 715 1754 769; x_wconf 89' lang='lat' dir='ltr'><strong>nulla</strong></span> <span class='ocrx_word' id='word_1_31' title='bbox 1780 713 1935 768; x_wconf 87' lang='lat' dir='ltr'><strong>nobis</strong></span> 
     </span>
    </p>
   </div>
   <div class='ocr_carea' id='block_1_6' title="bbox 358 806 1932 881">
    <p class='ocr_par' dir='ltr' id='par_1_6' title="bbox 358 806 1932 881">
     <span class='ocr_line' id='line_1_6' title="bbox 358 806 1932 881; baseline -0.007 -11"><span class='ocrx_word' id='word_1_32' title='bbox 358 817 493 871; x_wconf 91' lang='lat' dir='ltr'><strong>ratio</strong></span> <span class='ocrx_word' id='word_1_33' title='bbox 533 814 814 869; x_wconf 85' lang='lat' dir='ltr'><strong>habeatur.</strong></span> <span class='ocrx_word' id='word_1_34' title='bbox 857 812 932 866; x_wconf 90' lang='lat' dir='ltr'><strong>Ita</strong></span> <span class='ocrx_word' id='word_1_35' title='bbox 953 851 969 876; x_wconf 93' lang='lat'><strong>,</strong></span> <span class='ocrx_word' id='word_1_36' title='bbox 1015 825 1135 881; x_wconf 72' lang='lat' dir='ltr'><strong>qua:</strong></span> <span class='ocrx_word' id='word_1_37' title='bbox 1165 809 1482 864; x_wconf 86' lang='lat' dir='ltr'><strong>necessitate</strong></span> <span class='ocrx_word' id='word_1_38' title='bbox 1505 806 1660 862; x_wconf 86' lang='lat' dir='ltr'><strong>nobis</strong></span> <span class='ocrx_word' id='word_1_39' title='bbox 1687 807 1932 876; x_wconf 83' lang='lat' dir='ltr'><strong>imposita</strong></span> 
     </span>
    </p>
   </div>
   <div class='ocr_carea' id='block_1_7' title="bbox 354 902 1932 973">
    <p class='ocr_par' dir='ltr' id='par_1_7' title="bbox 354 902 1932 973">
     <span class='ocr_line' id='line_1_7' title="bbox 354 902 1932 973; baseline -0.006 -12"><span class='ocrx_word' id='word_1_40' title='bbox 354 922 416 961; x_wconf 90' lang='lat' dir='ltr'><strong>ac</strong></span> <span class='ocrx_word' id='word_1_41' title='bbox 447 905 724 961; x_wconf 90' lang='lat' dir='ltr'><strong>tormentis</strong></span> <span class='ocrx_word' id='word_1_42' title='bbox 751 902 1059 973; x_wconf 78' lang='lat' dir='ltr'><strong>propositis,</strong></span> <span class='ocrx_word' id='word_1_43' title='bbox 1089 904 1415 969; x_wconf 86' lang='lat' dir='ltr'><strong>omninoque</strong></span> <span class='ocrx_word' id='word_1_44' title='bbox 1443 908 1711 969; x_wconf 76' lang='lat' dir='ltr'><strong>tamquam</strong></span> <span class='ocrx_word' id='word_1_45' title='bbox 1749 914 1777 953; x_wconf 91' lang='lat' dir='ltr'><strong>a</strong></span> <span class='ocrx_word' id='word_1_46' title='bbox 1813 913 1932 953; x_wconf 77' lang='lat' dir='ltr'><strong>ser-</strong></span> 
     </span>
    </p>
   </div>
   <div class='ocr_carea' id='block_1_8' title="bbox 355 989 1930 1064">
    <p class='ocr_par' dir='ltr' id='par_1_8' title="bbox 355 989 1930 1064">
     <span class='ocr_line' id='line_1_8' title="bbox 355 989 1930 1064; baseline -0.003 -17"><span class='ocrx_word' id='word_1_47' title='bbox 355 999 432 1050; x_wconf 86' lang='lat' dir='ltr'><strong>vis</strong></span> <span class='ocrx_word' id='word_1_48' title='bbox 457 1006 508 1050; x_wconf 91' lang='lat' dir='ltr'><strong>et</strong></span> <span class='ocrx_word' id='word_1_49' title='bbox 549 995 727 1050; x_wconf 81' lang='lat' dir='ltr'><strong>invitis</strong></span> <span class='ocrx_word' id='word_1_50' title='bbox 753 993 1058 1064; x_wconf 73' lang='lat' dir='ltr'><strong>exiguntur,</strong></span> <span class='ocrx_word' id='word_1_51' title='bbox 1098 1007 1288 1063; x_wconf 83' lang='lat' dir='ltr'><strong>magna</strong></span> <span class='ocrx_word' id='word_1_52' title='bbox 1325 1001 1644 1062; x_wconf 77' lang='lat' dir='ltr'><strong>praestantur</strong></span> <span class='ocrx_word' id='word_1_53' title='bbox 1671 1006 1791 1046; x_wconf 88' lang='lat' dir='ltr'><strong>cmn</strong></span> <span class='ocrx_word' id='word_1_54' title='bbox 1820 989 1930 1043; x_wconf 87' lang='lat' dir='ltr'><strong>ala-</strong></span> 
     </span>
    </p>
   </div>
   <div class='ocr_carea' id='block_1_9' title="bbox 351 1081 1927 1156">
    <p class='ocr_par' dir='ltr' id='par_1_9' title="bbox 351 1081 1927 1156">
     <span class='ocr_line' id='line_1_9' title="bbox 351 1081 1927 1156; baseline -0.003 -15"><span class='ocrx_word' id='word_1_55' title='bbox 351 1089 540 1142; x_wconf 87' lang='lat' dir='ltr'><strong>critate</strong></span> <span class='ocrx_word' id='word_1_56' title='bbox 572 1105 586 1142; x_wconf 88' lang='lat'><strong>:</strong></span> <span class='ocrx_word' id='word_1_57' title='bbox 619 1101 739 1156; x_wconf 69' lang='lat' dir='ltr'><strong>qua:</strong></span> <span class='ocrx_word' id='word_1_58' title='bbox 767 1099 896 1140; x_wconf 87' lang='lat' dir='ltr'><strong>vero</strong></span> <span class='ocrx_word' id='word_1_59' title='bbox 940 1100 969 1137; x_wconf 90' lang='lat' dir='ltr'><strong>a</strong></span> <span class='ocrx_word' id='word_1_60' title='bbox 1017 1083 1304 1139; x_wconf 82' lang='lat' dir='ltr'><strong>libentibus</strong></span> <span class='ocrx_word' id='word_1_61' title='bbox 1341 1092 1504 1153; x_wconf 87' lang='lat' dir='ltr'><strong>atque</strong></span> <span class='ocrx_word' id='word_1_62' title='bbox 1546 1093 1602 1138; x_wconf 91' lang='lat' dir='ltr'><strong>ut</strong></span> <span class='ocrx_word' id='word_1_63' title='bbox 1643 1097 1673 1136; x_wconf 89' lang='lat' dir='ltr'><strong>a</strong></span> <span class='ocrx_word' id='word_1_64' title='bbox 1728 1081 1927 1148; x_wconf 79' lang='lat' dir='ltr'><strong>iiberis,</strong></span> 
     </span>
    </p>
   </div>
   <div class='ocr_carea' id='block_1_10' title="bbox 353 1174 1928 1240">
    <p class='ocr_par' dir='ltr' id='par_1_10' title="bbox 353 1174 1928 1240">
     <span class='ocr_line' id='line_1_10' title="bbox 353 1174 1928 1240; baseline -0.003 -8"><span class='ocrx_word' id='word_1_65' title='bbox 353 1179 530 1232; x_wconf 82' lang='lat' dir='ltr'><strong>omnia</strong></span> <span class='ocrx_word' id='word_1_66' title='bbox 563 1179 900 1233; x_wconf 87' lang='lat' dir='ltr'><strong>omittuntur.</strong></span> <span class='ocrx_word' id='word_1_67' title='bbox 930 1176 1046 1231; x_wconf 85' lang='lat' dir='ltr'><strong>Non</strong></span> <span class='ocrx_word' id='word_1_68' title='bbox 1090 1177 1205 1231; x_wconf 69' lang='lat' dir='ltr'><strong>inec</strong></span> <span class='ocrx_word' id='word_1_69' title='bbox 1247 1177 1302 1230; x_wconf 84' lang='lat' dir='ltr'><strong>in</strong></span> <span class='ocrx_word' id='word_1_70' title='bbox 1344 1190 1534 1230; x_wconf 86' lang='lat' dir='ltr'><strong>omnes</strong></span> <span class='ocrx_word' id='word_1_71' title='bbox 1564 1175 1705 1240; x_wconf 83' lang='lat' dir='ltr'><strong>dico,</strong></span> <span class='ocrx_word' id='word_1_72' title='bbox 1753 1174 1846 1229; x_wconf 90' lang='lat' dir='ltr'><strong>sed</strong></span> <span class='ocrx_word' id='word_1_73' title='bbox 1877 1175 1928 1228; x_wconf 85' lang='lat' dir='ltr'><strong>in</strong></span> 
     </span>
    </p>
   </div>
   <div class='ocr_carea' id='block_1_11' title="bbox 352 1267 1930 1338">
    <p class='ocr_par' dir='ltr' id='par_1_11' title="bbox 352 1267 1930 1338">
     <span class='ocr_line' id='line_1_11' title="bbox 352 1267 1930 1338; baseline -0.003 -14"><span class='ocrx_word' id='word_1_74' title='bbox 352 1285 448 1324; x_wconf 88' lang='lat' dir='ltr'><strong>eos</strong></span> <span class='ocrx_word' id='word_1_75' title='bbox 472 1269 562 1338; x_wconf 91' lang='lat' dir='ltr'><strong>qui</strong></span> <span class='ocrx_word' id='word_1_76' title='bbox 598 1267 900 1338; x_wconf 67' lang='lat' dir='ltr'><strong>huiusmodi</strong></span> <span class='ocrx_word' id='word_1_77' title='bbox 928 1272 1170 1336; x_wconf 82' lang='lat' dir='ltr'><strong>sumptus</strong></span> <span class='ocrx_word' id='word_1_78' title='bbox 1215 1268 1388 1320; x_wconf 89' lang='lat' dir='ltr'><strong>facere</strong></span> <span class='ocrx_word' id='word_1_79' title='bbox 1431 1273 1698 1321; x_wconf 85' lang='lat' dir='ltr'><strong>recusant.</strong></span> <span class='ocrx_word' id='word_1_80' title='bbox 1740 1269 1930 1320; x_wconf 84' lang='lat' dir='ltr'><strong>Annon</strong></span> 
     </span>
    </p>
   </div>
   <div class='ocr_carea' id='block_1_12' title="bbox 355 1357 1929 1430">
    <p class='ocr_par' dir='ltr' id='par_1_12' title="bbox 355 1357 1929 1430">
     <span class='ocr_line' id='line_1_12' title="bbox 355 1357 1929 1430; baseline -0.003 -14"><span class='ocrx_word' id='word_1_81' title='bbox 355 1370 566 1430; x_wconf 80' lang='lat' dir='ltr'><strong>poterat</strong></span> <span class='ocrx_word' id='word_1_82' title='bbox 589 1361 727 1416; x_wconf 86' lang='lat' dir='ltr'><strong>Deus</strong></span> <span class='ocrx_word' id='word_1_83' title='bbox 758 1362 1129 1416; x_wconf 90' lang='lat' dir='ltr'><strong>necessitatem</strong></span> <span class='ocrx_word' id='word_1_84' title='bbox 1155 1358 1380 1415; x_wconf 88' lang='lat' dir='ltr'><strong>faciendi</strong></span> <span class='ocrx_word' id='word_1_85' title='bbox 1403 1357 1716 1427; x_wconf 75' lang='lat' dir='ltr'><strong>imponere?</strong></span> <span class='ocrx_word' id='word_1_86' title='bbox 1735 1359 1801 1412; x_wconf 82' lang='lat' dir='ltr'><strong>At</strong></span> <span class='ocrx_word' id='word_1_87' title='bbox 1825 1374 1929 1412; x_wconf 91' lang='lat' dir='ltr'><strong>non</strong></span> 
     </span>
    </p>
   </div>
   <div class='ocr_carea' id='block_1_13' title="bbox 355 1449 1932 1521">
    <p class='ocr_par' dir='ltr' id='par_1_13' title="bbox 355 1449 1932 1521">
     <span class='ocr_line' id='line_1_13' title="bbox 355 1449 1932 1521; baseline 0 -19"><span class='ocrx_word' id='word_1_88' title='bbox 355 1452 508 1506; x_wconf 89' lang='lat' dir='ltr'><strong>vult:</strong></span> <span class='ocrx_word' id='word_1_89' title='bbox 546 1452 696 1506; x_wconf 92' lang='lat' dir='ltr'><strong>vobis</strong></span> <span class='ocrx_word' id='word_1_90' title='bbox 725 1452 864 1507; x_wconf 91' lang='lat' dir='ltr'><strong>enim</strong></span> <span class='ocrx_word' id='word_1_91' title='bbox 895 1452 1060 1521; x_wconf 86' lang='lat' dir='ltr'><strong>magis</strong></span> <span class='ocrx_word' id='word_1_92' title='bbox 1086 1449 1336 1515; x_wconf 89' lang='lat' dir='ltr'><strong>consulit,</strong></span> <span class='ocrx_word' id='word_1_93' title='bbox 1373 1464 1532 1519; x_wconf 89' lang='lat' dir='ltr'><strong>quam</strong></span> <span class='ocrx_word' id='word_1_94' title='bbox 1575 1449 1639 1504; x_wconf 90' lang='lat' dir='ltr'><strong>iis</strong></span> <span class='ocrx_word' id='word_1_95' title='bbox 1663 1449 1752 1519; x_wconf 91' lang='lat' dir='ltr'><strong>qui</strong></span> <span class='ocrx_word' id='word_1_96' title='bbox 1779 1449 1932 1503; x_wconf 85' lang='lat' dir='ltr'><strong>alun-</strong></span> 
     </span>
    </p>
   </div>
   <div class='ocr_carea' id='block_1_14' title="bbox 357 1539 1926 1603">
    <p class='ocr_par' dir='ltr' id='par_1_14' title="bbox 357 1539 1926 1603">
     <span class='ocr_line' id='line_1_14' title="bbox 357 1539 1926 1603; baseline -0.002 -6"><span class='ocrx_word' id='word_1_97' title='bbox 357 1554 460 1598; x_wconf 88' lang='lat' dir='ltr'><strong>tur.</strong></span> <span class='ocrx_word' id='word_1_98' title='bbox 495 1543 622 1599; x_wconf 90' lang='lat' dir='ltr'><strong>ldeo</strong></span> <span class='ocrx_word' id='word_1_99' title='bbox 648 1559 753 1598; x_wconf 85' lang='lat' dir='ltr'><strong>non</strong></span> <span class='ocrx_word' id='word_1_100' title='bbox 794 1543 910 1597; x_wconf 89' lang='lat' dir='ltr'><strong>vult</strong></span> <span class='ocrx_word' id='word_1_101' title='bbox 943 1542 1129 1596; x_wconf 79' lang='lat' dir='ltr'><strong>istlnee</strong></span> <span class='ocrx_word' id='word_1_102' title='bbox 1161 1556 1254 1595; x_wconf 91' lang='lat' dir='ltr'><strong>vos</strong></span> <span class='ocrx_word' id='word_1_103' title='bbox 1277 1556 1340 1595; x_wconf 81' lang='lat' dir='ltr'><strong>ex</strong></span> <span class='ocrx_word' id='word_1_104' title='bbox 1370 1541 1688 1595; x_wconf 83' lang='lat' dir='ltr'><strong>necessitate</strong></span> <span class='ocrx_word' id='word_1_105' title='bbox 1717 1539 1892 1594; x_wconf 89' lang='lat' dir='ltr'><strong>facere</strong></span> <span class='ocrx_word' id='word_1_106' title='bbox 1912 1579 1926 1603; x_wconf 87' lang='lat'><strong>,</strong></span> 
     </span>
    </p>
   </div>
   <div class='ocr_carea' id='block_1_15' title="bbox 354 1631 1931 1705">
    <p class='ocr_par' dir='ltr' id='par_1_15' title="bbox 354 1631 1931 1705">
     <span class='ocr_line' id='line_1_15' title="bbox 354 1631 1931 1705; baseline -0.002 -16"><span class='ocrx_word' id='word_1_107' title='bbox 354 1636 605 1705; x_wconf 87' lang='lat' dir='ltr'><strong>queuiam</strong></span> <span class='ocrx_word' id='word_1_108' title='bbox 638 1635 781 1690; x_wconf 90' lang='lat' dir='ltr'><strong>nulla</strong></span> <span class='ocrx_word' id='word_1_109' title='bbox 809 1649 902 1688; x_wconf 88' lang='lat' dir='ltr'><strong>vos</strong></span> <span class='ocrx_word' id='word_1_110' title='bbox 929 1641 1167 1688; x_wconf 88' lang='lat' dir='ltr'><strong>maneret</strong></span> <span class='ocrx_word' id='word_1_111' title='bbox 1213 1647 1438 1687; x_wconf 86' lang='lat' dir='ltr'><strong>merces.</strong></span> <span class='ocrx_word' id='word_1_112' title='bbox 1488 1633 1740 1686; x_wconf 82' lang='lat' dir='ltr'><strong>Attamen</strong></span> <span class='ocrx_word' id='word_1_113' title='bbox 1782 1631 1931 1686; x_wconf 85' lang='lat' dir='ltr'><strong>multi</strong></span> 
     </span>
    </p>
   </div>
   <div class='ocr_carea' id='block_1_16' title="bbox 355 1719 1932 1798">
    <p class='ocr_par' dir='ltr' id='par_1_16' title="bbox 355 1719 1932 1798">
     <span class='ocr_line' id='line_1_16' title="bbox 355 1719 1932 1798; baseline -0.004 -15"><span class='ocrx_word' id='word_1_114' title='bbox 355 1744 544 1783; x_wconf 87' lang='lat' dir='ltr'><strong>eorum</strong></span> <span class='ocrx_word' id='word_1_115' title='bbox 574 1727 663 1798; x_wconf 91' lang='lat' dir='ltr'><strong>qui</strong></span> <span class='ocrx_word' id='word_1_116' title='bbox 691 1726 779 1781; x_wconf 86' lang='lat' dir='ltr'><strong>hic</strong></span> <span class='ocrx_word' id='word_1_117' title='bbox 807 1736 948 1792; x_wconf 86' lang='lat' dir='ltr'><strong>sunt,</strong></span> <span class='ocrx_word' id='word_1_118' title='bbox 988 1725 1189 1782; x_wconf 71' lang='lat' dir='ltr'><strong>Judwis</strong></span> <span class='ocrx_word' id='word_1_119' title='bbox 1227 1733 1349 1778; x_wconf 92' lang='lat' dir='ltr'><strong>sunt</strong></span> <span class='ocrx_word' id='word_1_120' title='bbox 1381 1722 1662 1778; x_wconf 87' lang='lat' dir='ltr'><strong>inferiores</strong></span> <span class='ocrx_word' id='word_1_121' title='bbox 1690 1737 1752 1776; x_wconf 88' lang='lat' dir='ltr'><strong>ac</strong></span> <span class='ocrx_word' id='word_1_122' title='bbox 1776 1719 1932 1776; x_wconf 72' lang='lat' dir='ltr'><strong>&#39;vilio-</strong></span> 
     </span>
    </p>
   </div>
   <div class='ocr_carea' id='block_1_17' title="bbox 355 1813 1931 1891">
    <p class='ocr_par' dir='ltr' id='par_1_17' title="bbox 355 1813 1931 1891">
     <span class='ocr_line' id='line_1_17' title="bbox 355 1813 1931 1891; baseline -0.003 -18"><span class='ocrx_word' id='word_1_123' title='bbox 355 1835 459 1874; x_wconf 88' lang='lat' dir='ltr'><strong>res.</strong></span> <span class='ocrx_word' id='word_1_124' title='bbox 494 1819 675 1891; x_wconf 85' lang='lat' dir='ltr'><strong>Cogita</strong></span> <span class='ocrx_word' id='word_1_125' title='bbox 698 1861 712 1884; x_wconf 91' lang='lat'><strong>,</strong></span> <span class='ocrx_word' id='word_1_126' title='bbox 741 1827 871 1888; x_wconf 88' lang='lat' dir='ltr'><strong>qttot</strong></span> <span class='ocrx_word' id='word_1_127' title='bbox 907 1827 1060 1872; x_wconf 89' lang='lat' dir='ltr'><strong>erant</strong></span> <span class='ocrx_word' id='word_1_128' title='bbox 1087 1832 1206 1886; x_wconf 72' lang='lat' dir='ltr'><strong>qua:</strong></span> <span class='ocrx_word' id='word_1_129' title='bbox 1235 1831 1267 1871; x_wconf 89' lang='lat' dir='ltr'><strong>a</strong></span> <span class='ocrx_word' id='word_1_130' title='bbox 1295 1815 1494 1871; x_wconf 74' lang='lat' dir='ltr'><strong>Judzeis</strong></span> <span class='ocrx_word' id='word_1_131' title='bbox 1519 1813 1801 1882; x_wconf 87' lang='lat' dir='ltr'><strong>dabantur,</strong></span> <span class='ocrx_word' id='word_1_132' title='bbox 1834 1814 1931 1869; x_wconf 90' lang='lat' dir='ltr'><strong>dc-</strong></span> 
     </span>
    </p>
   </div>
   <div class='ocr_carea' id='block_1_18' title="bbox 352 1903 1931 1979">
    <p class='ocr_par' dir='ltr' id='par_1_18' title="bbox 352 1903 1931 1979">
     <span class='ocr_line' id='line_1_18' title="bbox 352 1903 1931 1979; baseline -0.003 -16"><span class='ocrx_word' id='word_1_133' title='bbox 352 1911 505 1964; x_wconf 81' lang='lat' dir='ltr'><strong>cimae</strong></span> <span class='ocrx_word' id='word_1_134' title='bbox 529 1949 542 1972; x_wconf 87' lang='lat'><strong>,</strong></span> <span class='ocrx_word' id='word_1_135' title='bbox 573 1908 821 1979; x_wconf 68' lang='lat' dir='ltr'><strong>primitiae</strong></span> <span class='ocrx_word' id='word_1_136' title='bbox 844 1949 858 1972; x_wconf 89' lang='lat'><strong>,</strong></span> <span class='ocrx_word' id='word_1_137' title='bbox 891 1922 1076 1962; x_wconf 88' lang='lat' dir='ltr'><strong>rursus</strong></span> <span class='ocrx_word' id='word_1_138' title='bbox 1105 1907 1358 1973; x_wconf 74' lang='lat' dir='ltr'><strong>decimas,</strong></span> <span class='ocrx_word' id='word_1_139' title='bbox 1398 1915 1452 1961; x_wconf 92' lang='lat' dir='ltr'><strong>et</strong></span> <span class='ocrx_word' id='word_1_140' title='bbox 1475 1920 1660 1960; x_wconf 86' lang='lat' dir='ltr'><strong>rursus</strong></span> <span class='ocrx_word' id='word_1_141' title='bbox 1684 1905 1805 1959; x_wconf 72' lang='lat' dir='ltr'><strong>alia:</strong></span> <span class='ocrx_word' id='word_1_142' title='bbox 1834 1903 1931 1960; x_wconf 87' lang='lat' dir='ltr'><strong>dc-</strong></span> 
     </span>
    </p>
   </div>
   <div class='ocr_carea' id='block_1_19' title="bbox 352 1999 1932 2068">
    <p class='ocr_par' dir='ltr' id='par_1_19' title="bbox 352 1999 1932 2068">
     <span class='ocr_line' id='line_1_19' title="bbox 352 1999 1932 2068; baseline -0.003 -11"><span class='ocrx_word' id='word_1_143' title='bbox 352 2005 528 2068; x_wconf 70' lang='lat' dir='ltr'><strong>eimaz,</strong></span> <span class='ocrx_word' id='word_1_144' title='bbox 570 2011 626 2056; x_wconf 84' lang='lat' dir='ltr'><strong>et</strong></span> <span class='ocrx_word' id='word_1_145' title='bbox 666 2015 851 2056; x_wconf 90' lang='lat' dir='ltr'><strong>rursus</strong></span> <span class='ocrx_word' id='word_1_146' title='bbox 876 2001 996 2056; x_wconf 80' lang='lat' dir='ltr'><strong>aliae</strong></span> <span class='ocrx_word' id='word_1_147' title='bbox 1024 2000 1441 2064; x_wconf 67' lang='lat' dir='ltr'><strong>decimartertim,</strong></span> <span class='ocrx_word' id='word_1_148' title='bbox 1471 2009 1526 2054; x_wconf 89' lang='lat' dir='ltr'><strong>et</strong></span> <span class='ocrx_word' id='word_1_149' title='bbox 1553 1999 1742 2054; x_wconf 89' lang='lat' dir='ltr'><strong>sielum</strong></span> <span class='ocrx_word' id='word_1_150' title='bbox 1781 2016 1793 2052; x_wconf 90' lang='lat'><strong>:</strong></span> <span class='ocrx_word' id='word_1_151' title='bbox 1835 2013 1932 2053; x_wconf 90' lang='lat' dir='ltr'><strong>nec</strong></span> 
     </span>
    </p>
   </div>
   <div class='ocr_carea' id='block_1_20' title="bbox 353 2090 1929 2164">
    <p class='ocr_par' dir='ltr' id='par_1_20' title="bbox 353 2090 1929 2164">
     <span class='ocr_line' id='line_1_20' title="bbox 353 2090 1929 2164; baseline -0.003 -17"><span class='ocrx_word' id='word_1_152' title='bbox 353 2095 632 2164; x_wconf 84' lang='lat' dir='ltr'><strong>quisquam</strong></span> <span class='ocrx_word' id='word_1_153' title='bbox 670 2103 806 2159; x_wconf 90' lang='lat' dir='ltr'><strong>erat,</strong></span> <span class='ocrx_word' id='word_1_154' title='bbox 835 2092 926 2164; x_wconf 89' lang='lat' dir='ltr'><strong>qui</strong></span> <span class='ocrx_word' id='word_1_155' title='bbox 965 2092 1184 2158; x_wconf 75' lang='lat' dir='ltr'><strong>dici-ret,</strong></span> <span class='ocrx_word' id='word_1_156' title='bbox 1219 2091 1526 2148; x_wconf 88' lang='lat' dir='ltr'><strong>sacerdotes</strong></span> <span class='ocrx_word' id='word_1_157' title='bbox 1566 2091 1729 2146; x_wconf 88' lang='lat' dir='ltr'><strong>multa</strong></span> <span class='ocrx_word' id='word_1_158' title='bbox 1767 2090 1929 2145; x_wconf 90' lang='lat' dir='ltr'><strong>devo-</strong></span> 
     </span>
    </p>
   </div>
   <div class='ocr_carea' id='block_1_21' title="bbox 354 2181 1932 2253">
    <p class='ocr_par' dir='ltr' id='par_1_21' title="bbox 354 2181 1932 2253">
     <span class='ocr_line' id='line_1_21' title="bbox 354 2181 1932 2253; baseline -0.002 -15"><span class='ocrx_word' id='word_1_159' title='bbox 354 2199 491 2239; x_wconf 90' lang='lat' dir='ltr'><strong>rare.</strong></span> <span class='ocrx_word' id='word_1_160' title='bbox 547 2183 664 2252; x_wconf 88' lang='lat' dir='ltr'><strong>Quo</strong></span> <span class='ocrx_word' id='word_1_161' title='bbox 713 2184 864 2253; x_wconf 87' lang='lat' dir='ltr'><strong>plura</strong></span> <span class='ocrx_word' id='word_1_162' title='bbox 914 2183 1196 2252; x_wconf 90' lang='lat' dir='ltr'><strong>accipiunt,</strong></span> <span class='ocrx_word' id='word_1_163' title='bbox 1242 2197 1308 2237; x_wconf 91' lang='lat' dir='ltr'><strong>eo</strong></span> <span class='ocrx_word' id='word_1_164' title='bbox 1351 2181 1514 2238; x_wconf 89' lang='lat' dir='ltr'><strong>etiam</strong></span> <span class='ocrx_word' id='word_1_165' title='bbox 1565 2181 1658 2237; x_wconf 90' lang='lat' dir='ltr'><strong>tibi</strong></span> <span class='ocrx_word' id='word_1_166' title='bbox 1701 2181 1932 2251; x_wconf 84' lang='lat' dir='ltr'><strong>amplior</strong></span> 
     </span>
    </p>
   </div>
   <div class='ocr_carea' id='block_1_22' title="bbox 353 2271 1929 2341">
    <p class='ocr_par' dir='ltr' id='par_1_22' title="bbox 353 2271 1929 2341">
     <span class='ocr_line' id='line_1_22' title="bbox 353 2271 1929 2341; baseline -0.001 -15"><span class='ocrx_word' id='word_1_167' title='bbox 353 2288 580 2330; x_wconf 85' lang='lat' dir='ltr'><strong>merces.</strong></span> <span class='ocrx_word' id='word_1_168' title='bbox 610 2273 726 2328; x_wconf 83' lang='lat' dir='ltr'><strong>Non</strong></span> <span class='ocrx_word' id='word_1_169' title='bbox 754 2272 1039 2341; x_wconf 87' lang='lat' dir='ltr'><strong>dicebant,</strong></span> <span class='ocrx_word' id='word_1_170' title='bbox 1069 2273 1227 2330; x_wconf 81' lang='lat' dir='ltr'><strong>Multa</strong></span> <span class='ocrx_word' id='word_1_171' title='bbox 1258 2281 1515 2338; x_wconf 90' lang='lat' dir='ltr'><strong>sumunt,</strong></span> <span class='ocrx_word' id='word_1_172' title='bbox 1548 2272 1721 2329; x_wconf 89' lang='lat' dir='ltr'><strong>ventri</strong></span> <span class='ocrx_word' id='word_1_173' title='bbox 1751 2271 1929 2326; x_wconf 85' lang='lat' dir='ltr'><strong>indul-</strong></span> 
     </span>
    </p>
   </div>
   <div class='ocr_carea' id='block_1_23' title="bbox 351 2362 1930 2435">
    <p class='ocr_par' dir='ltr' id='par_1_23' title="bbox 351 2362 1930 2435">
     <span class='ocr_line' id='line_1_23' title="bbox 351 2362 1930 2435; baseline -0.001 -17"><span class='ocrx_word' id='word_1_174' title='bbox 351 2373 512 2435; x_wconf 90' lang='lat' dir='ltr'><strong>gent;</strong></span> <span class='ocrx_word' id='word_1_175' title='bbox 543 2379 662 2434; x_wconf 66' lang='lat' dir='ltr'><strong>qua:</strong></span> <span class='ocrx_word' id='word_1_176' title='bbox 702 2379 841 2418; x_wconf 88' lang='lat' dir='ltr'><strong>nunc</strong></span> <span class='ocrx_word' id='word_1_177' title='bbox 868 2364 1126 2433; x_wconf 83' lang='lat' dir='ltr'><strong>quosdam</strong></span> <span class='ocrx_word' id='word_1_178' title='bbox 1154 2364 1394 2420; x_wconf 89' lang='lat' dir='ltr'><strong>dicentes</strong></span> <span class='ocrx_word' id='word_1_179' title='bbox 1426 2363 1605 2418; x_wconf 91' lang='lat' dir='ltr'><strong>audio.</strong></span> <span class='ocrx_word' id='word_1_180' title='bbox 1634 2363 1808 2433; x_wconf 82' lang='lat' dir='ltr'><strong>Atque</strong></span> <span class='ocrx_word' id='word_1_181' title='bbox 1845 2362 1930 2417; x_wconf 82' lang='lat' dir='ltr'><strong>isti</strong></span> 
     </span>
    </p>
   </div>
   <div class='ocr_carea' id='block_1_24' title="bbox 350 2453 1926 2531">
    <p class='ocr_par' dir='ltr' id='par_1_24' title="bbox 350 2453 1926 2531">
     <span class='ocr_line' id='line_1_24' title="bbox 350 2453 1926 2531; baseline 0 -23"><span class='ocrx_word' id='word_1_182' title='bbox 350 2455 589 2524; x_wconf 84' lang='lat' dir='ltr'><strong>quidem,</strong></span> <span class='ocrx_word' id='word_1_183' title='bbox 634 2455 723 2525; x_wconf 93' lang='lat' dir='ltr'><strong>qui</strong></span> <span class='ocrx_word' id='word_1_184' title='bbox 769 2453 961 2509; x_wconf 89' lang='lat' dir='ltr'><strong>domos</strong></span> <span class='ocrx_word' id='word_1_185' title='bbox 995 2455 1262 2510; x_wconf 61' lang='lat' dir='ltr'><strong>aedificant</strong></span> <span class='ocrx_word' id='word_1_186' title='bbox 1305 2461 1474 2526; x_wconf 79' lang='lat' dir='ltr'><strong>atque</strong></span> <span class='ocrx_word' id='word_1_187' title='bbox 1503 2469 1660 2531; x_wconf 79' lang='lat' dir='ltr'><strong>agros</strong></span> <span class='ocrx_word' id='word_1_188' title='bbox 1699 2464 1926 2519; x_wconf 90' lang='lat' dir='ltr'><strong>emunt,</strong></span> 
     </span>
    </p>
   </div>
   <div class='ocr_carea' id='block_1_25' title="bbox 353 2543 1930 2616">
    <p class='ocr_par' dir='ltr' id='par_1_25' title="bbox 353 2543 1930 2616">
     <span class='ocr_line' id='line_1_25' title="bbox 353 2543 1930 2616; baseline 0.002 -18"><span class='ocrx_word' id='word_1_189' title='bbox 353 2544 484 2599; x_wconf 88' lang='lat' dir='ltr'><strong>nihil</strong></span> <span class='ocrx_word' id='word_1_190' title='bbox 515 2551 700 2614; x_wconf 86' lang='lat' dir='ltr'><strong>putant</strong></span> <span class='ocrx_word' id='word_1_191' title='bbox 727 2559 791 2599; x_wconf 89' lang='lat' dir='ltr'><strong>se</strong></span> <span class='ocrx_word' id='word_1_192' title='bbox 831 2543 1026 2600; x_wconf 87' lang='lat' dir='ltr'><strong>habere</strong></span> <span class='ocrx_word' id='word_1_193' title='bbox 1061 2563 1074 2600; x_wconf 90' lang='lat'><strong>:</strong></span> <span class='ocrx_word' id='word_1_194' title='bbox 1115 2545 1269 2615; x_wconf 85' lang='lat' dir='ltr'><strong>quod</strong></span> <span class='ocrx_word' id='word_1_195' title='bbox 1296 2545 1343 2600; x_wconf 82' lang='lat' dir='ltr'><strong>si</strong></span> <span class='ocrx_word' id='word_1_196' title='bbox 1381 2545 1630 2602; x_wconf 79' lang='lat' dir='ltr'><strong>sacerdos</strong></span> <span class='ocrx_word' id='word_1_197' title='bbox 1667 2546 1930 2616; x_wconf 79' lang='lat' dir='ltr'><strong>quispiam</strong></span> 
     </span>
    </p>
   </div>
   <div class='ocr_carea' id='block_1_26' title="bbox 353 2637 1925 2708">
    <p class='ocr_par' dir='ltr' id='par_1_26' title="bbox 353 2637 1925 2708">
     <span class='ocr_line' id='line_1_26' title="bbox 353 2637 1925 2708; baseline -0.001 -16"><span class='ocrx_word' id='word_1_198' title='bbox 353 2639 511 2708; x_wconf 82' lang='lat' dir='ltr'><strong>paulo</strong></span> <span class='ocrx_word' id='word_1_199' title='bbox 533 2638 894 2708; x_wconf 84' lang='lat' dir='ltr'><strong>splendidiore</strong></span> <span class='ocrx_word' id='word_1_200' title='bbox 925 2647 1074 2694; x_wconf 85' lang='lat' dir='ltr'><strong>veste</strong></span> <span class='ocrx_word' id='word_1_201' title='bbox 1104 2639 1320 2693; x_wconf 90' lang='lat' dir='ltr'><strong>indutus</strong></span> <span class='ocrx_word' id='word_1_202' title='bbox 1349 2637 1531 2703; x_wconf 91' lang='lat' dir='ltr'><strong>fuerit,</strong></span> <span class='ocrx_word' id='word_1_203' title='bbox 1559 2647 1650 2693; x_wconf 89' lang='lat' dir='ltr'><strong>aut</strong></span> <span class='ocrx_word' id='word_1_204' title='bbox 1670 2654 1925 2694; x_wconf 87' lang='lat' dir='ltr'><strong>necessa-</strong></span> 
     </span>
    </p>
   </div>
   <div class='ocr_carea' id='block_1_27' title="bbox 350 2730 1928 2801">
    <p class='ocr_par' dir='ltr' id='par_1_27' title="bbox 350 2730 1928 2801">
     <span class='ocr_line' id='line_1_27' title="bbox 350 2730 1928 2801; baseline 0.001 -16"><span class='ocrx_word' id='word_1_205' title='bbox 350 2731 433 2785; x_wconf 87' lang='lat' dir='ltr'><strong>rio</strong></span> <span class='ocrx_word' id='word_1_206' title='bbox 457 2731 712 2786; x_wconf 91' lang='lat' dir='ltr'><strong>alimento</strong></span> <span class='ocrx_word' id='word_1_207' title='bbox 739 2745 840 2785; x_wconf 91' lang='lat' dir='ltr'><strong>non</strong></span> <span class='ocrx_word' id='word_1_208' title='bbox 868 2738 1042 2800; x_wconf 82' lang='lat' dir='ltr'><strong>egeat,</strong></span> <span class='ocrx_word' id='word_1_209' title='bbox 1065 2739 1155 2785; x_wconf 91' lang='lat' dir='ltr'><strong>aut</strong></span> <span class='ocrx_word' id='word_1_210' title='bbox 1182 2730 1438 2784; x_wconf 89' lang='lat' dir='ltr'><strong>famulum</strong></span> <span class='ocrx_word' id='word_1_211' title='bbox 1466 2730 1680 2797; x_wconf 88' lang='lat' dir='ltr'><strong>haheat,</strong></span> <span class='ocrx_word' id='word_1_212' title='bbox 1721 2747 1786 2785; x_wconf 91' lang='lat' dir='ltr'><strong>ne</strong></span> <span class='ocrx_word' id='word_1_213' title='bbox 1813 2731 1928 2801; x_wconf 90' lang='lat' dir='ltr'><strong>ipse</strong></span> 
     </span>
    </p>
   </div>
   <div class='ocr_carea' id='block_1_28' title="bbox 348 2819 1925 2891">
    <p class='ocr_par' dir='ltr' id='par_1_28' title="bbox 348 2819 1925 2891">
     <span class='ocr_line' id='line_1_28' title="bbox 348 2819 1925 2891; baseline 0 -17"><span class='ocrx_word' id='word_1_214' title='bbox 348 2829 571 2891; x_wconf 84' lang='lat' dir='ltr'><strong>cogatur</strong></span> <span class='ocrx_word' id='word_1_215' title='bbox 611 2835 639 2874; x_wconf 91' lang='lat' dir='ltr'><strong>a</strong></span> <span class='ocrx_word' id='word_1_216' title='bbox 681 2820 875 2875; x_wconf 86' lang='lat' dir='ltr'><strong>decore</strong></span> <span class='ocrx_word' id='word_1_217' title='bbox 901 2819 1212 2884; x_wconf 88' lang='lat' dir='ltr'><strong>discedere;</strong></span> <span class='ocrx_word' id='word_1_218' title='bbox 1243 2820 1345 2874; x_wconf 91' lang='lat' dir='ltr'><strong>hoc</strong></span> <span class='ocrx_word' id='word_1_219' title='bbox 1384 2819 1458 2873; x_wconf 91' lang='lat' dir='ltr'><strong>illi</strong></span> <span class='ocrx_word' id='word_1_220' title='bbox 1493 2819 1706 2875; x_wconf 84' lang='lat' dir='ltr'><strong>divitias</strong></span> <span class='ocrx_word' id='word_1_221' title='bbox 1747 2821 1925 2875; x_wconf 88' lang='lat' dir='ltr'><strong>nomi-</strong></span> 
     </span>
    </p>
   </div>
   <div class='ocr_carea' id='block_1_29' title="bbox 353 2910 1926 2979">
    <p class='ocr_par' dir='ltr' id='par_1_29' title="bbox 353 2910 1926 2979">
     <span class='ocr_line' id='line_1_29' title="bbox 353 2910 1926 2979; baseline 0.003 -15"><span class='ocrx_word' id='word_1_222' title='bbox 353 2920 500 2965; x_wconf 89' lang='lat' dir='ltr'><strong>nant.</strong></span> <span class='ocrx_word' id='word_1_223' title='bbox 541 2910 683 2967; x_wconf 73' lang='lat' dir='ltr'><strong>Vere</strong></span> <span class='ocrx_word' id='word_1_224' title='bbox 726 2911 924 2964; x_wconf 76' lang='lat' dir='ltr'><strong>divitiis</strong></span> <span class='ocrx_word' id='word_1_225' title='bbox 967 2911 1321 2976; x_wconf 85' lang='lat' dir='ltr'><strong>abundamus,</strong></span> <span class='ocrx_word' id='word_1_226' title='bbox 1356 2911 1514 2979; x_wconf 91' lang='lat' dir='ltr'><strong>idque</strong></span> <span class='ocrx_word' id='word_1_227' title='bbox 1544 2911 1629 2965; x_wconf 84' lang='lat' dir='ltr'><strong>isti</strong></span> <span class='ocrx_word' id='word_1_228' title='bbox 1662 2913 1746 2967; x_wconf 90' lang='lat' dir='ltr'><strong>vel</strong></span> <span class='ocrx_word' id='word_1_229' title='bbox 1779 2913 1926 2968; x_wconf 84' lang='lat' dir='ltr'><strong>inviti</strong></span> 
     </span>
    </p>
   </div>
   <div class='ocr_carea' id='block_1_30' title="bbox 352 3001 1926 3070">
    <p class='ocr_par' dir='ltr' id='par_1_30' title="bbox 352 3001 1926 3070">
     <span class='ocr_line' id='line_1_30' title="bbox 352 3001 1926 3070; baseline 0.001 -14"><span class='ocrx_word' id='word_1_230' title='bbox 352 3004 601 3058; x_wconf 85' lang='lat' dir='ltr'><strong>fatentur.</strong></span> <span class='ocrx_word' id='word_1_231' title='bbox 633 3003 742 3057; x_wconf 84' lang='lat' dir='ltr'><strong>Nos</strong></span> <span class='ocrx_word' id='word_1_232' title='bbox 782 3002 926 3057; x_wconf 83' lang='lat' dir='ltr'><strong>enim</strong></span> <span class='ocrx_word' id='word_1_233' title='bbox 971 3001 1180 3057; x_wconf 86' lang='lat' dir='ltr'><strong>etiamsi</strong></span> <span class='ocrx_word' id='word_1_234' title='bbox 1214 3016 1382 3070; x_wconf 88' lang='lat' dir='ltr'><strong>pauca</strong></span> <span class='ocrx_word' id='word_1_235' title='bbox 1413 3002 1722 3069; x_wconf 82' lang='lat' dir='ltr'><strong>habeamus,</strong></span> <span class='ocrx_word' id='word_1_236' title='bbox 1755 3005 1926 3058; x_wconf 82' lang='lat' dir='ltr'><strong>abun-</strong></span> 
     </span>
    </p>
   </div>
   <div class='ocr_carea' id='block_1_31' title="bbox 351 3094 1927 3167">
    <p class='ocr_par' dir='ltr' id='par_1_31' title="bbox 351 3094 1927 3167">
     <span class='ocr_line' id='line_1_31' title="bbox 351 3094 1927 3167; baseline 0.003 -19"><span class='ocrx_word' id='word_1_237' title='bbox 351 3099 539 3149; x_wconf 81' lang='lat' dir='ltr'><strong>damus</strong></span> <span class='ocrx_word' id='word_1_238' title='bbox 577 3095 813 3158; x_wconf 79' lang='lat' dir='ltr'><strong>divitiis;</strong></span> <span class='ocrx_word' id='word_1_239' title='bbox 857 3094 930 3148; x_wconf 83' lang='lat' dir='ltr'><strong>illi</strong></span> <span class='ocrx_word' id='word_1_240' title='bbox 975 3108 1101 3150; x_wconf 88' lang='lat' dir='ltr'><strong>vero</strong></span> <span class='ocrx_word' id='word_1_241' title='bbox 1139 3094 1346 3148; x_wconf 90' lang='lat' dir='ltr'><strong>etiamsi</strong></span> <span class='ocrx_word' id='word_1_242' title='bbox 1378 3095 1555 3149; x_wconf 87' lang='lat' dir='ltr'><strong>omnia</strong></span> <span class='ocrx_word' id='word_1_243' title='bbox 1584 3095 1683 3151; x_wconf 91' lang='lat' dir='ltr'><strong>sibi</strong></span> <span class='ocrx_word' id='word_1_244' title='bbox 1714 3111 1927 3167; x_wconf 81' lang='lat' dir='ltr'><strong>compa-</strong></span> 
     </span>
    </p>
   </div>
   <div class='ocr_carea' id='block_1_32' title="bbox 350 3188 1933 3259">
    <p class='ocr_par' dir='ltr' id='par_1_32' title="bbox 350 3188 1933 3259">
     <span class='ocr_line' id='line_1_32' title="bbox 350 3188 1933 3259; baseline 0.004 -17"><span class='ocrx_word' id='word_1_245' title='bbox 350 3197 502 3255; x_wconf 85' lang='lat' dir='ltr'><strong>rent,</strong></span> <span class='ocrx_word' id='word_1_246' title='bbox 537 3189 714 3258; x_wconf 88' lang='lat' dir='ltr'><strong>inopia</strong></span> <span class='ocrx_word' id='word_1_247' title='bbox 744 3188 1003 3243; x_wconf 84' lang='lat' dir='ltr'><strong>laborant.</strong></span> <span class='ocrx_word' id='word_1_248' title='bbox 1037 3189 1324 3259; x_wconf 78' lang='lat' dir='ltr'><strong>Quousque</strong></span> <span class='ocrx_word' id='word_1_249' title='bbox 1360 3189 1637 3245; x_wconf 89' lang='lat' dir='ltr'><strong>dementes</strong></span> <span class='ocrx_word' id='word_1_250' title='bbox 1679 3193 1880 3248; x_wconf 89' lang='lat' dir='ltr'><strong>erimus</strong></span> <span class='ocrx_word' id='word_1_251' title='bbox 1906 3195 1933 3247; x_wconf 88' lang='lat'><strong>?</strong></span> 
     </span>
    </p>
   </div>
   <div class='ocr_carea' id='block_1_33' title="bbox 351 3281 1927 3356">
    <p class='ocr_par' dir='ltr' id='par_1_33' title="bbox 351 3281 1927 3356">
     <span class='ocr_line' id='line_1_33' title="bbox 351 3281 1927 3356; baseline 0.002 -19"><span class='ocrx_word' id='word_1_252' title='bbox 351 3297 456 3338; x_wconf 92' lang='lat' dir='ltr'><strong>non</strong></span> <span class='ocrx_word' id='word_1_253' title='bbox 483 3283 615 3338; x_wconf 87' lang='lat' dir='ltr'><strong>satis</strong></span> <span class='ocrx_word' id='word_1_254' title='bbox 647 3281 798 3336; x_wconf 84' lang='lat' dir='ltr'><strong>vobis</strong></span> <span class='ocrx_word' id='word_1_255' title='bbox 829 3282 1037 3337; x_wconf 87' lang='lat' dir='ltr'><strong>videtur</strong></span> <span class='ocrx_word' id='word_1_256' title='bbox 1075 3282 1141 3337; x_wconf 88' lang='lat' dir='ltr'><strong>ad</strong></span> <span class='ocrx_word' id='word_1_257' title='bbox 1187 3283 1504 3352; x_wconf 85' lang='lat' dir='ltr'><strong>supplicium</strong></span> <span class='ocrx_word' id='word_1_258' title='bbox 1531 3285 1680 3341; x_wconf 85' lang='lat' dir='ltr'><strong>vobis</strong></span> <span class='ocrx_word' id='word_1_259' title='bbox 1707 3301 1927 3356; x_wconf 88' lang='lat' dir='ltr'><strong>compa-</strong></span> 
     </span>
    </p>
   </div>
   <div class='ocr_carea' id='block_1_34' title="bbox 351 3373 1929 3445">
    <p class='ocr_par' dir='ltr' id='par_1_34' title="bbox 351 3373 1929 3445">
     <span class='ocr_line' id='line_1_34' title="bbox 351 3373 1929 3445; baseline 0.004 -18"><span class='ocrx_word' id='word_1_260' title='bbox 351 3373 595 3438; x_wconf 86' lang='lat' dir='ltr'><strong>randum,</strong></span> <span class='ocrx_word' id='word_1_261' title='bbox 627 3375 767 3445; x_wconf 85' lang='lat' dir='ltr'><strong>quod</strong></span> <span class='ocrx_word' id='word_1_262' title='bbox 795 3373 1001 3430; x_wconf 84' lang='lat' dir='ltr'><strong>nullum</strong></span> <span class='ocrx_word' id='word_1_263' title='bbox 1033 3389 1166 3444; x_wconf 89' lang='lat' dir='ltr'><strong>opus</strong></span> <span class='ocrx_word' id='word_1_264' title='bbox 1189 3373 1365 3441; x_wconf 89' lang='lat' dir='ltr'><strong>editis,</strong></span> <span class='ocrx_word' id='word_1_265' title='bbox 1398 3375 1498 3430; x_wconf 87' lang='lat' dir='ltr'><strong>nisi</strong></span> <span class='ocrx_word' id='word_1_266' title='bbox 1521 3375 1770 3432; x_wconf 89' lang='lat' dir='ltr'><strong>damnum</strong></span> <span class='ocrx_word' id='word_1_267' title='bbox 1799 3377 1929 3433; x_wconf 86' lang='lat' dir='ltr'><strong>illud</strong></span> 
     </span>
    </p>
   </div>
   <div class='ocr_carea' id='block_1_35' title="bbox 349 3466 1931 3536">
    <p class='ocr_par' dir='ltr' id='par_1_35' title="bbox 349 3466 1931 3536">
     <span class='ocr_line' id='line_1_35' title="bbox 349 3466 1931 3536; baseline 0.005 -18"><span class='ocrx_word' id='word_1_268' title='bbox 349 3467 501 3520; x_wconf 81' lang='lat' dir='ltr'><strong>vobis</strong></span> <span class='ocrx_word' id='word_1_269' title='bbox 535 3466 879 3533; x_wconf 88' lang='lat' dir='ltr'><strong>contrahatis,</strong></span> <span class='ocrx_word' id='word_1_270' title='bbox 910 3467 1050 3536; x_wconf 91' lang='lat' dir='ltr'><strong>quod</strong></span> <span class='ocrx_word' id='word_1_271' title='bbox 1083 3467 1151 3522; x_wconf 90' lang='lat' dir='ltr'><strong>de</strong></span> <span class='ocrx_word' id='word_1_272' title='bbox 1171 3467 1289 3522; x_wconf 92' lang='lat' dir='ltr'><strong>aliis</strong></span> <span class='ocrx_word' id='word_1_273' title='bbox 1321 3469 1653 3524; x_wconf 89' lang='lat' dir='ltr'><strong>detrahendo</strong></span> <span class='ocrx_word' id='word_1_274' title='bbox 1675 3471 1931 3526; x_wconf 88' lang='lat' dir='ltr'><strong>accedit?</strong></span> 
     </span>
    </p>
   </div>
   <div class='ocr_carea' id='block_1_36' title="bbox 351 3557 1927 3628">
    <p class='ocr_par' dir='ltr' id='par_1_36' title="bbox 351 3557 1927 3628">
     <span class='ocr_line' id='line_1_36' title="bbox 351 3557 1927 3628; baseline 0.004 -18"><span class='ocrx_word' id='word_1_275' title='bbox 351 3557 560 3612; x_wconf 80' lang='lat' dir='ltr'><strong>Etenim</strong></span> <span class='ocrx_word' id='word_1_276' title='bbox 588 3557 631 3611; x_wconf 91' lang='lat' dir='ltr'><strong>si</strong></span> <span class='ocrx_word' id='word_1_277' title='bbox 663 3565 715 3610; x_wconf 91' lang='lat' dir='ltr'><strong>tu</strong></span> <span class='ocrx_word' id='word_1_278' title='bbox 737 3557 896 3611; x_wconf 88' lang='lat' dir='ltr'><strong>etiam</strong></span> <span class='ocrx_word' id='word_1_279' title='bbox 923 3572 1092 3622; x_wconf 87' lang='lat' dir='ltr'><strong>esses,</strong></span> <span class='ocrx_word' id='word_1_280' title='bbox 1125 3559 1214 3626; x_wconf 87' lang='lat' dir='ltr'><strong>qui</strong></span> <span class='ocrx_word' id='word_1_281' title='bbox 1243 3575 1303 3611; x_wconf 89' lang='lat' dir='ltr'><strong>ca</strong></span> <span class='ocrx_word' id='word_1_282' title='bbox 1332 3575 1450 3628; x_wconf 73' lang='lat' dir='ltr'><strong>qua:</strong></span> <span class='ocrx_word' id='word_1_283' title='bbox 1478 3560 1637 3616; x_wconf 85' lang='lat' dir='ltr'><strong>habet</strong></span> <span class='ocrx_word' id='word_1_284' title='bbox 1660 3563 1927 3618; x_wconf 86' lang='lat' dir='ltr'><strong>sacerdoti</strong></span> 
     </span>
    </p>
   </div>
   <div class='ocr_carea' id='block_1_37' title="bbox 351 3645 1931 3722">
    <p class='ocr_par' dir='ltr' id='par_1_37' title="bbox 351 3645 1931 3722">
     <span class='ocr_line' id='line_1_37' title="bbox 351 3645 1931 3722; baseline 0.006 -23"><span class='ocrx_word' id='word_1_285' title='bbox 351 3645 615 3711; x_wconf 71' lang='lat' dir='ltr'><strong>dedisses,</strong></span> <span class='ocrx_word' id='word_1_286' title='bbox 646 3654 822 3699; x_wconf 88' lang='lat' dir='ltr'><strong>tamen</strong></span> <span class='ocrx_word' id='word_1_287' title='bbox 851 3661 915 3699; x_wconf 89' lang='lat' dir='ltr'><strong>eo</strong></span> <span class='ocrx_word' id='word_1_288' title='bbox 943 3647 1061 3714; x_wconf 91' lang='lat' dir='ltr'><strong>ipso</strong></span> <span class='ocrx_word' id='word_1_289' title='bbox 1089 3648 1389 3703; x_wconf 89' lang='lat' dir='ltr'><strong>mercedem</strong></span> <span class='ocrx_word' id='word_1_290' title='bbox 1413 3651 1754 3718; x_wconf 83' lang='lat' dir='ltr'><strong>perdidisses,</strong></span> <span class='ocrx_word' id='word_1_291' title='bbox 1789 3654 1931 3722; x_wconf 89' lang='lat' dir='ltr'><strong>quod</strong></span> 
     </span>
    </p>
   </div>
   <div class='ocr_carea' id='block_1_38' title="bbox 351 3735 1928 3806">
    <p class='ocr_par' dir='ltr' id='par_1_38' title="bbox 351 3735 1928 3806">
     <span class='ocr_line' id='line_1_38' title="bbox 351 3735 1928 3806; baseline 0.008 -22"><span class='ocrx_word' id='word_1_292' title='bbox 351 3750 414 3790; x_wconf 80' lang='lat' dir='ltr'><strong>ea</strong></span> <span class='ocrx_word' id='word_1_293' title='bbox 445 3736 498 3789; x_wconf 91' lang='lat' dir='ltr'><strong>in</strong></span> <span class='ocrx_word' id='word_1_294' title='bbox 528 3735 730 3792; x_wconf 89' lang='lat' dir='ltr'><strong>crimen</strong></span> <span class='ocrx_word' id='word_1_295' title='bbox 773 3749 990 3790; x_wconf 89' lang='lat' dir='ltr'><strong>vocares</strong></span> <span class='ocrx_word' id='word_1_296' title='bbox 1013 3777 1027 3802; x_wconf 94' lang='lat'><strong>,</strong></span> <span class='ocrx_word' id='word_1_297' title='bbox 1056 3751 1175 3804; x_wconf 78' lang='lat' dir='ltr'><strong>quae</strong></span> <span class='ocrx_word' id='word_1_298' title='bbox 1201 3744 1254 3790; x_wconf 93' lang='lat' dir='ltr'><strong>tu</strong></span> <span class='ocrx_word' id='word_1_299' title='bbox 1284 3737 1395 3806; x_wconf 90' lang='lat' dir='ltr'><strong>ipse</strong></span> <span class='ocrx_word' id='word_1_300' title='bbox 1443 3741 1682 3796; x_wconf 82' lang='lat' dir='ltr'><strong>dedisses</strong></span> <span class='ocrx_word' id='word_1_301' title='bbox 1709 3761 1723 3797; x_wconf 90' lang='lat'>:</span> <span class='ocrx_word' id='word_1_302' title='bbox 1754 3747 1928 3798; x_wconf 84' lang='lat' dir='ltr'><strong>enmi-</strong></span> 
     </span>
    </p>
   </div>
   <div class='ocr_carea' id='block_1_39' title="bbox 353 3825 1928 3903">
    <p class='ocr_par' dir='ltr' id='par_1_39' title="bbox 353 3825 1928 3903">
     <span class='ocr_line' id='line_1_39' title="bbox 353 3825 1928 3903; baseline 0.003 -20"><span class='ocrx_word' id='word_1_303' title='bbox 353 3842 533 3897; x_wconf 90' lang='lat' dir='ltr'><strong>noque</strong></span> <span class='ocrx_word' id='word_1_304' title='bbox 563 3826 607 3880; x_wconf 91' lang='lat' dir='ltr'><strong>si</strong></span> <span class='ocrx_word' id='word_1_305' title='bbox 645 3834 698 3880; x_wconf 91' lang='lat' dir='ltr'><strong>tu</strong></span> <span class='ocrx_word' id='word_1_306' title='bbox 729 3825 919 3880; x_wconf 89' lang='lat' dir='ltr'><strong>dedisti</strong></span> <span class='ocrx_word' id='word_1_307' title='bbox 946 3867 961 3890; x_wconf 90' lang='lat'><strong>,</strong></span> <span class='ocrx_word' id='word_1_308' title='bbox 992 3826 1116 3896; x_wconf 91' lang='lat' dir='ltr'><strong>quid</strong></span> <span class='ocrx_word' id='word_1_309' title='bbox 1143 3827 1444 3883; x_wconf 83' lang='lat' dir='ltr'><strong>criminaris</strong></span> <span class='ocrx_word' id='word_1_310' title='bbox 1463 3829 1489 3881; x_wconf 86' lang='lat'><strong>?</strong></span> <span class='ocrx_word' id='word_1_311' title='bbox 1518 3832 1684 3885; x_wconf 82' lang='lat' dir='ltr'><strong>Antea</strong></span> <span class='ocrx_word' id='word_1_312' title='bbox 1716 3834 1928 3903; x_wconf 85' lang='lat' dir='ltr'><strong>quidem</strong></span> 
     </span>
    </p>
   </div>
   <div class='ocr_carea' id='block_1_40' title="bbox 352 3918 1926 3995">
    <p class='ocr_par' dir='ltr' id='par_1_40' title="bbox 352 3918 1926 3995">
     <span class='ocr_line' id='line_1_40' title="bbox 352 3918 1926 3995; baseline 0.004 -22"><span class='ocrx_word' id='word_1_313' title='bbox 352 3935 639 3990; x_wconf 87' lang='lat' dir='ltr'><strong>pauperem</strong></span> <span class='ocrx_word' id='word_1_314' title='bbox 684 3919 832 3973; x_wconf 82' lang='lat' dir='ltr'><strong>illum</strong></span> <span class='ocrx_word' id='word_1_315' title='bbox 874 3918 1037 3974; x_wconf 89' lang='lat' dir='ltr'><strong>fuisse</strong></span> <span class='ocrx_word' id='word_1_316' title='bbox 1077 3920 1309 3986; x_wconf 88' lang='lat' dir='ltr'><strong>testaris,</strong></span> <span class='ocrx_word' id='word_1_317' title='bbox 1342 3919 1474 3987; x_wconf 72' lang='lat' dir='ltr'><strong>Qum</strong></span> <span class='ocrx_word' id='word_1_318' title='bbox 1518 3921 1695 3989; x_wconf 85' lang='lat' dir='ltr'><strong>habet,</strong></span> <span class='ocrx_word' id='word_1_319' title='bbox 1730 3924 1926 3995; x_wconf 85' lang='lat' dir='ltr'><strong>inquis,</strong></span> 
     </span>
    </p>
   </div>
   <div class='ocr_carea' id='block_1_41' title="bbox 351 4009 1933 4083">
    <p class='ocr_par' dir='ltr' id='par_1_41' title="bbox 351 4009 1933 4083">
     <span class='ocr_line' id='line_1_41' title="bbox 351 4009 1933 4083; baseline 0.003 -15"><span class='ocrx_word' id='word_1_320' title='bbox 351 4028 454 4083; x_wconf 79' lang='lat' dir='ltr'><strong>ego</strong></span> <span class='ocrx_word' id='word_1_321' title='bbox 496 4011 616 4068; x_wconf 88' lang='lat' dir='ltr'><strong>dedi</strong></span> <span class='ocrx_word' id='word_1_322' title='bbox 650 4029 662 4063; x_wconf 92' lang='lat'>:</span> <span class='ocrx_word' id='word_1_323' title='bbox 694 4009 822 4081; x_wconf 89' lang='lat' dir='ltr'><strong>quid</strong></span> <span class='ocrx_word' id='word_1_324' title='bbox 863 4025 990 4081; x_wconf 88' lang='lat' dir='ltr'><strong>ergo</strong></span> <span class='ocrx_word' id='word_1_325' title='bbox 1040 4010 1386 4067; x_wconf 86' lang='lat' dir='ltr'><strong>critninaris?</strong></span> <span class='ocrx_word' id='word_1_326' title='bbox 1425 4012 1665 4067; x_wconf 88' lang='lat' dir='ltr'><strong>Dandum</strong></span> <span class='ocrx_word' id='word_1_327' title='bbox 1714 4015 1933 4072; x_wconf 89' lang='lat' dir='ltr'><strong>minime</strong></span> 
     </span>
    </p>
   </div>
   <div class='ocr_carea' id='block_1_42' title="bbox 353 4102 1931 4166">
    <p class='ocr_par' dir='ltr' id='par_1_42' title="bbox 353 4102 1931 4166">
     <span class='ocr_line' id='line_1_42' title="bbox 353 4102 1931 4166; baseline 0.002 -8"><span class='ocrx_word' id='word_1_328' title='bbox 353 4104 546 4166; x_wconf 81' lang='lat' dir='ltr'><strong>fuerat.</strong></span> <span class='ocrx_word' id='word_1_329' title='bbox 577 4103 621 4158; x_wconf 91' lang='lat' dir='ltr'><strong>si</strong></span> <span class='ocrx_word' id='word_1_330' title='bbox 648 4117 768 4158; x_wconf 87' lang='lat' dir='ltr'><strong>eras</strong></span> <span class='ocrx_word' id='word_1_331' title='bbox 799 4102 850 4156; x_wconf 92' lang='lat' dir='ltr'><strong>in</strong></span> <span class='ocrx_word' id='word_1_332' title='bbox 877 4102 1080 4157; x_wconf 86' lang='lat' dir='ltr'><strong>crimen</strong></span> <span class='ocrx_word' id='word_1_333' title='bbox 1105 4111 1406 4158; x_wconf 80' lang='lat' dir='ltr'><strong>vocaturos.</strong></span> <span class='ocrx_word' id='word_1_334' title='bbox 1432 4106 1501 4158; x_wconf 81' lang='lat' dir='ltr'><strong>At</strong></span> <span class='ocrx_word' id='word_1_335' title='bbox 1529 4119 1648 4158; x_wconf 89' lang='lat' dir='ltr'><strong>cmn</strong></span> <span class='ocrx_word' id='word_1_336' title='bbox 1673 4107 1810 4160; x_wconf 88' lang='lat' dir='ltr'><strong>alter</strong></span> <span class='ocrx_word' id='word_1_337' title='bbox 1839 4106 1931 4161; x_wconf 91' lang='lat' dir='ltr'><strong>de-</strong></span> 
     </span>
    </p>
   </div>
   <div class='ocr_carea' id='block_1_43' title="bbox 347 4193 1934 4260">
    <p class='ocr_par' dir='ltr' id='par_1_43' title="bbox 347 4193 1934 4260">
     <span class='ocr_line' id='line_1_43' title="bbox 347 4193 1934 4260; baseline 0.001 -11"><span class='ocrx_word' id='word_1_338' title='bbox 347 4195 448 4260; x_wconf 87' lang='lat' dir='ltr'><strong>dit,</strong></span> <span class='ocrx_word' id='word_1_339' title='bbox 476 4196 575 4250; x_wconf 88' lang='lat' dir='ltr'><strong>ista</strong></span> <span class='ocrx_word' id='word_1_340' title='bbox 607 4195 741 4250; x_wconf 89' lang='lat' dir='ltr'><strong>dicis</strong></span> <span class='ocrx_word' id='word_1_341' title='bbox 765 4195 788 4248; x_wconf 90' lang='lat'><strong>?</strong></span> <span class='ocrx_word' id='word_1_342' title='bbox 815 4194 1040 4250; x_wconf 88' lang='lat' dir='ltr'><strong>Gravius</strong></span> <span class='ocrx_word' id='word_1_343' title='bbox 1075 4208 1204 4248; x_wconf 88' lang='lat' dir='ltr'><strong>sane</strong></span> <span class='ocrx_word' id='word_1_344' title='bbox 1224 4193 1478 4248; x_wconf 89' lang='lat' dir='ltr'><strong>delictum</strong></span> <span class='ocrx_word' id='word_1_345' title='bbox 1500 4235 1514 4260; x_wconf 92' lang='lat'><strong>,</strong></span> <span class='ocrx_word' id='word_1_346' title='bbox 1543 4211 1663 4250; x_wconf 88' lang='lat' dir='ltr'><strong>cum</strong></span> <span class='ocrx_word' id='word_1_347' title='bbox 1692 4204 1744 4251; x_wconf 93' lang='lat' dir='ltr'><strong>tu</strong></span> <span class='ocrx_word' id='word_1_348' title='bbox 1774 4197 1934 4251; x_wconf 87' lang='lat' dir='ltr'><strong>mini-</strong></span> 
     </span>
    </p>
   </div>
   <div class='ocr_carea' id='block_1_44' title="bbox 351 4285 1928 4354">
    <p class='ocr_par' dir='ltr' id='par_1_44' title="bbox 351 4285 1928 4354">
     <span class='ocr_line' id='line_1_44' title="bbox 351 4285 1928 4354; baseline -0.001 -12"><span class='ocrx_word' id='word_1_349' title='bbox 351 4303 437 4342; x_wconf 91' lang='lat' dir='ltr'><strong>mc</strong></span> <span class='ocrx_word' id='word_1_350' title='bbox 471 4285 684 4341; x_wconf 88' lang='lat' dir='ltr'><strong>dederis</strong></span> <span class='ocrx_word' id='word_1_351' title='bbox 707 4327 722 4351; x_wconf 89' lang='lat'><strong>,</strong></span> <span class='ocrx_word' id='word_1_352' title='bbox 754 4287 973 4341; x_wconf 88' lang='lat' dir='ltr'><strong>alterius</strong></span> <span class='ocrx_word' id='word_1_353' title='bbox 1018 4285 1293 4341; x_wconf 76' lang='lat' dir='ltr'><strong>benefacta</strong></span> <span class='ocrx_word' id='word_1_354' title='bbox 1335 4286 1625 4340; x_wconf 90' lang='lat' dir='ltr'><strong>criminari.</strong></span> <span class='ocrx_word' id='word_1_355' title='bbox 1667 4287 1928 4354; x_wconf 89' lang='lat' dir='ltr'><strong>Quantam</strong></span> 
     </span>
    </p>
   </div>
   <div class='ocr_carea' id='block_1_45' title="bbox 349 4376 1930 4447">
    <p class='ocr_par' dir='ltr' id='par_1_45' title="bbox 349 4376 1930 4447">
     <span class='ocr_line' id='line_1_45' title="bbox 349 4376 1930 4447; baseline 0.004 -20"><span class='ocrx_word' id='word_1_356' title='bbox 349 4376 471 4431; x_wconf 88' lang='lat' dir='ltr'><strong>illos</strong></span> <span class='ocrx_word' id='word_1_357' title='bbox 519 4376 820 4431; x_wconf 87' lang='lat' dir='ltr'><strong>mercedem</strong></span> <span class='ocrx_word' id='word_1_358' title='bbox 855 4392 1074 4432; x_wconf 89' lang='lat' dir='ltr'><strong>manere</strong></span> <span class='ocrx_word' id='word_1_359' title='bbox 1103 4386 1276 4444; x_wconf 87' lang='lat' dir='ltr'><strong>putas,</strong></span> <span class='ocrx_word' id='word_1_360' title='bbox 1305 4377 1394 4447; x_wconf 92' lang='lat' dir='ltr'><strong>qui</strong></span> <span class='ocrx_word' id='word_1_361' title='bbox 1437 4377 1622 4432; x_wconf 72' lang='lat' dir='ltr'><strong>isthmc</strong></span> <span class='ocrx_word' id='word_1_362' title='bbox 1661 4378 1930 4434; x_wconf 90' lang='lat' dir='ltr'><strong>audiunt?</strong></span> 
     </span>
    </p>
   </div>
   <div class='ocr_carea' id='block_1_46' title="bbox 352 4469 1928 4540">
    <p class='ocr_par' dir='ltr' id='par_1_46' title="bbox 352 4469 1928 4540">
     <span class='ocr_line' id='line_1_46' title="bbox 352 4469 1928 4540; baseline 0.002 -16"><span class='ocrx_word' id='word_1_363' title='bbox 352 4470 448 4524; x_wconf 85' lang='lat' dir='ltr'><strong>Dei</strong></span> <span class='ocrx_word' id='word_1_364' title='bbox 475 4471 615 4524; x_wconf 72' lang='lat' dir='ltr'><strong>enim</strong></span> <span class='ocrx_word' id='word_1_365' title='bbox 641 4485 800 4525; x_wconf 84' lang='lat' dir='ltr'><strong>causa</strong></span> <span class='ocrx_word' id='word_1_366' title='bbox 828 4469 943 4524; x_wconf 79' lang='lat' dir='ltr'><strong>hzec</strong></span> <span class='ocrx_word' id='word_1_367' title='bbox 965 4469 1257 4540; x_wconf 90' lang='lat' dir='ltr'><strong>patiuntur.</strong></span> <span class='ocrx_word' id='word_1_368' title='bbox 1281 4469 1419 4535; x_wconf 83' lang='lat' dir='ltr'><strong>Quid</strong></span> <span class='ocrx_word' id='word_1_369' title='bbox 1441 4470 1511 4525; x_wconf 90' lang='lat' dir='ltr'><strong>ita</strong></span> <span class='ocrx_word' id='word_1_370' title='bbox 1535 4473 1560 4523; x_wconf 70' lang='grc' dir='ltr'><strong>’ἐ</strong></span> <span class='ocrx_word' id='word_1_371' title='bbox 1586 4470 1857 4539; x_wconf 85' lang='lat' dir='ltr'><strong>Poterant,</strong></span> <span class='ocrx_word' id='word_1_372' title='bbox 1881 4474 1928 4527; x_wconf 89' lang='lat' dir='ltr'><strong>si</strong></span> 
     </span>
    </p>
   </div>
   <div class='ocr_carea' id='block_1_47' title="bbox 349 4568 1927 4642">
    <p class='ocr_par' dir='ltr' id='par_1_47' title="bbox 349 4568 1927 4642">
     <span class='ocr_line' id='line_1_47' title="bbox 349 4568 1927 4642; baseline 0.005 -23"><span class='ocrx_word' id='word_1_373' title='bbox 349 4568 663 4632; x_wconf 81' lang='lat' dir='ltr'><strong>voluissent,</strong></span> <span class='ocrx_word' id='word_1_374' title='bbox 698 4583 967 4638; x_wconf 87' lang='lat' dir='ltr'><strong>caupones</strong></span> <span class='ocrx_word' id='word_1_375' title='bbox 998 4568 1133 4634; x_wconf 89' lang='lat' dir='ltr'><strong>fieri,</strong></span> <span class='ocrx_word' id='word_1_376' title='bbox 1167 4570 1375 4624; x_wconf 85' lang='lat' dir='ltr'><strong>tametsi</strong></span> <span class='ocrx_word' id='word_1_377' title='bbox 1409 4570 1537 4624; x_wconf 83' lang='lat' dir='ltr'><strong>nihil</strong></span> <span class='ocrx_word' id='word_1_378' title='bbox 1566 4571 1671 4626; x_wconf 88' lang='lat' dir='ltr'><strong>illis</strong></span> <span class='ocrx_word' id='word_1_379' title='bbox 1697 4588 1724 4625; x_wconf 91' lang='lat' dir='ltr'><strong>a</strong></span> <span class='ocrx_word' id='word_1_380' title='bbox 1753 4573 1927 4642; x_wconf 87' lang='lat' dir='ltr'><strong>majo-</strong></span> 
     </span>
    </p>
   </div>
   <div class='ocr_carea' id='block_1_48' title="bbox 349 4659 1927 4734">
    <p class='ocr_par' dir='ltr' id='par_1_48' title="bbox 349 4659 1927 4734">
     <span class='ocr_line' id='line_1_48' title="bbox 349 4659 1927 4734; baseline 0.004 -21"><span class='ocrx_word' id='word_1_381' title='bbox 349 4662 495 4716; x_wconf 85' lang='lat' dir='ltr'><strong>ribus</strong></span> <span class='ocrx_word' id='word_1_382' title='bbox 529 4661 774 4714; x_wconf 86' lang='lat' dir='ltr'><strong>relietum</strong></span> <span class='ocrx_word' id='word_1_383' title='bbox 794 4667 957 4715; x_wconf 85' lang='lat' dir='ltr'><strong>esset.</strong></span> <span class='ocrx_word' id='word_1_384' title='bbox 989 4659 1118 4714; x_wconf 85' lang='lat' dir='ltr'><strong>Nam</strong></span> <span class='ocrx_word' id='word_1_385' title='bbox 1144 4669 1199 4715; x_wconf 91' lang='lat' dir='ltr'><strong>et</strong></span> <span class='ocrx_word' id='word_1_386' title='bbox 1228 4659 1343 4714; x_wconf 73' lang='lat' dir='ltr'><strong>ha-c</strong></span> <span class='ocrx_word' id='word_1_387' title='bbox 1369 4662 1564 4716; x_wconf 89' lang='lat' dir='ltr'><strong>multos</strong></span> <span class='ocrx_word' id='word_1_388' title='bbox 1591 4663 1927 4734; x_wconf 88' lang='lat' dir='ltr'><strong>impudenter</strong></span> 
     </span>
    </p>
   </div>
   <div class='ocr_carea' id='block_1_49' title="bbox 346 4751 1926 4820">
    <p class='ocr_par' dir='ltr' id='par_1_49' title="bbox 346 4751 1926 4820">
     <span class='ocr_line' id='line_1_49' title="bbox 346 4751 1926 4820; baseline 0.004 -16"><span class='ocrx_word' id='word_1_389' title='bbox 346 4752 588 4807; x_wconf 88' lang='lat' dir='ltr'><strong>dicentes</strong></span> <span class='ocrx_word' id='word_1_390' title='bbox 626 4751 804 4815; x_wconf 88' lang='lat' dir='ltr'><strong>audio,</strong></span> <span class='ocrx_word' id='word_1_391' title='bbox 853 4754 898 4805; x_wconf 90' lang='lat' dir='ltr'><strong>si</strong></span> <span class='ocrx_word' id='word_1_392' title='bbox 944 4751 1156 4820; x_wconf 91' lang='lat' dir='ltr'><strong>quando</strong></span> <span class='ocrx_word' id='word_1_393' title='bbox 1197 4767 1295 4806; x_wconf 87' lang='lat' dir='ltr'><strong>nos</strong></span> <span class='ocrx_word' id='word_1_394' title='bbox 1324 4752 1393 4805; x_wconf 90' lang='lat' dir='ltr'><strong>ita</strong></span> <span class='ocrx_word' id='word_1_395' title='bbox 1423 4753 1650 4808; x_wconf 89' lang='lat' dir='ltr'><strong>dicimus</strong></span> <span class='ocrx_word' id='word_1_396' title='bbox 1675 4796 1690 4819; x_wconf 94' lang='lat'><strong>,</strong></span> <span class='ocrx_word' id='word_1_397' title='bbox 1725 4756 1820 4811; x_wconf 91' lang='lat' dir='ltr'><strong>llic</strong></span> <span class='ocrx_word' id='word_1_398' title='bbox 1844 4757 1926 4812; x_wconf 88' lang='lat' dir='ltr'><strong>vel</strong></span> 
     </span>
    </p>
   </div>
   <div class='ocr_carea' id='block_1_50' title="bbox 350 4842 1925 4912">
    <p class='ocr_par' dir='ltr' id='par_1_50' title="bbox 350 4842 1925 4912">
     <span class='ocr_line' id='line_1_50' title="bbox 350 4842 1925 4912; baseline 0.005 -19"><span class='ocrx_word' id='word_1_399' title='bbox 350 4845 441 4897; x_wconf 84' lang='lat' dir='ltr'><strong>ille</strong></span> <span class='ocrx_word' id='word_1_400' title='bbox 483 4858 687 4912; x_wconf 88' lang='lat' dir='ltr'><strong>pauper</strong></span> <span class='ocrx_word' id='word_1_401' title='bbox 714 4851 795 4898; x_wconf 88' lang='lat' dir='ltr'><strong>est</strong></span> <span class='ocrx_word' id='word_1_402' title='bbox 825 4861 840 4896; x_wconf 88' lang='lat'><strong>:</strong></span> <span class='ocrx_word' id='word_1_403' title='bbox 871 4842 1104 4908; x_wconf 80' lang='lat' dir='ltr'><strong>Poterat,</strong></span> <span class='ocrx_word' id='word_1_404' title='bbox 1147 4842 1412 4912; x_wconf 89' lang='lat' dir='ltr'><strong>inquiunt,</strong></span> <span class='ocrx_word' id='word_1_405' title='bbox 1453 4844 1496 4897; x_wconf 93' lang='lat' dir='ltr'><strong>si</strong></span> <span class='ocrx_word' id='word_1_406' title='bbox 1541 4844 1814 4909; x_wconf 86' lang='lat' dir='ltr'><strong>voluisset,</strong></span> <span class='ocrx_word' id='word_1_407' title='bbox 1858 4847 1925 4901; x_wconf 93' lang='lat' dir='ltr'><strong>ad</strong></span> 
     </span>
    </p>
   </div>
   <div class='ocr_carea' id='block_1_51' title="bbox 346 4931 1929 5003">
    <p class='ocr_par' dir='ltr' id='par_1_51' title="bbox 346 4931 1929 5003">
     <span class='ocr_line' id='line_1_51' title="bbox 346 4931 1929 5003; baseline 0.005 -19"><span class='ocrx_word' id='word_1_408' title='bbox 346 4933 559 4987; x_wconf 84' lang='lat' dir='ltr'><strong>divitias</strong></span> <span class='ocrx_word' id='word_1_409' title='bbox 581 4932 881 5003; x_wconf 85' lang='lat' dir='ltr'><strong>pervenire.</strong></span> <span class='ocrx_word' id='word_1_410' title='bbox 911 4931 1110 4986; x_wconf 88' lang='lat' dir='ltr'><strong>Deinde</strong></span> <span class='ocrx_word' id='word_1_411' title='bbox 1134 4933 1485 4988; x_wconf 88' lang='lat' dir='ltr'><strong>contumelias</strong></span> <span class='ocrx_word' id='word_1_412' title='bbox 1512 4933 1712 4988; x_wconf 89' lang='lat' dir='ltr'><strong>addunt</strong></span> <span class='ocrx_word' id='word_1_413' title='bbox 1736 4976 1750 5000; x_wconf 91' lang='lat'><strong>,</strong></span> <span class='ocrx_word' id='word_1_414' title='bbox 1783 4939 1929 4993; x_wconf 79' lang='lat' dir='ltr'><strong>Avns</strong></span> 
     </span>
    </p>
   </div>
   <div class='ocr_carea' id='block_1_52' title="bbox 344 5023 1929 5086">
    <p class='ocr_par' dir='ltr' id='par_1_52' title="bbox 344 5023 1929 5086">
     <span class='ocr_line' id='line_1_52' title="bbox 344 5023 1929 5086; baseline 0.005 -12"><span class='ocrx_word' id='word_1_415' title='bbox 344 5025 499 5079; x_wconf 75' lang='lat' dir='ltr'><strong>istius</strong></span> <span class='ocrx_word' id='word_1_416' title='bbox 525 5035 580 5079; x_wconf 94' lang='lat' dir='ltr'><strong>et</strong></span> <span class='ocrx_word' id='word_1_417' title='bbox 599 5026 800 5080; x_wconf 85' lang='lat' dir='ltr'><strong>abavus</strong></span> <span class='ocrx_word' id='word_1_418' title='bbox 823 5024 957 5079; x_wconf 80' lang='lat' dir='ltr'><strong>tales</strong></span> <span class='ocrx_word' id='word_1_419' title='bbox 981 5023 1215 5086; x_wconf 86' lang='lat' dir='ltr'><strong>fuerunt,</strong></span> <span class='ocrx_word' id='word_1_420' title='bbox 1244 5023 1329 5078; x_wconf 89' lang='lat' dir='ltr'><strong>hic</strong></span> <span class='ocrx_word' id='word_1_421' title='bbox 1356 5040 1484 5079; x_wconf 87' lang='lat' dir='ltr'><strong>vero</strong></span> <span class='ocrx_word' id='word_1_422' title='bbox 1507 5040 1645 5079; x_wconf 90' lang='lat' dir='ltr'><strong>nunc</strong></span> <span class='ocrx_word' id='word_1_423' title='bbox 1669 5027 1758 5080; x_wconf 85' lang='lat' dir='ltr'><strong>tali</strong></span> <span class='ocrx_word' id='word_1_424' title='bbox 1783 5036 1929 5082; x_wconf 89' lang='lat' dir='ltr'><strong>veste</strong></span> 
     </span>
    </p>
   </div>
   <div class='ocr_carea' id='block_1_53' title="bbox 347 5115 1925 5186">
    <p class='ocr_par' dir='ltr' id='par_1_53' title="bbox 347 5115 1925 5186">
     <span class='ocr_line' id='line_1_53' title="bbox 347 5115 1925 5186; baseline 0.002 -17"><span class='ocrx_word' id='word_1_425' title='bbox 347 5115 566 5169; x_wconf 91' lang='lat' dir='ltr'><strong>indutus</strong></span> <span class='ocrx_word' id='word_1_426' title='bbox 613 5125 715 5171; x_wconf 85' lang='lat' dir='ltr'><strong>est.</strong></span> <span class='ocrx_word' id='word_1_427' title='bbox 762 5116 870 5172; x_wconf 88' lang='lat' dir='ltr'><strong>Sed</strong></span> <span class='ocrx_word' id='word_1_428' title='bbox 917 5115 1086 5186; x_wconf 87' lang='lat' dir='ltr'><strong>quid?</strong></span> <span class='ocrx_word' id='word_1_429' title='bbox 1131 5115 1219 5170; x_wconf 88' lang='lat' dir='ltr'><strong>dic</strong></span> <span class='ocrx_word' id='word_1_430' title='bbox 1258 5115 1424 5180; x_wconf 90' lang='lat' dir='ltr'><strong>mihi;</strong></span> <span class='ocrx_word' id='word_1_431' title='bbox 1457 5115 1732 5172; x_wconf 90' lang='lat' dir='ltr'><strong>nudumne</strong></span> <span class='ocrx_word' id='word_1_432' title='bbox 1779 5117 1925 5172; x_wconf 90' lang='lat' dir='ltr'><strong>illum</strong></span> 
     </span>
    </p>
   </div>
   <div class='ocr_carea' id='block_1_54' title="bbox 347 5205 1928 5276">
    <p class='ocr_par' dir='ltr' id='par_1_54' title="bbox 347 5205 1928 5276">
     <span class='ocr_line' id='line_1_54' title="bbox 347 5205 1928 5276; baseline 0.003 -17"><span class='ocrx_word' id='word_1_433' title='bbox 347 5205 632 5260; x_wconf 82' lang='lat' dir='ltr'><strong>circumire</strong></span> <span class='ocrx_word' id='word_1_434' title='bbox 661 5207 936 5274; x_wconf 82' lang='lat' dir='ltr'><strong>oportuit?</strong></span> <span class='ocrx_word' id='word_1_435' title='bbox 978 5207 1122 5276; x_wconf 86' lang='lat' dir='ltr'><strong>Ergo</strong></span> <span class='ocrx_word' id='word_1_436' title='bbox 1166 5206 1265 5261; x_wconf 88' lang='lat' dir='ltr'><strong>ista</strong></span> <span class='ocrx_word' id='word_1_437' title='bbox 1312 5207 1527 5276; x_wconf 85' lang='lat' dir='ltr'><strong>quidem</strong></span> <span class='ocrx_word' id='word_1_438' title='bbox 1559 5216 1612 5261; x_wconf 90' lang='lat' dir='ltr'><strong>tu</strong></span> <span class='ocrx_word' id='word_1_439' title='bbox 1655 5208 1928 5263; x_wconf 87' lang='lat' dir='ltr'><strong>subtiliter</strong></span> 
     </span>
    </p>
   </div>
   <div class='ocr_carea' id='block_1_55' title="bbox 347 5295 1927 5369">
    <p class='ocr_par' dir='ltr' id='par_1_55' title="bbox 347 5295 1927 5369">
     <span class='ocr_line' id='line_1_55' title="bbox 347 5295 1927 5369; baseline 0.004 -20"><span class='ocrx_word' id='word_1_440' title='bbox 347 5295 412 5349; x_wconf 87' lang='lat' dir='ltr'><strong>ad</strong></span> <span class='ocrx_word' id='word_1_441' title='bbox 441 5295 678 5349; x_wconf 85' lang='lat' dir='ltr'><strong>calculos</strong></span> <span class='ocrx_word' id='word_1_442' title='bbox 706 5311 955 5357; x_wconf 87' lang='lat' dir='ltr'><strong>revocas;</strong></span> <span class='ocrx_word' id='word_1_443' title='bbox 982 5297 1076 5351; x_wconf 90' lang='lat' dir='ltr'><strong>sed</strong></span> <span class='ocrx_word' id='word_1_444' title='bbox 1105 5297 1222 5352; x_wconf 88' lang='lat' dir='ltr'><strong>vide</strong></span> <span class='ocrx_word' id='word_1_445' title='bbox 1251 5313 1320 5352; x_wconf 88' lang='lat' dir='ltr'><strong>ne</strong></span> <span class='ocrx_word' id='word_1_446' title='bbox 1347 5308 1529 5352; x_wconf 86' lang='lat' dir='ltr'><strong>eontra</strong></span> <span class='ocrx_word' id='word_1_447' title='bbox 1559 5300 1785 5369; x_wconf 87' lang='lat' dir='ltr'><strong>teipsum</strong></span> <span class='ocrx_word' id='word_1_448' title='bbox 1811 5300 1927 5356; x_wconf 75' lang='lat' dir='ltr'><strong>lucc</strong></span> 
     </span>
    </p>
   </div>
   <div class='ocr_carea' id='block_1_56' title="bbox 345 5386 1927 5456">
    <p class='ocr_par' dir='ltr' id='par_1_56' title="bbox 345 5386 1927 5456">
     <span class='ocr_line' id='line_1_56' title="bbox 345 5386 1927 5456; baseline 0.003 -15"><span class='ocrx_word' id='word_1_449' title='bbox 345 5387 494 5444; x_wconf 88' lang='lat' dir='ltr'><strong>dicas</strong></span> <span class='ocrx_word' id='word_1_450' title='bbox 526 5405 540 5441; x_wconf 93' lang='lat'>:</span> <span class='ocrx_word' id='word_1_451' title='bbox 573 5395 733 5456; x_wconf 88' lang='lat' dir='ltr'><strong>atque</strong></span> <span class='ocrx_word' id='word_1_452' title='bbox 758 5386 882 5440; x_wconf 89' lang='lat' dir='ltr'><strong>audi</strong></span> <span class='ocrx_word' id='word_1_453' title='bbox 911 5387 1054 5441; x_wconf 87' lang='lat' dir='ltr'><strong>illam</strong></span> <span class='ocrx_word' id='word_1_454' title='bbox 1084 5388 1282 5442; x_wconf 81' lang='lat' dir='ltr'><strong>Christi</strong></span> <span class='ocrx_word' id='word_1_455' title='bbox 1319 5389 1738 5444; x_wconf 90' lang='lat' dir='ltr'><strong>admonitionem</strong></span> <span class='ocrx_word' id='word_1_456' title='bbox 1760 5434 1773 5456; x_wconf 93' lang='lat'><strong>,</strong></span> <span class='ocrx_word' id='word_1_457' title='bbox 1809 5389 1927 5445; x_wconf 82' lang='lat' dir='ltr'><strong>No-</strong></span> 
     </span>
    </p>
   </div>
   <div class='ocr_carea' id='block_1_57' title="bbox 347 5479 1928 5552">
    <p class='ocr_par' dir='ltr' id='par_1_57' title="bbox 347 5479 1928 5552">
     <span class='ocr_line' id='line_1_57' title="bbox 347 5479 1928 5552; baseline 0.004 -21"><span class='ocrx_word' id='word_1_458' title='bbox 347 5479 712 5549; x_wconf 27' lang='lat' dir='ltr'><strong>litarjudt&#39;cat&#39;e,</strong></span> <span class='ocrx_word' id='word_1_459' title='bbox 743 5487 792 5531; x_wconf 74' lang='lat' dir='ltr'><strong>et</strong></span> <span class='ocrx_word' id='word_1_460' title='bbox 821 5492 922 5532; x_wconf 83' lang='lat' dir='ltr'><strong>non</strong></span> <span class='ocrx_word' id='word_1_461' title='bbox 941 5479 1302 5547; x_wconf 81' lang='lat' dir='ltr'><strong>judicabimini</strong></span> <span class='ocrx_word' id='word_1_462' title='bbox 1329 5481 1542 5551; x_wconf 73' lang='lat' dir='ltr'><strong>(Matth.</strong></span> <span class='ocrx_word' id='word_1_463' title='bbox 1570 5483 1624 5536; x_wconf 87' lang='lat'><strong>7.</strong></span> <span class='ocrx_word' id='word_1_464' title='bbox 1658 5483 1732 5552; x_wconf 82' lang='grc'><strong>1).</strong></span> <span class='ocrx_word' id='word_1_465' title='bbox 1768 5482 1928 5538; x_wconf 86' lang='lat' dir='ltr'><strong>Pulc-</strong></span> 
     </span>
    </p>
   </div>
   <div class='ocr_carea' id='block_1_58' title="bbox 349 5571 1922 5641">
    <p class='ocr_par' dir='ltr' id='par_1_58' title="bbox 349 5571 1922 5641">
     <span class='ocr_line' id='line_1_58' title="bbox 349 5571 1922 5641; baseline 0.002 -17"><span class='ocrx_word' id='word_1_466' title='bbox 349 5582 428 5624; x_wconf 85' lang='lat' dir='ltr'><strong>rat</strong></span> <span class='ocrx_word' id='word_1_467' title='bbox 455 5572 632 5640; x_wconf 78' lang='lat' dir='ltr'><strong>igitur,</strong></span> <span class='ocrx_word' id='word_1_468' title='bbox 661 5571 704 5626; x_wconf 90' lang='lat' dir='ltr'><strong>si</strong></span> <span class='ocrx_word' id='word_1_469' title='bbox 741 5571 1018 5633; x_wconf 80' lang='lat' dir='ltr'><strong>voluisset.</strong></span> <span class='ocrx_word' id='word_1_470' title='bbox 1058 5573 1434 5641; x_wconf 87' lang='lat' dir='ltr'><strong>caupouariam</strong></span> <span class='ocrx_word' id='word_1_471' title='bbox 1461 5588 1524 5627; x_wconf 90' lang='lat' dir='ltr'><strong>ac</strong></span> <span class='ocrx_word' id='word_1_472' title='bbox 1562 5585 1922 5629; x_wconf 81' lang='lat' dir='ltr'><strong>mercaturam</strong></span> 
     </span>
    </p>
   </div>
   <div class='ocr_carea' id='block_1_59' title="bbox 348 5663 1914 5732">
    <p class='ocr_par' dir='ltr' id='par_1_59' title="bbox 348 5663 1914 5732">
     <span class='ocr_line' id='line_1_59' title="bbox 348 5663 1914 5732; baseline 0.003 -16"><span class='ocrx_word' id='word_1_473' title='bbox 348 5677 622 5724; x_wconf 64' lang='lat' dir='ltr'><strong>evereere,</strong></span> <span class='ocrx_word' id='word_1_474' title='bbox 648 5663 970 5732; x_wconf 84' lang='lat' dir='ltr'><strong>omninoque</strong></span> <span class='ocrx_word' id='word_1_475' title='bbox 998 5677 1102 5716; x_wconf 92' lang='lat' dir='ltr'><strong>non</strong></span> <span class='ocrx_word' id='word_1_476' title='bbox 1129 5663 1394 5732; x_wconf 74' lang='lat' dir='ltr'><strong>eguisset;</strong></span> <span class='ocrx_word' id='word_1_477' title='bbox 1435 5665 1526 5720; x_wconf 87' lang='lat' dir='ltr'><strong>sed</strong></span> <span class='ocrx_word' id='word_1_478' title='bbox 1556 5667 1744 5720; x_wconf 91' lang='lat' dir='ltr'><strong>noluit.</strong></span> <span class='ocrx_word' id='word_1_479' title='bbox 1778 5667 1914 5732; x_wconf 84' lang='lat' dir='ltr'><strong>Quid</strong></span> 
     </span>
    </p>
   </div>
   <div class='ocr_carea' id='block_1_60' title="bbox 349 5749 1912 5824">
    <p class='ocr_par' dir='ltr' id='par_1_60' title="bbox 349 5749 1912 5824">
     <span class='ocr_line' id='line_1_60' title="bbox 349 5749 1912 5824; baseline 0.005 -21"><span class='ocrx_word' id='word_1_480' title='bbox 349 5749 529 5824; x_wconf 75' lang='lat' dir='ltr'><strong>igitur,</strong></span> <span class='ocrx_word' id='word_1_481' title='bbox 574 5766 778 5820; x_wconf 64' lang='lat' dir='ltr'><strong>qumso,</strong></span> <span class='ocrx_word' id='word_1_482' title='bbox 822 5750 1089 5807; x_wconf 75' lang='lat' dir='ltr'><strong>lucratus?</strong></span> <span class='ocrx_word' id='word_1_483' title='bbox 1121 5767 1245 5805; x_wconf 86' lang='lat' dir='ltr'><strong>num</strong></span> <span class='ocrx_word' id='word_1_484' title='bbox 1277 5755 1458 5808; x_wconf 75' lang='lat' dir='ltr'><strong>sericis</strong></span> <span class='ocrx_word' id='word_1_485' title='bbox 1491 5756 1721 5810; x_wconf 82' lang='lat' dir='ltr'><strong>induitur</strong></span> <span class='ocrx_word' id='word_1_486' title='bbox 1755 5759 1912 5812; x_wconf 68' lang='lat' dir='ltr'><strong>vcsti-</strong></span> 
     </span>
    </p>
   </div>
   <div class='ocr_carea' id='block_1_61' title="bbox 1059 317 2853 385">
    <p class='ocr_par' dir='ltr' id='par_1_61' title="bbox 1059 317 2853 385">
     <span class='ocr_line' id='line_1_61' title="bbox 1059 317 2853 385; baseline -0.005 0"><span class='ocrx_word' id='word_1_487' title='bbox 1059 329 1117 385; x_wconf 86' lang='lat' dir='ltr'><strong>S.</strong></span> <span class='ocrx_word' id='word_1_488' title='bbox 1159 324 1433 385; x_wconf 70' lang='lat' dir='ltr'><strong>JOANNIS</strong></span> <span class='ocrx_word' id='word_1_489' title='bbox 1462 317 1928 378; x_wconf 70' lang='lat' dir='ltr'><strong>CllltYSOSTUMI</strong></span> <span class='ocrx_word' id='word_1_490' title='bbox 1968 317 2284 374; x_wconf 76' lang='lat' dir='ltr'><strong>ARCIIIEP.</strong></span> <span class='ocrx_word' id='word_1_491' title='bbox 2323 317 2853 377; x_wconf 75' lang='lat' dir='ltr'><strong>CONSTANTINOP.</strong></span> 
     </span>
    </p>
   </div>
   <div class='ocr_carea' id='block_1_62' title="bbox 3512 327 3621 384">
    <p class='ocr_par' dir='ltr' id='par_1_62' title="bbox 3512 327 3621 384">
     <span class='ocr_line' id='line_1_62' title="bbox 3512 327 3621 384; baseline 0.018 -2"><span class='ocrx_word' id='word_1_492' title='bbox 3512 327 3621 384; x_wconf 63' lang='lat'><strong>25‘!</strong></span> 
     </span>
    </p>
   </div>
   <div class='ocr_carea' id='block_1_63' title="bbox 2047 432 3616 504">
    <p class='ocr_par' dir='ltr' id='par_1_63' title="bbox 2047 432 3616 504">
     <span class='ocr_line' id='line_1_63' title="bbox 2047 432 3616 504; baseline 0.003 -17"><span class='ocrx_word' id='word_1_493' title='bbox 2047 433 2187 487; x_wconf 87' lang='lat' dir='ltr'><strong>bus?</strong></span> <span class='ocrx_word' id='word_1_494' title='bbox 2212 448 2338 488; x_wconf 90' lang='lat' dir='ltr'><strong>num</strong></span> <span class='ocrx_word' id='word_1_495' title='bbox 2366 442 2688 489; x_wconf 90' lang='lat' dir='ltr'><strong>sectatorum</strong></span> <span class='ocrx_word' id='word_1_496' title='bbox 2719 432 3109 489; x_wconf 89' lang='lat' dir='ltr'><strong>multitudinem</strong></span> <span class='ocrx_word' id='word_1_497' title='bbox 3141 448 3237 504; x_wconf 89' lang='lat' dir='ltr'><strong>per</strong></span> <span class='ocrx_word' id='word_1_498' title='bbox 3264 433 3437 490; x_wconf 85' lang='lat' dir='ltr'><strong>forum</strong></span> <span class='ocrx_word' id='word_1_499' title='bbox 3469 436 3616 490; x_wconf 87' lang='lat' dir='ltr'><strong>ince-</strong></span> 
     </span>
    </p>
   </div>
   <div class='ocr_carea' id='block_1_64' title="bbox 2039 525 3617 598">
    <p class='ocr_par' dir='ltr' id='par_1_64' title="bbox 2039 525 3617 598">
     <span class='ocr_line' id='line_1_64' title="bbox 2039 525 3617 598; baseline 0.003 -19"><span class='ocrx_word' id='word_1_500' title='bbox 2039 525 2172 580; x_wconf 90' lang='lat' dir='ltr'><strong>dens</strong></span> <span class='ocrx_word' id='word_1_501' title='bbox 2196 525 2588 582; x_wconf 86' lang='lat' dir='ltr'><strong>circumducit?</strong></span> <span class='ocrx_word' id='word_1_502' title='bbox 2615 543 2738 581; x_wconf 91' lang='lat' dir='ltr'><strong>num</strong></span> <span class='ocrx_word' id='word_1_503' title='bbox 2770 542 2906 598; x_wconf 89' lang='lat' dir='ltr'><strong>equo</strong></span> <span class='ocrx_word' id='word_1_504' title='bbox 2930 525 3176 581; x_wconf 86' lang='lat' dir='ltr'><strong>vehitur?</strong></span> <span class='ocrx_word' id='word_1_505' title='bbox 3199 543 3326 583; x_wconf 90' lang='lat' dir='ltr'><strong>num</strong></span> <span class='ocrx_word' id='word_1_506' title='bbox 3352 526 3497 583; x_wconf 64' lang='lat' dir='ltr'><strong>ardes</strong></span> <span class='ocrx_word' id='word_1_507' title='bbox 3525 543 3617 584; x_wconf 78' lang='lat' dir='ltr'><strong>ex-</strong></span> 
     </span>
    </p>
   </div>
   <div class='ocr_carea' id='block_1_65' title="bbox 2040 618 3614 689">
    <p class='ocr_par' dir='ltr' id='par_1_65' title="bbox 2040 618 3614 689">
     <span class='ocr_line' id='line_1_65' title="bbox 2040 618 3614 689; baseline 0.002 -16"><span class='ocrx_word' id='word_1_508' title='bbox 2040 621 2217 685; x_wconf 85' lang='lat' dir='ltr'><strong>struit,</strong></span> <span class='ocrx_word' id='word_1_509' title='bbox 2262 618 2463 674; x_wconf 89' lang='lat' dir='ltr'><strong>habens</strong></span> <span class='ocrx_word' id='word_1_510' title='bbox 2505 620 2592 674; x_wconf 91' lang='lat' dir='ltr'><strong>ubi</strong></span> <span class='ocrx_word' id='word_1_511' title='bbox 2626 619 2860 676; x_wconf 83' lang='lat' dir='ltr'><strong>habitet?</strong></span> <span class='ocrx_word' id='word_1_512' title='bbox 2887 619 2944 675; x_wconf 91' lang='lat' dir='ltr'><strong>Si</strong></span> <span class='ocrx_word' id='word_1_513' title='bbox 2976 618 3090 674; x_wconf 62' lang='lat' dir='ltr'><strong>haec</strong></span> <span class='ocrx_word' id='word_1_514' title='bbox 3120 620 3283 684; x_wconf 89' lang='lat' dir='ltr'><strong>facit,</strong></span> <span class='ocrx_word' id='word_1_515' title='bbox 3313 635 3415 689; x_wconf 88' lang='lat' dir='ltr'><strong>ego</strong></span> <span class='ocrx_word' id='word_1_516' title='bbox 3454 622 3614 676; x_wconf 89' lang='lat' dir='ltr'><strong>etiam</strong></span> 
     </span>
    </p>
   </div>
   <div class='ocr_carea' id='block_1_66' title="bbox 2042 707 3612 780">
    <p class='ocr_par' dir='ltr' id='par_1_66' title="bbox 2042 707 3612 780">
     <span class='ocr_line' id='line_1_66' title="bbox 2042 707 3612 780; baseline 0.002 -17"><span class='ocrx_word' id='word_1_517' title='bbox 2042 709 2397 777; x_wconf 84' lang='lat' dir='ltr'><strong>reprehendo,</strong></span> <span class='ocrx_word' id='word_1_518' title='bbox 2444 724 2618 779; x_wconf 92' lang='lat' dir='ltr'><strong>neque</strong></span> <span class='ocrx_word' id='word_1_519' title='bbox 2647 711 2719 764; x_wconf 91' lang='lat' dir='ltr'><strong>illi</strong></span> <span class='ocrx_word' id='word_1_520' title='bbox 2759 707 2942 780; x_wconf 64' lang='lat' dir='ltr'><strong>parco;</strong></span> <span class='ocrx_word' id='word_1_521' title='bbox 2990 710 3082 765; x_wconf 87' lang='lat' dir='ltr'><strong>sed</strong></span> <span class='ocrx_word' id='word_1_522' title='bbox 3127 711 3429 766; x_wconf 82' lang='lat' dir='ltr'><strong>sacerdotio</strong></span> <span class='ocrx_word' id='word_1_523' title='bbox 3475 714 3612 768; x_wconf 79' lang='lat' dir='ltr'><strong>indi-</strong></span> 
     </span>
    </p>
   </div>
   <div class='ocr_carea' id='block_1_67' title="bbox 2038 799 3614 872">
    <p class='ocr_par' dir='ltr' id='par_1_67' title="bbox 2038 799 3614 872">
     <span class='ocr_line' id='line_1_67' title="bbox 2038 799 3614 872; baseline 0.003 -20"><span class='ocrx_word' id='word_1_524' title='bbox 2038 815 2198 868; x_wconf 82' lang='lat' dir='ltr'><strong>gnum</strong></span> <span class='ocrx_word' id='word_1_525' title='bbox 2241 815 2361 854; x_wconf 86' lang='lat' dir='ltr'><strong>esse</strong></span> <span class='ocrx_word' id='word_1_526' title='bbox 2390 799 2617 855; x_wconf 85' lang='lat' dir='ltr'><strong>affirmo.</strong></span> <span class='ocrx_word' id='word_1_527' title='bbox 2646 799 2776 854; x_wconf 84' lang='lat' dir='ltr'><strong>Nam</strong></span> <span class='ocrx_word' id='word_1_528' title='bbox 2801 800 3066 870; x_wconf 89' lang='lat' dir='ltr'><strong>quomodo</strong></span> <span class='ocrx_word' id='word_1_529' title='bbox 3094 816 3315 857; x_wconf 87' lang='lat' dir='ltr'><strong>monere</strong></span> <span class='ocrx_word' id='word_1_530' title='bbox 3354 802 3486 856; x_wconf 87' lang='lat' dir='ltr'><strong>alios</strong></span> <span class='ocrx_word' id='word_1_531' title='bbox 3517 819 3614 872; x_wconf 82' lang='lat' dir='ltr'><strong>po-</strong></span> 
     </span>
    </p>
   </div>
   <div class='ocr_carea' id='block_1_68' title="bbox 2041 891 3614 963">
    <p class='ocr_par' dir='ltr' id='par_1_68' title="bbox 2041 891 3614 963">
     <span class='ocr_line' id='line_1_68' title="bbox 2041 891 3614 963; baseline 0.004 -20"><span class='ocrx_word' id='word_1_532' title='bbox 2041 891 2200 958; x_wconf 90' lang='lat' dir='ltr'><strong>terit,</strong></span> <span class='ocrx_word' id='word_1_533' title='bbox 2247 905 2318 945; x_wconf 88' lang='lat' dir='ltr'><strong>ne</strong></span> <span class='ocrx_word' id='word_1_534' title='bbox 2353 891 2514 946; x_wconf 84' lang='lat' dir='ltr'><strong>rebus</strong></span> <span class='ocrx_word' id='word_1_535' title='bbox 2544 892 2658 946; x_wconf 86' lang='lat' dir='ltr'><strong>istis</strong></span> <span class='ocrx_word' id='word_1_536' title='bbox 2687 891 2960 946; x_wconf 88' lang='lat' dir='ltr'><strong>inutilibus</strong></span> <span class='ocrx_word' id='word_1_537' title='bbox 2987 903 3176 948; x_wconf 87' lang='lat' dir='ltr'><strong>vacent</strong></span> <span class='ocrx_word' id='word_1_538' title='bbox 3197 934 3211 958; x_wconf 93' lang='lat'><strong>,</strong></span> <span class='ocrx_word' id='word_1_539' title='bbox 3244 893 3332 962; x_wconf 90' lang='lat' dir='ltr'><strong>qui</strong></span> <span class='ocrx_word' id='word_1_540' title='bbox 3379 893 3614 963; x_wconf 83' lang='lat' dir='ltr'><strong>seipsum</strong></span> 
     </span>
    </p>
   </div>
   <div class='ocr_carea' id='block_1_69' title="bbox 2038 983 3613 1054">
    <p class='ocr_par' dir='ltr' id='par_1_69' title="bbox 2038 983 3613 1054">
     <span class='ocr_line' id='line_1_69' title="bbox 2038 983 3613 1054; baseline 0.002 -18"><span class='ocrx_word' id='word_1_541' title='bbox 2038 997 2258 1037; x_wconf 91' lang='lat' dir='ltr'><strong>monere</strong></span> <span class='ocrx_word' id='word_1_542' title='bbox 2299 999 2404 1037; x_wconf 93' lang='lat' dir='ltr'><strong>non</strong></span> <span class='ocrx_word' id='word_1_543' title='bbox 2453 983 2667 1052; x_wconf 88' lang='lat' dir='ltr'><strong>potest?</strong></span> <span class='ocrx_word' id='word_1_544' title='bbox 2705 983 2798 1037; x_wconf 88' lang='lat' dir='ltr'><strong>Sin</strong></span> <span class='ocrx_word' id='word_1_545' title='bbox 2827 993 3005 1038; x_wconf 87' lang='lat' dir='ltr'><strong>autem</strong></span> <span class='ocrx_word' id='word_1_546' title='bbox 3033 983 3174 1054; x_wconf 91' lang='lat' dir='ltr'><strong>quod</strong></span> <span class='ocrx_word' id='word_1_547' title='bbox 3219 985 3380 1039; x_wconf 88' lang='lat' dir='ltr'><strong>rebus</strong></span> <span class='ocrx_word' id='word_1_548' title='bbox 3409 994 3613 1040; x_wconf 86' lang='lat' dir='ltr'><strong>tantum</strong></span> 
     </span>
    </p>
   </div>
   <div class='ocr_carea' id='block_1_70' title="bbox 2038 1074 3612 1147">
    <p class='ocr_par' dir='ltr' id='par_1_70' title="bbox 2038 1074 3612 1147">
     <span class='ocr_line' id='line_1_70' title="bbox 2038 1074 3612 1147; baseline 0.002 -19"><span class='ocrx_word' id='word_1_549' title='bbox 2038 1074 2106 1128; x_wconf 89' lang='lat' dir='ltr'><strong>ad</strong></span> <span class='ocrx_word' id='word_1_550' title='bbox 2134 1074 2292 1128; x_wconf 87' lang='lat' dir='ltr'><strong>vitam</strong></span> <span class='ocrx_word' id='word_1_551' title='bbox 2325 1075 2641 1129; x_wconf 88' lang='lat' dir='ltr'><strong>necessariis</strong></span> <span class='ocrx_word' id='word_1_552' title='bbox 2667 1090 2772 1130; x_wconf 92' lang='lat' dir='ltr'><strong>non</strong></span> <span class='ocrx_word' id='word_1_553' title='bbox 2801 1085 2938 1146; x_wconf 87' lang='lat' dir='ltr'><strong>eget,</strong></span> <span class='ocrx_word' id='word_1_554' title='bbox 2973 1076 3076 1131; x_wconf 91' lang='lat' dir='ltr'><strong>hoc</strong></span> <span class='ocrx_word' id='word_1_555' title='bbox 3100 1076 3217 1146; x_wconf 85' lang='lat' dir='ltr'><strong>ipso</strong></span> <span class='ocrx_word' id='word_1_556' title='bbox 3247 1077 3426 1146; x_wconf 89' lang='lat' dir='ltr'><strong>inique</strong></span> <span class='ocrx_word' id='word_1_557' title='bbox 3466 1079 3612 1147; x_wconf 85' lang='lat' dir='ltr'><strong>agit;</strong></span> 
     </span>
    </p>
   </div>
   <div class='ocr_carea' id='block_1_71' title="bbox 2037 1164 3615 1235">
    <p class='ocr_par' dir='ltr' id='par_1_71' title="bbox 2037 1164 3615 1235">
     <span class='ocr_line' id='line_1_71' title="bbox 2037 1164 3615 1235; baseline 0.003 -17"><span class='ocrx_word' id='word_1_558' title='bbox 2037 1179 2107 1218; x_wconf 91' lang='lat' dir='ltr'><strong>an</strong></span> <span class='ocrx_word' id='word_1_559' title='bbox 2153 1164 2325 1234; x_wconf 88' lang='lat' dir='ltr'><strong>ipsmn</strong></span> <span class='ocrx_word' id='word_1_560' title='bbox 2369 1164 2649 1218; x_wconf 87' lang='lat' dir='ltr'><strong>circumire</strong></span> <span class='ocrx_word' id='word_1_561' title='bbox 2688 1166 2988 1235; x_wconf 88' lang='lat' dir='ltr'><strong>oportebat.</strong></span> <span class='ocrx_word' id='word_1_562' title='bbox 3035 1174 3090 1220; x_wconf 90' lang='lat' dir='ltr'><strong>et</strong></span> <span class='ocrx_word' id='word_1_563' title='bbox 3135 1166 3477 1222; x_wconf 88' lang='lat' dir='ltr'><strong>mendicare?</strong></span> <span class='ocrx_word' id='word_1_564' title='bbox 3519 1181 3615 1222; x_wconf 88' lang='lat' dir='ltr'><strong>nec</strong></span> 
     </span>
    </p>
   </div>
   <div class='ocr_carea' id='block_1_72' title="bbox 2037 1255 3613 1326">
    <p class='ocr_par' dir='ltr' id='par_1_72' title="bbox 2037 1255 3613 1326">
     <span class='ocr_line' id='line_1_72' title="bbox 2037 1255 3613 1326; baseline 0.003 -19"><span class='ocrx_word' id='word_1_565' title='bbox 2037 1255 2321 1324; x_wconf 79' lang='lat' dir='ltr'><strong>quidquam</strong></span> <span class='ocrx_word' id='word_1_566' title='bbox 2355 1262 2444 1321; x_wconf 86' lang='lat' dir='ltr'><strong>te;</strong></span> <span class='ocrx_word' id='word_1_567' title='bbox 2471 1270 2505 1311; x_wconf 93' lang='grc' dir='ltr'><strong>ο</strong></span> <span class='ocrx_word' id='word_1_568' title='bbox 2534 1255 2826 1326; x_wconf 88' lang='lat' dir='ltr'><strong>discipule,</strong></span> <span class='ocrx_word' id='word_1_569' title='bbox 2875 1256 3134 1326; x_wconf 88' lang='lat' dir='ltr'><strong>puderet?</strong></span> <span class='ocrx_word' id='word_1_570' title='bbox 3175 1259 3252 1312; x_wconf 83' lang='lat' dir='ltr'><strong>Ac</strong></span> <span class='ocrx_word' id='word_1_571' title='bbox 3292 1257 3336 1311; x_wconf 91' lang='lat' dir='ltr'><strong>si</strong></span> <span class='ocrx_word' id='word_1_572' title='bbox 3378 1257 3613 1312; x_wconf 88' lang='lat' dir='ltr'><strong>carnalis</strong></span> 
     </span>
    </p>
   </div>
   <div class='ocr_carea' id='block_1_73' title="bbox 2039 1344 3613 1418">
    <p class='ocr_par' dir='ltr' id='par_1_73' title="bbox 2039 1344 3613 1418">
     <span class='ocr_line' id='line_1_73' title="bbox 2039 1344 3613 1418; baseline 0.004 -21"><span class='ocrx_word' id='word_1_573' title='bbox 2039 1354 2189 1413; x_wconf 89' lang='lat' dir='ltr'><strong>pater</strong></span> <span class='ocrx_word' id='word_1_574' title='bbox 2212 1344 2264 1398; x_wconf 89' lang='lat' dir='ltr'><strong>id</strong></span> <span class='ocrx_word' id='word_1_575' title='bbox 2285 1345 2464 1411; x_wconf 87' lang='lat' dir='ltr'><strong>faciat,</strong></span> <span class='ocrx_word' id='word_1_576' title='bbox 2493 1345 2729 1401; x_wconf 89' lang='lat' dir='ltr'><strong>dedecus</strong></span> <span class='ocrx_word' id='word_1_577' title='bbox 2759 1363 3006 1418; x_wconf 86' lang='lat' dir='ltr'><strong>magnum</strong></span> <span class='ocrx_word' id='word_1_578' title='bbox 3035 1357 3219 1417; x_wconf 87' lang='lat' dir='ltr'><strong>putes;</strong></span> <span class='ocrx_word' id='word_1_579' title='bbox 3249 1349 3331 1403; x_wconf 92' lang='lat' dir='ltr'><strong>sin</strong></span> <span class='ocrx_word' id='word_1_580' title='bbox 3355 1348 3613 1418; x_wconf 78' lang='lat' dir='ltr'><strong>spiritua-</strong></span> 
     </span>
    </p>
   </div>
   <div class='ocr_carea' id='block_1_74' title="bbox 2038 1437 3614 1510">
    <p class='ocr_par' dir='ltr' id='par_1_74' title="bbox 2038 1437 3614 1510">
     <span class='ocr_line' id='line_1_74' title="bbox 2038 1437 3614 1510; baseline 0.004 -20"><span class='ocrx_word' id='word_1_581' title='bbox 2038 1437 2102 1492; x_wconf 91' lang='lat' dir='ltr'><strong>lis</strong></span> <span class='ocrx_word' id='word_1_582' title='bbox 2132 1452 2195 1491; x_wconf 93' lang='lat' dir='ltr'><strong>eo</strong></span> <span class='ocrx_word' id='word_1_583' title='bbox 2219 1437 2546 1494; x_wconf 84' lang='lat' dir='ltr'><strong>descendere</strong></span> <span class='ocrx_word' id='word_1_584' title='bbox 2570 1448 2825 1508; x_wconf 84' lang='lat' dir='ltr'><strong>cogatur,</strong></span> <span class='ocrx_word' id='word_1_585' title='bbox 2857 1455 2958 1493; x_wconf 92' lang='lat' dir='ltr'><strong>non</strong></span> <span class='ocrx_word' id='word_1_586' title='bbox 2999 1441 3285 1504; x_wconf 87' lang='lat' dir='ltr'><strong>erubesces</strong></span> <span class='ocrx_word' id='word_1_587' title='bbox 3309 1483 3324 1506; x_wconf 95' lang='lat'><strong>,</strong></span> <span class='ocrx_word' id='word_1_588' title='bbox 3358 1455 3530 1510; x_wconf 91' lang='lat' dir='ltr'><strong>neque</strong></span> <span class='ocrx_word' id='word_1_589' title='bbox 3561 1449 3614 1496; x_wconf 83' lang='lat' dir='ltr'><strong>te</strong></span> 
     </span>
    </p>
   </div>
   <div class='ocr_carea' id='block_1_75' title="bbox 2038 1521 3609 1600">
    <p class='ocr_par' dir='ltr' id='par_1_75' title="bbox 2038 1521 3609 1600">
     <span class='ocr_line' id='line_1_75' title="bbox 2038 1521 3609 1600; baseline 0.001 -18"><span class='ocrx_word' id='word_1_590' title='bbox 2038 1529 2271 1584; x_wconf 89' lang='lat' dir='ltr'><strong>tenebris</strong></span> <span class='ocrx_word' id='word_1_591' title='bbox 2314 1521 2612 1584; x_wconf 85' lang='lat' dir='ltr'><strong>abdendum</strong></span> <span class='ocrx_word' id='word_1_592' title='bbox 2645 1529 2891 1599; x_wconf 86' lang='lat' dir='ltr'><strong>putabis?</strong></span> <span class='ocrx_word' id='word_1_593' title='bbox 2933 1529 3166 1584; x_wconf 78' lang='lat' dir='ltr'><strong>Dedecus</strong></span> <span class='ocrx_word' id='word_1_594' title='bbox 3205 1532 3356 1597; x_wconf 87' lang='lat' dir='ltr'><strong>enim,</strong></span> <span class='ocrx_word' id='word_1_595' title='bbox 3404 1530 3609 1600; x_wconf 88' lang='lat' dir='ltr'><strong>inquit,</strong></span> 
     </span>
    </p>
   </div>
   <div class='ocr_carea' id='block_1_76' title="bbox 2037 1621 3614 1696">
    <p class='ocr_par' dir='ltr' id='par_1_76' title="bbox 2037 1621 3614 1696">
     <span class='ocr_line' id='line_1_76' title="bbox 2037 1621 3614 1696; baseline 0.003 -22"><span class='ocrx_word' id='word_1_596' title='bbox 2037 1621 2260 1689; x_wconf 80' lang='lat' dir='ltr'><strong>ﬁliorum</strong></span> <span class='ocrx_word' id='word_1_597' title='bbox 2287 1632 2430 1692; x_wconf 88' lang='lat' dir='ltr'><strong>pater</strong></span> <span class='ocrx_word' id='word_1_598' title='bbox 2465 1623 2578 1677; x_wconf 86' lang='lat' dir='ltr'><strong>sine</strong></span> <span class='ocrx_word' id='word_1_599' title='bbox 2601 1622 2790 1677; x_wconf 82' lang='lat' dir='ltr'><strong>honore</strong></span> <span class='ocrx_word' id='word_1_600' title='bbox 2828 1623 3022 1696; x_wconf 84' lang='lat' dir='ltr'><strong>(Eccli.</strong></span> <span class='ocrx_word' id='word_1_601' title='bbox 3049 1624 3099 1678; x_wconf 79' lang='grc'><strong>5.</strong></span> <span class='ocrx_word' id='word_1_602' title='bbox 3133 1624 3246 1693; x_wconf 75' lang='lat' dir='ltr'><strong>i5).</strong></span> <span class='ocrx_word' id='word_1_603' title='bbox 3279 1623 3414 1691; x_wconf 85' lang='lat' dir='ltr'><strong>Quid</strong></span> <span class='ocrx_word' id='word_1_604' title='bbox 3441 1639 3567 1694; x_wconf 86' lang='lat' dir='ltr'><strong>ergo</strong></span> <span class='ocrx_word' id='word_1_605' title='bbox 3587 1624 3614 1678; x_wconf 73' lang='grc' dir='ltr'>τ</span> 
     </span>
    </p>
   </div>
   <div class='ocr_carea' id='block_1_77' title="bbox 2038 1712 3612 1784">
    <p class='ocr_par' dir='ltr' id='par_1_77' title="bbox 2038 1712 3612 1784">
     <span class='ocr_line' id='line_1_77' title="bbox 2038 1712 3612 1784; baseline 0.003 -18"><span class='ocrx_word' id='word_1_606' title='bbox 2038 1712 2367 1783; x_wconf 86' lang='lat' dir='ltr'><strong>pereundum</strong></span> <span class='ocrx_word' id='word_1_607' title='bbox 2399 1713 2474 1767; x_wconf 90' lang='lat' dir='ltr'><strong>illi</strong></span> <span class='ocrx_word' id='word_1_608' title='bbox 2523 1712 2661 1768; x_wconf 88' lang='lat' dir='ltr'><strong>fame</strong></span> <span class='ocrx_word' id='word_1_609' title='bbox 2702 1712 2912 1768; x_wconf 86' lang='lat' dir='ltr'><strong>fuerat?</strong></span> <span class='ocrx_word' id='word_1_610' title='bbox 2958 1713 3152 1768; x_wconf 83' lang='lat' dir='ltr'><strong>Verum</strong></span> <span class='ocrx_word' id='word_1_611' title='bbox 3183 1730 3356 1784; x_wconf 89' lang='lat' dir='ltr'><strong>neque</strong></span> <span class='ocrx_word' id='word_1_612' title='bbox 3399 1715 3499 1769; x_wconf 91' lang='lat' dir='ltr'><strong>hoc</strong></span> <span class='ocrx_word' id='word_1_613' title='bbox 3537 1715 3612 1784; x_wconf 88' lang='lat' dir='ltr'><strong>pii</strong></span> 
     </span>
    </p>
   </div>
   <div class='ocr_carea' id='block_1_78' title="bbox 2039 1803 3613 1874">
    <p class='ocr_par' dir='ltr' id='par_1_78' title="bbox 2039 1803 3613 1874">
     <span class='ocr_line' id='line_1_78' title="bbox 2039 1803 3613 1874; baseline 0.003 -18"><span class='ocrx_word' id='word_1_614' title='bbox 2039 1803 2266 1858; x_wconf 90' lang='lat' dir='ltr'><strong>hominis</strong></span> <span class='ocrx_word' id='word_1_615' title='bbox 2309 1812 2417 1871; x_wconf 89' lang='lat' dir='ltr'><strong>est;</strong></span> <span class='ocrx_word' id='word_1_616' title='bbox 2461 1819 2633 1873; x_wconf 90' lang='lat' dir='ltr'><strong>neque</strong></span> <span class='ocrx_word' id='word_1_617' title='bbox 2678 1805 2819 1858; x_wconf 89' lang='lat' dir='ltr'><strong>enim</strong></span> <span class='ocrx_word' id='word_1_618' title='bbox 2868 1805 3122 1874; x_wconf 84' lang='lat' dir='ltr'><strong>probatur</strong></span> <span class='ocrx_word' id='word_1_619' title='bbox 3165 1805 3294 1860; x_wconf 86' lang='lat' dir='ltr'><strong>Deo.</strong></span> <span class='ocrx_word' id='word_1_620' title='bbox 3343 1805 3613 1860; x_wconf 59' lang='lat' dir='ltr'><strong>Caeterum</strong></span> 
     </span>
    </p>
   </div>
   <div class='ocr_carea' id='block_1_79' title="bbox 2035 1895 3611 1966">
    <p class='ocr_par' dir='ltr' id='par_1_79' title="bbox 2035 1895 3611 1966">
     <span class='ocr_line' id='line_1_79' title="bbox 2035 1895 3611 1966; baseline 0.001 -17"><span class='ocrx_word' id='word_1_621' title='bbox 2035 1895 2251 1965; x_wconf 89' lang='lat' dir='ltr'><strong>quando</strong></span> <span class='ocrx_word' id='word_1_622' title='bbox 2296 1895 2408 1950; x_wconf 67' lang='lat' dir='ltr'><strong>haec</strong></span> <span class='ocrx_word' id='word_1_623' title='bbox 2449 1895 2704 1951; x_wconf 89' lang='lat' dir='ltr'><strong>adversus</strong></span> <span class='ocrx_word' id='word_1_624' title='bbox 2731 1896 2860 1951; x_wconf 90' lang='lat' dir='ltr'><strong>istos</strong></span> <span class='ocrx_word' id='word_1_625' title='bbox 2897 1895 3187 1957; x_wconf 75' lang='lat' dir='ltr'><strong>alferimus,</strong></span> <span class='ocrx_word' id='word_1_626' title='bbox 3221 1898 3398 1952; x_wconf 90' lang='lat' dir='ltr'><strong>subito</strong></span> <span class='ocrx_word' id='word_1_627' title='bbox 3433 1897 3611 1966; x_wconf 86' lang='lat' dir='ltr'><strong>philo-</strong></span> 
     </span>
    </p>
   </div>
   <div class='ocr_carea' id='block_1_80' title="bbox 2037 1985 3615 2057">
    <p class='ocr_par' dir='ltr' id='par_1_80' title="bbox 2037 1985 3615 2057">
     <span class='ocr_line' id='line_1_80' title="bbox 2037 1985 3615 2057; baseline 0.001 -17"><span class='ocrx_word' id='word_1_628' title='bbox 2037 1985 2330 2055; x_wconf 79' lang='lat' dir='ltr'><strong>Sophantur</strong></span> <span class='ocrx_word' id='word_1_629' title='bbox 2362 2003 2374 2040; x_wconf 96' lang='lat'>:</span> <span class='ocrx_word' id='word_1_630' title='bbox 2407 1986 2664 2056; x_wconf 89' lang='lat' dir='ltr'><strong>scriptum</strong></span> <span class='ocrx_word' id='word_1_631' title='bbox 2690 1995 2805 2050; x_wconf 90' lang='lat' dir='ltr'><strong>est,</strong></span> <span class='ocrx_word' id='word_1_632' title='bbox 2839 1987 3084 2056; x_wconf 90' lang='lat' dir='ltr'><strong>inquiunt</strong></span> <span class='ocrx_word' id='word_1_633' title='bbox 3106 2027 3124 2052; x_wconf 94' lang='lat'><strong>,</strong></span> <span class='ocrx_word' id='word_1_634' title='bbox 3153 1985 3327 2041; x_wconf 78' lang='lat' dir='ltr'><strong>Nolite</strong></span> <span class='ocrx_word' id='word_1_635' title='bbox 3355 1988 3615 2057; x_wconf 78' lang='lat' dir='ltr'><strong>possidere</strong></span> 
     </span>
    </p>
   </div>
   <div class='ocr_carea' id='block_1_81' title="bbox 2036 2077 3614 2148">
    <p class='ocr_par' dir='ltr' id='par_1_81' title="bbox 2036 2077 3614 2148">
     <span class='ocr_line' id='line_1_81' title="bbox 2036 2077 3614 2148; baseline 0.001 -17"><span class='ocrx_word' id='word_1_636' title='bbox 2036 2094 2234 2144; x_wconf 82' lang='lat' dir='ltr'><strong>aurum,</strong></span> <span class='ocrx_word' id='word_1_637' title='bbox 2264 2093 2421 2146; x_wconf 74' lang='lat' dir='ltr'><strong>neque</strong></span> <span class='ocrx_word' id='word_1_638' title='bbox 2447 2087 2734 2148; x_wconf 86' lang='lat' dir='ltr'><strong>argentum,</strong></span> <span class='ocrx_word' id='word_1_639' title='bbox 2761 2093 2918 2148; x_wconf 85' lang='lat' dir='ltr'><strong>neque</strong></span> <span class='ocrx_word' id='word_1_640' title='bbox 2947 2077 3077 2133; x_wconf 87' lang='lat' dir='ltr'><strong>duas</strong></span> <span class='ocrx_word' id='word_1_641' title='bbox 3103 2078 3321 2140; x_wconf 86' lang='lat' dir='ltr'><strong>tunicas,</strong></span> <span class='ocrx_word' id='word_1_642' title='bbox 3349 2094 3510 2147; x_wconf 72' lang='lat' dir='ltr'><strong>neque</strong></span> <span class='ocrx_word' id='word_1_643' title='bbox 3540 2094 3614 2133; x_wconf 69' lang='lat' dir='ltr'><strong>es</strong></span> 
     </span>
    </p>
   </div>
   <div class='ocr_carea' id='block_1_82' title="bbox 2035 2169 3616 2242">
    <p class='ocr_par' dir='ltr' id='par_1_82' title="bbox 2035 2169 3616 2242">
     <span class='ocr_line' id='line_1_82' title="bbox 2035 2169 3616 2242; baseline 0.002 -18"><span class='ocrx_word' id='word_1_644' title='bbox 2035 2172 2086 2226; x_wconf 91' lang='lat' dir='ltr'><strong>in</strong></span> <span class='ocrx_word' id='word_1_645' title='bbox 2111 2173 2252 2225; x_wconf 80' lang='lat' dir='ltr'><strong>zonis</strong></span> <span class='ocrx_word' id='word_1_646' title='bbox 2277 2171 2449 2224; x_wconf 85' lang='lat' dir='ltr'><strong>vestris</strong></span> <span class='ocrx_word' id='word_1_647' title='bbox 2472 2211 2486 2234; x_wconf 94' lang='lat'><strong>,</strong></span> <span class='ocrx_word' id='word_1_648' title='bbox 2515 2179 2673 2240; x_wconf 79' lang='lat' dir='ltr'><strong>neque</strong></span> <span class='ocrx_word' id='word_1_649' title='bbox 2696 2171 2890 2242; x_wconf 82' lang='lat' dir='ltr'><strong>virgam</strong></span> <span class='ocrx_word' id='word_1_650' title='bbox 2921 2170 3133 2240; x_wconf 78' lang='lat' dir='ltr'><strong>(Matth.</strong></span> <span class='ocrx_word' id='word_1_651' title='bbox 3163 2170 3250 2226; x_wconf 77' lang='grc'><strong>10.</strong></span> <span class='ocrx_word' id='word_1_652' title='bbox 3278 2169 3352 2238; x_wconf 89' lang='lat'><strong>9).</strong></span> <span class='ocrx_word' id='word_1_653' title='bbox 3386 2171 3448 2224; x_wconf 92' lang='lat' dir='ltr'><strong>lli</strong></span> <span class='ocrx_word' id='word_1_654' title='bbox 3479 2186 3616 2227; x_wconf 81' lang='lat' dir='ltr'><strong>vero</strong></span> 
     </span>
    </p>
   </div>
   <div class='ocr_carea' id='block_1_83' title="bbox 2038 2259 3609 2330">
    <p class='ocr_par' dir='ltr' id='par_1_83' title="bbox 2038 2259 3609 2330">
     <span class='ocr_line' id='line_1_83' title="bbox 2038 2259 3609 2330; baseline 0 -14"><span class='ocrx_word' id='word_1_655' title='bbox 2038 2271 2186 2316; x_wconf 90' lang='lat' dir='ltr'><strong>terna</strong></span> <span class='ocrx_word' id='word_1_656' title='bbox 2214 2269 2268 2316; x_wconf 90' lang='lat' dir='ltr'><strong>et</strong></span> <span class='ocrx_word' id='word_1_657' title='bbox 2297 2269 2553 2330; x_wconf 88' lang='lat' dir='ltr'><strong>quaterna</strong></span> <span class='ocrx_word' id='word_1_658' title='bbox 2580 2259 2777 2316; x_wconf 91' lang='lat' dir='ltr'><strong>habent</strong></span> <span class='ocrx_word' id='word_1_659' title='bbox 2805 2261 3118 2316; x_wconf 87' lang='lat' dir='ltr'><strong>vestimenta</strong></span> <span class='ocrx_word' id='word_1_660' title='bbox 3143 2302 3158 2328; x_wconf 95' lang='lat'><strong>,</strong></span> <span class='ocrx_word' id='word_1_661' title='bbox 3185 2270 3239 2316; x_wconf 91' lang='lat' dir='ltr'><strong>et</strong></span> <span class='ocrx_word' id='word_1_662' title='bbox 3267 2262 3433 2316; x_wconf 90' lang='lat' dir='ltr'><strong>lectos</strong></span> <span class='ocrx_word' id='word_1_663' title='bbox 3475 2276 3609 2317; x_wconf 86' lang='lat' dir='ltr'><strong>cou-</strong></span> 
     </span>
    </p>
   </div>
   <div class='ocr_carea' id='block_1_84' title="bbox 2033 2351 3613 2422">
    <p class='ocr_par' dir='ltr' id='par_1_84' title="bbox 2033 2351 3613 2422">
     <span class='ocr_line' id='line_1_84' title="bbox 2033 2351 3613 2422; baseline 0.003 -17"><span class='ocrx_word' id='word_1_664' title='bbox 2033 2363 2248 2406; x_wconf 88' lang='lat' dir='ltr'><strong>stratos.</strong></span> <span class='ocrx_word' id='word_1_665' title='bbox 2280 2352 2374 2406; x_wconf 90' lang='lat' dir='ltr'><strong>llei</strong></span> <span class='ocrx_word' id='word_1_666' title='bbox 2401 2351 2564 2408; x_wconf 86' lang='lat' dir='ltr'><strong>mihi!</strong></span> <span class='ocrx_word' id='word_1_667' title='bbox 2597 2366 2760 2422; x_wconf 85' lang='lat' dir='ltr'><strong>cogor</strong></span> <span class='ocrx_word' id='word_1_668' title='bbox 2786 2367 2885 2422; x_wconf 89' lang='lat' dir='ltr'><strong>ego</strong></span> <span class='ocrx_word' id='word_1_669' title='bbox 2912 2368 3052 2408; x_wconf 90' lang='lat' dir='ltr'><strong>nunc</strong></span> <span class='ocrx_word' id='word_1_670' title='bbox 3076 2354 3381 2422; x_wconf 82' lang='lat' dir='ltr'><strong>suSpirare,</strong></span> <span class='ocrx_word' id='word_1_671' title='bbox 3412 2369 3475 2408; x_wconf 91' lang='lat' dir='ltr'><strong>ac</strong></span> <span class='ocrx_word' id='word_1_672' title='bbox 3507 2355 3613 2410; x_wconf 89' lang='lat' dir='ltr'><strong>nisi</strong></span> 
     </span>
    </p>
   </div>
   <div class='ocr_carea' id='block_1_85' title="bbox 2035 2442 3610 2516">
    <p class='ocr_par' dir='ltr' id='par_1_85' title="bbox 2035 2442 3610 2516">
     <span class='ocr_line' id='line_1_85' title="bbox 2035 2442 3610 2516; baseline 0.001 -18"><span class='ocrx_word' id='word_1_673' title='bbox 2035 2443 2164 2498; x_wconf 90' lang='lat' dir='ltr'><strong>mihi</strong></span> <span class='ocrx_word' id='word_1_674' title='bbox 2197 2442 2449 2499; x_wconf 87' lang='lat' dir='ltr'><strong>decorum</strong></span> <span class='ocrx_word' id='word_1_675' title='bbox 2492 2443 2745 2500; x_wconf 89' lang='lat' dir='ltr'><strong>tuendum</strong></span> <span class='ocrx_word' id='word_1_676' title='bbox 2776 2453 2940 2510; x_wconf 87' lang='lat' dir='ltr'><strong>esset,</strong></span> <span class='ocrx_word' id='word_1_677' title='bbox 2981 2446 3172 2500; x_wconf 88' lang='lat' dir='ltr'><strong>multas</strong></span> <span class='ocrx_word' id='word_1_678' title='bbox 3197 2445 3356 2500; x_wconf 91' lang='lat' dir='ltr'><strong>etiam</strong></span> <span class='ocrx_word' id='word_1_679' title='bbox 3387 2445 3610 2516; x_wconf 84' lang='lat' dir='ltr'><strong>profun-</strong></span> 
     </span>
    </p>
   </div>
   <div class='ocr_carea' id='block_1_86' title="bbox 2034 2534 3611 2608">
    <p class='ocr_par' dir='ltr' id='par_1_86' title="bbox 2034 2534 3611 2608">
     <span class='ocr_line' id='line_1_86' title="bbox 2034 2534 3611 2608; baseline 0.001 -18"><span class='ocrx_word' id='word_1_680' title='bbox 2034 2535 2214 2591; x_wconf 90' lang='lat' dir='ltr'><strong>derem</strong></span> <span class='ocrx_word' id='word_1_681' title='bbox 2257 2537 2537 2606; x_wconf 90' lang='lat' dir='ltr'><strong>lacrymas.</strong></span> <span class='ocrx_word' id='word_1_682' title='bbox 2582 2534 2728 2590; x_wconf 90' lang='lat' dir='ltr'><strong>Cur?</strong></span> <span class='ocrx_word' id='word_1_683' title='bbox 2753 2536 3012 2604; x_wconf 90' lang='lat' dir='ltr'><strong>Quoniam</strong></span> <span class='ocrx_word' id='word_1_684' title='bbox 3041 2537 3093 2592; x_wconf 90' lang='lat' dir='ltr'><strong>in</strong></span> <span class='ocrx_word' id='word_1_685' title='bbox 3139 2537 3365 2592; x_wconf 89' lang='lat' dir='ltr'><strong>aliorum</strong></span> <span class='ocrx_word' id='word_1_686' title='bbox 3393 2537 3611 2608; x_wconf 82' lang='lat' dir='ltr'><strong>quidem</strong></span> 
     </span>
    </p>
   </div>
   <div class='ocr_carea' id='block_1_87' title="bbox 2036 2629 3612 2701">
    <p class='ocr_par' dir='ltr' id='par_1_87' title="bbox 2036 2629 3612 2701">
     <span class='ocr_line' id='line_1_87' title="bbox 2036 2629 3612 2701; baseline 0.003 -18"><span class='ocrx_word' id='word_1_687' title='bbox 2036 2629 2265 2684; x_wconf 88' lang='lat' dir='ltr'><strong>festucas</strong></span> <span class='ocrx_word' id='word_1_688' title='bbox 2305 2629 2440 2685; x_wconf 90' lang='lat' dir='ltr'><strong>adeo</strong></span> <span class='ocrx_word' id='word_1_689' title='bbox 2477 2629 2760 2700; x_wconf 81' lang='lat' dir='ltr'><strong>diligenter</strong></span> <span class='ocrx_word' id='word_1_690' title='bbox 2809 2631 3124 2701; x_wconf 87' lang='lat' dir='ltr'><strong>inquirimus</strong></span> <span class='ocrx_word' id='word_1_691' title='bbox 3150 2673 3166 2698; x_wconf 94' lang='lat'><strong>,</strong></span> <span class='ocrx_word' id='word_1_692' title='bbox 3213 2641 3425 2686; x_wconf 90' lang='lat' dir='ltr'><strong>nostras</strong></span> <span class='ocrx_word' id='word_1_693' title='bbox 3476 2647 3612 2687; x_wconf 89' lang='lat' dir='ltr'><strong>vero</strong></span> 
     </span>
    </p>
   </div>
   <div class='ocr_carea' id='block_1_88' title="bbox 2036 2721 3608 2794">
    <p class='ocr_par' dir='ltr' id='par_1_88' title="bbox 2036 2721 3608 2794">
     <span class='ocr_line' id='line_1_88' title="bbox 2036 2721 3608 2794; baseline 0.001 -18"><span class='ocrx_word' id='word_1_694' title='bbox 2036 2721 2232 2783; x_wconf 84' lang='lat' dir='ltr'><strong>trabes,</strong></span> <span class='ocrx_word' id='word_1_695' title='bbox 2256 2737 2388 2792; x_wconf 90' lang='lat' dir='ltr'><strong>quas</strong></span> <span class='ocrx_word' id='word_1_696' title='bbox 2405 2723 2459 2776; x_wconf 89' lang='lat' dir='ltr'><strong>in</strong></span> <span class='ocrx_word' id='word_1_697' title='bbox 2485 2723 2652 2778; x_wconf 87' lang='lat' dir='ltr'><strong>oculis</strong></span> <span class='ocrx_word' id='word_1_698' title='bbox 2682 2721 2973 2789; x_wconf 86' lang='lat' dir='ltr'><strong>habemus,</strong></span> <span class='ocrx_word' id='word_1_699' title='bbox 3000 2738 3066 2778; x_wconf 89' lang='lat' dir='ltr'><strong>ne</strong></span> <span class='ocrx_word' id='word_1_700' title='bbox 3087 2725 3343 2779; x_wconf 87' lang='lat' dir='ltr'><strong>sentimus</strong></span> <span class='ocrx_word' id='word_1_701' title='bbox 3367 2723 3608 2794; x_wconf 90' lang='lat' dir='ltr'><strong>quidem.</strong></span> 
     </span>
    </p>
   </div>
   <div class='ocr_carea' id='block_1_89' title="bbox 2036 2812 3609 2883">
    <p class='ocr_par' dir='ltr' id='par_1_89' title="bbox 2036 2812 3609 2883">
     <span class='ocr_line' id='line_1_89' title="bbox 2036 2812 3609 2883; baseline 0.001 -17"><span class='ocrx_word' id='word_1_702' title='bbox 2036 2813 2129 2867; x_wconf 93' lang='lat' dir='ltr'><strong>Dic</strong></span> <span class='ocrx_word' id='word_1_703' title='bbox 2175 2813 2325 2877; x_wconf 89' lang='lat' dir='ltr'><strong>mihi,</strong></span> <span class='ocrx_word' id='word_1_704' title='bbox 2373 2829 2468 2868; x_wconf 87' lang='lat' dir='ltr'><strong>cur</strong></span> <span class='ocrx_word' id='word_1_705' title='bbox 2517 2812 2698 2868; x_wconf 73' lang='lat' dir='ltr'><strong>isthmc</strong></span> <span class='ocrx_word' id='word_1_706' title='bbox 2740 2813 2832 2868; x_wconf 91' lang='lat' dir='ltr'><strong>tibi</strong></span> <span class='ocrx_word' id='word_1_707' title='bbox 2862 2814 2960 2883; x_wconf 91' lang='lat' dir='ltr'><strong>ipsi</strong></span> <span class='ocrx_word' id='word_1_708' title='bbox 3003 2829 3108 2869; x_wconf 89' lang='lat' dir='ltr'><strong>non</strong></span> <span class='ocrx_word' id='word_1_709' title='bbox 3140 2815 3310 2870; x_wconf 88' lang='lat' dir='ltr'><strong>dicis?</strong></span> <span class='ocrx_word' id='word_1_710' title='bbox 3345 2815 3609 2882; x_wconf 85' lang='lat' dir='ltr'><strong>Quoniam</strong></span> 
     </span>
    </p>
   </div>
   <div class='ocr_carea' id='block_1_90' title="bbox 2034 2906 3613 2977">
    <p class='ocr_par' dir='ltr' id='par_1_90' title="bbox 2034 2906 3613 2977">
     <span class='ocr_line' id='line_1_90' title="bbox 2034 2906 3613 2977; baseline 0.001 -18"><span class='ocrx_word' id='word_1_711' title='bbox 2034 2906 2154 2969; x_wconf 89' lang='lat' dir='ltr'><strong>hoc,</strong></span> <span class='ocrx_word' id='word_1_712' title='bbox 2187 2906 2374 2975; x_wconf 84' lang='lat' dir='ltr'><strong>inquit,</strong></span> <span class='ocrx_word' id='word_1_713' title='bbox 2406 2906 2674 2976; x_wconf 84' lang='lat' dir='ltr'><strong>magistris</strong></span> <span class='ocrx_word' id='word_1_714' title='bbox 2703 2906 2981 2960; x_wconf 81' lang='lat' dir='ltr'><strong>dumtaxat</strong></span> <span class='ocrx_word' id='word_1_715' title='bbox 3001 2917 3321 2976; x_wconf 65' lang='lat' dir='ltr'><strong>praeceptum</strong></span> <span class='ocrx_word' id='word_1_716' title='bbox 3343 2916 3446 2961; x_wconf 87' lang='lat' dir='ltr'><strong>est.</strong></span> <span class='ocrx_word' id='word_1_717' title='bbox 3469 2907 3613 2977; x_wconf 78' lang='lat' dir='ltr'><strong>Ergo</strong></span> 
     </span>
    </p>
   </div>
   <div class='ocr_carea' id='block_1_91' title="bbox 2033 2998 3611 3071">
    <p class='ocr_par' dir='ltr' id='par_1_91' title="bbox 2033 2998 3611 3071">
     <span class='ocr_line' id='line_1_91' title="bbox 2033 2998 3611 3071; baseline 0 -18"><span class='ocrx_word' id='word_1_718' title='bbox 2033 3015 2152 3053; x_wconf 89' lang='lat' dir='ltr'><strong>cum</strong></span> <span class='ocrx_word' id='word_1_719' title='bbox 2187 2998 2379 3054; x_wconf 85' lang='lat' dir='ltr'><strong>Paulus</strong></span> <span class='ocrx_word' id='word_1_720' title='bbox 2409 2999 2612 3069; x_wconf 88' lang='lat' dir='ltr'><strong>inquit,</strong></span> <span class='ocrx_word' id='word_1_721' title='bbox 2649 2998 2902 3054; x_wconf 78' lang='lat' dir='ltr'><strong>Habentes</strong></span> <span class='ocrx_word' id='word_1_722' title='bbox 2927 3001 3166 3054; x_wconf 86' lang='lat' dir='ltr'><strong>alimenta</strong></span> <span class='ocrx_word' id='word_1_723' title='bbox 3191 3010 3237 3054; x_wconf 90' lang='lat' dir='ltr'><strong>et</strong></span> <span class='ocrx_word' id='word_1_724' title='bbox 3262 3000 3440 3070; x_wconf 85' lang='lat' dir='ltr'><strong>quibus</strong></span> <span class='ocrx_word' id='word_1_725' title='bbox 3466 3011 3611 3071; x_wconf 80' lang='lat' dir='ltr'><strong>tega-</strong></span> 
     </span>
    </p>
   </div>
   <div class='ocr_carea' id='block_1_92' title="bbox 2034 3091 3613 3169">
    <p class='ocr_par' dir='ltr' id='par_1_92' title="bbox 2034 3091 3613 3169">
     <span class='ocr_line' id='line_1_92' title="bbox 2034 3091 3613 3169; baseline -0.001 -23"><span class='ocrx_word' id='word_1_726' title='bbox 2034 3107 2147 3147; x_wconf 87' lang='lat' dir='ltr'><strong>mur</strong></span> <span class='ocrx_word' id='word_1_727' title='bbox 2165 3131 2180 3159; x_wconf 89' lang='lat'><strong>,</strong></span> <span class='ocrx_word' id='word_1_728' title='bbox 2209 3093 2287 3146; x_wconf 84' lang='lat' dir='ltr'><strong>Itis</strong></span> <span class='ocrx_word' id='word_1_729' title='bbox 2316 3093 2536 3146; x_wconf 82' lang='lat' dir='ltr'><strong>contenti</strong></span> <span class='ocrx_word' id='word_1_730' title='bbox 2561 3093 2718 3167; x_wconf 81' lang='lat' dir='ltr'><strong>simus</strong></span> <span class='ocrx_word' id='word_1_731' title='bbox 2744 3092 2834 3164; x_wconf 80' lang='lat' dir='ltr'><strong>(l.</strong></span> <span class='ocrx_word' id='word_1_732' title='bbox 2861 3091 2993 3146; x_wconf 84' lang='lat' dir='ltr'><strong>Tim.</strong></span> <span class='ocrx_word' id='word_1_733' title='bbox 3023 3092 3075 3147; x_wconf 86' lang='lat'><strong>6.</strong></span> <span class='ocrx_word' id='word_1_734' title='bbox 3105 3091 3203 3162; x_wconf 89' lang='lat'><strong>8),</strong></span> <span class='ocrx_word' id='word_1_735' title='bbox 3233 3093 3298 3147; x_wconf 89' lang='lat' dir='ltr'><strong>ad</strong></span> <span class='ocrx_word' id='word_1_736' title='bbox 3325 3093 3468 3169; x_wconf 83' lang='lat' dir='ltr'><strong>solos</strong></span> <span class='ocrx_word' id='word_1_737' title='bbox 3495 3108 3613 3145; x_wconf 87' lang='lat' dir='ltr'><strong>ma-</strong></span> 
     </span>
    </p>
   </div>
   <div class='ocr_carea' id='block_1_93' title="bbox 2033 3183 3609 3257">
    <p class='ocr_par' dir='ltr' id='par_1_93' title="bbox 2033 3183 3609 3257">
     <span class='ocr_line' id='line_1_93' title="bbox 2033 3183 3609 3257; baseline -0.001 -18"><span class='ocrx_word' id='word_1_738' title='bbox 2033 3186 2228 3257; x_wconf 87' lang='lat' dir='ltr'><strong>gistros</strong></span> <span class='ocrx_word' id='word_1_739' title='bbox 2261 3185 2419 3240; x_wconf 87' lang='lat' dir='ltr'><strong>verba</strong></span> <span class='ocrx_word' id='word_1_740' title='bbox 2447 3183 2611 3239; x_wconf 87' lang='lat' dir='ltr'><strong>facit?</strong></span> <span class='ocrx_word' id='word_1_741' title='bbox 2634 3184 2882 3249; x_wconf 84' lang='lat' dir='ltr'><strong>Minime;</strong></span> <span class='ocrx_word' id='word_1_742' title='bbox 2908 3184 3003 3238; x_wconf 88' lang='lat' dir='ltr'><strong>sed</strong></span> <span class='ocrx_word' id='word_1_743' title='bbox 3030 3185 3094 3238; x_wconf 90' lang='lat' dir='ltr'><strong>ad</strong></span> <span class='ocrx_word' id='word_1_744' title='bbox 3125 3200 3311 3239; x_wconf 91' lang='lat' dir='ltr'><strong>omnes</strong></span> <span class='ocrx_word' id='word_1_745' title='bbox 3341 3185 3609 3240; x_wconf 88' lang='lat' dir='ltr'><strong>homines.</strong></span> 
     </span>
    </p>
   </div>
   <div class='ocr_carea' id='block_1_94' title="bbox 2036 3276 3614 3348">
    <p class='ocr_par' dir='ltr' id='par_1_94' title="bbox 2036 3276 3614 3348">
     <span class='ocr_line' id='line_1_94' title="bbox 2036 3276 3614 3348; baseline -0.001 -16"><span class='ocrx_word' id='word_1_746' title='bbox 2036 3278 2196 3348; x_wconf 89' lang='lat' dir='ltr'><strong>quue</strong></span> <span class='ocrx_word' id='word_1_747' title='bbox 2223 3277 2351 3332; x_wconf 91' lang='lat' dir='ltr'><strong>satis</strong></span> <span class='ocrx_word' id='word_1_748' title='bbox 2379 3277 2661 3340; x_wconf 89' lang='lat' dir='ltr'><strong>constabit,</strong></span> <span class='ocrx_word' id='word_1_749' title='bbox 2681 3277 2724 3329; x_wconf 89' lang='lat' dir='ltr'><strong>si</strong></span> <span class='ocrx_word' id='word_1_750' title='bbox 2751 3291 2780 3330; x_wconf 91' lang='lat' dir='ltr'><strong>a</strong></span> <span class='ocrx_word' id='word_1_751' title='bbox 2802 3276 2972 3345; x_wconf 90' lang='lat' dir='ltr'><strong>capite</strong></span> <span class='ocrx_word' id='word_1_752' title='bbox 3003 3277 3175 3330; x_wconf 82' lang='lat' dir='ltr'><strong>locum</strong></span> <span class='ocrx_word' id='word_1_753' title='bbox 3203 3277 3344 3330; x_wconf 92' lang='lat' dir='ltr'><strong>illum</strong></span> <span class='ocrx_word' id='word_1_754' title='bbox 3365 3278 3614 3345; x_wconf 81' lang='lat' dir='ltr'><strong>inSpexe-</strong></span> 
     </span>
    </p>
   </div>
   <div class='ocr_carea' id='block_1_95' title="bbox 2037 3367 3615 3439">
    <p class='ocr_par' dir='ltr' id='par_1_95' title="bbox 2037 3367 3615 3439">
     <span class='ocr_line' id='line_1_95' title="bbox 2037 3367 3615 3439; baseline 0.001 -16"><span class='ocrx_word' id='word_1_755' title='bbox 2037 3370 2201 3425; x_wconf 90' lang='lat' dir='ltr'><strong>rimus</strong></span> <span class='ocrx_word' id='word_1_756' title='bbox 2235 3387 2248 3422; x_wconf 92' lang='lat'>:</span> <span class='ocrx_word' id='word_1_757' title='bbox 2282 3385 2402 3423; x_wconf 87' lang='lat' dir='ltr'><strong>nam</strong></span> <span class='ocrx_word' id='word_1_758' title='bbox 2433 3383 2552 3422; x_wconf 93' lang='lat' dir='ltr'><strong>cum</strong></span> <span class='ocrx_word' id='word_1_759' title='bbox 2580 3367 2822 3434; x_wconf 81' lang='lat' dir='ltr'><strong>dixisset,</strong></span> <span class='ocrx_word' id='word_1_760' title='bbox 2846 3368 2934 3422; x_wconf 88' lang='lat' dir='ltr'><strong>Est</strong></span> <span class='ocrx_word' id='word_1_761' title='bbox 2959 3379 3125 3422; x_wconf 80' lang='lat' dir='ltr'><strong>autent</strong></span> <span class='ocrx_word' id='word_1_762' title='bbox 3149 3379 3370 3439; x_wconf 53' lang='lat' dir='ltr'><strong>questus</strong></span> <span class='ocrx_word' id='word_1_763' title='bbox 3397 3386 3615 3438; x_wconf 81' lang='lat' dir='ltr'><strong>magnus</strong></span> 
     </span>
    </p>
   </div>
   <div class='ocr_carea' id='block_1_96' title="bbox 2035 3458 3618 3530">
    <p class='ocr_par' dir='ltr' id='par_1_96' title="bbox 2035 3458 3618 3530">
     <span class='ocr_line' id='line_1_96' title="bbox 2035 3458 3618 3530; baseline -0.001 -16"><span class='ocrx_word' id='word_1_764' title='bbox 2035 3463 2193 3530; x_wconf 85' lang='lat' dir='ltr'><strong>pietas</strong></span> <span class='ocrx_word' id='word_1_765' title='bbox 2220 3478 2330 3514; x_wconf 87' lang='lat' dir='ltr'><strong>cum</strong></span> <span class='ocrx_word' id='word_1_766' title='bbox 2369 3459 2700 3530; x_wconf 59' lang='lat' dir='ltr'><strong>suﬁcientia;</strong></span> <span class='ocrx_word' id='word_1_767' title='bbox 2739 3474 2803 3514; x_wconf 86' lang='lat' dir='ltr'><strong>ac</strong></span> <span class='ocrx_word' id='word_1_768' title='bbox 2841 3458 3034 3514; x_wconf 89' lang='lat' dir='ltr'><strong>deinde</strong></span> <span class='ocrx_word' id='word_1_769' title='bbox 3077 3458 3410 3526; x_wconf 83' lang='lat' dir='ltr'><strong>addidisset,</strong></span> <span class='ocrx_word' id='word_1_770' title='bbox 3457 3459 3618 3513; x_wconf 82' lang='lat' dir='ltr'><strong>Nihil</strong></span> 
     </span>
    </p>
   </div>
   <div class='ocr_carea' id='block_1_97' title="bbox 2034 3550 3619 3622">
    <p class='ocr_par' dir='ltr' id='par_1_97' title="bbox 2034 3550 3619 3622">
     <span class='ocr_line' id='line_1_97' title="bbox 2034 3550 3619 3622; baseline -0.001 -14"><span class='ocrx_word' id='word_1_771' title='bbox 2034 3554 2165 3608; x_wconf 88' lang='lat' dir='ltr'><strong>enim</strong></span> <span class='ocrx_word' id='word_1_772' title='bbox 2193 3553 2453 3607; x_wconf 80' lang='lat' dir='ltr'><strong>intulimus</strong></span> <span class='ocrx_word' id='word_1_773' title='bbox 2491 3553 2546 3605; x_wconf 87' lang='lat' dir='ltr'><strong>in</strong></span> <span class='ocrx_word' id='word_1_774' title='bbox 2584 3551 2718 3604; x_wconf 86' lang='lat' dir='ltr'><strong>hunc</strong></span> <span class='ocrx_word' id='word_1_775' title='bbox 2757 3551 3034 3615; x_wconf 87' lang='lat' dir='ltr'><strong>mundum,</strong></span> <span class='ocrx_word' id='word_1_776' title='bbox 3075 3550 3214 3604; x_wconf 86' lang='lat' dir='ltr'><strong>haud</strong></span> <span class='ocrx_word' id='word_1_777' title='bbox 3240 3551 3446 3606; x_wconf 90' lang='lat' dir='ltr'><strong>dubium</strong></span> <span class='ocrx_word' id='word_1_778' title='bbox 3473 3554 3619 3622; x_wconf 79' lang='lat' dir='ltr'><strong>quod</strong></span> 
     </span>
    </p>
   </div>
   <div class='ocr_carea' id='block_1_98' title="bbox 2035 3643 3611 3714">
    <p class='ocr_par' dir='ltr' id='par_1_98' title="bbox 2035 3643 3611 3714">
     <span class='ocr_line' id='line_1_98' title="bbox 2035 3643 3611 3714; baseline 0 -16"><span class='ocrx_word' id='word_1_779' title='bbox 2035 3663 2122 3699; x_wconf 82' lang='lat' dir='ltr'><strong>nec</strong></span> <span class='ocrx_word' id='word_1_780' title='bbox 2147 3645 2347 3714; x_wconf 77' lang='lat' dir='ltr'><strong>auferre</strong></span> <span class='ocrx_word' id='word_1_781' title='bbox 2383 3643 2504 3714; x_wconf 82' lang='lat' dir='ltr'><strong>quid</strong></span> <span class='ocrx_word' id='word_1_782' title='bbox 2529 3659 2793 3713; x_wconf 76' lang='lat' dir='ltr'><strong>possumus</strong></span> <span class='ocrx_word' id='word_1_783' title='bbox 2814 3659 2836 3708; x_wconf 88' lang='lat'><strong>;</strong></span> <span class='ocrx_word' id='word_1_784' title='bbox 2863 3643 3117 3698; x_wconf 90' lang='lat' dir='ltr'><strong>continuo</strong></span> <span class='ocrx_word' id='word_1_785' title='bbox 3151 3643 3421 3714; x_wconf 86' lang='lat' dir='ltr'><strong>subjunxit</strong></span> <span class='ocrx_word' id='word_1_786' title='bbox 3445 3687 3460 3710; x_wconf 93' lang='lat'><strong>,</strong></span> <span class='ocrx_word' id='word_1_787' title='bbox 3493 3643 3611 3698; x_wconf 85' lang='lat' dir='ltr'><strong>Ila-</strong></span> 
     </span>
    </p>
   </div>
   <div class='ocr_carea' id='block_1_99' title="bbox 2037 3735 3616 3805">
    <p class='ocr_par' dir='ltr' id='par_1_99' title="bbox 2037 3735 3616 3805">
     <span class='ocr_line' id='line_1_99' title="bbox 2037 3735 3616 3805; baseline -0.001 -15"><span class='ocrx_word' id='word_1_788' title='bbox 2037 3739 2204 3791; x_wconf 86' lang='lat' dir='ltr'><strong>bentes</strong></span> <span class='ocrx_word' id='word_1_789' title='bbox 2230 3745 2394 3789; x_wconf 80' lang='lat' dir='ltr'><strong>autem</strong></span> <span class='ocrx_word' id='word_1_790' title='bbox 2420 3736 2662 3790; x_wconf 86' lang='lat' dir='ltr'><strong>alimenta</strong></span> <span class='ocrx_word' id='word_1_791' title='bbox 2691 3743 2736 3788; x_wconf 83' lang='lat' dir='ltr'><strong>et</strong></span> <span class='ocrx_word' id='word_1_792' title='bbox 2770 3735 2948 3805; x_wconf 83' lang='lat' dir='ltr'><strong>quibus</strong></span> <span class='ocrx_word' id='word_1_793' title='bbox 2985 3745 3213 3805; x_wconf 85' lang='lat' dir='ltr'><strong>tegantur</strong></span> <span class='ocrx_word' id='word_1_794' title='bbox 3236 3777 3250 3802; x_wconf 95' lang='lat'><strong>,</strong></span> <span class='ocrx_word' id='word_1_795' title='bbox 3285 3736 3361 3790; x_wconf 86' lang='lat' dir='ltr'><strong>his</strong></span> <span class='ocrx_word' id='word_1_796' title='bbox 3389 3738 3616 3790; x_wconf 85' lang='lat' dir='ltr'><strong>contenti</strong></span> 
     </span>
    </p>
   </div>
   <div class='ocr_carea' id='block_1_100' title="bbox 2035 3826 3617 3894">
    <p class='ocr_par' dir='ltr' id='par_1_100' title="bbox 2035 3826 3617 3894">
     <span class='ocr_line' id='line_1_100' title="bbox 2035 3826 3617 3894; baseline -0.001 -13"><span class='ocrx_word' id='word_1_797' title='bbox 2035 3828 2212 3881; x_wconf 86' lang='lat' dir='ltr'><strong>simus.</strong></span> <span class='ocrx_word' id='word_1_798' title='bbox 2241 3828 2338 3892; x_wconf 83' lang='lat' dir='ltr'><strong>Qui</strong></span> <span class='ocrx_word' id='word_1_799' title='bbox 2368 3837 2536 3880; x_wconf 85' lang='lat' dir='ltr'><strong>autem</strong></span> <span class='ocrx_word' id='word_1_800' title='bbox 2560 3826 2733 3880; x_wconf 86' lang='lat' dir='ltr'><strong>volunt</strong></span> <span class='ocrx_word' id='word_1_801' title='bbox 2758 3826 2937 3878; x_wconf 86' lang='lat' dir='ltr'><strong>divites</strong></span> <span class='ocrx_word' id='word_1_802' title='bbox 2964 3826 3094 3894; x_wconf 75' lang='lat' dir='ltr'><strong>fieri,</strong></span> <span class='ocrx_word' id='word_1_803' title='bbox 3124 3826 3354 3879; x_wconf 85' lang='lat' dir='ltr'><strong>incidunt</strong></span> <span class='ocrx_word' id='word_1_804' title='bbox 3378 3826 3429 3880; x_wconf 85' lang='lat' dir='ltr'><strong>in</strong></span> <span class='ocrx_word' id='word_1_805' title='bbox 3449 3835 3617 3879; x_wconf 83' lang='lat' dir='ltr'><strong>tenta-</strong></span> 
     </span>
    </p>
   </div>
   <div class='ocr_carea' id='block_1_101' title="bbox 2035 3921 3616 3992">
    <p class='ocr_par' dir='ltr' id='par_1_101' title="bbox 2035 3921 3616 3992">
     <span class='ocr_line' id='line_1_101' title="bbox 2035 3921 3616 3992; baseline -0.004 -11"><span class='ocrx_word' id='word_1_806' title='bbox 2035 3929 2219 3981; x_wconf 80' lang='lat' dir='ltr'><strong>tionem</strong></span> <span class='ocrx_word' id='word_1_807' title='bbox 2247 3935 2294 3978; x_wconf 88' lang='lat' dir='ltr'><strong>et</strong></span> <span class='ocrx_word' id='word_1_808' title='bbox 2333 3925 2583 3992; x_wconf 82' lang='lat' dir='ltr'><strong>laqueum,</strong></span> <span class='ocrx_word' id='word_1_809' title='bbox 2623 3932 2668 3976; x_wconf 87' lang='lat' dir='ltr'><strong>et</strong></span> <span class='ocrx_word' id='word_1_810' title='bbox 2705 3921 2952 3976; x_wconf 84' lang='lat' dir='ltr'><strong>desideria</strong></span> <span class='ocrx_word' id='word_1_811' title='bbox 2991 3921 3151 3974; x_wconf 89' lang='lat' dir='ltr'><strong>multa</strong></span> <span class='ocrx_word' id='word_1_812' title='bbox 3180 3922 3332 3976; x_wconf 87' lang='lat' dir='ltr'><strong>stulta</strong></span> <span class='ocrx_word' id='word_1_813' title='bbox 3359 3930 3405 3975; x_wconf 91' lang='lat' dir='ltr'><strong>et</strong></span> <span class='ocrx_word' id='word_1_814' title='bbox 3433 3923 3616 3974; x_wconf 79' lang='lat' dir='ltr'><strong>nociva</strong></span> 
     </span>
    </p>
   </div>
   <div class='ocr_carea' id='block_1_102' title="bbox 2036 4013 2462 4089">
    <p class='ocr_par' dir='ltr' id='par_1_102' title="bbox 2036 4013 2462 4089">
     <span class='ocr_line' id='line_1_102' title="bbox 2036 4013 2462 4089; baseline -0.009 -18"><span class='ocrx_word' id='word_1_815' title='bbox 2036 4016 2197 4089; x_wconf 77' lang='grc' dir='ltr'>(ιιιῑιι.</span> <span class='ocrx_word' id='word_1_816' title='bbox 2228 4015 2351 4070; x_wconf 85' lang='lat' dir='ltr'><strong>v.6.</strong></span> <span class='ocrx_word' id='word_1_817' title='bbox 2385 4013 2462 4085; x_wconf 86' lang='grc'><strong>9).</strong></span> 
     </span>
    </p>
   </div>
   <div class='ocr_carea' id='block_1_103' title="bbox 2106 4105 3612 4174">
    <p class='ocr_par' dir='ltr' id='par_1_103' title="bbox 2106 4105 3612 4174">
     <span class='ocr_line' id='line_1_103' title="bbox 2106 4105 3612 4174; baseline -0.003 -9"><span class='ocrx_word' id='word_1_818' title='bbox 2106 4111 2159 4166; x_wconf 84' lang='grc'><strong>5.</strong></span> <span class='ocrx_word' id='word_1_819' title='bbox 2198 4109 2358 4163; x_wconf 78' lang='lat' dir='ltr'><strong>Vides</strong></span> <span class='ocrx_word' id='word_1_820' title='bbox 2387 4108 2452 4160; x_wconf 90' lang='lat' dir='ltr'><strong>ad</strong></span> <span class='ocrx_word' id='word_1_821' title='bbox 2480 4122 2666 4162; x_wconf 87' lang='lat' dir='ltr'><strong>omnes</strong></span> <span class='ocrx_word' id='word_1_822' title='bbox 2705 4108 2998 4161; x_wconf 89' lang='lat' dir='ltr'><strong>orationem</strong></span> <span class='ocrx_word' id='word_1_823' title='bbox 3034 4105 3256 4161; x_wconf 85' lang='lat' dir='ltr'><strong>haberi?</strong></span> <span class='ocrx_word' id='word_1_824' title='bbox 3278 4106 3413 4174; x_wconf 90' lang='lat' dir='ltr'><strong>Quid</strong></span> <span class='ocrx_word' id='word_1_825' title='bbox 3445 4122 3612 4172; x_wconf 86' lang='lat' dir='ltr'><strong>vero,</strong></span> 
     </span>
    </p>
   </div>
   <div class='ocr_carea' id='block_1_104' title="bbox 2036 4198 3611 4268">
    <p class='ocr_par' dir='ltr' id='par_1_104' title="bbox 2036 4198 3611 4268">
     <span class='ocr_line' id='line_1_104' title="bbox 2036 4198 3611 4268; baseline -0.003 -10"><span class='ocrx_word' id='word_1_826' title='bbox 2036 4218 2155 4258; x_wconf 86' lang='lat' dir='ltr'><strong>cum</strong></span> <span class='ocrx_word' id='word_1_827' title='bbox 2203 4217 2385 4256; x_wconf 85' lang='lat' dir='ltr'><strong>rursus</strong></span> <span class='ocrx_word' id='word_1_828' title='bbox 2417 4201 2584 4268; x_wconf 88' lang='lat' dir='ltr'><strong>inquit</strong></span> <span class='ocrx_word' id='word_1_829' title='bbox 2606 4240 2621 4265; x_wconf 95' lang='lat'><strong>,</strong></span> <span class='ocrx_word' id='word_1_830' title='bbox 2648 4198 2829 4254; x_wconf 85' lang='lat' dir='ltr'><strong>Carnis</strong></span> <span class='ocrx_word' id='word_1_831' title='bbox 2857 4215 3030 4252; x_wconf 86' lang='lat' dir='ltr'><strong>curam</strong></span> <span class='ocrx_word' id='word_1_832' title='bbox 3057 4214 3120 4252; x_wconf 86' lang='lat' dir='ltr'><strong>ne</strong></span> <span class='ocrx_word' id='word_1_833' title='bbox 3144 4198 3364 4268; x_wconf 75' lang='lat' dir='ltr'><strong>feceritis</strong></span> <span class='ocrx_word' id='word_1_834' title='bbox 3393 4204 3444 4252; x_wconf 82' lang='lat' dir='ltr'><strong>in</strong></span> <span class='ocrx_word' id='word_1_835' title='bbox 3475 4199 3611 4253; x_wconf 83' lang='lat' dir='ltr'><strong>desi-</strong></span> 
     </span>
    </p>
   </div>
   <div class='ocr_carea' id='block_1_105' title="bbox 2035 4289 3615 4363">
    <p class='ocr_par' dir='ltr' id='par_1_105' title="bbox 2035 4289 3615 4363">
     <span class='ocr_line' id='line_1_105' title="bbox 2035 4289 3615 4363; baseline -0.004 -15"><span class='ocrx_word' id='word_1_836' title='bbox 2035 4294 2188 4348; x_wconf 80' lang='lat' dir='ltr'><strong>derit&#39;s</strong></span> <span class='ocrx_word' id='word_1_837' title='bbox 2215 4291 2390 4363; x_wconf 78' lang='lat' dir='ltr'><strong>(Rom.</strong></span> <span class='ocrx_word' id='word_1_838' title='bbox 2420 4291 2506 4345; x_wconf 78' lang='lat' dir='ltr'><strong>i5.</strong></span> <span class='ocrx_word' id='word_1_839' title='bbox 2549 4290 2636 4360; x_wconf 77' lang='grc'><strong>14)</strong></span> <span class='ocrx_word' id='word_1_840' title='bbox 2663 4307 2677 4355; x_wconf 91' lang='grc'><strong>;</strong></span> <span class='ocrx_word' id='word_1_841' title='bbox 2708 4305 2888 4346; x_wconf 90' lang='lat' dir='ltr'><strong>nonne</strong></span> <span class='ocrx_word' id='word_1_842' title='bbox 2925 4289 3172 4344; x_wconf 91' lang='lat' dir='ltr'><strong>omnibus</strong></span> <span class='ocrx_word' id='word_1_843' title='bbox 3210 4290 3504 4360; x_wconf 77' lang='lat' dir='ltr'><strong>generatim</strong></span> <span class='ocrx_word' id='word_1_844' title='bbox 3538 4291 3615 4343; x_wconf 84' lang='lat' dir='ltr'><strong>lo-</strong></span> 
     </span>
    </p>
   </div>
   <div class='ocr_carea' id='block_1_106' title="bbox 2035 4379 3616 4457">
    <p class='ocr_par' dir='ltr' id='par_1_106' title="bbox 2035 4379 3616 4457">
     <span class='ocr_line' id='line_1_106' title="bbox 2035 4379 3616 4457; baseline -0.005 -17"><span class='ocrx_word' id='word_1_845' title='bbox 2035 4385 2255 4457; x_wconf 85' lang='lat' dir='ltr'><strong>quitur?</strong></span> <span class='ocrx_word' id='word_1_846' title='bbox 2277 4381 2403 4452; x_wconf 90' lang='lat' dir='ltr'><strong>quid</strong></span> <span class='ocrx_word' id='word_1_847' title='bbox 2436 4397 2584 4446; x_wconf 89' lang='lat' dir='ltr'><strong>vero,</strong></span> <span class='ocrx_word' id='word_1_848' title='bbox 2617 4396 2738 4436; x_wconf 90' lang='lat' dir='ltr'><strong>cum</strong></span> <span class='ocrx_word' id='word_1_849' title='bbox 2768 4381 2974 4450; x_wconf 89' lang='lat' dir='ltr'><strong>inquit,</strong></span> <span class='ocrx_word' id='word_1_850' title='bbox 3004 4379 3137 4434; x_wconf 86' lang='lat' dir='ltr'><strong>Esca</strong></span> <span class='ocrx_word' id='word_1_851' title='bbox 3166 4381 3343 4446; x_wconf 84' lang='lat' dir='ltr'><strong>ventri,</strong></span> <span class='ocrx_word' id='word_1_852' title='bbox 3369 4389 3417 4434; x_wconf 90' lang='lat' dir='ltr'><strong>et</strong></span> <span class='ocrx_word' id='word_1_853' title='bbox 3447 4391 3616 4435; x_wconf 80' lang='lat' dir='ltr'><strong>venter</strong></span> 
     </span>
    </p>
   </div>
   <div class='ocr_carea' id='block_1_107' title="bbox 2035 4469 3609 4541">
    <p class='ocr_par' dir='ltr' id='par_1_107' title="bbox 2035 4469 3609 4541">
     <span class='ocr_line' id='line_1_107' title="bbox 2035 4469 3609 4541; baseline -0.007 -9"><span class='ocrx_word' id='word_1_854' title='bbox 2035 4477 2160 4532; x_wconf 80' lang='lat' dir='ltr'><strong>escis</strong></span> <span class='ocrx_word' id='word_1_855' title='bbox 2201 4491 2216 4526; x_wconf 89' lang='lat'><strong><em>:</em></strong></span> <span class='ocrx_word' id='word_1_856' title='bbox 2243 4474 2380 4528; x_wconf 81' lang='lat' dir='ltr'><strong>Deus</strong></span> <span class='ocrx_word' id='word_1_857' title='bbox 2406 4482 2573 4527; x_wconf 85' lang='lat' dir='ltr'><strong>autent</strong></span> <span class='ocrx_word' id='word_1_858' title='bbox 2599 4481 2645 4526; x_wconf 88' lang='lat' dir='ltr'><strong>et</strong></span> <span class='ocrx_word' id='word_1_859' title='bbox 2681 4471 2815 4526; x_wconf 85' lang='lat' dir='ltr'><strong>hunc</strong></span> <span class='ocrx_word' id='word_1_860' title='bbox 2841 4482 2888 4525; x_wconf 85' lang='lat' dir='ltr'><strong>et</strong></span> <span class='ocrx_word' id='word_1_861' title='bbox 2913 4473 3006 4525; x_wconf 84' lang='lat' dir='ltr'><strong>has</strong></span> <span class='ocrx_word' id='word_1_862' title='bbox 3035 4470 3255 4525; x_wconf 84' lang='lat' dir='ltr'><strong>destruet</strong></span> <span class='ocrx_word' id='word_1_863' title='bbox 3280 4470 3301 4541; x_wconf 92' lang='lat'>(</span> <span class='ocrx_word' id='word_1_864' title='bbox 3323 4470 3372 4524; x_wconf 83' lang='grc' dir='ltr'><strong>Ι.</strong></span> <span class='ocrx_word' id='word_1_865' title='bbox 3403 4469 3523 4525; x_wconf 84' lang='lat' dir='ltr'><strong>Cor.</strong></span> <span class='ocrx_word' id='word_1_866' title='bbox 3557 4471 3609 4524; x_wconf 82' lang='lat'><strong>6.</strong></span> 
     </span>
    </p>
   </div>
   <div class='ocr_carea' id='block_1_108' title="bbox 2037 4561 3615 4640">
    <p class='ocr_par' dir='ltr' id='par_1_108' title="bbox 2037 4561 3615 4640">
     <span class='ocr_line' id='line_1_108' title="bbox 2037 4561 3615 4640; baseline -0.009 -16"><span class='ocrx_word' id='word_1_867' title='bbox 2037 4567 2125 4640; x_wconf 75' lang='grc'><strong>1³5)</strong></span> <span class='ocrx_word' id='word_1_868' title='bbox 2147 4568 2171 4620; x_wconf 93' lang='lat'><strong>?</strong></span> <span class='ocrx_word' id='word_1_869' title='bbox 2197 4566 2321 4636; x_wconf 89' lang='lat' dir='ltr'><strong>quid</strong></span> <span class='ocrx_word' id='word_1_870' title='bbox 2351 4579 2500 4630; x_wconf 90' lang='lat' dir='ltr'><strong>vero,</strong></span> <span class='ocrx_word' id='word_1_871' title='bbox 2532 4563 2618 4618; x_wconf 91' lang='lat' dir='ltr'><strong>ubi</strong></span> <span class='ocrx_word' id='word_1_872' title='bbox 2648 4563 2840 4633; x_wconf 88' lang='lat' dir='ltr'><strong>inquit,</strong></span> <span class='ocrx_word' id='word_1_873' title='bbox 2875 4561 3002 4628; x_wconf 80' lang='lat' dir='ltr'><strong>Qua:</strong></span> <span class='ocrx_word' id='word_1_874' title='bbox 3021 4562 3073 4615; x_wconf 88' lang='lat' dir='ltr'><strong>in</strong></span> <span class='ocrx_word' id='word_1_875' title='bbox 3098 4561 3293 4615; x_wconf 87' lang='lat' dir='ltr'><strong>deliciis</strong></span> <span class='ocrx_word' id='word_1_876' title='bbox 3315 4570 3388 4614; x_wconf 84' lang='lat' dir='ltr'><strong>est</strong></span> <span class='ocrx_word' id='word_1_877' title='bbox 3407 4599 3423 4625; x_wconf 94' lang='lat'><strong>,</strong></span> <span class='ocrx_word' id='word_1_878' title='bbox 3448 4564 3615 4613; x_wconf 80' lang='lat' dir='ltr'><strong>vivens</strong></span> 
     </span>
    </p>
   </div>
   <div class='ocr_carea' id='block_1_109' title="bbox 2035 4649 3614 4723">
    <p class='ocr_par' dir='ltr' id='par_1_109' title="bbox 2035 4649 3614 4723">
     <span class='ocr_line' id='line_1_109' title="bbox 2035 4649 3614 4723; baseline -0.007 -11"><span class='ocrx_word' id='word_1_879' title='bbox 2035 4669 2236 4712; x_wconf 88' lang='lat' dir='ltr'><strong>mortua</strong></span> <span class='ocrx_word' id='word_1_880' title='bbox 2256 4666 2349 4720; x_wconf 88' lang='lat' dir='ltr'><strong>est,</strong></span> <span class='ocrx_word' id='word_1_881' title='bbox 2381 4656 2448 4710; x_wconf 91' lang='lat' dir='ltr'><strong>de</strong></span> <span class='ocrx_word' id='word_1_882' title='bbox 2476 4655 2630 4708; x_wconf 90' lang='lat' dir='ltr'><strong>vidua</strong></span> <span class='ocrx_word' id='word_1_883' title='bbox 2662 4653 2925 4723; x_wconf 85' lang='lat' dir='ltr'><strong>loquens?</strong></span> <span class='ocrx_word' id='word_1_884' title='bbox 2955 4667 3080 4706; x_wconf 92' lang='lat' dir='ltr'><strong>num</strong></span> <span class='ocrx_word' id='word_1_885' title='bbox 3112 4651 3342 4706; x_wconf 88' lang='lat' dir='ltr'><strong>fortasse</strong></span> <span class='ocrx_word' id='word_1_886' title='bbox 3370 4658 3425 4705; x_wconf 89' lang='lat' dir='ltr'><strong>et</strong></span> <span class='ocrx_word' id='word_1_887' title='bbox 3457 4649 3614 4704; x_wconf 85' lang='lat' dir='ltr'><strong>vidua</strong></span> 
     </span>
    </p>
   </div>
   <div class='ocr_carea' id='block_1_110' title="bbox 2036 4742 3620 4820">
    <p class='ocr_par' dir='ltr' id='par_1_110' title="bbox 2036 4742 3620 4820">
     <span class='ocr_line' id='line_1_110' title="bbox 2036 4742 3620 4820; baseline -0.008 -15"><span class='ocrx_word' id='word_1_888' title='bbox 2036 4750 2288 4820; x_wconf 82' lang='lat' dir='ltr'><strong>magister</strong></span> <span class='ocrx_word' id='word_1_889' title='bbox 2328 4746 2454 4802; x_wconf 90' lang='lat' dir='ltr'><strong>est?</strong></span> <span class='ocrx_word' id='word_1_890' title='bbox 2497 4761 2672 4799; x_wconf 79' lang='lat' dir='ltr'><strong>attiton</strong></span> <span class='ocrx_word' id='word_1_891' title='bbox 2710 4745 2823 4814; x_wconf 90' lang='lat' dir='ltr'><strong>ipse</strong></span> <span class='ocrx_word' id='word_1_892' title='bbox 2853 4745 2970 4808; x_wconf 89' lang='lat' dir='ltr'><strong>fuit,</strong></span> <span class='ocrx_word' id='word_1_893' title='bbox 3015 4744 3101 4814; x_wconf 90' lang='lat' dir='ltr'><strong>qui</strong></span> <span class='ocrx_word' id='word_1_894' title='bbox 3134 4743 3203 4798; x_wconf 87' lang='lat' dir='ltr'><strong>ita</strong></span> <span class='ocrx_word' id='word_1_895' title='bbox 3234 4743 3387 4809; x_wconf 78' lang='lat' dir='ltr'><strong>dixit,</strong></span> <span class='ocrx_word' id='word_1_896' title='bbox 3417 4742 3620 4797; x_wconf 74' lang='lat' dir='ltr'><strong>Docere</strong></span> 
     </span>
    </p>
   </div>
   <div class='ocr_carea' id='block_1_111' title="bbox 2035 4835 3617 4907">
    <p class='ocr_par' dir='ltr' id='par_1_111' title="bbox 2035 4835 3617 4907">
     <span class='ocr_line' id='line_1_111' title="bbox 2035 4835 3617 4907; baseline -0.005 -13"><span class='ocrx_word' id='word_1_897' title='bbox 2035 4852 2203 4895; x_wconf 83' lang='lat' dir='ltr'><strong>autem</strong></span> <span class='ocrx_word' id='word_1_898' title='bbox 2242 4839 2438 4892; x_wconf 86' lang='lat' dir='ltr'><strong>mulieri</strong></span> <span class='ocrx_word' id='word_1_899' title='bbox 2467 4854 2567 4891; x_wconf 89' lang='lat' dir='ltr'><strong>non</strong></span> <span class='ocrx_word' id='word_1_900' title='bbox 2607 4839 2860 4907; x_wconf 84' lang='lat' dir='ltr'><strong>permitto,</strong></span> <span class='ocrx_word' id='word_1_901' title='bbox 2895 4853 3050 4906; x_wconf 81' lang='lat' dir='ltr'><strong>neque</strong></span> <span class='ocrx_word' id='word_1_902' title='bbox 3077 4835 3330 4888; x_wconf 80' lang='lat' dir='ltr'><strong>dominari</strong></span> <span class='ocrx_word' id='word_1_903' title='bbox 3367 4836 3422 4888; x_wconf 84' lang='lat' dir='ltr'><strong>in</strong></span> <span class='ocrx_word' id='word_1_904' title='bbox 3451 4836 3617 4889; x_wconf 83' lang='lat' dir='ltr'><strong>virum</strong></span> 
     </span>
    </p>
   </div>
   <div class='ocr_carea' id='block_1_112' title="bbox 2039 4925 3615 5004">
    <p class='ocr_par' dir='ltr' id='par_1_112' title="bbox 2039 4925 3615 5004">
     <span class='ocr_line' id='line_1_112' title="bbox 2039 4925 3615 5004; baseline -0.008 -16"><span class='ocrx_word' id='word_1_905' title='bbox 2039 4933 2113 5004; x_wconf 85' lang='grc' dir='ltr'><strong>(Ι.</strong></span> <span class='ocrx_word' id='word_1_906' title='bbox 2142 4931 2275 4986; x_wconf 87' lang='lat' dir='ltr'><strong>Tim.</strong></span> <span class='ocrx_word' id='word_1_907' title='bbox 2306 4931 2358 4986; x_wconf 82' lang='lat'><strong>5.</strong></span> <span class='ocrx_word' id='word_1_908' title='bbox 2389 4929 2443 4984; x_wconf 88' lang='lat'><strong>6.</strong></span> <span class='ocrx_word' id='word_1_909' title='bbox 2476 4939 2519 4983; x_wconf 86' lang='lat' dir='ltr'><strong>et</strong></span> <span class='ocrx_word' id='word_1_910' title='bbox 2545 4929 2600 4982; x_wconf 74' lang='lat'><strong>2.</strong></span> <span class='ocrx_word' id='word_1_911' title='bbox 2636 4929 2719 4996; x_wconf 72' lang='lat' dir='ltr'><strong>l2)</strong></span> <span class='ocrx_word' id='word_1_912' title='bbox 2743 4929 2766 4981; x_wconf 88' lang='lat'><strong>?</strong></span> <span class='ocrx_word' id='word_1_913' title='bbox 2791 4927 2939 4994; x_wconf 87' lang='lat' dir='ltr'><strong>Quod</strong></span> <span class='ocrx_word' id='word_1_914' title='bbox 2970 4929 3013 4982; x_wconf 89' lang='lat' dir='ltr'><strong>si</strong></span> <span class='ocrx_word' id='word_1_915' title='bbox 3055 4926 3210 4980; x_wconf 88' lang='lat' dir='ltr'><strong>vidua</strong></span> <span class='ocrx_word' id='word_1_916' title='bbox 3232 4967 3248 4993; x_wconf 95' lang='lat'><strong>,</strong></span> <span class='ocrx_word' id='word_1_917' title='bbox 3282 4925 3370 4980; x_wconf 94' lang='lat' dir='ltr'><strong>ubi</strong></span> <span class='ocrx_word' id='word_1_918' title='bbox 3399 4933 3454 4980; x_wconf 87' lang='lat' dir='ltr'><strong>et</strong></span> <span class='ocrx_word' id='word_1_919' title='bbox 3478 4933 3615 4979; x_wconf 72' lang='lat' dir='ltr'><strong>mtas</strong></span> 
     </span>
    </p>
   </div>
   <div class='ocr_carea' id='block_1_113' title="bbox 2034 5017 3617 5088">
    <p class='ocr_par' dir='ltr' id='par_1_113' title="bbox 2034 5017 3617 5088">
     <span class='ocr_line' id='line_1_113' title="bbox 2034 5017 3617 5088; baseline -0.008 -10"><span class='ocrx_word' id='word_1_920' title='bbox 2034 5025 2250 5087; x_wconf 88' lang='lat' dir='ltr'><strong>senilis;</strong></span> <span class='ocrx_word' id='word_1_921' title='bbox 2293 5028 2543 5076; x_wconf 89' lang='lat' dir='ltr'><strong>senectus</strong></span> <span class='ocrx_word' id='word_1_922' title='bbox 2571 5021 2713 5074; x_wconf 89' lang='lat' dir='ltr'><strong>enim</strong></span> <span class='ocrx_word' id='word_1_923' title='bbox 2740 5033 2933 5088; x_wconf 88' lang='lat' dir='ltr'><strong>magno</strong></span> <span class='ocrx_word' id='word_1_924' title='bbox 2967 5026 3087 5088; x_wconf 86' lang='lat' dir='ltr'><strong>eget</strong></span> <span class='ocrx_word' id='word_1_925' title='bbox 3111 5017 3398 5086; x_wconf 86' lang='lat' dir='ltr'><strong>obsequio,</strong></span> <span class='ocrx_word' id='word_1_926' title='bbox 3431 5025 3484 5070; x_wconf 91' lang='lat' dir='ltr'><strong>et</strong></span> <span class='ocrx_word' id='word_1_927' title='bbox 3520 5030 3617 5067; x_wconf 87' lang='lat' dir='ltr'><strong>na-</strong></span> 
     </span>
    </p>
   </div>
   <div class='ocr_carea' id='block_1_114' title="bbox 2036 5107 3614 5183">
    <p class='ocr_par' dir='ltr' id='par_1_114' title="bbox 2036 5107 3614 5183">
     <span class='ocr_line' id='line_1_114' title="bbox 2036 5107 3614 5183; baseline -0.006 -15"><span class='ocrx_word' id='word_1_928' title='bbox 2036 5124 2152 5168; x_wconf 90' lang='lat' dir='ltr'><strong>tura</strong></span> <span class='ocrx_word' id='word_1_929' title='bbox 2184 5115 2335 5183; x_wconf 89' lang='lat' dir='ltr'><strong>ipsa;</strong></span> <span class='ocrx_word' id='word_1_930' title='bbox 2367 5110 2626 5166; x_wconf 87' lang='lat' dir='ltr'><strong>muliebre</strong></span> <span class='ocrx_word' id='word_1_931' title='bbox 2648 5111 2789 5164; x_wconf 91' lang='lat' dir='ltr'><strong>enim</strong></span> <span class='ocrx_word' id='word_1_932' title='bbox 2818 5124 2986 5180; x_wconf 87' lang='lat' dir='ltr'><strong>genus</strong></span> <span class='ocrx_word' id='word_1_933' title='bbox 3016 5110 3219 5178; x_wconf 88' lang='lat' dir='ltr'><strong>majore</strong></span> <span class='ocrx_word' id='word_1_934' title='bbox 3248 5117 3369 5178; x_wconf 87' lang='lat' dir='ltr'><strong>eget</strong></span> <span class='ocrx_word' id='word_1_935' title='bbox 3398 5107 3614 5168; x_wconf 88' lang='lat' dir='ltr'><strong>solatio,</strong></span> 
     </span>
    </p>
   </div>
   <div class='ocr_carea' id='block_1_115' title="bbox 2035 5201 3616 5279">
    <p class='ocr_par' dir='ltr' id='par_1_115' title="bbox 2035 5201 3616 5279">
     <span class='ocr_line' id='line_1_115' title="bbox 2035 5201 3616 5279; baseline -0.006 -16"><span class='ocrx_word' id='word_1_936' title='bbox 2035 5210 2156 5279; x_wconf 90' lang='lat' dir='ltr'><strong>quia</strong></span> <span class='ocrx_word' id='word_1_937' title='bbox 2183 5207 2450 5262; x_wconf 85' lang='lat' dir='ltr'><strong>infirmum</strong></span> <span class='ocrx_word' id='word_1_938' title='bbox 2489 5214 2572 5262; x_wconf 89' lang='lat' dir='ltr'><strong>est</strong></span> <span class='ocrx_word' id='word_1_939' title='bbox 2602 5223 2615 5259; x_wconf 90' lang='lat'><strong>:</strong></span> <span class='ocrx_word' id='word_1_940' title='bbox 2648 5205 2826 5275; x_wconf 89' lang='lat' dir='ltr'><strong>igitur,</strong></span> <span class='ocrx_word' id='word_1_941' title='bbox 2859 5205 2903 5259; x_wconf 93' lang='lat' dir='ltr'><strong>si</strong></span> <span class='ocrx_word' id='word_1_942' title='bbox 2937 5205 3027 5260; x_wconf 91' lang='lat' dir='ltr'><strong>ubi</strong></span> <span class='ocrx_word' id='word_1_943' title='bbox 3055 5215 3187 5260; x_wconf 74' lang='lat' dir='ltr'><strong>tetas</strong></span> <span class='ocrx_word' id='word_1_944' title='bbox 3215 5213 3268 5259; x_wconf 90' lang='lat' dir='ltr'><strong>et</strong></span> <span class='ocrx_word' id='word_1_945' title='bbox 3298 5213 3480 5258; x_wconf 87' lang='lat' dir='ltr'><strong>natura</strong></span> <span class='ocrx_word' id='word_1_946' title='bbox 3512 5201 3616 5255; x_wconf 84' lang='lat' dir='ltr'><strong>ob-</strong></span> 
     </span>
    </p>
   </div>
   <div class='ocr_carea' id='block_1_116' title="bbox 2035 5294 3616 5365">
    <p class='ocr_par' dir='ltr' id='par_1_116' title="bbox 2035 5294 3616 5365">
     <span class='ocr_line' id='line_1_116' title="bbox 2035 5294 3616 5365; baseline -0.005 -10"><span class='ocrx_word' id='word_1_947' title='bbox 2035 5301 2229 5365; x_wconf 88' lang='lat' dir='ltr'><strong>stabat,</strong></span> <span class='ocrx_word' id='word_1_948' title='bbox 2258 5298 2479 5353; x_wconf 88' lang='lat' dir='ltr'><strong>minimc</strong></span> <span class='ocrx_word' id='word_1_949' title='bbox 2509 5306 2686 5352; x_wconf 75' lang='lat' dir='ltr'><strong>tanien</strong></span> <span class='ocrx_word' id='word_1_950' title='bbox 2719 5297 2860 5352; x_wconf 89' lang='lat' dir='ltr'><strong>illam</strong></span> <span class='ocrx_word' id='word_1_951' title='bbox 2891 5296 3016 5353; x_wconf 89' lang='lat' dir='ltr'><strong>sinit</strong></span> <span class='ocrx_word' id='word_1_952' title='bbox 3044 5297 3271 5352; x_wconf 90' lang='lat' dir='ltr'><strong>delicate</strong></span> <span class='ocrx_word' id='word_1_953' title='bbox 3297 5305 3352 5350; x_wconf 90' lang='lat' dir='ltr'><strong>et</strong></span> <span class='ocrx_word' id='word_1_954' title='bbox 3381 5294 3616 5348; x_wconf 82' lang='lat' dir='ltr'><strong>molliter</strong></span> 
     </span>
    </p>
   </div>
   <div class='ocr_carea' id='block_1_117' title="bbox 2037 5383 3616 5456">
    <p class='ocr_par' dir='ltr' id='par_1_117' title="bbox 2037 5383 3616 5456">
     <span class='ocr_line' id='line_1_117' title="bbox 2037 5383 3616 5456; baseline -0.008 -11"><span class='ocrx_word' id='word_1_955' title='bbox 2037 5393 2239 5452; x_wconf 81' lang='lat' dir='ltr'><strong>vivere,</strong></span> <span class='ocrx_word' id='word_1_956' title='bbox 2286 5389 2380 5443; x_wconf 89' lang='lat' dir='ltr'><strong>sed</strong></span> <span class='ocrx_word' id='word_1_957' title='bbox 2429 5389 2588 5443; x_wconf 88' lang='lat' dir='ltr'><strong>etiam</strong></span> <span class='ocrx_word' id='word_1_958' title='bbox 2638 5395 2900 5442; x_wconf 87' lang='lat' dir='ltr'><strong>mortuam</strong></span> <span class='ocrx_word' id='word_1_959' title='bbox 2947 5387 3264 5456; x_wconf 88' lang='lat' dir='ltr'><strong>esseinqnit</strong></span> <span class='ocrx_word' id='word_1_960' title='bbox 3294 5386 3440 5456; x_wconf 81' lang='lat' dir='ltr'><strong>(tum</strong></span> <span class='ocrx_word' id='word_1_961' title='bbox 3468 5383 3616 5436; x_wconf 82' lang='lat' dir='ltr'><strong>enim</strong></span> 
     </span>
    </p>
   </div>
   <div class='ocr_carea' id='block_1_118' title="bbox 2039 5474 3618 5546">
    <p class='ocr_par' dir='ltr' id='par_1_118' title="bbox 2039 5474 3618 5546">
     <span class='ocr_line' id='line_1_118' title="bbox 2039 5474 3618 5546; baseline -0.006 -11"><span class='ocrx_word' id='word_1_962' title='bbox 2039 5492 2239 5536; x_wconf 90' lang='lat' dir='ltr'><strong>tantum</strong></span> <span class='ocrx_word' id='word_1_963' title='bbox 2268 5480 2403 5534; x_wconf 82' lang='lat' dir='ltr'><strong>dixit</strong></span> <span class='ocrx_word' id='word_1_964' title='bbox 2427 5521 2440 5544; x_wconf 92' lang='lat'><strong>,</strong></span> <span class='ocrx_word' id='word_1_965' title='bbox 2473 5479 2550 5534; x_wconf 78' lang='lat' dir='ltr'><strong>Nc</strong></span> <span class='ocrx_word' id='word_1_966' title='bbox 2575 5478 2803 5534; x_wconf 89' lang='lat' dir='ltr'><strong>delicate</strong></span> <span class='ocrx_word' id='word_1_967' title='bbox 2831 5479 2992 5544; x_wconf 86' lang='lat' dir='ltr'><strong>vivat,</strong></span> <span class='ocrx_word' id='word_1_968' title='bbox 3033 5477 3153 5546; x_wconf 90' lang='lat' dir='ltr'><strong>sed,</strong></span> <span class='ocrx_word' id='word_1_969' title='bbox 3185 5476 3312 5544; x_wconf 63' lang='lat' dir='ltr'><strong>Quae</strong></span> <span class='ocrx_word' id='word_1_970' title='bbox 3339 5477 3392 5530; x_wconf 83' lang='lat' dir='ltr'><strong>in</strong></span> <span class='ocrx_word' id='word_1_971' title='bbox 3419 5474 3618 5529; x_wconf 83' lang='lat' dir='ltr'><strong>deliciis</strong></span> 
     </span>
    </p>
   </div>
   <div class='ocr_carea' id='block_1_119' title="bbox 2036 5570 3621 5643">
    <p class='ocr_par' dir='ltr' id='par_1_119' title="bbox 2036 5570 3621 5643">
     <span class='ocr_line' id='line_1_119' title="bbox 2036 5570 3621 5643; baseline -0.003 -16"><span class='ocrx_word' id='word_1_972' title='bbox 2036 5585 2129 5639; x_wconf 85' lang='lat' dir='ltr'><strong>est,</strong></span> <span class='ocrx_word' id='word_1_973' title='bbox 2153 5574 2318 5627; x_wconf 76' lang='lat' dir='ltr'><strong>vivens</strong></span> <span class='ocrx_word' id='word_1_974' title='bbox 2347 5583 2541 5625; x_wconf 78' lang='lat' dir='ltr'><strong>mortua</strong></span> <span class='ocrx_word' id='word_1_975' title='bbox 2562 5582 2668 5636; x_wconf 85' lang='lat' dir='ltr'><strong>est;</strong></span> <span class='ocrx_word' id='word_1_976' title='bbox 2696 5587 2922 5643; x_wconf 87' lang='lat' dir='ltr'><strong>eamque</strong></span> <span class='ocrx_word' id='word_1_977' title='bbox 2951 5587 2982 5628; x_wconf 88' lang='lat' dir='ltr'><strong>e</strong></span> <span class='ocrx_word' id='word_1_978' title='bbox 3008 5570 3186 5627; x_wconf 89' lang='lat' dir='ltr'><strong>medio</strong></span> <span class='ocrx_word' id='word_1_979' title='bbox 3205 5579 3465 5632; x_wconf 79' lang='lat' dir='ltr'><strong>removn;</strong></span> <span class='ocrx_word' id='word_1_980' title='bbox 3492 5583 3621 5622; x_wconf 83' lang='lat' dir='ltr'><strong>nam</strong></span> 
     </span>
    </p>
   </div>
   <div class='ocr_carea' id='block_1_120' title="bbox 2038 5655 3622 5735">
    <p class='ocr_par' dir='ltr' id='par_1_120' title="bbox 2038 5655 3622 5735">
     <span class='ocr_line' id='line_1_120' title="bbox 2038 5655 3622 5735; baseline -0.003 -19"><span class='ocrx_word' id='word_1_981' title='bbox 2038 5680 2156 5732; x_wconf 75' lang='lat' dir='ltr'><strong>qme</strong></span> <span class='ocrx_word' id='word_1_982' title='bbox 2176 5675 2381 5718; x_wconf 90' lang='lat' dir='ltr'><strong>mortua</strong></span> <span class='ocrx_word' id='word_1_983' title='bbox 2411 5675 2513 5729; x_wconf 86' lang='lat' dir='ltr'><strong>est,</strong></span> <span class='ocrx_word' id='word_1_984' title='bbox 2548 5678 2578 5718; x_wconf 92' lang='lat' dir='ltr'><strong>e</strong></span> <span class='ocrx_word' id='word_1_985' title='bbox 2610 5663 2783 5718; x_wconf 76' lang='lat' dir='ltr'><strong>medio</strong></span> <span class='ocrx_word' id='word_1_986' title='bbox 2810 5655 3012 5719; x_wconf 80' lang='lat' dir='ltr'><strong>sublata</strong></span> <span class='ocrx_word' id='word_1_987' title='bbox 3035 5660 3159 5735; x_wconf 83' lang='lat' dir='ltr'><strong>est)</strong></span> <span class='ocrx_word' id='word_1_988' title='bbox 3188 5683 3199 5717; x_wconf 93' lang='lat'>:</span> <span class='ocrx_word' id='word_1_989' title='bbox 3225 5678 3382 5733; x_wconf 89' lang='lat' dir='ltr'><strong>quam</strong></span> <span class='ocrx_word' id='word_1_990' title='bbox 3407 5659 3622 5714; x_wconf 81' lang='lat' dir='ltr'><strong>veniam</strong></span> 
     </span>
    </p>
   </div>
   <div class='ocr_carea' id='block_1_121' title="bbox 2045 5750 3618 5829">
    <p class='ocr_par' dir='ltr' id='par_1_121' title="bbox 2045 5750 3618 5829">
     <span class='ocr_line' id='line_1_121' title="bbox 2045 5750 3618 5829; baseline -0.003 -16"><span class='ocrx_word' id='word_1_991' title='bbox 2045 5755 2256 5813; x_wconf 84' lang='lat' dir='ltr'><strong>habebit</strong></span> <span class='ocrx_word' id='word_1_992' title='bbox 2283 5755 2439 5811; x_wconf 89' lang='lat' dir='ltr'><strong>homo</strong></span> <span class='ocrx_word' id='word_1_993' title='bbox 2466 5772 2526 5811; x_wconf 82' lang='lat' dir='ltr'><strong>ea</strong></span> <span class='ocrx_word' id='word_1_994' title='bbox 2555 5756 2769 5823; x_wconf 79' lang='lat' dir='ltr'><strong>faciens,</strong></span> <span class='ocrx_word' id='word_1_995' title='bbox 2792 5770 3019 5829; x_wconf 87' lang='lat' dir='ltr'><strong>quorum</strong></span> <span class='ocrx_word' id='word_1_996' title='bbox 3045 5770 3203 5813; x_wconf 82' lang='lat' dir='ltr'><strong>causa</strong></span> <span class='ocrx_word' id='word_1_997' title='bbox 3231 5753 3416 5812; x_wconf 63' lang='lat' dir='ltr'><strong>muli&quot;</strong></span> <span class='ocrx_word' id='word_1_998' title='bbox 3436 5750 3618 5806; x_wconf 76' lang='lat' dir='ltr'><strong>velulJ</strong></span> 
     </span>
    </p>
   </div>
  </div>
