4030 6204
418 439 526 499 253

1378 437 1448 494 ιη
1485 437 1698 495 εριςςτ.
1739 438 1832 495 an
1873 425 2156 496 putum
2196 440 2346 497 cae.
2387 443 2450 498 ιι.
2490 439 2719 500 amnt.
2763 431 2856 501 lx.

3586 426 3696 513 sat

420 556 640 632 {struitur
671 558 698 612 τ
752 555 949 614 Verum
1003 556 1119 611 haec
1166 557 1323 610 nemo
1373 561 1441 608 ne
1494 552 1728 624 cogitare
1783 547 2000 624 Quidem
2045 582 2080 614 ς
2113 556 2310 611 tinuit?
2341 557 2481 627 Ergo
2511 563 2824 630 repugnavit
2851 559 3066 620 Christo
3096 567 3190 622 sas
3221 555 3349 623 illud
3389 567 3686 638 electionis,

425 651 748 726 aggreditur,
774 649 886 705 haec
917 651 1073 703 nemo
1096 647 1379 701 examinat.
1407 641 1520 715 Ego
1547 649 1674 700 tero
1701 639 1795 699 ista
1825 643 2003 701 dicere

425 746 642 801 coactus
659 753 799 808 sum,
827 747 932 797 non
963 750 1090 796 sane
1118 736 1168 794 id
1195 745 1378 808 agetis,
1408 740 1469 792 nt
1494 737 1800 793 sacerdotes
1824 738 2002 793 crimi-

427 814 582 896 nibus
607 832 824 892 liberem
850 876 865 898 ,
907 827 1002 888 sed
1028 837 1084 886 ut
1111 830 1262 885 vobis
1289 829 1586 885 consulam.
1621 819 1751 882 Nam
1780 822 1854 882 iiii
1883 827 2001 898 ψη.

425 931 546 984 dem
571 969 584 992 ,
615 925 657 981 si
687 925 810 981 cuni
850 924 1090 993 pecunia:
1117 925 1336 992 operam
1366 912 1494 975 dent
1517 962 1531 984 ,
1573 919 1694 989 jure
1722 930 1784 972 ac
1813 920 2002 973 merito

424 1021 520 1074 ista
547 1017 786 1082 audiunt,
813 1009 1017 1070 uallum
1047 1013 1077 1068 :i
1110 1010 1259 1068 vobis
1285 1001 1662 1066 detrimentum
1693 1013 2000 1079 reportant;

420 1109 513 1164 sed
541 1109 650 1162 sive
676 1105 920 1162 dixeritis
939 1147 954 1170 ,
987 1103 1102 1160 sive
1145 1097 1450 1168 tacueritis,
1483 1100 1744 1157 rationein
1775 1099 1880 1154 illic
1905 1097 2001 1154 Ju-

418 1200 520 1254 dici
570 1199 794 1253 reddent
837 1215 852 1251 :
893 1191 1238 1266 quamobrem
1269 1189 1401 1248 nihil
1444 1191 1552 1247 illis
1596 1197 1768 1247 vestra
1811 1188 2005 1244 uocent

418 1293 603 1349 verba.
637 1291 730 1347 Sin
761 1293 944 1345 autem
977 1289 1110 1343 falso
1137 1299 1166 1342 a
1194 1287 1344 1343 vobis
1374 1287 1646 1353 dicuntur,
1680 1283 1754 1340 illi
1787 1284 2002 1356 quidem

419 1384 630 1438 locrum
657 1383 818 1438 etiam
856 1385 1151 1451 reportant,
1181 1381 1295 1434 sine
1323 1381 1482 1434 causa
1510 1371 1848 1432 contumeliis
1875 1369 2005 1430 alie3

417 1477 528 1540 cti;
572 1479 669 1530 vos
707 1477 837 1529 vero
877 1473 1029 1527 soliis
1059 1472 1185 1541 ipsis
1223 1471 1348 1526 hinc
1385 1471 1638 1526 damnum
1669 1460 1894 1525 inferiis.
1929 1461 2002 1522 De

419 1567 576 1621 vobis
616 1573 746 1621 vero
787 1571 894 1620 non
941 1563 1012 1618 ita
1057 1571 1147 1618 res
1189 1559 1386 1622 habet:
1433 1553 1528 1616 sed
1571 1561 1686 1616 sive
1715 1565 1861 1625 vera,
1893 1558 2005 1615 sive

422 1658 554 1712 [alea
601 1657 729 1723 sint,
777 1650 897 1726 qlia:
943 1654 1198 1709 adversus
1237 1646 1356 1708 illos
1395 1643 1680 1719 dicuntur,
1713 1645 1814 1706 hoc
1846 1649 2000 1721 ipso,

422 1749 566 1820 quod
611 1749 716 1804 illis
760 1742 1093 1810 maledicitis,
1141 1755 1236 1801 vos
1283 1747 1427 1815 ipsos
1467 1743 1679 1800 iteditis.
1723 1735 1858 1814 Quid
1889 1739 2006 1798 ita?

418 1841 681 1910 Quoniam
710 1831 756 1894 si
794 1850 919 1894 vera
947 1837 1160 1908 quidem
1203 1833 1434 1903 lberitit,
1475 1837 1627 1892 vobis
1659 1830 2006 1892 nihilominus

417 1932 645 1998 uocatis,
688 1928 950 2000 judicium
987 1927 1054 1985 de
1087 1919 1354 2000 magiStris
1394 1924 1648 1995 ferentes,
1678 1933 1732 1983 et
1761 1925 2004 1982 ordinem

417 2025 818 2090 disturbanies;
847 2023 972 2078 naui
1008 2014 1052 2076 si
1079 2015 1147 2076 de
1171 2019 1338 2076 ffatre
1361 2020 1602 2090 judicare
1630 2015 1737 2076 non
1768 2021 2003 2090 opdrtet,

414 2117 593 2171 multo
623 2117 800 2171 minus
825 2111 893 2171 de
917 2114 1210 2186 magistro:
1239 2114 1320 2168 Sin
1361 2120 1537 2192 autem
1567 2113 1717 2180 falsa,
1751 2115 2004 2168 intolera-

416 2207 531 2262 bile
559 2209 781 2261 omnino
809 2205 1131 2276 supplicium
1166 2219 1229 2261 ac
1259 2208 1416 2276 pinna
1444 2206 1565 2260 erit.
1596 2201 1671 2261 De
1693 2197 1836 2259 muni
1864 2206 2005 2260 enini

414 2299 594 2352 verbo
614 2297 787 2351 ctioso
808 2299 1067 2350 rationem
1087 2295 1317 2351 reddelis
1337 2287 1552 2366 (Mittit.
1575 2295 1660 2350 i2.
1683 2297 1794 2363 56).
1819 2293 2008 2364 Quam-

417 2391 613 2444 obrem
657 2399 833 2444 vestra
877 2400 1036 2444 causa
1081 2391 1257 2445 omnia
1308 2388 1532 2445 facimus
1575 2399 1636 2445 ac
1681 2391 2004 2447 laboramus.

413 2485 715 2548 (Imterum,
745 2482 886 2551 quod
917 2477 1181 2548 dicebam,
1209 2490 1367 2536 nemo
1395 2483 1506 2536 lucc
1535 2483 1821 2549 examinat,
1847 2485 2009 2538 nemo

412 2578 469 2629 in
522 2574 608 2629 his
650 2575 861 2629 curiose
903 2573 1324 2644 satagit,"netno
1368 2574 1655 2645 quidquam
1687 2571 1874 2630 borum
1906 2572 2004 2632 sibi

409 2667 519 2736 ipsi
553 2665 704 2719 dicit.
747 2665 916 2718 Vultis
946 2675 1000 2718 et
1025 2665 1125 2718 alia
1165 2664 1400 2718 addam?
1430 2665 1607 2720 Omnis
1645 2683 1708 2720 ea:
1734 2664 1888 2732 vobis,
1920 2669 2006 2738 qui

408 2776 519 2812 non
547 2756 823 2820 renuntiat,
850 2756 1023 2826 inquit
1051 2753 1322 2822 Christus,
1356 2757 1586 2811 onuiibu's
1615 2763 1729 2828 qua:
1760 2760 2002 2826 possidet,

407 2865 523 2905 non
549 2853 633 2906 est
661 2863 746 2904 me
771 2848 963 2918 dignus
985 2844 1134 2918 (Lac.
1172 2841 1256 2903 14.
1297 2838 1411 2919 3'5).
1441 2843 1578 2916 Quid
1609 2866 1735 2903 vero
1757 2892 1770 2915 ,
1800 2851 1886 2904 ubi
1921 2853 2004 2905 in-

405 2943 565 3012 quit,
612 2938 830 3010 Difﬁcile
853 2949 927 2994 est
954 2940 1158 2993 divitem
1186 2939 1378 2993 intrare
1416 2941 1469 2994 tu
1516 2947 1724 3011 regnum
1766 2941 2004 2995 cwloriuu

404 3034 640 3105 (Matth.
672 3033 762 3087 i9.
789 3031 918 3102 23)?
942 3033 1068 3102 quid
1096 3047 1245 3098 vero,
1277 3047 1396 3087 cum
1420 3032 1610 3102 inquit,
1650 3032 1736 3087 Vte
1763 3035 1897 3088 vobis
1925 3036 2006 3087 di-

404 3127 628 3188 uitibus,
661 3126 778 3196 quia
823 3126 1011 3179 habetis
1056 3126 1448 3180 consolationem
1493 3140 1708 3182 vestram
1751 3128 1900 3201 (Luc.
1948 3129 2002 3184 6.

401 3221 509 3288 24)
533 3219 559 3272 ?
595 3218 765 3273 Nemo
790 3217 891 3272 hoc
918 3218 1227 3287 perpendit,
1273 3235 1431 3274 nemo
1461 3223 1679 3290 cogitat,
1723 3237 1882 3277 nemo
1911 3238 2003 3278 se-

401 3317 540 3365 Cum
575 3311 690 3378 ipse
713 3309 946 3365 rauenes
966 3309 1233 3375 Subduc“,
1262 3303 1353 3365 'sed
1380 3309 1582 3365 lautum
1608 3311 1658 3366 in
1690 3323 1778 3368 res
1804 3313 2006 3368 alienas

402 3403 772 3458 vehementes
798 3405 1006 3486 sumus.
1032 3391 1100 3456 At
1125 3402 1228 3486 hoc
1253 3397 1380 3456 nihil
1403 3400 1544 3458 aliud
1567 3414 1669 3471 est,
1697 3411 1853 3475 Quam
1881 3422 2004 3475 par-

403 3497 609 3564 ticipes
648 3493 931 3548 criminum
980 3481 1114 3546 ﬁeri.
1158 3481 1375 3556 Verum,
1427 3493 1482 3546 ut
1528 3504 1787 3563 praeterea
1830 3505 2004 3549 vestra

401 3595 582 3640 causa
604 3627 618 3651 ,
651 3585 844 3656 quibus
871 3581 1184 3639 criminibus
1213 3580 1400 3638 amnes
1427 3599 1547 3638 esse
1585 3585 1890 3639 sacerdotes
1919 3585 2004 3640 di-

407 3680 567 3742 citis,
607 3681 668 3732 ea
709 3670 928 3739 diluam,
981 3675 1159 3730 audite
1189 3695 1202 3729 :
1229 3673 1370 3731 hanc
1396 3678 1537 3730 cnim
1570 3669 1637 3732 de
1669 3665 1770 3730 illis
1800 3678 2007 3746 opinio-

413 3781 552 3822 nem
596 3768 850 3834 induisse,
885 3767 1133 3822 nimirum
1166 3767 1288 3823 illos
1320 3768 1520 3822 violare
1552 3767 1720 3839 legem
1753 3757 1868 3833 Dei,
1901 3784 2004 3823 non

407 3860 546 3917 leve
583 3860 739 3916 habet
766 3853 830 3914 ad
862 3860 1252 3930 improbitatem
1282 3871 1632 3915 momeutmn.
1667 3851 1779 3931 Age
1809 3862 2002 3930 igitur,

397 3963 461 4012 et
497 3953 598 4008 illa
630 3954 1006 4024 expendamus.
1052 3947 1192 4008 Dixit
1234 3944 1516 4018 Christus,
1552 3945 1725 4009 Nolite
1752 3955 2008 4024 possidere

391 4064 626 4110 aurum,
675 4050 834 4115 neque
873 4055 1156 4117 argentum,
1202 4063 1358 4115 neque
1403 4045 1532 4098 duas
1580 4047 1794 4109 tunicas,
1850 4063 2009 4115 neque

388 4140 785 4200 calceantenta,
815 4155 915 4190 non
941 4153 1142 4202 zonam,
1177 4139 1277 4190 lion
1305 4137 1497 4207 virgam
1573 4123 1758 4191 .llatth.
1794 4138 1874 4191 l0.
1907 4136 2002 4206 9).

387 4228 546 4298 Quid
570 4228 773 4299 igitur?
794 4228 878 4281 dic
900 4227 1028 4280 mihi
1056 4245 1068 4279 :
1096 4243 1220 4281 num
1249 4226 1436 4282 Petrus
1465 4236 1646 4280 contra
1682 4236 2004 4298 praeceptum

388 4319 692 4377 faciebat?
716 4311 985 4387 quomodo
1009 4320 1150 4374 enim
1181 4335 1308 4382 non,
1333 4335 1454 4374 cum
1480 4331 1530 4374 et
1560 4335 1745 4374 zonam
1784 4320 2008 4375 haberet

384 4415 447 4467 et
479 4402 881 4466 vestimentum
914 4419 965 4465 et
995 4397 1354 4464 calceamcuta
1379 4409 1402 4464 ἲ
1425 4410 1545 4463 anili
1573 4411 1714 4465 enim
1737 4401 1911 4480 angeli
1939 4398 2005 4463 ad

386 4504 586 4570 ipsum
641 4493 831 4567 verba,
884 4499 1220 4571 Prwcingere,
1269 4511 1316 4554 et
1357 4497 1526 4555 calcea
1569 4512 1615 4554 te
1659 4505 1848 4574 caligas
1893 4514 2006 4556 tuas

387 4590 568 4664 (Act.
614 4581 705 4647 l2.
737 4581 832 4664 8).
865 4593 1194 4662 Quamquam
1241 4591 1543 4661 hujusmodi
1590 4593 1891 4647 calceorum
1939 4611 2006 4648 ne

388 4691 607 4756 inagna
641 4695 766 4741 tunc
793 4679 1007 4755 quidem
1047 4683 1230 4739 aderat
1259 4687 1549 4740 necessitas
1583 4702 1596 4736 :
1627 4701 1747 4738 nam
1778 4685 1868 4738 illo
1890 4685 2008 4754 qui-

381 4777 526 4832 dem
557 4781 815 4846 tempore
843 4768 923 4831 vel
957 4769 1112 4831 nudis
1137 4776 1213 4831 ire
1244 4773 1463 4847 pedibus
1492 4777 1614 4830 licet
1650 4795 1663 4831 :
1699 4776 1871 4831 hieme
1899 4788 2009 4832 tau-

379 4881 505 4924 tutu
545 4861 855 4924 necessarii
897 4869 1020 4924 sunt
1054 4887 1066 4923 :
1099 4867 1333 4922 attamen
1376 4867 1572 4938 caligas
1617 4868 1821 4923 habuit.
1867 4858 2003 4936 Quid

373 4980 525 5020 vero
561 4949 820 5018 Paulus?
842 4957 975 5017 Cum
1021 4955 1086 5018 ad
1123 4954 1460 5018 Timotheum
1489 4963 1728 5018 scribens
1753 4949 2002 5029 dixisset,

375 5055 625 5113 Festina
661 5064 783 5108 alite
825 5045 1035 5108 hiemem
1074 5056 1242 5109 uenire
1266 5051 1358 5124 (2.
1390 5043 1520 5107 Tim.
1551 5055 1605 5110 4.
1634 5042 1694 5108 2i
1725 5054 1783 5124 ),
1812 5053 2008 5109 deinde

365 5146 667 5206 mandata
716 5143 829 5208 dat,
879 5155 1036 5216 atque
1087 5138 1277 5216 inquit,
1323 5135 1608 5211 Penulam,
1641 5162 1792 5216 quant
1828 5145 2008 5215 reliqui

366 5241 608 5297 Troade
637 5237 788 5309 apud
815 5235 1035 5309 Carpam
1057 5279 1072 5300 ,
1106 5238 1308 5292 veniens
1337 5225 1466 5304 a/fer
1492 5246 1652 5289 tecum
1678 5279 1692 5301 ,
1723 5245 1768 5290 et
1807 5237 1962 5291 libros
1988 5277 2005 5302 ,

360 5333 628 5388 nsaxs'me
664 5335 839 5381 autem
884 5329 1202 5383 membranas
1229 5329 1248 5398 (
1274 5326 1357 5382 Ib.
1387 5345 1435 5382 υ.
1470 5317 1537 5383 l3
1559 5327 1602 5398 ).
1647 5317 1725 5382 Eu
1756 5328 2006 5397 penulam

359 5421 764 5488 memoravit,
795 5435 893 5474 nec
917 5421 1194 5491 quisquam
1217 5420 1431 5486 dixerit,
1461 5419 1616 5473 aliam
1648 5418 1721 5472 illi
1748 5435 1849 5472 non
1873 5419 2007 5472 luis-

353 5535 467 5583 se,
525 5527 720 5586 quam
763 5520 1018 5580 gestaret.
1064 5507 1276 5565 Etenim
1320 5513 1362 5565 si
1394 5510 1614 5564 omnino
1658 5509 1846 5563 solitus
1893 5519 2010 5564 erat

352 5628 481 5667 non
523 5612 793 5676 gestare,
825 5616 1279 5672 snpervacaucum
1306 5597 1461 5671 plane
1487 5609 1602 5656 erat
1629 5609 1682 5654 ut
1707 5601 1822 5654 lucc
1850 5600 2012 5655 alier-

352 5721 532 5766 τυιιιι-
562 5699 787 5770 jubere
818 5716 830 5749 :
864 5698 944 5750 sin
974 5706 1151 5750 autem
1184 5687 1298 5749 lieri
1344 5695 1560 5766 nequit,
1596 5694 1719 5762 quin
1765 5694 2009 5762 gestarit,

350 5805 543 5856 aliam
580 5808 825 5865 quinque
867 5785 939 5847 illi
973 5792 1136 5848 fuisse
1162 5789 1500 5846 manifestum
1532 5798 1633 5845 est.
1664 5785 1799 5856 Quid
1843 5804 1970 5843 vero
1992 5829 2006 5853 ,

347 5893 518 5963 quod
565 5892 863 5954 integrant
893 5883 1166 5942 biennium
1201 5883 1249 5938 iu
1295 5882 1622 5937 mercenaria
1655 5881 1834 5936 labore
1881 5895 2006 5933 (zon-

2111 638 2201 701 llle
2229 648 2316 717 qui
2359 649 2572 703 dicebat
2596 691 2610 713 ,
2652 637 2772 705 Vivo
2797 661 2964 708 autem
2995 658 3108 725 jam
3141 676 3239 713 non
3272 677 3383 730 ego,
3427 659 3544 716 vivit
3575 637 3692 720 vero

2110 735 2161 790 ln‘
2204 745 2280 791 me
2307 737 2536 794 Christus
2564 741 2581 809 (
2601 739 2718 796 Gal.
2746 743 2781 798 2
2827 739 2935 815 ΞΟ)
2958 745 2982 800 ἵ
3009 745 3094 803 ille
3119 741 3186 804 de
3230 753 3335 822 quo
3381 746 3692 812 testiﬁcatus

2110 835 2189 882 εει
2208 825 2472 896 CliriStus,
2501 832 2566 884 ita
2588 833 2792 900 dicens,
2819 831 3069 901 Quoniam
3091 848 3177 896 vas
3204 839 3460 902 electionis
3479 847 3552 902 est
3568 848 3692 903 mihi

2108 913 2546 990 iste(Art.9.i5)?
2566 919 2858 990 Oportebat
2877 933 2968 980 vos
2993 929 3042 982 in
3059 926 3500 991 haeduliitatione
3523 933 3690 993 relin-

2109 1011 2304 1098 quere,
2337 1008 2645 1081 nullainqiie
2683 1013 2873 1071 afferre
2900 1020 3212 1088 qbte‘Sti‘onis’
3241 1026 3647 1096 explicationem
3673 1073 3689 1098 ,

2107 1089 2202 1191 sed
2247 1089 2384 1154 lianc
2421 1107 2451 1155 Δ
2504 1101 2652 1159 vobis
2696 1111 2906 1174 pinnam
2944 1111 3163 1182 exigere
3201 1089 3438 1183 pm'éa,
3487 1125 3590 1191 qua
3637 1089 3690 1176 ili

2109 1181 2399 1260 Scripturis
2452 1195 2680 1259 utimini,
2729 1181 3051 1270 negligentia
3089 1221 3103 1258 :
3149 1181 3272 1262 inde
3317 1181 3458 1264 enim
3504 1181 3692 1268 omnia

2111 1275 2226 1339 lucc
2274 1287 2559 1343 exsistunt.
2600 1281 2885 1361 Propterea
2917 1295 2967 1348 in
2995 1295 3220 1351 aliorum
3254 1301 3484 1369 peccatis
3510 1299 3690 1360 acerbi

2110 1375 2451 1446 inquisitores
2491 1387 2695 1446 stlrn‘u's,
2728 1382 2796 1438 de
2837 1386 3034 1440 hOStri's
3070 1390 3247 1442 autem
3289 1406 3356 1444 ue
3395 1389 3691 1462 cogitamus

2110 1469 2347 1536 quidem.
2386 1473 2636 1541 quoniam
2663 1471 2966 1546 Scripturas
3006 1495 3110 1534 non
3143 1490 3410 1550 tenemus,
3439 1487 3690 1554 quoniam

2110 1558 2164 1613 in
2204 1559 2398 1616 divinis
2426 1561 2633 1632 legibus
2674 1571 2778 1620 non
2810 1561 3106 1626 erudimur.
3143 1559 3266 1626 Erat
3312 1571 3469 1645 igitur
3511 1576 3624 1633 lucc
3660 1597 3690 1634 a

2110 1649 2264 1706 vobis
2290 1659 2446 1722 poena
2475 1657 2785 1725 repetenda.
2820 1655 2925 1715 Sed
2965 1659 3089 1731 quid
3117 1661 3312 1734 agam?
3341 1660 3499 1723 Pater
3525 1684 3643 1725 sum
3675 1689 3688 1725 :

2110 1744 2274 1799 multa
2303 1744 2461 1800 etiam
2491 1747 2624 1803 ultra
2651 1789 2665 1813 ,
2695 1755 2850 1819 quam
2883 1755 3096 1822 opertet
3119 1795 3132 1818 ,
3165 1751 3286 1809 (iliis
3325 1756 3693 1830 gratiﬁcantur

2111 1840 2314 1906 patres,
2347 1836 2470 1893 dum
2501 1844 2719 1910 paterna
2749 1839 2984 1913 ipsorum
3014 1841 3345 1905 incalescunt
3372 1843 3609 1920 viscera;
3638 1864 3693 1910 et

2110 1928 2158 2018 si
2181 1928 2344 1984 lilium
2370 1932 2572 1986 tristem
2600 1948 2663 1988 ac
2685 1926 3043 1992 tabescentem
3064 1933 3292 2006 videant,
3315 1943 3458 2014 ipsos
3478 1961 3692 2018 quoque

2112 2015 2230 2087 plus
2255 2027 2413 2088 quam
2443 2019 2590 2075 illum
2622 2021 2802 2094 pungit
2831 2021 3004 2093 dolor,
3039 2045 3136 2086 nec
3173 2033 3478 2102 quin-seum,
3498 2015 3692 2094 donec

2112 2109 2361 2164 moueris
2387 2117 2601 2166 Causam
2624 2108 2957 2171 sbstulerint.
2989 2117 3251 2175 Cmteruiu
3275 2117 3397 2178 licet
3437 2115 3539 2181 hoc
3565 2143 3691 2184 eve-

2111 2198 2270 2262 nerit,
2299 2195 2422 2255 licet
2448 2202 2716 2274 paulisper
2738 2211 2832 2260 vos
2861 2214 3090 2264 interere
3117 2209 3333 2266 siverim
3354 2228 3418 2269 ex
3452 2230 3518 2270 eo
3547 2217 3691 2287 quod

2114 2307 2220 2346 non
2250 2296 2566 2365 acceperitis
2596 2317 2610 2353 :
2643 2299 2911 2370 nimirum,
2946 2300 3003 2358 ut
3031 2293 3166 2360 bene
3192 2322 3333 2362 nunc
3363 2310 3655 2379 accipiatis.

2184 2381 2238 2440 6.
2266 2385 2400 2454 Quid
2425 2388 2583 2458 igitur
2604 2383 2887 2447 diecudum
2910 2383 3028 2449 est?
3050 2394 3168 2452 Non
3193 2410 3509 2469 repugnant,
3531 2403 3690 2469 absit,

2112 2475 2206 2532 scd
2235 2473 2384 2534 valde
2410 2480 2748 2563 consentiunt
2777 2501 2896 2538 cum
2926 2491 3206 2559 praeceptis
3233 2490 3429 2546 Christi
3454 2510 3467 2546 :
3494 2509 3693 2563 prlece-

2113 2576 2199 2642 pta
2223 2571 2365 2625 étllm
2395 2561 2482 2627 illa
2509 2571 2575 2628 ad
2604 2575 2810 2646 tetnpus
2831 2585 2983 2633 erant
3003 2581 3056 2635 et
3079 2587 3182 2634 non
3214 2561 3692 2656 perpetuaiNeqne

2113 2655 2164 2716 id
2189 2677 2255 2716 ex
2283 2666 2608 2733 conjectura,
2637 2667 2728 2721 sed
2755 2681 2818 2722 ex
2847 2669 3039 2726 divinis
3065 2669 3352 2743 Scripturis
3378 2676 3520 2732 dico.
3548 2655 3692 2744 Quo-

2111 2745 2315 2808 modo?
2372 2747 2561 2811 Narrat
2605 2755 2777 2815 Lucas
2817 2755 3016 2819 dixisse
3059 2755 3328 2822 Christum
3377 2769 3689 2840 discipulis,

2117 2845 2331 2912 Quando
2363 2849 2474 2902 niisi
2505 2866 2590 2903 vos
2615 2851 2724 2904 sine
2749 2857 2950 2908 sacculo
2977 2865 3022 2910 et
3050 2874 3172 2927 pera
3197 2870 3246 2914 et
3270 2877 3401 2914 sona
3424 2873 3472 2916 et
3498 2865 3693 2917 calcea-

2111 2939 2313 3005 mentis,
2337 2941 2582 3010 numquid
2609 2937 2804 3009 aliquid
2829 2945 2988 3015 defuit
3018 2949 3194 3004 vobis?
3221 2952 3286 3004 At
3316 2953 3391 3006 illi
3418 2955 3652 3008 dixerunt
3675 2996 3692 3022 ,

2114 3026 2264 3082 Nihil
2279 3029 2428 3100 (Luc.
2448 3031 2537 3085 22.
2555 3033 2644 3089 55.
2663 3033 2774 3105 36).
2799 3034 2941 3106 Ergo
2959 3039 3179 3107 posthac
3199 3043 3346 3098 vobis
3363 3057 3690 3115 comparate.

2111 3120 2214 3176 Sed
2267 3123 2394 3193 quid
2438 3124 2577 3180 facto
2618 3143 2752 3196 opus
2802 3129 3039 3186 fuit?dic
3068 3133 3196 3188 mihi
3229 3149 3243 3199 ;
3281 3151 3438 3189 unam
3495 3137 3694 3195 habere

2113 3212 2386 3268 tunicam?
2415 3215 2550 3282 Quid
2579 3219 2744 3286 ergo?
2773 3235 2894 3273 cum
2935 3221 3159 3278 lavanda
3205 3224 3318 3280 haec
3352 3236 3466 3282 erat
3489 3267 3504 3295 ,
3548 3229 3693 3285 domi

2113 3304 2312 3358 nudum
2340 3307 2533 3361 sedere
2559 3311 2796 3376 oportuit
2815 3353 2828 3374 ,
2857 3312 2937 3364 vcl
2969 3312 3168 3367 nudum
3196 3315 3478 3371 circumire
3503 3333 3694 3374 neces-

2112 3395 2268 3450 sitate
2298 3397 2554 3453 invitante
2577 3441 2590 3463 ,
2624 3400 2929 3470 nullamque
2954 3403 3135 3457 decori
3167 3405 3364 3462 habere
3391 3410 3694 3466 rationem?

2111 3479 2315 3556 Cogita,
2345 3489 2637 3556 cujusmodi
2670 3490 2719 3543 id
2765 3492 2972 3560 luisset,
3006 3494 3226 3550 Paulum
3251 3499 3341 3568 qui
3373 3499 3557 3555 orbem
3584 3514 3694 3558 ter-

2112 3594 2290 3660 rarum
2322 3579 2442 3633 ideo
2469 3582 2798 3650 peragrabat,
2832 3593 2886 3637 ut
2918 3593 2994 3638 tot
3020 3587 3274 3654 prurclara
3301 3605 3461 3659 opera
3488 3593 3692 3660 ederet,

2113 3657 2289 3736 inopia
2322 3669 2484 3723 vestis
2513 3681 2752 3725 coactum
2785 3673 2927 3728 domi
2967 3677 3155 3732 sedere
3179 3718 3194 3743 ,
3239 3695 3302 3735 ac
3335 3657 3493 3736 lautis
3529 3657 3692 3741 rebus

2112 3760 2548 3829 impedimentum
2587 3753 2784 3818 allerri.
2830 3766 2966 3832 Quid
3007 3783 3134 3823 vero
3161 3811 3174 3835 ,
3206 3771 3252 3824 si
3284 3772 3575 3830 vehemens
3608 3776 3692 3831 in-

2109 3851 2343 3936 gruisset
2383 3849 2554 3925 hiems
2573 3895 2586 3918 ,
2613 3870 2674 3908 ac
2706 3857 2926 3925 ptuisset
2953 3869 3042 3913 aut
3071 3862 3234 3916 etiam
3261 3866 3649 3936 conglaciassut
3673 3907 3690 3934 ,

2111 3934 2382 4015 quomodo
2416 3951 2532 4000 eain
2569 3948 2770 4004 siccare
2808 3939 3083 4005 licuisset?
3119 3970 3244 4008 num
3278 3934 3459 4011 rursus
3490 3959 3690 4015 nudum

2111 4029 2303 4091 sedere
2330 4038 2602 4106 oportuit?
2637 4039 2762 4108 quid
2791 4056 2938 4102 vero.
2972 4043 3015 4096 si
3042 4043 3254 4114 frigoris
3280 4047 3330 4100 vi
3360 4063 3554 4117 corpus
3579 4052 3695 4106 col-

2113 4118 2412 4194 laberetur,
2447 4145 2570 4182 mnu
2603 4128 2979 4183 tabescendum
3009 4131 3106 4185 fuit
3131 4141 3290 4202 atque
3315 4135 3693 4193 obmutescen-

2112 4211 2273 4273 dum?
2295 4220 2370 4275 Nc
2397 4223 2538 4276 enim
2567 4233 2719 4293 putes
2748 4222 3083 4276 adamantina
3111 4224 3214 4279 illis
3239 4221 3404 4282 fuisse
3429 4243 3653 4300 corpora
3677 4248 3692 4285 :

2112 4314 2233 4369 audi
2258 4315 2381 4385 quid
2405 4316 2470 4370 de
2491 4315 2772 4370 Timotheo
2795 4316 2952 4381 dicat,
2977 4308 3180 4371 Modico
3200 4320 3314 4373 vino
3335 4330 3472 4376 utere
3487 4335 3695 4394 propter

2113 4409 2427 4460 stomachum
2449 4419 2606 4470 ticum,
2625 4418 2672 4459 et
2695 4411 2973 4476 frequentes
2990 4419 3103 4461 tuas
3124 4410 3439 4477 inﬁrmitates
3459 4417 3506 4486 (I
3523 4456 3535 4468 .
3555 4415 3691 4474 Tim.

2114 4501 2167 4554 5.
2199 4498 2343 4568 25);
2375 4514 2438 4553 ac
2479 4514 2662 4552 rursus
2690 4500 2756 4553 de
2793 4501 2998 4566 altero,
3032 4499 3386 4556 Necessarium
3416 4510 3696 4564 existimaui

2117 4592 2309 4644 mittere
2334 4591 2400 4644 ad
2428 4608 2511 4644 vos
2538 4602 2750 4644 vestrum
2778 4591 3084 4658 apostolum,
3109 4601 3157 4646 et
3179 4593 3461 4648 ministrum
3481 4600 3694 4652 necessi-

2117 4686 2232 4738 tatis
2261 4700 2400 4738 mew.
2434 4667 2574 4737 Nam
2599 4692 2646 4737 et
2675 4684 2959 4751 inﬁrmatus
2981 4693 3054 4737 est
3076 4700 3231 4754 usque
3248 4685 3318 4737 ad
3337 4696 3542 4740 mortem
3565 4702 3584 4740 :
3604 4689 3694 4742 sed

2114 4777 2252 4832 Deus
2283 4777 2512 4832 misertus
2547 4784 2620 4829 est
2649 4777 2757 4846 ejus
2789 4791 2807 4828 :
2831 4792 2930 4830 non
2959 4776 3122 4829 solum
3153 4786 3318 4830 autent
3343 4777 3454 4847 q’us
3477 4815 3493 4844 ,
3525 4794 3694 4833 rerum

2114 4872 2263 4924 etiam
2291 4879 2338 4924 et
2364 4869 2460 4921 mei
2483 4867 2738 4938 (Philipp.
2765 4867 2815 4920 2.
2845 4868 2935 4922 25.
2962 4867 3077 4938 27).
3110 4867 3288 4936 itaque
3312 4868 3481 4922 cuivis
3506 4870 3696 4924 morbo

2115 4971 2274 5032 atque
2297 4959 2639 5014 iuvalctudini
2662 4969 2815 5014 erant
2834 4959 3078 5028 expositi.
3101 4958 3235 5025 Quid
3255 4957 3447 5028 igitur?
3467 4972 3697 5028 pereun-

2114 5055 2312 5109 dumue
2338 5055 2440 5110 illis
2465 5055 2616 5109 erat?
2643 5053 3004 5122 Nequaquam.
3033 5049 3168 5117 Quid
3196 5050 3355 5119 igitur
3374 5064 3550 5104 causa
3573 5057 3697 5112 tunc

2115 5147 2215 5202 fuit
2234 5163 2330 5201 cur
2352 5147 2402 5201 id
2429 5146 2780 5216 praeciperet?
2801 5145 3098 5199 Potentiam
3123 5157 3271 5196 suam
3289 5141 3500 5199 volebat
3519 5151 3699 5197 osten-

2115 5239 2266 5305 dere,
2293 5239 2452 5308 idquc
2479 5248 2658 5307 postea
2684 5236 2842 5290 etiam
2869 5235 3104 5303 praestari
3128 5249 3158 5286 a
3181 5248 3241 5287 se
3262 5248 3439 5302 posse.
3462 5234 3571 5289 Cur
3591 5250 3699 5296 non

2118 5323 2398 5400 praestitit?
2443 5328 2608 5382 Multo
2651 5335 2804 5380 erant
2849 5322 2900 5376 hi
2941 5322 3366 5377 admirabiliores
3405 5323 3697 5391 lsraclitis,

2116 5437 2340 5492 quorum
2374 5429 2548 5473 tamen
2579 5431 2752 5485 neque
2778 5414 2940 5469 calcei
2970 5428 3141 5482 neque
3167 5421 3342 5469 vestes
3375 5430 3472 5470 usu
3501 5430 3698 5469 consu-

2117 5506 2398 5560 mebantur
2420 5521 2433 5557 :
2453 5514 2771 5571 quamquam
2799 5497 3140 5551 Solitudinem
3166 5498 3309 5552 illam
3334 5507 3697 5569 peragrarent,

2119 5601 2204 5655 ubi
2233 5599 2564 5652 ardentiores
2593 5591 2894 5648 incidebant
2919 5591 3047 5644 solis
3076 5591 3241 5657 radii,
3270 5591 3357 5662 qui
3383 5592 3466 5647 vel
3497 5589 3700 5660 lapides

2120 5694 2263 5760 ipSOS
2292 5697 2508 5758 p0sscnt
2535 5687 2584 5740 iu
2613 5685 2848 5738 cinerem
2881 5693 3105 5736 vertere.
3137 5683 3250 5750 Qua
3277 5683 3435 5753 igitur
3452 5682 3520 5737 dc
3538 5695 3697 5740 causa

2119 5783 2220 5836 hoc
2251 5779 2412 5834 fecit?
2442 5779 2536 5832 Tui
2565 5791 2746 5832 causa.
2776 5775 2905 5829 Nam
2935 5777 3187 5846 quoniam
3220 5775 3454 5829 futurum
3473 5784 3616 5837 erat,
3644 5785 3702 5828 ut

2122 5893 2224 5931 non
2268 5881 2526 5943 perpctno
2566 5871 2770 5925 valeres
2799 5909 2810 5932 ,
2839 5868 2930 5923 scd
2974 5869 3194 5925 vulnera
3236 5869 3532 5938 acciperes;
3575 5879 3699 5936 pro.
