4030 6204
387 299 496 356 255

390 420 571 481 pterea
611 404 910 460 facultatem
947 397 1038 452 tibi
1080 393 1586 450 medicamentorum
1612 384 1971 481 parandorum

394 474 620 571 prtebuit
647 515 660 550 :
690 492 829 566 quod
869 489 992 546 hinc
1020 487 1149 542 satis
1176 491 1426 539 constare
1464 485 1660 571 potest.
1698 474 1967 571 Dic-enim

395 561 546 654 inihi,
576 561 753 642 anndn
781 583 895 652 ipse
923 585 1130 650 poterat
1159 574 1279 628 illos
1309 569 1551 626 nutrire?
1586 564 1854 638 quomodo
1880 561 1970 632 qui

397 683 488 738 tibi
512 673 877 752 praevaricanti
897 671 1066 736 dedit,
1090 666 1251 722 Paulo
1272 681 1379 720 non
1399 661 1584 718 daret?
1605 659 1693 752 qui
1719 655 1971 752 Israelitis

394 748 543 830 dedit
593 764 1076 826 murmuratorihus
1101 803 1117 830 ,
1161 756 1547 814 scortatoribus
1567 795 1581 821 ,
1629 748 1928 806 idololatris
1953 786 1971 813 ,

398 879 574 920 nonne
617 863 784 918 multo
830 857 1000 927 magis
1047 853 1206 910 Petro
1248 849 1622 921 permitteret,
1661 843 1751 913 qui
1797 841 1974 895 omnia

399 966 614 1028 propter
659 953 832 1023 ipsum
879 945 1210 1017 reliquerat?
1251 943 1340 1008 qui
1371 937 1645 995 sceleratis
1675 932 1978 1028 hominibus

399 1022 716 1116 potestatem
759 1039 986 1095 habendi
1027 1035 1151 1091 fecit
1177 1077 1192 1102 ,
1233 1049 1338 1088 non
1382 1031 1550 1086 multo
1589 1027 1757 1097 magis
1785 1022 1978 1080 Joanni

399 1137 782 1206 gratificaretur
806 1173 822 1196 ,
867 1129 955 1200 qui
994 1127 1110 1196 ejus
1138 1139 1299 1180 causa
1333 1131 1534 1192 patrem
1565 1131 1776 1188 quoque
1807 1117 1980 1185 ipsum

402 1224 729 1297 reliquerat?
767 1225 1014 1276 Attamen
1047 1218 1216 1271 noluit
1238 1257 1254 1278 ,
1287 1213 1378 1269 sed
1409 1228 1502 1282 per
1531 1221 1582 1266 te
1609 1211 1752 1278 ipsos
1779 1207 1982 1297 nutrit,

404 1323 463 1369 ut
502 1295 556 1369 tu
589 1311 953 1368 sanctificeris.
1000 1307 1066 1361 Et
1099 1303 1458 1360 animadverte
1487 1300 1616 1356 mihi
1647 1295 1986 1368 benignitatis

407 1403 859 1474 exsuperantiam.
906 1399 1092 1456 Voluit
1130 1395 1416 1464 discipulos
1456 1407 1580 1446 suos
1615 1404 1771 1459 egere
1794 1429 1812 1461 ρ
1845 1396 1902 1440 ιιι
1931 1395 1986 1439 ιιι

408 1496 790 1567 aliquantulum
829 1494 1142 1563 respirares.
1175 1488 1280 1544 Sed
1310 1488 1354 1540 si
1392 1486 1510 1540 illos
1547 1483 1744 1538 nullius
1779 1480 1988 1549 indiges

412 1589 765 1658 praestitisset,
800 1585 1000 1656 inquit,
1027 1583 1193 1638 multo
1221 1594 1349 1634 sane
1379 1575 1800 1631 admirabiliores
1827 1572 1988 1626 futuri

412 1685 567 1732 erant
591 1717 605 1741 ,
641 1675 805 1729 multo
830 1673 1102 1729 clariores.
1137 1672 1206 1724 At
1234 1667 1391 1723 saluti
1432 1675 1532 1719 tua:
1563 1663 1859 1719 subsidium
1889 1661 1987 1715 deo

415 1777 642 1823 tractent
665 1774 825 1820 esset.
851 1764 1028 1819 Noluit
1051 1763 1208 1834 igitur
1233 1759 1353 1814 illos
1376 1757 1489 1811 fieri
1514 1753 1870 1814 admirabiles,
1895 1751 1990 1806 sed

416 1859 605 1913 maluit
643 1856 881 1926 indigere
905 1896 920 1921 ,
950 1863 1005 1908 ut
1035 1863 1089 1908 tu
1115 1853 1340 1907 salutem
1369 1845 1691 1903 nanciscaris
1716 1887 1730 1911 ,
1760 1852 1814 1900 et
1835 1858 1992 1913 egere

413 1951 533 2005 illos
563 1964 750 2020 passus
774 1956 894 2013 est,
926 1956 984 2002 ut
1015 1954 1069 2000 tu
1095 1946 1319 2000 salutem
1349 1940 1604 2010 consequi
1645 1951 1846 2008 posses.
1877 1935 1992 1990 Non

416 2043 558 2098 enim
585 2056 736 2111 a'que
759 2055 816 2094 se
838 2038 1195 2095 venerandum
1223 2035 1424 2107 przcbet
1448 2033 1634 2088 doctor
1656 2029 1746 2100 qui
1770 2028 1994 2097 accipit;

417 2133 513 2187 sed
539 2133 628 2187 ille
654 2129 990 2201 potissimum
1015 2128 1217 2184 honore
1243 2125 1493 2189 afficitur,
1521 2121 1610 2193 qui
1638 2135 1743 2175 non
1768 2117 1994 2187 accipit:

416 2237 600 2277 verum
647 2221 851 2276 interea
888 2234 995 2273 non
1033 2217 1248 2287 juvatur
1287 2213 1602 2284 discipulus,
1635 2210 1729 2266 sed
1770 2209 1997 2264 fructum

421 2311 806 2368 amittit.Vides
829 2309 1140 2380 sapientiam
1157 2307 1432 2362 hominum
1455 2302 1683 2358 amantis
1708 2300 1841 2356 Dei?
1868 2299 1998 2354 Nam

423 2402 872 2474 quemadmodum
900 2402 1014 2471 ipse
1052 2400 1322 2470 propriam
1345 2397 1566 2468 gloriam
1599 2410 1704 2450 non
1735 2394 1999 2464 qumsivit,

425 2509 524 2550 nec
550 2509 644 2547 sua
674 2494 952 2562 spectavit,
979 2489 1073 2545 sed
1103 2505 1222 2546 cum
1249 2489 1303 2544 in
1330 2488 1500 2557 gloria
1530 2493 1692 2551 esset,
1717 2483 1884 2539 voluit
1914 2491 2003 2536 tua

425 2599 584 2639 causa
621 2584 742 2638 vilis
771 2583 923 2647 ﬁeri;
954 2580 1092 2636 idem
1119 2581 1278 2636 etiam
1315 2579 1369 2633 in
1398 2576 1703 2632 doctoribus
1739 2573 2001 2639 servavit;

429 2684 488 2730 ut
528 2690 650 2730 cum
690 2689 785 2730 eos
825 2672 1156 2729 venerandos
1201 2680 1456 2742 prmstare
1500 2677 1716 2739 posset,
1760 2667 2007 2722 maluerit

427 2765 663 2834 abiectos
687 2779 806 2820 esse
831 2772 920 2818 tua
946 2777 1106 2819 causa
1131 2803 1148 2831 ,
1177 2771 1234 2818 ut
1267 2769 1321 2816 tu
1347 2759 1574 2815 haberes
1599 2758 1740 2814 unde
1768 2757 2000 2814 ditesce-

1160 287 1217 342 S.
1256 281 1532 341 JOANNIS
1565 271 2038 334 CllRYSOSTOMl
2077 271 2394 327 ARClllEP.
2433 266 2967 325 CONSTANTINOP.

2079 396 2167 436 res
2205 398 2218 434 :
2262 387 2319 434 ut
2357 377 2655 432 abundares
2683 378 2824 433 enim
2856 377 2908 431 in
2949 376 3341 446 spiritualibus,
3373 387 3654 448 pr0pterea

2073 471 2164 526 ille
2185 478 2305 540 eget
2327 469 2378 524 in
2409 470 2494 534 iis,
2517 484 2636 538 qua:
2660 467 2727 522 ad
2753 467 2889 523 hanc
2909 468 3070 522 vitam
3097 469 3386 538 pertinent.
3412 468 3656 526 Potuisse

2074 563 2233 632 igitur
2280 562 2444 615 Deum
2492 559 2611 614 illos
2655 559 2849 614 nullius
2893 557 3100 630 indigns
3143 567 3440 629 praestare,
3476 561 3660 618 multis

2075 652 2402 722 argumentis
2431 650 2588 704 docui
2619 667 2632 703 :
2663 659 2752 704 tua
2785 660 2958 704 tamen
2989 664 3152 706 causa
3182 651 3232 703 in
3265 660 3504 721 egestate
3533 653 3660 708 reli-

2077 753 2193 799 ctos
2229 757 2350 798 esse
2386 741 2631 798 similiter
2665 751 2938 796 ostensum
2965 750 3067 797 est.
3112 742 3237 798 ﬂare
3276 742 3435 811 igitur
3462 758 3665 814 cogno-

2079 844 2309 900 scentes,
2341 849 2446 888 non
2471 834 2539 889 ad
2568 835 2957 896 accusationes.
2985 834 3078 890 sed
3105 834 3172 888 ad
3199 833 3454 890 beneficia
3482 836 3664 891 confe-

2082 930 2247 984 renda
2291 944 2389 983 nos
2428 938 2802 982 convertamus
2835 945 2849 980 :
2879 941 2984 980 non
3021 927 3245 980 aliorum
3281 927 3421 981 mala
3451 930 3665 984 curiose

2083 1031 2402 1084 scrutemur,
2425 1019 2518 1074 sed
2547 1029 2725 1073 nostra
2755 1033 3128 1074 recenseamus
3151 1037 3166 1073 :
3189 1019 3415 1074 aliorum
3445 1020 3666 1076 benefa-

2084 1123 2168 1169 cta
2189 1114 2504 1183 cogitemus,
2528 1111 2596 1167 de
2617 1112 2814 1166 nostris
2835 1120 3012 1166 autem
3035 1113 3265 1180 peccatis
3288 1115 3664 1183 recogitemus,

2086 1216 2246 1277 atque
2287 1208 2354 1260 ita
2388 1205 2714 1274 placebimus
2743 1203 2869 1258 Deo.
2911 1202 3041 1256 Nam
3070 1203 3159 1272 qui
3194 1204 3420 1258 aliorum
3451 1206 3664 1274 quidem

2088 1306 2303 1367 peccata
2335 1296 2518 1361 videt,
2562 1303 2616 1350 et
2659 1309 2753 1347 sua
2799 1301 2942 1350 recte
2986 1293 3123 1348 facta
3148 1334 3162 1359 ,
3193 1294 3389 1362 duplex
3417 1298 3667 1351 damnum

2089 1397 2370 1458 reportat:
2407 1385 2489 1440 his
2527 1385 2669 1440 enim
2711 1385 2762 1437 in
2802 1385 3156 1454 arrogantiam
3201 1385 3439 1451 tollitur,
3473 1389 3576 1443 illis
3618 1392 3667 1442 in

2089 1477 2468 1548 negligentiam
2497 1476 2699 1530 incidit.
2731 1476 2863 1530 Dum
2892 1477 3034 1530 enim
3059 1477 3316 1546 cogitabit
3340 1476 3487 1530 illum
3515 1487 3671 1546 atque

2093 1570 2244 1624 illum
2274 1582 2543 1638 peccasse,
2571 1566 2720 1620 facile
2746 1575 2800 1621 et
2831 1566 2943 1635 ipse
2972 1567 3210 1634 peccabit
3234 1583 3245 1620 :
3271 1565 3396 1620 dum
3423 1568 3674 1636 cogitabit

2095 1676 2152 1715 se
2178 1661 2315 1715 bene
2340 1659 2518 1714 officio
2547 1659 2782 1713 functum
2807 1698 2820 1724 ,
2855 1657 3008 1712 facile
3033 1659 3280 1726 superbia
3307 1657 3578 1714 ederetur.
3607 1662 3676 1713 At

2095 1753 2184 1822 qui
2226 1767 2321 1806 sua
2362 1750 2577 1820 quidem
2621 1759 2766 1804 recte
2809 1750 2942 1803 facta
2984 1750 3237 1804 oblivioni
3275 1752 3531 1818 mandat,
3564 1753 3673 1806 sola

2097 1851 2274 1897 autem
2319 1850 2535 1910 peccata
2566 1849 2841 1910 aspectat,
2869 1841 3095 1895 aliorum
3125 1857 3254 1896 vero
3283 1857 3387 1897 non
3419 1854 3632 1913 peccata
3659 1885 3674 1910 ,

2097 1933 2192 1989 sed
2219 1932 2401 1986 virtuti
2433 1943 2821 1987 consentaneas
2849 1933 3088 1988 actiones
3112 1933 3350 1990 studiose
3375 1946 3676 2002 scrutatur,

2099 2023 2280 2078 multis
2323 2022 2496 2076 modis
2541 2022 2749 2076 lucrum
2793 2021 2972 2077 faciet.
3020 2023 3332 2092 Quomodo,
3373 2026 3517 2080 audi.
3548 2027 3676 2081 Nam

2100 2133 2221 2174 cum
2263 2117 2413 2172 illum
2457 2127 2604 2172 recte
2633 2131 2700 2171 se
2733 2117 2964 2186 gessisse
2990 2117 3216 2185 viderit,
3249 2118 3589 2175 :enmlatione
3615 2121 3679 2174 ad

2105 2208 2415 2264 imitandum
2461 2216 2738 2272 movetur;
2768 2222 2889 2262 cum
2921 2221 2980 2262 se
3009 2222 3259 2276 peccasse
3286 2209 3680 2266 animadverte-

2105 2301 2199 2365 rit,
2229 2299 2471 2354 demittet
2506 2297 2777 2364 animum,
2808 2312 2874 2353 ac
2900 2298 3213 2353 modestiam
3252 2299 3504 2355 tuebitur.
3539 2301 3684 2357 lianc

2106 2391 2365 2445 rationem
2395 2391 2438 2445 si
2471 2399 2768 2454 teneamus,
2798 2399 2957 2459 atque
2983 2389 3083 2446 hoc
3109 2390 3267 2446 modo
3296 2403 3476 2448 nostra
3503 2393 3686 2463 dispu-

2108 2497 2317 2545 namus,
2351 2483 2610 2553 promissa
2642 2483 2932 2552 poterimus
2960 2486 3213 2554 consequi
3241 2486 3378 2540 bona
3396 2527 3411 2551 ,
3439 2489 3607 2556 gratia
3634 2497 3688 2542 et

2109 2575 2436 2645 benignitate
2465 2576 2672 2630 Domini
2699 2580 2868 2632 nostri
2894 2576 3018 2632 Jesu
3041 2577 3260 2645 Christi,
3281 2580 3365 2634 cui
3388 2596 3509 2634 cum
3535 2581 3689 2636 Patre

2111 2676 2166 2722 ct
2203 2669 2400 2737 Spiritu
2430 2679 2615 2725 sancto
2640 2670 2810 2740 gloria
2834 2712 2850 2737 ,
2880 2671 3158 2742 imperium
3184 2715 3200 2741 ,
3232 2674 3404 2729 honor
3427 2715 3441 2741 ,
3472 2691 3613 2730 nunc
3639 2685 3696 2731 ct

2111 2772 2324 2828 semper
2343 2799 2359 2827 ,
2387 2767 2441 2814 et
2471 2760 2522 2814 in
2552 2761 2743 2816 saecula
2771 2764 3110 2819 saeculorum.
3140 2764 3334 2819 Amen.

3621 2905 3689 2916 ...ο

1873 2968 2219 3033 HOMILIA
2260 2973 2344 3034 X.

431 3120 560 3177 CAP.
602 3122 656 3175 3.
694 3135 745 3174 v.
791 3120 836 3174 l.
879 3116 959 3173 De
983 3127 1163 3172 caetero
1182 3160 1196 3183 ,
1227 3120 1407 3188 fratres
1434 3116 1564 3181 mei,
1587 3115 1801 3186 gaudete
1825 3114 1878 3168 in
1905 3113 2014 3168 Do-

504 3211 659 3264 mino.
691 3208 883 3264 Eadem
903 3210 1039 3263 vobis
1058 3209 1273 3264 scribere
1293 3206 1416 3260 mihi
1436 3207 1635 3276 quidem
1657 3222 1754 3259 non
1777 3205 1977 3276 pigrum
1993 3246 2011 3272 ,

505 3305 641 3359 vobis
681 3313 848 3358 autem
895 3313 1074 3357 futuat.
1115 3301 1172 3356 2.
1222 3301 1396 3356 Videte
1442 3317 1590 3354 canes
1613 3342 1628 3366 ,
1659 3300 1817 3353 videte
1853 3301 2014 3353 malos

505 3397 763 3466 operarios
788 3437 803 3463 ,
831 3395 992 3449 uidete
1033 3392 1384 3447 concisionem.
1429 3392 1483 3447 3.
1530 3391 1640 3447 Nos
1681 3392 1813 3444 enim
1841 3406 2015 3445 sumus

505 3488 818 3541 circumcisio
838 3527 852 3550 ,
881 3486 967 3555 qui
992 3486 1172 3556 spiritu
1202 3483 1310 3538 Deo
1339 3485 1581 3538 servimus
1607 3524 1622 3550 ,
1663 3493 1708 3537 et
1737 3484 2019 3554 gloriamur

507 3578 562 3630 in
588 3577 787 3629 Christo
814 3575 968 3641 Jesu,
1001 3584 1045 3628 et
1071 3590 1172 3628 non
1200 3576 1252 3628 in
1280 3591 1430 3627 carne
1455 3575 1695 3641 fiduciam
1721 3575 1977 3628 habentes.

515 3670 566 3720 l.
607 3666 862 3720 Mmrores
892 3673 947 3718 et
974 3663 1358 3719 sollicitudines
1380 3704 1396 3729 ,
1427 3680 1547 3719 cum
1576 3673 1772 3736 praeter
1799 3665 2016 3719 modum

441 3757 674 3812 animam
711 3755 1053 3822 distrahunt,
1083 3769 1182 3809 suo
1210 3755 1402 3809 robore
1439 3755 1581 3809 illam
1623 3756 1849 3825 privant.
1882 3757 2019 3812 Pro-

445 3857 629 3918 pterea
673 3846 866 3902 Paulus
910 3845 1111 3911 etiam,
1155 3859 1275 3898 cum
1318 3843 1684 3914 Philippenses
1730 3847 1782 3901 iu
1827 3861 2021 3918 magno

446 3954 677 3997 mmrore
723 3945 940 4002 essent,
989 3949 1082 3991 eos
1124 3936 1320 3992 excitat
1366 3944 1420 3990 et
1459 3935 1679 3990 relevat.
1729 3936 2022 3992 Mterebant

443 4043 620 4088 autem
641 4073 656 4098 ,
688 4030 829 4102 quod
854 4029 1121 4100 quomodo
1146 4043 1206 4084 se
1235 4042 1321 4083 res
1351 4028 1497 4084 Pauli
1530 4027 1785 4083 haberent
1811 4030 2021 4100 ignora-

446 4127 606 4188 bant;
636 4122 966 4188 maerebant,
1006 4120 1149 4192 quod
1179 4120 1350 4190 ipsum
1381 4120 1578 4174 obiisse
1603 4120 2017 4185 existimabant;

445 4214 747 4270 tumrebaut
771 4213 840 4267 ob
864 4211 1292 4282 praedicationem
1309 4251 1324 4274 ,
1354 4209 1424 4265 ob
1449 4208 1890 4279 Epaphroditum.
1920 4208 2023 4280 lgi-

443 4316 532 4362 tur
557 4305 625 4360 de
652 4304 897 4360 omnibus
929 4303 1011 4358 his
1040 4303 1200 4358 rebus
1229 4301 1464 4356 animum
1495 4301 1599 4356 illis
1625 4301 1866 4372 explens,
1896 4301 2023 4356 sub-

441 4397 618 4469 jungit
646 4413 659 4450 :
690 4396 765 4450 De
791 4405 988 4459 cwtero,
1019 4400 1202 4467 fratres
1230 4395 1350 4460 mei,
1380 4395 1614 4466 gaudete.
1645 4394 1761 4450 Non
1791 4395 2018 4463 habetis,

445 4489 635 4560 inquit,
656 4487 896 4559 posthac,
913 4502 1010 4542 cur
1028 4487 1332 4542 maneatis:
1352 4486 1559 4542 habetis
1579 4488 2017 4557 Epaphroditum,

443 4583 515 4637 ob
555 4595 713 4652 quem
748 4577 1044 4643 dolebatis;
1085 4577 1294 4632 habetis
1328 4577 1699 4646 Timotheum;
1732 4595 1831 4649 ego
1859 4582 2018 4635 etiam

443 4673 669 4728 advenio
689 4667 1049 4738 :evangelium
1071 4667 1331 4737 procedit.
1353 4667 1489 4733 Quid
1508 4671 1620 4737 jam
1639 4669 1789 4724 vobis
1810 4669 2022 4725 deficit?

445 4765 691 4820 Gaudete.
723 4764 801 4817 Ac
827 4760 1041 4816 Galatas
1068 4759 1282 4830 quidem
1311 4759 1448 4814 fllios
1477 4770 1630 4814 vocat
1653 4760 1795 4830 (Gal.
1821 4761 1875 4815 4.
1905 4762 2018 4832 l9),

446 4860 543 4913 hos
573 4864 749 4911 autem
777 4854 991 4910 fratres.
1026 4852 1156 4907 Nam
1181 4853 1616 4922 qu0tiescumque
1646 4854 1726 4907 vel
1755 4855 2021 4924 corrigere

444 4947 642 5019 aliquid
679 4945 792 5002 vult
827 4945 912 5001 vel
945 4943 1316 5000 vehementem
1341 4945 1541 4998 amoris
1569 4943 1813 4998 affectum
1843 4955 2022 5000 Osten.

443 5041 596 5108 dere,
621 5041 758 5094 filios
779 5048 932 5094 vocat
956 5057 969 5092 :
989 5053 1052 5093 ac
1072 5054 1191 5094 cum
1214 5038 1333 5109 plus
1355 5037 1577 5092 honoris
1599 5039 1682 5104 iis,
1707 5039 2021 5108 quibuscum

450 5133 613 5187 verba
639 5132 780 5195 facit,
807 5132 1106 5188 habendum
1133 5141 1237 5198 est,
1269 5130 1479 5186 fratres.
1509 5130 1588 5185 De
1613 5141 1812 5198 ca'tero,
1841 5135 2024 5202 fratres

450 5223 546 5277 mei
571 5263 586 5289 ,
614 5223 816 5293 inquit,
843 5223 1054 5293 gaudete
1080 5223 1133 5276 in
1162 5220 1400 5277 Domino.
1433 5221 1597 5277 Recte
1623 5221 1786 5288 dixit,
1818 5220 1883 5275 In
1915 5220 2020 5276 Do-

445 5314 584 5367 mino
607 5352 623 5378 ,
651 5327 757 5366 non
796 5313 1064 5367 mundano
1101 5313 1295 5383 gaudio
1325 5334 1337 5368 :
1371 5329 1489 5367 nam
1522 5313 1622 5367 hoc
1651 5328 1755 5368 non
1782 5323 1862 5368 est
1891 5329 2022 5383 gan-

443 5408 594 5461 dere.
645 5403 918 5458 Erumnte
942 5444 957 5469 ,
987 5404 1195 5473 inquit,
1239 5420 1359 5474 quae
1397 5406 1689 5460 secundum
1716 5404 2021 5472 Christum,

446 5495 575 5564 ipsa;
603 5493 852 5566 gaudium
881 5493 1096 5549 habent.
1129 5493 1322 5549 Eadem
1347 5495 1485 5550 vobis
1509 5497 1722 5551 scribere
1749 5497 1871 5551 mihi
1907 5498 2022 5568 qni-

441 5587 554 5638 dem
597 5603 697 5640 non
739 5579 940 5657 pigrum
964 5625 980 5652 ,
1019 5585 1156 5640 vobis
1197 5597 1365 5641 autent
1404 5595 1588 5642 tutum.
1637 5587 1809 5642 Videte
1849 5605 2015 5642 canes.

444 5677 603 5733 Vides
630 5694 732 5733 non
755 5677 872 5741 ipso
893 5677 1116 5734 exordio
1143 5677 1408 5734 inductam
1431 5694 1549 5736 esse
1573 5678 2012 5748 admonitionem,

2118 3117 2212 3170 sed
2243 3127 2520 3189 postquam
2553 3119 2672 3175 illos
2701 3120 2880 3175 multis
2909 3122 3212 3178 nominibus
3241 3123 3513 3191 laudavit,
3547 3133 3698 3196 post-

2117 3223 2273 3277 quam
2299 3212 2555 3279 suapexit,
2581 3221 2705 3266 tunc
2727 3212 2830 3267 hoc
2853 3212 2998 3281 facit,
3021 3229 3083 3268 ac
3108 3229 3292 3269 rursus
3312 3214 3470 3269 etiam
3496 3215 3696 3270 laudat.

2120 3295 2409 3353 Videbatur
2437 3303 2578 3354 enim
2621 3302 2722 3356 hoc
2751 3302 3006 3358 orationis
3033 3319 3204 3375 genus
3229 3319 3350 3360 esse
3378 3306 3654 3362 molestius
3679 3320 3696 3356 :

2117 3389 2464 3458 quamobrem
2503 3392 2736 3463 undique
2766 3393 2914 3448 lenit.
2955 3393 3100 3461 Quos
3128 3404 3303 3450 autem
3333 3396 3461 3451 dicit
3487 3411 3646 3451 canes
3671 3396 3697 3448 τ

2121 3479 2219 3536 llic
2237 3491 2390 3536 erant
2405 3483 2585 3553 aliqui,
2611 3499 2744 3554 quos
2769 3485 2821 3538 in
2841 3486 3091 3540 omnibus
3113 3486 3355 3556 epistolis
3374 3487 3693 3552 subindicat,

2120 3571 2314 3639 Judaei,
2341 3574 2556 3644 impuri,
2582 3576 2913 3644 exsecrandi,
2941 3578 3108 3647 turpis
3133 3577 3263 3632 lucri
3293 3587 3347 3633 et
3370 3581 3700 3649 principatus

2122 3665 2321 3734 cupidi,
2349 3666 2579 3736 quicum
2608 3668 2801 3722 multos
2823 3684 2889 3723 ex
2912 3667 3156 3723 ﬁdelibus
3179 3668 3244 3723 ad
3268 3684 3328 3724 se
3346 3669 3564 3724 allicere
3589 3672 3698 3725 vel-

2124 3753 2264 3820 lent,
2293 3765 2348 3810 et
2375 3755 2838 3812 Christianismum
2865 3768 2918 3813 et
2943 3757 3274 3814 Judaismum
3305 3760 3693 3829 praedicabant,

2123 3859 2528 3920 corrumpentes
2571 3851 2926 3921 evangelium.
2967 3851 3228 3919 Quoniam
3269 3852 3428 3924 igitur
3460 3853 3701 3908 difficiles

2124 3938 2191 3993 ad
2221 3939 2723 4010 deprehendendum
2751 3951 2944 4008 erant,
2973 3953 3255 4013 propterea
3284 3945 3488 4014 inquit,
3533 3945 3702 3999 Videte

2123 4044 2294 4084 canes.
2323 4030 2439 4085 Jam
2461 4047 2567 4085 non
2596 4031 2766 4087 Judazi
2796 4042 2920 4087 sunt
2947 4034 3060 4087 filii.
3090 4033 3227 4089 Olim
3256 4034 3359 4089 isto
3384 4051 3574 4090 canum
3606 4052 3702 4090 no-

2126 4120 2272 4175 mine
2295 4119 2493 4174 ethnici
2520 4122 2862 4189 vocabantur,
2888 4139 3028 4179 nnnc
3053 4134 3228 4180 autem
3259 4126 3354 4180 illi.
3381 4127 3525 4188 Cur?
3553 4128 3699 4195 Quo-

2126 4213 2270 4266 niam
2290 4253 2306 4279 ,
2338 4213 2789 4282 quemadmodum
2815 4215 3014 4271 ctlmici
3049 4225 3105 4272 et
3141 4233 3171 4272 a
3212 4217 3322 4272 Deo
3351 4227 3405 4274 et
3432 4234 3462 4272 a
3488 4219 3701 4275 Christo

2124 4303 2287 4359 alieni
2311 4313 2482 4372 erant,
2513 4305 2580 4359 ita
2606 4305 2775 4361 Judaei
2803 4323 2943 4363 nunc
2966 4323 3025 4363 se
3050 4308 3485 4363 abalienaverant
3509 4327 3523 4363 :
3545 4319 3702 4378 atque

2126 4394 2251 4450 hinc
2272 4395 2481 4449 illorum
2509 4397 2889 4466 impudentiam
2911 4406 2966 4453 et
2987 4398 3405 4468 improbitatem,
3430 4415 3702 4470 magnam-

2125 4502 2228 4558 que
2272 4502 2302 4541 a
2348 4487 2469 4542 filiis
2510 4487 2920 4558 disiunctionem
2969 4502 3033 4542 ac
3078 4487 3357 4543 dissidium
3407 4489 3477 4544 ob
3521 4491 3702 4545 oculos

2126 4581 2294 4650 ponit.
2321 4580 2454 4636 Nam
2478 4580 2603 4633 olim
2629 4579 2841 4647 quidem
2868 4579 3112 4635 ethnicos
3137 4591 3354 4635 vocatos
3377 4595 3499 4636 esse
3521 4597 3700 4644 canes,

2125 4672 2246 4726 audi
2287 4673 2412 4741 quid
2443 4673 2742 4725 Chanantea
2767 4670 2909 4726 dicat
2941 4687 2954 4724 :
2987 4671 3195 4738 Etiam,
3224 4669 3441 4725 Domine
3467 4687 3486 4724 :
3512 4689 3629 4724 nam
3659 4680 3704 4724 et

2126 4763 2296 4817 catelli
2324 4763 2475 4816 edunt
2495 4763 2558 4816 de
2582 4763 2744 4828 micis,
2768 4778 2880 4832 quae
2901 4762 3088 4816 cadunt
3112 4762 3176 4816 de
3195 4779 3366 4817 mensa
3387 4762 3707 4816 dominorum

2125 4869 2331 4907 suorum
2361 4852 2574 4925 (Matth.
2607 4853 2694 4908 l5.
2723 4852 2839 4923 27).
2867 4854 3132 4907 Caeterum
3153 4891 3169 4918 ,
3197 4861 3256 4907 ut
3283 4868 3456 4924 neque
3488 4853 3592 4906 hoc
3622 4853 3705 4906 isti

2127 4954 2515 5016 assequantur;
2546 4961 2665 4999 nam
2688 4960 2849 5000 canes
2870 4945 3083 5014 quidam
3110 4953 3254 5010 sunt,
3278 4946 3366 5016 qui
3393 4945 3534 5001 circa
3559 4961 3703 4999 men-

2129 5051 2244 5092 sam
2287 5047 2463 5103 stant;
2491 5037 2638 5093 addit
2668 5039 2815 5104 htec,
2847 5039 3042 5108 quibus
3073 5040 3216 5108 ipsos
3241 5041 3460 5094 omnino
3485 5037 3664 5109 abigat
3691 5053 3706 5092 :

2141 5127 2316 5182 Videte
2338 5128 2500 5183 malos
2524 5133 2803 5199 operarios.
2830 5131 2907 5184 Ac
2931 5129 3156 5185 mirifice
3177 5129 3330 5196 dixit,
3362 5128 3534 5183 Videte
3551 5129 3710 5181 malos

2129 5221 2387 5291 Operarios
2408 5236 2427 5274 :
2454 5236 2574 5274 nam
2602 5230 2891 5289 operantur
2915 5221 3154 5289 quidem,
3182 5222 3370 5291 inquit,
3393 5222 3486 5275 sed
3514 5219 3713 5274 malam

2133 5313 2182 5367 in
2215 5324 2416 5382 partem
2439 5329 2453 5378 ;
2482 5329 2722 5382 opusque
2745 5313 2854 5368 otio
2882 5313 3035 5383 longe
3060 5313 3294 5367 deterius
3319 5321 3420 5376 cst,
3444 5313 3570 5366 dmn
3595 5327 3713 5380 qua:

2133 5415 2276 5459 recte
2303 5415 2426 5458 sunt
2453 5407 2738 5460 constituta
2767 5403 3057 5474 disjieiunt.
3099 5403 3290 5470 Videte,
3323 5404 3515 5473 inquit,
3545 5403 3710 5457 conci

2130 5500 2340 5552 sionem.
2370 5496 2748 5554 llonorandum
2777 5498 3027 5569 quiddam
3056 5507 3172 5553 erat
3197 5497 3336 5566 apud
3367 5495 3584 5551 Iuda-os
3611 5496 3708 5548 cir-

2131 5587 2409 5654 cumcisio,
2429 5588 2855 5659 quandoquidem
2878 5598 2931 5644 et
2953 5589 3033 5643 lex
3057 5587 3104 5642 ei
3122 5586 3430 5652 decedebat,
3449 5595 3504 5640 et
3523 5585 3712 5638 sabba-

2132 5691 2239 5735 tum
2267 5679 2671 5738 cireumcisionc
2701 5680 2854 5736 vilius
2881 5689 3014 5736 erat.
3050 5681 3258 5738 Etenim
3288 5689 3344 5748 ιιι
3372 5675 3711 5735 ρίιΐιιιιιοὶδὶυ
