4030 6204
318 429 412 488 257

318 547 491 610 ﬁeret.
520 541 831 601 solvebatur
854 539 1136 599 sabbatum
1160 555 1175 593 :
1199 551 1491 608 numquam
1514 550 1644 592 vero
1668 542 1727 589 ut
1754 533 1879 589 sab-

318 636 491 691 bata.
514 644 836 700 cenaretur,
856 631 1164 688 solvebatur
1180 629 1540 684 circumcisio.
1565 629 1738 697 Atque
1755 638 1884 680 cott—

316 725 485 783 sidara
526 725 657 781 mihi
696 724 787 780 Dei
813 721 1267 792 dispensationem
1294 737 1310 774 :
1339 718 1454 774 haec
1475 733 1597 789 qutc
1624 716 1881 787 majorem

316 833 468 888 quasi
496 817 771 875 sabbatum
797 815 1028 870 habebat
1048 812 1445 868 venerationem
1472 809 1742 866 invenitur
1762 807 1884 879 qui-

316 907 535 967 busdam
577 905 904 977 temporibus
937 905 1161 958 omissa.
1197 902 1334 958 Cum
1372 901 1529 971 igitur
1560 900 1674 970 ipsa
1707 899 1881 953 soluta

312 1000 398 1065 ﬁt,
423 997 590 1055 multo
803 995 1109 1052 ablutum.
1138 994 1264 1048 Ideo
1282 992 1478 1047 Paulus
1498 991 1664 1061 ipsius
1683 1004 1881 1046 nomen

312 1099 511 1149 resecat
530 1131 549 1158 ,
576 1097 634 1146 ct
668 1089 875 1159 inquit,
915 1086 1091 1143 Videte
1113 1086 1465 1141 conciderunt.
1496 1083 1679 1154 Neque
1704 1082 1878 1151 dixit,

306 1184 501 1242 italu-
522 1191 610 1240 est
632 1182 975 1239 circumcisio
989 1221 1004 1246 ,
1033 1179 1372 1250 Supervacua
1399 1186 1483 1235 est
1505 1177 1844 1233 circumcisio
1859 1217 1875 1243 ,

309 1292 374 1333 ne
395 1276 539 1331 viros
565 1276 698 1331 istos
720 1282 1010 1345 pangeret,
1034 1271 1131 1329 sed
1152 1271 1447 1342 sapientius
1473 1270 1610 1326 idem
1633 1269 1877 1334 molitur,

307 1383 337 1423 a
361 1382 421 1423 re
442 1366 663 1442 quidem
707 1366 822 1437 ipsa
861 1364 1130 1421 abducens
1154 1403 1170 1429 ,
1200 1375 1395 1417 nomen
1420 1368 1597 1415 autem
1628 1360 1735 1415 illis
1759 1373 1880 1429 gra-

298 1457 573 1522 tilicatus;
616 1456 700 1512 vel
740 1454 918 1525 potius
955 1467 1074 1509 rem
1111 1467 1322 1523 quoque
1355 1452 1527 1521 ipsam
1567 1449 1876 1505 studiosius.

311 1552 504 1605 t'erutn
546 1564 651 1605 non
690 1547 762 1603 ita
793 1561 918 1617 erga
945 1545 1163 1602 Galatas
1184 1584 1200 1610 ,
1231 1543 1324 1599 sed
1356 1544 1510 1612 longe
1538 1555 1712 1597 secus.
1743 1540 1878 1597 Nam

302 1642 557 1714 quoniam
598 1641 672 1697 ibi
714 1652 936 1710 magnus
975 1647 1090 1694 erat
1125 1638 1340 1694 morbus
1363 1677 1379 1703 ,
1410 1634 1662 1690 audacter
1688 1648 1877 1704 magna

298 1751 424 1792 cum
452 1734 771 1792 auctoritate
799 1742 945 1789 secat
968 1749 984 1787 :
1005 1730 1094 1788 hic
1118 1744 1266 1797 vero,
1293 1714 1544 1799 quoniam
1572 1725 1703 1781 nihil
1728 1725 1876 1794 ejus-

296 1827 443 1885 modi
472 1827 801 1884 admiserattt
823 1867 840 1891 ,
883 1824 1013 1894 ipsis
1045 1836 1167 1878 eain
1202 1835 1321 1891 quae
1346 1835 1416 1874 ex
1445 1817 1703 1872 vocabulo
1728 1815 1878 1869 volu-

296 1926 499 1988 ptatem
532 1916 866 1988 gratiﬁeatur
888 1955 902 1979 ,
934 1913 1035 1969 bos
1064 1913 1268 1967 interea
1297 1919 1352 1966 et
1388 1909 1509 1964 illos
1536 1907 1755 1977 abigens
1775 1946 1792 1973 ,
1821 1913 1878 1960 ct

294 2012 492 2084 inquit,
520 2010 696 2065 Videte
713 2008 1071 2063 concisionent.
1090 2004 1228 2062 Nam
1243 2020 1337 2060 nos
1356 2017 1529 2057 sum
1541 1999 1868 2055 circumcisio.

271 2100 617 2172 Quomodo?
659 2099 759 2165 Qui
794 2098 976 2170 spiritu
1004 2095 1116 2150 Dee
1140 2096 1380 2150 servimus
1401 2133 1418 2160 ,
1444 2102 1492 2148 et
1519 2108 1620 2146 non
1645 2092 1701 2144 in
1727 2106 1878 2145 carne

291 2193 544 2262 ﬁduciam
573 2189 830 2244 habentes.
860 2187 977 2243 Non
1003 2186 1138 2241 dixit
1156 2227 1171 2250 ,
1196 2184 1573 2240 Examinemus
1593 2182 1877 2237 circumci-

289 2286 510 2338 sionctrt
538 2280 683 2340 illam
705 2291 761 2335 et
783 2278 943 2342 banc,
967 2287 1082 2332 utra
1106 2278 1175 2331 sit
1197 2276 1420 2342 melior;
1441 2274 1535 2330 sed
1561 2290 1628 2329 ne
1649 2274 1879 2329 nominis

289 2373 522 2445 quidem
551 2371 698 2432 illam
726 2370 1041 2441 participat;
1069 2367 1162 2424 sed
1192 2367 1319 2438 quid
1360 2366 1567 2438 inquit?
1588 2365 1880 2420 Circumci-

285 2467 376 2520 sio
405 2464 502 2519 illa
528 2460 767 2517 coacisio
787 2470 890 2516 est.
924 2459 1138 2527 Quare?
1156 2458 1296 2513 Nihil
1314 2458 1456 2513 enim
1482 2452 1629 2513 liliud
1656 2455 1874 2522 faciunt,

285 2570 455 2623 quam
476 2550 626 2623 quod
654 2566 871 2613 carnem
894 2548 1199 2605 concidunt.
1228 2548 1452 2617 Quando
1471 2549 1612 2603 cnim
1633 2547 1772 2618 quod
1795 2546 1874 2614 lit,

280 2644 595 2714 legitis-tum
620 2657 730 2698 una
758 2649 863 2709 est,
890 2639 1026 2696 nihil
1050 2638 1194 2694 aliud
1223 2653 1381 2708 quam
1407 2638 1584 2692 carnis
1608 2637 1776 2693 sectio
1793 2645 1878 2693 est

283 2746 341 2789 et
377 2732 646 2789 concisio.
688 2731 785 2788 Vol
814 2731 973 2802 igitur
999 2728 1071 2785 ob
1101 2729 1237 2782 hanc
1261 2741 1476 2787 causam
1507 2726 1578 2781 ita
1610 2727 1753 2782 illam
1778 2741 1875 2798 ap-

280 2826 540 2895 pellavit;
559 2825 641 2881 rel
660 2824 804 2896 quod
823 2820 1122 2883 Ecclesia-1
1137 2820 1418 2877 concidere
1434 2820 1868 2891 aggrederentur.

281 2920 421 2974 Nam
450 2927 511 2975 et
533 2932 634 2974 nos
660 2917 985 2974 conicisionis
1008 2915 1226 2977 nomine
1255 2912 1455 2968 utimur
1482 2913 1534 2969 in
1562 2913 1646 2979 iis,
1672 2913 1766 2984 qui
1791 2923 1872 2969 te-

278 3025 440 3065 mere
483 3018 546 3064 et
584 3008 704 3063 sine
741 3016 856 3062 arte
894 3005 1001 3062 hoc
1042 3004 1265 3060 tacittnt.
1302 3002 1435 3059 Nam
1461 3003 1506 3058 si
1536 3002 1872 3061 circumcisio

280 3098 593 3171 quaerenda
620 3107 704 3154 est
722 3139 738 3163 ,
764 3098 968 3169 inquit,
995 3096 1135 3173 apud
1164 3111 1262 3152 nos
1285 3110 1404 3151 eam
1431 3094 1737 3151 invenietis.
1770 3093 1872 3163 Qui

276 3191 479 3260 spiritu
512 3187 627 3246 Deo
654 3190 895 3244 servimus
918 3229 933 3256 ,
960 3188 1014 3244 id
1033 3196 1121 3244 ut
1142 3228 1160 3256 ,
1188 3188 1281 3259 qui
1318 3187 1666 3258 spiritualiter
1696 3188 1870 3243 servi-

276 3299 428 3341 ntus.

346 3373 407 3431 ἓ.
447 3374 549 3429 Dic
568 3373 715 3430 enim
737 3372 888 3439 inibi,
914 3380 1092 3427 utrum
1108 3370 1323 3439 melius,
1345 3368 1521 3426 anima
1542 3384 1613 3425 an
1634 3369 1872 3441 corpus!

276 3465 587 3522 l-lridontor
610 3464 809 3521 auitna.
841 3463 1008 3531 Igitur
1029 3462 1367 3516 circumcisio
1393 3461 1480 3515 illa
1508 3475 1618 3515 non
1648 3470 1731 3515 est
1752 3475 1871 3516 me-

270 3557 410 3621 lior;
464 3532 720 3626 quinimo
768 3556 889 3610 haec
933 3554 1051 3609 sola
1097 3553 1442 3611 circumcisio
1478 3562 1599 3609 est.
1658 3552 1871 3606 Etenim

270 3649 551 3717 quamdiu
578 3646 788 3719 quidem
808 3656 968 3717 typus
988 3644 1256 3710 manabat,
1277 3645 1468 3703 merito
1487 3642 1872 3712 comparationi

273 3741 441 3796 luam
469 3747 626 3805 erat;
654 3737 726 3799 Ut
751 3737 1156 3800 circitum'dotttr,
1190 3736 1391 3806 inquit,
1421 3735 1727 3805 prceptttium
1753 3748 1872 3787 cor-

270 3832 360 3885 dis
386 3830 556 3885 miri
583 3827 719 3898 (Jer.
743 3829 794 3884 Δ,
831 3828 908 3897 ι).
936 3827 1007 3882 ιω
1034 3835 1091 3882 et
1128 3826 1180 3880 in
1222 3825 1456 3895 Epistula
1494 3823 1563 3878 ad
1599 3823 1874 3880 Romanos

264 3926 460 3994 ipsum
494 3920 645 3977 tollit
669 3917 756 3974 his
779 3918 993 3974 verbis:
1026 3916 1147 3973 Non
1190 3918 1323 3971 enim
1366 3915 1452 3986 qui
1492 3916 1544 3968 iu
1579 3913 1871 3983 mnifesto,

258 4015 507 4075 lusimus
526 4021 629 4076 ut,
656 4026 813 4081 neque
837 4025 948 4080 qua
962 4010 1020 4065 in
1038 4009 1308 4077 mnifesto
1327 4008 1382 4061 in
1410 4022 1579 4070 carne,
1605 4005 1872 4058 circumci-

257 4109 361 4173 sio,
400 4105 505 4164 sed
521 4104 625 4176 qui
651 4104 703 4162 iis
723 4102 1012 4163 abscondito
1035 4100 1268 4164 ἰδιώτης,
1296 4108 1341 4154 et
1366 4097 1680 4157 circumcisio
1706 4096 1874 4150 cordis

254 4202 314 4255 in
356 4199 588 4269 spiritu,
622 4213 725 4251 non
762 4195 908 4249 litera
936 4193 1112 4264 (Bent.
1136 4192 1191 4246 Ξ.
1213 4192 1327 4262 28).
1357 4190 1506 4249 Nunc
1532 4206 1661 4244 vero
1697 4197 1753 4244 ct
1779 4204 1874 4244 n.0-

259 4291 421 4346 tninc
462 4290 589 4359 jam
644 4286 791 4342 illam
839 4286 1046 4356 privat,
1097 4292 1359 4353 negatque
1411 4279 1875 4336 circumcisiunctu

255 4398 408 4441 esse.
436 4380 590 4438 Nam
626 4388 787 4449 typus
804 4374 1023 4448 quidem
1044 4414 1061 4439 ,
1082 4373 1261 4429 donec
1284 4382 1505 4428 ventura
1532 4381 1615 4426 est
1636 4370 1836 4425 soritas
1855 4411 1871 4435 ,

256 4488 411 4533 rem
453 4472 543 4530 rei
592 4468 825 4535 nomine
866 4475 1119 4532 iocatur;
1163 4474 1442 4535 postquam
1487 4477 1617 4517 vero
1657 4461 1874 4516 advenit

250 4565 474 4622 stu-itaut
495 4603 516 4629 ,
560 4575 681 4619 non
712 4558 963 4630 amplius.
994 4556 1182 4615 Sistite
1210 4546 1460 4626 quiddam
1490 4553 1668 4609 evenit
1692 4552 1746 4607 in
1770 4552 1873 4606 de.

248 4656 473 4712 tinnula
501 4652 733 4723 pictura
758 4667 773 4705 :
795 4649 1091 4708 deiiacavit
1127 4647 1391 4718 quispiam
1433 4660 1612 4713 regem
1645 4660 1661 4697 :
1702 4643 1872 4697 liuea-

247 4755 454 4805 manta
486 4744 589 4804 illa
612 4741 955 4809 Montium.
983 4740 1239 4810 quamdiu
1271 4738 1661 4808 pigmentorum
1688 4734 1789 4789 ﬂos
1814 4749 1876 4789 se

242 4840 303 4903 in
332 4844 668 4909 nonapth
704 4850 814 4893 non
845 4834 968 4893 situt.
1018 4847 1202 4902 regem
1229 4847 1339 4885 nou
1377 4843 1662 4890 voramus;
1694 4836 1749 4880 at
1784 4826 1873 4880 ubi

236 4933 357 4993 istc
385 4928 559 4991 color
580 4924 861 4987 accessit.
890 4921 1209 4982 discuntur
1233 4921 1460 4974 ueritate
1489 4927 1644 4987 typus
1660 4956 1677 4982 ,
1701 4931 1877 4985 neque

237 5028 490 5093 apparet
540 5037 561 5074 :
622 5027 875 5086 tuncque
919 5013 1187 5077 dicunt».
1239 5012 1378 5068 Ecce
1423 5025 1565 5065 nunc
1618 5018 1701 5064 est
1750 5024 1873 5066 rex.

232 5113 360 5170 Nec
383 5111 571 5175 dicit.
617 5108 687 5170 lu
720 5105 883 5168 nobis
907 5105 1054 5166 enim
1080 5114 1167 5165 est
1195 5101 1562 5162 circumcisio.
1594 5099 1720 5167 sed,
1765 5098 1877 5153 Dios

231 5220 474 5273 sumus;
504 5217 583 5267 ac
612 5198 821 5264 merito
838 5195 1082 5266 quidem.
1114 5195 1227 5253 Hoc
1248 5193 1392 5248 cuitu
1428 5200 1517 5247 est
1556 5190 1737 5256 ιιοιιιο,
1769 5192 1876 5246 cir.

230 5296 525 5357 cumciaio
555 5288 764 5347 νίΐωιί
802 5301 1145 5358 commotis;
1172 5285 1278 5347 hoc
1316 5293 1400 5340 est
1432 5297 1558 5341 rere
1598 5282 1778 5338 homo.
1821 5282 1877 5337 lu

230 5389 350 5450 illis
397 5395 609 5456 autem
663 5392 775 5435 non
798 5376 939 5441 dixit
964 5376 1074 5442 sic,
1106 5378 1201 5435 sed
1223 5416 1239 5442 ,
1298 5373 1469 5433 Videte
1496 5373 1828 5433 conditionem
1860 5388 1878 5427 :

228 5481 337 5553 ipsi
360 5478 532 5541 enim
554 5471 805 5546 poethac
819 5479 1102 5533 versamur
1119 5469 1171 5526 in
1194 5468 1408 5528 interitu
1427 5483 1492 5523 ac
1510 5467 1655 5525 vitio.
1676 5468 1881 5525 Beliade

226 5570 565 5631 ostendens
596 5579 725 5625 non
750 5564 981 5634 amplius
1021 5562 1074 5620 in
1114 5577 1344 5633 corpore
1375 5561 1488 5619 ﬁeri
1516 5562 1880 5616 circumcisio.

227 5679 387 5730 nem,
422 5659 537 5727 sed
579 5662 643 5713 ita
674 5654 879 5726 forda,
908 5654 1119 5725 inquit:
1153 5652 1220 5717 Et
1246 5670 1348 5714 nn
1381 5655 1434 5706 in
1461 5667 1612 5707 carne
1640 5651 1879 5718 ﬁduciam

231 5756 503 5812 habentes
526 5766 550 5821 ;
582 5748 653 5807 Α.
684 5760 988 5818 quampiam
1011 5753 1060 5803 et
1090 5760 1188 5815 ιφ
1210 5743 1418 5805 habeam
1436 5742 1796 5811 conﬁdentiam
1824 5742 1877 5795 in

223 5851 411 5904 parnt.
438 5839 609 5915 Quid
636 5837 776 5894 dicit
791 5837 898 5895 hoc
917 5837 1059 5905 loco,
1077 5833 1468 5904 Cauﬁdentiant.
1496 5844 1569 5900 et,
1594 5832 1660 5889 1η
1682 5849 1833 5888 carne
1850 5834 1875 5884 .9

1193 421 1261 478 IN
1295 422 1508 480 EPIST.
1550 421 1642 478 AD
1679 417 1964 477 PIIILIPP.
2003 419 2155 477 CAP.
2200 420 2290 479 ili.
2330 422 2566 480 HOMIL.
2607 425 2675 482 Χ.

3463 442 3568 500 ἓῒδ

1989 533 2194 606 Nempe
2234 537 2642 607 gloriatiuncm,
2690 541 2904 611 plenam
2946 542 3214 617 ﬁdentia,
3258 558 3313 606 et
3352 566 3569 622 gravem

1988 627 2332 684 orationem:
2373 645 2439 685 ac
2482 632 2616 686 scite
2659 632 2803 689 istud
2851 633 3075 694 addidit.
3125 637 3258 701 Nam
3297 643 3342 697 si
3379 641 3568 705 fuisset

1987 714 2234 772 ethnicus
2279 727 2334 774 et
2375 731 2653 776 accusaret
2692 722 3191 795 circumcisioncm,
3242 747 3415 803 neque
3458 736 3567 790 cirs

1987 806 2370 901 cumcisiouem
2397 809 2570 901 solum
2591 852 2608 879 ,
2636 811 2733 868 sed
2762 828 2857 870 eos
2880 817 2968 886 qui
2997 818 3368 890 intempestive
3398 827 3565 901 ipsam

1986 898 2324 990 reciperent;
2352 900 2626 958 videretur
2644 916 2777 960 sane
2797 905 2917 962 ideo
2937 908 2990 963 in
3010 910 3152 966 illam
3174 911 3400 985 irruere,
3418 898 3566 990 quod

1988 989 2303 1054 nobilitatis.
2329 1008 2450 1062 qua:
2475 992 2737 1051 Judaismi
2765 1007 2881 1052 erat
2909 1002 3143 1070 propria,
3175 1019 3368 1080 expers
3392 1020 3531 1068 esset
3548 1050 3565 1075 ,

1985 1080 2127 1150 quod
2158 1082 2411 1151 [modum
2440 1085 2529 1140 illa
2556 1094 2613 1141 et
2642 1089 2937 1157 majestatis
2966 1094 3119 1161 plena
3151 1096 3438 1167 ignoraret,
3468 1118 3568 1158 ne-

1984 1188 2088 1243 que
2127 1174 2363 1243 ipsorum
2403 1185 2548 1231 esset
2578 1180 2840 1251 particeps
2873 1199 2887 1236 :
2928 1197 3068 1239 nunc
3108 1201 3234 1240 vero
3271 1189 3359 1258 qui
3403 1194 3568 1260 parti-

1984 1274 2111 1333 ceps
2136 1272 2240 1329 est,
2271 1274 2325 1320 et
2353 1267 2730 1337 reprehendit,
2763 1282 2910 1327 certe
2941 1287 3045 1328 non
3081 1276 3150 1328 ita
3179 1278 3519 1346 reprehendit
3540 1322 3562 1351 ,

1983 1360 2253 1423 tamquam
2282 1356 2328 1412 is
2354 1358 2443 1427 qui
2474 1372 2580 1414 n0u
2609 1361 2680 1415 sit
2725 1361 3019 1437 particeps,
3047 1364 3141 1419 scd
3170 1374 3438 1437 tamquam
3472 1374 3563 1441 qui

1982 1445 2459 1515 condemnavcrit,
2507 1465 2614 1506 non
2641 1467 2706 1507 ex
2733 1453 3060 1525 ignorantia,
3103 1457 3199 1515 sed
3236 1461 3467 1520 maxime
3496 1458 3563 1518 ex

1981 1539 2308 1608 cognitione.
2339 1540 2474 1598 lVide
2504 1543 2683 1613 igitur,
2714 1545 2837 1615 quid
2867 1545 3006 1601 dicat
3032 1548 3083 1602 in
3109 1549 3341 1618 Epistula
3367 1553 3435 1609 ad
3457 1554 3563 1612 Ga-

1983 1626 2151 1693 latas,
2195 1643 2315 1683 cum
2347 1630 2623 1686 incidisset
2661 1632 2713 1688 in
2758 1635 3129 1693 necessitatem
3160 1656 3348 1714 magna
3392 1645 3460 1701 de
3501 1640 3563 1703 se

1981 1714 2101 1785 ipso
2128 1716 2364 1785 dicendi,
2396 1721 2665 1791 quomodo
2693 1732 2746 1778 et
2772 1723 3121 1783 humilitatem
3151 1746 3258 1801 pra:
3292 1748 3350 1789 se
3379 1734 3514 1791 ferat
3543 1755 3557 1793 :

1979 1808 2256 1865 Audivistis
2274 1812 2426 1878 enim,
2452 1812 2641 1884 inquit,
2663 1818 3085 1883 conversationem
3108 1840 3267 1878 meum
3287 1829 3561 1897 aliquando

1977 1899 2032 1955 in
2055 1900 2326 1957 Judaismo
2349 1902 2493 1972 (Gal.
2527 1906 2578 1962 l.
2609 1908 2730 1979 l3);
2760 1920 2814 1965 et
2840 1927 3023 1967 rursus
3054 1915 3161 1983 hic,
3194 1919 3257 1975 Si
3284 1923 3396 1991 quis
3426 1925 3560 1981 alius

1977 1993 2172 2047 videtur
2201 1996 2458 2064 conﬁdere
2490 1998 2544 2053 in
2570 2015 2725 2056 carne
2743 2042 2758 2067 ,
2806 2020 2898 2075 ego
2927 2008 3124 2079 magis;
3151 2027 3214 2070 ac
3251 2016 3430 2077 statim
3457 2017 3557 2079 ad.

1973 2082 2188 2153 junxit,
2235 2084 2484 2143 Hebr-ams
2528 2105 2592 2145 ea:
2622 2089 2869 2149 Hebraeis.
2906 2095 3021 2159 Non
3054 2100 3153 2155 hoc
3196 2110 3461 2175 tamquam
3504 2107 3557 2167 id

1978 2175 2119 2246 quod
2162 2177 2263 2233 sibi
2310 2194 2404 2248 per
2444 2195 2504 2237 se
2528 2184 2861 2253 propositum
2899 2198 3062 2257 esset,
3094 2190 3243 2251 initio
3269 2194 3423 2260 dixit,
3461 2198 3556 2265 sed

1979 2276 2261 2338 postquam
2288 2268 2527 2338 dixerat,
2563 2271 2627 2328 Si
2668 2277 2781 2345 quis
2810 2274 2973 2347 alias,
3001 2281 3287 2338 ostendens
3317 2287 3553 2347 necessi-

1981 2367 2166 2451 tatem,
2194 2361 2517 2436 illorumque
2546 2381 2705 2422 causa
2736 2367 2851 2425 lucc
2877 2385 2907 2429 a
2937 2386 2997 2426 se
3025 2371 3149 2427 dici.
3173 2373 3226 2430 Si
3254 2379 3547 2451 conﬁditis,

1977 2449 2170 2521 inquit,
2202 2451 2314 2523 Ego
2339 2457 2521 2527 magis.
2554 2456 2665 2513 lluc
2695 2475 2836 2515 nunc
2861 2464 3163 2517 necessario
3191 2465 3331 2529 dico,
3358 2449 3553 2543 alioqui

1977 2544 2285 2600 tacuissem.
2318 2546 2547 2603 Attende
2573 2564 2702 2604 vt-rn
2745 2552 3015 2620 quomodo
3046 2553 3097 2607 in
3128 2557 3401 2626 arguendo
3427 2561 3555 2618 vitet

1976 2637 2181 2705 odium,
2211 2637 2338 2693 dum
2368 2655 2471 2695 non
2497 2644 2812 2697 nominatim
2844 2647 3016 2715 arguit
3036 2688 3050 2715 ,
3080 2656 3135 2704 et
3161 2648 3263 2703 illis
3290 2650 3464 2706 locum
3496 2668 3555 2712 se

1974 2728 2266 2799 recipiendi
2289 2730 2399 2785 dat.
2427 2731 2489 2786 Si
2506 2733 2616 2803 quis
2634 2735 2830 2789 videtur
2850 2738 3125 2806 conﬁdere.
3149 2738 3215 2794 Et
3235 2752 3378 2797 recte
3398 2742 3552 2815 dixit,

1984 2820 2215 2891 Videtur,
2246 2824 2332 2879 vel
2362 2825 2501 2891 quod
2531 2834 2734 2882 tantum
2769 2827 2997 2887 ﬁdentia:
3026 2847 3131 2895 non
3162 2831 3448 2901 baberent;
3471 2840 3553 2893 vel

1975 2914 2117 2984 quod
2146 2930 2269 2970 vera
2318 2915 2532 2971 ﬁdentia
2564 2933 2670 2973 non
2712 2929 2855 2979 esset
2887 2938 2900 2974 :
2932 2937 3095 2978 omne
3140 2927 3280 2979 Cllllll
3314 2928 3415 2985 hoc
3458 2945 3555 2988 ne-

1975 3006 2241 3061 cessitatis
2267 3015 2383 3061 erat
2405 3048 2420 3074 ,
2449 3023 2558 3063 non
2593 3009 2896 3069 electionis.
2936 3013 2991 3069 5.
3022 3012 3359 3072 Circumcisus
3383 3006 3555 3077 θεειωό

1976 3096 2076 3151 die.
2130 3096 2368 3155 Primum
2412 3100 2562 3168 ponit
2604 3100 2745 3171 quod
2785 3104 3017 3159 maxime
3057 3106 3341 3177 Optabant,
3384 3111 3435 3165 id
3474 3122 3558 3167 cst

1974 3189 2435 3246 circumcisionem
2459 3207 2478 3256 ε
2536 3189 2732 3247 deinde
2785 3193 2953 3261 illud,
3008 3195 3090 3249 Ea:
3141 3215 3320 3269 genere
3366 3198 3553 3260 Israel.

1974 3280 2218 3352 Utraque
2244 3281 2357 3337 haec
2381 3282 2635 3351 ostendit,
2660 3299 2835 3354 neque
2862 3289 3186 3359 proselytutn
3214 3305 3273 3344 sc
3294 3305 3433 3356 esse,
3463 3308 3558 3348 ne-

1973 3388 2081 3444 quc
2107 3389 2173 3429 ex
2203 3376 2485 3447 proselytis
2507 3376 2811 3435 oriundum.
2839 3378 2969 3433 Nam
2993 3393 3057 3433 ex
3085 3395 3171 3449 eo,
3197 3381 3337 3448 quod
3367 3393 3558 3436 octavo

1975 3463 2063 3520 die
2088 3465 2437 3520 circumcisus
2466 3466 2556 3531 sit,
2589 3466 2895 3521 ostenditur
2918 3482 3023 3520 non
3050 3482 3171 3523 esse
3192 3471 3553 3541 proselytum;

1974 3568 2038 3610 ex
2067 3569 2133 3609 eo
2158 3565 2359 3625 autem,
2382 3554 2521 3625 quod
2544 3570 2611 3610 ex
2636 3571 2832 3625 genere
2860 3556 3044 3624 Israel,
3069 3559 3367 3615 Ostenditur
3387 3578 3557 3632 neque

1974 3661 2045 3701 ex
2075 3646 2384 3718 parentibus
2412 3647 2702 3726 prosclytis
2730 3662 2851 3703 esse
2875 3658 3076 3704 ortum.
3121 3650 3323 3708 Deinde
3351 3670 3417 3709 ne
3454 3669 3556 3725 pu-

1973 3746 2057 3793 tes
2077 3781 2092 3805 ,
2129 3736 2209 3792 Ex
2229 3754 2408 3809 genere
2440 3736 2637 3806 Israel,
2668 3738 2770 3795 hoc
2798 3741 3100 3813 signiﬁcare
3129 3759 3250 3800 esse
3277 3746 3448 3816 ipsum
3489 3763 3554 3803 cx

1975 3825 2161 3883 decem
2203 3827 2474 3895 tribubus,
2505 3828 2671 3900 inquit
2699 3870 2713 3895 ,
2742 3829 2819 3883 De
2849 3830 2980 3891 tribu
3006 3829 3309 3906 Bcnjamin;
3334 3838 3556 3908 perinde

1975 3932 2038 3972 ac
2066 3918 2111 3972 si
2139 3917 2376 3987 diceret,
2422 3920 2497 3975 Ex
2527 3921 2831 3990 probatiore
2861 3934 3012 3993 parte
3037 3941 3050 3978 :
3083 3941 3205 3981 nam
3232 3943 3353 3999 qua:
3376 3944 3555 3984 sacer-

1975 4010 2158 4064 dotum
2186 4018 2359 4076 erant,
2387 4011 2439 4065 in
2467 4020 2612 4066 sorte
2636 4023 2788 4073 erant
2816 4013 2972 4083 hujus
2997 4016 3183 4069 tribus.
3221 4016 3464 4072 Hebra'ns
3494 4038 3556 4075 ex

1977 4100 2227 4156 Hebreis.
2256 4101 2390 4156 llinc
2416 4102 2649 4156 ostendit
2675 4117 2734 4156 se
2764 4119 2869 4156 nun
2897 4118 3018 4158 esse
3061 4107 3389 4177 prosclytutn
3413 4149 3428 4174 ,
3462 4112 3555 4164 scd

1975 4192 2267 4262 antiquitus
2282 4208 2344 4246 ex
2363 4192 2523 4247 claris
2538 4191 2772 4247 iudicis:
2798 4202 3007 4263 poterat
3023 4196 3166 4249 enim
3184 4199 3301 4264 quis
3316 4190 3555 4253 Israelita

1975 4295 2123 4348 esse,
2169 4271 2268 4336 nec
2313 4289 2489 4335 tamen
2524 4282 2777 4336 Hebraeus
2806 4298 2870 4336 ex
2903 4282 3143 4342 Hebreis
3175 4303 3187 4338 :
3232 4288 3383 4341 multi
3414 4289 3555 4347 enim

1973 4371 2081 4440 jam
2110 4382 2162 4425 et
2190 4387 2304 4425 rem
2327 4371 2496 4440 ipsam
2525 4380 2898 4441 corruperant,
2926 4381 2982 4427 et
3009 4373 3238 4444 linguam
3269 4393 3373 4439 non
3406 4389 3556 4435 tene-

1976 4460 2129 4528 bant,
2160 4461 2280 4514 aliis
2307 4461 2533 4543 admixti
2565 4461 2834 4531 gentibus.
2869 4461 2968 4518 Vel
2998 4461 3102 4525 ltoc
3130 4465 3311 4536 igitur,
3336 4470 3417 4523 vel
3440 4487 3558 4524 tua-

1976 4567 2134 4623 gnam
2162 4551 2490 4606 nobilitatem
2535 4552 2658 4607 hinc
2690 4552 3040 4608 demonstrat.
3068 4554 3364 4621 Secundum
3402 4559 3558 4629 legem

1982 4641 2295 4696 Pharisuus.
2326 4641 2547 4696 Accedit
2573 4641 2767 4697 deinde
2797 4642 2862 4697 ad
2889 4658 2950 4699 ea
2971 4683 2988 4711 ,
3017 4659 3137 4716 qua-
3163 4645 3231 4700 ad
3259 4646 3557 4711 institutum

1978 4750 2133 4789 suum
2162 4733 2539 4802 pertinebant:
2569 4736 2845 4804 superiora
2873 4736 3017 4793 enim
3047 4738 3226 4797 omnia
3265 4757 3369 4797 non
3406 4755 3564 4800 erant

1978 4825 2186 4882 consilii
2214 4826 2295 4881 vel
2324 4826 2621 4883 electionis.
2654 4827 2837 4906 Neque
2862 4830 3004 4885 enim
3034 4845 3189 4887 suum
3230 4848 3367 4904 opus
3404 4845 3519 4889 erat
3542 4876 3558 4901 ,

1978 4918 2350 4972 circumcisum
2373 4933 2515 4994 esse,
2544 4929 2637 4974 aut
2666 4935 2732 4975 ex
2762 4936 2960 4991 genere
2989 4920 3154 4978 Israel
3170 4963 3189 4991 ,
3217 4932 3308 4978 aut
3327 4935 3392 4978 ex
3419 4926 3558 4979 tribu

1979 5011 2279 5081 Benjamin.
2306 5011 2386 5066 Ex
2410 5010 2496 5066 bis
2521 5028 2649 5083 ergo
2680 5016 2848 5084 magis
2878 5015 3209 5080 excellebat,
3241 5015 3341 5070 etsi
3382 5015 3434 5068 in
3462 5015 3560 5080 hac

1980 5117 2039 5157 re
2065 5102 2263 5157 multos
2286 5101 2518 5158 habebat
2541 5103 2735 5158 socios.
2764 5104 2899 5172 Quid
2920 5119 3050 5175 ergo
3072 5114 3155 5160 est
3176 5104 3327 5171 illud,
3354 5103 3563 5176 Magis?

1978 5192 2139 5249 Certe
2165 5194 2220 5249 in
2251 5193 2352 5249 hoc
2381 5196 2716 5259 excellebat,
2748 5195 2891 5263 quod
2933 5212 3038 5249 non
3069 5206 3185 5249 erat
3225 5195 3558 5266 prosclytus,

1980 5286 2122 5357 quod
2151 5296 2266 5341 erat
2291 5302 2354 5341 ex
2385 5287 2755 5356 probatissima
2789 5287 2958 5351 tribu,
2992 5285 3240 5355 quodque
3267 5287 3561 5358 antiquitus

1980 5378 2035 5434 id
2072 5377 2295 5434 haberet
2323 5393 2352 5430 a
2384 5377 2672 5447 majoribus
2692 5417 2709 5445 ,
2740 5392 2857 5445 qum
2887 5376 3102 5447 quidem
3144 5392 3250 5430 non
3293 5379 3440 5433 inulti
3472 5379 3562 5433 ba-

1983 5471 2201 5526 bebaut.
2247 5470 2353 5526 Sed
2398 5468 2647 5537 quoniam
2696 5468 2808 5522 haec
2847 5468 3023 5522 omnia
3060 5467 3126 5522 ab
3165 5468 3431 5526 electione
3469 5486 3562 5524 sua

1984 5563 2201 5616 minime
2248 5559 2481 5631 profecta
2526 5559 2768 5622 fuerant,
2801 5557 3006 5613 accedit
3031 5558 3097 5613 ad
3140 5574 3201 5613 ea
3234 5574 3351 5629 qua:
3398 5557 3563 5635 ipsius

1984 5660 2141 5706 secta:
2169 5659 2292 5704 sunt
2312 5689 2326 5714 ,
2360 5648 2447 5702 ubi
2477 5646 2650 5699 elucet
2691 5645 2820 5700 illud
2842 5688 2857 5711 ,
2890 5646 3061 5719 Magis
3102 5647 3377 5702 secundum
3408 5648 3565 5719 legem

1988 5742 2306 5803 leriswus,
2342 5742 2393 5793 6.
2423 5735 2698 5791 secundum
2733 5739 3100 5793 inmutationem
3138 5754 3434 5810 persequens
3463 5737 3564 5791 Εσ-

1984 5834 2208 5888 rlesimn.
2252 5831 2412 5888 Addit
2455 5830 2585 5884 hoc.
2625 5829 2874 5891 quoniam
2919 5826 3049 5884 illud
3082 5826 3255 5881 solum
3290 5841 3393 5878 nun
3432 5825 3562 5876 salis
