4030 6204
377 394 478 450 2‘39

384 506 445 563 ’Λ
456 508 556 563 1.1”
587 505 761 562 ἅτινα
788 500 865 577 ἦν
885 523 984 576 μοι
1024 505 1222 576 κέρδη,
1252 506 1439 563 ταῦτα
1480 507 1704 580 ἥγημαι
1732 506 1831 561 διὰ
1852 505 1959 560 τὸν

382 599 642 671 Χριστὸν
674 595 903 668 ζημίαν.

449 806 520 874 γ’.
530 801 737 863 Παῦλος
751 803 850 873 μὲν
861 803 1134 859 πολιτείαν
1147 805 1319 869 οὕτως
1334 807 1807 879 ἧκριϐωμένην,ὲκ
1821 804 1964 881 πρώ-

380 910 481 963 της
508 893 1075 966 ἡλικίαςάρξαμένην,
1109 897 1377 970 τοσαύτην
1425 899 1725 967 εὐγένειαν,
1769 900 1960 954 τοσού-

380 1000 504 1046 τους
526 983 821 1050 κινδύνους,
844 984 1114 1048 τοσαύτας
1148 986 1466 1052 ἐπιϐουλὰς,
1497 990 1712 1054 πόνους,
1727 989 1961 1062 σπουδὴν

376 1072 587 1145 ἔρριψε,
615 1074 711 1129 καὶ
733 1074 938 1146 ζημίαν
996 1079 1263 1149 ἡγήσατο,
1301 1079 1564 1151 πρότερον
1594 1079 1725 1133 ὄντα
1770 1080 1957 1150 κέρδη,

375 1165 462 1218 ίνα
486 1166 717 1236 Χριστὸν
741 1165 998 1239 κερδήσῃ·
1039 1168 1198 1239 ἡμεῖς
1228 1169 1284 1224 δὲ
1306 1156 1426 1225 οὐδὲ
1465 1172 1760 1242 χρημάτων
1790 1188 1960 1226 κατα-

375 1255 721 1326 φρονοῦμεν,
776 1256 865 1310 ῖνα
927 1258 1164 1329 Χριστὸν
1198 1261 1573 1332 κερδήσωμεν,
1623 1261 1738 1315 ἀλλ’
1769 1262 1957 1333 αίρού-

377 1345 520 1414 μεθα
562 1347 765 1417 μᾶλλον
801 1351 1055 1404 ὲκπεσεῖν
1101 1351 1199 1422 τῆς
1237 1350 1535 1423 μελλούσης
1580 1352 1747 1423 ζωῆς,
1787 1353 1820 1425 ἢ
1852 1352 1959 1408 τῶν

372 1436 666 1507 παρόντων
702 1438 1065 1509 πραγμάτων·
1109 1442 1284 1495 καίτοι
1340 1458 1403 1511 γε
1430 1442 1582 1496 οὐδὲν
1634 1443 1763 1497 ἀλλο
1803 1442 1961 1498 τοῦτό

375 1530 550 1596 ἐστιν,
601 1531 635 1603 ἢ
668 1531 861 1602 ζημία.
897 1534 1032 1587 Είπὲ
1060 1534 1169 1606 γάρ
1203 1553 1315 1606 μοι,
1363 1535 1485 1590 καθ’
1517 1537 1747 1592 ἕκαστον
1769 1539 1958 1604 ἐξετά-

377 1639 564 1693 σωμεν
595 1622 701 1676 τῶν
721 1622 814 1677 τοῦ
847 1624 1077 1681 πλούτου
1106 1628 1465 1699 πραγμάτων,
1490 1631 1540 1683 εί
1572 1632 1648 1701 μὴ
1678 1628 1848 1702 ζημία
1874 1633 1959 1697 τίς

373 1715 517 1778 ἐστι,
546 1715 704 1769 πόνον
745 1715 846 1787 μὲν
866 1717 1072 1786 ἄφατον
1110 1719 1329 1789 ἔχουσα,
1374 1721 1563 1792 κέρδος
1615 1722 1670 1776 δὲ
1691 1723 1863 1777 οὐδέν.
1892 1724 1958 1777 Τί

372 1803 509 1875 γὰρ,
534 1804 655 1859 εἰπέ
683 1805 860 1877 μοι,τὺ
883 1806 1072 1876 ὄφελος
1095 1807 1203 1861 ἀπὸ
1230 1808 1341 1864 τῶν
1364 1809 1575 1864 πολλῶν
1587 1810 1697 1863 τῶν
1722 1811 1737 1862 ί
1745 1828 1855 1881 ματ
1864 1811 1958 1865 ίων

371 1896 473 1950 καὶ
506 1896 846 1963 πολυτελῶν;
872 1898 925 1951 τί
971 1898 1335 1971 ηρπούμεθα
1376 1900 1588 1972 κέρδος,
1650 1901 1778 1956 ὅταν
1817 1901 1959 1956 αὐτά

370 1981 525 2058 ὦμεν
557 1987 930 2058 περικείμενοι
956 2004 972 2054 ;
1030 1989 1218 2057 Οὐδὲν,
1252 1990 1368 2043 ἀλλ’
1396 1990 1430 2061 ἦ
1484 1989 1828 2063 ζημιούμεθα
1858 1991 1960 2063 μό-

371 2095 485 2133 νον.
512 2077 677 2145 Πῶς;
712 2078 835 2132 Ὅτι
855 2080 949 2132 καὶ.
971 2082 1000 2133 ὁ
1027 2080 1198 2151 πένης
1227 2080 1441 2145 εὐτελὲς
1472 2082 1566 2135 καὶ
1599 2082 1960 2155 ἐκτετριμμέ-

369 2184 466 2223 νον
493 2169 695 2238 φορῶν,
725 2169 784 2221 ὲν
823 2168 901 2239 τῷ
924 2168 1118 2223 θάλπει
1149 2169 1303 2223 οὐδὲν
1349 2169 1443 2223 σοῦ
1476 2173 1656 2242 χεῖρον
1696 2171 1849 2243 φέρει
1898 2172 1961 2226 τὸ

367 2258 592 2329 καῦμα*
630 2258 830 2328 μᾶλλον
865 2259 924 2312 δὲ
972 2260 1177 2323 ἑκεῖνος
1206 2259 1588 2332 εὐκολώτερον⁸
1621 2262 1690 2316 τὰ
1717 2263 1825 2334 γὰρ
1864 2264 1956 2317 ὲκ-

369 2348 718 2419 τετριμμένα
751 2347 861 2402 τῶν
885 2348 1114 2419 ἱματίων
1151 2349 1247 2402 καὶ
1269 2350 1407 2420 μόνα
1426 2351 1800 2422 περικείμενα,
1825 2352 1959 2423 μᾶλ-

368 2438 468 2491 λον
500 2438 683 2506 ἀνίησι
726 2437 790 2490 τὺ
841 2436 1020 2507 σῶμαο
1060 2439 1128 2493 τά
1178 2438 1237 2491 δὲ
1285 2439 1810 2506 νεοκατασκεύαστα,
1856 2441 1959 2495 κᾶν

365 2523 625 2599 ἀράχνης
646 2522 1013 2600 ᾗλεπτότερα,
1038 2528 1136 2599 οὐχ
1165 2529 1385 2598 ὁμοίως.
1413 2530 1532 2584 Kak
1549 2531 1612 2585 σύ
1637 2532 1735 2601 μὲν
1758 2530 1847 2585 διά
1867 2531 1958 2585 τὸν

372 2619 555 2687 τῦφον
596 2617 686 2670 τὸν
711 2616 968 2688 περιττὸν
994 2617 1087 2670 καὶ
1123 2619 1476 2688 χιτωνίσκους
1514 2619 1626 2686 δύο,
1652 2622 1743 2675 καὶ
1783 2623 1954 2694 τρεῖς,

364 2706 634 2768 πολλάκις
652 2708 745 2760 καὶ
759 2706 979 2777 χλανίδα
1000 2707 1093 2760 καὶ
1113 2706 1311 2775 ζώνην,
1334 2710 1427 2763 καὶ
1448 2710 1770 2782 ἀναξυρίδας
1790 2712 1953 2783 έχειςο

362 2798 567 2868 ἐκείνῳ
592 2797 648 2851 δὲ
675 2797 850 2863 οὐδεὶς
867 2797 1088 2866 ἐγκαλεῖ
1118 2799 1213 2851 ἕνα
1247 2802 1611 2873 περικειμένῳ
1638 2804 1955 2873 χιτωνίσκον

368 2889 558 2958 μόνον’
590 2887 730 2942 ὥστε
759 2887 1123 2959 εὐκολώτερον
1153 2890 1307 2961 φέρει
1335 2891 1395 2944 τὸ
1423 2891 1629 2963 καῦμα.
1672 2894 1804 2948 Ἀπὸ
1830 2895 1957 2948 τού-

362 2996 469 3032 του
497 2980 626 3043 τοῦς
674 2981 772 3051 μὲν
800 2981 1163 3044 πλουτοῦντας
1187 2982 1401 3054 ὁρῶμεν
1433 2984 1730 3056 ίδροῦντας,
1752 2988 1877 3050 τούς
1896 2987 1955 3041 δὲ

367 3070 616 3141 πένητας
653 3070 805 3124 οὐδὲν
849 3070 1051 3126 τούτων
1093 3074 1423 3145 πάσχοντας.
1479 3076 1647 3130 Ὅταν
1684 3072 1777 3131 οὖν
1805 3077 1954 3149 αὐτῷ

366 3164 475 3232 τὴν
497 3162 687 3232 αὐτὴν,
716 3163 749 3233 ἢ
780 3164 874 3217 καὶ
906 3164 1189 3234 κρείττονα
1214 3168 1522 3239 παρέχηται
1551 3169 1739 3241 χρείαν
1758 3170 1827 3225 τά
1865 3173 1954 3225 εὐ-

363 3253 506 3324 τελῆ
541 3253 731 3323 ἱμάτια
759 3255 967 3310 καὶτοῦ
1014 3257 1244 3329 μηδενὸς
1283 3258 1631 3330 πωλούμενα,
1666 3263 1853 3317 ἐκεῖνα
1896 3262 1955 3316 δὲ

360 3341 442 3395 τά
472 3341 606 3395 πολὺ
641 3344 997 3399 καταϐάλλειν
1054 3345 1432 3416 ἀναγκάζοντα
1460 3351 1681 3421 χρυσίον
1708 3351 1771 3405 τὸ
1822 3352 1953 3405 αὐτὸ

363 3437 541 3511 ποιῇ,
558 3435 679 3505 οὐχὶ
711 3436 885 3506 ζημία
909 3438 971 3490 τὸ
998 3437 1134 3490 πολύ
1164 3439 1447 3510 περιττόν;
1480 3441 1645 3495 Οὐδὲν
1668 3440 1777 3513 γὰρ
1792 3441 1951 3496 πλέον

362 3525 659 3596 εἰσήνεγκε
683 3528 824 3582 κατά
866 3529 960 3583 τὸν
977 3530 1076 3601 τῆς
1119 3532 1306 3603 χρείας
1326 3532 1481 3601 λόγον
1513 3534 1609 3587 καὶ
1648 3533 1748 3603 τῆς
1770 3534 1951 3588 διακο-

362 3617 517 3682 νίας,
548 3619 683 3672 ἀλλὰ
713 3619 873 3675 πλέον
903 3623 1002 3692 μὲν
1027 3624 1248 3693 χρυσίον
1268 3625 1565 3681 κεκένωται
1600 3643 1703 3691 σοι,
1736 3628 1834 3698 τὴν
1856 3629 1953 3681 αὐ-

365 3706 479 3777 τὴν
511 3707 567 3760 δὲ
597 3708 788 3779 χρείαν
810 3711 908 3765 καὶ
936 3712 1237 3784 ὑπηρεσίαν
1259 3714 1394 3786 ἔχει·
1432 3716 1497 3769 σὺ
1526 3716 1624 3785 μὲν
1648 3716 1678 3768 ό
1708 3716 1952 3772 πλουτῶν

363 3797 661 3868 ἠγόρασας
693 3800 929 3871 χρυσίων
974 3803 1160 3857 ἑκατὸν
1195 3805 1374 3875 τυχὸν,
1406 3804 1440 3876 ἢ
1473 3805 1567 3858 καὶ
1612 3805 1890 3873 πλειόνων,
1925 3808 1952 3859 ὁ

357 3890 423 3942 δὲ
450 3889 626 3959 πένης
657 3891 919 3962 ἀργυρίου
946 3892 1142 3961 ὀλίγου.
1168 3890 1318 3961 Εἶδες
1347 3896 1444 3968 τὴν
1478 3896 1680 3967 ζημίαν
1702 3915 1717 3965 ;
1760 3898 1898 3951 Ἀλλ’
1922 3901 1951 3954 ό

352 3979 543 4048 τῦφος
574 3981 677 4034 οὐκ
692 3981 915 4053 ἀφίησιν
942 3982 1084 4038 ἰδεῖν.
1110 3986 1405 4040 Βούλεικαὶ
1435 3988 1528 4040 ἐπὶ
1553 3988 1660 4041 τῶν
1689 3991 1949 4060 χρυσίων,

350 4066 440 4125 ὧν
466 4071 566 4125 καὶ
594 4075 710 4135 τοῖς
740 4072 926 4136 ἵπποις
949 4076 1042 4128 καὶ
1068 4079 1185 4140 ταῖς
1205 4077 1420 4144 γυναιξὶ
1448 4077 1953 4150 περιτιθέασι,τοῦ-

350 4180 454 4216 τον
479 4162 831 4236 ἐξετάσωμεν
861 4166 951 4221 τὸν
981 4166 1174 4236 λόγον;
1200 4170 1354 4223 Μετά
1382 4172 1492 4243 γὰρ
1515 4171 1621 4225 τῶν
1655 4172 1825 4228 ἄλλων
1862 4174 1953 4227 καὶ

352 4256 632 4326 ἀνοήτους
652 4259 799 4309 ποιεῖ
826 4257 885 4310 τὸ
909 4257 1180 4314 πλουτεῖν.
1214 4261 1325 4330 Τῆς
1344 4263 1453 4333 γὰρ
1486 4264 1654 4334 αὐτῆς
1673 4265 1836 4335 τιμῆς
1856 4267 1954 4330 τάς

350 4364 419 4400 τε
466 4350 738 4415 γυναῖκας
763 4347 974 4413 ἀξιοῦσι
1002 4351 1095 4404 καὶ
1129 4353 1253 4416 τοὺς
1276 4353 1496 4417 ἵππους,
1526 4357 1620 4409 καὶ
1649 4352 1729 4418 εἷς
1760 4360 1789 4411 ὁ
1821 4357 1953 4412 καλ-

352 4436 651 4507 λωπισμὸς
675 4436 827 4510 [279]
859 4440 1209 4513 ἀμφοτέρων⁸
1254 4445 1348 4497 καῖ¹
1375 4445 1482 4498 ἀπὸ
1499 4445 1605 4501 τῶν
1627 4450 1804 4503 αὐτῶν
1829 4450 1952 4522 βού-

352 4527 556 4615 λονται
578 4528 859 4595 φαίνεσθαι
881 4530 1279 4604 λαμπρότεραι,
1308 4536 1400 4603 ἀφ’
1440 4531 1514 4591 ὧν
1547 4543 1641 4593 καὶ
1666 4543 1734 4594 τὰ
1762 4542 1951 4615 ζεύγη,

353 4617 465 4684 ἀφ’
508 4609 588 4668 ὧν
617 4618 711 4670 καὶ
736 4619 805 4673 τά
848 4621 1094 4693 δέρματα
1118 4624 1227 4677 τῶν
1252 4629 1791 4700 παραπετασμάτων,
1827 4609 1956 4688 ἔνθα

352 4708 658 4776 φέρονται.

425 4940 619 5008 Εἰπὲ,
649 4942 704 4996 τί
748 4944 809 4998 τὸ
846 4945 1055 5018 κέρδος.
1122 4950 1344 5021 ἡμίονον
1394 4952 1425 5023 ἢ
1458 4952 1622 5006 ἵππον
1657 4953 1734 5023 τῷ
1773 4956 1957 5027 χρυσῷ

342 5034 875 5104 κατακοσμεῖσθαι;
910 5039 943 5109 ὴ
973 5038 1029 5091 δὲ
1072 5041 1211 5112 γυνὴ
1241 5042 1494 5096 τοσοῦτον
1519 5044 1681 5112 ὄγκον
1730 5034 1955 5116 χρυσίου

338 5124 736 5198 περικειμένη
786 5129 879 5182 καὶ
909 5130 1092 5194 λίθων,
1130 5135 1183 5186 τί
1209 5134 1270 5187 τὺ
1313 5135 1469 5187 πλέον
1498 5135 1645 5206 Elea;
1690 5138 1826 5190 Ἀλλ’
1858 5141 1957 5192 οὐκ

338 5215 688 5288 ἐκτρίϐεται
712 5217 780 5270 τά
819 5220 1039 5289 χρυσία,
1066 5224 1217 5294 φησί.
1248 5225 1499 5279 Μάλιστα
1534 5226 1632 5296 μὲν
1662 5228 1757 5282 καὶ
1802 5229 1958 5283 τοῦτο

333 5312 607 5380 πάσχειν
640 5311 805 5377 φασὶν
835 5312 885 5362 οί
907 5314 1034 5384 περὶ
1066 5316 1237 5370 ταῦτα
1259 5317 1442 5386 δεινοὶ,
1472 5318 1553 5372 ὃτι
1574 5320 1632 5372 έν
1661 5319 1956 5389 βαλανείοις

333 5405 441 5458 καὶ
498 5402 786 5471 πολλαχοῦ
819 5403 913 5456 καὶ
943 5405 1079 5459 λίθοι
1109 5410 1203 5461 καὶ
1233 5412 1429 5481 χρυσία
1477 5413 1611 5467 πολὺ
1658 5413 1759 5483 τῆς
1792 5416 1957 5486 τιμῆς

329 5494 689 5551 ἀποτίθεται
753 5493 891 5564 πλὴν
937 5496 1052 5549 ἀλλ’
1095 5498 1234 5552 ἔστω
1263 5502 1438 5568 τοῦτο,
1484 5505 1578 5557 καλ¹
1609 5504 1776 5577 μηδὲν
1825 5505 1954 5576 βλα-

328 5587 610 5641 πτέσθω·
645 5583 700 5637 τί
723 5585 787 5637 τὸ
807 5585 1019 5657 κέρδος,
1051 5589 1172 5641 είπέ
1209 5609 1332 5660 μοι;
1368 5592 1418 5645 τί
1453 5593 1509 5646 δέ
1538 5614 1552 5660 ;
1601 5597 1727 5649 ὅταν
1750 5597 1956 5669 ἐκπέσῃ

330 5680 438 5733 καὶ
486 5674 803 5743 ἀπόληται,
843 5678 963 5748 οὐχὶ
995 5678 1199 5748 ζημία;
1241 5682 1293 5733 τί
1319 5684 1373 5734 δέ
1406 5699 1420 5747 ;
1447 5685 1572 5737 ὅταν
1601 5686 1794 5755 φθόνον
1834 5689 1955 5740 ἐπι-

332 5766 771 5841 σπάσηταικαὶ
820 5768 1129 5841 ἐπιϐουλὴν,
1179 5773 1298 5841 οὐχί
1358 5774 1565 5844 ζημίας
1627 5780 1793 5833 Ὅταν
1847 5782 1954 5851 γὰρ

1302 387 1368 443 IN
1410 384 1627 448 EPIST‘.
1661 385 1750 440 AD
1787 382 2075 443 PIIILIPP.
2116 382 2268 440 CAP.
2312 382 2396 441 Ill.
2435 385 2671 444 IIOMIL.
2702 384 2773 443 Χ.

3527 393 3634 447 εοο

2065 504 2245 579 ὠφελῇ
2276 508 2376 579 μὲν
2407 508 2576 581 μηδὲν
2599 510 2698 582 τὴν
2723 509 3133 581 περικειμένην,
3172 508 3370 583 ἑκκαίῃ
3416 507 3474 562 δὲ
3504 512 3630 573 τούς

2061 598 2168 652 τῶν
2203 599 2476 672 φθονερῶν
2500 601 2834 673 ὀφθαλμοὺς,
2872 602 2967 655 καὶ
3001 602 3128 666 τοὺς
3150 600 3353 675 λῃστὰς
3388 600 3627 673 διεγείρῃ

2065 686 2288 761 μᾶλλον,
2334 693 2455 762 οὐχὶ
2481 693 2656 763 ζημία
2681 693 2924 762 γίνεται;
2982 694 3049 747 Τί
3073 692 3151 759 δὲ,
3190 692 3311 746 είπέ
3344 708 3433 764 μοι
3460 709 3476 758 ;
3504 691 3631 744 ὅταν

2061 781 2180 846 ἔξὺν
2202 782 2280 853 τῷ
2299 782 2451 852 ἀνδρὶ
2479 784 2788 855 χρήσασθαι
2820 783 3029 848 τούτοις
3071 786 3151 848 είς
3182 786 3414 856 πρᾶγμα
3446 780 3637 853 κέρδος

2062 869 2248 941 φέρον,
2280 871 2355 943 μὴ
2387 872 2609 945 δύνηται
2644 873 2701 928 δὲ
2737 873 2823 928 διά
2867 875 2967 945 τὴν
2999 875 3098 946 τῆς
3124 875 3381 943 γυναικὸς
3412 872 3640 927 πολυτέ-

2059 959 2229 1027 λειαν,
2267 961 2382 1015 ἀλλ’
2420 965 2796 1037 ἀναγκάζηται
2845 965 3138 1037 λιμώττειν
3163 967 3255 1021 καὶ
3287 967 3638 1037 στενοχωρεῖ-

2062 1050 2207 1117 σθαι,
2244 1055 2503 1127 κάκείνην
2541 1058 2675 1128 όρᾷν
2700 1058 3163 1130 χρυσοφοροῦσαν,
3189 1058 3310 1129 οὐχὶ
3354 1057 3527 1129 ζημία
3573 1056 3639 1111 τὸ

2061 1146 2327 1216 πρᾶγμα;
2379 1148 2652 1220 Χρήματα
2676 1149 2785 1221 γάρ
2808 1150 2899 1205 διὰ
2944 1150 3104 1205 τοῦτο
3135 1150 3373 1222 είρηται,
3405 1151 3502 1222 οὐχ
3552 1149 3640 1206 ῐνα

2061 1234 2206 1289 οὕτω
2227 1236 2491 1310 χρώμεθα
2510 1240 2717 1305 αὐτοῖς,
2739 1239 2991 1312 καθάπερ
3007 1242 3064 1295 αι
3092 1240 3368 1312 προθῆκαι
3391 1241 3500 1295 τῶν
3516 1258 3642 1313 χρυ-

2062 1327 2282 1399 σοχόων,
2332 1329 2445 1383 ἀλλ’
2478 1332 2565 1387 ίνα
2612 1333 2976 1405 ἑργαζὼμεθά
3008 1350 3061 1386 τι
3113 1332 3277 1387 καλὸν
3323 1334 3382 1386 ὲν
3432 1334 3636 1396 αὐτοῖς.

2060 1419 2227 1474 Ὅταν
2252 1419 2345 1475 οὐν
2381 1425 2410 1477 ό
2454 1423 2549 1477 τοῦ
2578 1423 2778 1496 χρυσοῦ
2808 1425 2973 1488 πόθος
3018 1424 3093 1496 μὴ
3122 1425 3258 1495 ἀφῇ,
3295 1425 3415 1496 οὐχὶ
3464 1423 3640 1495 ζημία

2058 1512 2175 1566 έστὶ
2217 1512 2280 1567 τὸ
2316 1516 2457 1582 adv;
2506 1516 2563 1570 '0
2592 1517 2701 1588 γάρ
2761 1516 2836 1588 μὴ
2864 1516 3077 1587 τολμῶν
3102 1517 3286 1580 αὐτοῖς
3332 1515 3641 1589 χρήσασθαι

2057 1605 2247 1672 ὥσπερ
2284 1603 2607 1677 ἀλλοτρίοις,
2639 1606 2699 1659 οὐ
2741 1606 3026 1679 κέχρηται,
3083 1608 3177 1661 καὶ
3227 1607 3327 1662 οὐκ
3353 1606 3467 1661 ἔστι
3499 1607 3637 1679 χρῆ-

2059 1708 2144 1755 σις
2168 1693 2432 1765 οὐδαμοῦ.
2449 1695 2515 1749 Τί
2541 1695 2621 1757 δὲ.
2649 1696 2776 1750 ὅταν
2795 1696 2972 1762 οίκίας
2988 1697 3359 1769 οίκοδομῶμεν
3376 1695 3638 1769 λαμπράς

2062 1784 2154 1835 καὶ
2200 1784 2465 1855 μεγάλας,
2502 1787 2598 1841 καὶ
2644 1787 2788 1841 κίοσι
2822 1787 2919 1841 καὶ
2970 1789 3286 1861 μαρμάροις
3322 1790 3416 1844 καὶ
3456 1790 3639 1850 στοαῖς

2060 1872 2153 1926 καὶ
2186 1874 2511 1945 περιπάτοις
2534 1875 2738 1941 ταύτας
2765 1878 3225 1951 κατακοσμῶμεν,
3269 1878 3463 1933 εἴδωλα
3502 1896 3640 1932 παν-

2056 1962 2221 2033 ταχοῦ
2244 1964 2338 2018 καὶ
2375 1961 2537 2029 ξόανα
2572 1966 2856 2033 ίστῶντες;
2905 1967 3099 2023 Πολλοὶ
3123 1967 3222 2040 μὲν
3258 1965 3351 2023 οῦν
3392 1969 3500 2022 ἀπὸ
3516 1966 3639 2022 τού-

2057 2071 2166 2108 των
2188 2057 2279 2110 καλ⁵
2317 2056 2579 2128 δαίμονας
2607 2059 2852 2114 καλοῦσι’
2891 2060 3030 2131 πλὴν
3059 2060 3197 2115 ἀλλά
3228 2060 3302 2132 μὴ
3334 2060 3505 2116 ταῦτα
3550 2060 3639 2127 ἑξ-

2058 2147 2359 2217 ετάσωμεν.
2399 2148 2466 2202 Τί
2499 2148 2748 2220 βούλεται
2799 2152 2893 2205 καὶ
2921 2153 2949 2205 ὀ
2982 2151 3218 2224 χρυσοῦς
3247 2152 3470 2223 ϐροφοςς
3516 2150 3639 2222 οὐχὶ

2057 2237 2156 2308 τὴν
2182 2236 2351 2308 αὐτὴν
2401 2238 2480 2310 τῷ
2516 2239 2655 2311 μετά
2688 2243 3030 2315 συμμετρίας
3062 2243 3241 2297 οίκίαν
3278 2242 3454 2314 ἔχοντι
3497 2259 3641 2313 παρ-

2058 2329 2239 2400 έχεται
2270 2329 2369 2400 τὴν
2394 2330 2625 2401 χρῆσιν;
2662 2331 2803 2384 Ἀλλ’
2833 2332 2966 2403 ἔχει,
2997 2333 3155 2403 φησὶ,
3181 2332 3368 2405 τέρψιν
3414 2331 3632 2403 πολλὴν.

2070 2418 2228 2473 Ἀλλὰ
2255 2420 2450 2491 μέχρις
2500 2419 2717 2493 ἡμέρας
2748 2424 2879 2491 μιᾶς
2907 2424 3002 2477 καὶ
3044 2422 3325 2493 δευτέρας,
3349 2422 3532 2476 λοιπὸν
3580 2422 3639 2475 δὲ

2055 2509 2257 2566 οὐκέτι.
2291 2512 2353 2564 Εἰ
2382 2510 2490 2581 γὰρ
2524 2513 2552 2564 ὁ
2575 2511 2726 2581 ἥλιος
2763 2513 2911 2583 ἡμᾶς
2934 2514 3035 2567 οὐκ
3066 2512 3357 2584 ἐκπλήττει
3382 2512 3470 2567 διά
3498 2512 3558 2565 τὸ
3581 2514 3641 2565 έν

2058 2599 2315 2671 συνηθείᾳ
2358 2596 2518 2665 εἶναι,
2548 2599 2728 2671 πολλῷ
2758 2601 2959 2671 μᾶλλον
2982 2601 3051 2655 τὰ
3105 2601 3240 2672 ἔργα
3272 2603 3371 2671 τῆς
3420 2601 3635 2671 τέχνης·

2057 2689 2171 2744 ἀλλ’
2200 2691 2400 2760 ὁμοίιος
2442 2693 2555 2754 τοῖς
2606 2691 2875 2764 πηλίνοις,
2928 2694 3113 2757 αὐτοῖς
3159 2693 3522 2764 προσέχομεν,
3571 2692 3637 2745 Τί

2056 2779 2185 2850 γὰρ,
2220 2781 2341 2834 εἰπέ
2374 2797 2485 2850 μοι,
2541 2782 2620 2844 είς
2664 2781 2895 2854 ἀρίστην
2933 2783 3146 2853 οἴκησιν
3201 2782 3395 2836 κιόνων
3435 2782 3639 2852 πλῆθος

2054 2870 2151 2922 καὶ
2181 2870 2383 2937 ξοάνων
2412 2868 2583 2942 κάλλη
2618 2872 2717 2926 καὶ
2752 2873 2956 2943 χρυσὸς
2991 2876 3105 2937 τοῖς
3144 2874 3347 2945 τοίχοις
3379 2873 3638 2947 διεσπαρ-

2059 2957 2219 3027 μένος
2278 2958 2644 3029 συμϐάλλεται
2671 2972 2734 3026 ις
2796 2962 2998 3026 Οὐδὲν,
3048 2961 3185 3015 άλλά
3232 2963 3488 3032 βλακείας
3541 2964 3637 3016 καὶ

2056 3048 2267 3120 ὕϐρεως
2306 3052 2399 3103 καὶ
2426 3050 2595 3120 τύφου
2622 3051 2879 3123 περιττοῦ
2908 3053 3003 3108 καὶ
3045 3053 3230 3118 ἀνοίας
3253 3054 3389 3109 ὲστί.
3427 3056 3639 3108 Παντα-

2056 3139 2153 3211 χοῦ
2176 3140 2402 3210 δὲήμᾶς
2429 3140 2541 3196 τῶν
2566 3142 2883 3211 ἀναγκαίων
2929 3141 3072 3197 εἶναι
3125 3144 3231 3216 χρὴ
3285 3147 3378 3199 καὶ
3423 3145 3530 3199 τῶν
3582 3149 3641 3199 ὲν

2056 3231 2235 3304 χρείᾳ,
2262 3234 2323 3286 οὐ
2351 3233 2463 3287 τῶν
2496 3234 2787 3308 περιττῶν.

2122 3431 2186 3486 δ’.
2204 3431 2366 3501 Ὁρᾷς
2376 3432 2640 3504 ὅτιζημία
2660 3431 2721 3486 τὸ
2744 3435 2999 3505 πρᾶγμας
3018 3431 3152 3505 δρᾷς
3169 3432 3251 3487 ὅτι
3271 3433 3527 3506 περιττὸν
3547 3437 3641 3491 καὶ

2053 3520 2312 3591 ἀνόνητόν
2338 3524 2521 3588 ὲστιν;
2559 3524 2622 3576 El
2644 3523 2751 3595 γάρ
2771 3526 2908 3596 μήτε
2930 3523 3122 3595 χρείαν
3144 3523 3374 3596 παρέχει
3396 3524 3638 3593 πλείονα,

2057 3614 2197 3684 μήτε
2222 3611 2413 3683 τέρψιν
2438 3612 2772 3687 (προσκορὴς
2810 3617 2921 3688 γὰρ
2944 3615 3023 3687 τῷ
3044 3616 3223 3688 χρόνῳ
3262 3616 3519 3688 γίνεται),
3548 3619 3641 3671 οὐ-

2052 3702 2139 3757 δὲν
2196 3703 2380 3776 ἕτερόν
2427 3705 2575 3759 ἐστιν
2617 3705 2651 3778 ἢ
2694 3704 2889 3777 ζημία.
2935 3707 3076 3761 Ἀλλ’
3117 3707 3218 3762 οὐκ
3256 3708 3450 3780 ἀφίησι
3482 3707 3641 3762 τοῦτο

2052 3794 2184 3865 ὁρᾷν
2212 3796 2245 3864 ἡ
2275 3793 2552 3861 κενοδοξία
2585 3797 2894 3853 κιυλύουσα.
2915 3795 3047 3853 Εἶτα
3074 3801 3104 3853 ὁ
3133 3799 3233 3872 μὲν
3261 3801 3469 3867 Παῦλος
3494 3801 3639 3873 άπερ

2053 3885 2302 3956 ἐνόμιζεν
2334 3886 2485 3962 [280]
2539 3886 2678 3944 εἶναι
2706 3891 2895 3963 κέρδη,
2927 3892 3097 3947 ταῦτα
3152 3893 3355 3948 εἴασεν·
3394 3896 3554 3967 ἡμεῖς
3583 3895 3639 3949 δὲ

2053 3974 2171 4028 οὐδὲ
2219 3975 2318 4047 τὴν
2377 3975 2581 4049 ζημίαν
2628 3980 2856 4051 ἀφῶμεν
2905 3981 2995 4035 διά
3032 3982 3124 4036 τὸν
3152 3984 3417 4053 Χριστόν;
3461 3986 3638 4055 Μέχρι

2055 4065 2184 4118 πότε
2233 4071 2299 4138 τῇ
2326 4070 2395 4140 γῇ
2424 4068 2863 4140 προσηλώμεθας
2897 4072 3060 4141 μέχρι
3096 4073 3244 4135 τίνος
3274 4074 3374 4126 οὐκ
3404 4074 3637 4127 ἀναϐλέ-

2053 4173 2226 4228 πομεν
2246 4161 2325 4222 είς
2351 4162 2440 4213 τὸν
2464 4160 2726 4230 οὐρανόν;
2759 4162 2871 4229 υύχ
2899 4163 3061 4232 ὁρᾶτε
3090 4162 3215 4222 τοὺς
3235 4166 3630 4235 γεγηρακότας,

2053 4247 2169 4312 πῶς
2191 4248 2443 4318 οὐδεμίαν
2459 4249 2566 4304 τῶν
2589 4250 2967 4321 παρελθόντων
2992 4250 3205 4321 ἔχουσιν
3228 4253 3480 4324 αἴσθησιν
3499 4271 3515 4321 ;
3540 4256 3637 4327 οὐχ

2052 4340 2216 4408 ὁρᾶτε
2248 4341 2375 4402 τοὺς
2405 4338 2791 4406 τελευτῶντας,
2821 4342 2946 4403 τοὺς
2988 4342 3046 4393 ὲν
3088 4343 3256 4414 γήρα,
3287 4346 3414 4409 τοὺς
3435 4346 3492 4399 ὲν
3521 4347 3637 4399 νεό-

1999 4433 2020 4443 '
2053 4444 2207 4498 τητι;
2231 4428 2330 4499 οὐχ
2362 4429 2524 4498 ὁρᾶτε
2547 4431 2672 4494 τοὺς
2701 4432 2760 4484 ὲν
2796 4429 2872 4501 τῷ
2900 4429 3000 4502 ζῇν
3033 4432 3512 4505 ἀπεστερημένους
3534 4439 3635 4490 αὐ-

2055 4519 2162 4573 τῶν
2182 4537 2195 4586 ;
2218 4520 2283 4573 Τί
2308 4522 2419 4584 τοῖς
2455 4520 2711 4586 ἀστάτοις
2739 4522 3232 4595 προστετήκαμενς
3267 4524 3320 4577 τί
3352 4526 3638 4597 προσδεδέ-

2058 4610 2199 4680 μεθα
2224 4613 2333 4673 τοῖς
2372 4610 2686 4676 ἀϐεϐαίοιςς
2743 4612 2904 4685 μέχρι
2941 4613 3086 4679 τίνος
3118 4614 3217 4669 οὐκ
3246 4616 3637 4688 ἀντιλαμϐανό-

2061 4702 2198 4773 μεθα
2226 4703 2334 4756 τῶν
2370 4703 2671 4772 μενόντων;
2710 4704 2754 4756 Τ
2761 4705 2778 4757 ί
2801 4706 2902 4760 οὐκ
2929 4706 2995 4760 ἂν
3026 4707 3231 4764 ἔδωκαν
3260 4711 3309 4765 οί
3357 4712 3632 4785 γέροντες,

2056 4795 2109 4847 εί
2125 4811 2187 4862 γε
2207 4794 2331 4864 ὲνῆν
2353 4793 2615 4858 ἀποξέσαι
2640 4795 2701 4850 τὸ
2724 4796 2933 4867 γῆρας;
2974 4796 3106 4853 Εἶτα
3139 4802 3311 4872 πόσης
3352 4805 3451 4858 οὐκ
3488 4805 3634 4860 ἔστιν

2057 4887 2299 4955 ἀλογίας,
2325 4886 2605 4957 βούλεσθαι
2633 4889 2732 4960 μὲν
2753 4890 2845 4943 ἐπὶ
2872 4891 2970 4961 τὴν
2992 4893 3216 4965 νεότητα
3240 4896 3338 4966 τὴν
3364 4898 3635 4968 προτέραν

2059 4978 2392 5044 ἐπανελθεῖν,
2423 4979 2516 5033 καὶ
2567 4980 2744 5034 πάντα
2773 4982 3011 5045 εὐκόλως
3043 4983 3107 5036 ἂν
3144 4986 3281 5054 ὑπὲρ
3302 4986 3491 5039 τούτου
3517 4987 3634 5041 δοῦ-

2057 5084 2166 5133 ναι,
2188 5069 2330 5122 ὥστε
2357 5070 2615 5137 γενέσθαι
2663 5070 2946 5142 νεώτερον,
3001 5073 3175 5142 παρὸν
3208 5074 3263 5125 δὲ
3293 5076 3515 5144 νεότητα
3541 5078 3634 5130 λα-

2059 5158 2171 5212 ϐεῖν
2196 5160 2449 5213 οὐδέποτε
2482 5162 2657 5231 γῆρας
2689 5161 2919 5231 ἔχουσαν
2947 5164 3040 5215 καὶ
3056 5163 3281 5232 νεότητα
3314 5167 3450 5234 μετά
3474 5168 3635 5220 πλού-

2057 5266 2148 5304 του
2182 5250 2376 5304 πολλοῦ
2400 5251 2534 5304 πολὺ
2563 5252 3103 5319 πνευματικωτέραν,
3128 5254 3260 5323 μηδὲ
3290 5257 3483 5326 μικρὸν
3511 5259 3633 5328 βοά-

2058 5339 2541 5412 λεσθαιπροέσθαι,
2564 5339 2701 5391 ἀλλά
2727 5340 2978 5408 κατέχειν
2997 5341 3065 5392 τά
3092 5342 3253 5412 μηδὲν
3271 5344 3349 5407 εἰς
3380 5346 3438 5398 τὸ
3462 5349 3633 5418 παρὸν

2057 5430 2402 5499 ὠφελοῦντα;
2434 5429 2677 5484 Θανάτου
2712 5446 2770 5481 σε
2799 5429 3075 5493 ἐξελέσθαι
3122 5434 3179 5486 οὐ
3208 5434 3450 5502 δύναται,
3481 5439 3633 5493 νόσον

2121 5798 2144 5826 a
2172 5783 2394 5845 C0islin.,
2421 5787 2520 5834 εἷπέ
2545 5803 2642 5849 μοι,
2663 5787 2708 5835 τί
2734 5789 3070 5853 mammam;
3097 5799 3200 5844 elc.
