4030 6204
390 332 498 388 961

402 454 735 512 Iuventatem
778 440 991 507 redire,
1041 427 1201 510 atque
1253 438 1410 509 hujus
1459 437 1533 492 rei
1585 436 1976 517 consequenda:

374 513 565 592 icausa
597 534 749 590 facile
778 532 954 587 omnia
983 530 1151 594 dare;
1183 545 1305 584 cum
1352 542 1480 583 vero
1526 513 1685 581 liceat
1723 528 1981 596 consequi

398 629 766 698 iuventutem,
793 624 875 678 cui
910 636 1012 676 non
1041 620 1293 676 succedat
1330 627 1617 684 senectus,
1645 617 1979 686 juventutem

405 719 584 774 mulzis
606 733 725 773 cum
752 717 951 771 divitiis
977 713 1314 783 conjunctant
1339 708 1615 781 multoque
1639 709 1977 773 vivaciorem,

406 825 506 865 nec
544 809 758 878 paulum
801 806 1054 877 quiddam
1107 804 1249 860 velle
1278 803 1443 870 dare,
1489 801 1582 856 sed
1615 816 1676 857 ea
1708 801 1980 866 retinere,

403 917 523 971 qua:
570 900 727 954 etiam
783 899 835 952 in
876 896 1127 968 prmsenti
1180 895 1310 951 nihil
1364 892 1623 965 prosunt?
1681 891 1759 945 Ex
1814 900 1986 945 morte

402 993 652 1048 eximere.
682 1001 734 1046 te
764 1005 869 1044 non
900 998 1158 1060 possunt,
1212 1002 1316 1042 non
1349 985 1593 1041 morbum
1626 982 1940 1055 propulsare
1967 1021 1983 1047 ,

403 1102 506 1141 non
543 1084 830 1156 prohibere
857 1091 1186 1137 senectutem
1210 1120 1227 1147 ,
1257 1088 1350 1133 aut
1391 1076 1682 1148 quidquam
1714 1072 1856 1128 aliud
1887 1088 1984 1127 eo-

400 1193 551 1239 rum,
605 1191 724 1245 qua:
780 1173 1085 1228 necessario
1115 1178 1170 1226 et
1217 1169 1509 1225 secundum
1561 1179 1763 1220 naturas
1812 1165 1982 1233 legem

400 1268 686 1333 accidunt,
724 1275 782 1322 et
810 1264 984 1319 adhuc
1025 1264 1130 1319 illis
1176 1261 1392 1317 haeres?
1425 1259 1622 1329 Ecquid
1673 1252 1854 1312 lucri?
1898 1256 1985 1311 die

402 1360 558 1414 mihi.
607 1358 740 1412 llinc
781 1356 1043 1418 ebrietas,
1077 1354 1341 1418 edacitas,
1376 1351 1647 1407 obscmnze
1688 1364 1751 1404 ac
1801 1348 1982 1401 multi-

404 1453 568 1522 plices
613 1452 942 1518 voluptates,
993 1462 1112 1518 qu:e
1157 1446 1324 1515 magis
1369 1457 1527 1515 quam
1574 1442 1739 1496 amari
1780 1440 1983 1494 domini

406 1557 507 1597 nos
535 1540 882 1596 excruciant?
929 1538 1052 1592 ihrc
1078 1537 1252 1592 solum
1280 1552 1343 1591 ex
1394 1533 1595 1589 divitiis
1626 1532 1822 1587 lucrari
1857 1546 1982 1601 pos-

405 1647 608 1697 sumus,
635 1631 776 1686 aliud
805 1645 933 1685 vero
963 1630 1127 1694 nihil,
1150 1624 1576 1698 quandoquidem
1602 1626 1671 1679 ita
1698 1624 1942 1679 volumus
1966 1641 1980 1677 :

407 1737 528 1775 nam
572 1721 617 1776 si
672 1721 890 1784 liberet,
942 1718 1131 1772 czclum
1181 1731 1312 1771 sane
1344 1717 1516 1786 ipsum
1544 1714 1742 1769 divitiis
1789 1728 1982 1767 consc-

403 1828 708 1884 qucremur.
770 1813 909 1882 Ergo
953 1811 1184 1875 bonum,
1233 1809 1442 1879 inquit,
1471 1807 1692 1863 divitiae.
1737 1805 1852 1860 Non
1885 1797 1985 1860 hoc

401 1904 599 1960 divitia:
623 1910 906 1974 praestant,
930 1901 1024 1957 sed
1052 1901 1380 1971 pesscssoris
1409 1899 1692 1953 consilium
1714 1905 1769 1952 et
1795 1896 1985 1950 volun-

403 2007 505 2052 tas.
538 1995 785 2050 Liberum
825 1995 966 2049 cuitu
998 1993 1278 2047 arbitrium
1310 2006 1432 2046 esse
1480 1990 1621 2060 quod
1654 1989 1755 2044 hoc
1783 1988 1981 2055 faciat,

403 2089 487 2143 vel
536 2086 663 2143 hinc
704 2087 828 2142 licet
869 2085 1334 2151 animadvertere,
1380 2082 1523 2153 quod
1569 2083 1731 2137 etiam
1784 2096 1985 2151 pauper

402 2182 517 2238 cazli
547 2180 697 2236 adire
733 2179 1087 2235 hereditatem
1132 2177 1324 2248 possit.
1376 2176 1585 2231 Etenim
1613 2215 1628 2239 ,
1659 2173 1803 2244 quod
1843 2188 1987 2243 saepe

403 2272 512 2327 dixi
538 2312 554 2336 ,
582 2286 690 2325 non
721 2283 1031 2326 mensuram
1077 2283 1257 2323 rerum
1304 2282 1425 2337 qua:
1452 2265 1647 2320 dantur
1676 2266 1816 2319 Deus
1864 2279 1987 2335 Spe-

404 2372 553 2430 ctat,
582 2361 679 2418 sai
732 2362 969 2416 animum
1012 2359 1255 2414 dantium
1298 2372 1311 2411 :
1363 2357 1487 2412 licet
1538 2365 1593 2410 et
1633 2354 1893 2426 pauperi,
1926 2363 1982 2409 et

407 2467 573 2524 pauca
602 2451 751 2508 danti
800 2459 971 2505 totum
1004 2448 1282 2518 consequi.
1316 2447 1497 2518 Exigit
1539 2446 1685 2500 enim
1721 2445 1859 2499 Deus
1891 2458 1987 2512 pro

406 2543 665 2615 cujusque
691 2542 941 2597 facultate
967 2557 980 2592 :
1007 2553 1181 2610 neque
1203 2537 1404 2593 divitia:
1429 2552 1649 2608 regnum
1673 2534 1979 2600 conciliant,

408 2649 581 2706 neque
610 2642 897 2706 paupertas
940 2631 1242 2702 gehennam
1264 2670 1280 2696 ,
1312 2628 1404 2684 sed
1439 2638 1661 2698 utraque
1690 2628 1864 2682 bonus
1883 2666 1899 2692 ,
1931 2634 1988 2682 et

410 2728 580 2783 malus
606 2728 837 2781 animus.
876 2725 1027 2779 llunc
1056 2724 1217 2795 igitur
1246 2722 1609 2791 corrigamus,
1639 2720 1782 2775 hunc
1829 2734 1981 2776 com-

410 2833 668 2890 ponamus
687 2859 703 2884 ,
734 2818 875 2871 hunc
898 2815 1057 2870 talem
1082 2813 1291 2884 qualem
1314 2828 1432 2866 esse
1456 2812 1611 2867 decet
1636 2820 1985 2882 prmstettttts;

412 2923 574 2980 atque
595 2909 774 2963 omnia
796 2917 952 2964 erunt
974 2907 1129 2962 nobis
1159 2905 1353 2960 facilia.
1383 2903 1517 2958 Nam
1538 2901 1987 2973 quemadmodum

415 3001 608 3057 artifex
633 3041 647 3063 ,
683 3001 797 3054 sive
845 2999 1071 3053 ferream
1098 2998 1210 3053 sive
1241 3010 1458 3050 auream
1489 2994 1718 3049 securim
1747 2992 1936 3048 habeat
1961 3033 1977 3059 ,

416 3107 567 3163 mque
587 3092 728 3162 ligna
752 3090 913 3145 emdit
939 3104 1003 3144 ac
1031 3088 1207 3153 dolat,
1241 3087 1349 3142 imo
1376 3086 1583 3141 facilius
1608 3085 1768 3140 etiam
1800 3087 1850 3140 in
1881 3084 1989 3140 fcr-

413 3201 510 3241 ro:
547 3187 613 3239 ita
647 3193 701 3239 et
729 3183 815 3238 hic
842 3182 999 3253 longe
1023 3180 1225 3236 facilius
1254 3196 1349 3248 per
1373 3186 1740 3249 paupertatem
1775 3185 1991 3246 paratur

412 3278 601 3332 virtus.
636 3274 767 3330 Nam
798 3274 864 3329 de
886 3272 1085 3329 divitiis
1110 3272 1326 3343 quidem
1352 3270 1595 3325 Christus
1619 3269 1727 3333 ait,
1762 3266 1991 3323 Facilius

412 3379 480 3422 est
510 3367 758 3421 cautelam
789 3383 878 3435 per
906 3369 1135 3437 foramen
1166 3379 1288 3416 acus
1318 3362 1560 3425 transire,
1592 3377 1743 3429 quam
1788 3360 1993 3414 divitem

411 3459 463 3513 in
492 3476 703 3531 regnum
733 3457 970 3511 cazlorum
1017 3454 1230 3525 (Matth.
1264 3454 1352 3509 19.
1383 3452 1478 3523 ’24)
1523 3469 1537 3505 :
1569 3451 1637 3506 de
1684 3458 1992 3521 paupertate

413 3566 540 3605 vero
570 3551 697 3603 nihil
749 3548 1052 3618 hujus-modi
1095 3546 1487 3617 pronuntiavit,
1517 3544 1610 3598 sed
1644 3543 1820 3614 petius
1860 3557 1992 3596 con-

418 3652 496 3695 tra
528 3662 542 3697 :
585 3641 751 3695 Vende
781 3641 950 3694 omnia
977 3655 1091 3705 qua:
1119 3639 1271 3693 habes
1291 3678 1306 3702 ,
1339 3647 1384 3691 et
1427 3637 1495 3690 da
1542 3635 1852 3706 pauperibus
1885 3675 1900 3697 ,
1947 3643 1994 3687 et

421 3732 554 3797 veni,
588 3740 632 3784 ct
681 3747 883 3800 sequere
923 3746 1001 3783 me
1027 3728 1213 3799 (Marc.
1245 3728 1332 3784 10.
1372 3727 1500 3800 2f);
1548 3735 1731 3796 utpote
1777 3741 1899 3780 cum
1927 3740 1991 3780 ex

421 3822 712 3877 voluntatis
752 3821 1011 3875 electione
1041 3819 1129 3874 fiat
1172 3829 1229 3874 ut
1256 3830 1513 3891 sequatur
1545 3819 1848 3873 Dominum.

487 3915 542 3968 5.
587 3914 732 3983 Ergo
760 3920 1122 3981 paupertatem
1152 3926 1218 3966 ne
1265 3911 1527 3982 fugiamus
1571 3919 1844 3980 tamquam
1879 3925 1986 3963 nta-

415 4006 564 4071 lum;
593 4014 676 4059 est
701 4004 844 4057 enim
872 4000 1196 4056 conciliatrix
1229 4001 1376 4071 regni
1411 4017 1425 4053 :
1457 4015 1629 4070 neque
1660 4001 1784 4054 item
1811 4014 1994 4069 perse-

413 4109 643 4162 quamur
670 4092 887 4146 divitias
913 4102 967 4146 ut
996 4090 1189 4146 bonum
1216 4106 1231 4156 ;
1266 4092 1511 4145 incautos
1539 4090 1682 4144 eniut
1714 4088 1945 4159 perdunt
1972 4106 1987 4143 :

413 4185 506 4240 sed
559 4184 760 4253 ubique
806 4181 994 4237 oculos
1041 4181 1108 4235 ad
1159 4181 1325 4237 Deum
1374 4179 1746 4244 intendentes,
1780 4189 1996 4233 utamur

415 4279 548 4330 sicut
575 4275 831 4330 convenit
885 4275 950 4328 iis
971 4316 985 4337 ,
1018 4289 1139 4343 qua:
1182 4274 1250 4327 ab
1278 4272 1370 4327 illo
1416 4273 1571 4327 nobis
1602 4271 1793 4326 tributa
1826 4280 1993 4338 sunt,

414 4376 467 4420 et
491 4367 733 4437 corporis
757 4366 950 4419 robore
971 4405 984 4428 ,
1026 4374 1076 4419 et
1106 4363 1428 4417 abundantia
1460 4364 1763 4418 divitiarum
1790 4403 1804 4429 ,
1835 4372 1997 4418 crete-

416 4458 599 4526 risque
642 4456 805 4510 rebus
834 4456 1106 4510 omnibus.
1141 4452 1448 4509 Absurdum
1492 4455 1635 4508 enim
1666 4456 1823 4523 plane
1866 4463 1947 4508 est
1978 4494 1994 4520 ,

417 4562 538 4601 cum
568 4548 634 4601 ab
659 4548 775 4616 ipso
804 4545 925 4600 facti
955 4546 1122 4600 simus
1142 4586 1156 4608 ,
1187 4561 1296 4599 non
1337 4546 1386 4599 ei
1426 4546 1514 4614 qui
1546 4560 1645 4599 nos
1691 4545 1816 4599 fecit
1837 4584 1855 4610 ,
1901 4544 1997 4600 sed

417 4640 536 4693 aliis
576 4638 761 4693 isthmc
789 4637 982 4692 utenda
1016 4637 1279 4708 praebere.
1334 4636 1485 4691 Fecit
1512 4638 1603 4691 tibi
1633 4637 1864 4692 oculos?
1892 4638 1999 4693 llos

419 4732 518 4804 ipsi
551 4741 741 4802 praesta
768 4773 781 4794 ,
818 4731 1000 4802 praebe
1044 4728 1297 4785 utendum
1322 4771 1335 4793 ,
1385 4744 1489 4783 nou
1539 4739 1717 4784 autem
1763 4729 1995 4785 diabolo.

419 4823 699 4890 Quomodo
729 4832 907 4876 autem
943 4822 1050 4877 Deo
1077 4819 1385 4889 prmbebis?
1407 4819 1579 4889 Opera
1608 4820 1774 4889 ipsius
1817 4822 1998 4875 consi-

420 4916 611 4970 derans
636 4924 691 4970 ct
734 4916 908 4984 ipsum
954 4911 1299 4983 glorificans,
1332 4910 1607 4967 abducens
1632 4927 1759 4966 vero
1803 4927 1832 4965 a
1880 4927 2000 4967 mu-

346 5049 351 5055 .
425 5005 609 5059 lierum
638 5017 879 5075 aspectu.
912 5003 1059 5058 Fecit
1080 5002 1175 5055 tibi
1202 5004 1431 5059 manus?
1457 5001 1559 5057 llas
1582 5001 1677 5071 ipsi
1704 5004 1998 5072 possideto,

425 5111 528 5149 non
553 5096 763 5150 diabolo
794 5114 807 5150 :
840 5110 942 5148 non
972 5108 1064 5149 cas
1102 5093 1166 5147 ad
1201 5094 1416 5162 rapinas
1442 5108 1503 5148 ac
1534 5094 1741 5163 praidas
1764 5136 1778 5160 ,
1810 5095 1903 5149 sed
1935 5095 1999 5149 ad

422 5187 669 5241 mandata
700 5187 939 5240 facienda
960 5227 976 5251 ,
1014 5185 1076 5239 ad
1112 5185 1365 5239 beneficia
1394 5185 1717 5240 conferenda
1747 5196 1906 5256 atque
1934 5186 1999 5240 ad

420 5294 611 5348 preces
654 5278 895 5333 as.~idnas
942 5277 1281 5339 extendens,
1316 5278 1380 5331 ad
1412 5293 1508 5332 eos
1556 5281 1645 5347 qui
1696 5280 2006 5334 ceciderunt

421 5369 725 5439 rrigeudos.
779 5368 931 5424 Fecit
981 5368 1074 5422 tibi
1119 5369 1322 5424 aures?
1370 5369 1474 5423 llas
1506 5370 1602 5439 ipsi
1651 5370 1864 5438 praebe,
1898 5388 2003 5425 non

423 5461 664 5524 infractis
687 5474 749 5514 ac
775 5460 1027 5514 mollibus
1056 5461 1362 5527 cantilenis,
1388 5477 1495 5515 non
1530 5462 1764 5531 turpium
1794 5475 2004 5516 sermo-

425 5569 554 5608 uum
603 5552 897 5617 auditioni;
935 5552 1114 5606 Omnis
1158 5554 1301 5608 enim
1348 5555 1602 5608 enarratio
1641 5564 1726 5608 tua
1750 5595 1766 5619 ,
1798 5554 2004 5624 inquit,

426 5645 482 5697 in
511 5645 618 5714 lege
645 5640 890 5697 Altissimi
911 5656 936 5709 ς
961 5650 1016 5697 et
1040 5658 1233 5699 rursus
1258 5686 1274 5712 ,
1304 5645 1370 5698 In
1401 5644 1722 5698 multitudine
1748 5686 1763 5709 ,
1795 5645 1963 5715 inquit
1992 5685 2006 5709 ,

433 5735 687 5788 ssniornm
723 5745 802 5788 sta
826 5776 839 5798 ,
867 5743 912 5789 et
936 5734 981 5789 si
1024 5736 1137 5804 quis
1183 5738 1385 5807 sapiens
1411 5739 1562 5808 fuerit
1592 5779 1607 5804 ,
1641 5738 1685 5790 ei
1711 5747 1757 5792 te
1784 5738 2005 5808 adjungc

743 5836 1009 5901 ΡΑτιιοι..
1063 5842 1180 5902 Gn.
1222 5838 1416 5900 [ΧΠ.

1255 325 1319 380 1N
1360 323 1575 381 EPIST.
1619 324 1710 379 AD
1748 318 2035 381 PHILIPP.
2077 323 2230 382 CAP.
2275 326 2361 382 Ill.
2403 326 2634 385 IIOMIL.
2676 328 2744 384 Χ.

3570 338 3678 393 362

2092 436 2282 508 (Eccli.
2315 438 2365 495 9.
2398 440 2489 496 es.
2518 453 2565 496 et
2602 442 2654 497 ιι.
2684 442 2794 512 55).
2840 440 2990 498 Fecit
3021 442 3113 498 tibi
3145 444 3246 498 os?
3288 442 3364 498 Ex
3404 442 3507 502 hoc
3538 448 3674 508 nihil

2094 531 2356 600 prodeat,
2387 535 2528 603 qttod
2562 534 2671 589 Deo
2702 550 2806 589 non
2845 534 3132 606 probetur,
3168 535 3263 592 sed
3306 537 3673 609 psalmodias,

2092 622 2351 692 hymnos,
2385 625 2516 679 odas
2544 636 2701 680 canat
2731 626 3070 696 spiritualcs,
3105 626 3172 682 Ut
3199 627 3280 682 det
3308 631 3553 700 gratiam,
3587 632 3675 687 in-

2092 714 2204 782 quit
2229 756 2242 774 .
2273 715 2588 769 autlientibus
2620 715 2840 786 (Ephes.
2871 718 2923 772 4.
2953 717 3067 789 29),
3100 718 3165 773 ad
3195 718 3538 787 iniciendum,
3568 738 3674 778 non

2091 805 2155 859 ad
2197 808 2580 872 evertendutn;
2610 809 2675 863 ad
2727 808 3182 879 benedicendum,
3228 829 3333 869 non
3365 815 3429 869 ad
3455 817 3676 873 maledi-

2090 896 2352 962 cendum;
2388 913 2493 953 non
2519 899 2584 952 ad
2613 900 2899 957 struendas
2931 902 3184 971 insidias,
3221 905 3316 961 sed
3343 917 3527 963 contra
3561 924 3676 965 om~

2091 986 2240 1041 nino.
2271 987 2420 1043 Fecit
2452 989 2543 1043 tibi
2569 989 2732 1059 pedes
2756 1030 2772 1055 ,
2802 1007 2907 1047 non
2936 1001 2994 1048 ut
3022 1009 3281 1066 properes
3309 997 3380 1052 ad
3412 1000 3674 1055 vitiosita-

2093 1086 2228 1144 tcm,
2254 1079 2347 1136 sed
2383 1080 2450 1135 ad
2477 1084 2615 1137 bona
2641 1100 2655 1136 :
2686 1083 2810 1138 fecit
2841 1083 2934 1139 tibi
2964 1095 3206 1141 ventrem
3232 1127 3248 1153 ,
3274 1103 3381 1142 non
3411 1100 3464 1144 ιιι
3500 1091 3673 1162 ipsum

2091 1184 2329 1239 rumpas,
2356 1171 2450 1227 sed
2474 1182 2531 1227 ut
2560 1173 2986 1244 philosophicam
3014 1191 3269 1232 exerceas
3294 1178 3673 1235 sobrietatem:

2092 1259 2278 1314 indidit
2309 1262 2655 1331 cupiditatem
2678 1263 2744 1320 ad
2779 1264 3070 1319 liberorum
3097 1268 3548 1337 procreationem,
3578 1272 3674 1325 sed

2091 1364 2194 1403 non
2223 1349 2289 1404 ad
2317 1353 2699 1410 scortationem
2741 1365 2795 1409 et
2823 1355 3143 1411 adulterium
3171 1373 3186 1410 :
3216 1356 3365 1412 dedit
3393 1359 3487 1413 tibi
3518 1376 3672 1415 men-

2091 1447 2197 1494 tem
2221 1482 2235 1505 ,
2269 1453 2457 1497 nonut
2502 1444 2888 1515 blaSphemiatn
2934 1446 2985 1501 in
3024 1447 3197 1517 ipsum
3237 1448 3441 1517 jacias,
3479 1464 3585 1504 non
3617 1461 3676 1506 ιιι

2088 1528 2164 1583 sis
2191 1533 2559 1597 conviciator,
2607 1535 2700 1590 sed
2730 1545 2788 1589 ut
2831 1536 2969 1592 bene
3015 1537 3201 1615 dicas;
3235 1537 3385 1593 dedit
3410 1549 3467 1594 et
3506 1555 3673 1610 pecu-

2090 1620 2238 1686 nias,
2286 1632 2342 1677 ut
2390 1640 2496 1693 quo
2543 1635 2757 1694 oportet
2807 1626 2936 1695 ipsis
2984 1636 3229 1695 utamur;
3261 1629 3560 1702 eademque
3606 1633 3674 1690 de

2087 1730 2247 1770 causa
2281 1720 2425 1773 vires
2466 1718 2636 1774 dedit.
2668 1719 2814 1775 Fecit
2842 1730 2988 1775 artes
3011 1762 3026 1787 ,
3053 1729 3109 1775 ιιι
3158 1721 3261 1776 vita
3292 1731 3624 1779 sustentetur
3653 1766 3668 1789 ,

2089 1825 2195 1863 non
2246 1820 2302 1864 ut
2347 1825 2376 1863 a
2406 1811 2571 1867 rebus
2599 1812 2663 1865 ad
2694 1812 2941 1882 spiritum
2971 1813 3364 1882 pertinentibus
3396 1829 3495 1869 nos
3528 1814 3674 1885 ipsos

2087 1914 2372 1956 avocemus
2398 1943 2412 1965 ,
2460 1918 2566 1958 uon
2597 1912 2658 1959 ut
2698 1904 2932 1960 sordidis
2959 1906 3169 1961 artibus
3193 1921 3412 1977 operam
3442 1907 3630 1963 demus
3653 1951 3669 1974 ,

2088 1991 2181 2046 sed
2229 1993 2546 2048 necessariis
2568 2034 2585 2060 ,
2615 2003 2670 2048 ut
2716 1994 2871 2049 nobis
2914 2005 3154 2050 mutuam
3185 2010 3343 2067 opem
3395 1999 3629 2054 feramus
3654 2040 3670 2065 ,

2091 2095 2194 2134 non
2244 2089 2300 2134 ut
2347 2082 2685 2137 insidientur.
2742 2083 2896 2139 Dedit
2930 2094 3127 2139 tectum
3181 2101 3248 2141 eo
3293 2086 3571 2142 dumtaxat
3618 2069 3722 2142 ut.

2087 2180 2268 2226 arceat
2298 2171 2534 2240 pluviam
2557 2214 2572 2238 ,
2609 2188 2715 2227 non
2742 2182 2799 2227 ut
2825 2173 2997 2244 ipsum
3025 2175 3242 2247 quidem
3266 2185 3490 2233 ornetur
3517 2193 3671 2243 auro,

2091 2276 2291 2331 pauper
2322 2276 2449 2317 vero
2479 2275 2661 2332 pereat
2696 2263 2871 2321 fame:
2902 2265 3051 2320 dedit
3078 2276 3287 2335 vestes,
3322 2278 3379 2323 ut
3410 2278 3670 2340 tegamur,

2089 2365 2195 2405 non
2228 2360 2284 2405 ut
2308 2360 2678 2420 ostentemus,
2720 2369 2824 2409 non
2860 2363 2916 2409 ut
2960 2356 3065 2411 illae
3093 2358 3308 2427 quidem
3342 2358 3512 2414 multo
3539 2376 3674 2415 auro

2089 2441 2348 2509 ditentur,
2377 2443 2623 2500 Christus
2650 2461 2779 2501 vero
2804 2447 2980 2504 nudus
3006 2458 3225 2519 pereat:
3254 2450 3473 2506 domum
3502 2452 3671 2517 dedit,

2092 2546 2196 2585 non
2221 2543 2276 2586 ut
2305 2534 2449 2588 solus
2473 2535 2690 2603 habeas,
2710 2535 2804 2592 sed
2831 2546 2887 2592 ut
2907 2538 3027 2594 aliis
3045 2540 3206 2595 etiam
3232 2541 3467 2611 pra-beas
3492 2560 3505 2595 :
3531 2524 3677 2597 dedit

2094 2633 2292 2679 terram
2316 2666 2332 2692 ,
2361 2642 2466 2681 non
2500 2637 2558 2683 ut
2599 2628 2802 2698 majore
2833 2630 2974 2686 illius
3004 2642 3155 2702 parte
3183 2634 3267 2687 ad:
3285 2645 3336 2689 te
3362 2634 3626 2690 abStracta
3655 2678 3670 2698 .

2093 2715 2145 2771 in
2173 2725 2348 2772 scorta
2374 2759 2389 2785 ,
2420 2728 2473 2774 et
2515 2721 2798 2790 psaltrias,
2826 2733 2883 2779 et
2923 2725 3149 2792 mimos,
3180 2736 3232 2782 et
3283 2727 3528 2784 tibicines
3553 2770 3569 2796 ,
3620 2741 3674 2783 et

2091 2808 2419 2866 cititartedos
2468 2812 2707 2868 insutuas
2754 2814 2846 2870 Dei
2902 2816 3076 2883 bona,
3122 2817 3217 2873 sed
3271 2820 3322 2874 in
3367 2821 3668 2875 esurientes

2091 2911 2251 2972 atque
2276 2917 2496 2972 egenos.
2543 2906 2696 2961 Dedit
2736 2906 2826 2963 tibi
2856 2923 3039 2975 mare,
3087 2918 3143 2964 ut
3170 2912 3431 2981 naviges.
3488 2927 3556 2967 nc
3587 2913 3673 2966 iti-

2094 3007 2222 3048 nere
2246 2992 2492 3050 faciendo
2523 2996 2735 3053 labores
2756 3037 2770 3061 ,
2803 3014 2908 3054 non
2937 3008 2994 3053 ut
3033 3001 3246 3056 curiose
3275 3002 3418 3056 illius
3445 3004 3668 3058 fundum

2094 3088 2383 3155 seruteris,
2417 3098 2472 3144 et
2517 3090 2719 3160 lapides
2762 3098 2818 3147 et
2844 3091 2947 3146 alia
2998 3093 3304 3162 huiusmodi
3339 3094 3461 3149 inde
3490 3106 3673 3150 extra-

2096 3179 2192 3234 bas
2213 3220 2229 3247 ,
2264 3196 2369 3236 non
2418 3191 2474 3236 ut
2503 3181 2607 3237 hoc
2637 3183 2733 3237 tibi
2760 3182 2938 3239 studio
2969 3183 3184 3239 habeas.
3217 3184 3329 3239 Cur
3373 3200 3502 3257 ergo
3526 3226 3540 3250 ,
3591 3185 3668 3238 in-

2094 3272 2278 3340 quies,
2326 3283 2451 3326 sunt
2493 3273 2739 3342 lapides?
2791 3273 3043 3340 Quinimo
3078 3273 3165 3328 dic
3204 3282 3258 3328 ttt
3290 3275 3459 3338 mihi,
3504 3273 3674 3341 Quam

2094 3363 2165 3418 ob
2210 3379 2425 3418 causam
2456 3364 2661 3435 lapides
2708 3364 2785 3419 illi
2838 3365 2889 3418 in
2940 3375 3085 3418 tanto
3136 3365 3306 3431 pretio
3334 3366 3501 3420 sunt?
3548 3382 3677 3421 tium

2097 3452 2345 3507 facultate
2371 3453 2590 3521 aliqua?
2612 3469 2737 3507 num
2766 3454 2903 3506 usu?
2927 3453 3067 3519 Quin
3092 3453 3201 3508 imo
3230 3454 3319 3523 qui
3349 3469 3381 3509 c
3409 3455 3541 3509 mari
3567 3471 3671 3509 non

2097 3549 2223 3595 sunt
2245 3584 2258 3606 ,
2289 3542 2530 3596 utiliores
2552 3551 2696 3596 sunt.
2729 3541 2939 3598 Etenim
2964 3542 3015 3597 bi
3048 3543 3242 3600 saltem
3274 3544 3339 3599 ad
3368 3544 3679 3601 :editicatio-

2100 3648 2222 3687 nem
2256 3634 2578 3697 conferunt,
2613 3633 2688 3688 illi
2742 3649 2871 3689 vero
2917 3649 3216 3705 nusquam:
3245 3644 3408 3707 atque
3455 3635 3509 3691 bi
3554 3648 3682 3692 sunt

2100 3723 2205 3776 illis
2237 3722 2522 3777 firmiores.
2556 3723 2629 3778 At
2668 3723 2774 3791 illi,
2808 3724 3022 3794 inquit,
3070 3725 3520 3796 pulchritudinem
3545 3727 3678 3783 affe-

2103 3824 2244 3868 runt.
2274 3811 2595 3879 Quomodo?
2622 3823 2792 3870 totum
2820 3815 2871 3870 id
2902 3816 3170 3886 opinionis
3192 3827 3289 3872 est.
3329 3815 3466 3873 Sunt
3491 3818 3645 3873 candi
3665 3846 3679 3857 -

2098 3903 2311 3960 diores?
2356 3906 2425 3960 At
2457 3922 2560 3960 non
2588 3916 2735 3962 certe
2764 3922 3032 3963 marmore
3062 3909 3214 3964 valde
3242 3910 3469 3966 candido
3493 3910 3679 3965 candi-

2101 3993 2299 4062 diores,
2329 3996 2617 4066 quinetiam
2641 4011 2814 4066 neque
2839 3997 2904 4051 ad
2930 3998 3071 4052 illius
3087 3999 3373 4054 candorem
3396 4000 3677 4056 accedunt.

2101 4086 2169 4140 At
2194 4086 2516 4140 Solidiores?
2541 4085 2619 4141 Ne
2645 4085 2696 4140 id
2728 4086 2963 4155 quidem.
3002 4088 3071 4140 At
3099 4088 3385 4141 utiliores?
3415 4098 3469 4141 at
3512 4091 3684 4156 majo-

2101 4179 2230 4232 res?
2281 4177 2622 4247 Neutiquam.
2675 4174 2830 4231 Unde
2897 4175 3058 4245 igitur
3109 4177 3520 4246 suspiciuntur?
3564 4178 3680 4233 Non

2102 4266 2315 4322 aliunde
2340 4309 2355 4331 ,
2380 4282 2537 4337 quam
2569 4281 2635 4320 ex
2662 4265 2774 4320 sola
2803 4264 3220 4321 existimatione.
3255 4266 3385 4322 Nam
3413 4268 3459 4322 si
3508 4285 3682 4339 neque

2104 4361 2435 4430 pulchriores
2461 4369 2624 4425 sunt;
2655 4358 2853 4413 multos
2886 4357 3028 4413 enim
3055 4358 3384 4416 inveniemus
3410 4360 3517 4418 illis
3549 4362 3682 4417 luci-

2103 4454 2281 4507 diores
2309 4462 2360 4508 et
2388 4453 2759 4516 candidiores;
2788 4466 2960 4522 neque
2982 4452 3245 4519 utiliores,
3270 4469 3442 4524 neque
3463 4457 3683 4511 solidio-

2106 4560 2229 4599 res:
2264 4545 2404 4599 undc
2425 4586 2440 4610 ,
2489 4545 2703 4614 inquam
2731 4584 2747 4609 ,
2778 4543 2915 4599 adeo
2962 4543 3366 4613 suspiciuntur?
3406 4561 3585 4601 annon
3613 4565 3678 4602 ex

2105 4635 2216 4689 Sola
2261 4635 2701 4689 existimatione?
2750 4638 2920 4701 Quam
2971 4636 3131 4706 igitur
3177 4635 3248 4690 ob
3304 4651 3519 4692 causam
3566 4638 3686 4693 illos

2106 4727 2293 4780 dedit?
2323 4726 2438 4781 Non
2469 4728 2584 4796 ipse
2632 4727 2779 4783 dedit
2804 4770 2820 4795 ,
2852 4728 2947 4783 sed
2991 4739 3046 4783 tu
3099 4745 3349 4801 magnum
3380 4745 3502 4787 esse
3532 4733 3685 4801 quid-

2108 4819 2246 4889 piam
2278 4820 2495 4888 putasti.
2528 4820 2662 4887 Quid
2695 4821 2853 4891 igitur
2877 4830 2961 4877 est
2984 4863 3001 4890 ,
3033 4823 3241 4892 inquit,
3271 4823 3414 4894 quod
3444 4824 3683 4892 Scriptu-

2108 4925 2166 4965 ra
2213 4912 2372 4965 etiam
2405 4926 2498 4966 eos
2547 4912 2820 4968 celebrat?
2866 4912 3127 4967 Nimirum
3175 4913 3577 4969 accommodate
3620 4914 3687 4968 ad

2111 5013 2253 5058 tuam
2285 5005 2589 5074 opinionem
2619 5006 2873 5077 loquitur.
2906 5005 3038 5059 Nam
3069 5013 3123 5059 et
3150 5015 3450 5074 prmceptor
3475 5005 3542 5060 ad
3567 5022 3690 5076 puc-

2111 5098 2284 5152 rulum
2315 5099 2475 5153 verba
2501 5100 2720 5160 faciens,
2757 5099 2943 5152 eadem
2971 5107 3129 5165 atque
3161 5097 3246 5151 ille
3274 5113 3417 5167 saepe
3442 5100 3688 5169 suspicit,

2114 5200 2167 5243 ut
2197 5191 2342 5246 illttm
2387 5190 2489 5245 sibi
2534 5192 2816 5255 conciliet,
2848 5203 2912 5242 ac
2957 5188 3209 5257 paulatim
3238 5189 3518 5246 subvehat.
3551 5193 3689 5260 Quid

2115 5283 2564 5352 pulchritudinem
2620 5284 2829 5350 expetis
2860 5281 3130 5336 vestium?
3180 5281 3392 5338 Vestem
3438 5286 3531 5341 tibi
3576 5289 3685 5341 cir-

2113 5377 2303 5431 cumda
2334 5384 2388 5429 ct
2432 5376 2678 5430 calceos:
2715 5375 2796 5429 bis
2829 5384 2880 5429 te
2918 5390 3049 5429 orna
3073 5415 3089 5440 ,
3119 5374 3234 5429 haec
3262 5377 3354 5430 tibi
3382 5380 3513 5433 satis
3557 5380 3688 5433 sint.

2114 5465 2514 5528 Desiderabilia,
2569 5465 2739 5533 inquit
2793 5465 2985 5529 David,
3032 5482 3182 5534 super
3251 5484 3432 5520 aurum
3491 5479 3537 5521 et
3592 5486 3692 5523 stt-

2117 5574 2204 5626 pcr
2244 5557 2460 5625 lapidem
2492 5556 2762 5624 pretiosum
2803 5556 3010 5608 multant
3051 5557 3249 5625 judicia
3281 5557 3375 5611 Dei
3404 5556 3574 5629 (Psal.
3605 5560 3691 5615 18.

2119 5652 2244 5718 11).
2314 5649 2549 5703 Terrena
2605 5662 2730 5701 vero
2790 5648 2907 5703 haec
2974 5663 3150 5703 annon
3218 5650 3693 5720 parvipcndcuda?

2123 5740 2235 5794 Non
2268 5749 2384 5791 sunt
2441 5739 2588 5802 ha-c,
2623 5752 2654 5791 ο
2702 5737 2894 5793 dilecte
2917 5781 2929 5804 ,
2965 5739 3108 5793 utilia
3141 5758 3152 5794 :
3186 5742 3229 5791 si
3278 5740 3425 5795 utilia
3470 5751 3654 5800 essent
3683 5784 3687 5788 ›

3171 5823 3243 5884 17
