4030 6204
364 390 469 430 non
516 368 762 441 iussisset
805 371 1153 419 contemnere
1182 373 1197 410 :
1230 352 1323 410 sed
1353 352 1533 406 divina
1565 348 1839 441 Scriptura
1869 345 1936 399 ad

326 440 808 526 "existimationem
861 463 1095 510 nostram
1125 447 1375 518 loquitur.
1410 446 1584 540 Atque
1629 441 1731 496 hoc
1772 440 1933 540 etiam

365 557 559 613 dit-inte
582 545 922 620 benignitatis
947 551 1053 597 est.
1081 538 1249 608 Quam
1283 535 1442 605 igitur
1468 533 1538 588 ob
1567 545 1817 596 causam,
1846 533 1932 582 in-

359 651 508 722 quit,
543 655 825 715 purpuram
857 646 910 691 et
952 643 1146 687 caetera
1195 623 1559 722 lutjusmodi:
1586 623 1789 678 Divina:
1822 637 1934 673 ma-

340 716 677 812 gnillccutia:
727 731 842 785 lucc
891 735 1015 779 sunt
1059 738 1240 792 opera.
1293 718 1425 773 Nam
1474 716 1594 812 aliis
1622 728 1847 812 quoque.
1870 725 1935 765 cx

345 800 522 885 rebus
544 839 669 879 suas
692 818 863 873 voluit
893 814 1106 869 divitias
1145 808 1450 864 ostendere.
1500 805 1708 858 Etenim
1738 812 1791 856 et
1823 800 1935 854 fru-

352 925 599 973 mentum
644 913 759 980 ipse
803 905 951 962 dedit
997 903 1209 966 solum;
1243 908 1299 955 tu
1331 913 1458 953 vero
1505 912 1570 950 ex
1622 895 1725 949 hoc
1772 894 1938 947 multa

334 1023 549 1078 ~paras,
582 1006 858 1074 placentas
877 1041 892 1065 ,
922 995 1149 1051 bellaria
1178 992 1326 1047 varia
1357 1005 1419 1044 ac
1447 991 1614 1044 multa
1640 1029 1655 1053 ,
1690 1000 1936 1078 magnam

350 1077 638 1153 adurentia
667 1092 1021 1159 voiuptatsun.
1050 1083 1297 1153 Alioquin
1337 1088 1391 1135 et
1418 1080 1666 1148 voluptas
1692 1087 1743 1131 et
1770 1077 1941 1130 inanis

360 1189 544 1257 glori-.2
591 1199 745 1240 amor
784 1182 903 1236 hate
941 1180 1118 1233 omaia
1168 1173 1403 1231 invexit:
1433 1171 1749 1226 videbantur
1794 1168 1938 1223 enim

526 1277 621 1331 tibi
646 1272 898 1329 omnibus
926 1267 1090 1324 rebus
1118 1258 1469 1337 prteferenda.
1519 1259 1818 1329 Caeteroqui
1844 1300 1860 1325 ,
1893 1260 1941 1313 si

365 1366 682 1438 peregrinus
707 1362 969 1434 quispiam
1012 1366 1102 1412 aut
1141 1353 1370 1426 agricola
1419 1353 1604 1406 harum
1635 1364 1810 1404 rerum
1844 1349 1943 1402 im-

374 1458 577 1528 peritus
605 1463 658 1509 te
696 1454 1021 1520 interroget,
1061 1452 1219 1515 teque
1270 1444 1417 1497 illum
1449 1439 1823 1510 suspicientem
1865 1439 1943 1493 ri-

352 1570 2233 1607 ,αμψμ-...η-..μη

1086 246 1142 302 S.
1183 237 1457 300 JOANNIS
1479 229 1947 295 CHRYSOSTOMI
1987 230 2298 285 ARCIIIEP.
2341 226 2865 284 CONSTANTINOP.

3510 224 3619 282 ειη

2042 343 2206 407 dens,
2262 342 2438 397 dicat:
2489 341 2599 396 Cur
2649 342 2746 397 ista
2796 342 3022 410 suspicis
3074 347 3233 413 atque
3294 340 3627 399 admiraris?

2021 431 2170 500 -quid
2220 429 2443 484 habebis
2472 431 2614 501 quod
2649 430 3017 502 respondeas?
3064 431 3286 502 pulchra
3318 448 3439 488 esse
3469 448 3627 504 aspe-

2041 520 2172 574 ctu?
2201 518 2308 574 Sed
2357 534 2461 574 non
2492 521 2563 575 ita
2593 531 2696 575 est.
2729 522 3074 592 Depouamus
3125 523 3285 592 igitur
3330 522 3473 577 hanc
3512 525 3629 593 opi-

2046 612 2295 677 nionem,
2341 613 2587 681 t'erisque
2641 628 2832 683 reapse
2883 614 3038 668 bonis
3087 614 3467 669 iuhaereamus.
3504 614 3628 672 Ilaec

2043 701 2185 755 enim
2235 700 2457 757 minime
2502 711 2657 769 sunt,
2689 703 2783 758 sed
2833 713 3037 759 temere
3069 715 3348 760 transeunt
3376 717 3582 761 tantum
3608 749 3626 775 ,

2044 792 2210 847 instar
2235 792 2467 847 nurninis
2494 793 2801 849 dilabentia.
2828 795 3213 873 Quamobrem,
3240 798 3470 851 obsecro
3492 814 3589 851 vos
3606 839 3624 862 ,

2043 896 2330 939 caveamus
2356 901 2369 947 ;
2400 901 2558 956 supra
2590 897 2796 955 petram
2846 902 2945 942 nos
2979 888 3326 954 collocemus,
3360 905 3427 943 nc
3477 890 3628 945 facile

2045 977 2517 1056 circumferamuq,
2548 991 2607 1035 ut
2637 981 2810 1036 futura
2839 983 2999 1037 etiam
3040 997 3437 1052 consequamur
3463 983 3625 1050 bona,

2046 1071 2215 1138 gratia
2242 1079 2294 1124 et
2320 1072 2644 1142 benignitate
2676 1074 2888 1130 Domini
2918 1075 3084 1130 nostri
3113 1074 3241 1130 Iesu
3264 1076 3482 1140 Christi,
3505 1091 3626 1132 cum

2046 1174 2153 1229 quo
2178 1160 2320 1215 Patri
2345 1204 2359 1227 ,
2384 1164 2648 1234 simulque
2674 1175 2859 1220 sancto
2885 1165 3107 1236 Spiritui
3133 1166 3299 1236 gloria
3322 1208 3337 1232 ,
3370 1176 3628 1235 potestas,

2051 1249 2228 1304 honor
2258 1293 2273 1316 ,
2324 1267 2464 1307 nunc
2493 1263 2545 1307 et
2576 1270 2788 1325 semper
2819 1299 2833 1323 ,
2865 1266 2918 1310 et
2950 1257 2999 1309 iu
3046 1255 3240 1311 saecula
3284 1256 3626 1312 $tl‘0ttlttl‘um.

2049 1341 2245 1397 Amen.

2238 1579 3597 1604 Ἥ

1695 1663 2038 1726 ΗΟΜΠᾸΑ
2086 1666 2201 1729 Xl.

335 1833 492 1888 ‘Cttr.
523 1830 581 1886 5.
605 1844 657 1883 ν.
690 1827 749 1886 7.
776 1823 883 1881 Sed
911 1835 1023 1892 qua:
1062 1819 1187 1872 mihi
1213 1816 1414 1887 {tierunt
1453 1812 1617 1872 lucra,
1666 1811 1772 1863 Iure
1800 1807 1939 1860 arbi-

440 1933 603 1977 tratus
622 1934 734 1975 sum
756 1924 964 1988 prepter
983 1910 1238 1966 Christum
1255 1906 1622 1960 detrimentum.
1652 1902 1704 1957 8.
1738 1899 1949 1952 Verum-

416 2028 609 2071 v‘tamen
639 2020 688 2065 et
723 2008 953 2063 existimo
993 2004 1162 2058 omnia
1204 2001 1561 2064 detrimentum
1600 2010 1706 2048 esse
1741 2001 1950 2064 propter

440 2109 739 2164 eminentem
772 2099 1031 2156 scientiam
1059 2094 1184 2150 Jrsu
1212 2093 1400 2146 (.‘hristi
1439 2088 1650 2144 Domini
1687 2086 1807 2151 mei,
1834 2100 1953 2155 pro-

420 2212 552 2272 rcpter
594 2212 739 2270 quem
773 2195 942 2248 omnia
982 2189 1336 2242 detrimentum
1373 2181 1468 2253 feci
1498 2190 1544 2233 et
1572 2177 1790 2272 arbitror
1818 2176 1954 2272 quis-

416 2266 629 2361 quilias
666 2301 792 2350 esse,
836 2293 890 2337 ut
927 2280 1181 2335 Christum
1209 2273 1546 2344 lucrifacinm,
1570 2268 1621 2323 9.
1648 2281 1693 2321 et
1730 2266 1955 2361 inveniar

445 2359 496 2436 in
527 2381 617 2434 illo
645 2393 745 2431 non
772 2374 959 2427 habens
1000 2384 1159 2423 meam
1182 2365 1461 2435 justitiam,
1501 2376 1613 2430 qua:
1642 2375 1703 2411 ea:
1728 2359 1835 2428 lege
1859 2365 1950 2420 est,

428 2472 534 2525 τεά
574 2466 740 2530 illam,
770 2476 884 2532 qua:
921 2470 984 2513 ea:
1011 2458 1113 2529 ﬁde
1138 2466 1210 2508 est
1234 2448 1360 2508 Iesu
1387 2450 1595 2509 Christi,
1626 2464 1736 2518 qute
1758 2463 1820 2500 ea:
1846 2444 1955 2498 Deo

446 2568 519 2615 est
552 2555 757 2629 justitia
783 2557 836 2606 in
862 2550 983 2621 ﬁde,
1020 2548 1106 2602 ll).
1149 2545 1217 2598 ad
1260 2542 1661 2614 cognoscendum
1700 2538 1866 2601 illum,
1911 2544 1956 2589 et

422 2652 680 2705 uirtutem
707 2639 1083 2699 resurrectionis
1111 2638 1242 2710 ejus.

429 2743 498 2795 τι.
528 2739 587 2793 in
619 2731 1021 2792 certaminibus.
1050 2744 1167 2799 qua:
1193 2725 1451 2780 adversus
1474 2719 1761 2776 hmreticos
1791 2717 1962 2772 susci-

357 2834 621 2905 -.piuntur,
662 2833 902 2896 vegetam
948 2811 1204 2874 adhibere
1250 2825 1486 2869 mentem
1530 2819 1760 2905 oportet,
1804 2820 1962 2905 atque

379 2900 592 2979 assidue
609 2919 663 2973 in
689 2933 749 2972 ea
772 2912 1098 2984 cogitatione
1119 2907 1367 2963 defixam.
1397 2902 1470 2958 lta
1492 2905 1634 2958 enim
1656 2900 1955 2957 disturbare

366 3015 592 3071 uillarum
623 3007 839 3064 ordines
863 3002 1180 3075 poterimus,
1208 3008 1261 3053 et
1290 2997 1655 3067 plenissimam
1684 3000 1959 3063 reportare

381 3107 691 3167 victoriam,
739 3099 943 3154 nullum
984 3094 1096 3149 illis
1139 3089 1434 3162 mspirandi
1480 3088 1708 3160 spatium
1748 3085 1957 3141 dantes.

378 3197 667 3267 Propterea
696 3206 816 3247 cum
841 3188 1000 3245 velim
1027 3198 1124 3239 rus
1153 3198 1219 3239 ex
1245 3182 1534 3253 Scripturis
1556 3180 1620 3234 ad
1659 3177 1958 3250 httjusmudi

379 3266 670 3345 certamina
697 3283 986 3344 instruere,
1016 3284 1076 3330 ut
1102 3273 1227 3330 hinc
1252 3274 1413 3329 etiam
1446 3286 1541 3327 eos
1568 3270 1656 3341 qui
1688 3266 1962 3325 contradi-

381 3387 512 3433 cunt
552 3378 925 3431 obmutescere
954 3367 1161 3422 faciatis
1191 3383 1204 3419 :
1236 3364 1418 3435 hujus,
1451 3377 1571 3434 qua:
1608 3360 1823 3416 nuncin
1853 3375 1963 3413 ma-

384 3471 540 3525 nibus
566 3475 670 3529 est,
702 3459 1076 3532 disputationis
1114 3457 1325 3512 initium
1367 3469 1574 3508 sumam
1612 3468 1641 3507 a
1679 3452 1783 3506 fine
1806 3465 1964 3516 supe-

384 3559 560 3614 ri=-:ris.
602 3555 737 3622 Quis
783 3561 964 3607 autem
1003 3559 1120 3603 erat
1161 3548 1249 3602 ille
1279 3546 1450 3600 linis?
1487 3545 1625 3599 Cum
1664 3543 1966 3612 collegisset

384 3648 605 3703 Iudaica
631 3641 812 3699 omnia
840 3654 961 3709 qua:
982 3635 1249 3707 gloriandi
1268 3650 1484 3689 causam
1510 3635 1724 3699 dabant,
1758 3649 1820 3688 ea
1846 3648 1965 3702 qua:

387 3756 417 3792 α
449 3747 656 3797 natura,
705 3747 768 3786 ea
797 3744 917 3799 qua:
942 3741 973 3780 a
1001 3726 1228 3781 consilio
1263 3732 1319 3779 et
1350 3725 1611 3779 electione
1636 3724 1911 3777 addiderat
1949 3740 1964 3776 :

393 3829 502 3886 Sed
527 3839 640 3897 qua
666 3822 787 3877 mihi
814 3821 1018 3890 [nerunt
1045 3817 1211 3880 lucra,
1238 3814 1345 3869 haec
1370 3814 1599 3869 existimo
1618 3815 1968 3867 detrimentum

384 3934 497 3975 esse
522 3924 728 3988 propter
766 3911 1062 3967 eminentem
1089 3908 1349 3962 scientiam
1376 3903 1503 3959 Jesu
1542 3905 1728 3959 Christi
1761 3904 1971 3973 Domini

392 4011 508 4075 mei,
536 4017 737 4079 propter
765 4019 911 4077 quem
939 4002 1109 4057 omnia
1134 4001 1488 4055 detrimentum
1516 3999 1630 4067 feci,
1672 4008 1721 4053 et
1753 4000 1971 4053 arbitror

391 4101 688 4173 quisquilias
727 4114 854 4164 esse,
899 4104 954 4150 ut
997 4094 1255 4151 Christum
1311 4093 1650 4163 lucrifacium.
1714 4092 1974 4147 lnsultant

396 4194 499 4247 hoc
525 4193 644 4245 loco
665 4187 924 4243 lueretici.
956 4185 1086 4240 Nam
1112 4194 1168 4239 ct
1196 4183 1297 4238 hoc
1319 4182 1596 4252 sapientia:
1617 4193 1698 4237 est
1717 4181 1972 4253 Spiritus,

395 4297 521 4353 spes
550 4280 655 4335 illis
682 4277 919 4334 victoria:
945 4277 1284 4342 submittere,
1313 4284 1370 4330 ut
1411 4290 1639 4345 pugnam
1669 4283 1969 4345 capessant.

397 4373 609 4429 Etenim
634 4373 678 4426 si
703 4378 887 4439 aperte
912 4367 1163 4438 loquutus
1190 4374 1356 4431 esset,
1389 4365 1639 4422 fecissent
1662 4375 1718 4423 et
1742 4366 1795 4422 in
1823 4366 1938 4422 istis
1958 4408 1975 4434 ,

399 4462 541 4534 quod
574 4462 628 4516 in
667 4460 788 4514 aliis
819 4459 1060 4513 fecerunt
1087 4475 1102 4511 :
1134 4457 1454 4512 deleverunt
1486 4456 1629 4512 enim
1662 4458 1864 4524 literas,
1893 4473 1978 4513 re-

400 4555 688 4626 pudiarunt
725 4550 1093 4619 Scripturam,
1133 4564 1255 4602 cum
1305 4549 1563 4604 adversus
1612 4550 1754 4605 illius
1799 4550 1981 4606 radios

403 4650 542 4701 rem:
574 4658 678 4697 non
712 4647 949 4710 possent.
978 4639 1085 4695 Sed
1113 4638 1258 4707 quod
1284 4640 1337 4692 in
1369 4639 1606 4706 piscilms
1636 4639 1713 4706 lit,
1744 4650 1800 4696 ut
1828 4640 1979 4708 illud,

405 4739 546 4793 unde
585 4743 708 4790 sunt
756 4731 1023 4800 capieitdi,
1063 4745 1166 4784 non
1207 4728 1489 4785 manifesto
1528 4731 1634 4786 illis
1676 4732 1981 4802 objiciatur,

404 4829 499 4884 sed
553 4826 869 4885 occultetur,
919 4830 978 4876 ut
1024 4834 1306 4876 accurrere
1353 4834 1459 4875 non
1501 4824 1907 4890 vereantur;id
1931 4833 1988 4881 et

409 4922 511 4974 hoc
546 4918 668 4973 loco
694 4914 910 4980 accidit,
936 4912 1023 4967 ubi
1049 4927 1081 4966 a
1108 4912 1274 4966 Paulo
1305 4912 1387 4966 lex
1425 4911 1677 4966 damnum
1703 4913 1845 4969 dicta
1881 4924 1985 4970 est.

409 5014 573 5077 Sane,
612 5009 753 5080 quod
797 5007 996 5063 Paulus
1043 5005 1193 5067 dicit,
1228 5004 1528 5075 huiusmodi
1581 5014 1665 5060 est
1695 5022 1711 5059 :
1739 5005 1990 5077 Quisqui-

413 5107 543 5171 lias,
581 5114 635 5158 et
683 5104 934 5157 damnum
988 5101 1158 5170 legem
1212 5108 1407 5153 vocat:
1452 5114 1556 5153 non
1600 5098 1792 5154 licebat
1831 5099 1992 5155 Chri-

411 5205 550 5249 stum
597 5192 827 5255 lucrari,
881 5190 983 5245 nisi
1038 5191 1175 5246 hanc
1229 5190 1480 5244 damnum
1531 5199 1823 5261 putassem.
1868 5189 1993 5244 Hmc

416 5285 594 5340 omnia
617 5283 857 5336 alliciunt
888 5281 1191 5347 haereticos,
1223 5288 1281 5336 ut
1308 5281 1481 5335 locum
1504 5281 1782 5351 recipiant,
1812 5283 1996 5338 existi-

416 5384 624 5430 mantes
653 5386 749 5442 pro
775 5385 833 5426 se
859 5370 1037 5426 facere
1066 5389 1080 5426 :
1108 5372 1324 5442 quando
1347 5387 1471 5426 vero
1504 5381 1845 5444 receperunt,
1871 5385 1997 5430 tunc

420 5467 542 5522 illus
596 5463 803 5519 retibus
850 5463 1088 5532 undique
1127 5464 1467 5536 constringit.
1519 5463 1657 5532 Quid
1704 5466 1863 5536 igitur
1911 5465 1997 5521 isti

416 5559 604 5612 dicunt
630 5555 946 5609 insultantes
970 5553 1049 5624 (η)
1074 5553 1100 5606 τ
1123 5554 1199 5607 En
1224 5555 1308 5607 les
1339 5563 1423 5608 est
1445 5555 1716 5625 damnum,
1749 5572 1814 5613 en
1856 5558 2004 5628 quis-

478 5645 558 5704 ιιι)
582 5642 870 5692 Rantclucos
885 5641 1159 5704 signiﬁcare
1184 5641 1391 5690 “detur.

2053 1810 2262 1878 quiliie;
2290 1814 2557 1883 quomodo
2579 1816 2737 1887 igitur
2759 1818 2925 1887 ipsam
2946 1820 3036 1875 Dei
3060 1836 3181 1877 esse
3199 1821 3419 1876 dicitis?
3445 1823 3637 1879 Verum

2057 1900 2171 1956 hare
2201 1904 2376 1957 omnia
2408 1920 2504 1976 pro
2536 1908 2650 1976 lege
2677 1918 2799 1962 sunt
2823 1925 2839 1974 ;
2868 1910 3134 1979 quomodo
3153 1921 3353 1978 autem,
3379 1913 3502 1967 hinc
3522 1928 3638 1983 pcr-

2055 1993 2296 2060 spicuum
2330 1993 2464 2049 lict?
2494 1997 2843 2053 Attendamus
2867 2001 3170 2071 diligenter,
3201 2019 3319 2073 quae
3345 2004 3594 2059 dicuntur
3620 2023 3636 2059 :

2059 2098 2162 2135 non
2191 2082 2343 2150 dixit,
2369 2083 2479 2139 Lex
2508 2097 2589 2141 est
2611 2086 3014 2157 detrimentum,
3039 2093 3131 2146 sed
3162 2093 3328 2162 ipsam
3353 2093 3643 2149 Arbitratus

2057 2190 2167 2228 sum
2196 2174 2547 2231 detrimentum
2576 2196 2595 2233 :
2633 2190 2687 2235 et
2724 2180 2792 2236 de
2833 2183 2980 2238 lucro
3009 2184 3223 2255 quidem
3270 2186 3496 2254 loquens
3536 2202 3640 2240 non

2057 2263 2216 2331 dixit,
2238 2266 2543 2323 Arbitratus
2571 2285 2709 2335 sum,
2741 2272 2859 2339 sed,
2890 2272 3119 2328 Fuerunt
3140 2276 3285 2328 lucra
3316 2292 3335 2331 :
3356 2276 3423 2331 de
3442 2277 3641 2332 damno

2058 2365 2234 2411 autem
2280 2358 2432 2427 dixit,
2477 2359 2763 2416 Arbitrafus
2798 2380 2909 2417 sum
2936 2381 2956 2419 :
2983 2366 3194 2419 merito.
3240 2367 3370 2421 illud
3407 2368 3548 2421 enim
3591 2370 3640 2422 in

2063 2458 2246 2501 natura
2281 2462 2393 2503 erat
2427 2468 2439 2502 :
2473 2450 2572 2505 hoc
2617 2469 2745 2508 vero
2770 2454 2878 2521 jam
2917 2471 2980 2509 ex
3025 2456 3278 2525 opinione
3307 2467 3486 2513 nostra
3520 2474 3639 2529 proo

2063 2536 2256 2591 l'ectum
2285 2547 2386 2593 est.
2415 2540 2550 2606 Quid
2582 2543 2737 2611 igitur
2766 2543 2789 2596 ’ἶ
2833 2561 2938 2599 non
2971 2555 3053 2601 est
3079 2589 3092 2609 ,
3137 2548 3347 2617 inquit,
3388 2547 3641 2604 damnum

2063 2626 2146 2681 lex
2177 2630 2199 2680 ἰν
2239 2628 2334 2683 Est
2360 2641 2506 2684 certe
2532 2649 2547 2696 ;
2577 2632 2669 2687 Sed
2701 2645 2918 2703 propter
2943 2636 3216 2691 Christum
3251 2655 3263 2691 :
3294 2647 3348 2692 at
3393 2654 3536 2695 nunc
3564 2640 3644 2694 lu-

2063 2736 2212 2775 crum
2245 2720 2379 2776 facta
2409 2731 2508 2776 est.
2550 2723 2665 2780 Non
2699 2728 2981 2794 putabatur
3018 2728 3231 2784 lucrum
3260 2771 3275 2793 ,
3308 2730 3518 2799 inquit,
3549 2733 3642 2787 sed

2065 2821 2214 2866 erat:
2245 2828 2309 2870 ac
2331 2813 2376 2868 si
2411 2814 2653 2871 diceret:
2681 2818 2862 2887 Cogita
2902 2830 3157 2889 quantum
3185 2819 3366 2887 fuerit,
3400 2820 3645 2876 homines

2064 2902 2315 2959 ell'eratos
2348 2903 2456 2975 jam
2486 2917 2670 2961 natura
2698 2908 2763 2961 ad
2797 2906 3081 2963 htnnanam
3110 2910 3230 2964 vitae
3256 2911 3521 2965 rationem
3551 2910 3647 2965 ad-

2064 2995 2259 3049 ducere
2293 3014 2304 3048 :
2348 2996 2450 3051 nisi
2499 2998 2582 3052 lex
2630 2998 2856 3064 fuisset,
2905 3017 3079 3071 neque
3121 3002 3282 3057 etiam
3320 3003 3493 3072 gratia
3524 3004 3644 3057 data

2063 3094 2225 3140 esset.
2269 3085 2492 3154 Quare?
2519 3089 2780 3156 Quoniam
2828 3091 3006 3161 pontis
3050 3093 3215 3146 instar
3259 3090 3380 3147 fuit.
3433 3092 3643 3147 Etenim

2064 3176 2314 3246 quoniam
2342 3178 2558 3232 minime
2587 3178 2668 3234 fas
2693 3191 2805 3234 erat
2829 3181 2894 3236 de
2936 3181 3119 3236 iulimo
3155 3185 3272 3239 loco
3295 3187 3347 3239 in
3374 3183 3643 3239 excelsum

2065 3267 2381 3334 ascendere,
2410 3268 2544 3323 facta
2576 3279 2658 3325 est
2682 3270 2844 3325 scala.
2896 3273 2960 3327 Et
2986 3275 3229 3343 quamvis
3270 3290 3373 3329 non
3419 3274 3644 3341 amplius

2066 3359 2205 3413 scala
2238 3374 2372 3429 opus
2401 3361 2470 3414 sit
2505 3379 2520 3427 ;
2567 3378 2671 3416 non
2717 3373 2995 3435 propterea
3025 3375 3200 3420 tamen
3246 3365 3385 3420 illam
3417 3369 3639 3435 spernit,

2067 3448 2159 3503 sed
2185 3452 2357 3519 potius
2377 3452 2424 3507 ei
2452 3454 2648 3521 gratias
2676 3453 2852 3509 habet.
2885 3454 3001 3524 Ipsa
3023 3456 3165 3510 enim
3192 3457 3303 3517 fuit.
3334 3472 3450 3526 qua:
3482 3455 3633 3509 illum

2068 3556 2134 3596 eo
2165 3541 2476 3611 adduxerit,
2510 3554 2571 3598 ut
2608 3545 2723 3615 ejus
2755 3545 2979 3615 posthac
3021 3563 3124 3601 non
3153 3557 3307 3617 egi-at
3337 3566 3350 3600 :
3382 3563 3445 3602 ac
3469 3557 3647 3603 tamen

2079 3647 2177 3695 pro
2209 3633 2308 3686 hoc
2340 3635 2474 3704 ipso,
2507 3635 2646 3706 quod
2680 3636 2819 3690 illius
2846 3652 2950 3690 non
2977 3648 3119 3708 eget,
3146 3636 3462 3692 beneﬁcium
3494 3655 3551 3693 se
3571 3638 3647 3692 illi

2071 3723 2265 3779 debere
2314 3725 2504 3797 merito
2550 3727 2742 3781 fatetur
2774 3745 2788 3783 :
2824 3727 2939 3783 sine
2988 3729 3073 3783 illa
3115 3730 3255 3783 enim
3307 3744 3416 3784 non
3462 3745 3650 3785 ascen-

2071 3816 2258 3871 disset.
2309 3806 2453 3872 Idem
2497 3816 2564 3872 de
2596 3818 2711 3888 lege
2756 3817 3041 3874 dicendum
3074 3829 3157 3875 est
3189 3836 3203 3873 :
3232 3820 3411 3875 evexit
3453 3835 3552 3874 nos
3599 3821 3650 3874 in

2073 3907 2341 3973 sublime;
2373 3922 2501 3979 ergo
2532 3907 2734 3964 lucrum
2761 3918 2880 3964 erat
2912 3928 2925 3965 :
2957 3910 3049 3966 sed
3071 3911 3179 3981 jam
3206 3912 3374 3982 ipsam
3407 3925 3653 3982 putamus

2072 3995 2348 4049 damnum.
2373 3996 2699 4065 Quomodo?
2732 3998 2847 4053 Non
2873 4001 3122 4071 quoniam
3147 4001 3396 4056 danmum
3426 4012 3529 4064 est,
3561 4002 3652 4058 sed

2076 4084 2325 4154 queuiam
2352 4087 2509 4157 longe
2536 4089 2710 4159 potior
2732 4100 2815 4145 est
2838 4091 3027 4161 gratia.
3052 4090 3182 4146 Nam
3207 4092 3655 4163 quemadmodum

2078 4178 2221 4232 fame
2269 4178 2519 4235 laborans
2556 4196 2781 4252 pauper,
2829 4184 3081 4254 quamdiu
3123 4185 3338 4255 quidem
3378 4195 3655 4257 argentum

2078 4267 2262 4335 habet,
2291 4284 2355 4323 eo
2380 4278 2531 4325 arcet
2559 4271 2749 4327 famem
2782 4291 2797 4338 ;
2822 4284 3098 4346 postquam
3140 4291 3268 4332 vero
3292 4292 3483 4334 aurum
3509 4278 3659 4333 iure-

2083 4360 2242 4428 uerit,
2270 4360 2314 4415 si
2339 4370 2621 4432 utrumque
2642 4364 2873 4421 retinere
2894 4382 2999 4421 non
3024 4366 3199 4435 liceat,
3230 4367 3484 4425 damnum
3515 4379 3664 4440 putat

2086 4452 2325 4507 retinere
2358 4464 2639 4524 argentum
2659 4493 2674 4518 ,
2706 4464 2866 4526 atque
2894 4456 2983 4511 illo
3008 4458 3230 4514 dimisso
3251 4474 3442 4514 aurum
3477 4460 3620 4531 capit
3647 4476 3662 4514 :

2084 4543 2305 4599 dimittit
2333 4554 2531 4610 autem,
2566 4562 2670 4601 non
2688 4548 2831 4619 quod
2853 4549 3104 4605 damnum
3131 4553 3200 4606 sit
3226 4564 3526 4623 argentum,
3559 4569 3663 4609 non

2087 4638 2230 4692 enim
2259 4648 2364 4702 est,
2414 4638 2509 4694 sed
2538 4640 2790 4710 quoniam
2824 4651 3106 4714 utrumque
3130 4645 3288 4700 simul
3326 4645 3527 4704 habere
3562 4662 3664 4700 non

2091 4728 2234 4787 licet.
2267 4730 2359 4784 sed
2390 4732 2696 4787 necessario
2732 4734 2958 4789 alterum
2985 4745 3070 4791 est
3099 4736 3507 4807 relinquendum
3543 4756 3555 4791 :
3598 4738 3667 4791 ita

2090 4829 2143 4871 ct
2172 4819 2280 4873 hic.
2321 4818 2434 4874 Non
2466 4821 2625 4891 igitur
2651 4821 2736 4878 lex
2777 4833 2858 4877 est
2895 4824 3298 4894 detrimentum,
3328 4827 3426 4883 sed
3459 4827 3562 4899 legi
3592 4827 3670 4882 in-

2094 4910 2387 4967 luereutetn
2435 4913 2667 4970 deiicere
2695 4930 2723 4969 a
2762 4914 3000 4972 Christo.
3033 4918 3397 4985 Quamobrem
3425 4935 3547 4975 cum
3577 4933 3672 4975 nos

2093 5002 2309 5057 abducit
2338 5018 2366 5057 a
2394 5002 2630 5072 Christo,
2663 5015 2788 5061 tunc
2816 5006 3069 5064 damnum
3098 5019 3182 5065 est
3209 5029 3222 5064 :
3250 5011 3391 5082 quod
3428 5012 3472 5067 si
3503 5011 3673 5066 addu-

2095 5101 2179 5147 cat
2204 5134 2219 5159 ,
2262 5109 2367 5147 non
2399 5094 2546 5150 item.
2594 5096 2880 5166 Propterea
2922 5100 3124 5171 inquit,
3160 5101 3379 5174 Pr0pter
3419 5102 3674 5159 Christum

2099 5184 2471 5238 detrimentum.
2503 5185 2557 5241 Si
2592 5198 2807 5256 propter
2845 5187 3153 5256 Christum,
3185 5208 3313 5262 ergo
3340 5204 3525 5247 natura
3570 5209 3673 5249 non

2100 5283 2182 5329 est
2210 5275 2610 5329 detrimentum.
2641 5277 2749 5331 Cur
2786 5289 2966 5334 autem
3000 5294 3104 5335 non
3134 5281 3262 5336 sinit
3305 5283 3389 5336 lex
3427 5284 3493 5337 ad
3521 5282 3676 5338 Chri-

2103 5378 2240 5422 stum
2270 5368 2527 5424 acccdere
2553 5369 2577 5422 ?
2600 5372 2675 5425 Ac
2700 5387 2830 5427 sane
2856 5373 2923 5426 ad
2949 5374 3072 5438 hoc,
3106 5374 3296 5443 inquit,
3324 5375 3445 5439 data
3476 5375 3673 5432 fuerat:

2105 5458 2381 5528 plenitudo
2408 5461 2550 5515 enim
2579 5461 2711 5532 legis
2738 5463 3004 5529 Christus,
3034 5476 3093 5523 et,
3113 5464 3263 5523 Finis
3303 5466 3427 5537 legis
3458 5465 3679 5520 Christus

2108 5547 2285 5619 (Rom.
2317 5550 2406 5604 l0.
2441 5551 2516 5621 4).
2547 5551 2705 5617 Siuit,
2737 5553 2783 5609 si
2810 5550 2954 5610 dicto
2979 5556 3259 5613 audientes
3288 5570 3409 5612 esse
3439 5556 3680 5610 velimus.

2107 5637 2205 5705 Qui
2236 5653 2362 5708 ergo
2391 5640 2489 5711 legi
2522 5640 2722 5709 obedit,
2756 5643 2923 5715 ipsam
2953 5645 3122 5717 legem
3154 5645 3406 5713 relinquit
3433 5646 3455 5697 ?
3498 5645 3675 5699 lteliu-
