4030 6204
468 443 569 501 εδδ

467 557 605 627 quit,
629 554 674 609 si
694 546 1032 608 attendamus
1055 563 1069 600 :
1096 543 1238 618 quod
1260 544 1305 599 si
1327 543 1547 599 minime
1562 539 1920 605 attendamus,
1938 554 2046 594 non

468 648 617 702 sinit.
655 644 1005 698 Verumtamen
1027 648 1073 694 et
1091 637 1324 694 existimo
1347 635 1520 690 omnia
1543 635 1893 688 detrimentum
1918 648 2043 686 esse.

468 738 608 806 Quid
650 737 788 803 hoc,
832 734 1037 803 inquit,
1076 731 1146 785 de
1172 729 1290 797 lege
1326 726 1491 783 dico?
1528 740 1704 781 nonne
1742 726 1937 779 bonum
1965 732 2047 777 est

468 830 695 885 mundus
723 828 746 881 ?
771 841 949 882 nonne
979 824 1177 879 bonum
1207 829 1291 876 est
1319 833 1554 890 praesens
1583 818 1690 871 vita
1716 816 1741 868 ?
1766 814 2045 870 Verumta-

467 935 590 977 men
616 920 662 976 si
688 918 960 973 abducant
985 931 1019 971 a
1049 914 1281 975 Christo.
1312 927 1410 982 pro
1437 910 1636 965 damno
1680 908 1871 963 habeo.
1901 907 2047 963 Cur?

466 1012 687 1081 Propter
711 1010 1013 1063 eminentem
1038 1005 1299 1060 scientiam
1323 1001 1450 1057 Iesu
1478 1001 1665 1057 Christi
1697 999 1899 1053 Domini
1926 998 2041 1051 moi.

463 1103 562 1159 Ubi
599 1101 749 1158 enim
782 1102 862 1155 sol
904 1099 1112 1163 illuxit,
1143 1097 1334 1169 lychno
1363 1095 1625 1150 inhterere
1648 1092 1901 1148 damnum
1939 1099 2041 1146 est.

465 1195 642 1264 Itaque
662 1208 728 1249 ex
750 1192 1040 1248 collatione
1065 1187 1426 1248 damnumﬁt.
1453 1185 1702 1239 nimirum
1729 1183 1800 1237 ob
1824 1182 2044 1237 alterius

463 1284 850 1355 praestantiam.
884 1280 1049 1338 Vides
1093 1278 1315 1333 Paulum
1352 1275 1813 1344 comparationem
1844 1272 2041 1326 facere.

464 1376 689 1444 Propter
714 1374 1031 1435 eminentem,
1059 1370 1248 1439 inquit,
1274 1382 1382 1423 non
1399 1365 1540 1437 quod
1559 1365 1785 1421 alterum
1812 1364 2044 1417 alienum

462 1467 535 1522 sit
563 1484 576 1520 :
603 1480 727 1520 nam
758 1462 897 1533 quod
928 1462 1128 1517 eminet
1150 1470 1203 1513 et
1229 1457 1463 1520 excellit,
1498 1457 1549 1511 itt
1578 1472 1638 1511 re
1657 1470 1776 1526 quae
1802 1454 2043 1525 ejusdem

460 1557 536 1612 sit
567 1554 782 1626 generis
815 1552 1048 1608 excellit.
1086 1549 1234 1605 Unde
1266 1549 1425 1619 igitur
1468 1562 1564 1617 per
1590 1546 2044 1613 comparationem

465 1646 832 1719 praestantiam
876 1643 1098 1698 alterius
1129 1639 1426 1702 constituit,
1469 1638 1592 1693 inde
1630 1636 1849 1691 alterius
1879 1635 2042 1689 etiam

462 1738 836 1808 cognationem
857 1742 911 1788 et
932 1732 1329 1787 similitudinem
1350 1728 1666 1800 cognitionis
1688 1728 2041 1781 demonstrat.

464 1829 685 1897 Promer
706 1843 854 1898 quem
880 1827 1049 1880 omnia
1074 1823 1428 1877 detrimentum
1448 1822 1565 1890 feci,
1593 1830 1640 1874 et
1663 1820 1883 1872 arbitror
1907 1819 2046 1888 quis-

460 1923 646 1994 quilias
674 1936 799 1986 esse,
833 1928 888 1972 ut
909 1917 1162 1973 Christum
1184 1914 1524 1984 lucri/“ariam.
1555 1912 1800 1967 Nondum
1826 1911 2041 1978 quidem

462 2012 804 2067 manifestum
837 2017 921 2064 est
957 2006 1366 2078 quisquiliarum
1409 2020 1605 2058 nomen
1637 2003 1703 2057 de
1738 2003 1854 2073 lege
1888 2002 2038 2057 dici:

464 2103 761 2159 verisimile
788 2101 929 2156 enim
961 2110 1044 2154 est
1072 2097 1293 2152 Paulum
1324 2095 1393 2150 de
1433 2094 1719 2150 mundanis
1765 2095 1925 2149 rebus
1954 2094 2042 2147 di-

461 2211 612 2250 cere.
641 2193 774 2247 Nam
799 2206 918 2245 cum
942 2189 1184 2252 dixisset,
1213 2187 1340 2252 ρυω
1361 2186 1485 2240 mihi
1513 2190 1720 2255 (uerunt
1748 2186 1911 2250 lucra,
1939 2184 2045 2238 latet:

464 2285 745 2338 arbitratus
774 2296 886 2334 sum
922 2289 1126 2350 propter
1154 2275 1411 2331 Christum
1439 2275 1828 2341 detrimentum,
1858 2274 2041 2340 addit,

479 2374 834 2427 Verumtamen
857 2380 905 2425 et
931 2369 1162 2424 existimo
1189 2369 1355 2421 omnia
1379 2367 1732 2421 detrimentum
1760 2382 1884 2421 esse.
1912 2366 2042 2420 Dum

463 2464 623 2530 dicit,
675 2462 880 2529 Omnia,
934 2461 1195 2531 signiﬁcat
1233 2467 1288 2513 et
1332 2459 1598 2526 praeterita
1648 2467 1701 2513 et
1740 2458 2041 2527 praesentia.

458 2556 619 2623 Quod
646 2556 690 2609 si
717 2556 845 2610 velis
862 2554 1032 2625 legem
1059 2550 1367 2622 signiﬁcari,
1386 2565 1559 2620 neque
1584 2549 1703 2605 ideo
1725 2558 1897 2604 tamen
1919 2565 2045 2605 con-

457 2647 682 2703 tuntclia
709 2645 960 2700 afficitur.
990 2642 1307 2711 Quisquiliae
1338 2641 1482 2697 enim
1509 2657 1573 2696 ex
1607 2639 1874 2696 frumento
1902 2640 2043 2695 exsi-

455 2749 629 2806 stunt,
666 2745 723 2794 et
760 2738 903 2808 quod
946 2734 999 2789 itt
1047 2734 1314 2789 frumento
1355 2732 1506 2803 quasi
1552 2732 1820 2787 robusﬁus
1864 2742 1964 2795 est,
1990 2731 2041 2786 id

455 2839 544 2887 est
588 2827 904 2902 quisquilia,
951 2825 1155 2896 paleam
1196 2823 1340 2879 dico.
1368 2823 1550 2894 itaque
1593 2832 1878 2893 antequam
1927 2821 2039 2877 fru-

457 2930 709 2977 mentum
729 2919 1054 2981 exsisteret,
1095 2916 1241 2971 utilis
1270 2923 1387 2970 erat
1424 2914 1515 2969 illa
1544 2914 1819 2984 palearum
1846 2928 2001 2984 seges
2022 2955 2039 2980 ,

460 3022 520 3065 et
547 3026 663 3068 una
685 3025 803 3063 cum
834 3007 1099 3064 frumento
1131 3007 1298 3075 ipsam
1326 3006 1629 3076 colligimus
1658 3023 1670 3059 :
1697 3004 1841 3076 quod
1880 3004 1924 3059 si
1955 3004 2041 3059 illa

466 3118 576 3156 non
605 3100 809 3164 fuisset,
840 3112 1012 3169 neque
1039 3097 1142 3153 hoc
1177 3107 1422 3152 exortum
1450 3105 1612 3151 esset.
1638 3096 1708 3150 lta
1738 3106 1791 3151 et
1818 3098 1870 3151 in
1903 3097 2038 3168 lege.

540 3190 597 3245 ἓ.
640 3189 798 3245 Vides
841 3191 1032 3261 ubique
1074 3205 1179 3243 non
1213 3205 1324 3245 rem
1356 3189 1527 3259 ipsam
1560 3189 1734 3243 vocari
1763 3189 2039 3257 damnum,

456 3282 561 3338 sed
589 3289 809 3351 propter
832 3280 1142 3336 Christum?
1175 3278 1529 3334 Verumtamen
1550 3290 1595 3332 et
1624 3281 1792 3333 omnia
1814 3280 2043 3334 existimo

452 3375 815 3429 detrimentum
842 3390 967 3427 esse.
996 3373 1165 3441 Quam
1216 3373 1286 3427 ob
1326 3388 1540 3428 causam
1574 3372 1597 3426 ἲ
1624 3371 1829 3427 Rursus
1852 3413 1868 3438 ,
1903 3371 2039 3426 Pro-

450 3478 572 3540 pter
605 3468 903 3524 eminentem
943 3464 1221 3529 scientiam,
1267 3473 1473 3531 propter
1509 3479 1650 3532 quem
1690 3462 1859 3515 omnia
1886 3462 2045 3516 detri-

452 3569 683 3613 mentum
713 3559 828 3628 {eci.
876 3556 1078 3611 Deinde
1106 3554 1367 3625 adjungit,
1408 3553 1594 3609 Omnia
1623 3554 1856 3609 existimo
1883 3553 2042 3607 detri-

454 3660 681 3703 mentum
714 3666 847 3715 esse,
889 3659 948 3702 ut
986 3648 1241 3704 Christum
1283 3646 1621 3718 lucrifaciam.
1655 3646 1814 3702 Vides
1844 3646 2039 3716 ubique

454 3740 818 3795 ittlttcrentem
870 3741 1201 3795 ﬁrmamento
1235 3738 1474 3795 Christi?
1501 3754 1600 3795 nec
1644 3753 1865 3809 usquam
1913 3738 2046 3808 pati-

453 3843 561 3885 tur
601 3831 789 3885 nudari
839 3831 1009 3902 legem
1042 3846 1105 3885 ac
1144 3832 1348 3902 plagam
1379 3832 1642 3901 accipere,
1683 3830 1775 3886 sed
1813 3829 2046 3899 undique

453 3925 640 3993 ipsam
673 3920 973 3977 munit‘iEt
1016 3922 1242 3977 inveniar
1278 3923 1331 3977 in
1376 3923 1497 3987 illo,
1527 3938 1627 3976 non
1666 3920 1854 3975 habens
1886 3938 2044 3975 meam

442 4013 716 4086 justitiam
753 4029 870 4084 qua:
893 4029 956 4067 ex
984 4016 1102 4084 tege
1128 4022 1217 4068 est.
1262 4012 1317 4069 Si
1351 4014 1416 4078 is,
1456 4012 1545 4080 qui
1571 4012 1831 4082 justitiam
1880 4012 2045 4066 habe-

445 4107 579 4169 ltat,
608 4104 748 4174 quod
790 4119 852 4159 ea
898 4119 1007 4174 prae
1053 4103 1150 4159 hac
1172 4103 1375 4175 jusﬁtia
1420 4103 1552 4159 nihil
1597 4113 1761 4170 esset,
1802 4103 1867 4156 ad
1913 4102 2049 4160 hanc

439 4195 743 4261 accurrit;
790 4196 881 4266 qui
923 4196 1121 4250 nullam
1168 4195 1401 4261 habent,
1447 4195 1712 4264 quomodo
1744 4211 1859 4251 non
1878 4194 2047 4247 multo

449 4291 640 4358 magis
668 4302 950 4344 accurrere
972 4287 1243 4342 debebunt
1268 4286 1292 4341 ?
1323 4287 1383 4341 Et
1423 4296 1568 4341 recte
1597 4286 1754 4352 dixit,
1788 4284 1909 4341 Non
1950 4285 2046 4341 Ita.-

438 4383 578 4435 bens
612 4397 772 4434 meam
792 4380 1051 4449 justitiam
1073 4392 1095 4443 ;
1137 4378 1188 4433 id
1230 4387 1314 4435 est
1354 4393 1460 4432 non
1503 4377 1688 4444 illam,
1729 4393 1886 4447 quam
1906 4377 2046 4432 mihi

438 4470 598 4524 meis
622 4469 893 4524 laboribus
914 4483 977 4523 ac
994 4468 1281 4523 sudoribus
1300 4482 1754 4538 comparaverant,
1774 4467 1865 4523 sed
1888 4484 2045 4538 quam

437 4577 514 4615 ex
569 4558 746 4629 gratia
790 4559 989 4614 inveni.
1030 4560 1084 4614 Si
1121 4560 1280 4630 igitur
1324 4559 1449 4623 ille,
1496 4560 1583 4628 qui
1631 4559 1841 4613 virtutis
1872 4559 2047 4614 ofﬁcia

442 4651 734 4716 nbiverat,
758 4666 821 4705 ex
848 4652 1014 4721 gratia
1041 4652 1275 4709 salutem
1300 4662 1381 4706 cst
1413 4651 1660 4720 adeptus,
1687 4651 1854 4706 multo
1882 4653 2050 4722 magis

438 4757 578 4796 vos.
617 4740 878 4808 Quoniam
906 4742 1046 4801 enim
1079 4743 1370 4803 verisimile
1409 4752 1523 4797 erat
1555 4743 1674 4797 illos
1701 4742 1900 4805 dicere,
1933 4758 2046 4797 tua-

423 4835 638 4905 jorem
668 4846 787 4887 esse
805 4833 1064 4901 justitiam
1088 4849 1205 4904 qua!
1237 4849 1301 4888 cx
1336 4833 1635 4900 laboribus,
1653 4834 1884 4889 ostendit
1912 4833 2050 4888 hanc

427 4940 563 4998 pra:
598 4923 696 4977 illa
727 4925 930 4992 paleam
954 4940 1073 4980 esse
1102 4942 1113 4975 :
1147 4925 1346 4994 alioqui
1377 4925 1518 4979 enim
1545 4940 1650 4979 non
1672 4964 1689 4990 ,
1720 4940 1839 4978 cum
1872 4924 1936 4977 ad
1972 4925 2050 4994 ip-

421 5034 559 5073 sam
601 5017 1013 5085 pervenissem,
1057 5031 1116 5070 ea
1149 5015 1386 5086 projecta
1430 5014 1493 5068 ad
1537 5015 1672 5071 hanc
1701 5015 1922 5070 alteram
1962 5030 2051 5069 ac-

416 5105 1066 5172 currissem._Qumuam
1090 5121 1216 5160 vero
1238 5106 1357 5161 haec
1385 5116 1467 5160 est
1496 5106 1519 5158 ?
1549 5106 1674 5173 Quae
1696 5122 1757 5160 ea:
1787 5105 1888 5173 ﬁde
1917 5104 2008 5160 Dei
2032 5120 2050 5169 ;

415 5203 476 5257 id
514 5208 656 5261 est,
704 5198 820 5251 haec
851 5198 962 5269 ipsa
993 5199 1154 5258 etiam
1183 5214 1212 5253 a
1257 5199 1368 5257 Deo
1399 5198 1520 5253 data
1545 5208 1664 5254 est:
1697 5198 1794 5253 Dei
1826 5206 1908 5251 cst
1937 5197 2052 5251 hwc

412 5296 544 5367 ipsa
575 5287 801 5360 justitia
827 5303 842 5352 ;
864 5290 1063 5346 donum
1087 5290 1297 5360 penitus
1330 5289 1422 5349 Dei
1450 5298 1531 5343 est
1556 5307 1567 5341 :
1599 5288 1690 5343 Dei
1715 5298 1889 5343 autem
1912 5287 2049 5341 dona

419 5390 614 5458 longo
650 5379 943 5437 intervallo
973 5380 1299 5441 antecedunt
1327 5380 1605 5434 utilitatem
1634 5379 1895 5433 honorum
1925 5392 2054 5448 ope-

409 5493 577 5539 rum,
610 5487 747 5544 quae
775 5486 841 5525 ex
866 5479 1050 5525 nostro
1078 5470 1254 5526 studio
1282 5471 1518 5542 profecta
1549 5481 1690 5526 sunt.
1717 5470 1853 5535 Quid
1874 5478 2050 5524 autem

406 5582 507 5628 cst
567 5566 731 5622 ﬁdes
757 5563 781 5614 ?
810 5561 878 5617 In
926 5564 1059 5631 ﬁde,
1089 5565 1292 5634 inquit,
1325 5566 1394 5618 ad
1433 5564 1829 5635 cognosrcndum
1860 5564 2000 5617 illum
2028 5565 2053 5616 ?

409 5666 574 5735 Ergo
615 5671 731 5729 per
771 5655 929 5708 ﬁdem
966 5655 1197 5726 cognitio
1228 5673 1242 5720 ;
1274 5672 1372 5711 nec
1398 5657 1511 5711 sine
1540 5657 1641 5711 title
1673 5657 1820 5709 illum
1850 5670 2054 5725 cogno-

402 5749 703 5812 secretas
735 5753 835 5799 c~t.
856 5745 1174 5812 Quomodo?
1200 5746 1300 5801 Per
1331 5748 1495 5817 ipsam
1524 5748 1663 5801 enim
1686 5745 2053 5816 cognoscenda

403 5857 503 5906 cst,
540 5845 745 5901 virtus
788 5838 1201 5898 resurrectionis
1235 5838 1367 5907 ejus.
1409 5839 1617 5896 liteniut
1649 5856 1766 5910 qiu-
1802 5854 2049 5909 umquam

1341 431 1410 489 IN
1446 430 1666 487 EPIST.
1710 429 1805 486 AD
1844 428 2130 485 PIIILIPP.
2170 428 2323 483 CAP.
2369 424 2452 483 ΙΙΙ.
2498 416 2726 484 llUMiL.
2770 427 2858 482 XI.

3623 430 3731 485 208

2155 538 2489 594 ratiocinatio
2501 539 2942 594 resurrectionem
2962 538 3116 592 nobis
3129 536 3541 593 demonstrabit?
3552 539 3730 605 Nulla,

2153 626 2246 681 sed
2272 629 2387 682 soia
2421 626 2572 681 ﬁdes.
2592 626 2746 694 Quod
2772 628 2814 681 si
2842 626 3042 683 Christi
3070 628 3362 683 secundum
3390 645 3606 684 carnem
3639 646 3729 686 re-

2153 717 2415 771 surrectio
2457 716 2561 772 ﬁde
2604 718 2964 787 cognoscitur,
3014 720 3282 788 quomodo
3319 721 3594 789 generatio
3639 722 3729 777 Dei

2156 806 2315 862 Verbi
2365 808 2850 879 comprehendetur
2903 813 3448 868 ratiocinationibus?
3500 828 3725 883 genera-

2152 896 2299 952 tione
2341 899 2483 951 enim
2529 899 2703 953 minor
2738 908 2822 954 est
2872 904 3216 957 resurrectio.
3268 902 3424 958 Cur?
3465 903 3727 969 Quoniam

2153 986 2294 1041 illius
2321 987 2534 1057 quidem
2567 990 2734 1044 multa
2760 991 3003 1061 exempla
3028 993 3352 1048 exstiterunt
3377 1035 3390 1056 .
3424 996 3727 1063 generatio.

2151 1080 2232 1133 nis
2260 1081 2461 1135 nullum
2495 1098 2510 1136 :
2543 1083 2737 1137 mortui
2774 1081 2917 1138 enim
2958 1083 3106 1138 multi
3149 1098 3562 1142 resurrexerunt
3604 1095 3729 1142 ante

2149 1171 2443 1239 Christum,
2467 1174 2712 1244 quamvis
2751 1184 2870 1245 post
2909 1177 3359 1232 resurrectionem
3391 1194 3576 1235 rursus
3612 1181 3730 1236 obi-

2149 1264 2324 1318 verint
2352 1281 2367 1328 ;
2396 1280 2554 1320 nemo
2582 1277 2758 1321 autem
2790 1283 3040 1337 umquam
3071 1267 3188 1331 fuit,
3214 1284 3372 1339 quem
3403 1270 3553 1341 virgo
3577 1287 3729 1340 pare—

2149 1363 2250 1408 ret.
2276 1355 2414 1425 F.rgo
2440 1354 2487 1410 si
2519 1355 2645 1410 illud
2667 1356 2859 1421 etiam,
2880 1357 3021 1427 quod
3044 1368 3162 1412 ortu
3193 1359 3486 1414 secundum
3511 1376 3724 1416 carnem

2148 1446 2305 1500 vilius
2348 1454 2467 1510 est,
2499 1446 2603 1501 ﬁde
2641 1448 3200 1516 comprehendi-udum
3229 1458 3355 1515 est;
3389 1451 3531 1519 quod
3561 1452 3728 1505 multo

2155 1540 2328 1605 majus
2343 1547 2454 1604 est,
2467 1549 2519 1592 et
2538 1539 2742 1593 inﬁnite
2770 1541 2941 1607 majus
2960 1554 3023 1594 ac
3043 1554 3111 1595 ne
3131 1540 3494 1610 oomparabile
3508 1542 3723 1611 quidem

2145 1637 2269 1693 est,
2312 1628 2415 1684 hoc
2442 1630 2713 1699 quomodo
2737 1632 3138 1688 ratiocinatione
3161 1634 3678 1702 eomprelteudentus
3702 1636 3729 1690 ?

2150 1720 2273 1776 lltec
2321 1722 2519 1776 faciunt
2559 1721 2839 1791 justitiam.
2877 1723 2990 1779 Hoc
3026 1725 3171 1780 enim
3219 1736 3433 1796 oportet
3464 1728 3722 1795 credere,

2147 1811 2262 1866 ﬁeri
2293 1812 2530 1882 patuisse
2557 1831 2572 1879 ;
2604 1814 2875 1886 quomodo
2903 1830 3030 1872 vero
3061 1819 3316 1887 potuerit,
3345 1835 3453 1874 non
3474 1820 3584 1891 jam
3626 1836 3723 1890 po-

2147 1911 2251 1957 test
2278 1902 2484 1958 ostendi
2511 1921 2527 1959 :
2556 1919 2627 1959 ex
2671 1904 2772 1960 ﬁde
2807 1906 2949 1963 enim
2982 1908 3040 1961 ﬁt
3079 1917 3138 1963 ut
3165 1924 3340 1965 rerum
3380 1912 3721 1966 molestaeum

2145 1997 2290 2051 coire
2317 1998 2626 2054 societatem
2653 1998 2897 2055 velimus.
2931 2000 3248 2069 Quomodo?
3284 2002 3393 2060 Nisi
3437 2005 3583 2059 enim
3606 2021 3724 2060 cre—

2145 2085 2364 2153 damus,
2416 2104 2593 2159 neque
2641 2091 2811 2145 etiam
2853 2092 2991 2147 mala
3041 2096 3343 2163 patiemur;
3385 2096 3483 2151 nisi
3531 2096 3721 2152 creda-

2144 2192 2265 2231 mus
2302 2178 2416 2234 l'ore
2442 2188 2498 2234 ut
2526 2195 2628 2234 una
2653 2183 2938 2250 patientes,
2970 2185 3129 2239 simul
3159 2185 3319 2240 etiam
3349 2186 3717 2257 regnabimus,

2146 2269 2293 2323 nullo
2339 2280 2492 2337 pacto
2541 2272 2606 2325 ad
2662 2273 2934 2328 subeunda
2989 2277 3325 2331 incommoda
3369 2277 3716 2334 adducemur.

2146 2360 2285 2430 Ergo
2322 2360 2425 2415 ﬁde
2462 2372 2515 2418 et
2541 2365 2813 2432 generatio
2853 2376 2905 2420 et
2954 2369 3276 2422 resurrectio
3305 2369 3722 2439 comprehendi-

2145 2459 2251 2504 tur.
2281 2449 2573 2506 Videsnon
2602 2454 2793 2508 nudant
2825 2457 3019 2525 requiri
3050 2456 3238 2521 ﬁdem,
3268 2459 3363 2514 sed
3386 2475 3510 2516 eum
3539 2462 3718 2530 aperi-

2144 2541 2245 2596 bus
2274 2544 2658 2612 conjunctam?
2697 2546 2743 2600 ls
2779 2548 2922 2602 enim
2956 2549 3290 2618 potissimum
3336 2551 3508 2606 credit
3537 2566 3718 2607 resur-

2143 2634 2349 2688 rexisse
2376 2635 2648 2690 Christum
2668 2678 2682 2701 ,
2714 2639 2803 2707 qui
2834 2639 3087 2696 similiter
3111 2656 3169 2696 se
3196 2644 3449 2713 periculis
3475 2646 3716 2714 exponit,

2146 2724 2235 2793 qui
2289 2725 2338 2780 ei
2383 2741 2442 2780 se
2486 2726 2540 2781 in
2592 2730 3030 2798 perpessionibus
3089 2735 3293 2788 sociqu
3347 2736 3551 2805 pra-bet
3598 2756 3611 2790 :
3665 2737 3720 2791 ﬁt

2141 2815 2283 2870 enim
2314 2818 2494 2874 socius
2518 2820 2565 2874 ei
2593 2821 2681 2890 qui
2709 2823 3038 2889 resurrexit,
3069 2824 3120 2879 ei
3142 2826 3229 2894 qui
3256 2826 3406 2879 vivit.
3433 2826 3719 2896 Propterea

2142 2907 2386 2978 dicebat,
2415 2912 2469 2967 9.
2501 2912 2565 2966 Et
2592 2914 2816 2969 inveniar
2835 2917 2888 2970 in
2916 2914 3026 2984 illo,
3051 2933 3153 2971 non
3178 2918 3366 2973 habens
3390 2935 3549 2973 meam
3562 2920 3722 2990 justi—

2143 3000 2266 3053 tiam
2289 3018 2403 3071 quw
2421 3020 2483 3058 ea:
2502 3005 2611 3076 lege
2628 3015 2721 3070 est,
2753 3008 2843 3061 sed
2870 3009 3013 3062 illam
3035 3025 3150 3079 qua
3170 3026 3233 3064 ea:
3266 3011 3369 3080 ﬁde
3394 3021 3468 3066 est
3498 3011 3720 3076 Christi,

2142 3110 2255 3163 quae
2281 3112 2345 3149 es:
2371 3095 2477 3150 Deo
2507 3110 2597 3162 est,
2622 3099 2876 3169 justitiam
2896 3101 2948 3154 in
2970 3102 3090 3168 ﬁde,
3124 3102 3210 3157 {0.
3234 3103 3304 3157 ad
3322 3105 3722 3174 cognoscendum

2142 3186 2318 3251 illum,
2348 3198 2399 3241 et
2425 3190 2654 3243 virtutem
2683 3194 3089 3261 resurrectionis,
3127 3204 3174 3248 et
3210 3196 3495 3250 societatem
3523 3200 3722 3266 passio-

2143 3293 2262 3330 num
2290 3279 2450 3342 illius,
2479 3282 2825 3353 conﬁgurutus
2846 3286 2995 3338 morti
3018 3287 3147 3355 ejus,
3174 3287 3260 3342 li.
3288 3289 3331 3341 si
3348 3304 3447 3358 quo
3468 3290 3619 3344 modo
3638 3307 3723 3345 oe-

2143 3384 2341 3423 curram
2357 3371 2424 3424 ad
2452 3375 2863 3428 resurrectionem
2886 3392 3001 3446 qua
3026 3387 3100 3430 est
3126 3394 3192 3431 ea:
3216 3381 3442 3435 mortuis.
3478 3382 3723 3455 Con/igu-

2142 3470 2315 3528 ratus,
2360 3462 2558 3533 inquit,
2603 3467 2754 3519 morti
2795 3468 2937 3536 ejus;
2975 3468 3024 3522 id
3068 3473 3476 3542 est,p:trticeps.
3513 3474 3722 3531 Etenim

2109 3567 2113 3570 ’
2144 3551 2592 3620 quemadmodum
2623 3554 2710 3610 ille
2732 3557 2799 3610 ab
2821 3556 3124 3613 hominibus
3150 3561 3288 3616 male
3317 3573 3567 3633 acceptus
3595 3576 3676 3622 est
3701 3604 3713 3628 .

2145 3643 2216 3698 ita
2238 3654 2291 3698 et
2314 3660 2412 3715 ego
2437 3664 2449 3698 :
2477 3657 2751 3717 prepterea
2775 3648 2930 3716 dixit,
2950 3650 3341 3724 Conﬁguratus;
3358 3666 3408 3710 et
3427 3672 3610 3715 rursus
3636 3662 3725 3714 ali-

2143 3733 2218 3797 bi,
2236 3733 2303 3788 Et
2324 3736 2576 3806 adimpleo
2590 3754 2650 3792 ea
2668 3755 2781 3809 qua:
2795 3741 2971 3796 desunt
2988 3744 3279 3814 passionum
3299 3743 3488 3803 Christi
3501 3750 3554 3805 in
3575 3766 3726 3807 carus

2146 3842 2257 3880 mea
2286 3827 2504 3896 (Coloss.
2536 3831 2587 3885 Ι.
2617 3830 2732 3903 24).
2762 3832 2816 3887 ω
2846 3843 2948 3900 est,
2977 3839 3287 3893 vexationes
3313 3848 3362 3894 et
3394 3839 3726 3899 calamitates

2147 3916 2447 3986 hujusmodi
2472 3920 2699 3977 reddunt
2726 3924 3006 3994 imaginem
3031 3927 3314 3997 quamdam
3345 3930 3487 3987 illius
3513 3936 3721 3991 mortis.

2145 4007 2422 4066 Nonenim
2452 4013 2593 4082 quod
2615 4030 2768 4069 suum
2801 4025 2885 4071 est
2921 4021 3211 4087 quaerebat,
3234 4021 3329 4076 sed
3365 4024 3504 4092 quod
3541 4031 3727 4082 multis

2149 4100 2448 4170 prodesset.
2481 4103 2836 4171 Quamobrem
2870 4115 2923 4161 et
2961 4110 3269 4164 vexationes
3297 4121 3351 4164 et
3389 4112 3725 4171 incommoda

2147 4192 2478 4263 etangttstite
2505 4202 2707 4248 tantum
2736 4194 2886 4250 abest
2916 4204 2973 4250 ut
3000 4213 3096 4252 nos
3127 4201 3439 4268 perturbare
3463 4204 3723 4273 debeant,

2149 4291 2206 4336 ut
2229 4284 2403 4352 potius
2425 4284 2547 4340 inde
2576 4286 2861 4340 laetandum
2883 4288 2972 4354 sit,
3009 4290 3149 4358 quod
3172 4306 3267 4360 per
3288 4292 3401 4348 hare
3423 4296 3726 4355 conformes

2148 4373 2420 4428 reddimur
2446 4374 2602 4428 morti
2626 4376 2742 4444 ejus
2773 4394 2783 4426 :
2820 4377 3037 4444 perinde.
3062 4394 3122 4431 ac
3146 4382 3193 4434 si
3217 4379 3442 4451 diceret,
3476 4387 3554 4441 Ad
3585 4389 3727 4444 illius

2149 4464 2550 4519 similitudinem
2601 4467 2890 4536 lingimur:
2937 4468 3080 4538 quod
3130 4480 3186 4524 et
3229 4471 3356 4526 alibi
3403 4475 3606 4545 inquit,
3658 4481 3729 4535 ita

2151 4557 2413 4621 scribens,
2445 4555 2889 4625 Morti/irationem
2919 4557 3126 4614 Domini
3151 4561 3276 4616 Jesu
3309 4564 3363 4617 in
3389 4580 3601 4636 corpore
3627 4571 3725 4622 cir-

2149 4653 2479 4718 cumferentes
2522 4649 2609 4718 (2.
2643 4647 2762 4704 Cor.
2796 4652 2849 4705 4.
2887 4652 2996 4719 10).
3029 4653 3081 4707 Id
3119 4669 3246 4709 vero
3291 4672 3357 4712 ex
3399 4675 3587 4730 magna
3631 4664 3731 4718 ﬁde

2152 4741 2227 4794 ﬁt.
2257 4739 2367 4793 Non
2393 4741 2533 4793 enim
2557 4741 2729 4796 solum
2754 4745 3111 4800 resurrcxisse
3136 4747 3425 4812 credimus.
3451 4753 3542 4807 sed
3572 4754 3731 4808 ctiam

2152 4841 2270 4901 past
2299 4832 2745 4887 resurrectionem
2775 4833 2970 4889 habere
2996 4853 3239 4908 magnam
3269 4845 3577 4908 potentiam.
3605 4845 3707 4898 Pro

2154 4932 2331 4992 pterea
2360 4923 2544 4978 eadem
2578 4924 2655 4977 via
2687 4925 2796 4979 itcr-
2818 4926 3038 4983 facimus
3058 4970 3070 4993 ,
3103 4945 3204 5000 qua
3235 4931 3324 4987 ille
3354 4951 3368 4982 ε
3404 4934 3453 4986 id
3484 4943 3601 5001 est,
3635 4935 3735 4992 hac

2152 5013 2311 5068 etiam
2340 5028 2403 5069 ex
2438 5024 2586 5081 parte
2608 5014 2807 5071 iratres
2837 5017 2980 5072 illius
3008 5019 3273 5073 el‘ﬁcitnur
3298 5039 3311 5075 :
3341 5023 3563 5091 perinde
3590 5041 3653 5082 ac
3680 5027 3725 5081 si

2154 5105 2377 5171 diceret,
2410 5106 2484 5160 Ex
2534 5105 2632 5161 hac
2670 5122 2727 5161 re
2759 5107 3023 5162 efﬁcimur
3049 5109 3236 5164 christi
3268 5113 3502 5180 quidam.
3536 5116 3729 5188 Papm!

2153 5207 2345 5266 quanta
2369 5210 2448 5251 est
2471 5212 2826 5252 :erumnarutn
2851 5198 3109 5267 dignitas!
3134 5201 3411 5255 Credimus
3431 5208 3734 5267 cottfortncs

2155 5304 2250 5343 nos
2270 5290 2382 5343 ﬁeri
2404 5289 2554 5341 morti
2584 5289 2701 5357 t-jus
2720 5305 2815 5358 per
2835 5305 3117 5344 mrumnas.
3135 5291 3266 5346 Nam
3289 5299 3734 5364 quemadmodum

2156 5379 2205 5434 itt
2231 5377 2823 5449 baptismo,Consepulti
2843 5396 3018 5434 smnus
3038 5382 3357 5438 similitudini
3384 5392 3558 5444 mortis
3585 5395 3692 5462 ejus
3718 5409 3736 5447 :

2156 5473 2225 5527 ita
2256 5473 2339 5526 hic
2367 5471 2541 5526 eidem
2584 5473 2741 5525 morti
2770 5470 3074 5527 conformes
3112 5474 3403 5531 reddimur.
3440 5481 3512 5533 lhi
3546 5485 3737 5539 merito

2158 5564 2291 5616 dixit
2310 5603 2324 5626 ,
2357 5561 2695 5615 Sintilitudini
2727 5561 2900 5614 mortis
2927 5563 3074 5632 ejus;
3102 5579 3205 5618 nou
3229 5567 3369 5620 enim
3396 5579 3558 5623 totam
3589 5588 3736 5626 mor-

2162 5664 2264 5708 tetu
2298 5653 2595 5714 obit-intus;
2630 5666 2736 5704 non
2759 5653 2899 5705 enim
2927 5668 3153 5722 corpore
3178 5664 3232 5709 et
3257 5671 3416 5712 carne
3442 5664 3636 5716 mortui
3660 5679 3741 5717 su-

2162 5762 2301 5812 mus,
2331 5745 2421 5798 sed
2454 5752 2689 5811 peccato.
2722 5743 2980 5810 Quoniam
3012 5746 3169 5816 igitur
3197 5765 3339 5803 mors
3364 5753 3641 5822 utrobique
3666 5756 3738 5808 tli-

2159 5835 2319 5901 citur,
2347 5832 2442 5888 sed
2462 5833 2550 5888 ille
2570 5832 2785 5903 quidem
2809 5846 3034 5902 corpore
3055 5848 3297 5893 mortuus
3319 5852 3416 5907 cst,
3442 5858 3542 5898 nos
3564 5848 3741 5893 autem
