4030 6204
289 353 305 375 ’
387 392 491 446 7.67

395 518 648 580 peccato;
681 515 734 562 et
764 507 870 560 illic
898 503 1060 558 homo
1087 507 1331 554 mortuus
1363 503 1478 560 est,
1521 506 1682 563 quem
1729 491 1844 580 ipse
1887 501 1976 543 as-

398 605 724 669 sumpserat,
748 595 836 666 qui
860 580 1161 661 incorpore
1182 597 1368 644 nostro
1396 585 1527 650 fuit;
1558 584 1642 638 hic
1668 595 1794 637 vero
1818 579 1979 669 homo

397 668 649 763 peccati:
695 691 974 756 propterea
1023 680 1093 735 ibi
1132 677 1347 750 quidem
1394 676 1594 746 inquit,
1642 668 1978 763 Similitudini

397 757 576 834 mortis
598 779 742 847 ejus;
773 774 860 829 hic
880 785 1008 828 vero
1026 785 1132 825 non
1151 769 1261 840 iam
1290 763 1622 822 similitudini
1649 761 1858 826 mortis,
1885 757 1980 813 sed

398 871 613 942 ipsimet
639 867 819 924 morti.

474 963 528 1018 ὃ.
571 959 764 1015 Paulus
797 957 941 1013 enim
983 956 1037 1010 in
1068 949 1442 1010 venationibus
1481 963 1586 1005 non
1619 949 1729 1018 jam
1761 951 1984 1018 peccato

402 1061 642 1110 mortuus
669 1061 776 1116 est,
806 1048 902 1105 sed
932 1048 1048 1118 ipso
1067 1059 1294 1118 corpore
1321 1059 1338 1099 :
1367 1042 1712 1112 quamobrem
1740 1037 1982 1093 eamdem

400 1145 568 1203 subiit
596 1153 846 1198 mortem.
877 1140 937 1196 Si
965 1149 1064 1210 quo
1093 1137 1243 1192 modo
1273 1149 1556 1200 occurram,
1589 1129 1779 1200 inquit,
1809 1127 1878 1182 ad
1901 1142 1982 1181 re-

401 1238 785 1300 surrectionem,
812 1245 924 1304 qua
967 1240 1040 1285 est
1079 1245 1142 1284 ea:
1187 1227 1416 1287 mortuis.
1459 1222 1597 1290 Quid
1639 1221 1760 1276 ais?
1801 1233 1987 1275 omnes

404 1329 551 1386 enim
582 1327 648 1382 ad
676 1327 835 1382 istam
862 1322 1181 1393 perveniunt
1213 1336 1227 1373 :
1259 1332 1404 1383 nam,
1440 1314 1560 1368 Non
1593 1327 1765 1367 Otones
1784 1308 1987 1380 quidem

404 1420 734 1481 dormimus,
767 1413 959 1485 inquit,
997 1411 1085 1466 sed
1127 1423 1298 1464 omnes
1337 1405 1714 1461 immutabimur
1755 1401 1831 1473 (ι.
1865 1397 1985 1455 Cor.

406 1512 495 1568 18.
533 1509 656 1580 5!);
689 1520 862 1578 neque
897 1500 1308 1560 resurrectionis
1335 1499 1510 1554 solum
1544 1509 1735 1551 omnes
1771 1491 1989 1564 partici-

408 1611 506 1672 pes
532 1599 756 1663 erimus,
787 1596 880 1653 sed
915 1596 1076 1650 etiam
1118 1590 1555 1656 immortalitatis,
1591 1589 1646 1643 hi
1674 1587 1886 1658 quidem
1922 1584 2000 1640 ad”

408 1695 692 1754 honorem,
742 1689 797 1744 lii
839 1703 967 1745 vero
998 1685 1064 1741 ad
1095 1684 1427 1740 occasionem
1464 1680 1745 1753 suppliciL.
1769 1679 1911 1750 Ergo
1945 1677 1988 1733 si

411 1797 602 1838 omnes
659 1781 726 1836 ad
781 1776 1232 1835 resurrectionem
1289 1774 1640 1844 perveniunt,
1697 1784 1870 1841 neque
1925 1767 1992 1823 ad

409 1871 860 1930 resurrectionem
913 1870 1131 1937 solum,
1183 1865 1278 1924 sed
1333 1865 1494 1922 etiam
1557 1863 1624 1919 ad
1675 1860 1995 1918 immortali-

412 1973 616 2030 tatem,
667 1961 938 2034 quomodo
994 1969 1264 2030 tamquam
1318 1955 1408 2028 qui
1459 1954 1786 2025 principuum
1838 1951 1994 2022 quid-

411 2056 556 2126 piam
584 2053 877 2124 adepturus
908 2065 1080 2117 esses,
1123 2048 1364 2112 dicebas,
1402 2045 1464 2102 Si
1489 2061 1588 2116 quo
1635 2044 1786 2098 modo
1822 2058 2000 2097 occur-

412 2147 570 2203 ram!
607 2146 919 2217 Propterea,
959 2143 1152 2215 inquit,
1207 2142 1324 2196 haec
1373 2137 1562 2201 subeo,
1593 2136 1806 2205 Siqua
1848 2132 1999 2187 modo

414 2253 675 2293 occurram
698 2234 767 2290 ad
794 2233 1230 2293 resurrectionem,
1259 2244 1372 2300 quia
1400 2235 1472 2282 est
1512 2243 1574 2282 ea:
1603 2225 1816 2279 mortuis
1847 2239 1867 2279 :
1895 2222 1998 2278 nisi

413 2328 559 2385 enim
586 2335 830 2382 mortuus
859 2322 1046 2388 fueris,
1075 2337 1184 2377 non
1220 2333 1492 2389 resurges.
1521 2315 1660 2384 Quid
1701 2315 1862 2386 igitur
1897 2313 2002 2369 hoc

417 2419 543 2477 est?
590 2416 811 2473 Videtur
851 2428 1105 2484 magnum
1146 2410 1401 2482 quiddam
1446 2407 1550 2464 hoc
1596 2408 1717 2462 loco
1757 2405 2000 2462 subindi—

420 2524 547 2567 care
578 2525 591 2561 :
623 2506 758 2562 adeo
783 2504 927 2561 enim
956 2517 1209 2574 magnum
1237 2512 1370 2566 erat,
1411 2509 1468 2554 ut
1496 2511 1670 2569 neque
1695 2509 2004 2553 asseverare

421 2612 585 2654 ausus
619 2595 802 2662 fuerit,
835 2593 930 2651 sed
961 2603 1168 2648 tantum
1205 2591 1415 2661 inquit:
1448 2589 1507 2644 Si
1546 2605 1644 2660 quo
1672 2588 1841 2643 modo.
1875 2588 2005 2643 Cre-

421 2688 532 2746 didi
585 2688 641 2742 in
683 2686 880 2757 ipsum,
909 2690 966 2740 et
1011 2681 1179 2753 ipsius
1225 2679 1710 2744 resurrectionem;
1751 2687 2006 2749 praeterea

421 2786 647 2852 propter
695 2777 868 2848 ipsum
921 2775 1142 2846 patior:
1175 2786 1276 2828 nec
1333 2780 1512 2826 tamen
1565 2769 1739 2825 adhuc
1790 2780 2006 2840 possunt

425 2872 648 2927 omnino
692 2869 966 2925 confidere
1013 2867 1148 2931 fore,
1194 2876 1253 2920 ut
1299 2877 1662 2934 rcsurgamns.
1696 2862 1863 2928 Quam
1909 2860 2010 2915 hoc

425 2961 545 3020 loco
573 2961 1027 3018 resurrectionem
1056 2957 1226 3028 dicit}
1267 2957 1423 3023 Eam,
1450 2970 1570 3026 quae
1611 2953 1678 3008 ad
1713 2955 1886 3024 ipsum
1913 2951 2012 3007 du-

426 3053 502 3111 cit
523 3053 819 3110 Christum.
865 3050 1030 3116 Dixit,
1066 3047 1280 3104 Credidi
1319 3047 1373 3101 in
1420 3060 1543 3101 eum
1596 3053 1651 3099 et
1698 3043 1883 3099 virtuti
1927 3057 2013 3098 re-

427 3145 779 3202 surrectionis
832 3143 970 3213 ejus,
1019 3150 1076 3198 et
1126 3141 1331 3196 socium
1386 3153 1473 3194 me
1523 3151 1647 3193 esse
1703 3136 2013 3207 passionum

432 3248 655 3293 suarum
675 3275 692 3303 ,
734 3234 1235 3306 contignatumq'ue
1273 3245 1362 3286 me
1395 3245 1516 3286 esse
1547 3229 1707 3285 morti
1738 3228 1886 3299 ejus;
1919 3242 2011 3283 ve-

431 3337 738 3385 rumtamen
782 3335 903 3398 post
948 3323 1064 3380 lucc
1106 3323 1286 3378 omnia
1335 3321 1571 3377 nondum
1621 3319 1833 3391 penitus
1880 3332 2014 3373 con-

431 3420 542 3476 fido
570 3437 584 3476 :
613 3419 760 3492 quod
788 3419 915 3474 alibi
959 3417 1112 3482 dixit,
1161 3415 1262 3484 Qui
1291 3431 1344 3469 se
1373 3415 1626 3470 existimat
1667 3421 1820 3478 stare,
1851 3411 2018 3466 uideat

432 3527 497 3565 ne
516 3511 668 3566 cadat
701 3508 776 3580 (Ι.
803 3506 926 3563 Cor.
961 3506 1050 3562 10.
1082 3506 1210 3575 12);
1239 3513 1296 3560 et
1323 3514 1530 3567 rursus,
1561 3500 1737 3556 Timeo
1774 3516 1838 3555 ne
1862 3503 2015 3571 forte,

432 3618 549 3656 cum
580 3601 702 3655 aliis
744 3597 1150 3668 prcdicaoerim,
1177 3596 1286 3664 ipse
1312 3593 1554 3663 reprobus
1582 3593 1768 3662 eﬁiciar
1793 3591 1868 3663 (l.
1897 3589 2017 3645 Cor.

435 3694 491 3748 9.
515 3688 742 3762 9.7).12.
779 3687 900 3742 Non
917 3687 1050 3756 quod
1068 3688 1183 3755 jam
1209 3686 1506 3754 acceperim,
1532 3692 1620 3736 aut
1635 3684 1748 3752 jam
1774 3680 2021 3752 perfectus

435 3783 535 3839 sim
561 3795 790 3848 nequer
821 3785 1012 3842 autem,
1048 3777 1093 3830 si
1133 3791 1233 3844 quo
1273 3775 1422 3828 modo
1467 3773 1928 3836 comprehendam,
1968 3773 2022 3826 in

436 3891 538 3948 quo
581 3881 628 3929 et
666 3870 1055 3941 comprehensus
1091 3883 1203 3922 sum
1239 3882 1272 3920 ο
1311 3865 1511 3920 Christo
1545 3863 1692 3919 ιω.
1729 3862 1849 3919 Non
1886 3863 2024 3936 quod

431 3969 552 4039 jam
587 3963 889 4034 acceperim.
921 3959 1058 4028 Quid
1091 3967 1193 4026 est,
1234 3957 1357 4012 1am
1400 3956 1722 4024 acceperim?
1750 3955 2021 4022 Bravium,

442 4058 639 4130 inquit.
676 4054 852 4123 Quod,
889 4053 934 4109 si
966 4051 1063 4122 qui
1089 4059 1234 4106 tanta
1266 4061 1552 4121 perpessus
1587 4048 1781 4116 fuerat,
1810 4048 1898 4119 qui
1928 4063 2023 4103 ve-

441 4148 690 4215 xabatur,
727 4146 817 4216 qui
865 4141 1332 4200 mortificationem
1376 4139 1627 4207 habebat,
1670 4139 1906 4195 nondum
1957 4138 2026 4195 de

441 4237 837 4295 resurrectione
875 4235 969 4289 illa
1019 4233 1242 4298 fidenti,
1290 4239 1347 4286 et
1391 4244 1588 4287 securo
1638 4229 1818 4285 animo
1863 4237 2024 4284 erat:

443 4329 571 4400 quid
599 4326 812 4383 tandem
849 4326 1093 4382 dicemus
1120 4323 1254 4380 nos?
1291 4321 1428 4392 Quid
1463 4329 1569 4389 est,
1605 4319 1667 4376 Si
1700 4321 2028 4392 comprehem

443 4421 564 4476 dam
583 4419 613 4474 2η
633 4417 786 4486 Quod
823 4426 979 4472 antea
1017 4415 1251 4480 dixerat,
1304 4413 1366 4469 Si
1402 4428 1666 4468 occurram
1702 4413 1757 4467 in
1801 4427 2026 4467 resurre-

447 4515 684 4578 ctionem,
713 4526 827 4579 quin
853 4519 926 4565 est
963 4525 1026 4563 ea:
1061 4507 1296 4562 mortuis.
1331 4505 1389 4561 Si
1423 4503 1897 4576 comprehendam,
1942 4503 2026 4558 in-

442 4605 578 4675 quit,
627 4617 692 4657 ac
731 4611 940 4656 teneam
997 4598 1165 4668 ipsius
1208 4597 1690 4658 resurrectionem;
1737 4595 1788 4650 id
1835 4603 1937 4662 cst,
1982 4597 2028 4651 si

446 4703 594 4748 tanta
636 4691 769 4761 pati,
805 4689 851 4746 si
891 4693 1063 4759 ipsum
1117 4687 1311 4742 imitari
1365 4694 1606 4754 potuero,
1653 4685 1698 4740 si
1739 4685 2030 4740 conformis

446 4786 546 4856 ipsi
589 4784 702 4840 fieri
752 4800 764 4836 :
807 4778 1257 4852 quemadmodum
1301 4778 1465 4832 multa
1507 4791 1698 4847 passus
1737 4786 1820 4832 est
1868 4776 2027 4832 Citri-

442 4889 580 4943 stus,
610 4875 781 4946 sputis
811 4873 1041 4930 ftedatus
1084 4880 1190 4937 est,
1228 4869 1398 4940 alapis
1440 4879 1493 4925 et
1532 4869 1694 4940 virgis
1732 4883 1928 4933 caesus,
1967 4881 2031 4923 ac

447 4969 662 5024 domum
705 4975 941 5023 mortem
967 4963 1148 5019 subiit.
1199 4961 1312 5018 Hoc
1357 4961 1585 5016 stadium
1632 4967 1752 5014 est:
1783 4974 1881 5029 per
1916 4958 2032 5014 lucc

448 5061 630 5116 omnia
663 5074 798 5130 opus
847 5066 931 5113 est
974 5055 1041 5110 ad
1087 5055 1228 5111 illius
1267 5053 1720 5110 resurrectionem
1765 5066 1862 5106 vos
1901 5066 2029 5122 per-

446 5151 633 5208 venire
670 5149 848 5206 omnia
880 5148 1172 5205 certamina
1212 5145 1566 5218 perferentes.
1607 5144 1700 5199 Vel
1745 5144 1904 5216 igitur
1929 5143 2033 5201 hoc

448 5241 550 5297 sibi
591 5240 724 5306 vult,
765 5239 846 5295 vel
887 5238 1028 5295 istud
1061 5256 1073 5292 :
1106 5237 1162 5294 Si
1212 5237 1406 5308 dignus
1436 5235 1608 5298 fuero,
1646 5235 1736 5305 qui
1773 5248 2033 5306 assequar

449 5332 729 5404 probatam
764 5332 907 5386 illam
937 5329 1387 5387 resurrectionem
1427 5342 1491 5383 ac
1530 5326 1765 5383 fidc‘ntize
1795 5326 2030 5396 plenam,

452 5424 518 5480 ad
571 5422 738 5496 ipsius
781 5422 1232 5478 resurrectionem
1273 5418 1605 5490 perveniam.
1647 5417 1776 5473 Nam
1832 5417 1876 5472 si
1917 5432 2033 5473 cer-

453 5511 676 5579 tamina,
731 5515 776 5570 si
828 5513 1039 5569 labores
1077 5527 1264 5568 onines
1315 5511 1550 5583 perferre
1595 5520 1840 5581 potuero,
1891 5509 2033 5564 illius

452 5621 664 5678 quoque
699 5603 1147 5660 resurrectionem
1184 5601 1396 5672 assequi
1435 5610 1644 5672 potero,
1677 5611 1729 5656 et
1761 5615 1881 5656 cum
1922 5600 2034 5672 glo-

451 5695 530 5749 ria
575 5708 877 5764 resurgere.
923 5691 1168 5748 Nondum
1211 5691 1373 5756 enim,
1415 5691 1608 5762 inquit,
1655 5690 1847 5762 dignus
1890 5706 2030 5758 sum,

449 5783 652 5851 Sequor
696 5790 884 5848 autem,
927 5783 970 5836 si
1013 5797 1110 5851 quo
1151 5780 1301 5837 modo
1343 5780 1786 5851 contprcfuttdam.
1838 5780 2026 5837 Adhuc

1225 379 1283 434 S.
1309 374 1587 434 JOANNIS
1627 367 2097 429 CHRYSOSTOMI
2134 367 2447 424 ARCIIIEP.
2487 365 3016 425 CONS'I'ANFINOP.

3563 371 3669 427 268

2087 484 2217 541 mihi
2266 485 2372 540 vita
2427 486 2482 540 iu
2532 485 2828 541 certamine
2883 488 3150 551 versatur,
3205 485 3382 541 adhuc
3439 501 3467 540 a
3526 497 3667 544 mela

2086 579 2244 649 longe
2277 578 2488 643 absum,
2534 577 2712 632 adhuc
2747 590 2776 630 a
2816 577 3016 633 breviis
3053 577 3216 644 disto,
3263 576 3440 633 adhuc
3483 593 3668 646 curro,

2085 671 2260 726 adhuc
2297 681 2513 741 sequor.
2563 670 2629 724 Et
2676 673 2784 724 non
2825 669 2981 736 dixit,
3032 667 3223 735 Curre,
3262 668 3378 734 sed,
3423 667 3670 739 Sequar:

2089 776 2153 816 ac
2205 762 2416 816 merito.
2464 759 2596 815 Nam
2644 760 2733 830 qui
2789 760 3145 831 persequitur,
3199 761 3370 814 nostis
3415 770 3670 831 quantam

2088 851 2490 908 contentionem
2535 853 2587 904 in
2634 851 2892 905 sectando
2937 849 3233 904 adhibeat:
3264 851 3534 905 neminem
3585 851 3672 904 in-

2091 950 2290 1008 tuetur,
2323 955 2512 997 omnes
2554 941 2642 1010 qui
2682 955 2897 996 cursum
2927 939 3070 995 illius
3109 941 3526 1010 interrumpunt,
3559 957 3676 996 ma-

2089 1048 2195 1106 gno
2233 1033 2432 1103 impetu
2463 1033 2740 1104 propellit;
2784 1039 2840 1086 et
2873 1040 3106 1087 mentem
3135 1041 3191 1086 et
3219 1031 3408 1088 oculos
3439 1043 3494 1088 et
3523 1033 3670 1089 vires

2091 1133 2149 1180 et
2201 1124 2432 1178 animam
2490 1134 2548 1178 et
2598 1137 2794 1193 corpus
2845 1122 3147 1187 contrahit,
3201 1125 3376 1179 solum
3431 1125 3676 1180 bravium

2093 1224 2366 1286 spectans.
2399 1214 2551 1282 Quod
2589 1213 2635 1268 si
2676 1214 2873 1268 Paulus
2916 1221 3096 1269 tantus
3138 1223 3374 1270 sectator
3417 1229 3479 1270 ac
3529 1223 3679 1270 tanta

2095 1319 2304 1377 passus,
2337 1306 2511 1361 adhuc
2543 1306 2737 1377 inquit,
2785 1307 2847 1362 Si
2888 1323 2987 1377 quo
3035 1307 3186 1360 modo
3226 1307 3676 1379 comprehendam,

2093 1397 2220 1469 quid
2259 1393 2505 1453 dicemus
2543 1411 2641 1452 nos
2691 1398 2779 1467 qui
2825 1397 3194 1453 concidimus?
3238 1399 3443 1454 Deinde
3490 1409 3680 1453 ostcu»

2095 1491 2229 1547 dens
2280 1493 2519 1548 debitum
2567 1492 2668 1547 hoc
2710 1507 2852 1557 esse,
2901 1493 3093 1562 inquit,
3135 1491 3201 1546 In
3236 1509 3335 1562 quo
3375 1504 3420 1547 et
3458 1509 3683 1564 compre-

2097 1585 2284 1639 hensus
2325 1602 2437 1638 sum
2467 1601 2498 1638 a
2526 1583 2649 1639 Iesu
2677 1583 2900 1640 Christo.
2949 1584 3132 1649 Eram,
3167 1585 3357 1655 inquit,
3392 1599 3456 1640 ex
3505 1583 3689 1654 perdi-

2097 1684 2273 1731 torum
2306 1689 2553 1741 numero;
2583 1674 2910 1739 suﬁ‘ocabar,
2945 1673 3275 1745 pereundum
3302 1675 3434 1730 mihi
3463 1677 3688 1730 omnino

2100 1775 2250 1834 erat;
2300 1766 2710 1836 comprehendit
2767 1781 2853 1822 me
2905 1767 3047 1822 Deus
3088 1783 3100 1819 :
3144 1779 3267 1820 nam
3317 1774 3374 1822 et
3421 1767 3535 1837 ipse
3585 1781 3688 1822 nos

2101 1867 2338 1918 sectatus
2384 1871 2466 1917 est
2522 1859 2783 1931 fugientes
2843 1861 3016 1929 ipsum
3071 1875 3264 1929 magno
3317 1873 3438 1914 cum
3485 1860 3682 1914 studio.

2102 1953 2206 2009 Per
2240 1953 2344 2008 hoc
2377 1951 2555 2008 omnia
2587 1951 2703 2007 hinc
2730 1950 2930 2005 indicat
2962 1969 2974 2004 :
3008 1950 3092 2006 his
3123 1951 3266 2005 enim
3306 1950 3504 2016 verbis,
3533 1951 3690 2004 Com-

2103 2045 2380 2117 prehensus
2423 2059 2556 2108 sum,
2603 2051 2660 2098 et
2712 2042 2948 2098 studium
2999 2042 3092 2098 Dei
3143 2041 3533 2097 demonstravit
3589 2058 3690 2098 nos

2103 2134 2564 2205 comprehendere
2613 2133 2875 2196 volentis,
2933 2142 2988 2188 et
3041 2139 3284 2188 nostrum
3339 2133 3689 2203 leng'nqunm

2108 2239 2380 2284 recessum
2412 2235 2573 2297 atque
2613 2224 2964 2290 errationem,
3001 2239 3207 2296 nosque
3245 2225 3462 2280 omnino
3492 2226 3560 2280 ab
3601 2225 3697 2280 illo

2105 2318 2366 2388 refugisse
2408 2316 2666 2373 ostendit.

2181 2409 2235 2464 5.
2276 2408 2636 2476 Quamobrem
2666 2390 2801 2463 'cum
2847 2405 2980 2463 illud
3030 2408 3284 2480 lacryinis
3328 2406 3545 2478 dignum
3575 2415 3694 2470 est,

2108 2515 2297 2557 omnes
2337 2501 2404 2556 ad
2449 2499 2737 2571 pristinum
2777 2509 2975 2555 statum
3021 2500 3223 2567 relabi;
3269 2510 3379 2555 tum
3425 2514 3553 2556 vero
3591 2501 3700 2555 hoe

2110 2591 2293 2658 etiam,
2322 2606 2443 2646 cum
2483 2599 2677 2660 magno
2719 2589 2888 2645 simus
2923 2589 3106 2645 debito
3147 2591 3391 2655 obnoxii,
3425 2591 3698 2646 neminem

2112 2692 2292 2738 tamen
2342 2683 2546 2754 lugere,
2596 2682 2864 2738 nemiuem
2911 2683 3216 2754 lacrymari,
3272 2685 3547 2740 neminem
3603 2700 3699 2738 su-

2112 2775 2341 2846 spirare.
2379 2774 2459 2830 Ac
2488 2790 2557 2830 ne
2589 2784 2741 2844 putes
2771 2775 2976 2830 ironice
3003 2775 3189 2830 isthaec
3225 2789 3254 2828 a
3285 2789 3373 2829 me
3407 2775 3532 2830 dici.
3568 2775 3702 2829 Nam

2113 2865 2560 2939 quemadmodum
2593 2875 2717 2922 ante
2743 2865 2937 2922 Christi
2980 2865 3266 2921 adventum
3308 2881 3339 2920 a
3383 2864 3494 2922 Deo
3533 2863 3699 2936 fugie-

2117 2958 2332 3027 bamus,
2363 2960 2435 3014 ita
2483 2973 2628 3015 nunc
2674 2959 2742 3015 ab
2784 2959 2901 3029 ipso
2941 2958 3195 3028 fugimus.
3237 2958 3532 3014 Possumus
3558 2960 3702 3014 enim

2119 3051 2307 3124 fugere
2353 3067 2382 3105 a
2429 3051 2563 3118 Deo,
2614 3067 2721 3106 non
2752 3049 2965 3122 quidem
3010 3050 3151 3115 loco,
3204 3065 3328 3106 nam
3362 3051 3558 3122 ubique
3597 3061 3704 3118 εει,

2118 3142 2214 3198 sed
2255 3143 2530 3213 operibus.
2570 3143 2637 3197 Et
2664 3141 2806 3212 quod
2851 3142 2918 3198 ab
2956 3157 3021 3198 eo
3056 3141 3240 3213 fugere
3270 3157 3378 3198 non
3417 3144 3704 3214 possimus,

2116 3237 2244 3292 audi
2275 3235 2591 3307 prephetam
2633 3235 2920 3300 dicentem,
2957 3233 3070 3301 Quo
3112 3235 3194 3290 ibo
3226 3252 3258 3288 a
3287 3237 3472 3305 spiritu
3503 3245 3588 3289 tuo
3608 3235 3634 3288 ε’
3661 3246 3707 3288 et

2119 3339 2220 3396 auo
2271 3343 2303 3381 a
2351 3328 2482 3398 facie
2530 3337 2617 3381 tua
2671 3327 2865 3397 fugiam
2908 3325 3080 3396 (Psaf.
3125 3326 3248 3382 158.
3301 3326 3397 3392 7)?
3427 3325 3707 3394 Quomodo

2122 3419 2281 3490 igitur
2325 3432 2611 3489 possumus
2653 3433 2686 3472 a
2737 3418 2845 3472 Deo
2888 3417 3117 3488 fugere?
3161 3418 3358 3474 Eodem
3389 3418 3568 3484 modo,
3598 3435 3714 3490 quo

2123 3521 2410 3580 possumus
2441 3509 2622 3578 procul
2653 3522 2683 3561 a
2714 3506 2826 3562 Deo
2857 3507 3146 3578 proficisci,
3192 3523 3253 3562 ac
3296 3508 3452 3577 longe
3491 3508 3705 3562 abesse.

2126 3599 2226 3665 Qui
2263 3615 2317 3653 se
2347 3598 2604 3668 eiongant,
2635 3599 2824 3669 inquit,
2857 3613 2886 3652 a
2915 3606 2982 3662 te,
3013 3599 3243 3669 peribunt
3268 3597 3439 3668 (Psal.
3470 3598 3558 3653 72.
3589 3597 3702 3670 27);

2124 3699 2181 3745 et
2220 3701 2431 3756 rursus,
2487 3688 2676 3744 Nonne
2719 3690 3006 3760 iniquitates
3045 3698 3219 3744 castra:
3263 3689 3538 3744 diviserunt
3581 3691 3717 3744 inter

2126 3799 2206 3837 me
2248 3793 2294 3837 ct
2341 3798 2430 3837 sos
2477 3781 2631 3855 (lsai.
2683 3781 2772 3838 59.
2827 3781 2926 3852 2)?
2972 3781 3252 3848 Quomodo
3301 3783 3458 3854 igitur
3503 3782 3564 3837 fit
3611 3784 3713 3838 iste

2127 3873 2448 3944 longinquus
2485 3873 2781 3929 discessus?
2819 3883 2874 3929 et
2917 3873 3188 3943 quomodo
3228 3874 3510 3931 intercedit
3551 3875 3718 3930 inter-

2127 3965 2364 4020 vallum?
2391 3964 2690 4032 Electione,
2723 3973 2778 4020 et
2819 3965 3000 4020 animo
3027 3981 3040 4016 :
3067 3965 3190 4020 loco
3219 3965 3362 4021 enim
3391 3981 3498 4020 non
3527 3979 3715 4035 possu-

2131 4071 2250 4112 mus
2279 4073 2294 4110 :
2325 4054 2596 4124 quomodo
2620 4055 2762 4110 enim
2810 4055 2929 4126 quis
2958 4056 3026 4111 ab
3053 4071 3139 4120 eo,
3169 4058 3260 4126 qui
3290 4056 3485 4127 ubique
3523 4055 3709 4119 adest,

2131 4147 2324 4218 fugiat?
2346 4147 2603 4202 Peccator
2624 4146 2785 4218 igitur
2811 4145 2963 4217 fugit.
2996 4146 3109 4201 [ioc
3139 4156 3244 4214 est,
3270 4147 3413 4217 quod
3441 4148 3719 4217 Scriptura

2134 4240 2326 4310 inquit,
2373 4237 2530 4309 Fugit
2569 4240 2756 4308 impius
2794 4241 2990 4293 nemine
3037 4250 3362 4311 persequente
3400 4239 3580 4310 (Prov.
3621 4241 3714 4294 23.

2135 4330 2211 4400 l).
2245 4329 2412 4386 Valde
2441 4330 2671 4401 fugimus
2700 4331 2863 4386 Deum
2888 4346 2903 4396 ;
2931 4331 3146 4386 tametsi
3173 4345 3392 4402 semper
3421 4331 3512 4386 ille
3539 4341 3718 4387 set-ta-

2134 4429 2221 4476 tur
2257 4435 2376 4476 nos.
2415 4420 2708 4490 Apostolus
2737 4435 2951 4477 cursum
2993 4436 3152 4477 suum
3191 4438 3256 4478 eo
3291 4423 3634 4485 intendebat,
3665 4435 3719 4477 ut

2134 4526 2300 4582 prope
2327 4510 2392 4566 ad
2415 4510 2562 4566 illum
2592 4512 2908 4568 acccderct’:
2932 4527 3030 4567 nos
3050 4527 3116 4567 eo
3147 4512 3492 4580 intendimus,
3516 4523 3574 4567 ut
3602 4530 3723 4583 pro-

2135 4603 2223 4658 cul
2247 4602 2586 4658 discedamus
2616 4619 2630 4657 :
2663 4619 2790 4673 ergo
2822 4619 2927 4658 non
2959 4602 3073 4658 bace
3109 4604 3268 4674 digna
3294 4605 3579 4661 lamentis?
3606 4608 3726 4672 Quo

2137 4700 2305 4771 fugis,
2334 4698 2516 4756 infelix
2556 4708 2611 4755 et
2651 4699 2857 4754 miser?
2900 4713 3006 4770 quo
3046 4697 3185 4770 fugis
3223 4714 3253 4753 a
3301 4701 3406 4754 vita
3452 4709 3508 4755 et
3550 4699 3727 4754 salute

2138 4792 2266 4847 tua?
2300 4791 2357 4847 Si
2391 4805 2422 4846 a
2463 4791 2572 4847 Deo
2602 4789 2790 4860 fugias,
2820 4790 2886 4846 ad
2925 4805 3084 4861 quem
3115 4791 3428 4862 confugies?
3458 4791 3505 4848 si
3535 4808 3564 4846 a
3605 4791 3722 4845 lucc

2138 4881 2330 4953 fugias,
2364 4897 2470 4952 quo
2507 4881 2806 4952 respicies?
2835 4881 2879 4937 si
2909 4897 2940 4935 a
2970 4881 3072 4936 vita
3107 4881 3302 4952 fugias,
3329 4882 3471 4938 unde
3504 4881 3726 4952 posthac

2137 4973 2324 5029 vives?
2352 4971 2636 5045 Fugiamus
2668 4976 2877 5030 hostem
2907 4973 3096 5028 salutis
3126 4985 3345 5029 noetrte.
3369 4974 3501 5028 Cum
3532 4988 3724 5042 pecca-

2137 5081 2281 5135 mus,
2313 5081 2345 5121 a
2374 5066 2483 5121 Deo
2513 5065 2766 5137 fugimus,
2799 5065 3142 5136 fugitivorum
3173 5080 3324 5120 more
3361 5079 3626 5131 erramus,
3661 5061 3738 5116 ad

2138 5157 2369 5213 alienam
2401 5156 2738 5212 abscedimus
2767 5165 2965 5211 terram
2994 5173 3009 5208 :
3038 5155 3489 5227 quemadmodum
3521 5155 3609 5209 ille
3637 5154 3732 5223 qui

2138 5249 2447 5306 comederat
2489 5259 2709 5320 paterna
2739 5249 2898 5314 bona,
2933 5258 2988 5303 et
3019 5248 3224 5303 abierat
3265 5249 3317 5302 in
3348 5248 3578 5302 alienam
3617 5254 3732 5300 ter-

2139 5356 2278 5409 ram,
2304 5341 2392 5412 qui
2421 5349 2589 5396 totum
2623 5341 2998 5410 patrimonium
3029 5349 3457 5412 consumpserat,
3487 5351 3647 5409 atque
3676 5340 3734 5391 in

2141 5435 2279 5490 fame
2306 5434 2519 5490 vivebat
2549 5433 2698 5507 (Luc.
2737 5433 2851 5502 15).
2887 5432 3158 5488 Habemus
3187 5447 3319 5488 vero
3345 5429 3736 5502 patrimonium

2139 5535 2193 5583 et
2233 5541 2349 5583 nos.
2391 5523 2701 5596 Cuiusmodi
2739 5539 2866 5580 vero
2910 5524 3050 5579 hoc?
3080 5524 3356 5580 Liberavit
3397 5537 3494 5578 nos
3534 5538 3560 5577 a
3601 5538 3733 5591 pec-

2139 5619 2292 5684 catis,
2317 5615 2537 5674 donavit
2566 5617 2720 5672 nobis
2750 5617 2888 5672 vires
2910 5615 2976 5670 ad
3009 5616 3220 5670 virtutis
3243 5615 3415 5670 officia
3458 5614 3736 5677 obeunda,

2140 5709 2359 5765 donavit
2388 5708 2541 5765 nobis
2577 5707 2939 5774 alacritatem,
2971 5705 3318 5778 patientiam;
3367 5705 3418 5758 iu
3462 5705 3744 5773 baptismo

2141 5803 2364 5858 donavit
2392 5801 2543 5856 nobis
2565 5799 2818 5870 Spiritum
2841 5806 3121 5855 sanctum:
3150 5797 3196 5852 si
3217 5794 3333 5851 haec
3359 5794 3740 5865 absuiupset‘i-
