4030 6204
359 345 465 404 οπο

361 463 618 535 ἐκείμεθα
643 463 743 516 οὐκ
780 463 871 514 ἐπὶ
899 461 1106 530 κλίνης,
1139 461 1252 514 ἀλλ’
1275 462 1368 514 ἐπὶ
1394 461 1493 532 τῆς
1519 461 1718 524 κακίας
1742 459 1935 532 αὐτῆς.

361 557 616 627 καθάπερ
649 555 706 608 ἐν
737 553 958 623 κοπρίᾳ,
985 555 1050 623 τῇ
1099 552 1335 622 πονηρία
1366 552 1708 626 ἐρριμμένοι,
1759 552 1939 623 ἡλκω-

363 646 537 716 μένοι,
567 643 824 707 δυσωδίας
857 640 1132 711 ἀνάπλεῳ,
1161 641 1499 711 αὐχμῶντες,
1533 641 1940 712 κατατρυχόμεο

361 754 462 801 νοι,
496 734 686 792 εἷδωλα
719 733 918 805 μᾶλλον
961 733 1132 799 ὄντες,
1165 731 1198 803 ἤ
1229 731 1523 804 ἅνθρωποι.
1558 732 1940 802 Περιειστὴκε-

360 847 456 883 σαν
503 829 651 898 ἡμᾶς
696 825 948 896 δαίμονες
998 826 1264 898 πονηροὶ,
1302 829 1330 880 6
1367 827 1550 896 ἄρχων
1587 825 1680 878 τοῦ
1731 825 1937 896 κόσμου

355 921 543 974 τούτου
585 918 780 988 γελῶν,
813 915 1391 990 ἐπεμϐαίνων.Ἧλθεν
1427 919 1455 970 6
1485 917 1577 972 τοῦ
1606 917 1739 971 Θεοῦ
1768 919 1936 971 Μονο-

356 1011 535 1082 γενὴς,
563 1010 746 1080 ἀφῆκε
791 1009 892 1072 τὰς
919 1010 1142 1072 ἀκτῖνας
1173 1012 1270 1080 τῆς
1302 1009 1602 1087 παρουσίας
1622 1008 1810 1068 αὐτοῦ,
1845 1007 1938 1062 καὶ

355 1101 444 1155 τὸν
475 1101 636 1168 ζόφον
664 1099 866 1163 εὐθέως
893 1099 1199 1170 ἀπήλασεν·
1230 1095 1358 1169 ἦλθε
1395 1098 1528 1169 πρὸς
1553 1100 1703 1170 ἡμᾶς
1731 1099 1759 1151 6
1787 1098 1938 1168 βασι-

355 1192 482 1255 λεὺς
515 1193 544 1244 6
583 1188 659 1244 ὣν
707 1191 766 1244 ἐν
815 1189 894 1261 τῷ
943 1190 1117 1262 θρόνῳ
1147 1189 1419 1260 πατρικῷ.
1447 1189 1538 1242 τὸν
1564 1188 1753 1260 θρόνον
1777 1188 1938 1258 ἀφεὶς

356 1283 448 1338 τὸν
477 1282 741 1354 πατρικὸν
772 1282 920 1353 (ὅταν
942 1283 1020 1347 δέ,
1047 1282 1226 1352 ἀφεὶς,
1256 1283 1428 1345 εἴπω,
1467 1281 1542 1352 μὴ
1581 1280 1739 1334 πάλιν
1768 1282 1937 1352 μετά-

360 1391 550 1428 στασιν
583 1373 840 1448 νομίσῃς·
881 1373 972 1427 τὸν
997 1374 1105 1444 γάρ
1133 1373 1360 1445 οὐρανὸν
1392 1373 1486 1426 καὶ¹
1513 1373 1612 1443 τὴν
1643 1373 1744 1442 γῆν
1776 1371 1936 1436 αὐτὸς

359 1465 594 1538 πληροῖ·
627 1465 764 1520 ἀλλά
787 1465 878 1520 διά
904 1465 1003 1538 τὴν
1035 1465 1348 1536 οἰκονομίαν
1372 1464 1532 1518 τοῦτό
1565 1481 1706 1535 φημι
1729 1464 1775 1534 )·
1803 1459 1934 1534 ἦλθε

361 1557 498 1628 πρὸς
545 1555 738 1628 ἐχθρὸν
767 1556 856 1610 τὸν
889 1557 1150 1626 μισοῦντα
1179 1555 1363 1620 αὐτὸν,
1390 1555 1480 1608 τὸν
1521 1554 1936 1624 ἀποστρεφόμεο

359 1666 466 1713 νον,
483 1649 573 1702 τὸν
599 1647 720 1702 οὐδὲ
749 1648 877 1702 ἰδεῖν
896 1648 1058 1702 αὐτὸν
1081 1648 1424 1719 ἀνεχόμενον,
1442 1646 1534 1699 τὸν
1554 1646 1674 1699 καθ’
1697 1645 1934 1716 ἑκάστην

357 1739 520 1793 αὐτὸν
575 1737 998 1810 βλασφημοῦντα
1043 1739 1141 1810 τὴν
1187 1739 1418 1810 ἡμέραν.
1453 1734 1604 1792 Εϊδεν
1638 1738 1695 1790 ἐν
1732 1737 1936 1809 κοπρίᾳ

357 1831 632 1901 κείμενον,
661 1829 928 1900 σκώληξιν
955 1830 1289 1902 ἡλκωμένον,
1321 1834 1591 1901 πυρετοῖς,
1622 1831 1768 1903 λιμῷ
1803 1849 1936 1886 κατ-

355 1921 637 1994 οχόμενον,
671 1924 778 1976 πᾶν
807 1916 947 1987 εἶδος
989 1921 1183 1992 έχοντα
1209 1923 1387 1980 νόσου.
1419 1923 1528 1977 Καὶ
1565 1922 1674 1993 γάρ
1708 1923 1800 1976 καὶ
1831 1941 1936 1976 πυ-

358 2015 512 2078 ρετὸς
563 2012 814 2084 ἡνώχλει,
863 2012 1020 2070 τοῦτο
1077 2012 1185 2087 γὰρ
1236 2013 1496 2084 ἐπιθυμία
1546 2015 1788 2086 πονηρὰ,
1842 2014 1937 2069 καὶ

355 2107 658 2176 φλεγμοναὶ
701 2106 1006 2168 ἐπέκειντο,
1036 2105 1192 2159 τοῦτο
1242 2107 1350 2176 γάρ
1399 2107 1432 2176 ἡ
1482 2106 1730 2172 ἀπόνοια,
1766 2107 1861 2161 καὶ
1901 2108 1934 2177 ἡ

358 2197 612 2268 βουλιμία
638 2215 722 2261 τις
750 2199 784 2268 ἡ
819 2197 1084 2268 λεγομένη
1114 2200 1357 2268 κατεῖχε,
1380 2197 1536 2251 τοῦτο
1559 2197 1665 2269 γάρ
1690 2198 1722 2269 ἡ
1746 2198 1936 2251 πλεον-

355 2288 496 2355 εξία,
526 2289 620 2344 καὶ
655 2289 948 2359 σηπεδόνες
979 2286 1262 2354 πάντοθεν,
1295 2289 1450 2342 τοῦτο
1480 2289 1586 2361 γάρ
1620 2292 1652 2361 ἡ
1684 2289 1931 2362 πορνεία,

357 2380 452 2434 καὶ
493 2381 741 2452 πήρωσις
783 2379 1099 2450 ὀφθαλμῶν,
1138 2380 1296 2433 τοῦτο
1344 2379 1451 2451 γὰρ
1499 2380 1930 2455 είδωλολατρεία,

356 2471 452 2525 καὶ
476 2469 730 2541 κώφωσις
765 2471 856 2532 καὶ
903 2470 1278 2541 παραπληξία,
1309 2470 1466 2524 τοῦτο
1511 2470 1619 2542 γάρ
1663 2471 1726 2524 τὸ
1763 2488 1934 2542 προσ-

355 2564 540 2615 κυνεῖν
562 2561 726 2626 λίθοις
749 2561 846 2616 καὶ
872 2561 1050 2628 ξύλοις
1071 2563 1163 2615 καὶ
1184 2561 1410 2626 ἐκείνοις
1434 2561 1930 2632 προσφθέγγεσθαι,

354 2654 451 2707 καὶ
482 2653 747 2706 δυσείδεια
783 2651 976 2724 πολλὴ,
1007 2651 1168 2705 τοῦτο
1193 2651 1301 2723 γὰρ
1328 2651 1495 2704 κακία
1512 2666 1525 2680 ·
1553 2651 1716 2721 ἀηδές
1742 2669 1815 2714 τι,
1842 2654 1934 2706 καὶ

353 2743 507 2807 νόσος
525 2743 904 2814 χαλεπωτάτη.
926 2739 1047 2798 Εῐδε
1072 2745 1255 2814 χεῖρον
1279 2743 1440 2797 πάλιν
1462 2742 1570 2797 τῶν
1593 2745 1934 2815 μαινομένων

355 2820 760 2906 φθεγγομένους
807 2836 971 2905 ἡμᾶς,
1008 2835 1102 2891 καὶ
1145 2834 1206 2888 τὺ
1252 2833 1407 2899 ξύλον
1445 2832 1566 2888 θεὸν
1609 2833 1930 2898 καλοῦντας,

357 2925 448 2978 καὶ
492 2926 586 2982 τὸν,
625 2926 771 2982 λίθον
813 2926 1048 2996 ὁμοίως·
1094 2922 1232 2979 εἶδεν
1260 2927 1318 2978 ἐν
1349 2924 1586 2999 τοσαύτῃ
1607 2925 1796 2997 κακίᾳ,
1839 2926 1932 2980 καὶ

352 3019 454 3072 οὐκ
492 3018 834 3084 ἐϐδελύξατο,
867 3017 966 3071 οὐκ
1017 3017 1397 3088 ἐδυσχέρανεν,
1428 3015 1530 3069 οὐκ
1581 3015 1932 3086 ἀπεστράφη,

353 3112 454 3164 οὐκ
487 3111 717 3181 ἐμίσησε
741 3127 753 3141 ·
787 3109 1064 3180 Δεσπότης
1101 3109 1208 3180 γὰρ
1233 3104 1324 3179 ἦν,
1354 3109 1448 3161 καὶ
1469 3108 1529 3160 τὸ
1549 3107 1680 3161 ῖδιον
1712 3106 1936 3178 πλάσμα

352 3200 454 3254 οὐκ
502 3200 570 3253 ἂν
615 3199 897 3269 ἐμίσησεν.
916 3197 1078 3251 Ἀλλά
1105 3198 1157 3250 τί
1187 3199 1362 3263 ποιεῖς
1409 3196 1681 3267 Καθάπερ¹
1717 3195 1934 3266 ἀριστος

357 3290 541 3363 ἰατρὸς
597 3287 995 3352 κατασκευάζει
1045 3287 1310 3360 φάρμακα
1363 3286 1559 3342 πολλοῦ
1617 3285 1741 3351 ἀξια
1770 3327 1784 3351 ,
1841 3286 1937 3340 καὶ

355 3385 568 3454 πρῶτος
619 3384 798 3438 αὐτῶν
853 3381 1214 3452 ἀπογεύεται·
1263 3381 1360 3455 τὴν
1407 3380 1514 3449 γάρ
1546 3379 1745 3452 ἀρετὴν
1773 3379 1935 3442 αὐτὸς

357 3476 572 3547 πρῶτος
604 3476 858 3547 μετῆλθε,
879 3476 974 3530 καὶ
1000 3475 1172 3538 οὕτως
1201 3475 1332 3546 ἡμῖν
1367 3472 1554 3528 ἔδωκε.
1576 3473 1683 3524 Καὶ
1719 3470 1933 3542 πρῶτον

357 3566 607 3636 καθάπερ
650 3565 920 3621 ἀντίδοτόν
950 3582 1003 3616 τι
1033 3565 1321 3635 φάρμακον
1371 3562 1539 3616 ἔδωκε
1586 3560 1644 3613 τὸ
1687 3559 1930 3630 λουτρὸν,

358 3655 619 3716 καὶοῦτω
644 3656 822 3708 πᾶσαν
851 3655 1138 3724 ⁴Ιγμέσαμεν
1161 3653 1378 3714 κακίαν,
1405 3653 1498 3711 καὶ
1527 3651 1702 3704 πάντα
1729 3651 1934 3719 ἐφυγα-

356 3744 522 3815 δεύθη
549 3744 766 3814 ἀθρόον,
799 3743 893 3798 καὶ
914 3744 953 3815 ἡ
973 3742 1249 3812 φλεγμονὴ
1274 3741 1571 3807 ἐπαύσατο,
1597 3741 1690 3800 καὶ
1711 3742 1740 3794 6
1762 3759 1931 3812 πυρε-

358 3837 450 3907 τὸς
469 3834 724 3911 ἐσϐέσθη,
746 3834 841 3887 καὶ
869 3836 922 3887 αί
949 3833 1237 3905 σηπεδόνες
1259 3833 1590 3903 ἐκαύθησαν.
1612 3833 1796 3886 Πάντα
1822 3833 1932 3911 γάρ

359 3925 454 3978 καὶ
497 3923 566 3977 τά
600 3923 718 3980 ἀπὸ,
739 3923 1072 3989 πλεονεξίας,
1103 3922 1196 3975 καὶ
1240 3921 1306 3974 τά
1339 3921 1448 3979 ἀπὸ
1493 3920 1690 3992 θυμοῦ,
1721 3922 1812 3974 καὶ
1863 3922 1931 3975 τὰ

361 4015 494 4069 ἀλλα
527 4012 674 4068 κακά
701 4012 940 4084 ἐκενὼθη
965 4013 1050 4067 διὰ
1077 4012 1170 4066 τοῦ
1207 4011 1518 4082 πνεύματος
1542 4028 1556 4043 ·
1585 4010 1931 4082 ἀνεῴχθησαν

1080 329 1463 400 ΞἼΟΑΝΝΙΞ
1500 339 1934 399 CHRYSOSTO!

2037 339 2355 397 ARCIIIEP.
2392 341 2945 402 CONSTANTINOP.

3510 350 3618 407 270

2042 459 2090 513 οί
2118 458 2409 530 ὀφθαλμοὶ,
2443 461 2656 532 ἀνεῴγη
2686 463 2753 516 τά
2778 456 2912 526 ὦτα,
2946 462 3206 534 ἐλάλησεν
3235 463 3481 537 εὔφημον
3510 484 3620 536 φω-

2040 550 2139 621 νὴν
2169 552 2202 620 ἡ
2243 549 2482 618 γλῶσσα,
2520 551 2708 606 ἐλαϐεν
2741 553 2892 622 ίσχύν
2936 555 2968 624 ἡ
3017 552 3183 624 ψυχὴ,
3217 554 3376 608 ἔλαϐε
3425 557 3622 622 κάλλος

2042 639 2136 694 καὶ
2168 639 2327 704 ἄνθος
2353 640 2414 693 τὸ
2455 642 2615 713 σῶμα
2666 643 2926 710 τοιοῦτον,
2955 639 3067 697 οἷον
3098 645 3243 710 είκὸς
3293 647 3421 700 Υἱὸν
3472 647 3612 702 Θεοῦ

2040 730 2300 801 τεχθέντα
2334 732 2529 796 κάλλος
2560 734 2703 805 ἔχειν
2727 736 2834 790 ἀπὸ
2861 739 2961 806 τῆς
2986 738 3079 790 τοῦ
3109 737 3428 808 Πνεύματος
3464 741 3622 812 χάρι-

2038 839 2150 886 τος,
2170 824 2287 877 οἵαν
2317 825 2463 888 είκδς
2495 825 2652 890 δόξαν
2704 826 2847 897 ἔχειν
2884 828 2997 882 υἱὸν
3022 829 3144 900 ἄρτι
3180 828 3327 902 [290]
3359 832 3621 902 τεχθέντα

2041 911 2268 980 βασιλεῖ,
2294 914 2388 967 καὶ
2432 916 2489 967 ἐν
2530 916 2804 986 ἁλουργίδι
2845 919 3197 987 τρεφόμενον.
3235 922 3415 990 Οῖμοι,
3446 922 3619 992 πόσην

2039 1005 2318 1073 εὐγένειαν
2349 1007 2480 1076 ἡμῖν
2513 1007 2833 1079 ἐχαρίσατοί
2886 1011 3046 1080 ἡμεῖς
3071 1010 3126 1062 δὲ
3157 1012 3286 1082 περὶ
3327 1013 3417 1066 τὸν
3447 1012 3619 1076 οὕτως

2038 1095 2187 1164 ἡμᾶς
2249 1093 2550 1165 φιλήσαντα
2611 1095 2893 1167 ἀχάριστοι
2955 1097 3211 1169 μένομεν.
3266 1101 3614 1172 Ἐτέχθημεν,

2039 1183 2381 1254 ἐτράφημεν,
2414 1185 2856 1257 εὐεργετήθημεν
2883 1203 2894 1214 ·
2929 1188 2983 1241 τί
3020 1189 3182 1241 πάλιν
3212 1189 3482 1259 φεύγομεν
3522 1192 3614 1244 τὸν

2039 1273 2368 1344 εὐεργέτην;
2415 1274 2474 1328 '0
2523 1275 2700 1328 τοίνυν
2747 1275 2919 1330 ταῦτα
2971 1277 3148 1332 πάντα
3199 1281 3466 1351 ποιὴσας,
3517 1282 3616 1334 καὶ

2041 1364 2193 1433 ἰσχὺν
2239 1364 2484 1418 δίδωσιν·
2515 1367 2575 1418 οὐ
2607 1365 2715 1436 γάρ
2758 1367 2883 1437 ἐνῆν
2938 1369 3335 1440 κατεχομένους
3361 1371 3436 1441 τῷ
3459 1372 3618 1440 νοσή-

2041 1473 2168 1525 ματι
2215 1456 2478 1525 ἐνεγκεῖν,
2506 1459 2555 1510 εί
2605 1459 2679 1530 μὴ
2728 1459 2887 1522 αὐτὸς
2936 1461 3069 1531 ἡμῖν
3115 1461 3281 1515 ἔδωκε
3309 1461 3406 1533 τὴν
3441 1463 3613 1533 ίσχύν.

2041 1545 2249 1599 Ἔδωκε
2302 1548 2408 1600 τῶν
2459 1549 2871 1620 ἁμαρτημάτων
2898 1551 2996 1621 τὴν
3022 1553 3235 1620 ἄφεσιν,
3273 1554 3617 1624 ἡθετὴσαμεν
3722 1593 3724 1596 τ

2035 1637 2133 1708 τὴν
2181 1638 2427 1708 δωρεάν·
2475 1639 2673 1692 ἔδωκεν
2721 1642 2852 1711 ἡμῖν
2897 1641 3162 1708 πλοῦτον,
3209 1645 3618 1716 ἐσκορπίσαμεν

2039 1727 2243 1790 αὐτὸν,
2293 1728 2674 1798 κατεφάγομεν
2722 1729 2970 1782 ᾶπαντα·
3017 1731 3216 1784 ἔδωκεν
3239 1733 3388 1802 “ἡμῖν
3438 1733 3614 1802 ίσχύν,

2036 1817 2394 1889 ἀνηλώσαμεν
2422 1819 2592 1890 αὐτὴν
2611 1835 2624 1849 ·
2651 1819 2850 1874 ἔδωκεν
2873 1822 3004 1891 ἡμῖν
3029 1822 3294 1893 χάρισμα,
3313 1822 3618 1892 ἐσϐέσαμεν

2036 1908 2186 1965 αὐτό.
2219 1909 2372 1976 Πῶς;
2403 1909 2782 1982 Ἀνηλώσαμεν
2811 1911 2891 1975 είς
2918 1911 3069 1964 οὐδὲν
3097 1911 3235 1974 δέον,
3262 1912 3616 1982 ἐχρησάμεθα

2034 2003 2092 2055 ἐν
2139 2001 2310 2057 οὐδενὶ
2355 2002 2631 2073 χρησίμῳ.
2673 2001 2861 2056 Ταῦτα
2910 2004 3057 2073 ἡμᾶς
3109 2002 3381 2067 ἀπώλεσε,
3411 2003 3505 2056 καὶ
3553 2003 3618 2055 τὸ

2035 2094 2252 2147 πάντων
2276 2093 2594 2164 δεινότερον,
2618 2095 2699 2147 ὅτι
2721 2096 2776 2146 ἐν
2804 2093 3057 2167 ἀλλοτρίᾳ
3081 2095 3252 2158 ὅντες,
3274 2095 3368 2148 καὶ
3389 2095 3618 2164 κεράτια

2035 2183 2327 2249 ἐσθίοντες,
2341 2185 2401 2236 οὐ
2414 2183 2666 2252 λέγομεν·
2682 2184 2868 2237 Ἐπιστ
2877 2183 3131 2254 ρέψωμεν
3149 2183 3280 2255 πρὸς
3297 2183 3388 2237 τὸν
3400 2183 3618 2254 Πατέρα

2039 2277 2134 2329 καὶ
2159 2277 2403 2346 εἴπωμεν
2427 2292 2440 2306 ·
2474 2277 2822 2347 Ἢμάρτομεν
2843 2278 2920 2340 είς
2935 2275 3028 2329 τὸν
3049 2276 3278 2348 οὐρανὸν
3307 2275 3402 2330 καὶ
3428 2276 3507 2339 είς
3535 2275 3618 2341 at,

2041 2369 2134 2422 καὶ
2180 2368 2397 2440 Πατέρα
2441 2368 2614 2432 οὕτως
2644 2368 2859 2440 ἔχοντες
2885 2368 3256 2441 φιλόστοργον,
3285 2368 3490 2439 σφόδρα
3522 2383 3620 2420 πο-

2037 2459 2233 2512 θοῦντα
2263 2460 2418 2530 ἡμῶν
2452 2460 2550 2530 τὴν
2578 2459 2862 2514 ἐπάνοδον·
2890 2458 2965 2522 ὡς
3001 2459 3068 2512 ἂν
3109 2459 3268 2528 μόνον
3291 2455 3620 2526 ἀποστῶμεν

2033 2550 2131 2619 τῆς
2159 2549 2376 2613 κακίας,
2412 2549 2479 2602 ἂν
2513 2549 2647 2619 πρὸς
2685 2548 2846 2602 αὐτὸν
2873 2547 3258 2618 ἐπανέλθωμεν
3290 2547 3467 2618 μόνον,
3495 2543 3619 2598 οὐδέ

2035 2639 2328 2709 ἐγκαλέσαι
2346 2638 2532 2692 λοιπὸν
2554 2638 2694 2709 ὑπὲρ
2716 2639 2824 2691 τῶν
2847 2639 3129 2709 προτέρων
3149 2639 3400 2708 ἀνέχεται
3419 2653 3433 2666 ·
3457 2636 3617 2706 μόνον

2033 2729 2388 2800 ἀποστῶμεν·
2423 2728 2582 2799 ἱκανὴ
2625 2729 2735 2800 γὰρ
2780 2729 3044 2799 ἀπολογία
3091 2731 3152 2782 τὸ
3189 2729 3525 2784 ἐπανελθεῖν.
3551 2728 3618 2780 Τί

2033 2822 2196 2890 λέγω,
2232 2820 2526 2889 ἐγκαλέσαι
2559 2821 2658 2874 οὐκ
2691 2821 2975 2892 ἀνέχεται;
3017 2821 3078 2874 οὐ
3127 2821 3288 2892 μόνον
3321 2821 3484 2884 αὐτὸς
3515 2820 3617 2874 οὐκ

2036 2912 2280 2982 ἐγκαλεῖ,
2316 2911 2474 2977 ἀλλά,
2522 2912 2624 2966 κᾶν
2673 2912 2859 2984 ἔτερος
2912 2913 3136 2984 ἐγκαλῇ,
3188 2910 3617 2981 ἐπιστομίζεται,

2037 3003 2141 3058 κᾶν
2168 3002 2542 3073 εὐδοκιμηκὼς
2613 3004 2639 3055 6
2660 3003 2927 3070 ἐγκαλῶν.
2959 3002 3170 3057 Οὐκοῦν
3199 3001 3615 3073 ἐπανέλθωμεν·

2040 3095 2201 3167 μέχρι
2231 3094 2375 3158 τίνος
2403 3093 2782 3164 ἀφιστάμεθα;
2811 3093 3066 3164 λάϐωμεν
3097 3092 3349 3164 αἴσθησιν
3378 3093 3476 3164 τῆς
3497 3095 3618 3147 ἀτι-

2041 3185 2190 3256 μίας,
2221 3183 2474 3253 λάϐωμεν
2509 3183 2760 3254 αἴσθησιν
2785 3184 2885 3254 τῆς
2913 3184 3218 3248 εὐτελείας·
3255 3187 3286 3255 ἡ
3317 3185 3482 3237 κακία
3501 3185 3617 3254 χοί-

2042 3292 2166 3346 ρους
2219 3269 2356 3327 εἷναι
2406 3276 2631 3344 ποιεῖ,ἡ
2680 3275 2847 3328 κακία
2890 3275 3089 3344 λιμὺνι
3124 3274 3282 3346 φέρει
3329 3277 3393 3344 τῇ
3441 3274 3610 3344 ψυχῇ.

2053 3365 2512 3438 Ἀνακτησώμεθα
2537 3367 2762 3430 ἑαυτοὺς
2783 3366 2874 3420 καὶ
2906 3366 3289 3436 ἀναλήψωμεν,
3324 3365 3417 3419 καὶ
3446 3366 3618 3418 ἐπανο
3691 3360 3701 3364 ’

2040 3455 2279 3526 έλθωμεν
2327 3456 2418 3508 ἐπὶ
2466 3455 2564 3526 τὴν
2610 3453 2879 3526 προτέραν
2917 3454 3217 3524 εὐγένειαν,
3249 3454 3332 3508 ἵνα
3364 3453 3614 3523 τύχωμεν

2040 3548 2145 3601 τῶν
2180 3547 2481 3618 μελλόντων
2502 3545 2742 3616 ἀγαθῶν,
2773 3547 2955 3618 χάριτι
2990 3547 3084 3601 καὶ
3113 3545 3486 3617 φιλανθρωπία
3513 3542 3613 3597 τοῦ

2039 3638 2242 3708 Κυρίου
2271 3637 2428 3709 ἡμῶν
2460 3636 2634 3709 Ἰησοῦ
2666 3637 2900 3709 Χριστοῦ
2920 3678 2934 3704 ,
2968 3636 3085 3709 μεθ’
3105 3631 3166 3692 οῦ
3190 3637 3270 3708 τῷ
3298 3635 3474 3708 Πατρὶ
3497 3636 3615 3705 ἅμα

2037 3730 2115 3800 τῷ
2139 3730 2278 3801 ἀγίῳ
2307 3729 2585 3799 Πνεύματι
2616 3725 2763 3794 δόξα,
2796 3729 3015 3799 κράτος,
3045 3730 3200 3801 τιμὴ,
3230 3729 3326 3784 νῦν
3364 3727 3460 3783 καὶ
3503 3726 3618 3791 ἀεὶ,

2039 3822 2132 3876 καὶ
2159 3824 2240 3887 είς
2265 3823 2392 3886 τούς
2420 3822 2622 3896 αἰῶνας
2647 3822 2755 3883 τῶν
2783 3821 3014 3877 αἰώνων.
3033 3821 3226 3896 Ἀμήν.

2106 4022 2130 4049 ⁸
2159 4019 2446 4083 Legendum
2474 4019 2670 4071 videtur
2703 4022 2892 4085 λοιμόν.

1785 4409 2026 4464 ΟΜιΛῐΑ
2077 4409 2175 4461 IB‘.

381 4548 656 4618 Αδελφοὶ,
687 4547 811 4618 ᾲέγὼ
831 4546 1111 4618 ἐμαυτὸν
1134 4550 1205 4603 οὐ
1244 4550 1544 4618 λογίζομαι
1577 4549 1930 4618 κατειληφέ-

425 4616 653 4688 var}?
673 4616 760 4680 δὲ,
783 4616 854 4670 τὰ
881 4616 993 4688 μὲν
1016 4618 1208 4671 ὀπίσω
1225 4616 1789 4688 ἐπιλανθανόμενος,
1806 4616 1932 4688 τοῖς

425 4687 496 4742 δὲ
547 4685 887 4756 ἔμπροσθεν
930 4686 1414 4756 ἐπεκτεινόμενος
1436 4727 1450 4748 ,
1501 4685 1649 4743 κατὰ
1696 4687 1934 4756 σκοπὸν⁵

426 4753 614 4810 διώκω
651 4755 750 4808 ἐπὶ
798 4753 866 4808 τὸ
903 4754 1187 4824 βραϐεῖον
1229 4753 1337 4823 τῆς
1365 4757 1487 4810 ἀνω
1523 4759 1797 4824 κλήσεως
1824 4755 1931 4811 τοῦ

431 4825 578 4883 Θεοῦ
607 4825 676 4879 ἐν
704 4823 935 4895 Χριστῷ
971 4823 1192 4892 Ἰησοῦ.

429 5007 496 5052 α’.
514 4999 678 5053 Οὐδὲν
701 4995 843 5051 οῦτω
861 4996 1009 5050 κενοῖ
1023 4994 1421 5067 κατορθώματα
1443 4999 1536 5051 καὶ
1566 5000 1745 5068 ἀποφυ
1754 5002 1840 5071 σᾷ,
1855 5000 1931 5062 ὡς

361 5091 548 5163 μνήμη
567 5089 674 5144 τῶν
695 5089 1070 5161 εἰργασμένων
1096 5088 1226 5159 ἡμῖν
1245 5087 1485 5156 ἀγαθῶν.
1509 5089 1612 5143 Δύο
1632 5091 1740 5161 γὰρ
1758 5091 1932 5144 τίκτει

358 5182 506 5234 κακά
528 5221 542 5244 ,
575 5180 976 5252 ρᾳθυμοτέρους
1002 5195 1061 5232 τε
1097 5178 1408 5248 ἐργάζεται,
1445 5181 1540 5234 καὶ
1569 5183 1647 5244 εἰς
1673 5183 1931 5236 ἀπόνοιαν

359 5273 527 5344 αἴρει.
548 5271 746 5342 Διόπερ
763 5272 792 5324 6
816 5271 1046 5334 Παῦλος,
1071 5269 1259 5342 ἐπειδὴ
1281 5263 1418 5324 οῐδεν
1445 5272 1742 5345 ὀξύρροπον
1764 5270 1931 5329 οὖσαν

358 5366 458 5437 τὴν
503 5363 780 5436 ἡμετέραν
832 5362 992 5431 φύσιν
1045 5361 1177 5433 πρὸς
1230 5361 1520 5434 ῥᾳθυμίαν,
1559 5366 1654 5417 καὶ
1685 5364 1933 5419 πο).λάδέ

357 5460 484 5522 τούς
529 5454 920 5524 Φιλιππησίους
950 5454 1210 5524 ἐπῄνεσεν
1229 5493 1244 5516 ,
1279 5455 1379 5525 δρα
1415 5456 1532 5520 πῶς
1559 5457 1740 5510 αὐτῶν
1769 5473 1934 5511 κατα-

363 5551 567 5605 στέλλει
615 5548 676 5602 τδ
721 5547 1005 5617 φρόνημα,
1050 5545 1136 5597 διὰ
1185 5545 1394 5598 πολλῶν
1444 5549 1543 5617 μὲν
1589 5549 1683 5601 καί
1732 5549 1934 5618 ἐτέρων

360 5643 638 5711 ἀνωτέρω,
673 5639 905 5708 μάλιστα
956 5637 1012 5689 δὲ
1057 5637 1144 5688 διά
1193 5636 1284 5688 τοῦ
1311 5638 1595 5708 παρόντος.
1625 5639 1690 5690 Τί
1718 5637 1889 5706 λέγων
1915 5653 1930 5701 ;

374 5728 670 5798 Ἃδελφοὶ,
715 5726 865 5802 [291]
900 5724 1014 5795 ἐγὼ
1037 5726 1294 5795 ἐμαυτὸν
1317 5728 1388 5780 οὐ
1414 5727 1716 5798 λογίζομαι
1746 5745 1934 5784 κατει-

2033 4545 2312 4614 ληφέναι.
2347 4547 2409 4600 Εἰ
2438 4545 2494 4599 δὲ
2527 4545 2734 4610 Παῦλος
2756 4545 2965 4599 οὐδέπω
2994 4548 3311 4617 κατέλαϐεν,
3337 4552 3456 4606 οὐδὲ
3481 4551 3612 4629 069-

2036 4637 2120 4706 ῥεῖ
2142 4634 2270 4706 περὶ
2295 4634 2395 4706 τῆς
2426 4635 2792 4698 ἀναστάσεως,
2828 4635 2948 4688 οὐδὲ
2977 4638 3103 4708 περὶ
3135 4638 3242 4690 τῶν
3278 4641 3605 4709 μελλόντων·

2035 4724 2197 4794 σχολῇ
2242 4723 2373 4792 γοῦν
2417 4725 2613 4777 ἐκεῖνοι
2664 4725 2796 4794 μηδὲ
2826 4725 2888 4777 τὸ
2924 4725 3206 4780 πολλοστὸν
3238 4729 3403 4783 αὐτοῦ
3449 4731 3610 4802 μέρος

2034 4814 2457 4886 κατωρθωκότες
2481 4815 2638 4868 τοῦτο
2665 4816 2730 4869 ἃν
2780 4815 3044 4887 ἔπραξαν.
3077 4821 3141 4873 Ὀ
3173 4819 3230 4873 δέ
3258 4821 3423 4890 λέγει,
3457 4823 3610 4878 τοῦτό

2033 4907 2215 4960 ἐστιν·
2267 4907 2491 4960 Οὐδέπω
2535 4909 2920 4979 κατειληφέναι
2983 4910 3082 4980 τὴν
3131 4913 3330 4984 ἀρετὴν
3394 4916 3609 4970 ἃπασαν

2033 4996 2306 5067 ἡγοῦμαι·
2333 4995 2506 5061 οὕτως
2533 4997 2723 5066 εἰπὼν,
2747 4999 2823 5062 ὼς
2850 4999 2915 5053 ἂν
2944 5002 2992 5053 εί
3035 5001 3162 5072 περὶ
3189 5003 3434 5073 δρομέως
3467 5007 3609 5059 εῖποι

2033 5105 2135 5152 τις,
2169 5087 2338 5141 Οὔπω
2369 5089 2690 5142 κατέλαϐεν.
2723 5090 2948 5144 Οὐδέπω
2972 5092 3031 5144 τὸ
3064 5094 3171 5146 πᾶν
3204 5094 3397 5163 ἤνυσα,
3428 5097 3606 5167 φησίν.

2036 5178 2098 5233 El
2130 5179 2187 5232 δὲ
2217 5179 2364 5247 λέγει
2390 5179 2644 5250 ἀλλαχοῦ,
2677 5179 2794 5234 Τὸν
2815 5181 3017 5250 ἀγῶνα
3057 5185 3165 5238 τὸν
3189 5187 3382 5241 καλὸν
3401 5186 3608 5256 ἠγώνι-

2037 5286 2200 5338 σμαι,
2234 5271 2324 5322 καὶ
2359 5270 2614 5334 ἐνταῦθα,
2645 5269 2889 5324 Οὐδέπω
2928 5270 3230 5342 λογίζομαι
3268 5275 3612 5343 κατειληφέ-

2036 5375 2153 5418 ναι,
2183 5358 2450 5426 ἀναγνούς
2493 5376 2577 5422 τις
2610 5359 2915 5428 ἀμφότερα,
2948 5361 3154 5415 εἵσεται
3192 5363 3371 5427 καλῶς
3396 5366 3496 5435 τὴν
3526 5367 3610 5418 αξ-

2035 5451 2155 5503 τίαν
2187 5451 2277 5502 καὶ
2305 5449 2528 5503 ἐκείνων
2570 5451 2662 5503 καὶ
2694 5451 2898 5504 τούτων
2936 5451 3044 5504 τῶν
3083 5455 3362 5524 ῥημάτων.
3393 5458 3465 5510 Οὐ
3501 5458 3609 5528 γάρ

2034 5542 2114 5595 δεῖ
2149 5541 2385 5610 συνεχῶς
2411 5541 2480 5594 τά
2510 5541 2650 5594 αὐτά
2678 5542 2949 5612 στρέφειν,
2985 5544 3080 5596 καὶ
3113 5546 3260 5614 ἡμᾶς
3310 5545 3488 5599 πάντα
3532 5547 3610 5599 δι-

2033 5633 2274 5696 δάσκειν,
2308 5633 2400 5685 καί⁷
2426 5632 2508 5685 ὅτι
2539 5631 2710 5686 ταῦτα
2732 5633 2864 5686 πολύ
2897 5633 3165 5705 πρότερον
3195 5635 3399 5704 ἔλεγεν,
3427 5638 3612 5693 ἐκεῖνα

2035 5725 2090 5779 δὲ
2127 5725 2262 5796 πρὸς
2287 5725 2366 5798 τῷ
2391 5727 2556 5784 τέλει.
2598 5727 2774 5782 οὔπω
2819 5725 3117 5798 λογίζομαι
3164 5731 3614 5800 κατειληφέναι,
