4030 6204
493 570 638 619 mus,
682 551 824 607 fame
864 547 1083 621 posthac
1121 543 1502 601 laborabimus.
1546 540 1679 598 Nam
1719 541 2072 611 quemadmo-

497 648 626 703 dum
666 642 874 714 atgroli,
900 637 1150 710 quamdiu
1189 634 1405 708 quidem
1453 632 1692 688 febribus
1729 632 1998 701 agitantur
2022 638 2078 684 et

499 748 780 792 succorum
813 731 1108 786 vitiositate
1135 727 1400 792 laborant,
1430 738 1604 794 neque
1633 736 1941 792 exsurgere.
1975 735 2073 775 ne-

496 841 600 898 que
643 824 753 879 suis
795 821 1109 876 muneribus
1150 817 1318 889 fungi,
1367 830 1541 886 neque
1585 828 1743 884 agere
1784 811 2074 884 quidquam

496 922 719 987 possunt
747 929 762 966 :
789 910 931 982 quod
958 910 1004 965 si
1033 909 1156 980 quis
1184 922 1278 963 eos
1303 922 1333 960 a
1364 905 1554 960 morbo
1583 904 1778 959 liberet
1806 911 1861 957 et
1889 901 1954 955 ad
1984 916 2072 956 sa-

494 1008 716 1063 nitatem
748 1003 1002 1069 adducat,
1034 1016 1135 1057 nec
1163 1009 1342 1055 tamen
1372 998 1548 1054 adhuc
1573 996 1860 1068 quidquam
1891 1003 2071 1066 agant,

488 1098 596 1167 jam
625 1095 678 1151 id
708 1110 775 1150 ex
803 1092 1019 1165 propria
1048 1090 1292 1146 socordia
1321 1088 1378 1144 tit
1411 1108 1426 1143 :
1459 1092 1530 1143 ita
1560 1102 1692 1144 sane
1724 1097 1776 1142 et
1807 1087 1858 1140 in
1895 1084 2072 1140 nobis.

492 1187 735 1243 Vexabat
776 1200 877 1240 nos
926 1183 1148 1239 morbus
1181 1181 1380 1253 gravis,
1423 1196 1487 1235 ac
1532 1179 1697 1234 febris
1746 1178 2072 1243 vehemens;

490 1277 1055 1347 decumbebamusque
1078 1290 1182 1329 non
1215 1274 1268 1328 in
1300 1273 1460 1338 lecto,
1488 1271 1582 1327 sed
1618 1271 1670 1325 in
1702 1269 1929 1341 ipsamet
1957 1284 2067 1323 ma-

494 1372 641 1436 litia;
678 1368 898 1438 perinde
932 1377 1092 1437 atque
1119 1367 1169 1420 in
1197 1373 1436 1419 stercore
1466 1363 1520 1417 in
1552 1362 1893 1432 improbitate
1919 1361 2073 1416 volu—

497 1464 764 1528 tabamur,
810 1470 1077 1517 scatentes
1139 1459 1422 1522 ulceribus,
1471 1456 1715 1512 fmtorem
1762 1456 2024 1525 spirantes
2053 1495 2070 1519 ,

496 1556 751 1627 squalidi,
796 1554 1025 1620 incurvi,
1065 1553 1203 1608 idola
1234 1552 1410 1623 potius
1450 1566 1607 1620 quam
1638 1548 1885 1603 homines
1919 1566 1931 1601 :
1964 1547 2073 1603 cir-

495 1647 835 1703 cumstabant
864 1660 961 1701 nos
994 1644 1221 1715 improbi
1264 1646 1570 1705 dtemones,
1602 1641 1849 1710 princeps
1890 1638 2074 1693 mundi

499 1738 656 1808 hujus
684 1737 887 1802 ridens,
915 1735 1196 1789 insultans.
1230 1734 1385 1788 Venit
1412 1730 1506 1787 Dei
1529 1728 1865 1801 Uuigenitus,
1898 1728 2077 1783 emisit

496 1829 674 1883 radios
700 1827 995 1899 praesentiat
1030 1841 1162 1891 suae,
1194 1835 1250 1879 et
1277 1822 1559 1893 caliginem
1589 1820 1872 1876 confestim
1903 1819 2074 1888 depu-

490 1922 555 1979 lit
587 1940 601 1976 :
632 1921 779 1975 venit
815 1918 881 1974 ad
915 1933 1012 1973 nos
1050 1918 1165 1986 ipse
1200 1917 1345 1981 Rex,
1376 1917 1466 1985 qui
1509 1922 1628 1970 erat
1661 1915 1713 1967 in
1746 1912 1940 1966 throno
1966 1908 2078 1980 pa—

495 2023 671 2080 terno,
701 2012 955 2067 thronum
982 2010 1293 2080 relinquens
1321 2018 1603 2076 paternum
1635 2003 1872 2076 (quando
1896 2012 2075 2057 autem

496 2104 781 2173 reliquisse
808 2102 951 2168 dico,
989 2116 1057 2155 ne
1085 2100 1139 2153 id
1168 2098 1469 2169 significare
1497 2110 1682 2151 rursus
1716 2103 1870 2165 putes
1899 2103 2077 2149 muta-

500 2196 705 2250 tionem
748 2209 811 2247 ac
855 2193 1177 2254 transitum;
1220 2189 1408 2244 uelum
1445 2186 1588 2240 enim
1621 2196 1925 2254 terramque
1963 2185 2078 2253 ipse

502 2285 720 2354 implet;
752 2283 848 2338 sed
890 2282 960 2337 ob
989 2279 1340 2337 oeconomiam
1374 2277 1425 2332 id
1460 2276 1605 2345 dico)
1638 2292 1654 2332 :
1704 2276 1848 2329 venit
1876 2275 1939 2329 ad
1975 2274 2077 2327 ho-

500 2390 659 2444 stem,
692 2377 782 2447 qui
823 2376 997 2445 ipsum
1037 2375 1161 2429 odio
1203 2372 1658 2443 prosequebatur,
1698 2371 2077 2437 averSabatur,

503 2486 678 2541 neque
706 2479 763 2525 ut
794 2469 860 2523 ad
886 2483 1009 2523 eum
1045 2467 1231 2522 oculos
1259 2474 1599 2520 converteret
1627 2462 1817 2518 adduci
1850 2453 2075 2533 poterat,

496 2561 844 2633 blasphemiis
869 2559 1109 2631 quotidie
1143 2559 1443 2628 appetebat.
1483 2557 1624 2611 Vidit
1652 2557 1703 2610 in
1730 2567 1968 2611 stercore
1989 2557 2079 2625 ja-

495 2662 727 2721 centem,
770 2667 800 2708 a
855 2649 1127 2707 vermibus
1166 2650 1548 2713 exulceratum,
1588 2663 1616 2701 a
1663 2648 1795 2702 febri
1842 2656 1896 2701 et
1936 2646 2077 2703 fame

496 2761 849 2816 oppressum,
911 2744 1059 2797 nullo
1111 2758 1216 2796 non
1263 2739 1433 2800 morbi
1472 2754 1673 2809 genere
1726 2738 2075 2793 laborantem.

496 2838 624 2893 Nam
655 2837 818 2893 febris
855 2836 1118 2900 vexabat;
1153 2835 1255 2890 hoc
1296 2835 1441 2889 enim
1477 2842 1560 2890 est
1603 2831 1847 2901 improba
1875 2831 2081 2900 cupidi-

499 2940 617 2992 tas;
644 2938 697 2985 et
725 2927 1173 2982 inflammationes
1205 2926 1498 2996 urgebant;
1530 2924 1632 2978 hoc
1657 2923 1799 2976 enim
1827 2934 2082 2992 arrogan-

503 3020 611 3084 tia;
651 3026 706 3073 et
748 3018 988 3088 qumdam
1018 3016 1336 3072 insatiabilis
1384 3015 1552 3071 fames
1596 3012 1928 3084 occupabat;
1977 3012 2078 3068 hoc

502 3109 643 3165 enim
673 3109 924 3174 avaritia;
956 3116 1011 3163 et
1047 3108 1226 3163 sanies
1255 3107 1527 3176 undique;
1560 3106 1659 3160 hoc
1689 3105 1831 3159 enim
1872 3112 2078 3157 scorta-

503 3201 615 3263 tio;
653 3208 709 3255 et
746 3199 957 3255 caecitas
983 3198 1297 3259 oculorum;
1341 3197 1442 3250 hoc
1482 3196 1623 3250 enim
1658 3193 1992 3259 idololatria;
2026 3200 2080 3245 et

496 3291 731 3348 surditas
766 3298 819 3345 et
849 3299 1072 3360 stupor;
1115 3288 1216 3342 hoc
1254 3288 1396 3342 enim
1436 3295 1552 3341 erat
1597 3285 1801 3355 lapides
1841 3292 1895 3338 et
1938 3285 2077 3352 ligna

497 3382 741 3447 adorare,
774 3391 828 3438 et
853 3397 974 3436 eum
1007 3382 1112 3435 illis
1138 3380 1407 3443 colloqui;
1439 3385 1492 3431 et
1523 3376 1690 3430 multa
1718 3374 2074 3438 deformitas;

494 3474 595 3529 hoc
620 3474 761 3529 enim
783 3473 1065 3533 vitiositas,
1098 3471 1246 3525 triste
1278 3468 1526 3522 nimirum
1554 3466 1831 3537 quiddam,
1856 3474 1907 3519 et
1934 3480 2077 3516 tuor-

495 3565 597 3619 bus
626 3564 997 3633 gravissimus.
1033 3561 1178 3617 Vidit
1208 3558 1516 3621 absurdius,
1546 3571 1703 3626 quam
1749 3554 2077 3608 insanientes

501 3655 733 3720 soleant,
772 3654 1077 3721 loquentes,
1111 3661 1163 3706 et
1202 3651 1405 3721 lignum
1444 3657 1499 3703 et
1535 3646 1763 3717 lapidem
1794 3643 1952 3698 deum
1984 3658 2076 3697 vo-

503 3753 687 3798 eantes
720 3760 733 3796 :
761 3743 892 3797 vidit
919 3744 972 3796 in
1001 3752 1142 3796 tanta
1173 3740 1445 3811 nequitia;
1473 3752 1571 3792 nec
1599 3745 1774 3790 tamen
1802 3734 2077 3788 abomina-

506 3847 591 3892 tus
614 3845 718 3903 est,
750 3852 854 3889 non
885 3836 1117 3889 amarior
1144 3835 1334 3905 factus,
1381 3847 1487 3886 non
1512 3840 1790 3886 avetsatus
1819 3837 1922 3889 cst,
1971 3843 2074 3880 non

501 3932 626 3986 odio
651 3939 1005 4002 prosequutus
1030 3945 1043 3982 :
1066 3928 1317 3983 Dominus
1346 3925 1490 3981 enim
1516 3932 1652 3989 erat,
1681 3931 1735 3977 et
1759 3934 1894 3990 Opus
1918 3934 2074 3973 suum

500 4038 608 4077 non
637 4022 842 4077 oderat.
871 4019 975 4077 Sed
1003 4019 1126 4091 quid
1158 4019 1316 4075 facit?
1340 4016 1536 4087 Optimi
1582 4013 1774 4070 medici
1804 4027 1953 4066 more
1981 4026 2074 4079 pa-

496 4125 573 4170 rat
605 4115 832 4185 pretiosa
873 4115 1175 4183 pbarmaca,
1208 4124 1379 4181 eaque
1418 4107 1620 4178 primus
1653 4113 1825 4174 gustat
1856 4119 1869 4154 :
1900 4101 2067 4155 virtu-

494 4217 600 4262 tem
627 4209 770 4263 enim
806 4207 918 4277 ipse
950 4206 1153 4275 primus
1193 4202 1378 4265 obivit,
1405 4215 1468 4254 ac
1496 4199 1746 4267 deinceps
1782 4194 1932 4250 nobis
1966 4200 2070 4246 tra-

494 4301 651 4357 didit.
712 4302 790 4356 Ae
846 4300 1078 4370 primum
1141 4297 1509 4366 pharmacum,
1569 4291 1719 4362 quasi
1756 4286 2074 4343 antidotum

494 4391 785 4463 quoddam,
824 4391 1096 4446 lavacrum
1137 4387 1319 4453 dedit;
1369 4386 1439 4439 ita
1481 4398 1698 4439 onmem
1742 4376 2074 4435 evomuitnus

1315 426 1381 483 IN
1418 424 1636 484 EPIST.
1680 423 1772 482 AD
1812 423 2099 480 PHILIPP.
2139 424 2294 480 CAP.
2338 424 2419 479 Ill.
2463 424 2694 481 ΙΙΟὶῘῑΙη
2739 424 2853 484 Xli.

3658 432 3764 491 270

2184 539 2504 609 nequitiam,
2545 541 2616 595 ita
2647 542 2827 597 omnia
2856 540 3012 597 simul
3045 541 3096 597 in
3142 542 3317 614 fugam
3362 559 3419 599 se
3454 543 3717 601 dederunt
3747 565 3760 600 :

2184 630 2531 685 inﬂammatio
2559 633 2744 696 cessit,
2775 631 2939 689 febris
2967 635 3232 690 exstincta
3259 643 3361 702 est,
3394 646 3447 690 et
3470 637 3644 692 sanies
3672 653 3765 693 ex-

2180 721 2397 777 siccata.
2440 721 2631 779 Omnia
2671 724 2814 780 enim
2852 736 2907 781 et
2946 740 3065 797 qua:
3102 727 3169 783 ab
3199 730 3417 784 avaritia
3454 742 3507 785 et
3544 748 3662 801 qute
3696 733 3764 789 ab

2182 812 2281 878 ira,
2305 821 2355 866 et
2384 822 2576 868 eartera
2608 815 2787 867 omnia
2818 816 2956 868 mala
2989 830 3083 884 per
3110 817 3354 887 spiritum
3383 830 3715 875 evanuerunt
3746 838 3761 876 :

2178 904 2350 974 aperti
2379 913 2504 959 sunt
2528 906 2691 974 oculi,
2719 912 2920 977 aperta:
2950 922 3130 977 aures,
3160 911 3298 979 piam
3329 927 3513 968 vneam
3545 914 3761 984 loquuta

2185 1008 2267 1050 εει
2291 995 2467 1065 lingua
2497 1013 2510 1049 :
2544 997 2685 1053 vires
2713 999 2993 1068 acquisivit
3024 1001 3223 1067 anima,
3256 1005 3543 1076 acquisivit
3569 1021 3764 1076 corpus

2185 1085 2655 1154 pulchritudinem,
2676 1100 2729 1162 et
2753 1088 2938 1145 florem
2969 1090 3294 1160 bujusmodi,
3326 1096 3534 1165 qualem
3566 1114 3659 1167 par
3683 1107 3765 1154 est

2184 1178 2381 1233 habere
2412 1178 2878 1248 pulchritudinem,
2910 1183 3001 1239 Dei
3034 1183 3197 1238 ﬁlium
3229 1201 3295 1239 ex
3326 1186 3557 1256 Spiritus
3594 1190 3761 1259 gratia

2183 1279 2556 1339 procreatum;
2589 1272 2800 1341 qualem
2838 1289 2934 1343 par
2976 1283 3059 1329 est
3101 1274 3299 1331 habere
3342 1277 3564 1346 gloriam
3598 1281 3763 1336 lilium

2181 1375 2352 1428 nuper
2373 1360 2503 1431 Regi
2536 1371 2745 1427 natum,
2770 1374 2822 1417 et
2845 1364 2894 1417 in
2917 1380 3150 1435 purpura
3179 1366 3450 1421 eductum.
3483 1367 3576 1423 liei
3611 1371 3760 1439 mihi,

2182 1460 2434 1521 quantam
2476 1454 2633 1508 nobis
2672 1453 2887 1509 donavit
2932 1456 3295 1513 nobilitatem!
3329 1473 3428 1513 nos
3465 1474 3593 1515 vero
3638 1476 3759 1531 ergo

2182 1557 2327 1611 eum,
2360 1545 2448 1612 qui
2492 1544 2628 1598 adeo
2668 1560 2766 1599 nos
2811 1547 3027 1612 amavit,
3070 1548 3257 1617 ingrati
3295 1564 3417 1604 esse
3452 1566 3763 1620 persevera-
3794 1586 3799 1591 -

2182 1651 2324 1690 mus.
2367 1636 2582 1705 Peperit
2621 1652 2754 1704 nos,
2786 1639 3035 1703 nutrivit,
3074 1639 3346 1696 beneﬁciis
3388 1642 3563 1697 aﬂ'eeit
3594 1662 3608 1699 :
3636 1646 3761 1714 quid

2183 1744 2371 1784 rursus
2417 1729 2649 1801 fugimus
2694 1733 2761 1787 ab
2803 1747 2890 1798 eo,
2932 1735 3022 1804 qui
3071 1744 3213 1789 tanta
3252 1737 3435 1792 tribuit
3472 1739 3766 1795 beneﬁcia?

2183 1822 2322 1891 Ergo
2347 1822 2434 1893 qui
2460 1812 2572 1877 haec
2596 1824 2771 1878 omnia
2796 1823 2937 1887 fecit.
2965 1826 3126 1881 robur
3150 1828 3310 1882 etiam
3338 1828 3431 1883 dat
3455 1846 3468 1883 :
3495 1845 3597 1885 non
3620 1831 3763 1886 enim

2183 1912 2311 1968 dum
2360 1913 2580 1969 morbus
2628 1930 2725 1970 nos
2770 1917 3089 1986 occupabat,
3138 1919 3361 1975 ferendo
3407 1923 3556 1976 oneri
3607 1938 3767 1992 pares

2182 2020 2419 2071 eramus,
2456 2006 2559 2062 nisi
2602 2007 2715 2076 ipse
2755 2007 2895 2063 vires
2934 2009 3089 2064 nobis
3130 2010 3388 2067 dedisset.
3430 2011 3635 2068 Tribuit
3677 2031 3756 2068 re-

2182 2097 2494 2153 missionem
2519 2108 2881 2169 peccatorum;
2898 2102 3103 2156 lrritum
3124 2101 3342 2158 fecimus
3361 2103 3596 2161 donum:
3618 2106 3765 2160 dedit

2184 2187 2338 2243 nobis
2358 2189 2586 2255 divitias;
2620 2206 2711 2246 eas
2739 2191 3165 2263 dilapidavimus,
3198 2195 3374 2248 omnia
3398 2196 3761 2253 comedimus:

2184 2279 2330 2336 dedit
2352 2280 2504 2336 nobis
2530 2283 2689 2348 vires;
2707 2298 2799 2339 eas
2824 2284 3250 2355 consumpsimus
3274 2303 3289 2340 :
3310 2285 3453 2341 dedit
3477 2288 3630 2341 nobis
3656 2305 3769 2358 gra»

2186 2374 2344 2436 tiam;
2374 2373 2541 2442 ipsam
2579 2375 2951 2431 exsﬁnximus.
2981 2375 3301 2444 Quomodo?
3325 2377 3767 2446 (Ionsntnpsimns

2186 2462 2331 2517 nulla
2380 2463 2432 2517 in
2477 2480 2535 2519 re
2566 2480 2684 2533 qua)
2735 2465 2889 2519 nobis
2937 2467 3238 2536 prodesset,
3282 2477 3442 2538 atque
3485 2469 3765 2522 utilitatem

2185 2551 2421 2608 afferret.
2457 2554 2581 2608 llaec
2611 2570 2708 2609 nos
2738 2555 3102 2625 perdiderunt,
3132 2567 3293 2630 atque
3322 2559 3449 2613 illud
3479 2569 3763 2629 prmlerea,

2185 2645 2327 2715 quod
2355 2647 2593 2700 omnium
2624 2649 3000 2718 gravissimum
3041 2662 3147 2716 est,
3180 2652 3320 2722 quod
3366 2653 3420 2706 in
3464 2653 3636 2707 aliena
3668 2651 3761 2706 deo

2186 2749 2373 2810 gentes
2402 2748 2568 2808 terra,
2602 2750 2657 2796 et
2689 2742 3034 2798 comedentes
3059 2743 3301 2814 siliquas,
3336 2760 3444 2799 non
3478 2754 3654 2799 tamen
3682 2745 3767 2797 di-

2184 2833 2377 2895 cimus,
2409 2831 2716 2888 Redeamus
2748 2833 2814 2887 ad
2855 2834 3086 2900 Patrem,
3116 2846 3170 2891 et
3208 2836 3467 2903 dicamus,
3521 2838 3767 2893 Peccavi-

2187 2941 2305 2980 mus
2349 2927 2400 2980 in
2440 2928 2634 2982 cmlum
2685 2936 2740 2982 et
2780 2929 2830 2982 in
2868 2938 2919 2982 te
2954 2927 3103 3000 (an.
3154 2931 3239 2986 15.
3290 2930 3383 3000 18)
3417 2950 3429 2984 :
3460 2931 3617 3001 idque
3646 2947 3766 2984 cum

2186 3018 2396 3072 Patrem
2421 3020 2557 3074 adeo
2586 3031 2877 3085 amantem,
2907 3023 3182 3091 nostrique
3212 3022 3414 3077 reditus
3438 3024 3589 3077 valde
3617 3025 3764 3094 cupi-

2185 3109 2309 3164 tlum
2343 3111 2651 3165 habeamus.
2689 3111 2988 3167 Dummodo
3014 3129 3043 3166 a
3075 3114 3205 3167 vitio
3237 3115 3573 3179 recedamus,
3606 3116 3767 3169 dum-

2186 3201 2426 3255 modoad
2456 3202 2629 3271 ipsom
2661 3202 2963 3269 redeamus,
2992 3205 3129 3259 utde
3151 3207 3434 3275 praeteritis
3461 3221 3555 3260 nos
3584 3206 3766 3275 objur-

2183 3301 2292 3361 get,
2320 3291 2510 3346 adduci
2543 3308 2645 3345 non
2678 3302 2853 3362 potest
2873 3313 2886 3346 :
2906 3296 3076 3348 solum
3104 3296 3418 3351 recedamus
3438 3314 3451 3357 ;
3471 3300 3600 3351 satis
3623 3298 3767 3351 enim

2183 3383 2323 3453 apud
2357 3383 2503 3437 illum
2535 3385 2892 3438 excusationis
2923 3393 3023 3448 est,
3042 3385 3287 3441 rediisse.
3313 3387 3514 3458 Ecquid
3544 3388 3683 3450 dico,
3712 3399 3770 3443 ut

2183 3474 2429 3544 objurget
2454 3472 2642 3526 adduci
2673 3489 2779 3527 non
2809 3474 3022 3541 potest?
3057 3492 3103 3527 ηι
3130 3492 3160 3529 n
3188 3477 3359 3531 solum
3392 3477 3506 3546 ipse
3537 3493 3641 3531 non
3670 3478 3766 3531 cli--

2179 3565 2378 3635 jurgat,
2399 3579 2582 3618 verum
2614 3563 2771 3616 etiam
2792 3564 2835 3618 si
2853 3565 2991 3618 alius
3012 3565 3276 3637 objurget,
3293 3568 3563 3623 silentium
3593 3569 3767 3638 impo-

2185 3658 2263 3711 nit
2292 3674 2304 3708 :
2333 3657 2542 3710 etiamsi
2574 3657 2663 3711 ille
2690 3656 2777 3727 qui
2811 3656 3074 3727 objurgat,
3108 3661 3349 3727 apprime
3379 3660 3481 3715 sibi
3516 3669 3768 3730 acceptus

2185 3748 2275 3803 sit.
2320 3747 2622 3801 Redeamus
2659 3763 2786 3819 ergo
2817 3769 2830 3805 :
2861 3763 3140 3819 quousque
3180 3750 3522 3805 recedimus?
3562 3752 3767 3805 sentia-

2184 3857 2302 3895 mus
2353 3840 2610 3906 dedecus,
2664 3843 2958 3896 sentiamus
3008 3843 3314 3897 tilitatem:
3351 3844 3614 3898 vitiositas
3669 3859 3766 3897 nos

2184 3945 2376 4002 porcos
2401 3929 2548 3996 facit,
2581 3932 2846 3987 vitiositas
2877 3934 3069 3988 famem
3099 3935 3252 3990 affert
3278 3935 3494 3989 animat.
3524 3935 3766 4004 Reeupe-

2184 4037 2365 4077 remus
2395 4037 2491 4077 nos
2515 4023 2659 4091 ipsos
2689 4033 2741 4077 et
2778 4024 3176 4092 resipiscamus,
3205 4036 3258 4079 et
3291 4026 3340 4078 in
3374 4026 3653 4095 pristinam
3682 4042 3767 4080 re-

2182 4114 2404 4171 deamus
2444 4115 2801 4178 nobilitatem,
2838 4122 2891 4168 et
2926 4112 3104 4168 futura
3147 4130 3544 4182 consequamur
3592 4116 3764 4179 bona,

2182 4208 2351 4279 gratia
2374 4216 2430 4264 et
2454 4208 2780 4276 benignitate
2802 4206 3009 4259 Domini
3039 4205 3207 4259 no~tri
3237 4205 3362 4260 Jesu
3395 4205 3617 4271 Chri-ti,
3643 4221 3762 4259 eum

2181 4317 2288 4371 quo
2308 4300 2451 4355 Patri
2469 4300 2733 4368 simulque
2755 4309 2938 4353 sancto
2959 4298 3177 4367 Spiritui
3199 4298 3386 4368 gloria,
3407 4307 3659 4368 potestas.
3682 4297 3770 4351 ho-

2183 4408 2301 4460 nor,
2331 4406 2473 4447 nunc
2494 4400 2550 4446 et
2574 4405 2815 4460 semper,
2842 4398 2888 4443 et
2909 4388 2962 4443 in
2983 4388 3177 4444 stccula
3204 4388 3543 4444 satculorum.
3572 4393 3764 4445 Amen.

487 4549 2486 4593 g_______________________________.___.

1834 4657 2177 4728 HOMILIA
2229 4657 2374 4719 XII.

498 4846 619 4903 Car.
651 4849 704 4904 3.
734 4864 786 4905 ν.
816 4849 903 4906 l3.
933 4847 1166 4915 Fratres,
1196 4863 1285 4919 ego
1315 4860 1394 4900 me
1433 4859 1535 4898 non
1580 4839 1826 4895 arbrilror
1848 4846 2079 4902 compreo

565 4941 792 4996 hendisse
815 4958 834 4996 :
859 4941 949 4997 M.
978 4957 1135 4996 unum
1163 4949 1334 4994 autem
1358 4980 1373 5006 ,
1403 4952 1515 5009 quae
1541 4933 1743 5004 quidem
1775 4939 1906 4985 retro
1936 4935 2072 4991 sunt,

560 5032 875 5099 obliviscaris,
906 5032 975 5085 ad
1000 5048 1060 5085 ea
1088 5048 1203 5087 vero
1227 5045 1342 5102 qua
1367 5036 1482 5082 sunt
1509 5029 1679 5098 priora
1705 5020 1975 5078 extendens
1999 5033 2078 5069 me

558 5124 744 5192 ipsum,
765 5124 832 5177 ad
856 5123 1162 5177 destinatum
1190 5135 1478 5193 persequor,
1501 5116 1569 5171 ad
1596 5115 1818 5170 brevium
1842 5122 2078 5178 superum

557 5217 834 5271 vocationis
861 5216 957 5271 Dei
982 5217 1035 5270 in
1062 5216 1263 5270 Christo
1288 5213 1434 5269 Jesu.

557 5310 609 5364 Ι.
652 5308 794 5365 Nihil
822 5323 977 5379 aeque
1015 5308 1189 5363 inania
1228 5306 1403 5361 reddit
1440 5304 1577 5359 bona
1616 5314 1812 5371 opera,
1840 5296 1971 5353 nihil
2005 5299 2073 5349 ita

485 5398 654 5462 inﬂat,
677 5410 737 5455 ut
759 5415 943 5455 eorum
969 5414 1089 5469 qua:
1112 5413 1211 5453 nos
1235 5407 1380 5452 recte
1403 5395 1628 5450 fecimus
1649 5390 1925 5446 memoria.
1960 5388 2073 5442 Duo

483 5492 627 5546 enim
658 5492 794 5561 parit
820 5492 957 5546 mala
980 5533 994 5556 ,
1029 5490 1441 5561 negligentiores
1469 5486 1623 5547 facit,
1657 5493 1705 5538 et
1735 5484 1786 5537 iu
1816 5495 2074 5550 arrogan-

481 5582 612 5636 tiam
639 5582 793 5641 toliit.
822 5582 1183 5649 Quamobrem
1212 5580 1425 5645 Paulus,
1451 5576 1700 5647 quoniam
1729 5581 1953 5628 noverat
1979 5587 2073 5624 na-

483 5681 657 5727 turam
691 5683 928 5728 nostram
973 5674 1038 5728 ad
1069 5672 1369 5729 socordiam
1412 5671 1568 5725 valde
1599 5683 1717 5723 esse
1746 5666 2033 5735 proclivem
2056 5706 2071 5728 ,

482 5765 667 5820 multis
703 5775 884 5820 autem
930 5765 1178 5820 laudibus
1223 5763 1589 5833 Philippeuscs
1628 5760 1922 5816 affecerat:
1953 5756 2075 5810 vide

483 5854 756 5923 quomodo
793 5871 981 5912 eorum
1012 5853 1231 5927 spiritus
1271 5852 1621 5924 comprimat,
1652 5852 1835 5906 multis
1859 5846 2072 5918 quidem

2187 4826 2306 4882 aliis
2352 4836 2508 4885 antea
2553 4829 2745 4895 modis,
2775 4831 3041 4903 praecipue
3082 4839 3261 4887 autem
3292 4830 3374 4886 his
3402 4843 3543 4887 nunc
3568 4825 3764 4880 verbis.

2184 4921 2322 4987 Quid
2347 4923 2488 4976 enim
2515 4921 2680 4978 dicit?
2710 4921 2940 4991 Fratres,
2959 4940 3051 4996 ego
3072 4941 3150 4978 me
3172 4940 3271 4976 non
3292 4923 3509 4975 arbitror
3532 4934 3764 4987 compre-

2184 5013 2433 5068 hendisse.
2480 5014 2631 5083 Quod
2677 5014 2721 5069 si
2764 5015 2958 5070 Paulus
2986 5014 3160 5069 adhuc
3191 5029 3293 5067 non
3322 5008 3728 5081 comprehendit
3750 5047 3769 5075 ,

2185 5122 2359 5177 neque
2385 5106 2566 5163 fidenti
2591 5108 2770 5162 animo
2796 5108 2862 5162 de
2888 5106 3286 5162 resurrectione
3309 5119 3372 5158 ac
3394 5102 3585 5157 futuris
3607 5102 3767 5155 rebus

2186 5210 2302 5267 est;
2334 5200 2500 5254 multo
2527 5201 2686 5269 igitur
2713 5202 2888 5254 minus
2916 5200 3043 5264 illis,
3072 5199 3160 5268 qui
3196 5213 3293 5253 nec
3320 5196 3593 5251 minimam
3624 5195 3765 5249 illius

2185 5293 2582 5349 benefactorum
2609 5301 2814 5361 partem
2842 5292 3111 5360 assequuti
3138 5290 3369 5353 fuerant,
3395 5290 3444 5344 id
3470 5288 3767 5345 faciendum

2184 5392 2316 5437 erat.
2356 5382 2508 5450 Quod
2538 5392 2713 5437 autem
2751 5381 2957 5450 inquit,
2993 5381 3095 5436 hoc
3126 5391 3208 5436 est
3239 5399 3252 5435 :
3284 5380 3527 5437 Nondum
3554 5395 3767 5435 omnem

2184 5491 2269 5529 me
2296 5474 2714 5545 apprehendissc
2755 5473 3003 5527 virtutem
3037 5481 3164 5542 puto
3196 5490 3211 5526 :
3241 5474 3309 5526 ita
3341 5475 3585 5544 loquens,
3619 5479 3674 5526 ut
3703 5472 3770 5526 de

2183 5582 2404 5622 eursore
2432 5565 2534 5619 dici
2565 5564 2735 5630 solet,
2769 5563 3014 5618 Nondum
3065 5562 3436 5633 apprehendit.
3484 5562 3726 5617 Nondum
3749 5602 3765 5626 ,

2186 5659 2352 5728 inquit
2393 5657 2617 5720 Paulus,
2653 5664 2818 5709 totum
2868 5654 3094 5710 confeci.
3141 5655 3292 5722 Quod
3338 5654 3380 5709 si
3423 5654 3549 5708 alibi
3589 5653 3767 5719 dicat,

2186 5749 2379 5803 Bonum
2419 5758 2669 5803 certamen
2705 5748 2886 5800 certnvi
2913 5747 3004 5816 (2.
3055 5745 3184 5798 Tim.
3230 5746 3283 5800 4.
3337 5744 3448 5815 7);
3484 5745 3569 5799 hic
3596 5759 3727 5799 vero
3749 5783 3766 5806 ,

2188 5841 2431 5896 Nondum
2475 5841 2690 5896 arbitror
2731 5857 2806 5894 me
2849 5839 3324 5909 ratnprchrtn'lissc:
3353 5838 3443 5911 qui
3482 5848 3766 5905 utrumque
