4030 6204
413 349 474 404 ῃ
1081 337 1140 394 s.
1180 340 1458 398 JOANNIS
1493 338 1957 396 οιιιιγεοδῑοιιι
2004 339 2314 396 ιιιιειιιιει».
2356 343 2890 408 CONSTANTINOP.

379 462 550 516 locum
574 470 818 515 accurate
839 459 997 529 leget,
1018 457 1181 525 probe
1200 471 1410 510 causam
1435 455 1666 520 illorum,
1687 463 1740 507 et
1763 453 1949 507 horum

375 552 659 605 verborum
700 557 1004 620 cognoscet.
1029 546 1145 601 Non
1183 546 1326 600 enim
1366 545 1578 600 assidue
1622 552 1832 612 oportet
1859 558 1952 597 eu-

377 643 500 699 dem
545 659 794 709 versare;
828 655 1030 711 nosque
1074 639 1252 694 omnia
1296 639 1526 702 docere,
1557 637 1956 704 admonereque

381 735 492 789 lucc
514 735 676 787 multo
706 743 859 786 antea
889 732 1027 787 dicta
1057 746 1177 786 esse
1202 771 1215 794 ,
1247 731 1333 784 illa
1367 745 1494 784 vero
1525 743 1709 782 versus
1741 728 1898 781 tinem
1938 743 1950 778 :

379 825 624 880 Nondum
653 825 872 878 arbitror
891 865 907 892 ,
939 823 1130 894 inquit,
1163 838 1241 876 me
1268 821 1744 890 comprehendisse;
1771 818 1864 872 sed
1895 817 1946 870 in

378 918 475 972 hoc
504 932 608 971 uno
630 925 771 970 totus
793 931 932 976 sum,
958 925 1014 970 ut
1033 915 1100 969 ad
1124 914 1386 968 anteriora
1413 929 1497 965 me
1518 910 1819 965 extendam.
1844 908 1955 964 lloc

375 1011 513 1064 enim
546 1008 642 1063 sibi
674 1010 785 1062 vult
806 1050 820 1070 ,
849 1009 975 1062 dum
1018 1009 1183 1078 inquit
1211 1027 1223 1063 :
1257 1005 1427 1061 Unum
1472 1016 1638 1059 autem
1664 1020 1682 1058 :
1707 1019 1819 1072 qna’
1845 1002 1958 1072 qui-

374 1102 484 1155 dem
505 1112 638 1154 retro
659 1111 773 1155 sunt
801 1100 1116 1165 obliviscaris,
1149 1099 1215 1152 ad
1245 1116 1302 1152 ea
1329 1098 1440 1152 ver'o
1471 1113 1584 1168 qua:
1616 1097 1788 1165 priora
1814 1101 1949 1158 sunt,

371 1195 645 1252 extendens
676 1211 752 1246 me
781 1194 970 1262 ipsum,
992 1192 1058 1245 ad
1088 1192 1388 1245 destinatum
1416 1205 1686 1259 persequor
1707 1228 1722 1251 ,
1748 1187 1813 1238 all
1843 1186 1958 1237 bra-

373 1288 505 1341 vium
553 1303 786 1355 superate
825 1286 1099 1340 vocationis
1147 1283 1244 1338 Dei
1287 1285 1336 1336 in
1386 1282 1582 1336 Christo
1625 1279 1772 1333 Jesu.
1816 1275 1951 1331 Vide

375 1381 643 1449 quomodo
693 1382 774 1435 his
817 1379 994 1436 verbis
1033 1379 1284 1441 ostendit,
1327 1377 1452 1447 quid
1499 1375 1624 1429 illud
1672 1375 1774 1442 sit,
1805 1374 1949 1445 quod

378 1475 548 1542 ipsum
592 1473 819 1527 faciebat
843 1471 908 1527 ad
940 1473 1202 1526 anteriora
1235 1485 1291 1524 se
1323 1468 1630 1524 extendere.
1673 1465 1832 1521 Certe
1863 1465 1954 1534 qui

371 1565 480 1634 jam
512 1578 569 1618 se
596 1563 888 1634 perfecmm
920 1571 1066 1633 putat
1087 1604 1101 1626 ,
1137 1562 1372 1630 nihilque
1401 1561 1497 1613 sibi
1527 1561 1716 1613 deesse
1747 1558 1810 1609 ad
1844 1558 1949 1610 vir-

376 1655 504 1707 tutis
545 1652 961 1722 perfectionem,
1003 1653 1050 1707 is
1097 1668 1126 1706 a
1166 1667 1323 1706 cursu
1369 1651 1634 1711 cessabit,
1669 1649 1815 1718 qua.~i
1865 1649 1953 1718 qui

377 1754 543 1799 totum
563 1746 672 1812 jam
695 1753 875 1799 teneat
905 1762 918 1798 :
951 1753 1005 1798 at
1030 1744 1116 1814 qui
1139 1759 1199 1798 se
1219 1742 1392 1797 adhuc
1423 1757 1451 1794 a
1481 1749 1621 1794 meta
1648 1739 1834 1794 abesse
1859 1753 1952 1792 co-

374 1835 527 1905 gitat,
558 1836 600 1888 is
632 1850 914 1904 numquam
941 1850 970 1889 a
1000 1849 1157 1889 cursu
1188 1840 1379 1888 cessat.
1402 1831 1514 1886 Hoc
1541 1831 1696 1900 igitur
1721 1844 1820 1882 nos
1844 1829 1958 1883 exi-

375 1927 595 1983 stimare
633 1942 847 1996 semper
869 1926 1150 1990 debemus,
1174 1924 1336 1978 etiam
1362 1923 1407 1978 si
1438 1931 1688 1976 sexcenta
1719 1920 1953 1974 obiveri-

375 2031 493 2068 inus
521 2015 731 2068 virtutis
759 2013 952 2069 ofﬁcia.
990 2015 1200 2068 Etenim
1232 2013 1275 2068 si
1308 2012 1502 2067 Paulus
1528 2021 1647 2083 post
1672 2018 1950 2065 sexcentas

374 2117 596 2170 mortes,
627 2117 745 2176 liOsl
773 2117 914 2161 tanta
939 2106 1172 2176 pericula
1196 2105 1296 2160 hoc
1315 2121 1496 2160 secum
1523 2103 1755 2173 putabat,
1787 2101 1954 2156 multo

373 2199 542 2270 magis
570 2212 686 2254 nos.
717 2195 829 2250 Non
857 2196 1036 2251 animo
1060 2194 1301 2260 concidi,
1332 2195 1531 2264 inquit,
1563 2193 1803 2264 quamvis
1834 2201 1952 2261 post

376 2298 579 2344 tantum
601 2303 814 2343 cursum
843 2287 1076 2342 nomium
1105 2287 1461 2357 pervenerim,
1487 2302 1592 2339 non
1627 2284 1744 2338 ideo
1776 2293 1952 2337 tamen

373 2378 673 2448 deSperavi,
705 2377 799 2432 sed
825 2377 999 2432 adhuc
1027 2391 1208 2440 curro,
1235 2375 1409 2430 adhuc
1433 2383 1583 2430 certo
1612 2390 1626 2430 :
1656 2373 1758 2428 hoc
1787 2388 1949 2426 unum

373 2481 578 2543 specto,
602 2480 657 2524 ut
678 2470 889 2526 assidue
913 2469 1207 2540 proficiam.
1230 2468 1284 2523 id
1305 2469 1456 2524 nobis
1471 2467 1630 2522 etiam
1651 2467 1949 2522 faciendum

373 2576 454 2619 est
476 2563 756 2619 :oblivioni
797 2562 1091 2618 mandanda
1113 2569 1238 2616 sunt
1258 2559 1554 2626 benefacta,
1586 2568 1640 2614 et
1659 2560 1950 2614 omittenda

371 2671 491 2724 qua:
518 2665 663 2709 retro
690 2663 834 2708 sunt.
857 2653 989 2708 Nam
1017 2663 1072 2708 et
1103 2668 1312 2718 cursor,
1337 2667 1442 2705 non
1474 2659 1602 2717 quot
1630 2649 1796 2720 spatia
1819 2666 1948 2704 con-

373 2744 557 2802 fecerit
591 2746 816 2814 cogitat,
847 2744 939 2799 sed
984 2753 1113 2812 quot
1151 2742 1326 2796 adhuc
1370 2749 1591 2796 restent.
1618 2741 1693 2795 lta
1729 2751 1780 2794 et
1816 2757 1910 2794 nos
1932 2782 1949 2808 ,

373 2851 477 2890 non
505 2845 758 2905 quantum
792 2835 841 2888 in
874 2835 1068 2888 virtute
1098 2832 1365 2903 progressi
1405 2831 1596 2898 simus,
1630 2833 1948 2902 cogitemus,

371 2928 467 2982 sed
495 2936 750 2998 quantum
773 2925 946 2980 adhuc
970 2924 1417 2994 progrediendum
1439 2933 1624 2978 restet.
1648 2923 1782 2990 Quid
1808 2923 1950 2977 enim

373 3017 527 3072 nobis
547 3018 805 3088 proderit,
826 3015 965 3086 quod
993 3016 1254 3086 progressi
1278 3031 1484 3080 sumus,
1506 3014 1604 3068 nisi
1627 3015 1786 3067 etiam
1810 3011 1951 3082 quod

371 3120 533 3164 restat
574 3109 1002 3165 confecerimus?
1036 3107 1217 3177 Neque
1247 3107 1413 3173 dixit,
1443 3106 1556 3161 Non
1587 3107 1794 3177 cogito,
1823 3114 1947 3173 aut,

370 3199 486 3254 Non
506 3200 744 3266 memini,
769 3198 884 3264 sed,
910 3196 1240 3262 Obliviscens,
1270 3198 1338 3251 ita
1373 3213 1469 3252 nos
1494 3198 1807 3251 attentiores
1830 3196 1949 3250 red.

371 3292 523 3347 deus.
570 3291 720 3347 Tunc
772 3292 914 3346 enim
965 3290 1116 3346 valde
1166 3290 1512 3345 vehementes
1565 3305 1782 3354 sumus,
1827 3306 1947 3344 cum

370 3399 583 3437 onmem
610 3383 772 3438 animi
797 3385 1050 3454 impetum
1083 3383 1131 3436 in
1163 3381 1212 3437 id
1235 3383 1376 3453 quod
1403 3391 1568 3438 restat
1598 3383 1946 3451 coniecimus,

369 3491 488 3527 cum
520 3476 788 3546 prmterita
820 3475 1073 3529 oblivioni
1105 3475 1490 3530 mandavimus.
1540 3475 1907 3530 Extendcntcs
1931 3515 1946 3540 ,

368 3566 562 3635 inquit,
583 3580 699 3628 nos,
730 3577 1014 3636 antequam
1036 3565 1370 3632 accedamus,
1391 3582 1581 3635 capere
1607 3567 1874 3622 volumus.
1901 3565 1949 3621 is

369 3654 511 3707 enim
539 3655 829 3708 extendere
855 3670 912 3708 se
939 3654 1153 3718 dicitur,
1175 3656 1264 3724 qui
1293 3656 1476 3724 pedes,
1499 3656 1624 3711 licet
1649 3669 1946 3724 currentes,

370 3743 578 3811 reliquo
625 3758 852 3812 corpore
896 3752 1233 3797 antevertere
1277 3745 1487 3810 studet,
1520 3759 1685 3814 seque
1729 3747 1950 3800 inclinat

371 3833 424 3887 in
456 3833 732 3898 interiora,
765 3847 1063 3902 manusque
1091 3831 1378 3902 protendit,
1409 3844 1464 3886 ut
1491 3833 1762 3903 aliquanto
1787 3837 1946 3890 etiam

371 3922 488 3992 plus
513 3923 668 3992 spatii
701 3922 874 3977 faciat.
906 3922 961 3977 ld
1001 3938 1126 3978 vero
1165 3938 1228 3978 ex
1272 3923 1438 3978 multo
1475 3923 1637 3977 animi
1670 3924 1867 3994 impetu
1894 3935 1949 3982 et

369 4032 561 4088 magno
580 4015 772 4072 ardore
790 4015 864 4070 fit.
889 4017 985 4084 Qui
1007 4017 1193 4082 currit,
1217 4017 1316 4071 hoc
1335 4017 1495 4071 modo
1516 4026 1696 4071 currat
1711 4028 1944 4087 oportet,

368 4121 516 4166 tanto
541 4125 664 4166 cum
690 4110 868 4164 studio
892 4150 907 4174 ,
939 4119 1087 4164 tanto
1112 4124 1232 4163 cum
1267 4109 1488 4179 impetu,
1521 4125 1625 4164 non
1654 4121 1829 4164 autem
1858 4128 1945 4167 re-

367 4204 551 4257 misse.
573 4201 838 4268 Quantum
865 4210 1041 4255 autem
1073 4201 1209 4255 inter
1232 4200 1374 4255 hunc
1399 4202 1486 4271 qui
1516 4201 1616 4255 hoc
1642 4202 1799 4257 modo
1825 4219 1948 4257 cur-

367 4297 452 4358 rit,
484 4305 534 4348 et
568 4294 706 4346 inter
730 4309 849 4348 eum
877 4294 964 4364 qui
987 4293 1129 4362 jacet
1153 4293 1376 4362 supinus
1399 4335 1412 4354 ,
1444 4295 1660 4349 interest
1689 4337 1703 4361 ,
1740 4305 1942 4350 tantum

367 4389 505 4441 inter
527 4385 742 4440 Paulum
775 4396 828 4440 et
857 4403 972 4440 nos.
998 4386 1245 4454 Quotidie
1277 4385 1366 4440 ille
1395 4387 1741 4453 moriebatur,
1771 4390 1944 4458 quoti-

362 4477 450 4531 die
477 4477 612 4531 bene
639 4477 974 4538 merebatur;
1009 4477 1149 4530 nulla
1176 4485 1292 4530 erat
1317 4477 1546 4537 occasio.
1574 4477 1775 4531 nullum
1811 4487 1943 4533 tem-

368 4582 488 4638 pus,
518 4569 569 4621 in
595 4583 701 4637 quo
727 4584 832 4621 non
855 4569 1026 4634 aliqua
1057 4568 1128 4620 illi
1154 4567 1220 4620 ad
1246 4582 1461 4622 cursum
1490 4570 1728 4622 accessio
1759 4569 1939 4634 fieret;

369 4675 474 4715 non
507 4660 718 4714 volebat
768 4674 957 4726 capere
981 4699 994 4720 ,
1025 4658 1119 4712 sed
1163 4673 1351 4728 rapere
1383 4677 1396 4713 :
1427 4659 1495 4712 ita
1540 4661 1679 4714 enim
1734 4661 1810 4716 fas
1863 4673 1945 4718 est

363 4765 575 4820 capere.
600 4750 698 4817 Qui
725 4749 814 4804 dat
844 4750 1082 4802 hiavium
1109 4763 1320 4806 sursum
1350 4758 1452 4814 est,
1477 4760 1686 4806 sursum
1715 4755 1942 4822 positum

360 4851 442 4899 est
481 4843 570 4898 bra
582 4843 742 4897 vium.

431 4933 486 4987 2.
525 4933 653 4988 Vide
677 4945 931 5003 quantum
972 4933 1126 5000 Spatii
1155 4932 1222 4988 sit
1261 4934 1588 5002 propositum
1615 4935 1681 4988 ad
1721 4953 1940 5007 percur-

365 5024 588 5080 rendnm
615 5041 630 5090 ;
660 5023 780 5078 vide
809 5039 968 5094 quam
995 5023 1171 5078 celsus
1196 5025 1264 5078 sit
1293 5027 1459 5085 locns.
1502 5040 1609 5093 quo
1653 5026 1938 5082 volandum

363 5127 450 5172 est
486 5118 585 5171 alis
615 5117 836 5187 spiritus
869 5135 881 5170 :
929 5117 1086 5171 aliter
1130 5117 1272 5172 enim
1323 5116 1548 5171 altitudo
1593 5117 1679 5172 illa
1711 5119 1939 5175 obtineri

363 5208 565 5275 nequit.
609 5206 740 5260 Cum
787 5222 1012 5277 corpore
1053 5207 1180 5262 illuc
1221 5207 1612 5277 properandum
1643 5217 1761 5274 est;
1813 5209 1940 5265 licet

358 5302 502 5357 enim
537 5322 550 5356 :
587 5300 778 5357 Nostra
805 5306 948 5359 enim
974 5345 987 5370 ,
1019 5305 1186 5374 inquit
1211 5348 1225 5371 ,
1258 5309 1571 5362 conversatio
1596 5308 1650 5362 iu
1699 5309 1836 5364 aclis
1862 5316 1934 5362 est

359 5394 636 5466 (Philipp.
667 5396 719 5452 3.
761 5395 867 5464 20)
901 5415 912 5448 :
961 5397 1028 5450 ibi
1063 5399 1234 5467 palma
1263 5407 1364 5453 est.
1397 5399 1559 5454 Vides
1581 5416 1674 5456 eos
1695 5403 1783 5471 qui
1811 5417 1937 5457 cur-

359 5498 504 5556 runt,
537 5504 694 5559 quant
725 5504 792 5544 ex
819 5490 933 5558 lege
961 5490 1187 5546 vivant?
1208 5509 1364 5562 quam
1393 5494 1523 5548 nihil
1551 5510 1738 5548 eorum
1765 5535 1781 5559 ,
1812 5511 1933 5564 qua:

357 5582 504 5638 vires
529 5591 806 5648 enervant,
853 5584 1156 5651 attingant?
1184 5601 1343 5654 quam
1373 5587 1614 5654 quotidie
1640 5596 1848 5642 certent
1876 5589 1927 5642 in

361 5674 605 5742 palasstra
634 5673 734 5728 sub
763 5675 1016 5744 magistro
1037 5684 1090 5728 et
1118 5675 1273 5743 lege?
1305 5677 1411 5730 llos
1455 5677 1535 5732 fac
1577 5678 1800 5734 imiteris
1825 5723 1838 5746 ,
1869 5696 1931 5735 ac

359 5769 536 5838 potius
577 5768 832 5835 majorem
860 5784 1044 5836 prome
1072 5771 1230 5824 animi
1263 5773 1516 5841 impetum
1551 5795 1562 5828 :
1598 5774 1752 5844 longe
1782 5777 1923 5831 enim

3526 355 3652 413 2‘72

2073 454 2246 523 petior
2271 467 2350 511 est
2377 459 2548 528 palma
2575 501 2590 525 ,
2620 472 2674 517 et
2702 464 2848 517 multi
2898 476 3024 520 sunt
3069 469 3156 537 qui
3191 469 3489 539 impediunt
3521 493 3533 524 :
3577 485 3644 528 ex

2065 543 2181 616 lege
2217 547 2334 603 vive
2367 567 2379 601 :
2407 551 2569 606 multa
2593 555 2735 608 enim
2762 566 2919 622 sunt,
2949 573 3067 628 quae
3096 561 3260 614 robur
3282 561 3590 621 dissolvunt
3623 586 3639 621 -.

2063 636 2261 692 bonum
2293 656 2418 696 crus
2457 643 2538 698 fac
2565 645 2688 716 pedi
2723 656 2849 714 tuo;
2884 660 3038 718 potes
3064 652 3206 706 enim
3241 675 3253 709 :
3289 671 3395 709 non
3435 667 3642 712 naturae

2063 745 2150 786 res
2173 742 2273 799 est,
2321 735 2414 789 sed
2444 737 2751 792 voluntatis.
2802 741 2994 796 chcm
3040 742 3178 798 hanc
3216 746 3540 806 reddamus.
3579 767 3646 804 ne

2061 826 2324 881 celeritati
2356 829 2548 899 pedum
2579 833 2840 903 reliquum
2868 836 3076 905 pondus
3103 838 3308 894 ofﬁciat
3334 857 3348 893 :
3379 840 3514 896 doce
3543 859 3636 912 pe-

2061 915 2156 971 des
2180 933 2296 974 esse
2318 920 2500 977 firmos
2521 939 2536 978 :
2559 925 2734 979 solum
2759 927 2900 980 enim
2931 928 3111 983 multis
3136 930 3187 983 in
3209 929 3343 985 locis
3359 943 3441 986 est
3465 932 3604 986 luhri

2061 1023 2216 1073 cum;
2249 1026 2312 1066 ac
2351 1015 2393 1066 si
2424 1015 2585 1069 cadas
2608 1055 2626 1083 ,
2659 1019 2823 1073 multa
2855 1021 3150 1089 perdidisti.
3185 1025 3470 1088 Attamen,
3504 1037 3558 1080 et
3586 1028 3631 1079 si

2060 1100 2343 1168 cecideris,
2377 1119 2606 1176 exsurge
2637 1125 2650 1160 :
2687 1109 2810 1164 licet
2836 1112 2978 1166 enim
3008 1122 3061 1167 et
3089 1113 3191 1169 hoc
3216 1125 3370 1184 pacto
3400 1117 3636 1172 vincere.

2059 1188 2358 1262 Numquam
2381 1195 2598 1253 lubricis
2618 1199 2779 1255 rebus
2809 1212 2860 1256 te
2881 1205 3220 1270 committas;
3241 1217 3295 1260 et
3321 1223 3420 1260 non
3444 1208 3636 1263 cades:

2062 1295 2224 1350 super
2240 1284 2437 1341 solidas
2463 1297 2516 1342 et
2541 1291 2762 1347 stabiles
2787 1308 2978 1349 curre:
3003 1311 3215 1352 sursum
3237 1308 3398 1368 caput
3419 1298 3646 1362 habeas,

2060 1388 2271 1429 sursum
2294 1380 2497 1434 oculos.
2516 1380 2569 1436 ld
2588 1393 2642 1438 et
2662 1387 3004 1440 currentibus
3026 1390 3264 1459 magistri
3289 1391 3602 1460 praacipiunt
3621 1410 3650 1447 :.

2061 1463 2130 1518 ita
2151 1469 2550 1527 consolidautur
2573 1474 2730 1530 vires.
2749 1477 2839 1530 Sin
2872 1476 3123 1534 deorsum
3157 1497 3371 1537 versum
3401 1485 3637 1547 notabis,

2057 1559 2330 1627 concides,
2359 1577 2420 1616 ac
2449 1561 2683 1620 fatisces.
2719 1569 2944 1624 Sursum
2975 1582 3178 1641 specta,
3200 1574 3288 1628 ubi
3319 1575 3491 1645 palma
3521 1585 3635 1630 est:

2060 1649 2146 1702 hic
2189 1652 2379 1720 palma:
2410 1667 2659 1726 aSpectus
2686 1672 2843 1732 anget
2889 1665 3121 1719 studium
3169 1668 3490 1734 voluntatis;
3518 1686 3641 1739 spes

2058 1737 2244 1795 adimit
2265 1743 2502 1800 laborum
2526 1757 2581 1803 et
2602 1751 2967 1808 molestiarum
2993 1770 3206 1811 sensum
3233 1775 3248 1821 ;
3282 1737 3651 1830 longinquitas
3673 1819 3678 1823 _

2058 1827 2182 1885 facit
2207 1841 2267 1886 ut
2295 1834 2534 1891 bravium
2579 1854 2835 1909 appareat
2875 1846 3147 1916 exiguum.
3181 1827 3639 1917 Quodnam-illud

2059 1923 2179 1977 est?
2201 1925 2316 1980 Non
2345 1943 2525 1984 ramus
2553 1934 2742 2001 palma:
2767 1952 2781 1999 ;
2803 1938 2894 1992 sed
2917 1940 3042 2008 quid
3061 1940 3339 2012 ?Regnum
3360 1946 3637 2014 caelorum,

2063 2015 2276 2083 requies
2300 2020 2644 2089 sempiterna,
2689 2025 2856 2095 gloria
2884 2043 3006 2083 cum
3037 2031 3254 2088 Christo
3275 2076 3290 2100 ,
3323 2036 3590 2092 hereditas
3620 2081 3651 2106 ,_

2058 2101 2366 2164 fraternitas
2391 2151 2406 2175 ,
2439 2115 2845 2172 innumerabilia
2874 2119 3012 2174 bona
3039 2163 3054 2186 ,
3087 2138 3207 2192 quae
3239 2125 3415 2181 verbis
3441 2101 3634 2196 exponi

2057 2210 2162 2248 non
2190 2208 2430 2266 possunt.
2464 2202 2663 2257 Palma:
2694 2207 2836 2262 illius
2881 2209 3339 2278 pulchritudinem
3368 2218 3652 2288 explicare

2057 2301 2162 2340 non
2207 2304 2489 2358 possumus
2517 2311 2531 2348 :
2559 2296 2712 2350 solus
2743 2299 2832 2352 ille
2859 2303 3006 2356 novit
3033 2305 3121 2373 qui
3169 2307 3398 2373 obtinet,
3449 2320 3502 2364 et
3547 2313 3651 2381 qui.

2057 2391 2374 2449 accepturus
2403 2393 2508 2438 est.
2539 2387 2654 2442 Non
2673 2399 2756 2443 est
2783 2406 2968 2459 aurea,
3000 2411 3104 2450 non
3132 2413 3194 2452 ex
3218 2400 3485 2469 lapidibus
3509 2419 3640 2458 con-

2056 2477 2161 2523 stat
2186 2486 2200 2534 ;
2248 2473 2416 2528 multo
2447 2475 2561 2530 istis
2589 2489 2675 2532 est
2701 2481 2990 2549 pretiosior
3023 2502 3034 2536 :
3064 2501 3253 2543 aurum
3287 2506 3399 2561 pra:
3427 2490 3515 2548 illa
3544 2496 3623 2549 lu-

2059 2567 2167 2614 tum
2211 2570 2327 2629 est;
2379 2564 2586 2634 lapides
2615 2571 2834 2637 pretiosi
2866 2588 2976 2642 prae
3006 2575 3095 2630 illa
3130 2579 3526 2646 pulchritudine
3556 2588 3637 2640 la-

2058 2657 2197 2704 teres
2224 2662 2366 2707 sunt.
2399 2654 2455 2709 Si
2484 2671 2544 2710 ea
2575 2659 2776 2726 potitus
2804 2661 2855 2716 in
2885 2666 3074 2719 emtum
3105 2666 3284 2736 iveris,
3309 2688 3501 2744 magno
3529 2676 3638 2732 illic

2055 2756 2176 2796 cum
2209 2742 2412 2799 honore
2458 2751 2657 2817 poteris
2688 2752 2939 2810 incedere
2971 2774 2984 2809 :
3016 2761 3190 2830 angeli
3232 2772 3282 2817 te
3313 2742 3639 2822 reverebun-

2058 2843 2143 2890 tur
2171 2835 2403 2904 palmam
2434 2839 2579 2895 illam
2628 2843 2887 2901 ferentem
2923 2869 2934 2902 :
2967 2849 3195 2906 fidenter
3238 2853 3306 2907 ad
3331 2871 3520 2912 omnes
3543 2873 3637 2914 ac-

2055 2928 2236 2985 cedes.
2280 2929 2348 2983 ln
2392 2931 2592 2988 Christo
2636 2935 2782 2992 Jesu.
2836 2939 2966 2994 Vide
3011 2952 3219 3010 gratum
3263 2947 3504 3004 animum
3535 2966 3548 3004 :
3580 2950 3636 3006 lu

2055 3018 2268 3074 Christo
2292 3019 2417 3075 Jesu
2445 3021 2568 3090 hoc,
2597 3025 2765 3095 inquit
2789 3069 2802 3089 ,
2835 3028 2988 3083 facio.
3016 3031 3130 3087 Non
3161 3035 3306 3090 enim
3350 3039 3468 3094 sine
3499 3039 3640 3096 illius

2056 3109 2288 3180 impulsu
2321 3123 2525 3168 tantum
2557 3119 2714 3186 spatii
2741 3121 3012 3177 conficere
3040 3123 3118 3178 fas
3150 3137 3235 3181 est
3267 3145 3281 3180 :
3309 3131 3477 3186 nmlto
3502 3147 3638 3201 opus

2055 3215 2136 3256 est
2156 3204 2376 3259 auxilio.
2407 3205 2666 3262 Deersum
2699 3217 2750 3264 te
2777 3219 2986 3268 certare
3005 3215 3191 3278 voluit,
3222 3233 3434 3275 sursum
3476 3238 3638 3277 coro-

2055 3303 2146 3348 nat
2174 3311 2188 3348 :
2216 3311 2318 3351 non
2343 3307 2397 3351 ut
2429 3299 2535 3362 hic,
2554 3301 2645 3354 ubi
2668 3313 2968 3373 certamen,
2992 3317 3072 3362 est
3101 3309 3265 3365 etiam
3295 3327 3492 3370 corona
3523 3317 3632 3382 illa,

2054 3385 2146 3440 sed
2181 3387 2233 3440 in
2260 3389 2544 3458 splendido
2575 3392 2692 3447 loco
2719 3409 2919 3450 corona
2950 3398 3038 3453 illa
3067 3410 3168 3455 est.
3197 3403 3313 3459 Non
3338 3405 3526 3460 videtis
3547 3407 3634 3462 hic

2053 3478 2213 3532 etiam
2255 3493 2349 3533 eos
2377 3497 2441 3535 ex
2472 3481 2691 3539 athletis
2719 3495 2775 3540 et
2801 3489 3001 3559 aurigis
3023 3532 3038 3554 ,
3069 3508 3210 3560 quos
3253 3497 3482 3550 maximo
3507 3498 3620 3551 alti-

2053 3571 2201 3626 ciunt
2246 3572 2470 3642 honore,
2523 3594 2630 3631 non
2681 3578 2932 3636 deorsum
2964 3585 3014 3637 in
3045 3587 3221 3640 stadio
3248 3629 3263 3654 ,
3299 3588 3393 3644 sed
3423 3605 3632 3645 sursum

2052 3674 2280 3722 vocante
2309 3665 2636 3737 lmperatore
2663 3675 2932 3728 coronari.
2969 3674 3042 3728 lta
3072 3677 3234 3731 etiam
3259 3688 3314 3733 et
3347 3688 3402 3734 tu
3433 3681 3558 3736 hinc
3584 3684 3634 3736 in

2051 3757 2184 3811 casio
2219 3759 2400 3828 capies
2450 3761 2703 3828 palmam.
2760 3764 2849 3819 15.
2899 3765 3212 3838 Quicumque
3251 3787 3370 3840 ergo
3424 3776 3630 3844 perfecti

2052 3864 2243 3915 sumus,
2291 3851 2480 3920 inquit,
2510 3853 2604 3907 hoc
2631 3855 2903 3910 sentiamus
2931 3873 2949 3909 :
2977 3867 3026 3911 et
3052 3859 3228 3929 siquid
3252 3862 3402 3917 aliter
3426 3865 3630 3934 sapitis,

2052 3948 2100 3990 et
2147 3940 2241 3993 lioc
2276 3941 2410 3996 vobis
2443 3941 2577 3997 Deus
2621 3945 2881 4000 reuelabit.
2913 3948 3047 4015 Quid
3083 3950 3184 4005 hoc
3211 3953 3332 4006 est?
3359 3953 3624 4009 Nimirum

2053 4046 2170 4100 qua:
2198 4041 2343 4086 retro
2373 4043 2498 4090 sunt
2521 4077 2537 4102 ,
2583 4036 2951 4094 obliviscenda
2985 4056 3107 4096 esse
3139 4059 3151 4094 :
3201 4045 3269 4096 ita
3303 4055 3358 4098 ut
3401 4047 3626 4115 perfecti

2055 4123 2286 4178 hominis
2313 4125 2404 4188 sit,
2431 4141 2537 4179 non
2566 4142 2626 4182 se
2643 4129 2953 4185 existimare
2982 4131 3278 4202 perfectura
3313 4152 3454 4192 esse.
3487 4139 3632 4205 Quo-

2052 4215 2214 4270 modo
2260 4216 2419 4286 igitur
2471 4219 2628 4284 dicis,
2689 4221 3004 4294 Quicumque
3045 4226 3300 4295 perfecti?
3348 4229 3436 4282 dic
3489 4232 3630 4285 enim

2053 4308 2180 4361 mihi
2205 4350 2218 4372 ,
2252 4308 2477 4364 hoccine
2524 4312 2602 4367 vis
2635 4315 2905 4382 sapiamus
2934 4318 3075 4386 quod
3111 4328 3162 4372 tu
3193 4321 3378 4389 sapis?
3405 4321 3538 4376 Nam
3583 4323 3626 4377 si

2053 4414 2156 4452 non
2183 4412 2503 4470 a.~,sequutus
2531 4419 2609 4467 es,
2635 4407 2678 4458 si
2711 4425 2721 4458 i
2746 4423 2814 4460 on
2845 4423 2903 4462 es
2932 4409 3220 4477 perlectus,
3258 4413 3629 4483 quomodoju-

2052 4491 2148 4544 bes
2178 4493 2438 4558 perfectos
2469 4495 2568 4550 hoc
2597 4511 2810 4566 sapere,
2842 4501 2984 4569 quod
3016 4511 3070 4556 et
3099 4511 3151 4556 tu
3181 4504 3348 4573 sapis,
3379 4505 3469 4574 qui
3496 4521 3628 4560 non-

2049 4579 2175 4634 duin
2203 4597 2261 4635 es
2291 4585 2597 4650 perlectus?
2630 4588 2739 4642 lloc
2780 4591 2944 4655 enim,
2998 4592 3201 4662 inquit,
3239 4595 3499 4664 perfectio
3527 4605 3626 4651 est.

2055 4669 2119 4723 Et
2145 4671 2188 4724 si
2212 4673 2335 4741 quid
2354 4674 2501 4728 aliter
2523 4678 2720 4747 sapitis,
2749 4690 2795 4733 et
2821 4681 2914 4734 hoc
2955 4683 3090 4737 vobis
3121 4683 3258 4738 Deus
3287 4687 3542 4740 reuelabit.
3575 4687 3628 4742 ιιι

2050 4772 2158 4828 est,
2186 4764 2230 4815 si
2259 4767 2378 4834 quis
2403 4777 2580 4822 autem
2603 4780 2754 4840 putat
2781 4787 2840 4827 se
2869 4782 3034 4828 totum
3067 4784 3212 4830 recte
3239 4792 3360 4832 esse
3377 4794 3641 4848 asscquu--

2053 4862 2181 4908 tum.
2213 4853 2371 4910 Cavet
2399 4858 2648 4914 nimirum
2679 4863 2784 4917 illis
2808 4880 2821 4926 ;
2847 4873 2900 4918 at
2931 4882 3036 4920 non
3067 4867 3135 4921 ita
3163 4869 3316 4934 dixit,
3345 4871 3440 4925 sed
3471 4869 3638 4940 quid?

2052 4944 2116 4996 Et
2145 4946 2190 4999 si
2213 4949 2334 5018 quid
2352 4950 2498 5002 aliter
2517 4953 2716 5021 capitis,
2739 4964 2783 5006 et
2805 4955 2900 5008 hoc
2927 4957 3062 5010 vobis
3089 4956 3222 5012 Deus
3253 4959 3510 5014 reuelabit.
3538 4959 3626 5014 Vi-

2049 5037 2164 5104 des,
2192 5055 2352 5109 qnam
2384 5043 2706 5100 verecunde.
2739 5038 2889 5113 lloc,
2922 5047 3131 5119 inquit,
3167 5065 3264 5105 vos
3293 5051 3434 5106 Deus
3461 5051 3619 5105 doceo

2052 5130 2126 5184 bit
2172 5149 2183 5184 :
2231 5132 2279 5186 id
2316 5145 2417 5198 est,
2463 5134 2605 5190 Deus
2658 5138 2807 5191 vobis
2857 5141 3220 5209 persuadebit,
3274 5157 3380 5197 non
3424 5153 3625 5197 tantum

2050 5225 2260 5280 docebit
2302 5245 2312 5278 :
2346 5243 2468 5283 nam
2499 5228 2730 5285 docebat
2759 5232 2974 5299 quidem
3005 5234 3199 5287 Paulus
3227 5252 3238 5286 :
3286 5236 3424 5288 Deos
3450 5242 3627 5288 autem

2050 5314 2353 5370 inducebat.
2391 5318 2455 5372 Et
2485 5335 2592 5373 non
2625 5320 2776 5382 dixit,
2815 5321 3056 5387 lnducot,
3088 5324 3202 5387 sed,
3246 5323 3501 5378 Revelabit
3527 5341 3545 5389 ;
3575 5333 3638 5376 ut-

2049 5422 2115 5462 ex
2145 5409 2439 5475 ignorantia
2485 5427 2572 5466 res
2605 5413 2875 5480 proﬁcisci
2922 5417 3186 5470 videatur.
3242 5416 3359 5472 Non
3408 5417 3523 5471 Iure
3563 5416 3628 5471 de

2048 5499 2310 5570 dogmatis
2363 5503 2502 5558 dicta
2555 5515 2699 5571 sunt,
2756 5506 2849 5560 sed
2891 5508 2958 5560 de
3005 5506 3335 5577 perfectione
3383 5509 3526 5568 vite,
3574 5515 3636 5560 ιιι

2049 5608 2208 5646 nemo
2249 5609 2306 5648 sc
2348 5595 2460 5663 ipse
2489 5597 2763 5651 existimet
2797 5599 3095 5666 perfectum
3124 5615 3268 5653 esse.
3300 5599 3508 5652 Etenim
3538 5598 3626 5665 qui

2049 5685 2225 5736 omnia
2255 5700 2314 5738 se
2360 5695 2508 5755 putat
2551 5701 2980 5756 conscpuitum,
3017 5690 3150 5745 nihil
3181 5691 3357 5744 habet.
3401 5690 3487 5744 16.
3529 5689 3629 5740 νυ-

2054 5787 2327 5832 rumta'ncn
2356 5779 2421 5830 ad
2445 5780 2576 5849 quod
2603 5782 2942 5851 pcrvcninms,
2968 5783 3015 5836 in
3042 5783 3215 5837 eadem
3245 5792 3635 5846 permaneuttiM
