4030 6204
438 411 540 468 371

438 522 629 595 φησιν,
656 518 772 574 ἀλλ’
811 517 929 580 ἑνός
960 517 1074 587 ειμι
1110 517 1294 585 μόνου,
1324 514 1418 568 τοῦ
1450 515 1560 580 τοῖς
1590 514 1900 585 ἔμπροσθεν
1926 515 2018 567 έπ-

439 608 800 667 εκτείνεσθαι.
835 607 1004 662 Τοῦτο
1053 607 1159 678 γάρ
1208 607 1356 659 ἐστιν
1388 607 1416 659 ὃ
1450 607 1768 676 φησιν,Ἕν,
1795 606 1865 660 τὰ
1901 606 2018 675 μὲν

445 704 638 758 όπίσω
677 699 1243 767 ἐπιλανθανόμενος,
1277 697 1402 764 τοῖς
1441 697 1509 750 δὲ
1549 698 1889 767 ἔμπροσθεν
1915 697 2010 749 ἐπ·

441 792 878 859 εκτειηίμενος,
917 790 1068 841 κατὰ
1111 787 1350 840 σκοπὸν
1389 786 1579 840 διώκω
1623 786 1721 840 ἐπὶ
1764 786 1830 840 τὸ
1865 787 2018 855 ,βρα-

442 885 602 939 ϐεῖον
623 881 734 950 τῆς
761 880 883 933 ἄνω
919 879 1197 948 κλήσεως
1227 879 1335 932 τοῦ
1369 879 1516 934 Θεοῦ
1545 881 1616 932 ἐν
1639 879 1869 947 Χριστῷ
1903 879 2018 946 Ἰη-

439 971 724 1041 σοῦ.’ορα
764 970 880 1034 πῶς
912 969 1083 1037 είπὼν
1130 969 1309 1034 τοῦτο,
1340 971 1575 1040 ἐδήλωσε
1604 968 1658 1022 τί
1701 965 1768 1040 ἦν
1798 970 1825 1022 6
1846 969 2019 1023 ἐποίει

439 1063 600 1118 αὑτὸν
631 1064 747 1126 τοῖς
775 1058 1088 1133 ἔμπροσθεν
1116 1061 1542 1115 ὲπεκτείνεσθαι.
1560 1063 1618 1115 '0
1657 1062 1753 1132 μὲν
1783 1057 1877 1115 οὖν
1917 1062 2020 1133 ἡδη

436 1153 819 1208 τετελειῶσθαι
853 1151 1112 1222 νομίζων,
1139 1151 1234 1205 καὶ
1269 1150 1435 1222 μηδὲν
1466 1151 1614 1221 αὐτῷ
1646 1151 1852 1204 λείπειν
1884 1152 2022 1222 πρὸς

436 1245 642 1316 ἀρετῆς
671 1243 1033 1316 κατόρθωσιν,
1055 1243 1156 1298 κᾶν
1179 1243 1454 1297 ἐπαύσατο
1480 1244 1710 1314 τρέχων,
1732 1243 1805 1308 ὡς
1831 1243 1892 1297 16
1914 1243 2022 1298 πᾶν

439 1336 827 1409 κατειληφώς·
852 1339 880 1390 6
910 1337 968 1390 δὲ
1001 1338 1295 1407 ἀφεστάναι
1332 1335 1426 1391 106
1455 1337 1722 1408 τέρματος
1755 1336 1834 1390 ἔτι
1867 1336 2022 1408 νομί-

443 1423 578 1494 ζων,
611 1428 866 1483 οὐδέποτε
897 1428 1160 1482 παύσεται
1190 1427 1415 1500 τρέχων.
1442 1427 1612 1483 Τοῦτο
1636 1425 1728 1484 οὖν
1762 1429 1908 1499 ἡμᾶς
1939 1429 2024 1482 ἀεὶ

445 1519 531 1572 δεῖ
553 1514 886 1587 λογίζεσθαι,
920 1518 1025 1572 κᾶν
1068 1517 1238 1590 μυρία
1267 1519 1697 1591 κατορθώσωμεν
1723 1519 1924 1589 ἀγαθά.
1960 1521 2027 1573 Εἰ

451 1609 562 1681 γὰρ
590 1610 801 1674 Παῦλος
825 1608 964 1679 μετά
998 1609 1224 1681 μυρίους
1262 1609 1540 1676 θανάτους,
1576 1611 1713 1682 μετά
1739 1610 2027 1674 τοσούτους

452 1700 729 1765 κινδύνους
771 1699 928 1755 τοῦτο
966 1700 1266 1770 ἐλογίζετο,
1297 1700 1476 1772 πολλῷ
1505 1703 1705 1774 μᾶλλον
1737 1705 1914 1774 ἡμεῖς.
1949 1702 2024 1756 Ού

457 1790 562 1861 μὴν
609 1790 890 1855 ἀνέπεσον,
934 1792 1118 1863 φησὶν,
1143 1793 1330 1864 ἐπειδὴ
1361 1792 1612 1848 τοσοῦτον
1657 1794 1882 1865 δραμὼν
1928 1795 2028 1849 οὐκ

455 1877 669 1950 ίσχυσα,
703 1879 824 1934 οὐδὲ
866 1881 1139 1951 άπέγνων,
1169 1883 1284 1937 ἀλλ’
1312 1883 1392 1937 ἑτι
1432 1886 1628 1956 τρέχω,
1656 1885 1734 1940 ἔτι
1763 1887 2024 1956 ἀγωνίζο-

458 1986 584 2040 μαι·
612 1969 770 2025 τοῦτο
796 1971 955 2042 μόνον
982 1973 1190 2039 σκοπῶ,
1208 1973 1355 2039 ὅπως
1379 1975 1444 2044 δὴ
1474 1979 2029 2048 προκόπτοιμι.υῦτω

456 2059 550 2114 καὶ
579 2061 728 2132 ἡμᾶς
765 2061 873 2133 χρὴ
904 2065 1097 2129 ποιεῖν,
1131 2066 1580 2122 ἐπιλανθάνεσθαι
1613 2068 1722 2122 τῶν
1753 2070 2028 2142 κατορθω-

460 2151 665 2219 μάτων,
697 2153 792 2205 καὶ
835 2153 1051 2222 ἀφιέναι
1095 2154 1236 2208 αὺτά
1278 2156 1472 2214 ὀπίσω.
1516 2159 1624 2213 Καὶ
1672 2161 1782 2231 γάρ
1834 2164 1862 2214 6
1911 2163 2032 2232 690-

465 2239 598 2307 μεῖις
643 2239 741 2309 οὐχ
773 2241 929 2304 ὅσους
959 2241 1156 2312 ἡνυσεν
1187 2244 1566 2312 ἀναλογίζεται
1598 2249 1875 2318 διαύλους,
1906 2251 2033 2304 ἀλλ’

463 2329 620 2394 δσους
660 2330 926 2388 λείπεται.
948 2334 1059 2388 Καὶ
1107 2335 1270 2406 ἡμεῖς
1319 2335 1394 2408 μὴ
1438 2339 1560 2392 ὅσον
1609 2339 1886 2412 ἡνύσαμεν
1939 2343 2034 2413 τῆς

463 2419 664 2490 ἀρετῆς
690 2421 1154 2494 άναλογιξώμεθα,
1191 2425 1304 2479 ἀλλ’
1337 2427 1460 2482 ὅσον
1485 2431 1615 2500 ἡμῖν
1642 2430 1906 2487 λείπει.Τί
1927 2433 2035 2504 γάρ

464 2512 613 2583 ἡμᾶς
653 2512 856 2582 ὠφελεῖ
904 2516 963 2568 16
1003 2515 1256 2583 άνυσθὲν,
1314 2520 1442 2574 ὅταν
1490 2521 1551 2574 16
1601 2523 1914 2594 λειπόμενον
1959 2527 2033 2597 μὴ

465 2603 770 2674 προστεθῇς
807 2605 916 2658 Καὶ
966 2606 1068 2659 οὐκ
1111 2603 1285 2674 εἶπεν,
1331 2609 1414 2663 ὅτι
1463 2612 1574 2665 Οὐκ
1627 2613 2032 2687 ἀναλογίζομαι,

461 2693 581 2747 οὐδὲ
602 2695 911 2766 μέμνημαι,
935 2696 1072 2761 ἀλλ’,
1103 2700 1672 2771 Ἐκλανθανόμενος,
1696 2705 1843 2775 ἡμᾶς
1870 2723 2036 2777 προσ-

462 2787 855 2857 εκτικωτέρους
902 2787 1091 2841 ποιῶν.
1125 2790 1280 2844 Οὕτω
1325 2791 1435 2863 7&9
1488 2795 1705 2865 σφοδροὶ
1749 2796 2032 2867 γινόμεθα,

463 2871 589 2927 ὅταν
631 2876 812 2927 πᾶσαν
862 2875 1170 2946 προθυμίαν
1203 2879 1280 2941 είς
1328 2878 1388 2932 16
1435 2881 1621 2934 λεῖπον
1655 2881 2034 2954 ἀναλάϐωμεν,

465 2964 591 3038 όταν
613 2965 798 3019 ἐκεῖνα
832 2964 972 3038 λήθῃ
999 2966 1349 3039 παραδῶμεν.
1367 2970 1853 3042 Ἐπεκτεινόμενοι,
1881 2971 2036 3042 φησὶ,

471 3054 600 3124 πρὶν
647 3053 680 3126 ἡ
731 3056 1149 3125 παραγενέσθαι,
1189 3058 1372 3114 λαϐεῖν
1425 3062 1886 3134 σπουδάζομεν.⁹0
1931 3061 2039 3136 γὰρ

473 3143 914 3216 ἱπεκτεινόμενος
941 3141 1093 3211 οὗτός
1125 3149 1291 3214 ἐστιν,
1314 3152 1342 3204 6
1372 3153 1497 3215 τοὺς
1531 3153 1694 3218 πόδας
1723 3155 1900 3208 καίτοι
1919 3156 2038 3228 τρέ-

468 3251 664 3307 χοντας
689 3235 768 3307 τῷ
794 3236 963 3309 λοιπῷ
997 3238 1206 3310 σώματι
1234 3241 1524 3312 προλαϐεῖν
1575 3245 1910 3312 σπουδάζων,
1945 3247 2042 3299 έπ-

467 3327 724 3381 εκτείνων
772 3327 959 3383 ἑαυτὸν
1009 3331 1090 3394 είς
1133 3325 1195 3383 16
1243 3330 1572 3404 ἔμπροσθεν,
1604 3335 1828 3398 καὶτὰς
1857 3338 2040 3408 χεῖρας

465 3417 743 3482 ἐκτείνων,
779 3420 866 3474 ἵνα
913 3421 1009 3474 καὶ
1055 3421 1149 3475 τοῦ
1194 3421 1394 3493 δρόμου
1445 3425 1606 3479 πλέον
1635 3444 1686 3478 τι
1718 3428 2038 3498 ἐργάσηται.

463 3509 633 3564 Τοῦτο
663 3511 722 3564 δὲ
761 3513 870 3566 ἀπὺ
900 3511 1102 3583 πολλῆς
1131 3515 1436 3585 προθυμίας
1460 3517 1684 3586 γίνεται,
1714 3520 1820 3572 ἀπὸ
1843 3519 2043 3591 πολλῆς

467 3601 821 3673 θερμότητος.
858 3601 1014 3658 Οὕτω
1063 3604 1145 3658 δεῖ
1189 3606 1402 3676 τρέχειν
1448 3607 1539 3660 τὸν
1587 3609 1878 3679 τρέχοντα,
1906 3610 2044 3679 μετὰ

469 3695 739 3764 τοσαύτης
791 3697 1042 3768 σπουδῆς,
1075 3697 1213 3768 μετά
1260 3699 1526 3771 τοσαύτης
1579 3701 1902 3772 προθυμίας,
1946 3702 2046 3757 οὐκ

474 3785 1096 3844 ἀναπεπτωκότα.⁶’οσον
1125 3790 1180 3844 δὲ
1211 3791 1306 3846 τοῦ
1344 3791 1487 3844 οὕτω
1513 3793 1797 3864 τρέχοντος
1825 3797 1918 3849 καὶ
1948 3794 2042 3849 τοῦ

475 3872 669 3928 ὑπτίου
697 3876 945 3946 κειμένου
970 3879 1030 3932 16
1056 3879 1235 3950 μέσον,
1263 3877 1515 3936 τοσοῦτον
1538 3881 1689 3956 [292]
1714 3885 1809 3938 106
1832 3885 2042 3940 Παύλου

476 3965 572 4019 καὶ
620 3965 799 4036 ἡμῶν.
834 3966 973 4021 Καθ’
1003 3969 1210 4040 ἡμέραν
1255 3971 1596 4042 ἀπέθνησκεν
1643 3975 1868 4039 ἐκεῖνος,
1911 3976 2047 4030 καθ’

475 4053 691 4127 ἡμέραν
717 4057 1019 4128 εὐδοκίμει·
1048 4061 1147 4114 οὐκ
1174 4056 1243 4132 ἦν
1268 4065 1477 4134 καιρὸς,
1506 4065 1604 4118 οὐκ
1630 4061 1696 4136 ἦν
1729 4067 1941 4136 χρόνος,
1989 4068 2046 4120 ὲν

471 4139 518 4214 ᾦ
546 4147 646 4201 οὐκ
692 4146 886 4219 ηὔξετο
929 4150 1075 4222 αὐτῷ
1107 4153 1136 4205 6
1163 4154 1361 4224 δρόμος
1384 4170 1399 4185 ·
1431 4156 1490 4208 οὐ
1536 4155 1717 4210 λαϐεῖν
1763 4157 2044 4228 ἠθέλησεν,

471 4239 588 4294 ἀλλ’
622 4240 863 4312 ἁρπάσαι
905 4241 965 4296 16
1014 4241 1296 4315 βραϐεῖον·
1348 4247 1488 4302 οὕτω
1535 4249 1641 4322 γὰρ
1691 4250 1806 4304 ἐστι
1845 4250 2042 4305 λαϐεῖν.

475 4330 626 4494 ἑΔνω
669 4333 699 4386 6
742 4332 803 4386 τὸ
849 4333 1104 4405 βραϐεῖον
1153 4337 1326 4404 διδοὺς
1356 4339 1606 4414 ἕστηκεν,
1638 4343 1749 4397 ἄνω
1779 4345 1953 4398 κεῖται
1988 4345 2048 4398 16

516 4425 756 4494 ραϐεῖον.

516 4425 756 4496 ραϐεῖον.

555 4604 623 4673 β’.
646 4605 787 4675 Ὅρα
811 4607 975 4660 πόσον
1002 4609 1064 4660 16
1087 4609 1359 4680 διάστημα
1405 4609 1560 4663 τοῦτο
1583 4611 1915 4682 διαδραμεῖν,
1947 4616 2048 4687 ὅρα

485 4696 650 4750 πόσον
677 4696 739 4749 16
768 4697 898 4766 ὕψος
915 4715 928 4728 ·
958 4700 1076 4752 ἐκεῖ
1094 4699 1174 4752 δεῖ
1203 4701 1533 4772 πετασθῆναι
1555 4706 1665 4766 τοῖς
1691 4703 1784 4756 106
1807 4705 2049 4778 πνεύμα-

484 4804 574 4850 τος
596 4789 810 4856 πτεροῖς
830 4806 842 4819 ·
865 4789 1065 4860 ἑτέρως
1083 4790 1192 4861 γάρ
1211 4791 1310 4844 οὐκ
1331 4791 1408 4844 ἔνι
1428 4792 1488 4844 16
1514 4791 1645 4863 ὕψος
1665 4793 1820 4848 τοῦτο
1843 4801 2048 4868 τεμεῖν.

483 4877 634 4930 Μετὰ
680 4875 773 4930 τοῦ
822 4877 1076 4948 σώματος
1125 4882 1242 4936 ἐκεῖ
1289 4881 1369 4934 δεῖ
1411 4881 1654 4952 βαδίσαι·
1688 4884 1863 4950 ἔξεστι
1902 4889 2008 4960 γάρ
2035 4907 2049 4921 ο

490 4965 675 5033 Ἱιμῶν
700 4967 806 5038 γάρ
832 4969 899 5021 τὸ
925 4970 1276 5039 πολίτευμα,
1319 4972 1504 5043 φησὶν,
1538 4975 1608 5028 ἐν
1634 4977 1864 5044 οὐρανῷ
1883 4995 1898 5010 ·
1940 4983 2055 5034 ἐκεῖ

479 5054 536 5104 16
565 5054 815 5126 βραᾶεῖόν
861 5059 1212 5132 έστιν.,⁹υρᾷς
1255 5063 1382 5127 τοὺς
1424 5065 1715 5136 τρέχοντας
1762 5069 1876 5132 πῶς
1905 5072 2054 5140 νόμῳ

478 5142 648 5211 ζῶσις
679 5147 794 5211 πῶς
822 5149 975 5202 οὐδὲν
1015 5151 1125 5204 τῶν.
1152 5153 1454 5208 ὲκλυόντων
1493 5157 1590 5227 τὴν
1619 5160 1768 5229 ἰσχὺν
1803 5162 2054 5232 προσίεν-

476 5253 603 5304 ται;
645 5238 764 5304 πῶς
807 5239 1166 5313 ἀγωνίζονται
1198 5245 1319 5299 καθ’
1345 5247 1582 5318 ἑκάστην
1618 5251 1834 5322 ἡμέραν
1861 5254 1919 5306 έν
1953 5271 2058 5308 πα-

477 5324 711 5398 λαίστρα
735 5329 840 5382 ὑπὸ
869 5331 1186 5406 παιδοτρίϐῃ
1226 5335 1322 5389 καὶ
1351 5337 1534 5408 νόμως
1566 5341 1817 5412 Μίμησαι
1836 5344 2056 5409 τούτους

479 5419 574 5472 καὶ
601 5422 687 5482 σὺ.
725 5422 925 5492 μᾶλλον
950 5425 1008 5478 δὲ
1038 5429 1131 5480 καὶ
1163 5428 1384 5483 πλείονα
1413 5432 1674 5499 ἐπίδειξαι
1702 5436 2010 5508 προθυμίαν
2038 5455 2052 5471 ·

481 5509 542 5562 οὐ
571 5508 680 5580 γὰρ
719 5511 834 5565 ῐσον
861 5512 922 5566 16
953 5513 1234 5585 βραϐεῖον·
1263 5519 1513 5573 πολλοῖσί
1538 5523 1838 5590 κωλύοντες
1858 5543 1871 5555 ·
1909 5529 2058 5598 νόμῳ

481 5599 638 5674 ζῆθι·
687 5603 860 5658 πολλά
905 5606 1022 5660 ἔστι
1070 5608 1138 5661 τά
1189 5609 1449 5664 ἐκλύοντα
1478 5614 1576 5684 τὴν
1613 5615 1795 5684 ἰσχύν·
1827 5619 2057 5691 εύσκελῆ

479 5692 708 5766 ποίησον
738 5695 910 5767 αὐτὴν
934 5697 1010 5769 τῷ
1041 5699 1163 5751 ποδί
1189 5715 1200 5727 ·
1238 5699 1411 5756 ἔνεστι
1441 5705 1546 5776 γάρ
1569 5720 1583 5734 ·
1626 5706 1686 5758 οὐ
1714 5706 1820 5778 γάρ
1846 5709 2058 5778 φύσεώς

481 5783 649 5852 ἐστιν,
685 5784 825 5840 ἀλλὰ
874 5789 1268 5859 προαιρέσεως.
1327 5793 1550 5865 Κούφην
1601 5796 1770 5871 αὐτὴν
1814 5799 2056 5871 ἐργασὼ-

1310 400 1376 454 IN
1416 399 1630 455 EPIST.
1676 401 1766 454 AD
1804 394 2094 454 PHIUI’P.
2136 398 2288 456 CAP.
2331 401 2420 457 ΙΙΙ.
2463 398 2697 457 HOMIL.
2740 400 2856 456 XII.

3596 405 3706 462 272

2127 515 2284 585 μεθα,
2314 515 2400 569 ῖνα
2455 517 2530 586 μὴ
2577 519 2644 586 τῇ
2685 514 2994 586 ταχύτητιι
3026 515 3134 568 τῶν
3185 515 3362 569 ποδῶν
3412 517 3474 570 16
3519 518 3712 574 λοιπὸν

2124 605 2284 676 ἄχθος
2311 607 2572 676 ἐμποδίζῃ
2595 623 2608 635 ·
2636 605 2844 672 δίδαξον
2873 601 3010 659 εῖναι
3036 606 3160 668 τοὺς
3190 605 3357 670 πόδας
3401 608 3661 675 ἀσφαλεῖς
3688 628 3704 642 ο

2125 693 2308 747 πολλοὶ
2336 694 2444 765 γὰρ
2469 695 2518 746 οἱ
2546 694 2745 746 ὀλισθοι
2773 712 2785 725 ·
2818 694 2920 748 κᾶν
2941 694 3278 766 καταπέσῃς,
3304 696 3472 749 πολλὰ
3494 695 3705 750 ἀπώλε-

2127 799 2245 848 σας.
2273 785 2420 855 Πλὴν
2450 785 2554 838 κᾶν
2585 785 2922 856 καταπέσῃς,
2957 785 3303 856 διανάστηθι·
3333 787 3408 842 ἔνι
3445 788 3538 841 καὶ
3566 786 3709 842 οὕτω

2123 876 2361 947 νικῆσαι.
2390 877 2672 948 Μηδέποτε
2714 880 2827 941 τοῖς
2858 877 3164 950 ὀλισθηροῖς
3197 881 3463 952 ἐπιχείρει
3518 882 3701 952 πράγ-

2129 985 2283 1038 μασι,
2335 968 2429 1022 καῖ
2475 969 2536 1021 ού
2583 971 2905 1039 καταπεσῇ·
2955 970 3046 1023 ἐπὶ
3079 970 3148 1023 τὰ
3195 969 3466 1041 βεϐηκότα
3500 972 3660 1042 τρέχε
3689 987 3703 1001 ·

2126 1057 2238 1112 ἄνω
2264 1056 2364 1127 τὴν
2393 1057 2656 1127 κεφαλὴν,
2685 1059 2797 1113 ἄνω
2845 1058 2902 1112 16
2924 1059 3100 1130 δμμα.
3131 1059 3301 1113 Τοῦτο
3336 1063 3429 1114 καὶ
3457 1062 3568 1124 τοῖς
3596 1059 3709 1130 τρέ-

2128 1164 2313 1218 χουσιν
2342 1149 2389 1200 οί
2421 1147 2768 1218 παιδοτρίϐαι
2805 1149 3302 1218 παρακελεύονται·
3347 1149 3489 1204 οὕτω
3520 1150 3708 1204 διαϐα-

2130 1237 2384 1301 στάζεται
2437 1238 2714 1309 ἰσχύς.“Δν
2743 1239 2797 1292 δὲ
2827 1240 2977 1293 κάτω
3003 1240 3220 1310 νεύσῃς,
3263 1241 3595 1306 κατέπεσες,
3625 1242 3712 1307 ἐξ-

2129 1327 2503 1400 ελύθης.“Ανω
2539 1329 2702 1400 βλέπε
2724 1370 2740 1396 ,
2783 1330 2917 1384 ὅπου
2954 1330 3016 1383 16
3054 1330 3303 1401 βραϐεῐόν
3352 1332 3525 1384 ἐστιν·
3571 1332 3709 1400 αὐτὴ

2127 1419 2223 1473 106
2256 1419 2514 1491 βραϐείου
2548 1422 2580 1491 ἡ
2618 1419 2740 1490 δψις
2777 1420 2999 1491 μείζονα
3035 1420 3306 1491 ποιεῖτὴν
3351 1419 3667 1490 προαίρεσιν
3692 1434 3708 1448 ·

2129 1510 2229 1564 οὐκ
2257 1512 2482 1582 ἀφίησιν
2507 1510 2792 1565 αἰσθέσθαι
2823 1511 2930 1564 τῶν
2960 1511 3138 1565 πόνων
3171 1512 3203 1582 ἡ
3239 1511 3336 1581 τῆς
3367 1509 3599 1580 θλίψεως
3621 1510 3710 1562 έλ-

2132 1602 2244 1667 πὶς,
2276 1602 2336 1655 16
2385 1602 2560 1673 μῆκος
2613 1601 2810 1673 μικρὸν
2854 1603 2999 1655 ποιεῖ
3039 1601 3340 1671 φαίνεσθαι.
3374 1601 3440 1655 Τί
3488 1602 3604 1654 ἐστι
3651 1601 3715 1653 16

2134 1691 2419 1762 βραϐεῖον;
2470 1692 2544 1745 Ού
2587 1691 2777 1756 κλάδος
2835 1693 3107 1760 φοίνικος,
3142 1690 3277 1744 ἀλλά
3323 1690 3408 1758 τίς
3460 1689 3715 1744 Βασιλεία

2131 1782 2396 1855 οὐρανῶν,
2440 1783 2748 1846 ἀνάπαυσις
2802 1783 3040 1848 αἰώνιος,
3090 1781 3215 1848 δόξα
3264 1785 3401 1853 μετά
3452 1782 3709 1853 Χριστοῦ,

2135 1873 2490 1945 κληρονομία,
2526 1874 2843 1945 ἀδελφότης,
2884 1875 3054 1946 μυρία
3083 1873 3278 1940 ἀγαθὰ,
3314 1873 3348 1926 ἃ
3385 1874 3485 1926 οὐκ
3518 1873 3595 1926 ἔνι
3639 1875 3714 1925 εἰ-

2137 1969 2276 2019 πεῖν.
2310 1966 2424 2018 Οὐκ
2462 1964 2542 2017 ένι
2571 1966 2778 2020 ἐκείνου
2809 1966 2903 2020 τοῦ
2935 1966 3190 2037 βραϐείου
3217 1967 3278 2020 16
3308 1965 3502 2028 κάλλος
3524 1964 3712 2036 διηγὴρ

2138 2053 2368 2110 σασθαι·
2406 2056 2434 2107 6
2463 2054 2679 2126 κρατῶν
2729 2056 2858 2110 αὐτὸ
2911 2052 3017 2109 οἶδε
3071 2056 3253 2127 μόνος,
3284 2055 3378 2109 καὶ⁵
3424 2057 3454 2108 6
3505 2054 3712 2124 μέλλων

2137 2147 2268 2201 αὐτὸ
2295 2145 2615 2215 λαμϐάνειν.
2638 2148 2750 2200 Οὐκ
2780 2147 2895 2200 ἔστι
2921 2147 3291 2218 χρυσοῦν,ούκ
3312 2146 3428 2200 ἐστι
3455 2145 3708 2200 διάλιθον·

2138 2237 2317 2308 πολλῷ
2344 2238 2548 2292 τούτων
2577 2238 2920 2310 τιμιώτερον.
2939 2241 2994 2293 '0
3023 2239 3222 2310 χρυσὸς
3264 2237 3520 2310 βόρϐορος
3577 2239 3712 2308 πρὸς

2139 2331 2313 2384 έκεῖνο
2360 2330 2421 2383 16
2458 2330 2710 2402 βραϐεῖόν
2740 2332 2886 2383 ἐστι·
2922 2330 3060 2383 λίθοι
3110 2331 3279 2402 τίμιοι
3331 2328 3546 2392 πλίνθος
3578 2328 3714 2398 πρὸς

2138 2420 2199 2473 16
2224 2419 2418 2484 κάλλος
2451 2421 2660 2474 ἐκείνου
2691 2420 2785 2474 τοῦ
2818 2420 3199 2492 βραϐείου.⁹’Δν
3240 2421 3414 2473 έκεῖνο
3442 2416 3580 2488 ἔχων
3607 2419 3712 2471 ἀπ-

2137 2511 2301 2582 έλθῃς
2341 2512 2420 2575 είς
2464 2511 2556 2564 τὸν
2586 2511 2837 2582 οὐρανὸν,
2871 2511 3008 2582 μετά
3037 2511 3238 2580 πολλῆς
3264 2510 3364 2579 τῆς
3407 2509 3571 2579 τιμῆς
3599 2509 3719 2561 ἐκεῖ

2143 2600 2377 2672 βαδίζειν
2405 2602 2630 2673 δυνήσῃ,
2663 2604 2758 2656 καὶ
2789 2603 3008 2672 ἄγγελοί
3040 2619 3097 2655 σε
3133 2601 3541 2672 αἱδεσθήσονται
3561 2599 3719 2653 τοῦτο

2141 2693 2376 2766 φέροντα
2418 2692 2478 2746 16
2510 2694 2794 2766 βραϐεῖον·
2845 2697 2978 2749 πᾶσι
3016 2695 3150 2766 μετά
3199 2693 3511 2766 παρρησίας
3546 2707 3716 2762 71900-

2142 2785 2337 2856 ελεύσῃ
2367 2785 2586 2855 πολλῆς.
2605 2785 2699 2838 Ἑν
2728 2787 2958 2854 Χριστῷ
2991 2785 3364 2856 Ἰησοῦ.“’ορα
3400 2782 3492 2836 τὸν
3521 2784 3720 2852 εὐγνώ-

2145 2893 2303 2948 μονα.
2322 2877 2410 2930 Ἐν
2440 2877 2660 2949 Χριστῷ
2691 2877 2863 2947 Ἰησοῦ
2906 2877 3064 2932 10610
3092 2878 3250 2943 ποιῶ,
3287 2877 3471 2948 φησίν.
3508 2876 3582 2929 Οὐ
3612 2877 3721 2944 γὰρ

2143 2967 2224 3021 ενι
2259 2969 2426 3040 χωρὶς
2457 2969 2556 3040 τῆς
2589 2969 2798 3023 ἐκείνου
2829 2970 3002 3041 ῥοπῆς
3034 2969 3288 3022 τοσοῦτον
3335 2969 3562 3022 διελθεῖν
3604 2967 3721 3020 διά-

2147 3075 2331 3130 στημα
2351 3077 2364 3091 ·
2395 3061 2598 3129 πολλῆς
2625 3062 2707 3116 δεῖ
2735 3062 2832 3131 τῆς
2859 3061 3129 3132 βοηθείας,
3159 3060 3356 3130 πολλῆς
3377 3061 3474 3130 τῆς
3505 3077 3724 3129 συμμα⁹

2146 3152 2291 3224 χίας.
2329 3155 2495 3210 Κάτω
2541 3155 2641 3225 μέν
2669 3172 2731 3208 σε
2777 3155 3138 3223 ἀγωνίζεσθαι
3188 3152 3476 3223 ὲϐουλὴθη,
3510 3154 3622 3205 ἀνω
3665 3152 3721 3204 δὲ

2151 3249 2442 3316 στεφανοῖ·
2477 3248 2576 3318 οὐχ
2601 3247 2676 3311 ὡς
2721 3247 2978 3310 ἐνταῦθα,
3008 3247 3136 3299 ἔνθα
3160 3249 3188 3298 6
3217 3245 3387 3314 ἀγὼν,
3428 3246 3544 3297 ἐκεῖ
3572 3244 3665 3296 καὶ
3693 3246 3724 3296 6

2150 3338 2431 3406 στέφανος,
2460 3338 2574 3391 ἀλλ’
2603 3340 2660 3392 ὲν
2689 3337 2766 3406 τῷ
2793 3337 3031 3408 λαμπρῷ
3068 3337 3253 3407 χωρίῳ
3280 3339 3307 3389 6
3339 3336 3598 3402 στέφανος
3630 3328 3722 3386 06-

2147 3446 2258 3492 10;.
2291 3431 2403 3500 Οὑχ
2430 3431 2592 3501 ὁρᾶτε
2621 3429 2716 3482 καὶ
2747 3428 3004 3492 ἐνταῦθα,
3027 3429 3108 3480 ὅτι
3133 3429 3258 3490 τοὺς
3293 3426 3528 3497 μάλιστα
3554 3443 3726 3496 τιμαεο-

2151 3521 2344 3590 μένους
2373 3522 2466 3576 καὶ
2493 3520 2602 3574 τῶν
2630 3519 2879 3588 ἀθλητῶν
2925 3518 3017 3572 καὶ
3063 3519 3313 3590 ἡνιόχων,
3343 3518 3402 3570 οὐ
3433 3517 3726 3585 στεφανοῦ-

2151 3628 2236 3666 σιν
2283 3611 2433 3684 [293]
2483 3613 2541 3665 ὲν
2580 3612 2659 3682 τῷ
2703 3611 2903 3682 σταδίῳ
2931 3612 3100 3676 κάτω,
3128 3611 3243 3666 ἀλλ’
3273 3611 3386 3665 ἄνω
3433 3609 3666 3669 καλέσας
3699 3610 3728 3660 6

2152 3703 2404 3773 βασιλεὺς
2433 3707 2550 3758 ἐκεῖ
2578 3706 2864 3774 στεφανοῖς
2914 3702 3073 3756 Οὕτω
3112 3705 3204 3756 καὶ
3235 3699 3487 3766 ἐνταῦθα,
3516 3703 3596 3764 είς
3635 3701 3726 3754 τὸν
3786 3702 3789 3704 ’

2149 3795 2376 3868 οὐρανὸν
2427 3797 2725 3868 λαμϐάνεις
2753 3796 2813 3848 16
2857 3794 3304 3866 βραϐεῖον.”οσοι
3343 3789 3458 3850 οὖν
3489 3792 3725 3854 τέλειοι,

2152 3890 2305 3959 φησὶ,
2329 3889 2503 3944 τοῦτο
2525 3889 2867 3958 φρονῶμεν·
2900 3888 3000 3942 καί
3028 3888 3084 3940 εἴ
3116 3904 3170 3941 τι
3199 3886 3410 3956 ἑτέρως
3433 3885 3727 3954 φρονεῖτε,

2152 3980 2252 4034 καὶ
2280 3980 2452 4036 τοῦτο
2491 3984 2524 4035 ό
2553 3981 2697 4047 Θεὸς
2733 3979 2876 4050 ὑμῖν
2909 3980 3310 4046 ἀποκαλύψει.
3345 3979 3500 4031 Ποῖον
3531 3977 3727 4042 10610;

2153 4072 2246 4136 T6,
2275 4073 2355 4126 ὅτι
2405 4075 2487 4126 δεῖ
2533 4071 2642 4124 τῶν
2676 4070 2901 4124 ὄπισθεν
2947 4068 3430 4124 ἐπιλανθάνεσθαι·
3467 4067 3606 4119 ὥστε
3642 4084 3729 4119 τε·

2153 4163 2295 4217 λείου
2324 4163 2385 4216 16
2416 4165 2490 4234 μὴ
2519 4163 2757 4231 νομίζειν
2779 4161 2969 4213 ἑαυτὸν
2997 4160 3198 4212 τέλειον
3225 4154 3382 4213 εἶναι.
3407 4156 3529 4220 Πῶς
3550 4157 3728 4209 τοίνυν

2159 4254 2536 4324 λέγεις,⁹’οσοι
2570 4253 2824 4318 τέλειοι;
2863 4251 2983 4304 εἰπὲ
3015 4251 3122 4319 γάρ
3159 4267 3268 4319 μοι,
3301 4248 3454 4302 τοῦτο
3501 4247 3729 4317 φρονοῦ-

2158 4365 2257 4417 μεν
2283 4347 2311 4400 6
2342 4348 2404 4400 σὺ
2431 4346 2677 4416 φρονεῖς;
2708 4345 2768 4396 El
2807 4343 2915 4413 γάρ
2945 4343 3017 4411 μὴ
3051 4341 3258 4405 ἔλαϐες,
3290 4341 3422 4410 μηδὲ
3456 4340 3730 4392 τετελείω-

2158 4456 2268 4499 σαι,
2303 4437 2419 4500 πῶς
2439 4438 2564 4499 τοὺς
2591 4436 2830 4498 τελείους
2854 4433 3012 4486 τοῦτο
3043 4431 3283 4494 κελεύεις
3316 4435 3550 4500 φρονεῖν,
3576 4431 3603 4483 ὃ
3638 4432 3730 4484 καὶ

2156 4529 2317 4592 αὐτὸς
2347 4530 2564 4598 φρονεῖς
2611 4526 2819 4579 οὐδέπω
2865 4525 3068 4586 τέλειος
3114 4522 3220 4588 ὧν;
3255 4521 3422 4575 Τοῦτο
3454 4523 3562 4592 γάρ
3591 4525 3730 4584 ἐστι,

2158 4621 2313 4691 φησὶ,
2352 4618 2626 4686 τελειότης
2654 4635 2669 4682 ;
2702 4616 2810 4672 Καὶ
2857 4615 2913 4669 εἴ
2956 4633 3009 4668 τι
3047 4615 3258 4682 ἑτέρως
3292 4614 3596 4683 φρονεῖτε,
3634 4614 3729 4665 καί

2158 4711 2333 4765 τοῦτο
2357 4713 2390 4764 ό
2412 4708 2554 4775 Θεὸς
2580 4708 2719 4778 ὑμῖν
2737 4708 3136 4774 ἀποκαλύψει.
3157 4706 3466 4771 Τουτέστιν,
3493 4706 3553 4757 Εἰ
3569 4704 3624 4756 δέ
3651 4720 3736 4768 τις

2160 4803 2368 4873 νομίζει
2401 4801 2460 4854 τὸ
2490 4802 2598 4854 πᾶν
2629 4799 3071 4870 κατωρθωκέναι.
3091 4797 3472 4866 Ἀσφαλίζεται
3497 4795 3691 4858 αύτούς
3713 4811 3730 4826 ·

2160 4895 2276 4949 ἀλλ’
2305 4897 2402 4948 οὐκ
2451 4890 2602 4947 εἶπεν
2648 4893 2842 4956 οὕτως,
2875 4891 3008 4944 ἀλλὰ
3056 4890 3146 4943 τί·
3185 4891 3294 4943 Καὶ
3337 4889 3392 4942 εἴ
3436 4905 3488 4941 τι
3521 4886 3734 4952 ἑτέρως

2159 4988 2449 5057 φρονεῖτε,
2480 4987 2578 5041 καὶ
2625 4985 2801 5040 τοῦτο
2851 4986 2883 5037 ὁ
2939 4982 3082 5048 Θεὸς
3132 4981 3276 5049 ὑμῖν
3331 4980 3730 5045 ἀποκαλύψει.

2163 5081 2303 5152 Ὅρα
2328 5080 2444 5142 πῶς
2475 5077 2916 5147 συνεσταλμένως
2948 5074 3102 5128 10616
3133 5073 3392 5143 φησιν·⁹0
3417 5072 3550 5134 Θεὸς
3591 5072 3732 5140 ὑμᾶς

2161 5175 2380 5240 διδάξει·
2407 5173 2704 5235 τουτέστιν,
2749 5171 2805 5222 '0
2835 5168 2964 5230 Θεὸς
2995 5168 3137 5236 ὑμᾶς
3163 5165 3361 5227 πείσει,
3392 5164 3512 5232 οὐχὶ
3534 5162 3734 5226 διδάξει

2163 5267 2348 5330 ἁπλῶς
2371 5282 2383 5296 ·
2416 5266 2659 5318 ἐδίδασκε
2697 5262 2792 5332 μὲν
2826 5259 2935 5328 γὰρ
2969 5262 2996 5312 6
3039 5256 3265 5320 Παῦλος,
3294 5255 3410 5308 ἀλλ’
3438 5258 3467 5309 6
3497 5255 3628 5315 Θεὸς
3653 5256 3732 5306 ὲν-

2161 5361 2281 5429 ῆγε.
2307 5358 2414 5411 Καὶ
2441 5358 2540 5409 οὐκ
2571 5352 2745 5412 εἰπεν,
2763 5351 2994 5414 Ἐνάξει,
3023 5348 3158 5412 ἀλλ’,
3192 5350 3620 5417 Ἀποχαλύψει,
3648 5349 3735 5399 ἵνα

2163 5443 2287 5512 δόξῃ
2316 5440 2511 5512 μᾶλλον
2543 5437 2760 5506 ἀγνοίας
2791 5433 2926 5487 εῖναι
2960 5434 3018 5485 τὸ
3048 5434 3293 5502 πρᾶγμα.
3330 5434 3402 5486 06
3449 5431 3576 5502 περῖ
3616 5433 3735 5498 δογ-

2169 5535 2350 5604 μάτων
2394 5531 2566 5585 ταῦτα
2604 5531 2836 5600 εἴρηται,
2871 5528 3004 5580 ἀλλὰ
3058 5529 3182 5597 περὶ
3222 5528 3335 5596 βίου
3384 5525 3735 5595 τελειότητος,

2168 5627 2257 5678 καὶ
2296 5623 2389 5676 106
2429 5623 2502 5694 μὴ
2533 5623 2771 5693 νομίζειν
2806 5623 3033 5684 ἑαυτοὺς
3060 5621 3294 5684 τελείους
3323 5616 3478 5672 εἶναι.
3498 5620 3586 5681 Ὠς
3611 5619 3638 5670 ὃ
3670 5635 3736 5685 γε

2227 5743 2243 5764 ⁸
2265 5742 2344 5791 Sic
2361 5741 2581 5795 Coislin..
2612 5748 2664 5803 et
2697 5743 2761 5789 ita
2791 5739 2916 5802 legit
2962 5740 3226 5803 interpres,
3253 5746 3307 5790 ut
3351 5743 3510 5790 series
3553 5745 3731 5802 ρυςῖιλς

2172 5807 2272 5854 lare
2304 5803 2509 5854 videtur.
2551 5801 2698 5862 Editi,
2723 5809 2780 5864 τῇ
2807 5801 3046 5865 βαρύτητι.
