4030 6204
331 305 441 363 273

329 420 564 490 νομίζων
592 422 650 474 τὸ
688 424 792 476 πάν
833 423 1243 493 κατειληφέναι,
1275 425 1422 478 οὐδὲν
1447 425 1579 497 ἔχει.
1612 426 1786 496 Πλὴν
1812 428 1899 493 εἰς

329 510 361 566 ὃ
389 512 752 582 ἐφθάσαμεν,
785 514 865 579 τῷ
903 514 1063 581 αὐτῷ
1104 516 1372 585 στοιχεῖν
1410 518 1638 585 κανόνι,
1664 518 1728 573 τὸ
1759 520 1903 574 αὐτὸ

328 606 593 673 φρονεῖν.
645 606 816 673 Ιιίὴν
857 609 945 672 εἰς
974 606 1004 661 6
1035 607 1402 677 ἐφθάσαμεν,
1455 610 1507 661 τί
1558 612 1711 677 ἐστι;
1754 611 1904 674 Τέως

329 697 514 766 φησὶν,
536 697 563 749 ὃ
590 696 1053 768 κατωρθώσαμεν,
1085 700 1424 770 κατέχωμεν,
1448 702 1509 754 τὸ
1534 703 1631 772 τῆς
1659 704 1901 772 ἀγάπης,

328 787 388 838 τὸ
434 790 529 857 τῆς
575 789 847 858 ὁμονοίας,
875 791 937 843 τὸ
970 791 1068 861 τῆς
1115 793 1373 863 εἰρήνης·
1423 792 1578 847 τοῦτο
1606 796 1735 864 ἡμῖν
1770 811 1902 849 κατ-

327 878 595 948 ώρθωται.
641 881 746 945 Εἰς
793 880 825 933 ὃ
880 882 1250 952 ἐφθάσαμεν,
1301 883 1381 949 τῷ
1433 884 1594 950 αὐτῷ
1635 885 1903 954 στοιχεῖν

325 969 554 1031 κανόνι,
586 971 649 1024 τὸ
677 971 825 1025 αὑτύ
853 974 1118 1041 φρονεῖν.
1149 977 1192 1026 Ε
1197 978 1250 1041 ἱς
1275 975 1306 1029 6
1338 976 1685 1045 ἐφθάσαμεν
1705 996 1717 1009 ·
1749 995 1901 1031 τουτο

324 1060 645 1123 έστι,Τοῦτο
673 1063 805 1133 ἡμῖν
833 1065 932 1135 ἤδη
963 1065 1341 1136 κατώρθωται.
1362 1068 1524 1138 Ὀρᾷς
1551 1069 1631 1121 ὅτι
1663 1071 1898 1123 κανόναιι

325 1153 572 1222 βούλεται
621 1150 761 1209 εἶναι
803 1156 873 1210 τά
920 1152 1389 1229 παραγγέλματα;
1449 1161 1507 1213 '0
1554 1162 1732 1214 κανὼν
1777 1161 1898 1214 οὔτε

325 1246 636 1316 πρόσθεσιν,
673 1249 794 1304 οὔτε
826 1252 1118 1324 ἀφαίρεσιν
1167 1255 1401 1324 δέχεται,
1438 1256 1560 1309 ἐπεὶ
1609 1258 1668 1310 1:6
1721 1257 1900 1311 κανὼν

323 1332 463 1390 εἶναι
512 1340 793 1398 ἀπόλλυσι.
835 1344 918 1410 Τῷ
949 1346 1107 1411 αὑτῷ
1136 1350 1374 1402 κανόνι·
1407 1348 1648 1400 τουτέστι
1675 1351 1738 1419 τῇ
1764 1349 1899 1420 αὐτῇ

328 1430 534 1494 πίστει,
566 1434 642 1504 τῷ
668 1436 816 1505 αὐτῷ
843 1438 954 1508 ὅρῳ
1004 1440 1263 1507 Mummi
1283 1458 1401 1509 μου
1430 1442 1689 1508 γίνεσθε,
1723 1441 1900 1495 ἀδελ-

326 1522 447 1590 902.
475 1524 573 1578 καὶ
606 1529 888 1583 σκοπεῖτε
913 1530 1048 1596 τοὺς
1074 1531 1225 1584 οὕτω
1250 1532 1745 1599 περιπατοῦντας,
1766 1537 1901 1587 καθ-

325 1613 407 1680 ὼς
456 1615 625 1684 ἔχετε
674 1621 864 1674 τύπον
914 1622 1089 1692 ἡμᾶς.
1134 1618 1299 1677 Εἶπεν
1333 1626 1606 1696 ἀνωτέρω,
1640 1624 1900 1679 Βλέπετε

327 1706 469 1773 τοὺς
513 1710 721 1777 κύνας,
754 1713 1039 1784 ἀπήγαγεν
1085 1716 1283 1778 αὐτοὺς
1330 1715 1581 1770 ἐκείνων
1634 1718 1899 1788 προσάγει

326 1798 559 1865 τούτοις,
592 1802 685 1866 οὓς
722 1805 804 1857 δεῖ
830 1807 1149 1876 μιμεῖσθαι,
1184 1807 1386 1862 λοιπόν.
1420 1809 1486 1861 Et
1510 1826 1594 1872 τις
1628 1810 1776 1879 ἡμᾶς
1812 1827 1900 1879 μι-

327 1891 541 1958 μεῖσθαι
590 1893 858 1963 βούλεται,
892 1900 1074 1967 φησὶν,
1111 1901 1165 1953 εί
1191 1900 1415 1971 τιςοτὴν
1455 1900 1624 1969 αὐτὴν
1665 1900 1899 1969 βαδίζειν

323 1980 459 2044 666v,
492 1984 720 2049 ἐκείνοις
768 1989 1098 2060 προσέχετε·
1146 1991 1192 2043 εἰ
1242 1991 1336 2044 καὶ
1378 1988 1489 2059 ἐγὼ
1539 1991 1612 2060 μὴ
1644 1991 1895 2061 πάρειμι.

323 2072 436 2124 ἀλλ’
468 2075 582 2127 ίστε
628 2076 729 2147 τῆς
777 2079 920 2150 ἐμῆς
965 2080 1229 2149 βαδίσεως
1259 2082 1351 2135 τὸν
1377 2082 1598 2151 τρόπον,
1627 2082 1897 2148 τουτέστι,

320 2164 418 2232 τῆς
449 2166 792 2239 ἀναστροφῆς
826 2171 918 2224 τοῦ
951 2171 1087 2241 βίου.
1108 2175 1181 2227 Οὐ
1204 2175 1313 2244 γὰρ
1340 2174 1429 2227 6:6
1455 2174 1715 2246 ῥημάτων
1743 2174 1900 2244 μόνον

320 2255 615 2333 ἐδίδασκεν,
662 2261 799 2316 ἀλλά
841 2264 935 2316 καὶ
981 2263 1068 2318 6:6
1112 2268 1489 2337 πραγμάτων·
1543 2266 1793 2336 καθάπερ
1842 2268 1898 2318 ἐν

320 2352 465 2423 χορῷ
499 2355 591 2407 καὶ
620 2357 968 2428 στρατοπέδῳ
994 2359 1087 2411 τὸν
1113 2359 1347 2430 χορηγὸν
1371 2360 1466 2413 καὶ
1495 2359 1800 2430 στρατηγὸν
1821 2359 1901 2412 δεῖ

325 2446 611 2516 μιμεῖσθαι
631 2450 756 2512 τοὺς
776 2450 1016 2515 λοιποὺς,
1045 2452 1138 2504 καὶ
1169 2451 1311 2504 οὓτω
1337 2450 1573 2520 βαδίζειν
1598 2453 1894 2515 εὐτάκτως·

323 2536 401 2589 ἔνι
436 2539 542 2609 γάρ
567 2542 658 2594 καὶ
683 2541 790 2594 ἀπο
816 2543 1057 2607 στάσεως
1086 2544 1405 2613 διαλυθῆναι
1431 2545 1605 2609 τάξιν.

391 2636 460 2697 γ’.
486 2632 627 2701 Ἀρα
664 2633 830 2697 τύπος
855 2630 994 2705 ἦσαν
1023 2636 1073 2688 οἰ
1106 2635 1418 2702 ἀπόστολοι,
1441 2636 1745 2707 ἀρχέτυπόν
1773 2652 1895 2688 τινα

322 2724 507 2779 εἰκόνα
526 2724 895 2790 διασώζοντες.
931 2728 1249 2800 Ἐννοήσατε
1284 2728 1398 2790 πῶς
1415 2729 1595 2788 αὐτοῖς
1614 2729 1642 2779 6
1664 2726 1776 2796 βίος
1795 2727 1896 2778 ἀπ-

323 2818 697 2888 ηκριϐωμένος
711 2814 798 2890 ἦν,
814 2819 888 2883 ώς
901 2820 1203 2889 ἀρχέτυπον
1224 2818 1420 2881 αὐτοὺς
1444 2819 1536 2871 καὶ
1554 2817 1898 2889 παράδειγμα

326 2907 474 2982 [294]
507 2910 716 2962 κεῖσθαι
764 2910 859 2962 καὶ
903 2911 1100 2980 νόμους
1150 2909 1450 2980 ἐμψύχους.
1496 2909 1673 2977 "Amp
1696 2909 1804 2978 γὰρ
1830 2906 1898 2960 τὰ

323 2998 625 3069 γράμματα
672 3000 844 3069 ἔλεγε,
896 3001 1066 3054 ταῦτα
1117 3001 1205 3054 διά
1227 3000 1335 3054 τῶν
1362 3001 1702 3071 πραγμάτων
1734 2999 1899 3052 πᾶσιν

325 3090 546 3162 ἐδήλουν
585 3086 750 3146 οὗτοι.
795 3090 966 3143 Τοῦτό
992 3093 1109 3144 ἐστι
1145 3090 1466 3145 διδασκαλία
1489 3090 1685 3163 ἀρίστη
1709 3107 1722 3120 ·
1757 3090 1898 3143 οὕτω

323 3182 415 3235 τὸν
462 3181 709 3253 μαθητὴν
755 3183 968 3250 ἐνάγειν
1003 3184 1031 3235 6
1068 3182 1335 3236 διδάσκων
1368 3182 1673 3252 δυνήσεται.
1713 3182 1808 3234 Ἂν
1841 3182 1897 3234 δέ

325 3275 487 3336 αὐτὸς
516 3275 615 3344 μὲν
648 3273 780 3346 λέγῃ
801 3273 892 3327 καὶ
915 3273 1199 3344 φιλοσοφῇ,
1225 3276 1335 3337 τοῖς
1358 3273 1413 3327 δὲ
1435 3261 1614 3345 ἔργοις
1632 3273 1798 3325 τάναν
1813 3272 1891 3324 εία

328 3373 475 3439 ποιῇ,
514 3368 666 3421 οὔπω
698 3367 1034 3432 διδάσκαλος.
1095 3367 1264 3422 Τοῦτο
1304 3367 1411 3438 γάρ
1441 3368 1537 3420 καὶ
1572 3365 1649 3436 τῷ
1685 3366 1896 3436 μαθητῇ

329 3462 547 3530 κοῦφον,
579 3463 635 3514 ἐν
669 3461 848 3530 λόγοις
878 3461 1188 3531 φιλοσοφεῖν
1214 3477 1227 3489 ·
1257 3460 1392 3516 ἀλλά
1430 3460 1511 3513 δεῖ
1543 3459 1640 3529 τῆς
1665 3459 1752 3511 διά
1792 3457 1900 3511 τῶν

328 3551 506 3619 ἔργων
551 3550 829 3614 νουθεσίας
879 3553 972 3604 καὶ
1018 3554 1115 3621 τῆς
1171 3552 1427 3622 ἀγωγῆς·
1472 3551 1609 3621 αὕτη
1657 3551 1765 3622 γάρ
1809 3552 1901 3602 καὶ

329 3640 648 3694 διδάσκαλον
715 3642 989 3709 αἰδέσιμον
1047 3645 1219 3705 ποιεῖ,
1278 3644 1374 3696 καὶ
1434 3643 1680 3714 μαθητὴν
1733 3642 1902 3695 εἴκειν

335 3730 763 3799 παρασκευάζει.
812 3730 963 3797 Πῶς;
1003 3732 1172 3784 Ὅταν
1215 3732 1312 3800 μὲν
1360 3732 1467 3802 γὰρ
1507 3734 1592 3804 ίδῃ
1628 3735 1685 3786 ἐν
1719 3733 1899 3801 λόγοις

335 3820 743 3891 φιλοσοφοῦντα,
791 3823 935 3891 ἐρεῖ,
977 3822 1058 3874 ὅτι
1104 3820 1339 3875 ἀδύνατα
1389 3823 1681 3886 ἐπέταξεν·
1727 3824 1808 3876 δτι
1846 3824 1904 3876 δὲ

333 3912 591 3979 ἀδύνατα,
638 3911 854 3981 πρῶτος
879 3912 1040 3976 αὐτὸς
1078 3912 1347 3966 δείκνυσιν
1392 3915 1420 3966 6
1470 3913 1785 3978 διδάσκαλος
1830 3915 1904 3985 μὴ

335 4004 605 4076 πράττων.
636 4005 733 4058 Ἂν
757 4004 812 4058 δὲ
836 4005 918 4080 ίδῃ
946 4004 1031 4059 6:6
1053 4004 1163 4058 τῶν
1190 4003 1366 4076 ἔργων
1399 4004 1498 4076 τὴν
1523 4004 1725 4076 ἀρετὴν
1756 4022 1903 4057 τετε-

334 4093 653 4165 λειωμένην,
683 4093 783 4147 οὐκ
812 4092 876 4147 ἂν
907 4094 1018 4164 ἔχοι
1042 4094 1211 4146 ταῦτα
1232 4092 1433 4163 λέγειν.
1471 4094 1619 4165 Πλὴν
1639 4093 1775 4147 ἀλλά
1803 4094 1905 4149 κᾶν

332 4183 672 4254 ἠμεληειένος
714 4186 741 4237 6
773 4179 867 4238 τοῦ
905 4184 1222 4239 διδασκάλου
1255 4184 1370 4255 βίος
1398 4180 1462 4260 ᾗ,
1506 4188 1665 4254 ἡμεῖς
1695 4188 1907 4248 ἑαυτοῖς

336 4279 688 4346 προσέχωμεν
714 4314 728 4337 ,
752 4274 844 4328 καὶ
873 4276 1160 4345 ἀκούωμεν
1193 4278 1287 4332 τοῦ
1322 4276 1602 4346 προφήτου
1634 4275 1902 4344 λέγοντος,

334 4367 416 4420 δτι
440 4367 715 4419 Ἔσονται
739 4366 961 4431 πάντες
1003 4366 1270 4421 διδακτοὶ
1322 4366 1470 4420 Θεοῦ
1495 4383 1506 4395 ·
1549 4369 1663 4429 καὶ,
1704 4371 1785 4422 Οὺ
1819 4369 1905 4437 μὴ

335 4456 657 4519 διδάξωσιν
677 4457 934 4524 ἕκαστος
956 4461 1058 4511 τὸν
1079 4458 1341 4526 ἀδελφὸν
1369 4459 1577 4524 αὐτοῦ,
1602 4459 1904 4530 λέγοντες,

335 4547 527 4603 Γνῶθι
559 4548 664 4602 τὸν
685 4552 922 4616 Κύριον,
957 4549 1045 4602 ὅτι
1083 4549 1298 4615 πάντες
1328 4549 1647 4616 είδήσουσί
1681 4569 1753 4621 με
1789 4551 1908 4606 ἀπὸ

328 4640 546 4708 μικροῦ
594 4639 705 4704 ἕως
732 4639 995 4707 μεγάλου
1044 4639 1262 4694 αὐτῶν.
1316 4643 1431 4695 Οὐκ
1474 4642 1617 4713 ἔχεις
1655 4645 1909 4717 ἐνάρετον

334 4730 687 4796 διδάσκαλον;
735 4730 849 4783 ἀλλ’
888 4729 1032 4800 ἔχεις
1090 4731 1182 4784 τὸν
1241 4732 1409 4796 ὄντως
1466 4734 1801 4799 διδάσκαλον,
1850 4737 1909 4790 6v

337 4821 431 4874 καὶ
504 4819 665 4891 μόνον
727 4817 1043 4873 διδάσκαλον
1093 4819 1199 4889 χρὴ
1261 4820 1443 4872 καλεῖν
1466 4837 1480 4852 -
1545 4822 1640 4875 ἀπ’
1698 4824 1907 4876 ἐκείνου

341 4912 569 4982 μάθετε·
599 4913 807 4975 ἐκεῖνος
837 4910 1270 4982 ἔφησε,Μὰθετε
1290 4912 1390 4965 ἀπ’
1413 4913 1577 4981 ἐμοῦ,
1604 4914 1692 4967 ὅτι
1723 4915 1911 4982 πρᾶός

335 5005 471 5071 εἶμι.
498 5002 591 5074 Μὴ
627 5003 693 5074 δὴ
730 5002 963 5075 πρόσεχε
997 5001 1077 5073 τῷ
1098 5002 1424 5072 διδασκάλῳ,
1456 5002 1569 5056 ἀλλ’
1593 5004 1785 5074 ἐκείνῳ
1817 5005 1910 5059 καὶ

336 5096 449 5157 τοῖς
492 5094 700 5147 ἐκείνου
749 5094 1098 5166 μαθήμασιν·
1161 5094 1367 5148 ἐκεῖθεν
1412 5095 1541 5148 λάϐε
1582 5095 1675 5148 τὸν
1703 5095 1908 5150 τύπον·

340 5184 484 5253 ἔχεις
508 5185 692 5240 εἰκόνα
720 5187 947 5259 ἀρίστην
976 5202 991 5217 ·
1025 5185 1160 5259 πρὸς
1174 5186 1388 5256 ἐκείνην
1410 5186 1670 5256 ῥύθμισον
1694 5190 1907 5243 σαυτόν.

340 5276 547 5348 Μυρίαι
593 5278 732 5331 εἰσὶν
780 5282 835 5333 αἰ
879 5280 1083 5343 εἰκόνες
1128 5282 1185 5332 ἐν
1217 5282 1335 5343 ταῖς
1382 5281 1624 5349 Γραφαῖς
1661 5282 1910 5352 κείμεναι

344 5371 473 5440 βίων
526 5372 824 5443 ἐναρέτων·
864 5368 995 5437 οἷον,
1026 5375 1121 5427 ἐὰν
1151 5375 1330 5447 θέλῃς,
1366 5376 1485 5429 ἐλθέ
1512 5377 1604 5430 καὶ
1635 5378 1770 5448 μετά
1821 5379 1912 5432 τὸν

341 5462 658 5518 διδάσκαλον
684 5465 741 5517 ἐν
772 5467 884 5528 τοῖς
916 5466 1182 5536 μαθηταῖς
1208 5487 1217 5497 ·
1250 5469 1278 5520 6
1311 5469 1409 5539 μὲν
1437 5468 1503 5523 δι’
1526 5471 1913 5541 άκτημοσύνης

405 5679 435 5710 ⁵
458 5680 541 5730 Sic
559 5677 759 5733 Coislm.
786 5680 916 5731 Edm
939 5681 1084 5739 mafc,
1119 5684 1190 5730 ὁτι
1216 5672 1399 5732 and“;

1011 309 1070 365 S.
1104 307 1389 365 JOANNIS
1421 307 1912 366 CHRYSOSTOMI
1952 310 2273 369 ARCIIIEP.
2315 312 2870 372 CONSTANTINOP.

3471 320 3580 377 176

2010 428 2238 500 ἔλαμψε,
2265 430 2294 483 6
2325 430 2381 484 δέ
2412 430 2499 485 διὰ
2527 430 2854 503 χρημάτων·
2885 425 2997 485 οἷον
3020 433 3049 485 6
3088 431 3270 497 Ἠλίας
3307 430 3375 486 δῖ’
3406 434 3580 506 ἀκτη-

2008 520 2263 589 μοσύνης,
2296 523 2324 575 6
2379 521 2627 592 Ἀϐραάμ
2667 521 2753 575 διά
2806 523 3105 593 χρημάτων
3131 541 3144 554 ·
3179 523 3296 577 οῖαν
3336 524 3580 595 νομίζεις

2004 612 2336 682 κουφοτέραν
2393 612 2488 666 καὶ
2554 611 3092 682 εὖεπιτηδειοτέραν,
3157 611 3365 683 ταύτην
3437 612 3580 668 ἐλθέ.

2005 703 2171 756 Πάλιν
2211 705 2239 757 ὁ
2298 703 2397 775 μὲν
2445 704 2533 758 διά
2577 705 2778 774 γάμου,
2834 704 2865 756 6
2909 703 2967 756 δέ
3023 703 3114 757 διὰ
3170 703 3470 773 παρθενίας
3500 721 3517 737 ο
3555 707 3585 758 6

2014 789 2265 860 Ἀϐραάμ
2306 790 2393 843 6:6
2443 791 2656 859 γάμου,
2723 790 2930 852 ἐκεῖνος
2986 788 3075 842 6:6
3127 789 3466 860 παρθενίας·
3517 790 3585 861 ἢν

2002 876 2204 942 θέλεις,
2276 876 2491 948 βάδισον
2522 892 2537 908 ο
2604 875 2840 946 ἑκατέρα
2918 875 3026 945 γὰρ
3082 874 3239 945 φέρει
3299 874 3438 944 πρὸς
3490 874 3583 926 τὸν

1999 968 2246 1035 οὐρανόν.
2286 968 2344 1021 '0
2375 966 2473 1036 μὲν
2500 966 2588 1019 6:6
2613 964 2886 1035 νηστείας,
2909 966 2938 1016 6
2970 963 3242 1033 Ἰωάννης,
3265 966 3294 1017 6
3323 963 3380 1016 δὲ
3412 963 3584 1034 χωρὶς

1999 1059 2283 1128 νηστειῶν,
2319 1061 2349 1112 6
2393 1058 2535 1114 Ἰώδ.
2575 1057 2741 1111 Πάλιν
2804 1055 2964 1117 αὐτὸς
2999 1050 3152 1118 οὗτος
3188 1055 3280 1108 καὶ
3326 1055 3578 1123 γυναικὸς

2000 1147 2298 1218 φροντίζων
2332 1146 2426 1200 καὶ
2446 1146 2651 1198 παίδων
2672 1144 2765 1198 καὶ
2791 1143 3105 1213 θυγατέρων
3129 1143 3223 1196 καὶ
3250 1142 3446 1205 οἰκίας,
3477 1141 3574 1193 καὶ

2001 1241 2166 1293 πολὺν
2213 1239 2350 1309 ἔχων
2376 1237 2633 1291 πλοῦτον·
2682 1238 2710 1288 6
2740 1235 2896 1296 ἄλλος
2931 1235 3084 1288 οὐδὲν
3117 1235 3399 1302 ἐκέκτητο,
3431 1233 3573 1303 πλὴν

1999 1330 2092 1384 τοῦ
2148 1331 2362 1400 ἱματίου
2408 1328 2502 1382 τοῦ
2546 1329 2808 1397 τριχίνου.
2853 1325 2964 1379 Καὶ
3007 1325 3060 1378 τί
3086 1325 3234 1392 λέγω
3277 1325 3451 1377 οἰκίαν
3475 1323 3573 1376 καὶ

2000 1421 2227 1474 πλοῦτον
2256 1421 2351 1473 καὶ
2380 1422 2659 1490 χρήματα,
2690 1419 2823 1471 ὅπου
2851 1434 2915 1484 γε
2946 1415 3039 1469 καὶ
3085 1416 3144 1468 ἐν
3176 1413 3424 1485 βασιλείᾳ
3448 1414 3576 1467 δντα

1997 1508 2222 1563 δυνατὸν
2252 1509 2349 1577 τῆς
2386 1507 2584 1578 ἀρετῆς
2615 1503 3001 1568 ἐπιλαδὲσθαις
3034 1502 3222 1571 Πάσης
3257 1501 3367 1571 γάρ
3400 1500 3575 1564 οἰκίας

2004 1602 2279 1671 ἰδιωτικῆς
2308 1602 2374 1655 ἂν
2398 1598 2648 1671 εὑρεθείη
2669 1594 3283 1665 πολυπραγμονέστερος
3312 1594 3341 1646 6
3366 1588 3514 1655 οἶκος
3545 1595 3576 1647 6

2003 1691 2296 1763 βασιλικός.
2346 1691 2405 1743 '0
2432 1688 2609 1743 τοίνυν
2633 1684 2795 1740 Δαυῖδ
2829 1683 3069 1755 ἔλαμψεν
3096 1683 3153 1735 ἐν
3180 1682 3449 1752 βασιλείᾳ,
3479 1682 3576 1735 καὶ

2001 1783 2151 1837 οὐδὲν
2183 1781 2345 1836 αὐτὸν
2377 1780 2622 1844 ἐξέλυσεν
2644 1779 2678 1846 ἡ
2699 1774 2953 1844 ἁλουργὶς
2977 1772 3153 1826 καὶτὸ
3180 1771 3414 1841 διάδημα
3432 1787 3446 1803 ·
3479 1770 3575 1824 άλ-

2000 1872 2085 1936 λος
2115 1872 2408 1943 ὁλοκλήρου
2430 1870 2601 1941 δήμου
2633 1864 2968 1938 προστασίαν
2990 1860 3515 1934 ἐμπεπιστευμένος,
3544 1868 3575 1920 ὁ
3626 1888 3636 1895 ο

1998 1963 2238 2033 Μωῦσῆς
2260 1962 2422 2028 λέγω,
2441 1960 2577 2030 ὅπερ
2605 1957 2698 2011 καὶ
2717 1953 3115 2024 δυσκολώτερον
3137 1950 3415 2022 τυγχάνει.
3455 1952 3573 2003 Ἐν-

1997 2051 2173 2106 ταῦθα
2212 2052 2321 2121 γάρ
2365 2047 2564 2118 μείζων
2602 2048 2635 2115 ἡ
2658 2045 2874 2111 ἐξουσία
2902 2039 2991 2115 ἦν,
3023 2041 3145 2096 ὅθεν
3186 2042 3278 2095 καὶ
3308 2038 3506 2092 πλείων
3535 2040 3568 2110 ἡ

1996 2144 2251 2198 δυσκολία
2288 2128 2515 2211 ἐγίνετο.
2552 2132 2703 2199 Εἶδες
2746 2137 2805 2188 ἐν
2856 2134 3071 2203 πλούτῳ
3114 2130 3569 2202 εὐδοκιμηκότας,

1998 2232 2132 2297 εἶδες
2157 2234 2250 2287 καὶ
2281 2236 2338 2285 ἐν
2372 2226 2532 2300 πενίᾳ
2550 2266 2565 2290 ,
2597 2222 2734 2289 εἶδες
2767 2227 2824 2278 ἐν
2863 2226 3044 2296 γάμῳ,
3068 2220 3205 2286 εἶδες
3235 2225 3327 2276 καὶ
3349 2223 3407 2275 ἐν
3435 2238 3573 2291 παρ⁹

1997 2326 2150 2398 θενίᾳ
2167 2341 2181 2355 ·
2210 2325 2306 2377 θέα
2326 2318 2635 2375 τούναντίον
2659 2316 2823 2370 πάλιν
2848 2316 2942 2369 καὶ
2962 2318 3017 2368 ἐν
3045 2316 3207 2385 γάμῳ
3237 2314 3332 2367 καὶ
3350 2314 3408 2364 ἐν
3438 2326 3573 2379 παρ·

1997 2416 2148 2485 θενίᾳ
2170 2414 2532 2475 ἀπολωλότας,
2565 2410 2656 2463 καὶ
2684 2410 2740 2461 ἐν
2768 2408 2981 2477 πλούτῳ
3011 2407 3106 2459 καὶ
3147 2407 3205 2459 ἐν
3233 2404 3393 2475 πενίᾳ
3410 2419 3425 2434 ·
3459 2398 3570 2454 οἷον

1997 2506 2053 2558 ἐν
2101 2504 2263 2573 γάμῳ
2303 2501 2403 2572 μὲν
2439 2499 2624 2553 πολλοὶ
2655 2498 2763 2550 τῶν
2792 2496 3093 2567 ἀνθρώπων
3116 2494 3417 2556 ἀπώλοντο,
3457 2486 3570 2544 οἷον

1997 2590 2234 2661 Σαμψὼν
2254 2630 2268 2654 ,
2304 2590 2417 2645 ἀλλ’
2446 2590 2547 2642 οὐκ
2569 2586 2676 2640 ἀπὸ
2699 2583 2790 2638 τοῦ
2815 2585 3014 2652 γάμου,
3042 2582 3156 2636 ἀλλ’
3186 2581 3295 2635 ἀπὸ
3314 2582 3411 2650 τῆς
3438 2579 3573 2641 ἰδίας

1998 2679 2150 2753 [295]
2192 2679 2558 2750 προαιρέσεως
2585 2692 2597 2706 ·
2631 2676 2689 2727 ἐν
2740 2673 3006 2745 παρθενίᾳ
3046 2672 3123 2735 δὲ,
3165 2667 3278 2724 οἷον
3314 2670 3370 2723 αἱ
3411 2668 3573 2722 πέντε

1997 2769 2288 2842 παρθένοι·
2334 2770 2393 2822 ἐν
2451 2766 2685 2836 πλούτῳ,
2743 2768 2772 2819 6
2825 2764 3078 2826 πλούσιος
3127 2764 3155 2816 6
3191 2761 3281 2814 τὸν
3326 2758 3573 2827 Λάζαρον

1997 2859 2283 2933 περιορῶν·
2300 2862 2356 2913 ἐν
2374 2858 2529 2929 πενίᾳ
2543 2857 2725 2928 μυρίοι
2743 2855 2822 2909 ἔτι
2843 2854 2937 2908 καὶ
2954 2852 3047 2906 νῦν
3065 2853 3296 2920 πένητες
3315 2847 3575 2902 ἀπόλλυν-

1994 2972 2104 3008 ται.
2151 2954 2239 3007 Ἐν
2274 2950 2518 3022 βασιλείᾳ
2560 2949 2806 3019 δείκνυμι
2839 2946 3065 3008 πολλοὺς
3103 2942 3467 3005 ἀπολωλότας,
3516 2937 3577 2991 ἐν

1994 3043 2340 3115 δημαγωγία.
2391 3040 2575 3104 Θέλεις
2600 3039 2770 3093 δὲκαὶ
2802 3039 2858 3091 ἐν
2878 3037 3235 3108 στρατιωτικῇ
3266 3033 3417 3098 τάξει
3448 3031 3572 3085 ἰδεῖν

1998 3134 2364 3203 σωζομένουςς
2420 3131 2522 3202 δρα
2565 3131 2656 3183 τὸν
2688 3125 2982 3198 Κορνήλιον
3008 3143 3023 3159 ο
3050 3126 3143 3178 καὶ
3181 3125 3238 3176 ἐν
3272 3121 3576 3193 προστασίᾳ

1996 3224 2201 3287 οἰκίας;
2235 3222 2398 3293 βλέπε
2437 3221 2530 3274 τὸν
2572 3218 2826 3290 εὐνοῦχον
2856 3218 2961 3287 τῆς
3000 3215 3376 3284 Δίθιοπίσσης.
3418 3211 3574 3265 Οὕτω

1997 3313 2260 3368 πάντοθεν
2314 3312 2408 3365 ἐὰν
2449 3312 2530 3375 είς
2557 3310 2676 3364 δέον
2714 3308 2793 3379 τῷ
2842 3307 3056 3376 πλούτῳ
3104 3303 3385 3377 χρώμεθα,
3422 3300 3575 3354 οὐδὲν

1998 3406 2144 3477 ἡμᾶς
2172 3402 2397 3457 ἀπολεῖ·
2430 3401 2526 3455 ἐὰν
2547 3401 2604 3453 δὲ
2644 3400 2741 3471 μὴ,
2788 3398 3003 3453 ἅπαντα
3043 3395 3256 3461 ἀπολεῖ,
3304 3394 3395 3446 καὶ
3419 3391 3574 3460 βασι-

1997 3496 2136 3560 λεία,
2185 3496 2276 3548 καὶ
2308 3492 2485 3557 πενία,
2530 3489 2624 3546 καὶ
2653 3489 2901 3551 πλοῦτος.
2955 3488 3060 3541 Τὸν
3112 3487 3289 3556 μέντοι
3333 3484 3569 3553 νήφοντα

1997 3590 2148 3642 οὐδὲν
2181 3586 2379 3658 βλάψαι
2411 3585 2718 3655 δυνήσεται.
2772 3581 2908 3636 Είπέ
2936 3580 3045 3651 γάρ
3084 3596 3195 3648 μοι,
3229 3572 3574 3646 αἱχμαλωσία

1999 3680 2048 3733 τί
2080 3678 2344 3746 ἔϐλαψενς
2378 3675 2576 3730 Οὐδέν·
2610 3672 2901 3743 ἐννόειγάρ
2930 3689 3018 3740 μοι
3045 3669 3133 3722 τὸν
3175 3667 3372 3738 Ἰωσὴφ
3394 3663 3576 3719 δοῦλον

1999 3773 2307 3841 γενόμενον,
2339 3768 2435 3822 καὶ¹
2472 3767 2572 3838 τὴν
2614 3766 2817 3838 ἀρετὴν
2864 3761 3196 3826 διασώζοντα
3218 3777 3231 3790 ·
3285 3757 3456 3812 ἐννόει
3488 3773 3577 3826 μοι

1999 3864 2087 3918 τὸν
2117 3861 2334 3932 Δανιὴλ,
2367 3859 2462 3913 καὶ
2481 3858 2609 3921 τοὺς
2634 3856 2782 3927 τρεῖς
2813 3855 3005 3916 παῖδας
3024 3849 3401 3923 αἰχμαλώτους
3424 3863 3578 3916 γενο-

2005 3954 2218 4024 μένους,
2256 3952 2349 4005 καὶ
2391 3949 2506 4012 πῶς
2538 3946 2716 4017 πολλῷ
2749 3944 2947 4015 μᾶλλον
2975 3942 3244 4012 ἔλαμψαν.
3296 3934 3579 4008 Πανταχοῦ

2003 4043 2109 4113 γάρ
2140 4043 2173 4113 ἡ
2208 4039 2377 4111 ἀρετὴ
2417 4039 2645 4108 λάμπει,
2696 4036 2789 4089 καὶ
2834 4031 3277 4101 ἀκαταγώνιστός
3318 4031 3454 4093 ἐστι,
3484 4026 3579 4081 καὶ

2001 4135 2153 4186 οὐδὲν
2175 4131 2376 4201 ταύτην
2402 4128 2688 4200 ἐμποδίσαι
2722 4126 2960 4179 δύναται.
2990 4122 3054 4176 Τί
3083 4122 3226 4191 λέγω
3263 4121 3454 4174 πενίαν
3486 4119 3579 4175 καὶ

2004 4223 2382 4294 αἰχμαλωσίαν
2409 4221 2502 4275 καὶ
2527 4218 2768 4273 δουλείαν
2792 4235 2806 4285 ;
2836 4216 2954 4271 οὐδὲ
2976 4215 3152 4286 λιμὸς,
3184 4214 3304 4267 οὐδὲ
3329 4212 3577 4274 ἕλκωσις,

2004 4316 2126 4370 ούδέ
2178 4312 2330 4376 νὸδος
2373 4311 2595 4365 δύναται
2652 4308 2885 4379 βλάψαι·
2940 4305 3184 4366 δουλείας
3250 4303 3358 4373 γάρ
3428 4300 3579 4361 νόσος

2005 4405 2283 4479 χαλεπώτε
2294 4422 2405 4476 90v.
2454 4402 2496 4454 Τ
2500 4400 2705 4462 οιοῦτος
2741 4395 2808 4469 ἦν
2841 4399 2869 4450 6
2898 4395 3166 4464 Λάζαρος,
3196 4391 3434 4454 τοιοῦτος
3462 4385 3528 4461 ἦν
3549 4390 3578 4440 6

2018 4500 2160 4562 Ἰὼϐ,
2186 4498 2424 4559 τοιοῦτος
2444 4490 2511 4566 ἦν
2542 4493 2632 4548 καὶ
2661 4494 2689 4546 6
2717 4489 2977 4560 Τιμόθεος
3008 4486 3240 4548 πυκναῖς
3276 4482 3578 4542 ἀσθενείαις

2009 4593 2200 4662 συνεχό
2207 4606 2386 4659 μενος.

2088 4682 2250 4752 Ὁρᾷς
2283 4680 2363 4732 ὅτι
2394 4678 2488 4748 τῆς
2510 4677 2707 4749 ἀρετῆς
2733 4673 2884 4728 οὐδὲν
2906 4673 3127 4727 δύναται
3166 4664 3577 4739 περιγενέσθαις

2005 4773 2067 4826 οὐ
2098 4770 2347 4834 πλοῦτος,
2376 4769 2436 4823 οὐ
2478 4768 2655 4831 πενία,
2679 4766 2779 4819 οὐκ
2807 4762 2970 4836 ἀρχὴ,
3010 4761 3071 4816 οὐ
3115 4760 3176 4813 τὸ
3206 4757 3486 4832 ἄρχεσθαι,
3516 4754 3577 4807 οὔ

2005 4864 2066 4916 τὸ
2116 4861 2224 4916 τῶν
2282 4860 2622 4931 πραγμάτων
2688 4853 3066 4928 προΐστασθαι,
3123 4852 3184 4905 οὐ
3254 4850 3429 4912 νόσος,
3480 4845 3578 4899 οὐκ

2008 4954 2213 5019 ἀδοξία,
2246 4954 2307 5006 οὑ
2340 4953 2399 5005 τὸ
2427 4949 2762 5022 ἀπερῤῖφθαι
2786 4967 2798 4979 ·
2853 4946 2989 5000 ἀλλά
3024 4943 3194 4999 ταῦτα
3228 4943 3404 4996 πάντα
3434 4939 3581 4993 κάτω

2009 5044 2103 5097 καὶ
2125 5044 2216 5096 ἐπὶ
2242 5042 2343 5112 γῆς
2375 5042 2595 5110 ἀφεῖσα,
2631 5037 2821 5108 φθάνει
2848 5036 2980 5108 πρὸς
3012 5034 3101 5088 τὸν
3132 5032 3361 5097 οὐρανόν
3382 5046 3395 5060 ·
3424 5027 3581 5100 μόνον

2009 5133 2148 5188 ἔστω
2179 5130 2400 5201 γενναία
2427 5129 2592 5201 ψυχὴ,
2618 5127 2710 5182 καὶ
2741 5127 2801 5181 τὸ
2823 5125 3030 5180 κωλύον
3056 5122 3206 5177 οὐδὲν
3236 5117 3375 5174 εἶναι
3399 5117 3584 5186 ἐνάρε-

2008 5244 2118 5281 τον.
2150 5225 2319 5279 Ὅταν
2348 5222 2455 5294 γάρ
2488 5223 2516 5274 ὁ
2547 5220 2783 5291 ἐργάτης
2802 5217 3061 5290 ἔῤῥωται,
3085 5214 3236 5269 οὐδὲν
3261 5212 3366 5264 τῶν
3389 5209 3585 5274 ἔξωθεν

2011 5314 2308 5386 ἐμποδίζει.
2367 5314 2476 5367 Καὶ
2515 5312 2627 5382 γὰρ
2670 5310 2764 5364 καὶ
2799 5309 2893 5363 ἐπὶ
2932 5306 3042 5360 τῶν
3083 5303 3321 5375 τεχνῶν,
3377 5300 3504 5352 ὅταν
3556 5296 3587 5348 6

2010 5407 2260 5477 τεχνίτης
2286 5404 2549 5476 ἔμπειρος
2679 5402 2773 5454 καὶ
2805 5396 3131 5471 καρτερικὸς
3161 5396 3255 5449 καὶ
3280 5394 3459 5445 πᾶσαν
3487 5387 3584 5455 τὴν

2007 5497 2203 5566 τέχνην
2241 5493 2617 5562 ἐπιστάμενος,
2661 5489 2763 5543 κάν
2797 5489 2950 5552 νόσος
2973 5485 3203 5558 ἐπέλθῃ.
3256 5481 3367 5551 ἔχει
3392 5477 3585 5547 αὐτὴν.

2010 5587 2114 5641 κάν
2139 5585 2385 5655 πένηται,
2432 5583 2544 5654 ἔχει
2587 5581 2776 5653 αὐτὴν,
2809 5580 2911 5634 κᾶν
2955 5579 3051 5650 ἔχη
3098 5577 3157 5630 τὸ
3184 5575 3413 5643 ὄργανον
3446 5566 3587 5638 μετᾶ

2013 5679 2218 5751 χεῖρας,
2244 5676 2346 5730 κᾶν
2368 5674 2443 5748 μὴ
2459 5674 2575 5749 ἔχῃ,
2596 5674 2699 5729 κᾶν
2714 5671 3030 5747 ἐργάζηται,
3051 5669 3151 5725 κᾶν
3172 5665 3248 5738 μὴ
3264 5659 3586 5736 ἐργάζηται.
