4030 6204
472 360 578 421 ⁸273

472 477 652 548 regula
680 491 699 530 :
718 474 851 530 idem
876 473 1152 545 sapiamus.
1204 468 1557 524 Verumtamen
1578 469 1647 522 ad
1664 468 1801 537 quod
1830 466 2057 535 perveni-

474 584 608 631 mus,
638 565 766 636 quid
794 565 897 618 hoc
925 563 1045 617 est?
1075 561 1301 628 Interea,
1332 559 1681 630 inquit,quod
1718 558 1841 613 boni
1864 572 2056 613 conse-

476 657 629 728 quuti
649 672 854 722 sumus,
883 664 1182 717 teneamus,
1211 654 1528 715 caritatem,
1559 651 1923 713 concordiam,
1955 665 2053 720 pa-

477 765 596 805 cem
626 768 640 803 :
670 750 769 803 hoc
800 748 956 801 nobis
980 754 1128 802 recte
1154 745 1458 801 confectum
1490 753 1591 800 est.
1623 743 1703 797 Ad
1726 743 1861 812 quod
1886 757 2059 810 perve-

478 842 665 905 nimus,
693 843 748 894 in
776 839 950 893 eadem
984 853 1368 908 permaneantns
1392 836 1586 907 regula,
1613 835 1747 889 idem
1774 834 2053 901 sapiamus.

477 931 556 985 Ad
601 931 735 1000 quod
771 929 1132 998 peruenimus;
1178 927 1230 982 id
1273 937 1374 993 est,
1423 927 1524 981 hoc
1568 924 1721 979 nobis
1756 925 1865 994 jam
1913 932 2057 978 recte

471 1023 771 1077 confectum
813 1028 917 1075 est.
954 1019 1118 1074 Vides
1147 1018 1368 1073 Paulum
1417 1018 1517 1072 hoc
1566 1017 1737 1080 velle,
1786 1023 2053 1085 praecepta

470 1126 589 1168 esse
617 1112 897 1182 regulam?
925 1111 1127 1182 Regula
1167 1124 1340 1181 neque
1390 1109 1716 1164 additionem
1749 1123 1923 1178 neque
1954 1108 2049 1163 de-

473 1205 788 1259 tractionem
819 1204 1005 1273 capit;
1030 1202 1229 1273 alioqui
1256 1204 1367 1272 jam
1398 1218 1503 1257 non
1531 1211 1615 1257 est
1641 1201 1845 1269 regula.
1875 1199 1938 1254 In
1964 1216 2046 1253 ea-

470 1295 582 1350 dem
600 1296 815 1366 regula;
846 1295 897 1347 id
925 1304 1028 1358 est,
1053 1295 1106 1348 in
1133 1293 1321 1349 eadem
1353 1292 1474 1353 fide.
1505 1292 1557 1346 in
1581 1291 1766 1346 eadem
1794 1290 2057 1345 constitu-

474 1388 642 1441 tione.
676 1388 764 1440 17.
797 1385 1091 1439 Imitatores
1118 1385 1214 1439 mei
1238 1393 1393 1438 estote
1420 1426 1434 1449 ,
1462 1384 1645 1452 fratres
1682 1398 1700 1436 :
1728 1392 1771 1436 et
1802 1383 2056 1434 observate

473 1495 578 1541 eos,
610 1480 698 1547 qui
725 1479 798 1531 ita
823 1479 1105 1543 ambulant,
1137 1478 1266 1531 sicut
1300 1476 1492 1529 habetis
1530 1491 1621 1529 nos
1645 1476 1886 1546 formam.
1913 1473 2055 1527 Dixit

475 1571 748 1640 superius,
784 1569 958 1624 Videte
982 1585 1155 1634 canes,
1180 1568 1279 1623 hos
1300 1567 1369 1621 ab
1394 1566 1500 1620 illis
1524 1565 1796 1620 abducens
1824 1583 1836 1618 :
1862 1580 2057 1634 propo-

475 1663 556 1717 nit
585 1676 725 1717 nunc
757 1676 874 1728 eos,
912 1662 1001 1731 qui
1027 1668 1153 1716 sunt
1179 1658 1447 1714 imitandi.
1480 1656 1535 1713 Si
1562 1658 1702 1728 quis,
1733 1657 1925 1726 inquit,
1956 1671 2054 1710 nos

476 1751 673 1811 imitari
715 1751 868 1815 vult,
902 1751 946 1806 si
993 1751 1112 1821 quis
1153 1749 1401 1806 eamdem
1447 1749 1696 1803 insistere
1729 1748 1891 1813 viam,
1925 1746 2053 1801 huic

473 1857 691 1914 operam
718 1841 844 1897 date
876 1861 890 1896 :
920 1842 1164 1912 quamvis
1191 1856 1295 1913 ego
1321 1856 1427 1895 non
1463 1840 1657 1902 adsim,
1684 1840 1854 1895 nostis
1875 1848 2052 1894 tamen

474 1937 715 1991 incessus
741 1936 850 1989 mei
892 1935 1156 1990 rationem
1186 1944 1239 1989 et
1271 1933 1490 1987 modum
1525 1973 1540 2000 ,
1569 1932 1622 1987 id
1654 1939 1756 1997 est,
1790 1930 2052 1986 rationem

475 2027 596 2081 vitat
625 2036 679 2081 et
698 2040 928 2080 morum.
948 2023 1064 2079 Non
1084 2024 1230 2079 enim
1261 2022 1443 2078 verbis
1472 2022 1647 2076 solum
1679 2020 1931 2086 docebat,
1958 2020 2052 2075 sed

474 2118 634 2171 etiam
662 2114 817 2170 factis
859 2113 1356 2185 :quemadmodum
1393 2114 1444 2167 in
1491 2112 1661 2167 choro
1705 2120 1762 2167 et
1812 2112 2052 2167 exercitu

475 2207 764 2276 choragum
786 2215 840 2261 et
868 2205 1059 2260 ducem
1090 2205 1279 2274 reliqui
1309 2204 1584 2257 imitentur
1615 2212 1827 2273 oportet
1853 2244 1867 2268 ,
1899 2213 1952 2256 ut
1981 2204 2051 2257 ita

477 2300 724 2354 ordinate
757 2297 1006 2354 incedant
1036 2316 1048 2350 :
1080 2313 1200 2352 nam
1232 2297 1343 2353 ﬁeri
1371 2305 1566 2367 potest,
1590 2306 1643 2349 ut
1673 2311 1737 2351 ex
1772 2296 1861 2349 illo
1891 2296 2051 2350 etiam

479 2399 620 2444 statu
643 2389 783 2444 ordo
810 2388 1150 2443 dissolvatur.

559 2482 612 2535 5.
661 2479 887 2534 Doctoris
923 2489 969 2533 et
1017 2479 1252 2549 discipuli
1290 2479 1468 2548 ofﬁcia.
1513 2510 1585 2520 —
1626 2479 1764 2550 Ergo
1815 2480 2039 2549 apostoli

474 2582 628 2627 erant
654 2571 822 2626 forma
860 2583 916 2627 et
945 2581 1101 2643 typus
1124 2613 1140 2636 ,
1170 2572 1402 2641 speciem
1431 2586 1548 2626 eam
1580 2573 1891 2634 retinentes,
1921 2588 2040 2641 σμιςο

472 2660 744 2731 archetypi
770 2669 823 2716 et
851 2660 1090 2731 primarii
1112 2659 1388 2729 cujusdam
1415 2660 1738 2729 exemplaris
1760 2660 1928 2714 instar
1964 2678 2051 2716 cs-

473 2764 572 2808 set.
598 2754 862 2824 Cogitate,
887 2768 1045 2823 quam
1073 2762 1326 2807 accurata
1356 2762 1502 2807 esset
1527 2752 1629 2806 illis
1656 2753 1778 2806 vita:
1803 2753 1960 2814 ratio,
1996 2763 2053 2807 ut

474 2844 570 2913 ipsi
600 2845 854 2914 propositi
898 2852 1083 2898 essent
1110 2883 1125 2908 ,
1167 2844 1317 2912 quasi
1349 2843 1671 2914 archetypos
1699 2853 1751 2897 et
1778 2843 2053 2911 exemplar

475 2944 530 2989 et
569 2935 713 3006 leges
740 2936 1011 2990 animatae.
1058 2937 1189 3002 Qua:
1233 2936 1377 2991 enim
1409 2936 1576 2990 litera:
1618 2935 1901 2999 dicebant,
1938 2936 2051 2991 lucc

484 3025 586 3094 ipsi
617 3026 766 3081 factis
793 3028 1070 3097 perSpicua
1107 3027 1358 3082 omnibus
1387 3025 1668 3081 faciebant.
1699 3027 1825 3082 llaec
1850 3028 2048 3096 optima

479 3126 562 3171 est
601 3116 826 3171 docendi
857 3118 994 3172 ratio
1038 3134 1051 3170 :
1084 3117 1156 3172 ita
1189 3116 1514 3188 discipulum
1546 3117 1820 3187 impellere
1865 3117 2053 3172 doctor

477 3208 692 3276 poterit.
737 3208 829 3264 Sin
859 3208 1001 3263 dicat
1032 3208 1244 3278 quidem
1278 3223 1342 3264 ac
1388 3208 1565 3263 verbis
1599 3208 2038 3278 philosophetur,

473 3300 625 3354 factis
640 3315 765 3355 vero
785 3301 1050 3355 contraria
1079 3309 1453 3371 reprazsentet,
1474 3299 1709 3355 nondum
1733 3300 1923 3355 doctor
1944 3311 2048 3355 est.

471 3392 600 3448 Nam
648 3393 732 3448 vel
764 3393 1030 3463 discipulo
1082 3394 1182 3448 hoc
1225 3393 1383 3448 facile
1427 3403 1551 3458 est,
1590 3394 1767 3449 verbis
1813 3394 2050 3463 philoso-

473 3486 658 3554 phari;
689 3486 783 3540 sed
809 3485 894 3540 illa
924 3485 1223 3540 admonitio
1248 3494 1302 3540 et
1332 3485 1608 3555 persuasio
1637 3485 1860 3541 accedat
1890 3501 2053 3555 opor-

476 3586 569 3639 tet,
597 3593 714 3647 qua:
746 3594 840 3649 per
864 3592 1029 3647 opera
1060 3578 1117 3632 ﬁt
1144 3597 1157 3631 :
1185 3593 1310 3631 nam
1340 3578 1452 3632 haec
1481 3587 1534 3632 et
1559 3578 1766 3632 doctori
1800 3594 2053 3632 reveren-

479 3666 603 3719 tiam
651 3666 924 3729 conciliat,
964 3678 1020 3721 et
1066 3667 1330 3737 discipulo
1378 3668 1798 3737 pr0pcnsionem
1840 3668 1905 3721 ad
1962 3684 2055 3737 pa-

482 3756 726 3810 rendum.
763 3757 1084 3824 Quomodo?
1129 3759 1426 3825 Quoniam,
1480 3760 1567 3814 ubi
1622 3760 1806 3813 verbis
1835 3758 2051 3828 quidem

480 3847 679 3903 viderit
720 3848 1186 3919 philosophantem
1210 3891 1225 3914 ,
1256 3867 1441 3907 secum
1471 3851 1636 3915 dicet,
1668 3850 1743 3905 Ea
1777 3866 1895 3920 quin
1936 3851 2050 3906 tieri

477 3954 586 3993 non
625 3948 847 4009 possunt
872 3941 1123 4010 magister
1146 3943 1244 3997 iste
1277 3944 1569 4012 praecepit,
1603 3943 1764 4012 idque
1797 3943 1909 4012 ipse
1939 3944 2051 4012 pri-

475 4046 599 4086 mus
636 4031 914 4096 ostendit,
962 4035 1048 4103 qui
1072 4049 1133 4089 ea
1163 4050 1268 4089 non
1319 4035 1466 4090 facit.
1499 4035 1591 4091 Sin
1622 4044 1802 4089 autem
1856 4037 2054 4091 viderit

472 4126 728 4180 virtutem
752 4125 903 4180 factis
923 4126 1051 4196 ipsis
1067 4142 1407 4198 expressam,
1431 4143 1536 4181 non
1567 4128 2051 4197 habebitamplius,

471 4230 567 4271 cur
602 4217 704 4271 ista
754 4216 919 4271 dicat.
957 4216 1333 4272 Verumtamen
1362 4218 1523 4272 etiam
1573 4220 1616 4272 si
1658 4217 1894 4275 doctoris
1943 4221 2047 4274 vita

471 4307 737 4363 socordiae
758 4308 912 4376 plena
938 4308 1028 4375 sit,
1055 4308 1211 4363 nobis
1240 4309 1370 4379 ipsis
1398 4309 1760 4376 attendamus,
1784 4320 1837 4365 et
1861 4312 2048 4365 audia-

474 4413 596 4452 mus
629 4398 945 4467 prophetam
976 4398 1269 4463 dicentem,
1305 4399 1469 4453 Ernnt
1495 4417 1667 4454 omnes
1696 4403 1933 4456 docibiles
1958 4402 2054 4456 Dei

478 4490 658 4559 (Joan.
679 4490 733 4545 6.
764 4491 856 4560 45)
883 4507 897 4554 ;
927 4500 1001 4556 et,
1040 4490 1159 4545 Non
1185 4492 1375 4545 docebit
1405 4494 1540 4546 ultra
1560 4494 1633 4546 vir
1656 4494 1865 4562 fratrem
1880 4512 2050 4561 suum,

480 4581 650 4632 dicens
684 4580 974 4652 :Coguosce
1016 4581 1328 4648 Dominum;
1372 4600 1544 4636 omnes
1587 4585 1718 4637 enim
1759 4596 2055 4656 cognoscent

492 4688 573 4725 me
595 4688 625 4724 a
653 4673 857 4727 minimo
892 4692 1067 4728 eorum
1105 4692 1263 4743 usque
1287 4676 1353 4728 ad
1380 4676 1658 4729 maximum
1686 4674 1917 4747 (Jerem.
1963 4676 2054 4730 52.

486 4766 599 4836 54).
626 4765 741 4821 Νοη
771 4767 930 4823 habes
957 4769 1231 4824 doctorem
1248 4769 1450 4824 virtute
1482 4768 1800 4838 prmditum?
1826 4768 1933 4824 Sed
1960 4768 2057 4823 ha-

484 4857 580 4912 bes
624 4873 744 4912 eum
774 4860 862 4930 qui
904 4876 1033 4915 vere
1090 4860 1276 4916 doctor
1321 4869 1440 4923 est,
1488 4876 1645 4929 quem
1675 4860 1834 4914 etiam
1884 4860 2054 4915 solum

481 4948 752 5005 doctorem
804 4953 1074 5020 appellare
1120 4959 1331 5020 oportet
1370 4970 1383 5005 :
1425 4951 1491 5005 ab
1537 4951 1630 5004 illo
1672 4950 1858 5005 discite
1902 4967 1915 5003 :
1970 4950 2060 5005 ille

480 5042 629 5107 dixit,
670 5041 864 5097 Discite
891 5061 923 5097 a
953 5060 1031 5097 nte
1050 5085 1065 5106 ,
1095 5046 1214 5112 quia
1240 5061 1354 5098 sum
1380 5044 1516 5096 mitis
1535 5042 1564 5113 ν(
1588 5042 1776 5097 .‘dattlt.
1818 5043 1908 5096 Η.
1940 5041 2057 5111 29).

482 5133 595 5188 Non
622 5134 881 5189 observes
924 5136 1236 5205 magistrum
1270 5135 1429 5189 istum
1453 5176 1466 5198 ,
1497 5135 1589 5188 sed
1622 5135 1769 5188 illum
1817 5134 2061 5202 illiusque

479 5226 788 5295 disciplinas
830 5243 844 5280 :
885 5226 1010 5281 inde
1042 5239 1226 5297 typum
1263 5242 1396 5296 cape
1426 5245 1439 5279 :
1473 5226 1635 5280 habes
1664 5226 1892 5294 effigiem
1924 5225 2063 5295 Opti-

481 5331 659 5379 mam,
702 5315 770 5370 ad
810 5332 970 5386 quam
1004 5318 1232 5386 teipsum
1263 5331 1574 5386 componas.
1617 5317 1895 5371 Sexcentce
1941 5324 2064 5369 sunt

482 5411 769 5478 proposita:
809 5408 862 5462 in
888 5408 1180 5479 Scripturis
1209 5411 1434 5465 vitarum
1462 5426 1581 5462 cum
1608 5410 1803 5462 virtute
1827 5415 2063 5462 actarum

481 5499 745 5569 imagines
776 5517 789 5553 :
817 5500 984 5565 velut,
1014 5502 1229 5567 accede,
1266 5504 1310 5555 si
1336 5502 1484 5563 libet,
1516 5509 1637 5570 post
1664 5499 1972 5570 magistrum
1997 5498 2063 5552 ad

480 5590 779 5660 discipulos
805 5608 819 5645 :
848 5589 934 5645 hic
961 5593 1173 5663 quidem
1192 5609 1258 5648 ex
1277 5600 1591 5662 paupertate
1626 5589 1791 5656 fulsit,
1820 5591 1910 5645 ille
1937 5605 2066 5644 vero

482 5698 548 5738 ex
598 5682 803 5735 divitiis
850 5698 864 5735 :
909 5685 1137 5754 exempli
1181 5698 1366 5747 causa,
1416 5683 1563 5737 Elias
1613 5699 1676 5738 ex
1733 5692 2064 5752 paupertate,

484 5764 760 5830 Abraham
789 5788 853 5828 ex
883 5773 1084 5830 divitiis
1116 5792 1129 5830 :
1161 5785 1331 5829 utram
1373 5785 1526 5844 putas
1559 5773 1835 5838 leviorem,
1868 5771 2066 5841 tibique

1350 352 1420 410 IN
1459 352 1670 411 EPIST.
1709 354 1796 408 AD
1836 349 2121 407 PlllLlPP.

2165 347 2319 407 CAP.
2364 352 2451 409 Ill.
2494 354 2721 412 ΠΟΜΙΙ..
2766 357 2883 414 XII.
3643 374 3746 432 274

2172 464 2451 535 aptiorem,
2483 468 2620 525 hanc
2643 481 2785 527 tene.
2812 472 3016 529 Rursus
3040 474 3127 531 hic
3146 477 3365 548 quidem
3387 495 3449 536 ex
3475 486 3746 542 matrimo-

2168 556 2278 623 nio,
2309 558 2399 613 ille
2433 575 2560 615 vero
2590 577 2656 617 ex
2684 564 2990 634 virginitate
3023 586 3035 620 :
3071 567 3336 624 Abraham
3367 586 3432 626 et
3465 577 3745 630 matrimo-

2165 648 2274 715 nio,
2309 650 2451 706 Elias
2478 668 2540 708 ex
2573 654 2874 725 virginitate
2907 676 2920 712 :
2956 668 3126 713 utram
3158 660 3287 716 libet
3330 664 3466 718 viam
3514 666 3698 722 insiste
3728 685 3742 721 :

2165 748 2390 811 utraque
2435 745 2577 799 enim
2627 746 2691 801 ad
2740 748 2930 802 caelum
2962 749 3129 804 ducit.
3174 751 3241 807 Et
3266 752 3501 809 Joannes
3528 757 3742 826 quidem

2164 845 2258 899 per
2277 832 2558 902 jejunium,
2584 835 2685 891 Job
2709 852 2839 893 vero
2860 840 2976 894 sine
2995 840 3235 910 jejuniis.
3266 845 3465 901 Rursus
3494 848 3580 903 hic
3607 850 3741 921 ipse,

2163 938 2282 978 cum
2315 925 2555 981 mulieris
2591 936 2645 983 et
2693 928 2925 984 filiorum
2957 943 3010 986 et
3041 931 3270 991 filiarum
3317 947 3370 992 et
3396 940 3587 996 domus
3616 958 3741 998 cura

2162 1015 2260 1083 ipsi
2313 1018 2543 1086 gerenda
2593 1024 3079 1095 esset,,multisque
3128 1028 3425 1087 abundaret
3479 1034 3677 1089 divitiis
3727 1057 3740 1092 :

2161 1104 2397 1161 Joannes
2424 1124 2551 1163 vero
2579 1111 2705 1165 nihil
2735 1113 3044 1181 possidebat
3064 1128 3260 1186 praeter
3279 1122 3650 1179 vestimentum
3677 1142 3739 1180 ex

2162 1195 2282 1263 pilis
2311 1197 2634 1255 confectum.
2687 1200 2755 1255 Et
2800 1202 2926 1272 quid
2957 1203 3078 1261 dico
3105 1206 3322 1262 domum
3368 1219 3422 1264 et
3450 1211 3662 1268 divitias
3690 1225 3743 1269 et

2161 1292 2412 1357 pecunias
2443 1334 2458 1357 ,
2492 1294 2704 1363 quando
2733 1295 2814 1350 vel
2848 1297 2891 1351 is
2916 1298 3005 1368 qui
3034 1314 3254 1368 regnum
3297 1300 3537 1368 obtinet,
3567 1314 3739 1373 potest

2160 1384 2408 1439 virtutem
2436 1388 2736 1457 consequi?
2762 1387 2918 1444 Omni
2965 1391 3109 1445 enim
3144 1392 3347 1460 privata
3380 1392 3540 1447 domo
3584 1396 3740 1466 longe

2160 1478 2472 1546 occupatior
2498 1481 2799 1549 reperietur
2823 1481 2968 1551 regia
3018 1499 3034 1535 :
3086 1491 3369 1553 tamenque
3401 1484 3568 1540 David
3600 1488 3741 1542 fu!s.t

2160 1565 2211 1621 in
2248 1582 2452 1638 regno;
2504 1585 2677 1639 neque
2717 1571 2867 1625 illum
2909 1571 3154 1626 dissolvit
3196 1587 3446 1641 purpura,
3492 1585 3582 1629 aut
3628 1575 3743 1629 dia-

2158 1657 2310 1712 dema
2343 1678 2356 1713 :
2391 1661 2625 1730 itemque
2646 1662 2801 1725 alter,
2834 1662 2917 1717 cui
2951 1662 3143 1731 integri
3177 1664 3356 1733 populi
3384 1665 3738 1733 gubernacula

2157 1749 2440 1804 commissa
2470 1750 2702 1815 fuerant,
2739 1751 2947 1822 Moyses
2978 1793 2993 1817 ,
3023 1753 3239 1822 inquam
3272 1770 3287 1807 :
3318 1754 3458 1823 quod
3489 1769 3619 1809 sane
3641 1756 3741 1809 dif-

2159 1837 2350 1892 ﬁcilius
2377 1839 2538 1893 etiam
2561 1848 2676 1893 erat
2701 1859 2711 1892 :
2732 1839 2819 1895 hic
2846 1842 2987 1895 enim
3020 1840 3138 1911 plus
3169 1842 3397 1897 licentia:
3426 1853 3562 1909 erat,
3597 1844 3743 1900 ideo.

2159 1945 2264 1999 que
2294 1931 2410 1998 plus
2438 1929 2771 1985 difﬁcultatis
2799 1941 2852 1985 et
2891 1933 3281 1987 mo!estiarum.
3322 1933 3515 1988 Vidisti
3549 1936 3740 2002 proba.

2158 2025 2242 2071 tos
2291 2019 2341 2072 in
2386 2019 2607 2085 divitiis,
2648 2020 2825 2074 vidisti
2869 2029 2924 2076 et
2964 2020 3019 2076 in
3073 2031 3427 2094 paupertate;
3467 2025 3645 2079 vidisti
3686 2027 3737 2080 in

2159 2111 2515 2175 matrimonio,
2545 2113 2720 2167 vidisti
2745 2123 2799 2168 et
2821 2114 2873 2167 in
2902 2114 3223 2185 virginitate.
3249 2116 3448 2171 Contra
3470 2132 3597 2172 vero
3611 2132 3742 2173 con-

2157 2201 2354 2265 sidera,
2388 2213 2440 2257 et
2474 2203 2527 2256 in
2572 2207 2937 2272 matrimonio,
2993 2217 3047 2261 et
3100 2207 3153 2261 in
3201 2206 3529 2279 virginitate,
3579 2220 3630 2264 et
3685 2211 3738 2265 in

2157 2292 2354 2347 divitiis
2374 2334 2390 2359 ,
2423 2304 2476 2349 et
2505 2295 2558 2348 in
2589 2305 2900 2364 paupertate
2938 2313 3044 2351 non
3087 2296 3324 2353 defuisse
3362 2299 3451 2369 qui
3482 2301 3736 2369 perirent.

2156 2382 2287 2439 Nam
2311 2384 2364 2438 in
2392 2385 2733 2440 matrimonio
2755 2387 2971 2457 quidem
2994 2389 3146 2443 multi
3170 2389 3416 2446 homines
3443 2393 3733 2460 perierunt,

2156 2484 2216 2529 ut
2259 2476 2506 2543 Samson,
2538 2491 2641 2530 non
2690 2487 2865 2533 tamen
2894 2494 2957 2534 ex
2993 2480 3107 2549 ipso
3136 2482 3479 2537 matrimonio
3502 2525 3517 2550 ,
3549 2485 3642 2539 sed
3672 2501 3737 2539 ex

2156 2568 2334 2621 animo
2362 2569 2740 2638 voluntateque
2766 2586 2881 2626 sua.
2913 2573 2969 2627 ln
2994 2573 3297 2643 virginitate
3326 2576 3475 2644 item,
3498 2586 3555 2630 ut
3585 2578 3741 2647 quin-

2156 2673 2259 2729 que
2292 2659 2526 2729 virgines
2558 2678 2570 2713 :
2603 2661 2654 2715 in
2683 2662 2904 2727 divitiis,
2937 2662 3087 2719 dives
3117 2665 3207 2719 ille
3236 2666 3326 2735 qui
3356 2664 3617 2721 Lazarum
3644 2667 3741 2723 de-

2157 2751 2413 2819 Spiciebat
2448 2770 2460 2805 :
2498 2752 2549 2806 in
2581 2764 2913 2824 paupertate,
2944 2770 3085 2809 nunc
3106 2770 3319 2826 quoque
3344 2758 3583 2813 sexcenti
3610 2773 3738 2828 pau-

2157 2856 2314 2911 peres
2347 2852 2597 2913 pereunt:
2624 2843 2678 2897 lu
2707 2860 2873 2914 regno
2921 2855 2974 2899 et
3025 2846 3075 2899 iu
3129 2847 3305 2916 populi
3351 2848 3739 2917 gubernatione

2157 2935 2351 2988 multos
2378 2950 2594 3003 possum
2635 2936 2918 2990 ostendere
2946 2937 3031 3004 qui
3063 2938 3342 3006 perierint.
3378 2939 3465 2993 Vis
3486 2950 3740 2996 autemet

2157 3023 2208 3077 in
2228 3025 2442 3078 militari
2468 3026 2656 3080 ordine
2683 3026 2866 3081 videre
2892 3028 2980 3096 qui
3004 3028 3231 3082 salutem
3263 3030 3738 3102 sintconsequuti?

2156 3114 2365 3170 intuere
2392 3115 2701 3171 Cornelium
2752 3134 2764 3170 :
2801 3119 2879 3172 vis
2909 3128 2962 3172 et
2993 3119 3043 3173 in
3076 3119 3153 3175 rei
3200 3119 3478 3177 familiaris
3506 3123 3737 3177 admini-

2155 3210 2413 3263 stratione
2438 3209 2460 3261 ?
2505 3209 2714 3264 intuere
2742 3211 3046 3266 eunuchum
3076 3210 3444 3282 EthiOpissze.
3479 3215 3552 3268 Ita
3580 3215 3736 3268 undi-

2156 3314 2260 3368 que
2293 3301 2633 3370 perspieuum
2684 3302 2742 3354 lit
2765 3343 2779 3368 ,
2814 3302 2858 3355 si
2901 3312 2954 3357 ut
2983 3312 3196 3373 oportet
3244 3304 3446 3359 divitiis
3477 3313 3692 3360 utamur
3716 3345 3733 3372 ,

2158 3391 2287 3443 nihil
2342 3406 2462 3445 esse
2485 3433 2498 3454 ,
2533 3391 2674 3460 quod
2711 3406 2810 3444 nos
2855 3393 3040 3459 perdat
3074 3410 3086 3445 :
3117 3394 3200 3447 sin
3230 3394 3409 3447 minus
3433 3434 3447 3457 ,
3494 3394 3673 3447 omnia
3719 3412 3732 3448 :

2160 3481 2331 3549 perdit
2362 3497 2459 3533 nos
2488 3498 2704 3551 regnum
2729 3522 2745 3546 ,
2780 3482 2953 3550 perdit
2981 3493 3267 3552 paupertas
3290 3525 3305 3549 ,
3356 3483 3581 3553 perdunt
3606 3484 3739 3538 divi-

2158 3576 2264 3629 tiaa.
2297 3578 2515 3628 Attcnto
2540 3574 2753 3644 quidem
2786 3575 2987 3629 homini
3020 3575 3146 3628 nihil
3179 3572 3616 3647 nocerepott‘rit.
3644 3577 3737 3632 Dic

2157 3666 2297 3720 enim
2322 3664 2472 3731 mihi,
2494 3665 2771 3734 captivitas
2795 3680 2862 3719 an
2885 3665 3069 3720 laadit?
3093 3666 3306 3722 Minime
3332 3669 3534 3736 :eogita
3563 3669 3735 3737 ipsum

2156 3757 2353 3827 Joseph
2383 3773 2595 3812 servum
2623 3758 2836 3827 quidem
2863 3757 3056 3813 factum
3075 3801 3088 3823 ,
3121 3758 3215 3814 sed
3246 3759 3591 3813 nihilominus
3623 3758 3732 3813 vir-

2160 3849 2256 3904 tuti
2284 3848 2552 3903 addictum
2582 3865 2597 3903 :
2629 3848 2799 3918 cogita
2843 3849 2973 3904 mihi
3007 3849 3278 3904 Danielem
3315 3892 3330 3917 ,
3362 3859 3416 3905 et
3465 3860 3573 3905 tres
3618 3849 3738 3904 illas

2157 3956 2372 4010 pueros,
2409 3956 2529 3995 cum
2579 3940 2772 4010 captivi
2827 3950 3042 4003 essent,
3074 3943 3241 3996 multo
3288 3942 3456 4012 magis
3502 3943 3732 3997 fulsisse.

2157 4032 2363 4103 Ubique
2392 4034 2534 4088 enim
2573 4033 2742 4087 virtus
2795 4033 2932 4087 lucet
2961 4074 2976 4096 ,
3009 4049 3186 4102 neque
3223 4036 3512 4103 expugnari
3560 4049 3734 4101 neque

2158 4125 2400 4199 impediri
2455 4123 2559 4179 ulla
2601 4125 2809 4179 ratione
2862 4133 3055 4192 potest.
3084 4124 3220 4189 Quid
3273 4124 3394 4177 dico
3447 4134 3735 4192 pauperta-

2161 4225 2265 4271 tem
2306 4227 2360 4270 et
2405 4215 2759 4270 servitutem?
2791 4229 2888 4267 nec
2927 4214 3094 4268 fames
3122 4212 3360 4283 quidem,
3395 4228 3493 4268 nec
3534 4214 3734 4279 ulcera,

2161 4322 2259 4361 nec
2313 4307 2527 4360 morbus
2572 4301 2910 4374 quantumvis
2958 4317 3151 4356 nocere
3199 4310 3420 4371 possunt
3462 4318 3476 4358 :
3520 4303 3737 4356 morbus

2161 4395 2301 4450 enim
2329 4396 2583 4449 servitute
2611 4403 2693 4448 est
2731 4394 2962 4462 gravior.
2995 4390 3137 4445 Talis
3163 4400 3278 4445 erat
3323 4391 3574 4455 Lazarus,
3616 4392 3737 4447 talis

2160 4486 2259 4541 Juh
2283 4527 2297 4549 ,
2332 4487 2448 4539 talis
2488 4496 2603 4539 erat
2640 4494 2693 4539 et
2730 4483 3041 4537 Timotheus
3091 4481 3282 4536 crebro
3323 4496 3538 4550 pressus
3588 4483 3736 4535 iulir-

2163 4580 2363 4634 milate.
3250 4580 3253 4587 ’

2244 4669 2412 4723 Virtus
2439 4685 2470 4721 a
2496 4668 2635 4721 nulla
2662 4684 2715 4721 re
2734 4666 2964 4737 superari
2991 4664 3410 4736 potest.—-Vides
3431 4662 3562 4718 nihil
3592 4676 3734 4718 esse.

2163 4777 2190 4814 a
2224 4778 2327 4830 quo
2356 4759 2595 4828 superari
2623 4760 2789 4812 virtus
2812 4761 3008 4827 queat?
3061 4771 3165 4810 non
3208 4755 3439 4821 divitias,
3468 4768 3574 4809 non
3606 4767 3733 4820 path

2166 4860 2447 4922 pertatem,
2487 4866 2589 4905 non
2631 4849 2935 4918 imperium,
2987 4863 3093 4901 non
3146 4848 3476 4908 servitutem,
3510 4861 3615 4899 non
3647 4857 3740 4897 re-
3790 4890 3801 4923 ν,

2166 4962 2283 5000 rum
2325 4944 2867 5003 administrationem,
2921 4958 3025 4993 non
3068 4940 3336 5004 morbum,
3371 4954 3474 4991 non
3506 4936 3732 5006 ignomi-

2167 5040 2330 5101 niam,
2376 5052 2483 5092 non
2511 5035 2787 5099 exsilium;
2829 5032 2924 5087 sed
2948 5032 3063 5085 haec
3083 5031 3260 5084 omnia
3292 5029 3564 5090 deorsum,
3583 5038 3743 5095 atque

2169 5129 2316 5183 humi
2362 5128 2670 5197 relinquens
2700 5127 2871 5178 virtus
2896 5121 2961 5176 ad
2991 5121 3180 5174 ca-lum
3213 5116 3453 5188 pervenit
3487 5134 3499 5170 :
3537 5124 3740 5169 tantum

2167 5233 2424 5291 generosa
2449 5217 2519 5270 sit
2545 5216 2742 5281 anima,
2765 5225 2891 5267 tunc
2912 5212 3196 5281 prohibere
3226 5208 3356 5261 nihil
3386 5209 3584 5277 poterit
3608 5207 3735 5276 quin

2170 5312 2381 5366 virtutis
2423 5309 2492 5363 sit
2533 5323 2772 5376 compos.
2818 5303 2916 5358 Ubi
2964 5303 3106 5356 enim
3138 5300 3276 5354 valet
3303 5300 3368 5365 is,
3400 5313 3431 5353 a
3475 5315 3580 5368 quo
3606 5300 3747 5353 aetio

2174 5400 2460 5475 promenda
2496 5407 2616 5463 est,
2651 5395 2855 5450 nullum
2888 5400 3123 5446 externa:
3174 5406 3261 5444 res
3305 5389 3743 5460 impedimentum

2166 5496 2421 5550 affet-unt.
2458 5490 2588 5544 Nam
2613 5497 2666 5542 et
2694 5489 2745 5540 in
2775 5485 3010 5548 artibus,
3045 5483 3133 5535 ubi
3163 5483 3353 5537 artifex
3380 5482 3517 5537 bene
3544 5480 3746 5549 peritus

2176 5586 2353 5650 fuerit,
2401 5593 2454 5637 et
2502 5581 2754 5641 tolerans,
2814 5575 3223 5642 universamque
3268 5583 3434 5627 artem
3480 5571 3749 5631 tenuerit,

2175 5677 2382 5732 etiamsi
2430 5673 2647 5727 morbus
2692 5668 2962 5730 adveniat,
3000 5669 3168 5737 ipsam
3197 5668 3424 5730 retinet;
3457 5663 3668 5719 etiamsi
3700 5664 3749 5715 in

2185 5775 2549 5840 paupertatem
2582 5761 2800 5826 incidat,
2829 5760 2996 5830 ipsam
3020 5759 3210 5814 retinet
3247 5776 3257 5809 :
3288 5760 3400 5813 sive
3429 5757 3751 5810 instrumen-
