4030 6204
323 263 428 319 275

311 407 422 447 tum
454 395 504 447 iu
536 409 694 448 manu
724 392 934 456 habeat,
966 390 1077 444 sive
1103 402 1200 442 suo
1224 386 1470 456 fungatur
1495 399 1750 448 munere,
1781 381 1896 438 sive

313 502 418 540 non
469 483 738 554 fungatur,
786 479 916 535 nihil
959 480 1031 533 illi
1063 494 1127 532 ex
1168 487 1281 532 arte
1305 475 1603 534 detrahitur
1634 493 1648 531 :
1681 474 1734 529 in
1777 475 1894 546 ipso

315 579 460 632 enim
508 577 644 630 inest
689 573 930 629 scientia.
975 569 1049 624 lta
1094 577 1149 624 et
1192 569 1281 639 qui
1311 569 1504 624 virtute
1534 566 1786 638 praeditus
1811 575 1896 622 est

315 678 475 740 atque
505 683 567 724 ex
604 669 710 722 Deo
737 665 950 735 pendet.
974 664 1087 719 sive
1116 663 1260 716 illum
1289 662 1340 717 iu
1373 661 1586 720 divitias
1611 660 1892 731 conjicias,

314 761 551 816 ostendit
577 759 827 812 virtutem
861 771 1047 822 suam;
1076 755 1187 810 sive
1210 756 1260 808 in
1291 765 1677 824 paupertatem,
1702 753 1898 808 nihilo-

317 856 527 916 minus;
553 853 664 906 sive
703 856 753 905 in
781 850 1049 914 morbum,
1095 850 1210 904 sive
1240 849 1291 904 in
1343 849 1628 907 Sanitatem
1652 889 1667 909 .
1689 847 1801 902 sive
1845 847 1894 901 in

315 946 558 1014 gloriam,
589 943 701 997 sive
730 943 780 996 in
807 941 1105 1005 infamiam.

385 1037 420 1090 4
483 1038 676 1091 Annon
701 1051 793 1105 per
823 1035 918 1092 ista
946 1033 1125 1095 omnia
1153 1032 1478 1097 transierunt
1504 1031 1770 1101 apostoli?
1795 1029 1899 1084 Per

315 1129 552 1198 gloriam,
581 1127 772 1197 inquit,
806 1136 852 1184 et
890 1125 1277 1196 ignobilitatem,
1313 1140 1402 1194 per
1422 1123 1686 1195 infamiam
1723 1132 1771 1176 et
1811 1123 1900 1176 bo.

318 1237 436 1272 nam
466 1223 659 1290 famam
710 1217 784 1289 (2.
819 1216 937 1279 Cor.
961 1218 1015 1277 6,
1043 1217 1122 1286 8).
1171 1215 1281 1271 lloc
1326 1223 1408 1271 est
1446 1214 1700 1274 athletam
1743 1228 1895 1279 esse,

319 1327 513 1380 nempe
562 1310 630 1365 ad
684 1311 863 1370 omnia
907 1326 1028 1370 esse
1069 1307 1526 1368 accommodatum
1562 1324 1576 1362 ι
1609 1307 1730 1363 talis
1757 1307 1899 1363 enim

320 1411 402 1456 est
427 1403 634 1456 virtutis
661 1403 822 1457 etiam
855 1411 1062 1460 natura.
1086 1400 1236 1468 Quod
1265 1400 1310 1454 si
1338 1399 1505 1466 dicas,
1531 1398 1768 1458 Prmesse
1782 1397 1902 1453 aliis

324 1509 428 1547 non
457 1509 697 1562 possunt,
726 1493 961 1550 solitaria
994 1491 1122 1546 mihi
1148 1493 1251 1547 vita
1281 1489 1484 1560 agenda
1514 1497 1619 1553 est,
1652 1489 1900 1558 iniuriam

323 1583 492 1639 fet-isti
519 1584 698 1638 virtuti
727 1603 739 1639 :
769 1600 828 1638 ea
859 1583 1072 1652 quidem
1101 1581 1349 1638 omnibus
1379 1581 1454 1636 uti
1482 1589 1676 1649 potest,
1705 1587 1757 1634 et
1787 1579 1904 1636 ubi-

322 1690 428 1742 que
459 1674 723 1745 splendet,
752 1673 1044 1732 dummodo
1072 1671 1196 1726 insit
1219 1672 1270 1726 in
1289 1673 1488 1726 anima.
1511 1669 1701 1727 Fames
1719 1669 1903 1724 adest?

324 1767 477 1821 adest
505 1781 731 1820 annona:
759 1765 910 1834 COpia
929 1764 952 1816 ἲ
974 1763 1148 1818 Virtus
1174 1778 1328 1818 suum
1352 1778 1461 1832 pra:
1486 1777 1544 1816 se
1569 1761 1674 1816 fert
1701 1761 1862 1815 robur
1887 1778 1900 1816 :

324 1856 774 1926 quemadmodum
821 1855 1014 1913 Paulus
1054 1853 1246 1923 inquit,
1294 1852 1414 1906 Scio
1458 1860 1506 1904 et
1543 1849 1825 1916 abundare,
1856 1859 1906 1904 et

326 1948 587 2016 penuriam
615 1947 722 2015 pati
742 1945 998 2015 (Philipp.
1026 1945 1080 1998 4.
1104 1943 1217 2012 η).
1242 1941 1580 2012 Operandum
1608 1942 1768 1996 erat?
1798 1955 1906 1994 non

323 2042 694 2104 erubescebat.
732 2040 824 2096 sed
853 2040 989 2097 duos
1013 2053 1184 2097 atinas
1209 2051 1428 2106 operam
1459 2036 1559 2090 arti
1587 2051 1700 2090 sum
1733 2033 1904 2088 dedit.

327 2134 455 2189 Erat
491 2133 711 2191 ferenda
743 2132 948 2188 fames?
979 2148 1082 2186 non
1106 2130 1442 2195 concidebat,
1476 2143 1575 2183 nec
1596 2129 1901 2183 vacillabat.

325 2227 657 2281 Moriendum
699 2226 850 2282 erat?
896 2239 1002 2279 non
1050 2223 1334 2294 dejiciebat
1357 2222 1632 2277 animum:
1673 2221 1905 2289 undique

325 2334 644 2387 generosum
687 2318 837 2373 illum
877 2315 1138 2381 animum,
1181 2323 1340 2382 atque
1368 2322 1538 2368 artem
1567 2311 1901 2367 ostendebat.

330 2411 482 2466 lltmc
524 2411 682 2481 igitur
724 2409 1059 2471 aemulemur,
1108 2421 1208 2462 nec
1245 2405 1532 2475 quidquam
1561 2419 1736 2464 causa:
1759 2403 1863 2458 erit
1888 2441 1904 2468 ,

328 2519 426 2558 cur
455 2516 802 2558 maneamus.
835 2499 971 2566 Quid
994 2499 1138 2554 enim
1160 2539 1176 2561 ,
1203 2495 1289 2551 dic
1318 2495 1468 2558 mihi,
1503 2494 1590 2548 tali
1625 2495 1742 2548 viro
1772 2507 1909 2548 mm.-

332 2606 507 2646 rorem
547 2590 742 2645 afferre
787 2587 1026 2658 poterit?
1065 2587 1204 2642 Nihil
1253 2599 1384 2640 sane
1419 2602 1430 2637 :
1467 2584 1720 2653 quamdiu
1773 2585 1912 2641 hanc

331 2681 483 2737 nobis
526 2695 686 2738 nemo
732 2680 1012 2749 eripuerit,
1063 2677 1312 2732 omnibus
1357 2676 1664 2730 hominibus
1713 2675 1914 2730 erimus

333 2771 622 2834 beatiores,
657 2780 711 2826 et
743 2771 828 2824 hic
857 2779 914 2825 et
952 2759 1057 2822 'non
1089 2769 1195 2822 illic
1225 2777 1447 2822 tantum.
1480 2766 1574 2821 Sit
1606 2767 1747 2820 enim
1793 2766 1913 2835 quis

331 2863 546 2917 virtutis
577 2877 798 2932 compos
826 2877 842 2924 ;
885 2871 1013 2915 tunc
1059 2871 1113 2914 et
1151 2874 1370 2914 uxorem
1402 2858 1593 2913 haheat
1615 2866 1667 2911 et
1693 2857 1831 2913 lilios
1859 2865 1916 2912 et

333 2953 609 3022 pecunias,
643 2961 695 3006 ct
719 2951 1055 3006 circumfluat
1079 2950 1282 3021 gloria;
1312 2950 1362 3004 in
1395 2949 1474 3004 his
1496 2949 1741 3003 oinnibus
1766 2949 1917 3003 simi-

337 3043 459 3097 liter
506 3042 759 3097 virtutem
806 3041 1056 3099 retinebit
1106 3057 1120 3095 :
1172 3041 1322 3094 aul‘er
1368 3040 1511 3103 bare;
1569 3039 1916 3094 nihilominus

338 3136 588 3190 virtutem
624 3135 893 3190 ext-rcehit
915 3176 928 3198 ,
959 3151 1064 3192 non
1104 3132 1498 3187 calamitatibus
1536 3133 1781 3198 obrutus,
1809 3147 1914 3188 non

336 3242 403 3281 ex
449 3227 806 3297 prosperitate
857 3235 1200 3292 tumescens;
1252 3224 1345 3278 sed
1387 3223 1610 3296 perinde
1655 3239 1718 3280 ac
1762 3234 1913 3296 petra

332 3317 577 3387 quirdam
624 3319 909 3384 maritima,
942 3318 1056 3375 sive
1083 3326 1292 3388 turgeat
1318 3332 1487 3382 mare,
1535 3317 1649 3373 sive
1693 3319 1916 3376 malacia

334 3413 555 3467 exsistat
578 3453 592 3476 ,
638 3428 790 3483 teque
819 3423 1002 3467 manet
1047 3411 1356 3477 immobilis,
1389 3427 1564 3481 neque
1607 3427 1636 3466 a
1669 3411 1916 3466 ﬂuctibus

337 3501 527 3570 fracta,
562 3519 737 3571 neque
763 3519 793 3557 a
821 3504 1042 3558 malacia
1074 3503 1362 3573 quidquam
1393 3502 1572 3557 damni
1605 3517 1756 3570 passa
1795 3522 1806 3558 :
1847 3502 1918 3557 ita

337 3592 499 3646 etiam
529 3593 735 3647 solidus
776 3595 985 3648 animus
1026 3608 1177 3662 irque
1205 3595 1408 3648 stabilis
1439 3602 1642 3663 perSIat
1667 3595 1718 3648 in
1747 3593 1918 3648 ﬂucti-

339 3680 459 3745 bus,
487 3689 541 3733 et
571 3681 622 3733 in
653 3681 895 3735 malacia.
947 3681 1012 3736 Et
1043 3682 1492 3748 quemadmodum
1522 3683 1727 3752 pueruli
1765 3684 1920 3738 navi.

337 3770 426 3839 gio
465 3770 603 3823 vecti
642 3769 942 3834 turbantur,
987 3770 1313 3838 gubernator
1350 3781 1526 3826 autem
1557 3772 1708 3828 sedet
1738 3775 1919 3830 ridens

339 3869 396 3914 et
435 3860 718 3922 iunnotus,
769 3867 824 3912 et
847 3874 915 3913 ex
959 3860 1170 3915 illorum
1203 3861 1559 3930 trepidatione
1585 3864 1916 3934 voluptatein

341 3950 488 4019 capit
521 3967 534 4004 :
574 3949 644 4004 ita
680 3950 888 4006 animus
917 3951 1334 4021 philosophicas,
1361 3952 1490 4009 dum
1527 3956 1706 4011 ceteri
1732 3971 1921 4014 omnes

337 4040 643 4108 turbantur,
685 4052 778 4100 aut
800 4042 1033 4098 vicissim
1055 4043 1235 4100 rident
1265 4045 1641 4114 intempestive
1664 4047 1715 4102 in
1735 4063 1915 4104 rerum

338 4133 763 4202 mutationibus,
801 4134 916 4205 ipse
951 4136 1102 4205 quasi
1145 4137 1211 4191 ad
1240 4138 1448 4192 clavum
1483 4138 1772 4208 quemdam
1802 4141 1916 4210 pie-

1065 277 1120 331 S.
1149 273 1422 331 .IOANNIS
1457 268 1930 328 CHRYSOSTOMI
1969 270 2284 328 ARCIIIEP.
2312 269 2842 328 CONST.\NTlNOP.

3484 278 3589 339 270

2009 383 2132 438 tatis
2163 383 2356 439 sedens
2399 393 2596 453 perstat
2638 385 2912 440 iunnotus.
2936 386 3071 452 Quid
3103 389 3269 454 enim,
3303 390 3390 446 die
3418 393 3549 449 mihi
3571 437 3588 460 ,

2003 476 2239 530 animam
2295 477 2436 544 piam
2495 477 2811 545 perturbare
2857 479 3068 548 potest?
3123 495 3252 535 num
3302 484 3487 540 mors?
3535 497 3592 542 at

2007 565 2108 622 hoc
2152 566 2391 621 melioris
2440 567 2563 622 vine
2617 567 2850 625 initium.
2900 572 2979 625 An
3025 573 3348 640 paupertas?
3393 583 3449 628 at
3487 575 3591 631 hoc

2006 659 2174 730 ipsam
2202 659 2446 728 provehit
2477 660 2528 716 in
2559 661 2772 717 virtutis
2803 663 2906 715 via.
2956 664 3036 716 An
3065 663 3286 720 morbus
3306 665 3330 720 l
3352 665 3458 725 Sed
3493 683 3591 734 pro

2005 751 2172 808 nihilo
2199 750 2360 805 habet
2389 751 2525 808 hanc
2550 753 2732 808 vitam.
2777 753 2842 810 Et
2864 755 2990 824 quid
3018 756 3138 820 dico
3163 758 3410 814 morbum
3437 759 3457 812 l
3490 775 3590 830 pro

2006 843 2173 898 nihilo
2217 859 2372 912 mque
2417 843 2578 899 habet
2627 844 3013 904 delectationes
3084 855 3244 918 atque
3275 865 3586 909 temeritas:

2005 934 2313 1002 anticipavit
2337 935 2477 988 enim
2505 977 2518 998 ,
2547 950 2610 990 ac
2635 950 2694 991 se
2724 937 2836 1006 ipsa
2863 938 2975 1006 jam
3003 937 3214 997 afﬂixit.
3259 943 3337 996 An
3379 942 3589 1012 ignobi-

2002 1025 2166 1084 litas?
2205 1025 2300 1080 sed
2347 1026 2575 1085 mundus
2620 1029 2718 1096 ipsi
2753 1031 3042 1085 cruciﬁxus
3078 1040 3164 1087 est
3239 1034 3320 1088 An
3369 1035 3590 1091 amissio

2002 1116 2342 1174 liberorum?
2383 1116 2477 1174 sed
2508 1134 2611 1174 non
2637 1119 2864 1184 metuit;

2945 1119 3185 1174 futuram
3255 1120 3396 1178 enim
3478 1125 3586 1182 sibi

2008 1208 2271 1277 persuasit
2313 1210 2788 1265 resurrectionem.
2818 1209 2957 1277 Quid
2989 1219 3233 1267 evertere
3260 1213 3402 1268 illam
3431 1225 3586 1284 pote-

2009 1299 2116 1353 rit?
2157 1299 2384 1358 Prorsus
2435 1300 2588 1356 nihil.
2635 1301 2705 1355 At
2747 1301 2948 1356 divitiae
2976 1302 3274 1358 extollunt?
3321 1306 3540 1362 minime
3570 1323 3594 1360 τ.

2009 1391 2160 1446 novit
2186 1394 2325 1445 enim
2359 1392 2614 1460 pecunias
2642 1391 2773 1446 nihil
2802 1407 2946 1450 esse.
2981 1395 3051 1457 At
3095 1394 3303 1464 gloria?
3341 1395 3436 1450 sed
3475 1397 3587 1466 jam

2010 1484 2064 1538 in
2119 1483 2217 1536 hac
2243 1483 2516 1552 disciplina
2539 1483 2780 1544 eruditus
2819 1494 2920 1549 est,
2952 1500 3168 1544 omnem
3205 1487 3437 1544 hominis
3462 1490 3586 1559 glo-

2012 1574 2142 1628 riam
2175 1587 2293 1628 esse
2332 1575 2496 1630 veluti
2527 1573 2714 1634 florem
2747 1573 2874 1634 fmni
2922 1574 3084 1647 (Isai.
3115 1577 3208 1634 40.
3241 1578 3336 1648 6).
3365 1580 3433 1633 At
3460 1579 3594 1637 deli-

2012 1665 2150 1721 ciae?
2180 1664 2272 1722 sed
2303 1664 2506 1725 audivit
2541 1665 2764 1729 Paulum
2793 1665 3060 1722 dicentem
3081 1709 3096 1731 ,
3141 1667 3267 1734 Qua:
3306 1669 3360 1726 in
3401 1670 3594 1729 deliciis

2013 1764 2106 1817 est,
2134 1755 2302 1810 ttiveas
2331 1765 2531 1813 mortua
2559 1765 2630 1810 est
2656 1754 2707 1828 (l
2771 1755 2902 1812 Tim.
2921 1757 2976 1812 5.
2996 1756 3076 1829 6).
3103 1758 3246 1828 Ergo
3265 1773 3388 1814 cum
3416 1776 3595 1830 neque

2014 1855 2300 1914 tumescat,
2341 1862 2516 1916 neque
2555 1847 2910 1917 deprimatur,
2937 1850 3066 1921 quid
3098 1851 3227 1906 huic
3258 1853 3473 1913 sanitati
3497 1869 3597 1924 par

2016 1940 2244 1994 inveniri
2282 1941 2520 2009 poterit?
2552 1941 2745 1996 Verum
2773 1959 2878 1998 non
2921 1943 3055 2000 tales
3087 1953 3212 2002 sunt
3236 1953 3450 2002 caetera!
3470 1949 3592 2002 ani-

2017 2047 2138 2096 mai.
2171 2033 2264 2087 sed
2313 2032 2553 2086 eri-brius
2576 2048 2735 2102 quam
2762 2047 2909 2089 mare
2931 2043 2986 2088 et
3019 2034 3349 2093 chamzcleon
3381 2046 3594 2093 mutan-

2018 2134 2122 2178 tur.
2155 2124 2514 2192 Quamobrem
2547 2125 2698 2180 valde
2734 2126 2958 2184 ridicula
2983 2137 3067 2183 est
3092 2128 3301 2184 illarum
3321 2130 3594 2187 conditio:

2015 2232 2135 2272 cum
2171 2218 2351 2273 vidi-as
2399 2219 2646 2274 eumdem
2692 2235 2833 2276 nunc
2863 2222 3148 2286 ridentem,
3176 2239 3318 2280 nunc
3353 2224 3595 2292 ﬂentem,

2019 2325 2160 2364 nunc
2198 2310 2505 2375 sollicitum,
2562 2327 2702 2366 nunc
2747 2325 2940 2384 praeter
2981 2316 3194 2370 modum
3221 2318 3504 2373 remissum
3535 2335 3601 2374 ac

2020 2409 2339 2470 torpentem.
2397 2401 2686 2471 Propterea
2741 2403 2936 2458 Paulus
2987 2406 3194 2475 inquit,
3247 2407 3425 2462 Nolito
3477 2425 3599 2463 con-

2018 2493 2231 2561 formari
2280 2491 2398 2544 huic
2441 2493 2627 2546 stendo
2674 2492 2694 2564 (
2724 2491 2873 2547 Rom.
2908 2494 2995 2552 η.
3023 2495 3059 2550 2
3089 2495 3130 2567 ).
3182 2495 3237 2551 In
3283 2499 3417 2552 cielo
3452 2500 3596 2556 enim

2018 2584 2297 2654 degimus,
2344 2592 2399 2639 et
2441 2586 2593 2656 quasi
2645 2587 2789 2642 cives
2835 2603 3131 2652 versamur,
3165 2590 3252 2652 tibi
3300 2592 3442 2646 nulla
3479 2608 3596 2648 mu-

2022 2677 2168 2730 tatio.
2228 2676 2496 2731 Promissa
2546 2686 2671 2732 sunt
2717 2677 2872 2734 nobis
2917 2679 3133 2750 prmniia
3183 2680 3528 2737 immutabili:
3583 2700 3598 2714 -

2019 2769 2180 2822 talem
2221 2777 2276 2822 et
2319 2782 2415 2822 nos
2444 2768 2564 2822 vitae
2595 2769 2859 2824 rationem
2903 2769 3288 2832 exhibeamus;
3341 2771 3468 2828 inde
3489 2772 3602 2843 jam

2018 2860 2293 2929 capiamus
2349 2859 2508 2915 bona.
2543 2861 2747 2932 Ecquid
2797 2862 2956 2932 igitur
2999 2878 3098 2918 nos
3139 2864 3240 2934 ipsi
3273 2866 3326 2919 in
3356 2867 3601 2935 euripum

2024 2951 2363 3022 projicimus,
2414 2959 2470 3006 et
2515 2952 2569 3006 in
2620 2951 2828 3007 medios
2857 2952 3051 3009 fluetus
3086 2963 3140 3009 et
3171 2955 3224 3012 in
3257 2957 3522 3025 procellas
3549 2967 3606 3014 et

2021 3043 2305 3098 turbines?
2332 3043 2737 3110 Amplectamur
2769 3046 3210 3115 tranquillitatem
3243 3065 3257 3103 :
3289 3063 3351 3103 ea
3382 3062 3491 3105 non
3531 3063 3602 3105 es

2021 3135 2221 3190 divitiis
2267 3135 2487 3205 pendet,
2532 3151 2636 3191 non
2681 3153 2748 3192 ex
2798 3148 3140 3208 paupertate,
3169 3156 3273 3195 non
3303 3155 3368 3198 ex
3395 3142 3565 3214 gloria
3587 3185 3602 3210 ,

2023 3243 2128 3282 non
2161 3244 2224 3282 ex
2259 3227 2608 3299 ignobilitate,
2634 3244 2744 3286 non
2773 3245 2839 3287 ex
2868 3231 3077 3296 morbo,
3111 3247 3216 3288 non
3250 3248 3317 3290 es
3341 3235 3604 3302 sanitate,

2023 3335 2129 3375 non
2156 3334 2221 3376 ex
2251 3320 2580 3386 inﬁrmitate,
2609 3320 2703 3376 sed
2733 3336 2796 3378 ex
2825 3332 3010 3378 nostro
3031 3323 3291 3396 cujusque
3315 3329 3517 3382 animo.
3546 3327 3604 3383 Si

2024 3415 2112 3471 hic
2140 3415 2344 3472 solidus
2371 3414 2556 3483 fuerit,
2585 3431 2647 3470 ac
2671 3426 2818 3473 recte
2846 3417 2898 3472 in
2931 3418 3144 3473 virtutis
3171 3419 3444 3489 disciplina
3475 3436 3600 3476 cru.

2023 3506 2189 3573 ditus,
2238 3508 2416 3562 omnia
2455 3509 2532 3563 illi
2580 3507 2756 3564 facilia
2798 3519 2976 3565 erunt.
3023 3511 3196 3581 Atque
3223 3511 3342 3566 hinc
3367 3510 3478 3581 jam
3510 3526 3601 3567 re-

2024 3599 2202 3670 quiem
2232 3609 2438 3664 cernet,
2469 3611 2789 3671 portumque
2815 3602 3161 3673 tranquillum
3181 3645 3195 3667 ,
3224 3612 3280 3659 et
3321 3604 3447 3661 illuc
3482 3618 3607 3676 pro-

2026 3690 2194 3746 fectus
2225 3692 2628 3747 innumerabilia
2657 3692 2795 3748 bona
2821 3702 3178 3764 consequetur
3206 3713 3220 3749 :
3260 3711 3380 3766 quas
3401 3696 3604 3752 utinam

2027 3799 2127 3838 nos
2155 3799 2344 3839 omnes
2369 3799 2779 3855 consequamur,
2823 3785 2991 3856 gratia
3032 3794 3087 3841 et
3136 3787 3462 3857 benignitate
3504 3788 3608 3842 Do-

2027 3876 2154 3930 mini
2205 3878 2372 3932 nostri
2423 3877 2551 3932 Jesu
2601 3879 2835 3945 Christi,
2884 3893 3004 3934 cum
3034 3894 3143 3950 quo
3171 3878 3316 3935 Patri
3344 3881 3610 3950 simulque

2026 3978 2212 4024 sancto
2250 3969 2469 4041 Spiritui
2517 3970 2722 4041 gloria,
2772 3971 3084 4041 imperium,
3123 3973 3316 4040 honor,
3367 3989 3508 4030 nunc
3554 3982 3610 4028 et

2029 4073 2265 4130 semper,
2298 4071 2351 4114 et
2380 4062 2432 4115 in
2463 4061 2658 4116 saecula
2681 4061 3026 4118 saeculorum.
3061 4066 3251 4122 Amen.

1744 4357 2089 4418 HOMILIA
2134 4355 2307 4416 XIII.

335 4503 467 4560 Car.
500 4507 552 4561 5.
589 4523 639 4558 v.
675 4507 759 4562 18.
799 4506 951 4559 Multi
975 4507 1111 4560 enim
1137 4507 1419 4571 ambulant,
1461 4524 1587 4578 quos
1615 4523 1750 4577 saepe
1778 4508 1918 4560 dice-

407 4597 520 4651 bant
550 4598 708 4662 vobis,
739 4614 872 4650 nunc
899 4606 1064 4651 autem
1089 4607 1134 4650 et
1163 4598 1295 4666 ﬂens
1313 4598 1425 4651 diro
1447 4639 1461 4662 ,
1493 4599 1726 4652 inimicos
1751 4599 1917 4651 crucis

407 4689 615 4754 Christi,
666 4687 753 4743 l9.
783 4704 996 4757 quorum
1044 4688 1160 4753 linis
1207 4689 1469 4752 interitus;
1519 4706 1735 4758 quorum
1775 4688 1916 4744 Deus

407 4791 574 4834 venter
603 4789 696 4842 est,
727 4789 774 4832 et
800 4779 966 4849 gloria
987 4779 1037 4831 in
1059 4779 1358 4849 confusione
1387 4785 1640 4845 Ipsorum,
1688 4783 1776 4850 qui
1813 4792 1916 4835 ter-

405 4888 529 4926 rena
563 4871 790 4940 sapiunt.
817 4869 908 4924 20.
963 4868 1151 4922 Nostra
1193 4871 1325 4922 enim
1362 4873 1673 4924 conversatio
1701 4873 1751 4924 in
1779 4873 1917 4926 cwlis

407 4980 479 5018 est
513 4979 532 5015 .·
564 4961 701 5016 unde
725 4963 876 5015 etiam
909 4960 1226 5015 Sulvalorom
1267 4969 1612 5029 exspectamus
1643 4959 1920 5018 Dominum

404 5052 583 5109 Iesum
615 5053 886 5118 Christum,
909 5051 1000 5106 2|.
1031 5052 1122 5122 qui
1142 5051 1522 5121 lransﬁgurabil
1551 5068 1731 5121 corpus
1758 5054 1922 5108 lmini-

409 5145 568 5200 litatis
595 5156 800 5207 nostra,
825 5155 880 5198 ut
911 5147 1170 5216 conformo
1189 5144 1278 5210 ﬁat
1299 5145 1499 5214 corpori
1526 5145 1769 5198 claritatis
1785 5159 1912 5211 sua,

408 5235 681 5288 secundum
702 5237 1044 5300 operationem
1071 5235 1267 5289 virtutis
1291 5250 1417 5300 suc,
1441 5251 1540 5305 qua
1579 5235 1729 5288 etiam
1760 5237 1918 5304 possit

406 5325 652 5396 subjicere
673 5326 766 5378 sibi
794 5328 982 5380 omnia.

410 5421 462 5474 Ι.
504 5415 645 5472 Nihil
693 5432 845 5487 teque
891 5418 1290 5473 dissentaneum
1339 5428 1442 5481 est,
1497 5417 1839 5486 alienumque
1887 5431 1918 5470 a

335 5509 662 5574 Christiano,
689 5522 754 5563 ac
773 5522 1013 5577 requiem
1042 5517 1096 5563 et
1116 5509 1278 5562 otium
1302 5522 1545 5577 qumre
1573 5525 1584 5560 :
1613 5507 1742 5563 nihil
1766 5521 1920 5576 atque

339 5616 368 5653 a
403 5600 738 5670 professione
783 5608 962 5654 nostra
988 5608 1044 5654 et
1073 5599 1282 5662 militia,
1312 5599 1396 5653 cui
1426 5614 1620 5653 nomen
1647 5597 1914 5662 dedimus,

340 5689 590 5758 alienum,
605 5706 666 5744 ac
688 5690 934 5759 praesenti
955 5690 1078 5745 vita
1106 5688 1342 5745 defixum
1364 5704 1502 5746 esse.
1527 5690 1781 5745 Dominus
1799 5699 1923 5746 tuus

2029 4506 2082 4560 in
2105 4520 2321 4560 crucem
2351 4513 2502 4559 actus
2524 4512 2623 4567 est,
2653 4511 2707 4558 et
2735 4514 2788 4558 tu
2821 4505 3058 4574 requiem
3090 4507 3326 4575 quan-is?
3359 4507 3612 4561 Dominus

2031 4605 2149 4651 tuus
2174 4596 2340 4650 clavis
2365 4596 2608 4650 conlisus
2635 4603 2737 4659 est,
2757 4603 2811 4650 et
2841 4603 2896 4650 tu
2923 4596 3230 4653 deliciaris?
3259 4597 3494 4654 hzeceine
3513 4599 3611 4651 mi-

2030 4690 2134 4746 litis
2156 4687 2449 4758 generosi?
2479 4687 2766 4758 Prepterea
2797 4689 2957 4743 etiam
2980 4688 3175 4743 Paulus
3233 4690 3425 4759 inquit,
3458 4690 3610 4744 Multi

2029 4782 2450 4846 ambulant,quos
2466 4796 2602 4850 sirpe
2631 4780 2856 4837 dicebam
2883 4779 3037 4845 vobis,
3055 4797 3194 4838 nunc
3219 4791 3388 4834 autem
3415 4794 3460 4836 et
3485 4783 3610 4850 [lens

2028 4871 2165 4932 dico,
2197 4871 2424 4925 inimicos
2451 4871 2613 4925 crucis
2639 4869 2848 4924 Christi.
2872 4871 3136 4936 Quoniam
3165 4881 3319 4927 erant
3347 4874 3608 4939 ntutnulli,

2029 4963 2118 5031 qui
2146 4961 2612 5020 Christianismum
2629 4962 2845 5030 quidem
2869 4962 3213 5023 simulabant.
3233 4962 3329 5018 sed
3351 4964 3403 5018 in
3419 4963 3532 5018 otio
3550 4977 3611 5017 ac

2027 5054 2234 5109 deliciis
2253 5054 2519 5118 vivebant,
2540 5054 2590 5108 id
2616 5069 2742 5109 vero
2771 5053 3084 5110 adversatur
3111 5057 3290 5120 cruci;
3315 5057 3515 5112 idcirco
3542 5058 3610 5111 ita

2029 5146 2261 5202 dicebat.
2290 5147 2427 5200 Crux
2447 5148 2588 5200 enim
2615 5148 2823 5216 propria
2850 5148 3043 5202 animae
3073 5157 3156 5203 est
3183 5150 3233 5205 in
3257 5150 3374 5204 acie
3398 5151 3608 5211 stantis,

2027 5238 2164 5292 mori
2190 5238 2456 5306 cupientis
2475 5278 2490 5302 ,
2530 5237 2730 5292 nullam
2761 5237 2862 5293 sibi
2891 5237 3302 5294 oblectationem
3326 5238 3604 5308 postulan-

2031 5328 2100 5383 tis
2130 5346 2143 5382 :
2171 5329 2246 5384 illi
2275 5344 2402 5384 vero
2444 5329 2767 5386 contrariam
2819 5328 2941 5385 vitae
2987 5328 3250 5386 rationem
3296 5339 3608 5399 sequuntur.

2030 5419 2386 5485 Quamobrem
2437 5418 2643 5472 tametsi
2688 5417 2873 5472 dicunt
2901 5433 2959 5474 se
2984 5416 3180 5474 Christi
3216 5432 3357 5484 esse,
3408 5418 3608 5472 inimici

2033 5519 2208 5565 tamen
2239 5521 2363 5564 Sunt
2388 5509 2564 5564 crucis
2591 5527 2605 5562 :
2637 5510 2857 5579 alioqui,
2906 5511 2948 5566 si
2993 5525 3206 5573 crucem
3237 5517 3512 5573 amarent,
3561 5508 3610 5564 id

2029 5617 2246 5672 quoque
2292 5601 2608 5664 studerent,
2657 5610 2717 5654 ut
2762 5601 3073 5656 cruciﬂxam
3125 5599 3288 5654 vitam
3340 5599 3609 5654 ’viverent.

2026 5691 2217 5749 Nonne
2252 5691 2306 5747 in
2331 5705 2546 5746 crucem
2573 5703 2722 5746 actus
2755 5701 2838 5747 est
2871 5691 3126 5746 Dominus
3169 5690 3335 5746 unus?
3381 5689 3436 5745 Si
3468 5689 3611 5743 illius

4025 3015 4030 3360 Ι
