4030 6204
399 203 504 260 277

400 321 505 394 σθη
538 337 633 376 σου
664 322 691 374 6
735 320 1053 394 Δεσπότηςς
1105 323 1359 395 Μίμησαι
1404 327 1467 378 σὺ
1506 326 1679 390 ἄλλως
1711 327 1896 391 αὐτὸν,
1930 332 1978 381 ei

405 414 483 487 μὴ
510 415 601 468 τὸν
631 412 841 468 ἐκείνου
874 410 1098 467 δύνασαι
1128 415 1331 486 τρόπον
1353 430 1369 445 ⁸
1421 417 1736 489 σταύρωσον
1764 420 1975 485 ἑαυτὸν,

400 505 506 559 κᾶν
535 505 720 577 μηδείς
751 520 811 557 σε
841 503 1157 576 σταυρώσηο
1200 505 1515 578 σταύρωσον
1558 511 1784 564 σεαυτὸν
1813 510 1973 579 λέγω,

399 595 498 664 οὐχ
527 593 614 647 ἵνα
636 592 860 646 σεαυτὸν
894 592 1093 664 ἀνέλῃς
1126 596 1225 667 (μὴ
1252 596 1484 663 γένοιτο,
1521 599 1678 653 τοῦτο
1710 600 1818 671 γάρ
1845 602 1976 655 ἀσε-

402 685 538 750 ϐὲς),
566 684 677 738 ἀλλ’
705 683 779 747 ὡς
804 683 1015 748 Παῦλος
1049 683 1253 752 ἔλεγεν·
1281 687 1442 756 Ἐμοὶ
1478 691 1606 760 γὰρ,
1638 688 1789 763 [298]
1817 692 1971 763 φησί,

398 791 622 841 κόσμος
649 774 1033 845 ἐσταύρωται,
1065 777 1226 848 κάγὼ
1255 779 1335 845 τῷ
1366 780 1587 848 κόσμῳ.

468 879 527 930 Εἰ
558 877 730 946 φιλεῖς
755 879 846 930 τὸν
872 879 1151 951 Δεσπότην
1187 897 1304 946 σου,
1341 880 1432 935 τὸν
1465 881 1697 936 θάνατον
1734 883 1970 938 ἀπόθανε

396 968 483 1023 τὸν
517 969 761 1023 ἐκείνου·
818 971 955 1042 μάθε
992 972 1130 1043 πόση
1163 972 1255 1025 τοῦ
1290 973 1521 1044 σταυροῦ
1556 977 1589 1045 ἡ
1624 975 1794 1045 ἰσχὺς,
1832 975 1971 1028 πόσα

395 1060 743 1132 κατώρθωσε,
777 1063 916 1116 πόσα
953 1063 1225 1133 κατορθοῖ,
1260 1064 1375 1128 πῶς
1409 1069 1552 1118 ἐστιν
1585 1066 1855 1135 ἀσφάλεια
1876 1067 1970 1120 τοῦ

396 1150 534 1219 βίου.
565 1150 664 1204 Διά
685 1151 875 1205 τούτου
909 1153 1081 1206 πάντα
1105 1153 1373 1207 τελεῖται·
1410 1154 1692 1225 βάπτισμα
1739 1155 1828 1209 διά
1874 1155 1968 1210 τοῦ

396 1244 632 1313 σταυροῦ
689 1244 789 1314 (δεῖ
822 1246 932 1316 γάρ
983 1245 1269 1300 ἀναλαϐεῖν
1308 1247 1406 1317 τὴν
1443 1248 1755 1320 σφραγῖδα)’
1789 1267 1967 1321 χειρο-

394 1334 544 1387 τονία
574 1335 661 1387 διὰ
708 1334 802 1387 τοῦ
851 1337 1116 1407 σταυροῦ’
1154 1336 1256 1391 κᾶν
1285 1338 1341 1391 ὲν
1367 1338 1505 1401 ὁδοῖς
1541 1332 1711 1409 ὦμεν,
1757 1339 1859 1393 κᾶν
1910 1342 1967 1393 ὲν

394 1426 561 1496 οἰκία,
599 1425 704 1479 κᾶν
754 1428 887 1481 ὅπου
919 1426 985 1480 ἄν
1016 1444 1168 1493 ποτε,
1224 1427 1366 1498 μέγα
1400 1429 1602 1495 ἀγαθον
1634 1430 1662 1481 6
1714 1431 1964 1502 σταυρὸς,

396 1520 665 1589 σωτήριον
692 1519 876 1582 ὅπλον,
903 1519 1071 1582 ἀσπὶς
1101 1519 1330 1591 ἄμαχος,
1376 1520 1452 1590 τῷ
1478 1521 1706 1592 διαϐόλῳ
1737 1523 1965 1575 ἀντίπα-

393 1603 501 1668 λος.
533 1604 720 1676 Τούτῳ
755 1602 849 1660 οῦν
885 1606 1185 1679 ἑχθραίνων
1235 1607 1521 1677 βαστάζεις
1569 1609 1659 1662 τὸν
1711 1611 1962 1683 σταυρὸν,

394 1696 469 1765 μὴ
494 1695 683 1759 ἁπλῶς
712 1697 1166 1768 σφραγιζόμενος,
1200 1698 1337 1753 ἀλλά
1368 1701 1436 1754 τά
1471 1699 1566 1753 τοῦ
1598 1701 1831 1771 σταυροῦ
1860 1703 1965 1756 πά-

392 1802 555 1854 σχων.
589 1781 711 1839 Οἵδε
767 1790 995 1859 σταυρὸν
1018 1792 1047 1843 6
1073 1790 1308 1862 Χριστὸς
1333 1792 1402 1844 τὰ
1449 1792 1590 1863 πάθη
1638 1793 1836 1861 λέγειν,
1886 1793 1962 1859 ὡς

387 1875 516 1927 ὅταν
540 1876 673 1948 λέγῃ
693 1892 707 1906 ο
756 1877 892 1931 Ἐὰν
919 1880 999 1947 μή
1046 1897 1135 1945 τις
1184 1880 1297 1949 ἄρῃ
1330 1883 1435 1936 τὸν
1459 1883 1723 1950 σταυρὸν
1753 1884 1959 1949 αὐτοῦ,

388 1963 486 2016 καὶ
516 1964 906 2036 ἀκολουθήσῃ
938 1987 1039 2037 μοι
1061 1984 1075 1998 ⁸
1115 1971 1409 2038 τουτέστιν,
1433 1973 1529 2027 ὲάν
1553 1976 1627 2046 μή
1654 1971 1793 2049 τιςῇ
1823 1993 1960 2048 παρ-

386 2054 784 2125 εσκευασμένος
813 2057 948 2126 πρὸς
982 2057 1229 2115 θάνατον.
1258 2054 1419 2115 Οὗτοι
1464 2063 1520 2116 δὲ
1567 2065 1780 2132 ἀγενεῖς
1805 2066 1959 2130 ὄντες

386 2142 480 2195 καὶ
507 2143 757 2212 φιλόζωοι
792 2148 885 2199 καί,
928 2149 1312 2220 φιλοσώματοι,
1361 2153 1545 2225 ἐχθροὶ
1590 2154 1682 2209 τοῦ
1722 2157 1958 2229 σταυροῦ

383 2234 710 2305 τυγχάνουσι
737 2254 750 2267 ⁸
783 2238 877 2292 καὶ
904 2242 1032 2304 πᾶς,
1064 2241 1122 2305 ὃς
1148 2241 1213 2296 ἂν
1303 2244 1402 2315 τῆς
1426 2246 1637 2316 τρυφῆς
1663 2246 1814 2316 φίλος
1864 2249 1959 2302 καί

384 2326 483 2396 τῆς
513 2327 746 2382 ἐνταῦθα
778 2329 1096 2399 ἀσφαλείας,
1131 2334 1320 2406 ἐχθρός
1347 2334 1464 2389 ἐστι
1489 2336 1582 2390 τοῦ
1612 2340 1868 2410 σταυροῦ,
1901 2341 1958 2393 ὲν

383 2411 430 2484 ᾧ
462 2419 672 2484 Παῦλος
700 2424 969 2493 καυχᾶται
995 2425 1089 2477 καὶ
1127 2426 1536 2497 περιπλέκεται,
1575 2422 1620 2498 ᾦ
1667 2431 1956 2497 σπουδάζει

387 2512 833 2582 συνουσιωθῆναι,
890 2514 965 2578 ὡς
1014 2518 1143 2569 ὅταν
1177 2517 1344 2591 λέγει’
1393 2520 1539 2590 Ἐγὼ
1581 2521 1954 2593 ὲσταύρωμαι

381 2601 464 2668 τῷ
494 2605 719 2672 κόσμῳ.
757 2605 855 2659 καί
908 2609 942 2661 ό
994 2609 1221 2679 κόσμος
1256 2611 1404 2679 ἐμοί.
1432 2611 1544 2665 Νῦν
1574 2614 1630 2666 δέ
1664 2631 1817 2687 φησι,
1846 2616 1954 2670 Kal

381 2695 607 2747 κλαίων
641 2696 813 2766 λέγω.
842 2698 940 2751 Διά
971 2698 1057 2765 τίς
1093 2701 1214 2755 Ὅτι
1253 2703 1490 2757 ἐπέτεινε
1543 2705 1604 2758 τὸ
1647 2708 1832 2775 κακὸν,
1873 2710 1954 2764 ὅτι

381 2783 632 2856 δακρύων
664 2786 803 2851 ἄξιοι
834 2790 883 2841 οἱ
912 2788 1163 2845 τοιοῦτοι.
1207 2793 1416 2858 Ὄντως
1444 2795 1696 2867 δακρύων
1727 2797 1866 2864 ἄξιοι
1904 2802 1952 2854 οἰ

380 2876 712 2946 τρυφῶντες,
748 2880 811 2932 τδ
843 2878 943 2950 μὲν
989 2882 1352 2951 περιϐόλαιον,
1396 2887 1663 2953 τουτέστι,
1696 2889 1756 2942 τὸ
1796 2890 1953 2960 σῶμα

380 2962 740 3032 λιπαίνοντες,
767 2967 864 3037 τῆς
910 2968 967 3022 δὲ
1003 2970 1302 3042 μελλούσης
1356 2975 1584 3038 εὐθύνας
1627 2978 1825 3032 διδόναι
1859 2982 1951 3033 ού-

377 3054 504 3110 δένα
535 3057 845 3127 ποιούμενοι
894 3059 1070 3132 λόγον.
1115 3063 1246 3117 Ἰδοὺ
1287 3067 1516 3136 τρυφᾷς,
1550 3067 1657 3121 ἰδοὺ
1702 3069 1942 3139 μεθύεις,

381 3148 621 3219 σήμερον
672 3147 765 3201 καί
814 3146 1022 3221 αὔριον,
1059 3153 1152 3204 καί
1204 3152 1334 3206 δέκα
1362 3155 1455 3226 ἐτη
1509 3158 1602 3209 καὶ
1651 3158 1822 3212 εἰκοσι
1858 3162 1952 3213 καί

377 3238 669 3306 τριάκοντα
709 3239 800 3291 καὶ
831 3240 1169 3309 πεντήκοντα
1215 3242 1309 3295 καὶ
1342 3243 1558 3307 ἑκατὸν,
1593 3245 1725 3317 ὅπερ
1754 3248 1948 3303 ἀδύνα-

376 3344 503 3382 τονο
541 3329 681 3401 πλὴν
709 3330 844 3392 ἀλλ’,
897 3332 946 3384 εἰ
996 3330 1195 3401 βούλει,
1232 3332 1448 3406 θῶμεν*
1483 3334 1535 3389 τί
1572 3337 1633 3390 τὸ
1667 3338 1869 3409 πέρας;
1898 3340 1949 3394 τί

376 3419 441 3472 τὸ
477 3420 698 3490 κέρδος;
751 3422 938 3475 Ούδέν.
969 3423 1041 3476 Τὸ
1084 3420 1176 3478 οὖν
1220 3425 1458 3480 τοιοῦτον
1503 3427 1616 3497 βίον
1651 3427 1749 3501 ζῇν
1770 3431 1829 3483 ού
1857 3433 1949 3484 δα·

378 3508 561 3579 κρύων
583 3511 731 3576 ἀξιον
755 3512 850 3564 καὶ
887 3511 1099 3582 θρήνων
1123 3533 1138 3577 ;
1167 3518 1413 3586 Ἤγαγεν
1446 3521 1592 3589 ἡμᾶς
1621 3523 1701 3595 εἰς
1728 3521 1789 3574 τὸ
1824 3524 1950 3576 στά-

339 3599 490 3683 ⁸διον
523 3599 675 3652 τοῦτο
702 3602 729 3653 6
758 3600 909 3665 Θεὸς,
952 3603 1039 3655 ἴνα
1065 3607 1406 3680 στεφανώσῃ,
1435 3612 1529 3664 καὶ
1560 3612 1721 3681 ἡμεῖς
1745 3615 1947 3682 ἄπιμεν

383 3688 551 3756 μηδὲν
577 3690 942 3760 ἐργασάμενοι
969 3696 1230 3760 γενναῖον.
1250 3697 1440 3752 Κλαίει
1466 3700 1645 3754 τοίνυν
1679 3705 1707 3755 6
1739 3705 1948 3769 Παῦλος

379 3778 463 3844 ἐφ’
493 3772 573 3840 οἷς
599 3779 775 3850 ἕτεροι
834 3779 1030 3848 γελῶσι
1076 3785 1167 3836 καὶ
1213 3788 1592 3844 σπαταλῶσιΨ
1632 3792 1802 3858 οῦτως
1831 3797 1947 3850 ἐστὶ

380 3869 815 3953 συμπαθητικὸς,
864 3869 1007 3925 οῦτω
1047 3876 1324 3944 φροντίζει
1359 3879 1575 3935 πάντων
1621 3883 1943 3953 ἀνθρώπων.

379 3950 491 4011 ’.ον
528 3959 560 4012 ό
598 3958 755 4026 θεὸς,
789 3962 974 4032 φησὶν,
1022 3965 1061 4032 ἡ
1117 3968 1335 4022 κοιλία.
1365 3971 1464 4024 Διά
1494 3972 1652 4027 τοῦτό
1681 3950 1794 4030 ἐστι
1826 3976 1975 4043 θεὸς¹

376 4051 585 4115 αὐτοῖς·
622 4050 780 4105 τοῦτό
832 4054 971 4118 ἐστι,
1019 4056 1303 4127 Φάγωμεν
1350 4062 1444 4115 καί
1494 4065 1740 4134 πίωμεν.
1781 4068 1944 4141 Ὁρᾷς

374 4138 497 4193 ὅσον
533 4142 566 4209 ἡ
589 4141 766 4212 τρυφὴ
791 4142 992 4207 κακόνς
1052 4149 1162 4211 τοῖς
1196 4147 1293 4217 μὲν
1321 4149 1389 4202 τά
1411 4153 1694 4222 χρήματα,
1742 4159 1854 4220 τοῖς
1885 4138 1942 4211 δὲ

372 4234 408 4300 ὴ
442 4232 619 4286 κοιλία
655 4235 683 4287 6
726 4232 863 4298 θεός.
918 4237 1055 4307 Οὐχὶ
1102 4238 1482 4313 εἰδωλολάτραι
1525 4244 1618 4297 καὶ
1648 4237 1812 4310 οῦτοι,
1851 4249 1944 4301 καὶ

375 4327 595 4381 ἐκείνων
611 4329 824 4401 χείρους
847 4349 861 4395 ;
896 4333 1001 4386 Καὶ
1031 4335 1069 4402 ἡ
1092 4335 1260 4399 δόξα,
1296 4338 1477 4408 φησὶν,
1495 4339 1563 4392 ἐν
1582 4338 1657 4408 τῇ
1681 4343 1943 4412 αἰσχύνῃ

372 4419 588 4473 αὐτῶν.
620 4420 773 4483 Τινὲς
801 4420 900 4492 τὴν
928 4429 1225 4495 περιτομήν
1247 4444 1378 4496 φασι
1409 4428 1603 4499 δηλοῦν
1623 4431 1711 4485 διά
1728 4433 1941 4487 τούτου⁹

372 4509 483 4579 ἐγὼ
512 4510 567 4563 δὲ
600 4510 662 4562 ού
696 4511 853 4565 τοῦτό
910 4530 1073 4583 φημι,
1111 4516 1246 4571 ἀλλὰ
1278 4519 1434 4573 τοῦτό
1488 4523 1636 4576 ἐστιν
1657 4540 1671 4555 ο
1708 4524 1826 4593 Ἐφ’
1859 4521 1943 4589 οἷς

371 4601 479 4655 ἔδει
513 4601 971 4669 ἐγκαλύπτεσθαι,
1000 4607 1092 4660 ἐπὶ
1132 4609 1340 4674 τούτοις
1374 4612 1748 4682 σεμνύνονται.
1774 4617 1943 4670 Τοῦτό

370 4693 518 4746 ἔστιν
568 4694 597 4747 ὃ
646 4710 812 4764 φησιν
859 4695 1091 4767 ἀλλαχοῦ
1116 4714 1129 4726 ·
1175 4700 1315 4757 Τίνα
1347 4698 1463 4758 οὖν
1496 4709 1720 4775 μισθὸν
1747 4710 1942 4778 εἴχετε

368 4784 520 4846 τότε,
555 4784 648 4854 ἐφ’
676 4780 767 4852 οἶς
798 4784 915 4839 νῦν
951 4789 1428 4858 ἐπαισχύνεσθες
1474 4798 1655 4850 Δεινὸν
1693 4799 1794 4867 μὲν
1833 4801 1940 4871 γὰρ

368 4875 429 4929 16
458 4877 662 4948 αἰσχρά
708 4880 991 4950 πράττειν,
1031 4883 1089 4937 τὸ
1133 4885 1190 4938 δὲ
1220 4886 1524 4957 πράττοντα
1562 4890 1937 4959 αἰσχύνεσθαι,

368 4965 428 5033 ἐξ
459 4968 715 5036 ἡμισείας
748 4971 866 5025 ἐστί
886 4972 1058 5026 δεινόν
1078 4991 1091 5004 ·
1133 4976 1266 5029 ὅταν
1295 4978 1476 5047 μέντοι
1502 4996 1587 5042 τις
1619 4981 1715 5033 καὶ
1738 4981 1938 5049 ἐγκαλ-

367 5050 691 5124 λωπίζηται,
727 5058 998 5132 ὑπερϐολὴ
1047 5063 1424 5135 ἀναισθησίας.
1455 5062 1602 5140 τΔρα
1631 5072 1757 5141 περί
1791 5073 1937 5125 ὲκεί-

368 5160 474 5232 νων
504 5145 663 5213 μόνον
694 5148 865 5203 ταῦτα
901 5150 1137 5223 εἴρηται,
1183 5157 1233 5208 οἱ
1276 5156 1332 5210 δὲ
1370 5159 1636 5228 παρόντες
1675 5164 1809 5232 ἡμῖν
1855 5165 1938 5217 ὲν-

366 5230 539 5287 ταῦθα
568 5236 828 5308 ἐξέφυγον
854 5240 915 5295 τδ
941 5241 1224 5315 ἔγκλημας
1263 5249 1352 5302 καί
1393 5251 1566 5316 ούδείς
1592 5230 1737 5307 ἐστιν
1768 5254 1936 5308 ὑπεύ-

556 5327 761 5399 τούτῳς
793 5334 913 5388 οὐδὲ
941 5335 1074 5390 Θεὸν
1102 5337 1214 5409 ἔχει
1248 5340 1345 5412 τὴν
1368 5343 1604 5411 κοιλίαν;
1666 5346 1784 5400 οὐδὲ
1838 5349 1935 5420 τὴν

362 5412 520 5513 δόξαν
564 5417 623 5470 δν
669 5422 735 5491 τῇ
788 5423 1048 5495 αἰσχύνῃ;
1081 5426 1368 5498 Βούλομαι,
1412 5430 1561 5506 [Ξ99]
1592 5437 1685 5490 καί
1733 5412 1935 5513 σφόδρα

365 5507 624 5580 βούλομαι
653 5513 820 5582 μηδὲν
844 5516 1048 5571 τούτων
1076 5515 1216 5574 εἶναι
1250 5524 1385 5594 πρὸς
1414 5526 1584 5596 ἡμᾶς,
1622 5528 1755 5599 μηδὲ
1796 5507 1933 5583 εἰδέ-

363 5611 450 5650 ναι
477 5601 599 5653 τινὲ
625 5600 807 5672 ἔνοχον
833 5608 944 5669 τοῖς
967 5605 1277 5678 λεγομένοις
1299 5628 1310 5641 ·
1342 5612 1554 5668 δέδοικα
1582 5614 1638 5668 δὲ
1686 5617 1759 5687 μὴ
1799 5618 1935 5688 πρδς

1042 5808 1075 5831 /"

1120 205 1176 262 S.
1222 206 1508 263 JOANNIS
1549 207 2034 265 CIIRYSOSTOBII
2097 212 2420 273 ARCHIEP.
2465 219 3015 279 CONSTANTINOP.

3545 231 3652 286 ’ΠΒ

2084 330 2233 400 ἡμᾶς
2265 332 2485 402 μᾶλλον,
2512 336 2544 406 ἢ
2572 337 2696 402 τοὺς
2720 339 2837 391 τότε
2869 340 3115 409 λέγηται.
3146 338 3317 394 Ὅταν
3346 342 3451 414 γάρ
3476 346 3659 400 πάντα

2081 420 2171 473 τὸν
2197 420 2309 492 βίον
2342 424 2399 478 ἐν
2423 426 2607 489 πότοις
2651 428 2746 481 καὶ
2775 428 2985 500 κώμοις
3016 430 3285 504 ἀναλίσκῃ
3313 449 3417 496 τις,
3448 435 3544 489 καὶ
3571 438 3653 501 εἰς

2084 508 2182 578 μὲν
2211 510 2447 582 πένητας
2474 514 2632 581 ὀλίγα
2659 515 2782 568 τινὰ
2804 517 3037 589 δαπανᾷ,
3085 519 3147 571 τὸ
3175 519 3231 571 δὲ
3264 519 3427 573 πλέον
3470 522 3654 577 ἀναλί-

2080 614 2185 669 σκῃ
2216 602 2298 663 εἰς
2351 602 2450 673 τὴν
2501 605 2730 670 κοιλίαν,
2763 607 2861 660 οὐκ
2899 608 3122 673 εἰκότως
3175 611 3271 664 καὶ
3307 613 3438 683 περί⁵
3484 614 3649 669 αὐτοῦ

2076 688 2397 760 λεχθήσεται
2417 709 2431 759 ;

2148 780 2212 850 β’.
2229 781 2394 835 Οὐδὲν
2429 785 2919 859 ἐντρεπτικώτερον
2950 792 3050 860 τῆς
3077 788 3296 855 λέξεως,
3331 793 3486 848 οὐδὲν
3514 795 3648 867 πλη-

2075 872 2424 947 κτικώτερον,
2448 869 2561 930 *Ων
2584 880 2616 931 ό
2636 878 2788 944 θεὸς,
2814 880 2996 948 φησὶν,
3024 881 3063 948 ή
3084 882 3302 945 κοιλία,
3321 885 3419 939 καί
3439 887 3478 954 ἠ
3495 885 3647 951 δόξα

2073 963 2144 1016 ἐν
2181 962 2256 1033 τῇ
2284 968 2556 1035 ,αἰσχύνῃ
2596 969 2813 1023 αὐτῶν.
2846 968 3001 1032 Τίνες
3028 962 3177 1023 οὗτοί
3220 973 3390 1041 εἰσιν;
3425 978 3490 1029 Ol
3518 976 3648 1030 ἐπί-

2074 1071 2200 1123 γεια
2242 1057 2628 1126 φρονοῦντες,
2660 1061 2708 1112 οἰ
2744 1059 3020 1128 λέγοντεςσ
3062 1062 3514 1135 Οἰκοδομήσωμεν
3554 1069 3635 1121 οἰ-

2072 1146 2215 1209 κίας.
2250 1148 2394 1215 Ποῦ;
2448 1150 2535 1202 Ἐν
2559 1153 2623 1221 τῇ
2652 1153 2744 1222 γῇ,
2770 1153 2901 1223 φησί
2928 1172 2941 1185 ·
2975 1153 3305 1224 κτησώμεθα
3331 1156 3553 1225 ἀγροὺς,
3580 1158 3640 1210 ἐν

2068 1240 2137 1308 τῇ
2171 1241 2240 1309 γῇ
2272 1240 2434 1293 πάλιν
2458 1256 2471 1269 ·
2514 1242 2858 1313 ἐπιτύχωμεν
2906 1244 3104 1315 ἀρχῆς,
3134 1244 3297 1298 πάλιν
3322 1248 3379 1298 ὲν
3423 1250 3491 1317 τῇ
3532 1249 3634 1318 γῇ*

2070 1328 2321 1400 τύχωμεν
2353 1330 2532 1403 δόξης,
2591 1334 2754 1388 πάλιν
2803 1336 2862 1388 ὲν
2920 1338 2985 1407 τῇ
3044 1339 3149 1408 γῇο
3226 1337 3636 1407 πλουτήσωμεν,

2071 1424 2247 1476 πάντα
2275 1426 2332 1477 ὲν
2359 1428 2425 1496 τῇ
2460 1429 2551 1497 γῇ.
2607 1422 2767 1481 Οὗτοί
2799 1430 2938 1482 εἰσιν
2965 1421 3041 1482 ὧν
3064 1432 3093 1482 6
3116 1428 3237 1490 θεὸς
3266 1430 3298 1499 ἠ
3334 1428 3532 1482 κοιλία.
3574 1430 3635 1483 Οί

2068 1513 2174 1584 γὰρ
2205 1515 2370 1584 μηδὲν
2426 1519 2791 1589 πνευματικὸν
2841 1519 3184 1590 φρονοῦντες,
3232 1519 3349 1574 ἀλλ’
3404 1519 3637 1575 ἐνταῦθα

2068 1605 2246 1659 πάντα
2272 1608 2618 1677 κεκτημένοι,
2658 1609 2752 1662 καὶ
2798 1608 2970 1664 ταῦτα
3016 1610 3361 1681 φρονοῦντες,
3415 1612 3640 1675 εἰκότως

2066 1696 2164 1765 τὴν
2218 1696 2422 1750 κοιλίαν
2471 1698 2589 1750 θεὸν
2632 1698 2835 1768 ἔχουσι,
2889 1699 3161 1767 λέγοντες,
3218 1699 3503 1768 Φὰγωμεν
3539 1701 3639 1754 καί

2065 1784 2323 1852 πίωμενο
2374 1786 2586 1854 αὔριον
2611 1788 2720 1857 γὰρ
2751 1788 3238 1856 ἀποθνήσκομεν.
3272 1784 3405 1841 Εἶτα
3435 1788 3499 1841 σὺ
3541 1789 3639 1859 μὲν

2065 1875 2193 1945 περὶ
2219 1875 2313 1928 τοῦ
2365 1876 2616 1945 σώματος
2644 1878 2851 1946 ἀλγεῖς,
2904 1879 2986 1933 ὅτι
3042 1878 3228 1946 γήῖνόν
3270 1881 3408 1943 ἐστι,
3459 1878 3637 1932 καίτοι

2063 1964 2224 2017 τοῦτό
2250 1982 2308 2018 σε
2336 1965 2488 2019 οὐδὲν
2529 1967 2911 2038 παραϐλάπτει
2950 1969 3031 2031 εἰς
3070 1969 3271 2040 ἀρετῆς
3303 1968 3458 2037 λόγον
3479 1984 3493 2000 ο
3538 1968 3640 2039 τὴν

2062 2053 2120 2106 δὲ
2147 2053 2324 2124 ψυχὴν
2380 2057 2460 2118 εἰς
2514 2056 2617 2126 γῆν
2648 2057 2943 2110 κατασπῶν
2965 2060 3030 2128 τῇ
3062 2060 3264 2128 τρυφῇ,
3298 2058 3392 2110 καὶ
3432 2056 3636 2127 μηδένα

2061 2142 2218 2210 λόγον
2243 2143 2431 2198 τούτου
2458 2145 2646 2212 ποιῶν,
2668 2145 2849 2218 γελᾷς,
2872 2146 2994 2200 εἰπέ
3028 2163 3139 2217 μοι,
3167 2148 3261 2201 καὶ
3284 2147 3631 2218 διακέχυσαι;

2064 2235 2157 2287 καὶ
2188 2235 2347 2299 ποίας
2376 2234 2541 2307 τεύξῃ
2569 2236 2898 2307 συγγνώμης
2922 2237 3264 2307 διακείμενος
3289 2238 3631 2309 ἀναλγήτως,

2060 2325 2177 2380 δέον
2198 2325 2293 2379 καὶ
2324 2327 2385 2380 τὸ
2419 2327 2578 2398 σῶμα
2605 2327 2831 2397 ποιῆσαι
2857 2328 3262 2399 πνευματικόν;
3297 2327 3475 2393 ἔξεστι
3501 2328 3632 2401 γὰρ,

2060 2415 2124 2470 ἂν
2155 2417 2333 2488 θέλῃς.
2363 2414 2580 2471 Κοιλίαν
2614 2419 2823 2485 ἔλαϐες,
2871 2420 2961 2473 ἵνα
3005 2419 3233 2491 τρέφῃς,
3262 2420 3360 2489 οὐχ
3397 2419 3484 2473 ἵνα
3514 2419 3631 2473 δια-

2061 2511 2201 2580 σπᾷς
2221 2526 2234 2539 ο
2281 2510 2368 2564 ἵνα
2401 2512 2610 2583 κρατῇς
2665 2510 2855 2580 αὐτῆς,
2887 2511 2986 2580 ούχ
3027 2510 3114 2563 ἵνα
3146 2510 3431 2564 δέσποιναν
3459 2510 3590 2584 ἔχῃς
3611 2526 3631 2544 ⁶

2058 2598 2146 2652 ἵνα
2183 2616 2265 2653 σοι
2289 2600 2538 2671 ύπηρετῇ
2570 2600 2706 2671 πρὸς
2736 2602 2834 2670 τὴν
2860 2601 2971 2654 τῶν
3018 2598 3223 2653 λοιπῶν
3273 2601 3477 2672 μορίων
3516 2601 3634 2655 δια-

2059 2690 2285 2763 τροφὴν,
2314 2692 2413 2762 ούχ
2470 2692 2559 2746 ἵνα
2610 2693 2674 2746 σὺ
2705 2692 2842 2763 αὐτῇ
2874 2693 3178 2764 ύπηρετῇς,
3214 2693 3315 2763 οὐχ
3369 2693 3459 2747 ἵνα
3507 2693 3633 2757 τοὺς

2056 2783 2217 2855 ὅρους
2245 2784 2523 2857 ὲκϐαίνῃς.
2559 2785 2634 2836 Ού
2667 2783 3077 2838 τοσαῦτακακά
3115 2782 3412 2853 ἐργάζεται
3450 2784 3484 2852 ἡ
3536 2782 3634 2838 θά-

2055 2874 2230 2926 λασσα
2278 2873 2405 2936 τοὺς
2446 2873 2607 2944 ὅρους
2648 2871 3069 2942 ὑπερϐαίνουσα,
3120 2873 3219 2925 ὅσα
3248 2873 3282 2941 ή
3326 2871 3542 2941 γαστὴρ
3570 2869 3632 2924 τὸ

2057 2963 2219 3033 σῶμα
2236 2964 2299 3017 τὸ
2328 2963 2596 3036 ἡμέτερον
2638 2963 2777 3035 μετὰ
2815 2964 2912 3035 τῆς
2937 2963 3150 3035 ψυχῆςο
3184 2964 3368 3017 πᾶσαν
3404 2960 3631 3017 ἐπικλύ-

2056 3051 2138 3117 ζει
2168 3052 2269 3122 τὴν
2312 3053 2635 3123 οἰκουμένην
2660 3054 2865 3122 ἐκείνη,
2895 3053 2991 3106 καὶ
3018 3051 3159 3122 αὕτη
3186 3053 3332 3105 ἅπαν
3360 3050 3423 3104 τδ
3447 3050 3625 3120 σῶμα.

2054 3144 2155 3206 Θὲς
2183 3144 2318 3215 αὐτῇ
2353 3145 2477 3216 ὅρον
2510 3145 2606 3217 τὴν
2636 3145 2983 3215 αὐτάρκειαν,
3007 3143 3187 3208 καθὼς
3213 3142 3344 3206 Θεὸς
3373 3142 3525 3195 ἔθετο
3559 3144 3625 3212 τῇ

2056 3233 2297 3306 θαλάσσῃ
2350 3235 2447 3305 τὴν
2498 3236 2716 3307 ἄμμον·
2754 3238 2857 3290 κᾶν
2896 3237 3157 3307 κυμαίνῃ,
3210 3236 3312 3288 κᾶν
3349 3233 3626 3306 ἀγριαίνῃ,

2055 3327 2284 3396 ἑπιτίμα
2311 3328 2451 3398 αὐτῇ
2482 3331 2547 3411 τῇ
2576 3328 2804 3397 δυνάμει
2832 3330 2897 3398 τῇ
2929 3326 3063 3397 οὔσῃ
3088 3329 3146 3379 ὲν
3181 3326 3282 3380 σοί.
3322 3326 3462 3394 Ὅρα
3510 3324 3628 3385 πῶς

2053 3418 2197 3490 λόγῳ
2223 3437 2283 3472 σε
2323 3420 2585 3490 ἐτίμησεν
2610 3421 2638 3472 6
2666 3420 2818 3484 Θεὸς,
2857 3420 2945 3473 ἵνα
2978 3419 3139 3472 αὐτὸν
3176 3419 3311 3488 μιμῇ
3337 3433 3352 3447 ⁸
3382 3416 3446 3469 σὺ
3474 3414 3531 3467 δὲ
3560 3414 3627 3467 οὐ

2053 3508 2251 3574 θέλεις,
2279 3508 2391 3562 ἀλλ’
2420 3510 2562 3580 ὀρῶν
2605 3509 2776 3580 αὐτὴν
2813 3508 3276 3579 ύπερϐλύζουσαν,
3310 3503 3405 3558 καὶ
3437 3505 3626 3557 πᾶσαν

2053 3599 2470 3671 διαφθείρουσαν
2501 3600 2600 3671 τὴν
2632 3599 2815 3667 φύσιν,
2852 3598 2948 3652 καὶ
2976 3596 3360 3665 λιμνάζουσαν,
3392 3595 3452 3647 ού
3501 3593 3627 3647 τολ-

2055 3693 2160 3760 μᾷς
2201 3693 2497 3761 κατασχεῖν
2525 3690 2645 3744 οὐδὲ
2673 3690 3025 3760 σωφρονίσαι.
3055 3685 3170 3742 τΩν
3191 3691 3224 3741 ό
3252 3686 3406 3752 θεὸς,
3437 3687 3621 3757 φησὶν,

2051 3784 2090 3850 ἡ
2126 3783 2343 3837 κοιλία.
2368 3782 2598 3852 Ἰδωμεν
2636 3783 2753 3845 πῶς
2786 3781 2996 3844 Παῦλος
3028 3779 3309 3833 ἐδούλευσε
3341 3779 3420 3849 τῷ
3465 3779 3582 3848 Θεῷ
3605 3794 3621 3808 ·

2054 3875 2249 3946 ἴδωμεν
2305 3875 2421 3939 πῶς
2468 3877 2562 3928 καὶ
2607 3877 2655 3927 οἱ
2696 3874 3099 3944 γαστρίμαργοι
3146 3875 3212 3943 τῇ
3260 3870 3456 3942 κοιλίᾳ.
3491 3869 3627 3940 Ούχὶ

2054 3965 2284 4036 μυρίους
2317 3965 2679 4034 ὑπομένουσιν
2704 3960 2846 4019 οὗτοι
2882 3964 3141 4028 θανάτους
3166 3980 3180 4029 ;
3209 3965 3329 4034 οὐχ,
3367 3965 3511 4034 ἆπερ
3556 3961 3626 4016 ἆν

2050 4057 2383 4127 προστάττῃ,
2416 4056 2685 4110 δεδοίκασι
2714 4055 3058 4127 παρακοῦσαι
3085 4072 3098 4121 ;
3140 4056 3258 4126 οὐχὶ
3287 4055 3355 4109 τά
3389 4054 3624 4108 ἀδύνατα

2048 4148 2417 4201 διακονοῦνται
2454 4148 2628 4218 αὐτῇς
2661 4148 2793 4217 Οὐχὶ
2831 4147 3177 4218 ἀνδραπόδων
3200 4148 3414 4219 χείρους
3445 4144 3621 4205 εἰσίνς

2063 4238 2199 4292 Ἀλλ’
2231 4240 2329 4310 οὐχ
2356 4241 2383 4292 6
2406 4238 2615 4302 Παῦλος
2639 4240 2880 4303 τοιοῦτος
2903 4256 2917 4270 ⁸
2947 4238 3029 4293 διδ
3061 4238 3154 4293 καί
3188 4238 3393 4307 ἔλεγεν,
3434 4234 3624 4305 Ἡμῶν

2048 4328 2117 4382 δὲ
2146 4329 2210 4382 τὸ
2247 4331 2581 4399 πολίτευμα
2608 4331 2678 4384 ἐν
2705 4329 2939 4399 οὐρανῷ
2979 4329 3254 4400 ὑπάρχει.
3304 4330 3395 4399 Μὴ
3441 4329 3622 4380 τοίνυν

2050 4421 2186 4493 μηδὲ
2232 4423 2391 4492 ἡμεῖς
2422 4421 2657 4477 ἐνταῦθα
2683 4421 2934 4493 ζητῶμεν
2967 4422 3151 4477 ἄνεσιν
3174 4439 3188 4453 ο
3235 4423 3352 4475 ἐκεῖ
3381 4420 3621 4491 θελήσω-

2050 4531 2149 4585 μεν
2177 4513 2429 4583 γενέσθαι
2481 4514 2744 4586 λαμπροὶ,
2774 4514 2902 4568 ἔνθα
2942 4515 3038 4568 καί.
3072 4511 3484 4582 πολιτευόμεθα.
3525 4511 3620 4573 Ἐξ

2045 4600 2117 4661 οὗ
2174 4604 2273 4658 καί
2325 4603 2569 4673 Σωτῆρα
2592 4646 2607 4670 ,
2669 4606 2855 4675 φησὶν,
2907 4603 3357 4674 ἀπεκδεχόμεθα
3401 4604 3621 4670 Κύριον

2055 4696 2312 4765 Ἰησοῦν,
2346 4696 2414 4762 ὃς
2434 4699 2943 4766 μετασχηματίσει
2984 4695 3052 4750 τὸ
3082 4695 3251 4766 σῶμα
3282 4693 3394 4763 τῆς
3422 4709 3622 4746 ταπει-

2043 4789 2281 4855 νώσεως
2320 4787 2489 4858 ἡμῶν
2530 4791 2618 4854 εἰς
2647 4789 2713 4842 τὸ
2745 4788 3026 4860 γενέσθαι
3071 4787 3217 4842 αὐτὸ
3261 4788 3621 4857 σύμμορφον

2043 4879 2123 4946 τῷ
2145 4879 2376 4949 σώματι
2405 4880 2514 4949 τῆς
2560 4880 2747 4948 δόξης
2783 4879 2931 4952 [500]
2962 4878 3170 4933 αὐτοῦ.
3233 4876 3391 4931 Κατά
3424 4874 3622 4946 μικρὸν

2044 4973 2316 5040 ἀνήγαγεν
2355 4972 2533 5042 ἡμᾶς·
2597 4972 2692 5025 ἀπ’
2729 4970 2987 5042 ούρανοῦ,
3038 4970 3223 5040 φησιν,
3271 4970 3300 5022 6
3349 4967 3620 5037 ἡμέτερος

2042 5065 2192 5132 Σωτὴ
2202 5082 2232 5134 ρ
2255 5081 2268 5094 ·
2301 5065 2408 5117 ἀπὸ
2433 5063 2527 5118 τοῦ
2548 5065 2735 5129 τόπου,
2767 5064 2876 5117 ἀπὸ
2902 5063 2993 5117 τοῦ
3021 5061 3314 5133 προσώπου
3339 5061 3399 5114 τὸ
3422 5057 3620 5128 σεμνὸν

2039 5158 2252 5221 δεικνύς
2307 5160 2411 5225 ’ος
2432 5159 2947 5227 μετασχηματίσει
2980 5158 3048 5211 τὸ
3079 5155 3271 5225 σῶμα,
3304 5153 3459 5225 φησί,
3505 5150 3618 5217 τῆς

2040 5249 2452 5315 ταπεινώσεως
2476 5247 2661 5318 ἡμῶν.
2700 5248 2876 5302 Πολλά
2904 5249 3100 5319 πάσχει
3128 5246 3223 5300 νῦν
3252 5245 3313 5298 τὸ
3336 5244 3610 5314 ἡμέτερον

2043 5344 2223 5413 σῶμα,
2250 5343 2547 5413 δεσμεῖται,
2586 5342 2928 5413 μαστίζεται,
2982 5339 3150 5411 μυρία
3184 5338 3379 5406 πάσχει
3426 5333 3604 5388 δεινά·

2039 5437 2174 5490 ἀλλά
2208 5436 2396 5490 καὶτὸ
2450 5435 2543 5488 τοῦ
2600 5434 2838 5505 Χριστοῦ
2887 5432 3124 5487 τοσαῦτα
3188 5429 3379 5482 ἔπαθε.
3442 5425 3615 5479 Τοῦτο

2038 5525 2169 5596 γοῦν
2198 5528 2419 5598 ὴνίξατο
2454 5526 2646 5589 εἰπὼν,
2708 5528 2814 5593 Εἰς
2865 5524 2933 5578 τὸ
2969 5522 3244 5593 γενέσθαι
3277 5519 3426 5574 αὐτὸ
3455 5518 3616 5584 σύμ-

2032 5636 2267 5688 μορφον
2322 5616 2401 5684 τῷ
2451 5617 2675 5688 σώματι
2732 5615 2842 5684 τῆς
2892 5615 3077 5682 δόξης
3125 5609 3332 5667 αὐτοῦ.
3375 5609 3517 5677 ’Ἄρα
3552 5610 3614 5663 τὸ
