4030 6204
474 345 575 400 ΞΠ

478 458 696 517 modum
747 463 856 506 non
905 452 1092 515 potes,
1142 437 1352 495 imitare
1392 436 1497 491 alia
1536 434 1741 490 ratione
1768 431 2051 488 Dominum

481 560 630 606 tuum
662 562 676 598 :
706 543 820 611 ipse
846 548 897 593 te
925 530 1176 601 cruciﬁge
1195 570 1209 594 ,
1238 526 1449 583 etiamsi
1481 539 1641 580 nemo
1668 534 1720 578 te
1746 521 2052 611 crueifigat;

477 610 738 703 crucifige
755 640 825 690 te,
850 627 1088 694 inquam,
1110 634 1217 674 non
1247 625 1305 673 ut
1333 618 1447 686 ipse
1479 624 1531 670 te
1561 614 1858 703 interimas,

478 698 697 795 impium
744 716 885 772 enim
925 719 1043 775 est;
1094 708 1188 764 sed
1239 714 1396 777 prout
1422 704 1616 760 Paulus
1645 702 1872 766 dicebat,
1921 698 2055 754 Mihi

443 797 449 823 ’
476 821 646 881 enim,
680 815 880 883 inquit,
926 809 1150 865 mundus
1189 805 1461 874 cruciﬁxus
1506 812 1615 867 est,
1644 811 1691 855 et
1719 815 1811 870 ego
1836 795 2027 851 mundo

475 910 613 982 (Gal.
639 908 690 964 6.
724 905 832 978 tt).

542 1004 716 1059 Cruci:
762 1003 962 1072 signum
1008 999 1061 1052 in
1114 997 1363 1065 baptismo
1402 1003 1449 1048 et
1487 993 1542 1047 in
1570 1007 1815 1045 manuum
1843 986 2054 1058 imposi-

470 1096 622 1150 tione.
645 1123 716 1133 —
743 1092 800 1147 Si
828 1091 1113 1145 Dominum
1145 1096 1292 1142 tuum
1323 1099 1495 1149 amas,
1537 1092 1712 1139 morte
1751 1081 1893 1136 illius
1932 1092 2050 1133 mo-

467 1201 632 1241 rere:
664 1183 813 1238 disce
860 1189 1058 1252 quanta
1104 1180 1175 1235 sit
1221 1179 1398 1233 crucis
1442 1175 1700 1246 potentia,
1749 1180 1880 1245 quot
1910 1172 2050 1227 bona

468 1277 594 1334 fecit
615 1318 630 1342 ,
659 1284 792 1347 quot
818 1275 1014 1341 faciat,
1045 1287 1206 1343 quam
1232 1271 1288 1325 in
1318 1278 1435 1326 tuto
1458 1269 1622 1324 vitam
1643 1266 1892 1322 collocet.
1948 1263 2050 1319 Per

472 1367 610 1423 hanc
663 1366 842 1421 omnia
889 1363 1243 1435 perﬁciuntur
1291 1376 1311 1418 :
1364 1360 1630 1430 baptisma
1680 1372 1776 1427 per
1833 1368 2047 1411 erucem

473 1460 710 1529 (oportet
733 1455 875 1511 enim
903 1453 1147 1522 accipere
1166 1449 1559 1522 signaculum);
1596 1462 1650 1502 m
1669 1459 1852 1500 mnum
1884 1443 2051 1514 impo-

472 1549 596 1603 sitio
619 1561 715 1617 per
734 1559 949 1601 erucem
978 1560 992 1596 :
1022 1544 1368 1612 omninoque,
1396 1541 1514 1596 sive
1535 1538 1587 1593 in
1609 1538 1692 1593 via
1719 1537 1909 1601 simus,
1932 1535 2049 1589 sive

469 1639 635 1705 domi,
670 1640 783 1694 sive
805 1638 892 1692 ubi
920 1637 1020 1703 vis,
1048 1649 1299 1706 magnum
1328 1633 1527 1689 bonum
1554 1639 1636 1686 est
1660 1644 1813 1692 crux,
1844 1626 2045 1682 saluta-

468 1732 542 1786 ris
571 1736 839 1784 armatura
859 1767 875 1794 ,
906 1725 1126 1796 elypeus
1150 1721 1578 1793 inexpugnabilis
1606 1718 1899 1774 adversans
1926 1717 2045 1771 dia-

467 1819 610 1873 bolo.
658 1817 787 1872 Cum
823 1817 922 1870 hoc
963 1815 1122 1885 igitur
1160 1813 1205 1869 si
1248 1813 1445 1868 bellum
1485 1824 1663 1881 geras,
1702 1817 1826 1863 tunc
1866 1815 2047 1877 gestas

466 1923 703 1969 crucem,
751 1922 856 1960 non
904 1913 1111 1959 tantum
1152 1913 1373 1974 accepto
1414 1900 1717 1972 signaculo,
1761 1898 1855 1954 sed
1884 1898 2045 1952 etiam

466 2014 585 2069 quae
614 1998 787 2052 crucis
814 1996 1029 2067 propria
1055 2003 1180 2049 sunt
1205 1994 1426 2049 subiens
1453 2007 1516 2047 ac
1543 1993 1778 2062 patiens.
1809 1990 2046 2044 Consue-

466 2089 545 2144 vit
569 2091 712 2145 enim
740 2087 986 2142 Christus
1006 2085 1284 2156 passiones
1308 2084 1524 2138 nomine
1543 2082 1721 2138 crucis
1741 2080 2041 2151 appellare:

467 2189 528 2235 ut
553 2195 673 2235 eum
702 2179 894 2249 inquit,
929 2177 1045 2232 Nisi
1064 2177 1177 2247 quis
1208 2176 1350 2230 tollat
1371 2190 1569 2229 crucem
1599 2190 1766 2238 suam,
1798 2182 1842 2228 et
1862 2188 2045 2243 sequa-

466 2278 551 2325 tur
574 2286 652 2324 me
677 2268 886 2340 (Matth.
912 2269 980 2322 16
1014 2267 1107 2339 24)
1128 2284 1144 2332 ;
1168 2266 1221 2322 id
1249 2274 1351 2333 est,
1373 2266 1475 2320 nisi
1503 2266 1621 2334 quis
1644 2272 1789 2320 recte
1815 2278 1873 2319 se
1899 2278 2046 2319 eom-

466 2360 735 2433 paraverit
782 2360 849 2415 ad
899 2369 1149 2414 mortem.
1194 2358 1286 2413 Isti
1333 2372 1463 2413 vero
1502 2356 1818 2427 degeneres,
1848 2356 1970 2411 vitae
1992 2364 2046 2412 et

464 2452 708 2522 corporis
755 2459 1016 2515 amantes,
1058 2447 1298 2519 profecto
1338 2446 1514 2503 crucis
1556 2455 1682 2502 sunt
1711 2446 1908 2501 inimici
1947 2456 2045 2501 :et

465 2543 708 2614 quisquis
734 2542 1046 2597 deliciarum
1076 2539 1465 2610 mundanzeque
1487 2538 1889 2609 tranquillitatis
1905 2551 2045 2592 ama-

464 2641 548 2689 tor
573 2641 675 2699 est,
704 2631 954 2687 inimicus
982 2639 1065 2686 est
1091 2630 1289 2697 crucis,
1319 2629 1373 2684 in
1402 2644 1504 2699 qua
1542 2627 1739 2685 Paulus
1757 2629 2039 2699 gloriatur,

461 2741 617 2796 quam
646 2724 1040 2795 complectitur,
1066 2723 1152 2778 cui
1183 2723 1370 2777 nititur
1398 2721 1584 2786 inseri,
1608 2721 1752 2791 quod
1792 2721 1881 2775 illa
1911 2734 2039 2776 ver-

461 2819 525 2875 ba
575 2819 842 2885 indicant,
895 2817 1006 2888 Ego
1044 2817 1320 2884 cruciﬁxus
1358 2831 1468 2870 sum
1496 2814 1684 2869 mundo
1706 2854 1722 2881 ,
1750 2825 1796 2869 et
1821 2814 2042 2869 mundus

464 2912 607 2965 mihi.
633 2911 784 2965 Nunc
812 2925 940 2965 vero
969 2909 1079 2975 ait,
1124 2908 1279 2961 Nunc
1305 2915 1473 2960 autem
1497 2917 1544 2960 et
1568 2907 1695 2976 ﬂens
1727 2907 1861 2961 dico.
1891 2906 2043 2962 Cur?

467 3002 727 3070 Quoniam
759 3001 954 3055 malum
979 3001 1167 3063 crevit,
1215 2999 1468 3068 quoniam
1498 2998 1631 3052 tales
1657 2998 1744 3067 qui
1774 3007 1932 3065 sunt,
1986 2998 2041 3053 hi

469 3092 719 3162 lacrymis
748 3092 889 3161 digni
920 3099 1063 3145 sunt.
1114 3089 1254 3145 Vere
1297 3089 1548 3160 lacrymis
1593 3088 1741 3159 digni
1789 3099 1914 3145 sunt
1950 3091 2042 3161 qui

465 3183 517 3237 in
557 3182 762 3237 deliciis
804 3181 1021 3251 degunt,
1065 3189 1120 3235 et
1170 3179 1541 3234 indumentum
1595 3180 1830 3248 quidem,
1878 3180 1931 3235 id
1960 3188 2044 3235 est

463 3288 657 3343 corpus
680 3314 694 3339 ,
729 3272 1144 3342 pinguefaciunt,
1179 3272 1339 3325 futuri
1364 3285 1494 3327 vero
1518 3271 1658 3339 quod
1683 3271 1827 3340 ipsos
1854 3280 2039 3326 manet

462 3365 706 3433 supplicii
735 3364 932 3419 nullam
959 3364 1224 3418 rationem
1248 3361 1466 3418 habent.
1496 3361 1622 3417 Esto
1643 3362 1869 3418 delicate
1885 3362 2039 3429 vivis,

463 3465 580 3510 esto
618 3455 745 3508 vino
773 3454 991 3515 mades;
1028 3451 1208 3517 hodie,
1241 3466 1392 3520 cras,
1422 3451 1611 3507 decem
1650 3465 1838 3516 annos,
1872 3460 1927 3505 et
1960 3452 2042 3506 vi-

465 3546 595 3615 ginti
619 3553 673 3600 et
701 3545 914 3615 triginta
940 3553 994 3599 et
1023 3543 1403 3614 quinquaginta
1429 3552 1483 3598 et
1509 3552 1745 3608 centum,
1774 3541 1914 3612 quod
1934 3542 2045 3612 qui-

470 3634 591 3688 dem
634 3636 751 3688 ﬁeri
792 3635 1011 3704 nequit;
1044 3650 1261 3697 verum,
1307 3634 1351 3689 si
1397 3635 1513 3697 vis,
1557 3633 1749 3689 demus
1777 3635 1847 3688 ita
1873 3648 1993 3689 esse
2026 3652 2039 3688 :

472 3724 592 3792 quis
636 3723 938 3778 terminus?
977 3740 1094 3794 quae
1140 3725 1381 3779 utilitas?
1428 3724 1605 3779 Nulla.
1662 3724 1844 3781 Talem
1885 3725 2045 3795 igitur

472 3814 636 3867 vitam
693 3814 893 3879 vivere,
944 3830 1122 3870 nonne
1166 3816 1412 3887 lacrymis
1455 3824 1509 3870 et
1547 3816 1795 3872 lamentis
1823 3816 2043 3888 dignum

471 3904 592 3959 est?
621 3904 856 3959 Adduxit
879 3921 975 3961 nos
1008 3906 1147 3961 Deus
1175 3908 1226 3961 in
1256 3906 1360 3964 hoc
1389 3908 1625 3963 stadium
1647 3950 1662 3974 ,
1694 3917 1751 3962 ut
1782 3918 2039 3975 coronet,

466 4007 521 4050 et
561 4011 659 4051 nos
695 3996 904 4053 abimus
936 3998 1083 4054 nullo
1111 4000 1370 4069 praeclaro
1407 4000 1553 4054 edito
1605 4000 1883 4057 facinore?
1927 4003 2045 4058 Flet

466 4089 628 4159 igitur
647 4090 863 4156 Paulus,
891 4091 1084 4160 quibus
1110 4091 1179 4147 de
1202 4093 1364 4147 rebus
1390 4093 1481 4147 alii
1506 4093 1682 4149 rident
1711 4109 1873 4165 seque
1898 4096 2046 4150 oblc-

466 4191 615 4236 etant
646 4201 661 4236 :
692 4190 841 4237 tanto
871 4182 1167 4238 alienarum
1198 4183 1558 4238 calamitatum
1587 4200 1752 4240 sensu
1778 4187 2038 4256 tangitur;

386 4264 390 4267 ’
464 4273 599 4327 adeo
648 4256 837 4328 omnes
879 4274 1123 4329 homines
1164 4282 1335 4329 curat.
1393 4274 1639 4341 Quorum,
1685 4272 1876 4346 inquit,
1923 4279 2046 4331 deus

464 4372 632 4416 venter
677 4372 770 4417 est.
804 4363 1031 4434 Propter
1062 4365 1163 4419 hoc
1187 4373 1270 4419 est
1295 4364 1427 4419 deus
1454 4365 1583 4435 ipsis
1616 4384 1628 4419 :
1660 4366 1759 4420 hoc
1788 4366 1914 4421 illud
1940 4376 2042 4435 est,

467 4450 800 4506 Contedamus
827 4463 873 4507 et
902 4453 1131 4509 bibamus
1162 4453 1237 4525 ('I.
1271 4453 1391 4509 Cor.
1426 4456 1515 4510 15.
1541 4456 1655 4522 5‘2).
1687 4456 1846 4512 Vides
1881 4474 2048 4527 quan-

471 4550 581 4594 tum
611 4543 806 4597 malum
831 4544 937 4599 sint
966 4545 1175 4601 delicia
1198 4546 1221 4598 ?
1244 4546 1375 4602 Aliis
1404 4547 1619 4616 quidem
1651 4549 1893 4617 pecunia,
1930 4551 2048 4605 aliis

469 4647 600 4687 vero
622 4642 807 4690 venter
857 4635 990 4690 deus
1030 4644 1129 4691 est.
1172 4637 1361 4692 Nonne
1390 4637 1441 4692 hi
1475 4639 1632 4692 etiam
1675 4648 1797 4692 sunt
1828 4639 2051 4695 idolola-

470 4732 585 4789 trae,
632 4733 686 4779 et
724 4725 826 4779 illis
848 4727 1009 4781 etiam
1045 4727 1343 4782 deteriores
1371 4743 1435 4782 ac
1466 4729 1797 4797 nequiores?
1844 4729 1906 4782 Et
1935 4731 2047 4800 glo-

465 4814 567 4879 ria,
597 4814 787 4885 inquit,
828 4817 880 4869 in
905 4819 1200 4887 confusione
1235 4819 1484 4888 ipsorum.
1514 4818 1738 4885 Quidam
1768 4819 2048 4875 circumci-

470 4905 674 4959 sionem
716 4906 799 4960 his
843 4907 1021 4962 verbis
1045 4909 1336 4978 signiﬁcari
1365 4910 1550 4963 volunt
1583 4927 1594 4962 :
1628 4925 1729 4980 ego
1760 4920 1937 4967 autem
1972 4913 2046 4966 ita

472 4996 814 5065 interpretor,
844 5014 906 5053 ac
934 4998 979 5054 si
1018 5000 1217 5054 dictum
1253 5011 1395 5056 esset
1422 5039 1435 5062 ,
1467 5002 1525 5055 In
1551 5003 1742 5071 quibus
1771 5004 2052 5069 oportebat

470 5101 564 5140 eos
595 5088 792 5155 pudore
821 5089 1051 5144 suﬂ'undi
1081 5107 1244 5160 seque
1274 5092 1561 5158 occultare,
1605 5093 1658 5146 in
1699 5093 1781 5146 his
1823 5109 1879 5147 se
1916 5093 2049 5148 elle-

471 5186 612 5231 runl.
646 5178 755 5232 Hoc
785 5179 911 5234 illud
941 5190 1040 5246 est,
1071 5181 1214 5251 quod
1241 5182 1364 5235 alibi
1397 5183 1583 5250 iuqttit,
1618 5183 1776 5249 Quem
1804 5200 1920 5253 ergo
1943 5189 2051 5254 fru-

467 5279 603 5320 ctum
627 5267 872 5323 habuistis
898 5279 1015 5323 tunc
1041 5271 1091 5323 in
1119 5271 1241 5333 illis,
1287 5272 1339 5323 in
1361 5272 1539 5342 quibus
1585 5289 1716 5325 nunc
1760 5273 2050 5328 erubescitis

470 5357 649 5429 (llom.
673 5359 725 5413 6.
752 5359 887 5429 21)?
935 5360 1109 5415 Grave
1131 5362 1274 5415 enim
1299 5364 1493 5415 malum
1527 5371 1608 5417 est
1638 5364 1810 5432 turpia
1836 5364 2045 5428 facere;

467 5449 559 5503 sed
591 5450 633 5503 si
663 5462 734 5516 te,
763 5468 884 5506 cum
909 5452 1093 5516 facias,
1124 5454 1339 5522 pudeat,
1371 5455 1522 5523 quasi
1550 5454 1829 5509 dimidium
1855 5457 2050 5509 malum

470 5551 550 5594 est
582 5558 595 5595 :
630 5543 710 5595 sin
738 5543 898 5597 etiam
928 5544 1051 5599 inde
1083 5554 1133 5599 te
1153 5544 1369 5611 cﬂ‘eras,
1392 5546 1755 5615 summusjam
1780 5556 1862 5601 est
1889 5549 2052 5602 animi

468 5642 676 5694 stupor.
703 5634 845 5703 Ergo
876 5635 943 5691 de
969 5637 1072 5690 illis
1102 5647 1302 5691 tantum
1339 5638 1451 5693 haec
1480 5639 1618 5692 dicta
1648 5649 1790 5707 sunt,
1820 5650 1872 5696 et
1898 5656 2053 5694 nemo

469 5736 656 5779 eorum
687 5728 775 5797 qui
809 5724 892 5777 hic
920 5727 1154 5791 adsunt,
1198 5728 1552 5796 objurgationi
1593 5731 1764 5786 locum
1793 5732 2049 5800 reliquit?

802 5829 1070 5889 I’A'rnOL.
1120 5829 1237 5889 Gn.
1286 5828 1474 5890 LXII.

1326 322 1391 378 IN
1431 320 1648 377 EPIST.
1690 319 1785 375 AD
1824 315 2109 375 PHILIPP.
2149 315 2300 372 CAP.
2342 316 2430 373 ιιι.
2473 316 2700 375 HOMIL.
2744 314 2882 371 XIII.
3636 318 3740 375 278

2164 443 2323 484 nemo
2373 431 2446 485 illi
2471 432 2684 486 crimini
2728 439 2812 487 est
2845 430 3052 485 affinis?
3106 443 3279 499 neque
3306 429 3466 486 deum
3497 440 3745 489 ventrem

2164 515 2356 572 habet?
2398 535 2571 589 neque
2598 521 2824 590 gloriam
2865 520 2920 574 in
2948 518 3300 575 confusione?
3338 520 3531 590 Cupio,
3562 530 3619 577 et
3648 503 3774 576 ve-l

2160 605 2440 664 hementer
2484 611 2641 680 cupio
2689 611 2822 666 nihil
2863 610 3123 681 ejusmodi
3162 611 3229 666 ad
3274 626 3373 668 nos
3419 611 3741 681 pertinere:
3798 618 3823 669 *τ

2159 698 2352 754 vellem
2399 702 2666 757 neminem
2704 718 2883 767 nosse,
2929 704 3014 757 cui
3044 719 3103 758 ea
3132 718 3249 773 quae
3287 704 3423 758 dicta
3456 715 3602 767 sunt.
3631 705 3742 758 cri-
3802 694 3821 750 ἔ

2160 789 2287 842 mini
2325 789 2436 844 dari
2483 800 2738 860 possent;
2786 792 2881 848 sed
2930 793 3085 849 valde
3127 802 3347 861 metuo,
3413 809 3483 850 ne
3534 795 3588 849 in
3639 808 3740 849 nos

2161 879 2353 948 magis,
2382 896 2543 949 quam
2576 883 2627 936 in
2660 881 2777 937 illos
2799 884 3139 939 conveniant.
3173 884 3385 940 Etenim
3411 885 3456 940 si
3477 885 3596 955 quis
3617 899 3739 941 om-

2158 974 2282 1025 nem
2321 973 2483 1028 vitam
2510 974 2563 1028 in
2598 977 2957 1045 potationibus
2984 985 3039 1032 et
3066 981 3557 1033 comessationibus
3592 979 3738 1034 insu-

2156 1072 2287 1130 mat,
2316 1073 2370 1120 et
2399 1065 2453 1120 in
2479 1081 2743 1138 pauperes
2767 1069 2982 1139 quidem
3010 1085 3207 1141 paucos
3231 1071 3419 1127 obolos
3443 1071 3738 1141 impendat,

2155 1157 2416 1227 majorem
2456 1175 2586 1217 vero
2625 1176 2785 1232 opum
2831 1172 3035 1233 partem
3081 1164 3134 1218 in
3182 1176 3423 1221 ventrem
3456 1164 3692 1221 eﬂundat
3725 1182 3741 1232 ;

2158 1267 2336 1309 nonne
2353 1255 2476 1324 jure
2502 1257 2555 1311 in
2588 1259 2747 1314 istum
2775 1263 2934 1314 etiam
2961 1260 3241 1316 dicentur?

2229 1343 2283 1397 2.
2309 1345 2450 1401 Nihil
2476 1348 2558 1404 his
2587 1349 2763 1405 verbis
2791 1351 2855 1406 ad
2888 1351 3141 1420 pudorem
3172 1351 3492 1408 eliciendum
3522 1353 3697 1422 aptius
3722 1391 3740 1417 .

2154 1433 2286 1489 nihil
2317 1437 2383 1491 ad
2414 1437 2797 1509 objurgandum
2824 1440 3194 1496 vehementius
3220 1458 3232 1494 :
3263 1442 3511 1510 Quorum,
3542 1443 3732 1512 inquit,

2153 1526 2276 1580 deus
2312 1539 2480 1583 venter
2517 1541 2589 1586 est
2613 1574 2629 1597 ,
2659 1543 2704 1585 et
2731 1533 2893 1603 gloria
2921 1534 2973 1586 in
2999 1533 3293 1601 confusione
3319 1535 3563 1604 ipsorum.
3600 1536 3733 1603 Qui-

2154 1633 2276 1673 nam
2306 1620 2390 1675 isti
2423 1622 2584 1676 sunt?
2617 1622 2716 1688 Qui
2740 1634 2937 1678 terrena
2964 1625 3188 1693 sapiunt,
3221 1627 3309 1695 qui
3340 1626 3544 1692 dicunt,
3576 1626 3732 1681 [Edi-

2154 1708 2372 1764 ﬁcemus
2388 1710 2596 1765 domos.
2624 1711 2759 1769 Ubi?
2790 1711 2844 1766 In
2870 1722 3031 1780 terra,
3056 1714 3225 1784 inquit
3248 1732 3261 1769 :
3286 1730 3524 1771 emamus
3544 1731 3731 1786 agros;

2152 1798 2205 1852 in
2248 1806 2387 1854 terra
2431 1816 2643 1857 rursum
2674 1819 2687 1856 :
2715 1802 3072 1873 adipiscamur
3112 1806 3390 1875 imperium
3412 1848 3426 1869 ,
3456 1821 3642 1862 rursus
3677 1808 3731 1863 in

2152 1897 2291 1945 terra
2318 1909 2331 1945 :
2362 1906 2710 1962 assequamur
2735 1896 2978 1964 gloriam,
3010 1912 3194 1953 rursus
3222 1899 3273 1953 in
3307 1908 3444 1955 terra
3474 1916 3488 1953 :
3520 1901 3732 1958 divitias

2150 1994 2550 2050 comparemus,
2577 1986 2755 2040 omnia
2785 1986 3015 2057 denique
3041 1989 3091 2043 in
3122 1998 3283 2044 terra.
3318 1990 3380 2044 ili
3406 2001 3532 2046 sunt
3553 2033 3566 2055 ,
3598 2006 3733 2061 quo-

2150 2089 2267 2129 rum
2308 2075 2438 2131 deus
2472 2086 2659 2132 venter
2694 2090 2798 2134 est.
2838 2080 2939 2145 Qui
2970 2081 3112 2135 enim
3144 2082 3273 2135 nihil
3304 2083 3579 2152 spirituale
3607 2099 3729 2139 cum

2151 2167 2329 2221 animo
2357 2182 2454 2221 suo
2475 2169 2733 2238 cogitant,
2757 2172 2851 2225 sed
2881 2173 3057 2226 omnia
3091 2187 3184 2227 sua
3216 2172 3302 2228 hic
3329 2174 3543 2240 habent,
3570 2183 3732 2245 atque

2150 2254 2266 2310 hate
2285 2258 2399 2312 sola
2420 2270 2628 2327 curant,
2657 2262 2844 2317 nzerito
2864 2272 3101 2319 ventrem
3124 2263 3284 2319 deum
3311 2264 3527 2331 habent,
3551 2266 3732 2321 dicen-

2150 2354 2269 2401 tes:
2303 2347 2635 2405 Comedamus
2668 2361 2715 2405 et
2752 2352 3012 2419 bibamus;
3040 2371 3154 2408 cras
3183 2356 3313 2409 enint
3340 2358 3628 2412 morientur.
3665 2358 3732 2412 Et

2149 2452 2345 2509 corpus
2372 2440 2584 2509 quidem
2610 2441 2759 2497 doles
2791 2443 2882 2499 tibi
2914 2453 3185 2500 terrenum
3220 2460 3361 2511 esse,
3389 2448 3631 2517 quamvis
3662 2448 3729 2500 il-

2148 2530 2237 2585 lttd
2269 2532 2386 2598 tibi,
2408 2533 2547 2602 quod
2573 2534 2638 2588 ad
2663 2536 2908 2591 virtutem
2934 2537 3185 2606 pertinet,
3210 2538 3340 2592 nihil
3367 2545 3585 2603 noceat;
3615 2540 3732 2595 ani-

2148 2639 2291 2678 mam
2314 2640 2443 2680 vero
2466 2627 2519 2680 in
2551 2635 2746 2683 terram
2778 2629 3032 2698 deprinns
3060 2644 3158 2699 per
3181 2629 3416 2696 delicias,
3447 2640 3500 2686 et
3528 2631 3728 2685 nullam

2149 2713 2306 2785 hujus
2345 2717 2423 2770 rei
2463 2718 2724 2773 rationem
2771 2719 2995 2786 habens,
3034 2720 3199 2787 rides,
3246 2720 3333 2775 die
3376 2722 3525 2789 mihi,
3569 2733 3731 2791 atque

2148 2808 2327 2861 animo
2370 2822 2428 2863 es
2470 2810 2732 2863 remisso?
2778 2820 2830 2865 et
2875 2812 3083 2881 qualem
3124 2812 3467 2882 consequeris
3494 2813 3726 2879 veniam,

2147 2912 2267 2952 cum
2298 2906 2445 2954 tanto
2476 2907 2526 2955 te
2554 2908 2770 2969 stupore
2800 2900 3074 2966 all’cceris;
3105 2917 3225 2957 cum
3255 2911 3527 2972 Oporteret
3555 2904 3729 2972 ipsum

2147 3004 2344 3060 corpus
2370 2991 2644 3060 spirituale
2669 2992 2934 3048 reddere?
2962 2994 3087 3048 licet
3113 2995 3253 3049 enim
3276 3036 3289 3059 ,
3322 2996 3366 3049 si
3394 2996 3547 3050 velis.
3584 2995 3728 3049 Ven-

2150 3091 2285 3137 trem
2328 3083 2578 3152 accepisti
2623 3092 2680 3137 ut
2728 3086 2952 3150 nutrias,
2992 3100 3098 3139 non
3141 3095 3199 3140 ut
3233 3086 3532 3150 distendas;
3568 3094 3623 3139 ut
3653 3086 3729 3140 illi

2149 3172 2463 3239 domineris,
2488 3188 2594 3229 non
2622 3182 2681 3228 ut
2708 3174 2982 3230 dominum
3009 3176 3234 3241 habeas;
3265 3186 3319 3230 ut
3351 3177 3441 3231 tibi
3475 3177 3730 3232 inserviat

2148 3264 2214 3319 ad
2241 3274 2465 3320 caeteras
2505 3275 2682 3336 partes
2719 3267 2956 3330 alendas,
2999 3282 3104 3320 non
3145 3274 3202 3320 ut
3238 3275 3295 3320 tu
3337 3266 3407 3320 illi
3445 3266 3724 3331 inservias,

2149 3370 2254 3409 non
2296 3365 2354 3409 ut
2397 3355 2531 3410 ﬁnes
2570 3356 2857 3410 transilias.
2901 3357 3015 3411 Non
3061 3364 3139 3411 tot
3178 3358 3435 3411 malorum
3462 3372 3619 3411 causa
3646 3367 3731 3413 est

2148 3459 2297 3499 mare
2323 3444 2456 3499 ﬁnes
2476 3458 2900 3514 supergressum,
2920 3455 3047 3515 qttot
3067 3456 3252 3501 venter
3275 3448 3487 3517 corpori
3512 3448 3730 3501 anima:-

2148 3551 2253 3607 que
2275 3546 2472 3592 nostra:
2498 3555 2510 3590 :
2535 3552 2747 3592 omnem
2771 3538 2897 3592 illud
2927 3546 3144 3606 terram,
3176 3541 3229 3595 in
3253 3554 3410 3610 quam
3438 3556 3498 3597 se
3527 3541 3729 3597 efI‘ude-

2147 3628 2237 3690 rit,
2270 3626 2481 3691 obruit;
2510 3635 2698 3682 venter
2725 3642 2852 3683 vero
2883 3629 3189 3685 universum
3217 3645 3437 3701 corpus.
3482 3631 3627 3686 Pone
3654 3631 3730 3686 illi

2150 3719 2457 3784 terminum,
2502 3719 2644 3789 quod
2694 3729 2896 3776 naturte
2938 3722 3068 3776 satis
3115 3733 3231 3786 est;
3279 3724 3729 3792 quemadmodum

2149 3811 2283 3865 mari
2329 3809 2467 3865 Deus
2516 3811 2688 3880 posuit
2731 3826 2982 3866 arenam:
3012 3828 3076 3869 ac
3113 3815 3157 3869 si
3198 3818 3521 3882 :rstuaverit,
3571 3824 3729 3886 atque

2149 3902 2531 3969 excanduerit,
2571 3902 2783 3971 increpa
2826 3903 2976 3957 illum
3019 3913 3280 3972 potestate
3318 3922 3436 3975 quae
3463 3907 3515 3960 in
3550 3917 3600 3961 te
3630 3908 3730 3962 sita

2149 4006 2250 4052 est.
2283 3997 2416 4053 Vide
2444 4005 2642 4067 quanto
2666 3996 2872 4050 honore
2900 4005 2950 4050 te
2977 3996 3215 4051 olfecerit
3255 3998 3423 4061 Deus,
3461 4010 3517 4053 ut
3558 4001 3729 4067 ipsum

2151 4088 2375 4143 imiteris
2408 4107 2420 4141 :
2456 4096 2507 4141 tu
2536 4102 2664 4141 vero
2691 4086 2911 4141 minime
2941 4087 3040 4151 vis,
3073 4087 3167 4141 sed
3196 4086 3344 4141 vides
3372 4087 3518 4141 illum
3546 4103 3730 4141 erum-

2152 4194 2279 4249 pere
2300 4222 2313 4244 ,
2344 4187 2615 4247 totamque
2648 4188 2889 4232 naturam
2919 4192 3262 4246 corrumpere
3290 4186 3449 4247 atque
3479 4178 3729 4246 obruere,

2152 4286 2250 4325 nec
2276 4280 2451 4325 tamen
2475 4270 2639 4324 audes
2660 4269 2913 4325 cohibere
2932 4284 2996 4322 ac
3019 4269 3305 4329 moderari.
3332 4272 3556 4335 Quorum
3584 4272 3729 4337 deus,

2153 4362 2344 4430 inquit,
2369 4371 2534 4413 venter
2554 4370 2644 4413 est.
2675 4359 2959 4414 Videamus
2981 4359 3249 4429 quomodo
3272 4359 3463 4414 Paulus
3488 4361 3735 4416 servierit

2156 4454 2264 4506 Deo
2299 4470 2310 4505 :
2341 4451 2614 4505 videamus
2638 4450 2906 4520 quomodo
2934 4460 2987 4504 et
3016 4450 3208 4505 edaces
3237 4450 3323 4504 isti
3350 4452 3584 4505 serviant
3605 4466 3733 4504 ven-

2155 4546 2242 4599 tri.
2290 4543 2476 4597 Nonne
2518 4543 2603 4598 isti
2645 4551 2927 4598 sexcentas
2957 4543 3228 4613 perferunt
3256 4544 3491 4597 mortes?
3531 4559 3735 4609 nonne,

2154 4652 2502 4708 qttmcumque
2526 4635 2864 4704 illejusserit,
2885 4635 3183 4690 detrectare.
3207 4635 3529 4689 formidant?
3556 4651 3734 4690 annon

2155 4730 2313 4784 etiam
2344 4729 2393 4781 in
2423 4728 2505 4792 iis,
2529 4743 2645 4797 qua:
2670 4728 2884 4782 minime
2912 4730 3021 4783 fieri
3047 4736 3285 4797 possunt,
3311 4726 3559 4782 obediunt
3582 4727 3737 4793 eique

2156 4819 2503 4873 ministrant?
2534 4833 2710 4873 nonne
2743 4819 3020 4887 mancipiis
3040 4819 3321 4887 nequiores
3342 4818 3507 4870 sunt?
3540 4818 3606 4869 At
3630 4830 3731 4871 non

2156 4911 2353 4965 Paulus
2382 4910 2500 4965 talis
2526 4928 2538 4963 :
2563 4911 2907 4980 quamobrem
2932 4910 3143 4964 dicebat
3164 4951 3178 4973 ,
3217 4908 3404 4961 Nostra
3430 4908 3737 4960 conversatio

2155 5004 2206 5055 in
2236 5002 2372 5055 uelis
2395 5011 2483 5054 cst.
2510 5001 2623 5056 Non
2649 5002 2806 5070 igitur
2829 5000 2912 5054 ltie
2938 5014 3239 5069 qumratnus
3264 4999 3523 5067 requiem,
3546 4998 3637 5052 sed
3664 4999 3738 5052 ibi

2157 5092 2382 5145 velimus
2412 5092 2537 5144 clari
2570 5107 2709 5153 esse,
2745 5091 2830 5144 ttbi
2860 5099 2911 5145 et
2940 5092 3099 5143 vitam
3127 5089 3369 5165 eolimus.
3409 5087 3555 5142 Unde
3584 5089 3737 5143 etiam

2159 5181 2491 5242 Salvatorem,
2524 5182 2711 5248 inquit,
2742 5192 3087 5248 exspectamus
3117 5180 3391 5231 Dominum
3418 5178 3617 5247 Iesum,
3649 5180 3741 5247 qui

2157 5272 2536 5343 transﬁgurabit
2582 5288 2763 5340 corpus
2802 5272 3099 5323 humilitatis
3145 5279 3347 5333 nostrte,
3386 5280 3439 5323 ut
3478 5276 3738 5342 conforme

2158 5364 2247 5430 ﬁat
2289 5363 2487 5430 corpori
2523 5362 2771 5413 claritatis
2809 5377 2930 5415 sua’.
2978 5360 3233 5414 Paulatim
3276 5376 3370 5415 nos
3406 5361 3625 5415 evexit:
3660 5360 3741 5416 De

2158 5456 2310 5517 earlo,
2338 5455 2526 5522 inquit,
2561 5453 2803 5507 Salvator
2834 5462 3010 5506 noster
3043 5470 3055 5504 :
3085 5470 3111 5504 a
3143 5453 3282 5514 loco,
3313 5469 3340 5504 a
3375 5467 3600 5521 persona
3629 5467 3742 5505 ma-

2154 5544 2401 5612 jestatem
2431 5544 2822 5596 demonstrans.
2856 5545 2954 5608 Qui
2978 5543 3374 5614 trattsﬁgurobit,
3409 5543 3595 5611 inquit,
3629 5558 3743 5595 cor-

2160 5654 2251 5705 pus
2292 5636 2592 5688 humilitatis
2635 5646 2839 5689 nosti-te.
2870 5637 3046 5689 Multis
3073 5636 3243 5690 modis
3275 5650 3413 5688 nunc
3438 5634 3574 5688 male
3599 5635 3741 5688 acci-

2162 5730 2301 5799 pitur
2339 5742 2532 5797 corpus
2581 5737 2843 5798 nostrum,
2891 5728 3138 5797 vincitur,
3185 5726 3422 5795 vapulat,
3473 5725 3738 5784 sexcentis

3322 5820 3392 5881 18
