4030 6204
349 331 453 387 279
507 301 509 303 ’

351 441 506 494 malis
544 438 803 500 afficitur;
852 451 1034 490 verum
1073 443 1126 488 et
1155 431 1348 487 Christi
1377 443 1570 500 corpus
1597 429 1709 482 haec
1739 427 1924 482 eadem

350 547 568 602 passum
613 541 718 585 est.
767 529 879 582 Hoc
928 541 1056 596 ergo
1093 524 1447 579 subindieavit
1473 522 1677 586 dicens,
1713 518 1781 574 Ut
1810 535 1929 573 con-

353 625 517 690 forme
554 621 643 688 ﬁat
669 617 871 686 corpori
901 615 1143 669 claritatis
1177 629 1299 668 sure.
1349 613 1492 682 Ergo
1533 612 1672 666 idem
1715 609 1926 680 quidem

353 726 548 778 corpus
576 718 673 772 est,
709 707 803 762 sed
835 706 1072 759 induitur
1113 704 1530 758 immortalitate.
1567 701 1928 772 Transﬁgura-

355 801 442 861 lit,
477 799 664 867 inquit.
711 797 850 864 Ergo
883 806 937 849 et
973 794 1140 864 ﬁgura
1179 795 1314 858 alia;
1360 803 1449 846 aut
1481 794 1550 846 ita
1582 789 1928 845 mutationem

355 890 530 942 minus
558 887 771 956 proprie
799 886 1027 941 vocavit.
1061 886 1203 940 Dixit
1226 895 1426 952 autem,
1451 883 1647 953 Corpus
1673 881 1930 935 humilita-

353 980 416 1032 tis
442 988 645 1043 nostrw,
671 978 920 1046 quoniam
944 993 1083 1031 nunc
1102 978 1244 1046 jacet
1267 978 1318 1031 in
1344 976 1656 1038 humilitate,
1678 973 1928 1043 quoniam

352 1070 588 1124 interitui
621 1083 682 1122 ac
707 1068 878 1122 dolori
911 1069 1200 1122 obnoxium
1232 1076 1336 1134 est,
1367 1067 1621 1137 quoniam
1649 1065 1752 1119 vile
1782 1063 1929 1117 vide-

358 1174 440 1215 tur
458 1174 577 1213 esse
601 1158 836 1229 nihilque
858 1159 1086 1227 amplius
1109 1159 1316 1214 carteris
1334 1157 1552 1212 habere.
1589 1155 1655 1210 Ut
1675 1157 1930 1224 conforme

352 1252 538 1320 ipsum,
565 1250 753 1320 inquit,
782 1252 870 1319 ﬁat
892 1252 1093 1320 corpori
1117 1251 1363 1304 claritatis
1386 1266 1509 1303 sate.
1537 1248 1726 1317 Papae!
1761 1246 1928 1311 illine,

354 1343 495 1412 quod
521 1343 672 1397 sedet
699 1345 751 1396 in
773 1343 988 1397 dextera
1020 1343 1225 1397 Patris?
1257 1343 1368 1397 lloc
1395 1343 1566 1412 ipsum
1589 1353 1785 1409 corpus
1805 1351 1926 1392 conv

356 1432 525 1486 forme
548 1433 622 1486 illi
651 1436 726 1498 lit,
759 1433 896 1502 quod
935 1434 1187 1487 aduratur
1220 1433 1288 1489 ab
1321 1433 1546 1502 angelis,
1575 1431 1649 1484 illi
1677 1429 1760 1483 cui
1793 1425 1929 1480 assi-

355 1531 500 1575 stunt
535 1523 865 1590 incorporeze
895 1523 1212 1586 Potestates,
1239 1522 1310 1576 illi
1343 1521 1483 1590 quod
1511 1529 1592 1575 est
1620 1533 1780 1587 supra
1812 1531 1931 1570 om-

358 1627 481 1665 nem
512 1611 870 1681 Principatum
893 1624 945 1667 et
974 1613 1232 1667 Virtutem
1264 1622 1316 1666 et
1345 1613 1702 1674 Potestatem;
1733 1607 1810 1662 illi
1833 1606 1931 1676 ipsi

355 1700 632 1756 conforme
672 1701 749 1754 ﬁt.
790 1701 846 1756 Si
889 1703 1169 1757 universus
1194 1701 1362 1766 orbis,
1395 1700 1622 1768 sumptis
1653 1697 1928 1768 lacrymis,

356 1808 448 1845 eos
475 1793 563 1860 qui
588 1791 654 1847 de
683 1792 781 1848 hac
802 1808 897 1862 spe
918 1793 1252 1858 deciderunt,
1279 1794 1429 1858 fleat;
1463 1807 1557 1861 pro
1579 1793 1653 1845 rei
1675 1789 1932 1859 gravitate

354 1883 520 1946 flebit,
566 1883 706 1951 quod
752 1884 853 1938 hoc
897 1887 1162 1953 promisso
1207 1884 1360 1938 nobis
1398 1883 1692 1952 proposito,
1726 1880 1840 1934 fore
1877 1889 1933 1934 ut

353 1988 546 2040 corpus
591 1985 829 2028 nostrum
877 1976 951 2029 illi
990 1977 1266 2030 conforme
1307 1975 1418 2040 ﬁat,
1448 1989 1567 2029 cum
1601 1972 1932 2027 damonibus

353 2075 530 2118 tamen
573 2066 761 2120 abeat?
806 2066 923 2121 Jam
971 2068 1124 2122 mitto
1167 2068 1466 2136 gehennam
1507 2085 1520 2120 :
1559 2065 1932 2136 quodcumque

352 2156 491 2208 enim
526 2156 728 2212 dixeris
749 2199 762 2223 ,
805 2158 936 2211 nihil
964 2173 1083 2214 esse
1110 2160 1362 2213 existimo
1382 2199 1396 2225 ,
1426 2160 1470 2212 si
1498 2173 1618 2212 cum
1652 2157 1754 2210 hoc
1781 2156 1932 2224 lapsu

351 2260 709 2316 comparetur.
756 2249 892 2318 Quid
922 2251 1018 2313 ais,
1047 2250 1244 2305 Paule?
1278 2251 1350 2304 illi
1381 2250 1654 2304 conforme
1685 2248 1776 2301 ﬁt?
1801 2247 1892 2300 Nae
1912 2287 1927 2312 ,

352 2340 540 2408 inquit.
577 2341 778 2394 Deinde
798 2382 812 2405 ,
844 2357 910 2395 ne
935 2341 1170 2404 difﬁdas,
1200 2351 1571 2412 argumentum
1597 2355 1806 2409 quoque
1832 2338 1931 2393 ad-

347 2429 564 2498 junxit:
599 2432 889 2484 Secundum
928 2432 1292 2500 operationem,
1340 2432 1530 2502 inquit,
1571 2432 1767 2483 virtutis
1801 2445 1927 2493 sum,

352 2538 450 2589 qua
487 2525 636 2574 etiam
667 2524 822 2592 possit
853 2523 1098 2593 subjicere
1125 2524 1218 2576 sibi
1245 2526 1431 2577 omnia.
1466 2524 1813 2587 l’otestatem,
1847 2523 1929 2574 in-

353 2613 486 2679 quit,
515 2611 674 2664 habet
701 2613 875 2665 omnia
905 2613 1005 2665 sibi
1038 2612 1352 2680 subjiciendi
1381 2631 1393 2664 :
1423 2628 1552 2683 ergo
1579 2621 1635 2667 et
1661 2613 1930 2666 interitum

353 2709 408 2753 et
440 2709 696 2754 mortem:
743 2702 916 2769 potius
956 2711 1130 2756 autem
1171 2719 1234 2757 ex
1267 2705 1451 2757 eadem
1493 2706 1602 2774 ipsa
1646 2712 1927 2773 potestate,

353 2791 457 2845 hoc
483 2793 645 2846 etiam
667 2793 806 2845 facit.
833 2793 984 2858 Quod
1009 2797 1174 2858 enim,
1195 2795 1280 2849 dic
1303 2796 1452 2860 tnihi,
1483 2796 1734 2865 potentia:
1759 2796 1930 2863 majus

353 2896 490 2949 Opus
517 2890 615 2941 est,
649 2885 870 2951 angelos
904 2895 956 2940 et
995 2885 1342 2954 archangelos
1371 2895 1425 2940 et
1449 2886 1733 2940 Cherubim
1763 2895 1817 2940 et
1839 2886 1933 2940 Se-

354 2973 561 3043 raphim
605 2975 868 3044 subjicere
896 2991 958 3030 ae
983 2978 1284 3039 daemonas,
1314 2993 1380 3032 an
1406 2993 1600 3048 corpus
1632 2977 1807 3032 facere
1834 2979 1931 3032 itu-

353 3065 577 3120 mortale
623 3075 677 3119 et
719 3069 1036 3136 corruptelae
1083 3084 1190 3121 non
1239 3069 1570 3124 obnoxium?
1619 3067 1752 3123 Illud
1803 3083 1931 3124 sane

354 3157 521 3211 multo
565 3160 755 3226 majus.
795 3159 1047 3215 Ostendit
1084 3162 1283 3230 majora
1315 3177 1478 3232 opera
1513 3163 1761 3231 potentiae
1797 3176 1929 3228 sum,

351 3257 411 3302 ut
438 3247 554 3304 lucc
578 3250 737 3304 etiam
766 3252 975 3306 credas.
1005 3252 1361 3320 Quamobrem
1394 3257 1601 3308 tametsi
1630 3253 1931 3308 mundanos

351 3342 482 3394 istos
523 3341 763 3396 videritis
802 3343 1132 3398 exsultantes
1170 3344 1371 3407 laetitia,
1409 3354 1464 3398 et
1500 3343 1665 3413 gloria
1701 3345 1931 3398 circnm-

347 3428 574 3484 ﬁuentes
599 3447 726 3486 :vos
747 3432 1094 3489 nihilominus
1114 3444 1270 3497 state,
1291 3452 1395 3489 non
1423 3435 1489 3491 ab
1513 3436 1614 3490 illis
1640 3434 1928 3502 lzedamini,

351 3534 451 3574 nec
481 3523 764 3576 turbemini
791 3541 804 3575 :
828 3540 952 3592 spes
982 3526 1282 3594 lmjusmodi
1307 3543 1426 3597 qua:
1452 3528 1606 3582 nobis
1628 3542 1932 3597 proponun-

352 3621 458 3676 tur,
505 3622 641 3681 apta:
690 3624 834 3679 sunt,
885 3631 1003 3684 qua:
1047 3617 1201 3671 valde
1246 3620 1406 3671 etiam
1449 3619 1730 3674 socordem
1770 3629 1930 3689 atque

347 3702 663 3755 oscitantem
695 3704 929 3757 excitent
955 3715 1112 3773 atque
1139 3707 1365 3776 erigant.
1391 3709 1539 3779 (Cap.
1560 3705 1701 3774 4.)1.
1725 3709 1926 3780 Itaque,

350 3791 537 3858 fratres
568 3792 684 3854 mei,
726 3791 919 3860 inquit,
951 3797 1206 3848 carissimi
1244 3807 1290 3849 et
1328 3799 1761 3866 desideratissimi,
1799 3818 1929 3871 gau-

352 3882 494 3934 dium
519 3899 682 3936 meum
711 3893 758 3936 et
791 3900 977 3940 corona
1002 3903 1130 3951 mea,
1166 3889 1240 3941 sic
1264 3899 1393 3942 state
1417 3890 1470 3944 in
1501 3889 1739 3958 Domino,
1767 3895 1928 3948 caris-

357 3972 493 4032 simi.
543 3974 666 4037 Sic,
708 3977 1016 4044 quomodo?
1052 3979 1514 4046 Quemadmodum
1565 3983 1788 4038 stetistis
1827 3985 1929 4038 im-

351 4067 502 4118 moti.
533 4065 664 4122 Vide
697 4078 815 4136 post
841 4069 1256 4126 admonitionem
1287 4076 1526 4130 encomia
1553 4092 1566 4127 :
1602 4075 1856 4129 Gaudium
1882 4086 1927 4131 et

349 4171 535 4209 corona
559 4175 686 4212 mea.
715 4159 830 4214 Non
861 4170 1062 4216 tantum
1095 4165 1377 4232 gaudium,
1408 4166 1502 4220 sed
1531 4167 1689 4221 etiam
1717 4168 1884 4236 gloria
1910 4185 1924 4235 ;

352 4259 455 4298 non
500 4256 702 4303 tantum
745 4250 951 4319 gloria,
997 4254 1088 4308 sed
1133 4255 1292 4310 etiam
1337 4272 1535 4312 corona
1572 4259 1697 4312 :cui
1741 4259 1928 4329 gloria:

349 4335 482 4390 nihil
528 4353 622 4406 par
661 4341 976 4406 inveniatur,
1016 4347 1210 4417 quippe
1251 4363 1372 4403 cum
1418 4350 1494 4404 illi
1540 4350 1686 4405 Pauli
1725 4366 1926 4406 corona

347 4428 473 4482 sint.
507 4429 596 4483 Sic
620 4441 747 4486 state
768 4434 819 4487 in
843 4433 1081 4501 Domino,
1106 4441 1383 4506 carissimi;
1414 4442 1464 4496 id
1490 4451 1590 4510 est,
1614 4445 1667 4499 in
1689 4459 1784 4514 spe
1807 4446 1924 4502 Dei.

345 4517 400 4572 9.
437 4517 684 4574 Evodiam
711 4539 854 4592 rogo,
882 4535 929 4577 et
957 4526 1249 4596 Syutychen
1271 4547 1393 4601 rogo
1414 4532 1468 4584 id
1489 4533 1656 4600 ipsum
1679 4551 1856 4606 sapere
1875 4538 1928 4592 in

346 4609 587 4665 Domino.
621 4613 672 4668 5.
695 4612 865 4667 Etiam
890 4631 1012 4686 rogo
1032 4627 1076 4671 et
1105 4629 1170 4685 te,
1203 4637 1440 4689 germane
1475 4640 1704 4696 compar,
1734 4627 1928 4698 adjuva

341 4703 480 4758 illas.

419 4796 475 4848 ’5.
506 4794 729 4860 Quidam
756 4795 939 4851 dicunt
962 4797 1180 4855 Paulmn
1206 4801 1287 4856 his
1303 4805 1498 4871 verbis,
1517 4805 1768 4865 Germane
1786 4827 1923 4866 com-

340 4901 456 4952 par,
500 4900 722 4939 uxorem
754 4900 906 4941 suam
951 4905 1138 4961 rogare
1167 4892 1242 4965 (α)
1275 4912 1288 4949 :
1319 4897 1460 4965 quod
1491 4898 1710 4955 minime
1733 4917 1920 4956 verum

343 4985 457 5038 est;
488 4976 580 5030 sed
603 4979 886 5046 quamdam
913 4981 1071 5036 aliam
1103 4986 1417 5051 mulierem,
1447 4989 1528 5042 vel
1557 4992 1716 5044 etiam
1747 4992 1920 5046 virum

347 5063 568 5119 alterius
599 5067 820 5122 istarum
859 5069 959 5123 hoc
987 5082 1140 5126 vocat
1170 5076 1406 5130 nomine.
1437 5077 1636 5148 Adjuva
1664 5079 1804 5146 illas,
1834 5083 1916 5136 in-

341 5153 494 5220 quit,
535 5172 646 5222 qua:
689 5175 880 5212 mecum
922 5161 1270 5218 laboraverunt
1298 5168 1350 5220 in
1375 5172 1630 5240 evangelio
1657 5189 1772 5226 cum
1803 5172 1919 5228 Cle-

343 5253 506 5295 mente
529 5254 574 5296 et
602 5249 794 5302 cwteris
819 5251 1134 5320 adjutoribus
1159 5257 1301 5323 meis,
1325 5274 1536 5326 quorum
1562 5263 1770 5316 nomina
1799 5275 1916 5319 sunt

343 5333 394 5386 in
422 5335 547 5388 libro
586 5337 715 5392 vitm.
750 5340 908 5396 Vides
940 5357 1149 5412 quanta:
1179 5349 1390 5405 virtutis
1419 5354 1782 5411 testimonium
1813 5358 1914 5414 illis

340 5425 430 5480 dat
459 5426 646 5492 ?Quod
674 5432 886 5500 quidem
917 5440 1171 5504 apostolis
1195 5441 1403 5497 diccbat
1430 5443 1696 5512 Christus,
1725 5447 1792 5502 In
1823 5449 1917 5503 hoc

339 5521 496 5572 nolite
524 5524 776 5590 gaudere,
809 5527 927 5594 quia
965 5528 1213 5584 dwaronia
1250 5535 1386 5588 vobis
1422 5535 1797 5606 subjiciuntur,
1832 5544 1921 5596 sed

391 5697 464 5764 (τι)
505 5694 702 5746 Paulum
726 5713 929 5752 uxorem
966 5706 1188 5755 Inbuisse
1212 5711 1403 5772 quidam
1425 5717 1672 5776 putabant.

1082 325 1136 378 S.
1177 320 1449 377 JO.—\NNIS
1487 315 1956 372 Clll’tVSUSTOMI
1999 313 2312 368 ARCIIIEP.
2352 312 2876 368 CONSTANTINOP.

3513 315 3616 372 280

2035 425 2168 492 quod
2199 425 2400 478 nomina
2429 435 2593 479 vestra
2620 437 2737 480 sunt
2764 428 2951 497 scripta
2979 427 3028 480 in
3052 427 3178 480 libro
3201 427 3313 480 vita:
3345 425 3499 497 (Luc.
3529 429 3612 484 10.

2033 513 2125 583 20)
2155 532 2169 578 ;
2225 515 2324 568 hoe
2362 515 2557 570 Paulus
2587 517 2747 571 etiam
2779 517 2847 572 de
2875 517 2990 571 istis
3021 519 3359 584 testiﬁcatur,
3395 518 3612 586 dicens,

2041 605 2269 672 Quorum
2298 607 2502 660 nomina
2534 617 2652 661 sunt
2689 608 2743 660 in
2776 608 2903 662 libro
2934 609 3069 662 vitaz.
3124 607 3386 663 Videntur
3433 620 3615 664 autem

2035 696 2164 749 mihi
2195 695 2275 750 ha:
2297 697 2549 753 mulieres
2570 709 2729 767 caput
2751 699 2915 753 fuisse
2942 699 3194 753 Ecclesia:
3223 715 3342 768 qua:
3371 701 3442 755 ibi
3469 713 3615 766 erat;

2036 800 2232 855 easque
2280 789 2618 842 commendat
2651 790 2766 843 viro
2807 790 3031 843 fortasse
3082 789 3404 855 admirabili,
3459 807 3616 860 quem

2035 894 2338 948 comparem
2389 881 2548 936 etiam
2598 891 2752 936 vocat
2792 899 2804 936 :
2838 883 2921 936 cui
2963 883 3192 935 fortasse
3236 883 3617 938 commendare

2036 970 2226 1025 solitus
2253 979 2402 1037 erat,
2433 981 2488 1025 ut
2514 972 2795 1026 auxiliario
2825 980 2878 1026 et
2907 972 3259 1027 commilitoni
3291 985 3344 1026 et
3369 974 3612 1042 participi

2037 1068 2091 1112 et
2119 1057 2288 1114 fratri.
2336 1060 2389 1115 Id
2421 1070 2550 1117 vero
2575 1070 2630 1115 et
2670 1063 2723 1116 in
2759 1063 2994 1132 Epistola
3043 1062 3108 1115 ad
3151 1061 3415 1117 Romanos
3444 1062 3608 1118 facit:

2037 1148 2343 1204 Commendo
2367 1191 2382 1214 ,
2437 1151 2643 1221 inquit,
2690 1153 2826 1206 vobis
2854 1150 3078 1205 Phwben
3111 1169 3332 1207 sororem
3361 1165 3607 1221 nostram,

2036 1257 2150 1312 qua:
2175 1251 2242 1295 est
2279 1244 2330 1294 in
2360 1243 2640 1299 ministerio
2679 1243 2954 1310 Ecclesiae,
2996 1259 3108 1314 qua:
3153 1255 3226 1299 est
3260 1246 3311 1297 in
3349 1244 3612 1300 Cenchreis

2038 1332 2215 1402 (Rom.
2245 1334 2330 1388 16.
2363 1333 2436 1401 1).
2469 1333 2705 1404 Compar.
2741 1335 2830 1389 Vel
2856 1334 3074 1390 fratrem
3103 1336 3335 1406 aliquem
3369 1337 3612 1404 istarum,

2037 1425 2123 1479 vel
2149 1426 2308 1480 etiam
2335 1427 2508 1480 virum
2536 1427 2755 1481 alterius
2795 1428 3030 1496 ipsarum
3068 1429 3138 1482 ita
3167 1437 3322 1482 vocat
3350 1445 3362 1480 :
3398 1428 3617 1498 perinde

2040 1529 2102 1568 ac
2130 1516 2174 1570 si
2205 1516 2428 1584 diceret,
2462 1518 2613 1572 Nunc
2645 1520 2810 1574 frater
2840 1534 2898 1573 es
2925 1534 3230 1588 germanus,
3271 1535 3412 1574 nunc
3442 1520 3520 1573 vir
3542 1519 3619 1576 le-

2036 1606 2284 1676 gitimus;
2328 1610 2525 1679 quippe
2563 1611 2650 1678 qui
2684 1610 2982 1664 membrum
3010 1610 3180 1665 factus
3220 1625 3300 1665 es.
3352 1612 3479 1676 Quae
3508 1627 3617 1664 nte-

2037 1713 2152 1752 cunt
2195 1698 2548 1753 laboraverunt
2598 1701 2648 1752 in
2692 1700 2968 1768 evangelio.
3042 1699 3177 1754 Hinc
3221 1699 3524 1754 sollicitudo
3562 1707 3618 1755 et

2037 1805 2162 1844 cura
2194 1804 2316 1862 erga
2349 1791 2486 1856 illas,
2520 1806 2624 1845 non
2656 1793 2726 1846 ob
2755 1792 3065 1855 amicitiam,
3097 1791 3192 1845 sed
3219 1792 3287 1845 ob
3315 1790 3614 1846 benefacta.

2043 1880 2237 1934 Mecum
2268 1884 2634 1938 laboraverunt.
2660 1882 2796 1948 Quid
2823 1883 2934 1937 ais?
2979 1884 3232 1938 mulieres
3264 1893 3437 1937 tecum
3470 1883 3617 1936 labo-

2038 1974 2331 2026 raterunt?
2381 1975 2505 2040 Nae,
2549 1973 2738 2044 inquit.
2790 1973 2904 2027 Non
2943 1989 3126 2041 parum
3159 1985 3212 2027 et
3240 1975 3342 2027 illa:
3369 1975 3615 2028 contule-

2037 2071 2162 2116 runt
2195 2081 2206 2115 :
2237 2065 2479 2132 quamvis
2503 2066 2647 2120 enim
2679 2063 2830 2117 multi
2857 2072 3061 2128 essent,
3087 2065 3179 2134 qui
3203 2064 3366 2118 Paulo
3395 2066 3618 2119 auxilia-

2037 2157 2240 2213 rentur,
2295 2156 2470 2202 tamen
2523 2150 2662 2203 inter
2701 2147 2900 2203 multos
2943 2156 2997 2200 et
3023 2147 3138 2201 istae
3167 2162 3302 2202 suas
3335 2149 3384 2201 in
3408 2149 3617 2214 agendo

2039 2250 2218 2311 partes
2263 2241 2606 2311 prtestabant.
2653 2241 2770 2296 Non
2802 2253 2990 2311 parum
3013 2239 3173 2309 igitur
3200 2249 3323 2294 tunc
3367 2241 3618 2294 Ecclesia:

2038 2334 2372 2404 augebantur
2401 2352 2412 2387 :
2445 2350 2566 2389 nam
2601 2349 2664 2388 ex
2689 2349 2788 2400 eo,
2841 2336 2981 2404 quod
3011 2332 3046 2388 ii
3093 2332 3184 2404 qui
3211 2332 3417 2402 probati
3440 2342 3613 2399 erant,

2037 2442 2159 2482 cum
2191 2427 2308 2491 viri,
2340 2435 2446 2480 tum
2478 2426 2749 2491 mulieres,
2784 2435 2934 2480 tanto
2965 2441 2994 2480 a
3033 2427 3243 2481 caeteris
3272 2422 3476 2480 honore
3501 2423 3617 2478 afﬁ-

2038 2527 2307 2583 cerentur,
2353 2519 2519 2574 multa
2550 2519 2870 2574 eveniebant
2915 2519 3073 2573 bona.
3125 2519 3336 2574 Etenim
3384 2517 3616 2588 primum

2037 2607 2254 2678 quidem
2301 2610 2479 2664 caeteri
2528 2610 2594 2664 ad
2643 2625 2824 2679 parem
2859 2610 3032 2664 zelum
3056 2609 3493 2665 adducebantur:
3522 2611 3614 2665 de-

2038 2699 2164 2754 inde
2209 2701 2259 2754 in
2301 2717 2367 2756 eo
2396 2702 2583 2768 etiam,
2625 2702 2766 2772 quod
2808 2702 3068 2758 honorem
3098 2702 3431 2766 deferebant,
3463 2717 3613 2772 quae-

2038 2801 2178 2848 stum
2203 2792 2464 2848 faciebant
2495 2811 2507 2846 :
2541 2795 2699 2848 tertio
2725 2803 2780 2849 et
2805 2795 2924 2848 illos
2953 2795 3098 2863 ipsos
3139 2794 3429 2849 alacriores
3458 2803 3616 2864 atque

2039 2885 2374 2940 ardentiores
2434 2885 2718 2940 faciebant.
2777 2886 3064 2955 Propterea
3111 2885 3310 2954 ubique
3365 2885 3515 2941 vides
3559 2886 3614 2940 id

2038 2987 2310 3032 curantem
2339 2977 2559 3031 Paulum
2587 2992 2651 3031 ac
2676 2977 2808 3032 tales
2837 2976 3084 3032 homines
3112 2976 3573 3032 commendantem
3597 2993 3613 3029 :

2038 3069 2180 3138 quod
2219 3068 2378 3122 etiam
2430 3069 2481 3122 in
2534 3068 2770 3137 Epistola
2816 3068 2880 3122 ad
2927 3065 3236 3122 Corinthios
3286 3068 3486 3137 inquit,
3517 3067 3618 3134 Qui

2036 3169 2153 3214 sunt
2193 3161 2428 3230 primitiw
2473 3159 2680 3213 Achaiae
2733 3160 2809 3230 (1.
2839 3159 2957 3214 Cor.
2992 3159 3079 3215 16.
3109 3159 3220 3230 15).
3283 3160 3510 3226 Quidam
3534 3160 3618 3215 di-

2037 3260 2160 3306 cunt
2204 3267 2398 3307 nomen
2449 3252 2724 3322 proprium
2775 3253 2880 3307 illis
2928 3253 3113 3320 fuisse,
3169 3259 3390 3320 σύςυνος,
3437 3253 3490 3308 id
3532 3263 3617 3308 est

2037 3355 2306 3412 compar:
2351 3341 2446 3398 sed
2479 3359 2663 3412 parum
2714 3343 2959 3409 interest,
3005 3345 3118 3399 sive
3165 3343 3284 3409 hoc,
3334 3345 3446 3399 sive
3487 3345 3612 3401 illud

2037 3432 2105 3486 sit
2137 3449 2152 3485 :
2182 3448 2286 3487 non
2317 3433 2367 3487 id
2399 3435 2610 3489 curiose
2637 3435 3016 3504 inquirendum
3043 3444 3159 3501 est,
3191 3436 3282 3490 sed
3309 3435 3409 3490 hoc
3434 3435 3608 3490 admi-

2037 3521 2284 3587 randum,
2316 3539 2563 3592 magnum
2596 3525 2698 3578 illis
2725 3524 2921 3580 deferri
2951 3525 3210 3582 honorem
3242 3526 3482 3596 jussisse.

2107 3615 2161 3668 4.
2203 3615 2412 3682 Omnia,
2443 3617 2628 3687 inquit,
2657 3617 2809 3673 nobis
2841 3619 2893 3673 in
2923 3619 3069 3673 οωιίε
3098 3631 3242 3686 sunt,
3268 3630 3321 3675 et
3368 3620 3614 3676 Salvator

2037 3713 2091 3761 et
2111 3706 2320 3769 civitas,
2349 3708 2600 3778 quicquid
2640 3708 2781 3763 aliud
2812 3711 2930 3778 quis
2958 3711 3150 3766 dixerit
3181 3729 3193 3762 :
3226 3711 3392 3777 Unde,
3425 3713 3612 3782 inquit,

2035 3805 2082 3850 et
2112 3797 2429 3852 Salvator-em
2456 3809 2804 3868 exspectamus
2833 3800 3108 3854 Dominum
3129 3802 3306 3856 Iesum
3339 3803 3613 3858 Christum.

2035 3892 2208 3959 Atque
2238 3889 2339 3945 hoc
2368 3892 2528 3946 etiam
2551 3901 2633 3946 est
2659 3892 3000 3962 benignitatis
3022 3909 3152 3948 sure.
3187 3895 3305 3964 Ipse
3331 3911 3517 3950 rursus
3543 3895 3610 3948 ad

2037 3993 2133 4034 nos
2155 3981 2317 4044 venit,
2354 3997 2456 4035 non
2492 3982 2614 4037 illuc
2633 3998 2729 4038 nos
2757 3984 2938 4048 trahit,
2971 3993 3024 4040 et
3052 4001 3170 4040 cum
3195 4001 3295 4040 nos
3334 3987 3613 4055 receperit,

2035 4069 2294 4127 discedit:
2325 4081 2484 4142 atque
2525 4074 2574 4127 in
2605 4074 2707 4129 hoc
2733 4091 2942 4145 quoque
2971 4092 3162 4146 magno
3192 4093 3286 4132 nos
3313 4078 3512 4132 honore
3533 4077 3615 4132 af-

2036 4163 2162 4216 ﬁcit.
2188 4162 2317 4216 Nam
2337 4164 2379 4217 si
2405 4166 2468 4217 ad
2495 4181 2590 4219 nos
2611 4181 2728 4220 cum
2761 4169 2958 4222 inimici
2981 4184 3216 4237 eramus,
3243 4171 3419 4225 venit:
3449 4170 3615 4226 multo

2037 4254 2203 4323 tuagis
2242 4270 2382 4308 nunc
2404 4271 2524 4309 cum
2549 4258 2704 4311 amici
2735 4256 2858 4312 facti
2900 4273 3106 4314 sumus.
3138 4259 3251 4315 Non
3284 4262 3386 4315 hoc
3414 4261 3613 4331 angelis

2035 4345 2338 4408 committit,
2371 4361 2544 4416 neque
2574 4348 2768 4415 servis,
2815 4349 2909 4404 sed
2959 4351 3071 4418 ipse
3099 4351 3151 4404 in
3204 4351 3433 4406 nubibus
3475 4352 3615 4406 venit

2035 4450 2232 4489 vocans
2262 4451 2360 4491 nos
2389 4437 2439 4490 in
2471 4439 2670 4508 regiam
2705 4455 2878 4494 suam.
2938 4441 3188 4497 Fortasse
3217 4453 3396 4500 autem
3423 4453 3475 4498 et
3522 4457 3615 4497 eos

2034 4527 2122 4594 qui
2154 4527 2324 4596 ipsum
2356 4527 2639 4595 coluerint,
2672 4530 2784 4600 ipse
2845 4531 2910 4585 ad
2961 4546 3018 4586 se
3062 4533 3116 4586 in
3168 4532 3395 4588 nubibus
3444 4532 3611 4588 tollet.

2033 4615 2164 4670 Nam
2191 4627 2240 4671 et
2287 4633 2407 4680 nos,
2452 4619 2642 4686 inquit,
2676 4621 2727 4673 in
2757 4620 2988 4675 nubibus
3031 4623 3300 4691 rapiemur
3331 4623 3420 4693 qui
3467 4623 3613 4676 illum

2033 4709 2292 4772 colimus;
2322 4719 2374 4763 et
2400 4710 2476 4764 sic
2507 4725 2722 4776 sen'iper
2750 4726 2872 4766 cum
2904 4713 3128 4767 Domino
3156 4714 3378 4768 erimus.
3422 4714 3613 4784 Ecquis

2034 4815 2161 4869 ergo
2183 4800 2431 4860 inventus
2450 4799 2607 4855 fuerit
2629 4801 2800 4856 ﬁdelis
2823 4817 3010 4857 servus
3035 4813 3087 4859 et
3109 4805 3342 4874 prudens
3357 4805 3384 4858 ἲ
3401 4806 3614 4874 quinam

2035 4889 2192 4959 igitur
2211 4892 2370 4945 tantis
2392 4890 2547 4945 bonis
2571 4891 2961 4962 dignabuntur?
2979 4909 3135 4964 quam
3153 4895 3508 4960 miserabiles,
3526 4895 3612 4964 qui

2036 4983 2156 5038 inde
2182 4983 2420 5038 cadunt?
2464 4984 2593 5038 Nam
2623 4985 2667 5040 si
2701 4999 2798 5055 per
2825 5002 2984 5041 omne
3015 4995 3228 5057 tempus
3258 4987 3380 5042 illos
3405 4988 3495 5058 qui
3528 5000 3614 5040 re-

2033 5091 2194 5146 gnum
2226 5079 2518 5132 amiserunt
2558 5079 2854 5148 lugeamus,
2895 5079 3019 5149 quid
3055 5095 3117 5135 ea
3150 5095 3206 5135 re
3238 5080 3452 5151 dignum
3479 5079 3614 5134 fece-

2034 5170 2238 5222 rimus?
2270 5169 2502 5233 Eteuim,
2531 5171 2575 5224 si
2603 5179 2888 5225 sexcentas
2917 5170 3194 5240 gehenuas
3241 5172 3500 5235 attuleris,
3533 5171 3615 5224 ni-

2042 5259 2115 5313 hil
2149 5276 2241 5330 par
2265 5261 2458 5316 afferes
2507 5261 2682 5315 dolori
2733 5263 2830 5328 illi,
2878 5277 2985 5332 quo
3032 5273 3158 5318 tunc
3183 5264 3396 5334 angitur
3420 5262 3617 5326 anima,

2035 5365 2153 5405 cum
2197 5353 2474 5406 universus
2495 5355 2732 5423 quatitur
2758 5355 2941 5421 orbis,
2980 5357 3118 5410 tuba:
3171 5368 3386 5421 sonant,
3421 5357 3619 5426 primus

2034 5446 2266 5498 accurrit
2311 5448 2621 5514 angelorum
2663 5449 2817 5512 ordo,
2849 5448 3042 5504 deinde
3095 5449 3395 5514 secundus,
3432 5448 3622 5504 deinde

2037 5535 2242 5600 tertius,
2280 5535 2474 5590 deinde
2514 5540 2749 5592 sexcenti
2784 5539 3000 5593 ordines
3044 5540 3096 5593 in
3141 5549 3339 5594 terram
3366 5554 3423 5594 se
3450 5537 3621 5592 effun-

2035 5624 2186 5687 dunt,
2218 5636 2324 5678 tmn
2355 5627 2641 5682 Cherubim
2671 5629 2760 5699 qui
2807 5630 3223 5685 innumerabiles
3265 5641 3408 5696 sunt,
3443 5638 3494 5682 et
3520 5627 3620 5682 Se-

2037 5715 2276 5786 raphim;
2305 5729 2576 5787 postremo
2623 5720 2846 5790 ipsemet
2901 5721 3137 5792 advenit,
3187 5722 3355 5792 gloria
3401 5719 3486 5775 illa
3513 5719 3624 5774 cir-
