4030 6204
444 390 549 446 9.79

448 505 579 558 αὐτὸ
614 503 712 573 μέν
744 503 909 569 ἐστιν,
945 499 1186 557 ἐνδύεται
1215 505 1272 558 δέ
1311 506 1640 577 ἀφθαρσίαν.
1697 512 2010 576 Mazacum-

445 596 706 667 ματίσει,
736 594 917 664 φησίν.
947 596 1088 665 Ἀρα
1128 595 1222 649 καὶ
1254 596 1312 650 τδ
1360 598 1545 668 σχῆμα
1592 598 1798 671 ἕτερον,
1844 599 1876 670 ἢ
1916 601 2014 669 τὴν

452 682 757 757 μεταϐολὴν
785 682 924 735 οὕτω
961 685 1414 754 καταχρηστικῶς
1448 687 1695 742 ἐκάλεσε.
1750 688 1925 759 Σῶμα
1952 690 2013 743 δὲ

449 771 858 837 ταπεινώσεως
888 772 1058 846 ἡμῶν
1106 771 1281 842 εἶπεν,
1315 779 1397 830 ὅτι
1446 778 1840 841 τεταπείνωται
1895 778 2012 845 νῦν,

446 864 526 917 δτι
553 865 620 932 τῇ
652 863 827 933 φθορᾷ
860 864 1009 917 ἐστιν
1044 864 1367 929 ὑπεύθυνον,
1405 869 1472 939 τῇ
1512 867 1785 937 ἀλγηδόνι,
1815 869 1897 922 ὃτι
1924 869 2013 922 δο-

444 953 530 1005 κεῖ
562 952 780 1015 εὐτελὲς
829 949 991 1018 εἶναι,
1043 955 1139 1007 καὶ
1168 955 1320 1009 οὐδὲν
1366 957 1477 1010 τῶν
1534 956 1734 1011 λοιπῶν
1768 958 1911 1028 ἔχειν
1959 975 2013 1012 τι

444 1041 622 1097 πλέον.
676 1044 780 1108 Εἰς
813 1044 879 1097 τὸ
915 1045 1192 1113 γενέσθαι
1248 1048 1416 1111 αὐτὸ,
1463 1049 1618 1118 φησὶ,
1660 1050 2015 1120 σύμμορφον

443 1131 524 1197 τῷ
557 1132 786 1203 σώματι
833 1133 942 1201 τῆς
993 1135 1178 1203 δόξης
1207 1138 1414 1193 αὐτοῦ.
1448 1139 1653 1194 Βαϐαίί
1690 1140 1902 1211 ἐκείνῳ,
1936 1141 2014 1211 τῷ

446 1224 745 1296 καθημένῳ
781 1228 840 1280 ἐν
888 1227 1037 1298 δεξιᾷ
1066 1229 1159 1280 τοῦ
1198 1229 1431 1300 Πατρὸς,
1484 1230 1807 1301 σύμμορφον
1856 1229 2014 1283 τοῦτο

446 1316 510 1376 τὸ
556 1316 717 1386 σῶμα
768 1318 1006 1385 γίνεται*
1065 1318 1279 1389 ἐκείνῳ,
1306 1319 1385 1390 τῷ
1421 1320 1881 1392 προσκυνουμένῳ
1910 1319 2015 1373 ὑπὸ

442 1403 611 1472 ἀγγέ)
621 1423 716 1469 ων,
747 1407 955 1476 ἐκείνῳ,
975 1400 1020 1475 ᾧ
1043 1410 1458 1480 παρεστήκεσαν
1478 1411 1535 1463 αἱ
1551 1409 1832 1481 ἀσώματοι
1854 1410 2013 1464 δυνάο

452 1510 594 1563 μεις,
626 1494 819 1566 ἐκείνῳ
852 1495 929 1567 τῷ
958 1496 1143 1551 ἐπάνω
1195 1498 1375 1570 πάσης
1407 1500 1579 1571 ἀρχῆς
1624 1501 1718 1554 καὶ
1765 1500 2010 1565 ἐξουσίας

450 1586 545 1644 καὶ
570 1585 870 1656 δυνάμεως,
904 1587 1094 1659 ἐκείνῳ
1122 1589 1441 1662 σύμμορφον
1466 1591 1695 1658 γίνεται.
1720 1590 1866 1664 ’Ἄρα
1890 1592 1956 1646 ἂν
1978 1593 2011 1662 ή

444 1678 737 1748 οἰκουμένη
770 1680 919 1733 πᾶσα
976 1680 1214 1735 λαϐοῦσα
1255 1682 1486 1753 δάκρυα,
1514 1685 1641 1746 τοὺς
1686 1685 1885 1756 ταύτης
1912 1686 2012 1757 τῆς

445 1766 656 1831 ἐλπίδος
678 1770 1099 1834 ἐκπεπτωκότας
1128 1771 1359 1844 δακρύῃ,
1410 1773 1576 1838 ἀξίως
1616 1774 1895 1845 δακρύσει,
1928 1778 2011 1841 ὅτι

441 1860 773 1930 ἐπαγγελίας
808 1865 939 1934 ἡμῖν
966 1864 1225 1936 κειμένης
1252 1866 1446 1937 ἐκείνῳ
1490 1867 1740 1935 γενέσθαι
1765 1868 2012 1941 σύμμορ-

442 1967 562 2020 φον,
589 1952 727 2021 μετά
778 1952 887 2005 τῶν
934 1953 1202 2024 δαιμόνων
1229 1956 1552 2027 ἀπέρχεται;
1612 1959 1687 2023 Οὐ
1721 1959 1870 2029 μέλει
1922 1977 2012 2030 μοι

443 2041 669 2112 γεέννης
714 2042 928 2096 λοιπόψ
991 2046 1092 2099 ὅσα
1124 2045 1192 2100 ἂν
1220 2046 1406 2123 εἴπῃς,
1441 2049 1592 2101 οὐδὲν
1635 2050 1841 2121 νομίζω
1877 2051 2013 2122 πρὸς

441 2134 544 2202 τὴν
573 2133 844 2188 ἔκπτωσιν
869 2134 1091 2206 ταύτην.
1139 2138 1203 2190 Τί
1240 2137 1438 2207 λέγεις,
1472 2133 1517 2195 ὧ
1549 2140 1762 2206 Παῦλες
1821 2142 2012 2213 ἐκείνῳ

447 2221 769 2294 σύμμορφον
802 2224 1041 2292 γίνεται;
1092 2227 1219 2292 Ναὶ,
1247 2230 1429 2307 φησίν.
1467 2225 1623 2298 Εῐτα,
1658 2232 1745 2286 ἶνα
1775 2233 1849 2307 μὴ
1881 2237 2012 2289 ἀπι-

445 2311 671 2382 στήσῃς,
717 2314 814 2366 καὶ
862 2313 1120 2393 λογισμὸν
1175 2318 1443 2389 ἐπήγαγε
1483 2321 1646 2375 Κατὰ
1710 2322 1825 2391 τὴν
1858 2324 2013 2392 ἐνέρ-

441 2417 631 2472 γειαν,
660 2403 811 2473 φησὶ,
864 2403 972 2458 τοῦ
1003 2404 1298 2468 δύνασθαι
1341 2410 1527 2471 αὑτὸν
1571 2412 1672 2465 καί
1721 2412 2013 2478 ὑποτάξαι

440 2488 635 2554 ἑαυτῷ
667 2491 740 2544 τὰ
771 2491 988 2552 πάντα.
1037 2494 1278 2564 Δύναμιν
1324 2496 1459 2568 ἔχει,
1516 2500 1702 2569 φησὶν,
1749 2499 1890 2553 ῶστε
1944 2501 2011 2554 τὰ

440 2579 619 2641 πάντα
646 2580 931 2647 ὑποτάξαι,
959 2582 1098 2636 ὥστε
1129 2586 1223 2637 καὶ
1245 2586 1344 2657 τὴν
1370 2587 1575 2658 φθοράν
1608 2590 1701 2642 καὶ
1734 2589 1824 2643 τὸν
1849 2590 2011 2644 θάνα-

434 2688 528 2726 τον
546 2689 559 2704 ο
599 2672 801 2742 μᾶλλον
828 2673 885 2727 δὲ
917 2672 1025 2727 ἀπὸ
1054 2677 1153 2747 τῆς
1184 2677 1356 2747 αὐτῆς
1386 2678 1669 2750 δυνάμεως
1710 2681 1804 2735 καὶ
1854 2680 2010 2737 τοῦτο

438 2764 603 2815 ποιεῖ.
634 2763 792 2817 Ποῖον
825 2764 931 2842 γὰρ
964 2765 1247 2837 δυνάμεώς
1280 2770 1396 2822 ἐστι
1430 2770 1694 2839 μείζονος,
1730 2773 1855 2826 εἰπέ
1896 2790 2007 2843 μοι,

438 2852 702 2921 ἀγγέλους
739 2857 836 2911 καὶ
876 2858 1251 2927 ἀρχαγγέλους
1279 2861 1374 2914 καὶ
1399 2862 1683 2932 Χερουϐὶμ
1712 2866 1807 2925 καὶ
1837 2866 2007 2936 Σερα-

443 2941 550 3010 φὶμ
613 2944 873 3012 ὑποτάξαι
928 2947 1023 3001 καὶ
1091 2949 1391 3020 δαίμονας,
1454 2953 1487 3024 ἢ
1550 2954 1709 3025 σῶμα
1784 2957 2008 3024 ποιῆσαι

442 3033 716 3105 ἄφθαρτον
761 3037 852 3090 καὶ
897 3038 1190 3107 ἀθάνατον;
1229 3041 1412 3113 Πολλῷ
1434 3044 1498 3117 δὴ
1528 3046 1726 3115 μᾶλλον
1769 3048 2006 3119 τοῦτο,ἢ

439 3125 634 3186 ἐκεῖνο.
666 3127 873 3203 Ἐδειξε
922 3129 1142 3201 μείζονα
1176 3132 1313 3203 ἔργα
1343 3134 1443 3205 τῆς
1496 3135 1776 3205 δυνάμεως
1819 3139 2005 3203 αὐτοῦ,

438 3215 526 3270 ἵνα
566 3219 660 3271 καὶ
691 3219 899 3283 τούτοις
929 3221 1247 3294 πιστεύσῃς.
1273 3223 1437 3277 Ὥστε
1471 3225 1571 3279 κᾶν
1600 3228 1760 3298 ὁρᾶτε
1786 3227 2008 3293 τούτους

433 3307 751 3379 χαίροντας,
778 3312 883 3365 κᾶν
902 3314 1064 3383 ὁρᾶτε
1096 3314 1531 3386 δεδοξασμένους,
1559 3320 1809 3389 στήκετε,
1842 3321 2007 3389 μηδὲν

434 3399 891 3471 παραϐλάπτεσθε
912 3404 1044 3476 παρ’
1076 3406 1275 3471 αὐτῶν,
1306 3409 1469 3478 μηδὲν
1495 3409 1794 3480 πτύρεσθε·
1828 3411 2008 3465 ἱκαναὶ

433 3486 593 3545 αὗται
623 3495 678 3546 αἱ
708 3493 925 3559 ἐλπίδες
945 3495 1039 3552 καὶ
1067 3497 1161 3550 τὸν
1195 3498 1398 3569 σφόδρα
1425 3499 1627 3568 νωθρὸν
1654 3500 1749 3553 καὶ
1773 3500 2008 3571 ὑπνηλὸν

436 3581 766 3650 ἀνορθῶσαι.
787 3584 985 3653 Ὥστε,
1017 3587 1271 3655 ἀδελφοί
1325 3607 1468 3656 μου,
1500 3591 1681 3659 φησὶν,
1715 3590 2009 3660 ἀγαπητοὶ

435 3670 540 3735 καὶ
590 3671 959 3741 ἐπιπόθητοι,
996 3677 1151 3745 χαρά
1201 3696 1320 3748 μου
1381 3680 1479 3733 καὶ
1522 3681 1825 3749 στέφανός
1866 3701 2005 3754 μου,

432 3761 595 3823 Δοὕτω
626 3763 879 3829 στήκετε
916 3766 986 3819 ἐν
1012 3769 1222 3836 Κυρίῳ,
1261 3771 1579 3840 ἀγαπητοί.
1638 3772 1813 3836 Οὕτω,
1850 3774 2004 3845 πῶς;

444 3851 541 3915 Ὦς
578 3853 844 3922 ἑστήκατε
877 3856 1130 3923 ἀκλινείς.
1154 3859 1295 3930 Ὅρα
1326 3861 1445 3923 πῶς
1498 3862 1635 3932 μετὰ
1664 3863 1761 3932 τὴν
1803 3864 2006 3933 παραί-

437 3957 586 3995 νεσιν
612 3942 681 3995 τὰ
702 3942 985 4015 ἐγκώμια·
1021 3947 1182 4017 Χαρά
1214 3950 1311 4003 καί
1364 3949 1667 4019 στέφανός
1712 3970 1851 4020 μου.
1897 3954 2008 4023 Οὐχ

435 4033 623 4099 ἁπλῶς
665 4036 828 4105 χαρὰ,
867 4037 1004 4101 ἀλλά
1031 4040 1126 4107 καὶ
1166 4040 1312 4113 δόξα·
1342 4042 1440 4113 οὐχ
1468 4043 1655 4106 ἁπλῶς
1699 4042 1847 4109 δόξα,
1874 4044 2009 4100 ἀλλά

433 4125 525 4176 καὶ
559 4123 824 4193 στέφανος
844 4142 859 4157 ⁸
890 4122 958 4198 ἦς
985 4129 1142 4200 δόξης
1179 4133 1278 4184 οὐκ
1308 4132 1453 4185 ἐστιν
1486 4133 1617 4199 ἴσον,
1643 4135 1769 4188 ὅταν
1796 4136 2006 4188 Παύλου

435 4209 699 4279 στέφανος
742 4207 897 4267 ὦσιν.
945 4216 1110 4269 Οὕτω
1154 4219 1407 4286 στήκετε
1442 4221 1510 4273 ἐν
1539 4224 1751 4289 Κυρίῳ,
1782 4224 2010 4291 ἀγαπη-

428 4303 558 4355 τοί·
614 4305 913 4370 τουτέστιν,
964 4308 1022 4359 ἐν
1068 4312 1134 4378 τῇ
1186 4310 1362 4363 ἐλπίδι
1396 4313 1488 4365 τοῦ
1534 4315 1688 4368 Θεοῦ.
1749 4316 2010 4370 Εὐοδίαν

432 4393 779 4459 παρακαλῶ,
847 4398 947 4450 καὶ
995 4401 1318 4468 Συντύχην
1370 4405 1697 4471 παρακαλῶ
1742 4406 1809 4458 τὸ
1858 4408 2007 4461 αὐτὸ

436 4483 682 4548 φρονεῖν
714 4483 782 4537 ἐν
824 4489 1040 4554 Κυρίῳ.
1100 4491 1209 4544 Καὶ
1262 4474 1455 4558 ἐρωτῶ
1501 4495 1597 4547 καὶ
1647 4494 1740 4561 σὲ,
1791 4495 2008 4566 σύζυγε

435 4571 671 4638 γνήσιε,
706 4579 1276 4647 συναντιλαμϐάνου
1303 4583 1533 4646 αὑταῖς.

506 4660 894 4736 [501]γ’.Τινές
908 4666 1006 4736 τὴν
1026 4671 1257 4734 γυναῖκα
1281 4672 1444 4725 αὐτοῦ
1470 4674 1806 4743 παρακαλεῖν
1821 4675 2009 4729 ἐνταῦ-

433 4751 502 4804 θά
534 4770 718 4821 φασιν,
745 4756 966 4826 Σύζυγε
990 4758 1235 4827 γνήσιε·
1267 4760 1383 4814 ἀλλ’
1416 4764 1513 4815 οὐκ
1544 4763 1710 4829 ἔστιν,
1734 4765 1869 4819 ἀλλά
1888 4783 2007 4820 τινα

432 4848 682 4909 γυναῖκα,
715 4847 747 4918 ἢ
785 4849 878 4901 καὶ
909 4850 1080 4920 ἄνδρα
1126 4855 1256 4921 μιᾶς
1288 4853 1488 4908 αὐτῶν.
1523 4857 2005 4926 Συναντιλαμϐἁ-

432 4949 544 4994 νου
573 4935 800 5002 αὑταῖς,
842 4938 1027 5008 φησὶν,
1050 4940 1273 5005 αἵτινες
1296 4942 1366 4996 ἐν
1402 4940 1480 5013 τῷ
1510 4944 1834 5012 εὐαγγελίῳ
1854 4960 2008 4997 συν-

434 5023 715 5092 ήθλησάν
732 5045 851 5096 μοι,
870 5030 1023 5098 μετὰ
1045 5032 1141 5085 καὶ
1161 5032 1507 5100 Κλήμεντος
1521 5033 1756 5089 καὶτῶν
1774 5037 2006 5090 λοιπῶν

430 5114 743 5185 συνεργῶν
765 5136 906 5186 μου,
961 5114 1051 5185 ὧν
1097 5126 1171 5177 τὰ
1208 5123 1469 5191 ὀνόματα
1504 5124 1573 5177 ἐν
1605 5125 1800 5189 βίϐλῳ
1833 5124 2000 5193 ζωῆς.

440 5206 605 5277 ὐρᾷς
647 5209 779 5280 ὅσην
829 5211 1014 5275 αὐτοῖς
1070 5213 1272 5282 ἀρετὴν
1322 5217 1617 5284 μαρτυρεί;
1665 5216 1840 5285 Ὅπερ
1891 5217 2006 5277 τοῖς

428 5297 747 5360 ἀποστόλοις
780 5294 933 5352 εἴπεν
985 5302 1014 5362 ὁ
1061 5302 1313 5372 Χριστὸς,
1367 5304 1461 5370 Μὴ
1521 5304 1774 5372 χαίρετε,
1819 5304 1905 5357 ὅτι
1934 5305 2005 5361 τὰ

428 5387 705 5455 δαιμόνια
755 5390 899 5458 ὑμῖν
948 5394 1259 5455 ὑπακούει,
1299 5394 1436 5447 ἀλλ’
1477 5394 1566 5448 ὅτι
1623 5394 1695 5447 τὰ
1743 5397 2004 5465 ὀνόματα

426 5476 592 5545 ὑμῶν
623 5479 1067 5551 ἐγγεγραμμένα
1095 5485 1164 5537 ἐν
1189 5486 1385 5549 ,βίϐλῳ
1413 5483 1580 5553 ζωῆς,
1635 5485 1792 5539 τοῦτο
1822 5489 2002 5549 αὐτοῖς

431 5570 704 5637 μαρτυρεῖ
733 5571 827 5622 καὶ
854 5565 1008 5634 οὗτος
1045 5572 1237 5641 λέγων,
1262 5566 1375 5626 τΩν
1407 5575 1477 5626 τὰ
1506 5574 1769 5641 ὀνόματα
1803 5574 1872 5627 ἐν
1901 5575 1999 5639 βί-

425 5657 549 5722 ϐλῳ
575 5655 748 5727 ζωῆς.
781 5661 1005 5715 Δοκοῦσι
1033 5662 1090 5715 δέ
1128 5680 1218 5730 μοι
1253 5657 1412 5717 αὗται
1440 5665 1495 5716 αί
1523 5666 1776 5730 γυναῖκες
1819 5666 1879 5718 τὸ
1910 5683 2003 5719 κε-

426 5749 656 5830 φάλαιον
687 5748 824 5821 εἶναι
862 5757 961 5826 τῆς
990 5755 1317 5826 Ἐκκλησίας
1348 5757 1443 5827 τῆς
1481 5757 1614 5821 ἐκεῖ,
1647 5740 1999 5830 καιπαρατί-

1248 389 1317 444 iN
1359 390 1578 448 EPIST.
1611 393 1702 446 AD
1738 389 2025 449 PINLIPP.
2059 387 2211 446 CAP.
2254 392 2339 449 111.
2377 393 2608 450 1103111..
2654 392 2791 448 XI".

3580 396 3690 449 280

2125 507 2274 562 θεται
2307 510 2476 574 αὐτὰς
2510 509 2663 582 ἀνδρὶ
2713 510 2841 572 ίσως
2886 506 3200 578 θαυμαστῷ,
3228 506 3289 560 δν
3335 506 3427 561 καὶ
3457 507 3689 575 σύζυγον

2121 599 2305 652 καλεῖ·
2337 596 2382 667 ᾧ
2404 600 2534 663 ἴσως
2561 598 2742 651 εἰώθει
2781 597 3199 667 παρατίθεσθαι,
3223 598 3298 662 ὡς
3322 597 3569 668 συνεργῷ
3594 602 3691 653 καὶ
3806 612 3823 625 ·

2122 689 2425 767 στρατιώτῃ
2453 694 2547 744 καὶ
2567 688 2806 758 κοινωνῷ
2837 689 2948 742 καὶ⁸
2970 688 3181 759 ἀδελφῷ
3199 706 3212 719 ·
3248 690 3384 760 ὅπερ
3414 690 3506 742 καὶ
3536 692 3593 742 ἐν
3619 692 3687 760 τῇ

2120 781 2256 851 πρὸς
2283 781 2583 850 Ῥωμαίους
2615 782 2779 845 ποιεῖ,
2806 780 2979 849 λέγων
2995 797 3007 810 ·
3032 782 3361 849 Συνίστημι
3386 779 3529 849 ὑμῖν
3552 780 3689 833 Φοί-

2120 853 2235 937 ϐην
2288 869 2401 936 τὴν
2443 868 2719 937 ἀδελφὴν
2767 868 2954 937 ἡμῶν,
3011 868 3293 923 διάκονον
3337 865 3533 924 οὖσαν
3576 868 3690 938 τῆς

2133 960 2495 1027 Ἐκκλησίας
2527 958 2634 1026 τῆς
2673 959 2744 1013 ἐν
2771 959 3109 1029 Κεγχρεαῖς.
3150 959 3389 1029 Σύζυγε.
3418 960 3490 1013 Ἢ
3534 960 3690 1014 ἀδελ-

2120 1049 2219 1118 φόν
2241 1065 2363 1102 τινα
2391 1047 2588 1114 αὐτῶν,
2617 1048 2649 1118 ἢ
2688 1048 2783 1101 καὶ
2804 1048 2969 1118 ἄνδρα
2993 1049 3121 1117 μιᾶς
3141 1048 3319 1099 αὐτῶν
3338 1046 3480 1100 οὕτω
3510 1047 3685 1114 καλεῖ·

2119 1138 2198 1203 ὡς
2228 1138 2295 1192 ἂν
2334 1140 2383 1192 εί
2413 1138 2595 1207 ἔλεγε·
2630 1137 2744 1192 Νῦν
2775 1137 2998 1206 ἀδελφὸς
3046 1133 3097 1189 εἷ
3123 1137 3364 1208 γνήσιος.
3406 1137 3503 1191 νῦν
3549 1138 3688 1220 ἀνὴρ

2118 1231 2360 1301 γνήσιος,
2386 1231 2468 1284 ὅτι
2505 1230 2664 1300 μέλος
2691 1229 2941 1298 γέγονας.
2976 1227 3205 1293 Αἴτινες
3243 1225 3411 1290 ὲντῷ
3448 1228 3690 1304 stam-

2117 1321 2229 1387 .llq)
2275 1320 2680 1387 συνήθλησάν
2701 1337 2824 1388 μοι.
2878 1317 3103 1372 Οἵκοθεν
3137 1318 3169 1387 η
3205 1316 3512 1386 προστασία
3568 1333 3686 1383 σου,

2116 1411 2218 1463 οὐκ
2241 1411 2349 1463 ἀπὸ
2370 1410 2573 1479 φιλίας,
2600 1408 2715 1462 ἀλλ’
2749 1406 2859 1463 ἀπὸ
2888 1393 3351 1477 κατορθωμάτων.
3386 1404 3691 1475 Συνήθλη-

2117 1501 2240 1555 σάν
2272 1519 2394 1571 μοι.
2452 1502 2516 1554 Τί
2549 1502 2767 1568 λέγεις;
2818 1501 3073 1569 γυναῖκες
3126 1498 3504 1570 συνήθλησαν;
3555 1497 3686 1561 Ναὶ,

2118 1591 2301 1671 φησίν.
2330 1593 2403 1646 Οὐ
2438 1593 2631 1664 μικρὸν
2654 1593 2748 1646 καὶ
2775 1586 2934 1645 αὗται
2961 1589 3317 1644 συνεϐάλοντο
3348 1589 3508 1671 μέρος
3526 1608 3540 1622 ο
3568 1591 3692 1643 καί-

2116 1701 2198 1749 τοι
2229 1684 2285 1736 δὲ
2314 1685 2521 1737 πολλῶν
2552 1684 2720 1737 ὄντων
2752 1683 2860 1735 τῶν
2890 1681 3297 1753 συνεργούντων
3338 1680 3507 1752 αὐτῷ,
3538 1682 3690 1751 ὅμως

2117 1775 2175 1828 ἐν
2203 1775 2419 1838 πολλοῖς
2470 1775 2564 1841 καὶ
2615 1768 2775 1828 αὗται
2829 1773 3216 1844 συνέπραττον.
3242 1773 3318 1826 Οὐ
3352 1773 3562 1844 μικρῶς
3595 1767 3691 1826 οὖν

2116 1866 2235 1919 τότε
2267 1864 2681 1937 συνεκροτοῦντο
2710 1866 2767 1918 αί
2805 1862 3122 1933 Ἐκκλησίαι
3142 1881 3155 1894 ·
3193 1863 3273 1932 τῷ
3300 1863 3411 1934 γὰρ
3437 1864 3564 1927 τοὺς
3595 1864 3691 1919 εὐ-

2116 1958 2391 2027 δοκίμους,
2416 1958 2527 2009 είτε
2558 1956 2777 2026 ἄνδρας,
2800 1955 2909 2014 εἴτε
2931 1958 3218 2027 γυναῖκας,
3248 1955 3517 2024 τοσαύτης
3537 1957 3690 2025 παρά

2114 2047 2223 2100 τῶν
2256 2046 2456 2101 λοιπῶν
2484 2046 2775 2102 ἀπολαύειν
2793 2047 2978 2117 τιμῆς,
3003 2046 3171 2106 πολλά
3192 2045 3400 2113 ἐγίνετο
3432 2045 3503 2099 τὰ
3523 2045 3685 2098 καλά.

2116 2138 2341 2209 Πρῶτον
2376 2140 2475 2210 μὲν
2498 2139 2606 2210 γὰρ
2642 2140 2691 2192 οἱ
2730 2139 2904 2195 λοιποὶ
2933 2137 3069 2213 πρὸς
3101 2137 3193 2191 τὸν
3228 2137 3340 2191 ἴσον
3367 2137 3562 2206 ἧγοντο
3591 2135 3691 2205 ζῆ-

2116 2229 2207 2283 λον
2229 2245 2246 2260 ·
2285 2230 2537 2300 δεύτερον
2563 2229 2619 2282 δέ
2648 2228 2743 2282 καὶ
2761 2228 3068 2298 ἐκέρδαινον
3098 2227 3185 2279 διὰ
3216 2226 3314 2307 τῆς
3342 2218 3507 2297 τιμῆς
3531 2241 3545 2257 ·
3573 2224 3692 2296 τρί-

2114 2338 2207 2375 τον
2233 2322 2325 2374 καὶ
2354 2321 2551 2383 αὐτοὺς
2601 2318 2839 2381 ἐκείνους
2875 2317 3315 2393 προθυμοτέρους
3347 2317 3564 2369 ἐποίουν
3593 2314 3690 2368 καὶ

2118 2412 2526 2483 σφοδροτέρους.
2554 2412 2651 2464 Διά
2679 2409 2837 2463 τοῦτο
2862 2408 3137 2485 πανταχοῦ
3171 2410 3302 2486 ὁρᾷς
3321 2409 3410 2460 ἐπι
3418 2407 3689 2477 μελούμε-

2115 2518 2203 2554 νον
2225 2501 2415 2554 τούτου
2441 2501 2531 2553 τὸν
2557 2499 2789 2562 Παῦλον,
2822 2500 2916 2552 καὶ⁵
2960 2498 3390 2570 παρατιθέμενον
3422 2497 3548 2561 τοὺς
3573 2514 3689 2550 τοι-

2115 2592 2302 2655 ούτους
2326 2606 2340 2623 '
2377 2592 2515 2661 ὅπερ
2545 2592 2639 2645 καὶ
2665 2593 2724 2643 ἐν
2760 2593 2826 2667 τῇ
2859 2589 2991 2660 πρὸς
3015 2589 3335 2669 Κορινθίους
3369 2590 3555 2671 φησὶν,
3589 2587 3689 2641 ΟΖ·

2115 2682 2275 2748 τινές
2301 2684 2461 2735 εἰσιν
2489 2682 2733 2750 ἀπαρχὴ
2784 2680 2894 2748 τῆς
2941 2682 3203 2749 Ἀχαΐας.
3239 2680 3397 2743 Τινὲς
3432 2679 3489 2732 δέ
3525 2694 3689 2748 φασιν

2114 2771 2285 2842 ὄνομα
2326 2772 2503 2824 ἐκεῖνο
2556 2770 2747 2853 κύριον
2792 2766 2932 2837 εἶναι
2987 2770 3068 2837 τὸ,
3096 2768 3318 2849 Σύζυτε
3355 2786 3367 2799 ·
3408 2768 3548 2852 πλὴν
3580 2768 3690 2821 εἴτε

2114 2861 2294 2926 τοῦτο,
2323 2861 2430 2914 εἴτε
2481 2843 2675 2922 ἐκεῖνο,
2710 2861 2769 2913 οὐ
2826 2861 3031 2945 σφόδρα
3082 2843 3550 2929 ἀκριϐολογεῖσθαι
3588 2858 3689 2924 δεῖ,

2114 2951 2229 3004 ἀλλ’
2249 2950 2332 3004 ὅτι
2356 2950 2558 3021 πολλῆς
2585 2950 2800 3013 κελεύει
2816 2951 2986 3014 αὐτὰς
3009 2951 3342 3021 προστασίας
3364 2948 3687 3015 ἀπολαῦσαι,

2115 3040 2434 3113 θαυμάζειν.

2183 3131 2248 3185 δ’.
2282 3131 2467 3185 Πάντα
2493 3134 2625 3202 ἡμῖν
2668 3134 2726 3184 ἐν
2765 3133 3011 3202 οὐρανοῖς
3043 3133 3181 3191 ἐστι,
3212 3133 3306 3187 καὶ
3355 3130 3565 3201 Σωτὴρ,
3596 3132 3691 3184 καὶ

2114 3220 2289 3284 πόλις,
2318 3222 2410 3274 καὶ
2441 3224 2470 3274 ὅ
2505 3239 2559 3274 τι
2593 3222 2659 3275 ἂν
2691 3222 2833 3274 εἴποι
2865 3239 2946 3284 τις
2968 3238 2981 3252 ·
3018 3222 3111 3283 Ἐξ
3140 3219 3235 3283 οὗ,
3267 3221 3418 3290 φησὶ,
3449 3219 3546 3272 καὶ
3574 3222 3692 3272 Σω-

2113 3311 2263 3380 τῆρα
2320 3312 2769 3381 ἀπεκδεχόμεθα
2838 3314 3060 3380 Κύριον
3100 3311 3346 3379 Ἰησοῦν
3409 3311 3686 3379 Χριστόν.

2114 3403 2225 3457 Καὶ
2284 3402 2442 3455 τοῦτο
2495 3404 2595 3474 τῆς
2641 3402 3049 3472 φιλανθρωπίας
3099 3399 3287 3455 αὐτοῦ.
3321 3400 3490 3463 Αὐτὸς
3528 3399 3693 3453 πάλιν

2115 3490 2333 3562 ἔρχεται
2363 3490 2499 3568 πρὸς
2544 3491 2712 3560 ἡμᾶς,
2763 3491 2860 3560 οὐχ
2896 3492 3044 3560 ἡμᾶς
3071 3490 3218 3542 ἕλκει
3250 3490 3386 3554 ἐκεῖ,
3409 3490 3504 3542 καὶ
3544 3486 3692 3540 οῦτω

2114 3582 2295 3636 λαϐὼν
2323 3586 2471 3653 ἡμᾶς
2496 3584 2709 3637 ἄπεισιο
2745 3583 2839 3648 καὶ
2867 3583 3026 3635 τοῦτο
3053 3580 3252 3653 πολλῆς
3273 3582 3371 3653 τῆς
3398 3580 3585 3650 τιμῆς.
3622 3579 3687 3633 Εί

2114 3672 2225 3742 γὰρ
2268 3672 2408 3741 πρὸς
2437 3671 2668 3742 ἐχθροὺς
2697 3670 2855 3734 ὄντας
2906 3666 3058 3742 ἦλθε,
3105 3669 3285 3740 πολλῷ
3323 3669 3524 3739 μᾶλλον
3552 3666 3690 3749 πρὸς

2116 3762 2302 3833 φίλους
2354 3763 2697 3833 γενομένους.
2738 3764 2851 3816 Οὐκ
2885 3764 3169 3833 ἐπιτρέπει
3222 3761 3381 3814 τοῦτο
3412 3759 3688 3840 ἀγγέλοις,

2114 3853 2232 3906 οὐδέ
2258 3853 2483 3920 δούλοις,
2517 3854 2631 3908 ἀλλ’
2679 3854 2842 3917 αὐτὸς
2896 3856 2989 3907 ἐπὶ¹
3042 3854 3150 3906 τῶν
3181 3851 3419 3919 νεφελῶν
3466 3850 3690 3933 ἔρχεται

2114 3944 2357 3998 καλέσων
2401 3948 2547 4017 ἡμᾶς
2595 3947 2673 4008 εἰς
2715 3945 2784 3998 τὰ
2830 3943 3076 4012 βασίλεια
3122 3943 3309 4003 αὑτοῦ,
3335 3942 3486 4009 Τάχα
3509 3941 3565 3993 δέ
3592 3939 3689 4005 καὶ

2113 4038 2161 4089 οἱ
2195 4035 2384 4099 αὐτοῦ,
2434 4035 2732 4106 τιμώμενοι
2780 4034 2872 4087 ὑπ’
2908 4033 3063 4109 [502]
3109 4032 3293 4094 αὐτοῦ,
3356 4030 3688 4115 ἀρθησονται

2114 4130 2202 4183 διὰ
2231 4129 2491 4199 νεφελῶν.
2553 4128 2662 4182 Καὶ
2714 4129 2874 4197 ἡμεῖς
2927 4126 3056 4197 γὰρ,
3095 4123 3278 4193 φησὶν,
3325 4123 3384 4175 ἐν
3437 4119 3688 4188 νεφέλαις

2116 4219 2548 4290 ἁρπαγησόμεθα
2577 4221 2626 4272 οί
2660 4216 2929 4288 τιμῶντες
2959 4216 3139 4279 αὑτὸν,
3166 4215 3258 4267 καὶ
3287 4212 3428 4267 οὕτω
3457 4212 3688 4265 πάντοτε

2117 4313 2213 4366 σὺν
2236 4313 2424 4383 Κυρίῳ
2451 4309 2708 4383 ἐσόμεθα,
2750 4308 2845 4370 Τίς
2874 4306 2981 4374 ἄρα
3003 4306 3200 4377 εὑρεθῇ
3227 4305 3254 4356 ὁ
3283 4305 3471 4369 πιστὸς
3499 4302 3689 4368 δοῦλος

2114 4406 2207 4457 καὶ
2236 4405 2497 4474 φρόνιμος
2521 4419 2535 4471 ;
2582 4402 2724 4463 τίνες
2750 4400 2857 4470 ᾅρα
2878 4400 2927 4451 οί
2966 4396 3382 4479 καταξιούμενοι
3421 4394 3530 4461 τῶν
3556 4408 3686 4461 τοσ-

2114 4492 2287 4544 ούτων
2339 4491 2600 4559 ἀγαθῶν;
2672 4489 2789 4552 πῶς
2837 4487 3061 4541 ἐλεεινοὶ
3139 4489 3188 4540 οί
3248 4482 3685 4543 ἁποπίπτοντεςς

2113 4584 2176 4635 El
2215 4582 2324 4652 γὰρ
2350 4583 2442 4639 τὸν
2474 4581 2650 4633 πάντα
2699 4580 2887 4651 χρόνον
2933 4578 3222 4647 ἐκλαίομεν
3275 4576 3376 4645 τῆς
3411 4573 3688 4644 βασιλείας

2113 4664 2495 4742 ἀποτυχόντες,
2541 4669 2651 4740 ἇρά
2679 4663 2731 4723 τι
2773 4671 2921 4737 ἄξιον
2951 4669 3267 4739 ἐποιοῦμεν;
3310 4668 3371 4719 El
3424 4665 3533 4733 γὰρ
3585 4680 3688 4731 μυ-

2117 4763 2237 4833 ρίας
2282 4763 2503 4832 γεέννας
2562 4763 2744 4832 εἴπῃς,
2787 4761 2939 4814 οὐδὲν
2988 4761 3103 4812 ίσον
3151 4761 3294 4830 ἐρεῖς
3344 4756 3442 4825 τῆς
3493 4753 3687 4821 ὀδύνης

2113 4840 2352 4924 ἐκείνης,
2391 4853 2458 4924 ἢν
2488 4856 2780 4923 ὑφίσταται
2805 4854 2927 4905 τότε
2960 4854 2993 4922 ή
3029 4851 3194 4920 ψυχὴ,
3227 4851 3325 4917 τῆς
3354 4845 3686 4915 οἰκουμένης

2111 4944 2475 5013 κλονουμένης
2549 4944 2787 5012 ἀπάσης,
2857 4942 2965 5005 τῶν
3032 4938 3345 5005 σαλπίγγων
3411 4933 3684 5018 ἠχουσῶν,

2110 5033 2219 5099 τῶν
2267 5033 2514 5102 ἀγγέλων
2589 5031 3019 5102 προτρεχόντων,
3070 5028 3180 5086 τῶν
3248 5025 3502 5097 πρώτων,
3563 5021 3686 5078 εἶτα

2110 5125 2396 5195 δευτέρων,
2423 5121 2541 5176 εἶτα
2593 5123 2813 5191 τρίτων,
2863 5116 2983 5173 εἶτα
3019 5119 3228 5201 μυρίων
3263 5118 3560 5187 ταγμάτων
3591 5118 3684 5169 ὲκ·-

2110 5215 2381 5285 χεομένων
2427 5217 2506 5276 εἰς
2546 5215 2644 5284 τὴν
2676 5215 2799 5283 γῆν,
2848 5208 2964 5279 εἶτα
3008 5210 3118 5264 τῶν
3165 5209 3444 5280 Χερουϐὶμ
3487 5208 3683 5281 (πο).λά

2108 5307 2162 5359 δὲ
2194 5305 2366 5373 ταῦτα
2400 5307 2514 5357 ἐστι
2542 5292 2636 5357 καὶ
2667 5304 2911 5372 ᾆπειρα)·
2934 5298 3051 5355 εἶτα
3069 5301 3177 5354 τῶν
3210 5301 3479 5372 Σεραφὶμ,
3515 5298 3679 5354 αὑτοῦ

2110 5395 2403 5464 ἐρχομένου
2423 5395 2513 5446 ἐπὶ
2538 5394 2637 5461 τῆς
2659 5393 2814 5462 δόξης
2831 5391 3041 5471 ἐκείνης
3065 5391 3167 5467 τῆς
3185 5392 3484 5463 ἀφράστου,
3506 5391 3681 5443 ἀπαν-

2107 5483 2343 5546 τώντων,
2362 5484 2468 5536 τῶν
2492 5485 2836 5552 ἀφικομένων
2855 5485 2980 5546 τοὺς
3001 5482 3287 5543 ἐκλεκτοὺς
3307 5482 3461 5548 ἄγειν
3487 5481 3568 5537 είς
3586 5479 3679 5545 μέο

2110 5593 2219 5629 σον·
2254 5571 2373 5628 εἶτα
2402 5575 2506 5627 τῶν
2540 5577 2664 5644 περὶ
2700 5575 2928 5637 Παῦλον,
2964 5577 3056 5629 καὶ
3088 5577 3304 5629 πάντων
3331 5575 3445 5625 ὅσοι
3471 5570 3677 5623 εὐδοκί-

2110 5685 2288 5739 μησαν
2305 5667 2424 5719 κατ’
2444 5668 2622 5731 αὑτὸν,
2645 5666 3109 5736 στεφανουμένων,
3129 5660 3672 5731 ἀνακηρυττομὲνων,

2109 5759 2428 5829 τιμωμένων
2459 5760 2606 5830 παρὰ
2631 5760 2721 5814 τοῦ
2749 5758 3017 5823 Βασιλέως
3044 5759 3133 5812 ἐπὶ
3174 5755 3353 5826 πάσης
3376 5752 3473 5838 τῆς
3509 5767 3674 5837 στμεέντ
