4030 6204
363 362 459 417 231
1034 362 1391 420 SJOANNIS
1428 361 1914 419 CIIRYSOSTOMI
1948 360 2268 421 ARCIIIEP.
2308 366 2859 424 CONSTANTINOP.
3496 369 3606 426 289

358 475 481 538 τιᾶς
507 473 609 544 τῆς
640 475 907 547 οὐρανίου.
938 474 999 528 Εί
1026 476 1132 546 γὰρ
1157 476 1230 548 μὴ
1255 477 1448 547 γέεννα
1478 475 1564 551 ἦν,
1586 480 1647 532 τὸ
1672 481 1795 543 τοὺς
1827 478 1925 548 μὲν

359 565 641 635 τιμᾶσθαι,
676 566 913 629 ἐκείνους
966 566 1021 618 δὲ
1077 568 1459 638 ἀτιμάζεσθαι,
1516 571 1680 623 πόσον
1734 571 1920 636 ὲστίν;

374 656 667 725 Ἀφόρητος
697 656 729 725 ἡ
753 656 964 722 γέεννα,
994 656 1255 724 ὁμολογῶ.
1285 658 1379 713 καὶ
1411 658 1610 729 σφόδρα
1632 659 1921 730 ἀφόρητος·

360 745 501 813 πλὴν
533 745 905 815 ἀφορητοτέρα
932 745 1119 817 αὐτῆς,
1146 747 1243 818 τῆς
1276 747 1603 817 βασιλείαςή
1629 747 1921 809 ἔκπτωσις.

357 836 493 889 Εἰπὲ
526 836 633 906 γάρ
657 850 766 905 μοι·
798 836 949 900 εἴτις
981 836 1304 909 βασιλεὺς,ἢ
1327 838 1439 901 υίὸς
1470 838 1737 909 βασιλέως
1757 837 1923 891 ἀπελ-

357 925 487 988 θὼν,
520 927 614 980 καὶ
646 926 916 997 πολέμους
939 928 1289 997 κατορθώσας
1320 929 1566 1001 μυρίους,
1589 930 1683 982 καὶ
1712 929 1922 1000 θαυμα-

358 1014 527 1082 σθεὶς,
568 1016 660 1069 καὶ
689 1016 827 1087 ἔχων
868 1019 1229 1089 στρατόπεδον
1276 1019 1600 1089 ὀλόκληρον,
1655 1019 1924 1074 ἑπιϐαίνοι

357 1105 563 1169 πόλεώς
584 1123 729 1169 τινος
754 1108 891 1176 μετά
920 1108 1011 1161 τοῦ
1037 1108 1283 1178 ζεύγους,
1316 1110 1451 1179 μετὰ
1471 1111 1765 1177 τροπαίων,
1788 1111 1925 1181 μετά

360 1195 568 1266 μυρίων
588 1196 883 1267 ταγμάτων
904 1198 1117 1251 πάντων
1135 1200 1636 1271 χρυσοφορούντων,
1657 1202 1795 1270 μετά
1817 1200 1924 1254 τῶν

356 1285 670 1357 δορυφόρων
696 1287 805 1341 τῶν
833 1305 897 1341 πε
907 1290 962 1359 ρὶ
983 1290 1143 1344 αὐτὸν
1169 1291 1421 1346 ἁπάντων
1443 1292 1673 1356 ἀσπίδας
1696 1293 1923 1363 ἐχόντων

358 1378 588 1448 χρυσᾶς,
620 1378 714 1430 καὶ
755 1380 902 1432 πᾶσα
940 1380 973 1450 ἡ
1007 1380 1161 1445 πόλις
1205 1383 1622 1454 ἐστεφανωμένη
1679 1385 1786 1453 είη,
1833 1384 1924 1437 καὶ

358 1468 557 1530 πάντες
585 1470 633 1521 οἰ
655 1471 748 1540 τῆς
773 1472 1094 1541 οἰκουμένης
1113 1472 1370 1544 άρχοντες
1395 1475 1511 1542 μετ’
1529 1474 1714 1537 αὐτοῦ,
1742 1475 1924 1529 ἕποιτο

356 1555 414 1608 δὲ
444 1557 591 1628 αὐτῷ
625 1559 717 1617 καὶ
749 1562 893 1613 πᾶσα
946 1562 1149 1632 ἡλικία,
1198 1564 1371 1617 ὀπίσω
1410 1565 1711 1634 ἀλλογενῶν
1757 1566 1924 1620 ἐθνῶν

355 1647 670 1717 δεσμωτῶν,
707 1650 986 1721 ὑπάρχων,
1010 1655 1322 1725 σατραπῶν,
1356 1655 1596 1722 ὑπάτων,
1623 1656 1920 1729 τυράννων,

355 1737 654 1808 ἀρχόντων·
674 1737 791 1794 εἷτα
814 1744 905 1796 ἐπὶ
927 1745 1144 1815 ἀπάσης
1168 1746 1266 1816 τῆς
1282 1748 1666 1820 λαμπρότητος
1686 1751 1920 1821 ἐκείνης,

354 1832 483 1893 τοὺς
511 1831 866 1896 ἀπαντῶντας
907 1833 1015 1887 τῶν
1062 1835 1294 1889 πολιτῶν
1325 1837 1529 1906 δέχοιτο
1561 1838 1653 1891 καὶ
1692 1855 1925 1908 καταφι-

354 1920 495 1992 λοίη,
522 1924 614 1976 καὶ
652 1927 809 1995 χεῖρα
837 1925 1055 1995 ὀρέγοι,
1087 1929 1180 1981 καὶ
1210 1929 1388 1997 πάσης
1419 1930 1687 1998 μεταδιδοῖ
1712 1933 1925 2001 παρῤη-

357 2014 513 2076 σίας,
551 2014 584 2084 ἢ
639 2015 730 2068 καὶ
778 2015 993 2069 πάντων
1039 2016 1287 2071 ἑστώτων
1323 2019 1618 2088 διαλέγοιτο
1639 2061 1653 2086 ,
1685 2020 1759 2084 ὡς
1790 2022 1925 2092 πρὸς

357 2104 563 2174 φίλους,
602 2107 694 2159 καὶ
724 2106 868 2175 λέγοι
897 2108 1076 2161 πᾶσαν
1106 2107 1204 2180 τὴν
1234 2110 1352 2164 ὀδόν
1378 2111 1591 2182 ἐκείνην
1629 2111 1696 2165 δι’
1729 2113 1925 2175 αὐτοὺς

359 2197 707 2267 πεποιῆσθαι,
736 2198 978 2263 καὶτοὺς
1032 2198 1133 2269 μὲν
1178 2201 1257 2264 είς
1302 2202 1371 2255 τὰ
1424 2201 1668 2272 βασίλεια
1700 2202 1821 2271 ἄγοι
1859 2201 1927 2256 τά

359 2285 574 2351 ἑαυτοῦ,
596 2287 721 2349 τοὺς
741 2286 798 2339 δὲ
819 2287 1237 2359 καταλιμπάνοι,
1266 2289 1439 2360 πόσης
1470 2290 1743 2353 κολάσεως
1770 2289 1926 2343 τοῦτο

357 2376 456 2428 οὐκ
479 2376 645 2440 ἀξιον,
669 2378 717 2430 εί
747 2379 839 2430 καὶ
869 2377 942 2449 μὴ
971 2376 1320 2446 κολάζονται;
1348 2382 1408 2434 El
1442 2380 1497 2433 δὲ
1531 2381 1615 2434 ἐπ’
1638 2381 1924 2454 ἀνθρώπου

356 2466 503 2520 οὕτω
527 2468 721 2538 πικρὸν
754 2468 813 2521 τὸ
842 2469 943 2538 τῆς
968 2469 1124 2538 δόξης
1160 2469 1361 2541 ταύτης
1391 2470 1704 2539 ἀποπεσεῖν,
1749 2472 1926 2544 πολλῷ

362 2558 562 2628 μᾶλλον
591 2560 682 2612 ἐπὶ
718 2559 882 2625 Θεοῦ,
915 2561 1041 2615 ὅταν
1079 2563 1133 2614 αἰ
1161 2561 1273 2616 άνω
1301 2563 1557 2634 δυνάμεις
1590 2567 1757 2618 πᾶσαι
1780 2583 1923 2638 παρ-

368 2650 470 2703 ῶσι
507 2649 644 2721 μετά
684 2651 777 2704 τοῦ
807 2651 1099 2719 Βασιλέως,
1132 2653 1258 2706 ὅταν
1288 2654 1337 2706 οἰ
1370 2653 1621 2725 δαίμονες
1654 2655 1925 2726 δεδεμένοι

357 2739 455 2791 καὶ
481 2739 633 2794 κάτω
660 2738 926 2806 νεύοντες,
983 2741 1077 2794 καὶ
1114 2743 1143 2793 6
1186 2741 1430 2806 διάϐολος
1485 2744 1648 2806 αὐτὸς
1702 2744 1925 2815 δέσμιος

357 2831 577 2901 ἄγηται,
610 2832 706 2885 καὶ
732 2833 883 2886 πᾶσα
917 2832 1067 2901 ἰσχὺς
1099 2833 1132 2902 ή
1166 2833 1538 2904 ἀντικειμένη,
1593 2836 1720 2888 ὅταν
1748 2838 1803 2890 αἱ
1833 2837 1925 2890 δυ-

354 2924 550 2991 νάμεις
574 2923 681 2976 τῶν
704 2924 963 2994 οὐρανῶν,
982 2923 1107 2976 ὅταν
1132 2923 1292 2987 αὐτὸς
1320 2923 1544 2995 ἔρχηται
1579 2928 1671 2980 ἐπὶ
1698 2926 1806 2979 τῶν
1841 2943 1925 2981 νε-

358 3013 554 3084 φελῶν.
587 3014 921 3067 Πιστεύσατέ
946 3032 1056 3084 μοι,
1076 3015 1181 3068 ὐπὸ
1206 3016 1305 3085 τῆς
1329 3016 1519 3088 ὀδύνης
1545 3016 1644 3088 τῆς
1672 3017 1924 3087 κατεχού-

359 3120 460 3174 σης
494 3121 595 3173 μου
628 3103 726 3174 τὴν
759 3102 933 3173 ψυχὴν
962 3103 1038 3173 τῷ
1059 3103 1361 3174 διηγήματι
1384 3106 1557 3175 τούτῳ
1589 3108 1709 3161 οὐδὲ
1739 3108 1920 3172 ὲξανὺο

358 3210 449 3246 σαι
480 3194 569 3246 τὸν
602 3192 761 3251 λόγον
785 3192 1040 3263 δύναμαι.
1081 3194 1454 3265 Ἐννοήσωμεν
1486 3197 1659 3268 πόσης
1693 3200 1925 3251 ἀποστε-

360 3281 600 3353 ρούμεθα
622 3281 924 3353 δόξης,ὲξδν
955 3281 1028 3353 μὴ
1050 3282 1506 3355 ἀποστερηθῆναι.
1527 3284 1597 3336 T6
1622 3283 1728 3355 γάρ
1757 3284 1926 3338 δει·.δν

359 3373 515 3426 τοῦτό
552 3375 718 3434 ἐστιν,
752 3374 832 3427 ὃτι
864 3373 1043 3445 κύριοι
1097 3374 1250 3439 ὄντες
1281 3375 1376 3428 τοῦ
1409 3377 1483 3446 μὴ
1512 3376 1686 3431 ταῦτα
1713 3375 1923 3441 παθεῖν,

360 3462 665 3531 πάσχομεν.
706 3463 875 3515 Ὀταν
931 3463 1040 3533 γάρ
1072 3466 1198 3525 τοὺς
1246 3465 1345 3535 μὲν
1375 3463 1594 3534 δέχηται
1645 3464 1797 3537 [50⁸5]
1835 3466 1929 3519 καὶ

359 3548 547 3617 ἀπάγῃ
579 3547 713 3617 πρὲς
747 3549 837 3600 τὸν
870 3551 1084 3619 Πατέρα
1116 3552 1195 3614 είς
1249 3551 1377 3614 τοὺς
1407 3553 1691 3622 οὐρανοὺς,
1720 3554 1846 3618 τοὺς
1871 3553 1929 3607 δὲ

361 3640 519 3706 ἀφιῇ,
550 3640 643 3690 καὶ
668 3637 923 3701 λαϐόντες
956 3639 1177 3708 ἄγγελοί
1230 3658 1375 3704 τινες
1405 3643 1636 3697 ἕλκωσιν
1694 3645 1929 3709 ἄκοντας

361 3728 455 3780 καὶ
482 3728 908 3797 δεδακρυμένους
969 3730 1064 3783 καὶ
1096 3731 1246 3785 κάτω
1282 3732 1531 3798 νεύοντας
1592 3737 1685 3789 ὲπὶ
1734 3737 1793 3790 τὸ
1833 3739 1931 3808 τῆς

361 3816 588 3886 γεέννης
616 3816 745 3888 πῦρ,
797 3818 1010 3890 πρῶτον
1040 3821 1665 3892 παραδειγματισθέντας
1707 3827 1800 3881 ἐπὶ
1831 3828 1929 3897 τῆς

361 3908 682 3977 οἰκουμένης
701 3909 935 3978 ἀπάσης,
996 3912 1168 3983 πόσην
1206 3912 1306 3967 οίει
1365 3913 1462 3985 τὴν
1504 3915 1697 3987 ὀδύνην
1748 3914 1925 3984 εἷναις

361 3998 689 4070 Σπεύδωμεν
714 3995 805 4055 οὗν
832 4001 933 4067 ἕως
956 4003 1070 4056 έστί
1094 4004 1305 4076 καιρὸς,
1348 4006 1441 4058 καὶ
1468 4006 1667 4077 πολλὴν
1691 4007 1790 4079 τῆς
1812 4010 1933 4063 ὲαυ-

360 4089 469 4141 τῶν
497 4090 765 4161 σωτηρίας
792 4093 891 4165 τὴν
920 4096 1173 4165 φροντίδα
1198 4097 1497 4167 ποιώμεθα.
1527 4099 1675 4152 Πόσα
1706 4100 1931 4155 τοιαῦτα

360 4181 555 4254 ἔχομεν
579 4185 750 4239 εἰπεῖν
780 4182 867 4240 οἷα
904 4189 932 4241 6
968 4189 1231 4254 πλούσιος
1272 4192 1339 4244 Et
1367 4208 1449 4252 τις
1482 4193 1628 4263 ἡμᾶς
1662 4192 1756 4246 νῦν
1807 4210 1928 4245 συν-

362 4274 578 4346 εχώρει,
605 4277 1038 4347 ἐϐουλευσάμεθα
1067 4283 1130 4337 άν
1160 4299 1211 4335 τι
1232 4283 1339 4336 τῶν
1364 4284 1769 4357 συμφερόντων·
1811 4284 1925 4337 ἀλλ’

361 4364 538 4428 οὐδεὶς
562 4366 787 4438 ἀφίησιί
853 4370 961 4423 Καὶ
1013 4371 1095 4425 ὅτι
1150 4373 1404 4444 ἐροῦμεν,
1436 4374 1559 4445 οὐχὶ
1582 4374 1677 4429 ἀπ’
1716 4376 1927 4429 ἐκείνου

366 4460 526 4529 μόνου
556 4462 733 4535 δῆλον,
764 4465 899 4519 ἀλλά
937 4467 1028 4520 καὶ
1059 4468 1167 4521 ἀπὸ
1212 4468 1387 4523 ἀλλων
1420 4469 1651 4525 πολλῶν.
1697 4472 1807 4526 Καὶ
1839 4470 1926 4525 ἵνα

2036 479 2234 550 μάθῃς,
2270 479 2426 532 πόσοι
2478 479 2535 532 ὲν
2595 480 2812 551 πυρετῷ
2838 479 3102 549 ἐγένοντο,
3135 480 3228 533 καὶ
3272 474 3443 549 εἷπον,
3474 480 3605 535 Ἐὰν

2031 570 2465 640 ἀνακτησώμεθα
2511 571 2755 636 ἑαυτοὺς,
2793 570 2970 623 οὐκέτι
3024 572 3136 634 τοῖς
3161 571 3339 635 αὐτοῖς
3369 588 3602 644 περιπε-

2033 658 2298 729 σούμεθαί
2356 661 2531 713 Πολλά
2564 660 2787 714 τοιαῦτα
2820 661 3051 731 ἐροῦμεν
3086 661 3229 724 τότε,
3264 661 3402 715 ἀλλά
3440 664 3609 717 ἀκου-

2033 749 2236 818 σόμεθα
2262 749 2404 821 άπερ
2432 753 2460 804 ὀ
2490 749 2761 814 πλούσιος,
2788 751 2867 803 ὅτι
2902 750 3088 820 χάσμα
3117 750 3263 803 ἐστὶν
3286 789 3301 814 ,
3360 751 3444 804 ὅτι
3500 753 3598 806 ἀπο

2030 838 2293 909 ελάῦομεν
2326 844 2393 894 τά
2422 840 2604 908 ἀγαθά
2634 840 3184 910 ὲνταῦθα.Στένωμεν
3212 836 3324 907 οὖν,
3343 858 3602 912 παρακα-

2029 929 2124 993 λῶ,
2156 930 2370 999 πικρόν·
2408 932 2606 1002 μᾶλλον
2642 930 2698 984 δὲ
2729 931 2804 1002 μὴ
2838 930 2995 1002 μόνον
3027 931 3321 1001 στένωμεν,
3344 932 3480 986 ἀλλά
3509 933 3603 986 καὶ

2032 1018 2376 1090 μετέλθωμεν
2399 1020 2497 1092 τὴν
2524 1022 2741 1093 ἀρετήν.
2783 1021 3146 1091 Πενθήσωμεν
3164 1020 3261 1075 νῦν
3292 1022 3384 1075 ἐπὶ
3421 1039 3598 1092 σωτη-

2032 1106 2142 1179 ρίᾳ,
2180 1107 2266 1161 ῖνα
2298 1109 2372 1179 μὴ
2398 1108 2520 1163 τότε
2548 1108 2904 1180 πενθήσωμεν
2929 1109 3073 1179 εικῆ·
3101 1110 3420 1180 κλαύσωμεν
3476 1111 3594 1176 νῦν,

2030 1198 2123 1250 καὶ
2152 1197 2228 1268 μὴ
2264 1198 2385 1252 τότε
2408 1198 2714 1269 κλαύσομεν
2736 1200 2829 1252 ἐπὶ
2859 1199 3047 1271 κακίᾳ·
3082 1194 3235 1263 οὗτος
3263 1201 3292 1253 6
3323 1200 3598 1271 κλαυθμὸς

2029 1289 2248 1360 ἀρετῆς,
2303 1291 2509 1353 ἐκεῖνος
2558 1289 2865 1359 ἀνωφελοῦς
2917 1291 3203 1361 μετανοίας
3233 1303 3283 1332 ι·
3318 1290 3599 1362 θλίψωμεν

2031 1379 2254 1442 ἑαυτοὺς
2278 1379 2390 1445 νῦν,
2422 1380 2510 1433 ἵνα
2561 1380 2634 1451 μὴ
2667 1382 2786 1433 τότε
2818 1379 3113 1451 θλιϐῶμεν,
3167 1381 3282 1435 Οὐκ
3304 1380 3451 1433 ἐστιν
3486 1381 3601 1434 ίσον

2030 1470 2262 1525 ἐνταῦθα
2320 1471 2587 1540 θλιὸἦναι,
2634 1472 2812 1526 κάκεῖ.
2858 1470 3121 1525 Ἐνταῦθα
3155 1471 3252 1541 μὲν
3297 1471 3406 1542 γὰρ
3464 1471 3601 1542 πρὸς

2032 1560 2236 1630 βραχὺν
2270 1561 2425 1632 θλίόῃ
2453 1562 2663 1631 χρόνον,
2696 1561 2893 1631 μᾶλλον
2925 1561 2983 1615 δὲ
3020 1563 3141 1615 οὐδὲ
3177 1560 3429 1632 αἴσθησιν
3459 1561 3601 1633 λαμ-

2031 1650 2211 1713 ϐάνεις
2232 1652 2331 1722 τῆς
2354 1650 2607 1722 θλίψεως,
2637 1650 2791 1716 είδὼς
2818 1653 2900 1706 ὅτι
2947 1653 3032 1705 ἐπ’
3060 1652 3249 1722 ἀγαθῷ
3276 1651 3456 1722 θλίῦῃ·
3481 1653 3601 1704 ἐκεῖ

2028 1740 2086 1794 δὲ
2116 1741 2465 1813 χαλεπωτέρα
2494 1744 2527 1813 ή
2556 1741 2755 1812 θλῖψις,
2783 1743 2865 1796 ὅτι
2896 1743 2998 1796 οὐκ
3029 1744 3117 1796 ἐπ’
3144 1743 3339 1806 ἑλπίδι,
3372 1742 3489 1795 οὐδὲ
3509 1741 3600 1793 ἐπί

2028 1849 2135 1885 τινι
2194 1831 2428 1902 διεξόδῳ,
2485 1832 2620 1887 ἀλλά
2657 1832 2898 1906 ἀπείρως
2930 1832 2959 1873 ι)
2989 1833 3084 1886 καὶ
3133 1832 3422 1896 διαπαντός
3460 1834 3598 1886 ἐστι.

2028 1919 2243 1974 Γένοιτο
2268 1920 2323 1974 δὲ
2378 1920 2582 1984 πάντας
2613 1921 2761 1990 ἡμᾶς
2814 1920 3225 1990 ἀπαλλαγέντας
3260 1922 3443 1992 τυχεῖν
3502 1922 3602 1991 τῆς

2029 2013 2284 2077 ἀνέσεως.
2335 2012 2473 2067 Ἀλλ’
2499 2014 2621 2067 ἐπεὶ
2650 2014 2789 2085 πρὸς
2818 2013 2880 2066 τὸ
2941 2013 3017 2086 μὴ
3046 2013 3247 2083 ταύτης
3279 2013 3600 2084 διαμαρτεῖν

2029 2103 2187 2173 χρεία
2246 2104 2499 2158 συντόνου
2535 2105 2770 2177 σπουδῆς
2832 2104 2927 2158 καὶ
2980 2104 3337 2159 ἀδιαλείπτων
3398 2101 3597 2172 εὐχῶν,

2031 2194 2439 2266 σπουδάζωμεν,
2468 2196 2788 2269 παρακαλῶ·
2828 2197 2895 2251 ἂν
2924 2195 3035 2267 γάρ
3066 2195 3474 2264 σπουδάξωμεν,
3506 2193 3601 2247 καὶ

2030 2284 2311 2355 εὐχόμενοι
2339 2286 2593 2358 ἀνύομεν·
2632 2287 2726 2341 ὲάν
2752 2286 3041 2359 εὐχώμεθα
3094 2285 3348 2347 ἐκτενῶς,
3382 2285 3602 2338 δίδωσιν

2028 2377 2058 2429 6
2085 2375 2234 2440 Θεός.
2254 2377 2352 2430 Ἂν
2393 2377 2448 2431 δὲ
2481 2379 2616 2450 μήτε
2641 2378 2881 2450 αἰτῶμεν
2908 2378 3091 2440 αὐτὸν,
3121 2379 3256 2447 μήτε
3286 2361 3597 2445 ὲνεργῶμέν

2030 2484 2081 2520 τι
2106 2468 2361 2529 τοιοῦτον,
2397 2469 2531 2540 μηδὲ
2560 2468 2941 2540 ἐργαζώμεθα,
2981 2468 3099 2532 πῶς
3147 2467 3226 2521 ἔνι
3254 2467 3599 2539 κατορθῶσαί

2031 2574 2159 2611 ποτε
2197 2558 2594 2621 καθεύδοντας;
2626 2558 2911 2630 Οὐδαμῶς.
2975 2558 3281 2628 Ἀγαπητὸν
3336 2557 3443 2628 γὰρ
3472 2556 3597 2627 τρέ-

2029 2666 2223 2718 χοντας
2272 2650 2368 2702 καὶ
2395 2648 2874 2720 ὲπεκτεινομένους
2924 2650 3019 2703 καὶ
3073 2648 3597 2719 συμμορφουμένους

2030 2739 2107 2809 τῷ
2135 2738 2348 2809 θανάτῳ
2375 2736 2561 2803 αὐτοῦ,
2590 2738 2667 2801 ὡς
2694 2738 2905 2801 Παῦλος
2953 2732 3095 2802 εἷπε,
3134 2736 3427 2807 δυνηθῆναι
3478 2736 3599 2787 ἐπι-

2029 2832 2228 2900 τυχεῖν,
2259 2832 2472 2901 μήτιγε
2501 2830 2564 2900 δὴ
2591 2828 2969 2891 καθεύδοντας.
2991 2827 3061 2882 El
3082 2842 3207 2894 πως
3225 2826 3599 2895 καταντήσω,

2032 2920 2211 2991 φησίν.
2238 2921 2299 2974 El
2325 2920 2381 2974 δὲ
2409 2920 2615 2984 Παῦλος
2661 2918 2844 2987 ἔλεγεν
2869 2959 2882 2984 ,
2937 2917 3013 2972 Et
3040 2931 3164 2984 πως
3208 2915 3564 2986 καταντήσω
3583 2953 3602 2981 ,

2028 3012 2081 3064 τί
2112 3013 2269 3083 ἡμεῖς
2300 3010 2565 3081 ὲροῦμεν;
2628 3008 3006 3072 Καθεύδοντας
3041 3009 3155 3075 γάρ
3192 3007 3314 3061 οὐδὲ
3352 3006 3592 3077 κοσμικά

2032 3104 2331 3173 πράγματα
2384 3102 2531 3155 ἔστιν
2560 3101 2753 3156 ἀνύσαι
2784 3100 2931 3164 ποτὲ,
2983 3098 3113 3170 μήτι
3143 3115 3206 3167 γε
3237 3097 3599 3168 πνευματικά·

2030 3194 2384 3257 καθεύδοντας
2429 3194 2550 3247 οὐδὲ
2589 3193 2739 3264 παρὰ
2796 3193 2903 3246 τῶν
2953 3191 3120 3260 φίλων
3176 3189 3291 3243 ἔστι
3319 3208 3370 3243 τι
3422 3189 3605 3243 λαϐεῖν

2030 3301 2182 3348 ποτε,
2219 3284 2345 3354 μήτι
2377 3300 2442 3352 γε
2464 3286 2613 3354 παρὰ
2642 3282 2800 3336 Θεοῦ·
2832 3280 3192 3343 καθεύδοντας
3221 3279 3341 3332 οὐδὲ
3366 3278 3604 3349 πατέρες

2029 3375 2250 3447 τιμῶσι,
2276 3375 2406 3445 μήτι
2436 3391 2500 3443 γε
2526 3376 2554 3426 6
2587 3374 2735 3438 Θεός.
2759 3373 2973 3445 Μικρὸν
2999 3371 3340 3441 πονήσωμεν,
3365 3368 3450 3420 ῖνα
3480 3368 3602 3421 δια-

2030 3464 2230 3528 παντὸς
2260 3462 2719 3534 ἀναπαυσώμεθα.
2748 3461 2972 3523 Πάντως
2998 3459 3239 3528 θλιὸἦναι
3264 3455 3361 3507 δεῖ·
3392 3454 3493 3507 κᾶν
3518 3454 3598 3525 μὴ

2030 3554 2300 3625 θλιϐῶμεν
2328 3552 2582 3615 ἐνταῦθα,
2614 3553 2731 3605 ἐκεῖ
2760 3550 2920 3604 τοῦτο
2976 3550 3146 3620 μένει.
3198 3546 3293 3600 Διά
3318 3544 3371 3598 τί
3408 3544 3482 3614 μὴ
3504 3545 3598 3597 αι-

2035 3646 2271 3717 ρούμεθα
2308 3644 2541 3699 ἐνταῦθα
2578 3643 2844 3715 θλιόἦναι,
2871 3641 2958 3695 ἵνα
2975 3642 3092 3694 ἐκεῖ
3120 3634 3601 3705 ἀναπαυσώμεθα;

2031 3738 2244 3790 Γένοιτο
2263 3736 2318 3789 δὲ
2353 3735 2562 3796 πάντας
2588 3735 2736 3804 ἡμᾶς
2760 3732 2925 3797 ἀξίως
2957 3727 3449 3798 πολιτευσαμένους
3477 3727 3608 3797 Χρι‹

2034 3827 2180 3893 στοῦ,
2210 3829 2304 3882 καὶ
2329 3826 2405 3897 τῷ
2436 3826 2649 3897 θανάτῳ
2691 3822 2854 3880 αὐτοῦ
2890 3819 3040 3893 [504]
3078 3816 3605 3888 συμμορφωθέντας,

2029 3918 2138 3991 τῶν
2195 3919 2518 3988 ἀπορρήτων
2547 3916 2727 3985 τυχεῖν
2792 3909 3011 3981 ἀγαθῶν
3046 3910 3104 3961 ὲν
3136 3905 3360 3977 Χριστῷ
3406 3904 3603 3973 Ἰησοῦ,

2035 4008 2155 4081 μεθ’
2182 4002 2244 4062 οὗ
2269 4008 2344 4079 τῷ
2378 4008 2552 4078 Πατρὶ
2572 4005 2688 4077 ἅμα
2712 4003 2791 4075 τῷ
2826 4002 2964 4072 ἁγίῳ
2990 3999 3268 4069 Πνεύματι
3300 3997 3446 4063 δόξα,
3468 3996 3605 4064 κρά-

2031 4118 2154 4167 τος,
2221 4099 2386 4171 τιμὴ,
2444 4097 2540 4151 νῦν
2592 4097 2685 4150 καὶ
2714 4095 2823 4162 ἀεὶ,
2871 4094 2965 4147 καὶ
3005 4092 3084 4154 εἰς
3108 4087 3235 4151 τοὺς
3262 4086 3463 4148 αἰῶνας
3492 4085 3603 4138 τῶν

2033 4192 2263 4246 αἰώνων.
2300 4192 2495 4261 Ἀμήν.

2096 4358 2122 4385 ⁸
2143 4352 2292 4411 Ειιίιί,
2315 4349 2583 4412 ἀνωφελοῦς
2604 4350 2825 4407 διανοίας.
2858 4345 3081 4399 Nobilius
3103 4344 3232 4408 legit
3267 4340 3520 4404 μετανοίας.
3551 4342 3604 4389 ct

2032 4417 2104 4467 sic
2124 4414 2320 4465 omnino
2348 4414 2630 4476 legendqm.

2097 4479 2125 4518 ι’
2148 4479 2363 4529 Dunaeus
2383 4473 2509 4536 cbnj.
2534 4473 2744 4536 ἄπειρος.

371 4665 3583 4695 ____________________________________________________________

1845 4839 2086 4894 ΟΜΙΛΙᾹ
2126 4840 2215 4896 1Δ’.

362 4997 603 5065 Χαίρετε
632 4995 700 5049 ἐν
738 4996 930 5066 Κυρίῳ
954 4996 1228 5051 πάντοτε·
1270 4997 1455 5051 πάλιν
1489 4997 1628 5065 ἐρῶ,
1664 4995 1925 5063 Χαίρετε.

440 5086 509 5141 Τὸ
534 5086 790 5152 ἐπιεικὲς
814 5086 980 5157 ὑμῶν
1010 5087 1332 5156 γνωσθήτω
1361 5086 1551 5141 πᾶσιν
1578 5085 1925 5153 ἀνθρώποις.

454 5178 517 5231 '0
560 5174 767 5247 Κύριος
810 5179 989 5249 ἐγγύς
1014 5195 1026 5208 ·
1072 5178 1267 5249 μηδὲν
1306 5177 1649 5247 μεριμνᾶτε.
1693 5177 1829 5230 ἀλλ’
1864 5176 1932 5229 ἑν

440 5266 615 5319 παντί
648 5267 721 5335 τῇ
749 5266 1060 5336 προσευχῇ
1092 5269 1187 5321 καὶ
1223 5266 1293 5336 τῇ
1324 5267 1527 5333 δεήσει
1564 5266 1712 5335 μετὰ
1751 5270 1924 5334 εὐχα-

429 5358 669 5426 ριστίας
723 5358 794 5411 τὰ
843 5358 1135 5426 αἰτήματα
1180 5357 1347 5426 ὑμῶν
1383 5355 1745 5426 γνωριζέσθω
1784 5355 1932 5422 πρὸς

439 5449 547 5502 τὸν
576 5448 745 5510 Θεὸν,
774 5448 873 5501 καί
899 5450 935 5516 ἡ
958 5448 1161 5516 εἰρήνη
1185 5446 1287 5501 τοῦ
1316 5446 1462 5500 Θεοῦ
1486 5446 1523 5512 ἡ
1556 5444 1936 5513 ὑπερέχουσα

440 5540 636 5592 πάντα
664 5537 816 5591 νοῦν
853 5538 1180 5607 φρουρήσει
1218 5539 1324 5604 τὰς
1364 5536 1610 5605 καρδίας
1641 5534 1808 5605 ὑμῶν
1842 5535 1938 5588 καὶ

444 5631 513 5682 τὰ
547 5629 816 5696 νοήματα
848 5627 1014 5697 ὑμῶν
1039 5630 1107 5681 ἐν
1135 5627 1363 5695 Χριστῷ
1397 5627 1621 5694 Ἰησοῦ.

450 5724 519 5769 α’.
541 5720 824 5786 Μακάριοι
848 5722 902 5773 οἱ
920 5720 1298 5785 πενθοῦντες,
1316 5719 1428 5786 καὶ,
1452 5718 1593 5772 Οὐαί
1620 5717 1740 5782 τοῖς
1765 5714 1939 5786 γελῶ-

2032 5007 2119 5057 σι,
2140 4993 2304 5064 φησὶν
2333 4994 2362 5046 6
2385 4990 2638 5062 Χριστός.
2675 4990 2740 5044 Τί
2767 4986 2861 5044 οὖν
2888 4992 2917 5045 6
2944 4987 3153 5051 Παῦλός
3177 5004 3331 5057 φησι,
3358 4985 3604 5056 Χαίρετε

2033 5084 2103 5136 ὲν
2124 5084 2316 5150 Κυρίῳ
2336 5082 2591 5135 πάντοτε
2606 5099 2623 5146 ;
2637 5081 2736 5133 οὐκ
2756 5079 3160 5150 ἐναντιούμενος
3171 5076 3248 5147 τῷ
3269 5078 3310 5129 Χ
3319 5079 3505 5147 ριστιξι·
3532 5075 3611 5145 μὴ

2033 5175 2260 5242 γένοιτο.
2291 5173 2423 5225 0ὐαί
2455 5173 2560 5241 γὰρ
2582 5174 2692 5234 τοῖς
2716 5171 2965 5239 γελῶσιν,
2990 5164 3142 5222 εἶπεν
3174 5171 3204 5221 6
3237 5165 3493 5237 Χριστὸς,
3518 5166 3609 5217 τὸν

2034 5265 2244 5332 γέλωτα
2275 5264 2366 5315 τοῦ
2387 5264 2592 5333 κόσμου
2618 5262 2806 5315 τούτου
2837 5259 3227 5328 αίνιττόμενος,
3258 5257 3349 5309 τὸν
3378 5256 3467 5307 ὲπί
3492 5258 3609 5319 τοῖς

2040 5353 2270 5423 παροῦσι
2302 5352 2584 5422 γινόμενον
2612 5352 2930 5423 πράγμασι·
2972 5349 3067 5401 καὶ
3104 5348 3229 5409 τοὺς
3276 5343 3611 5406 πενθοῦντας

2033 5444 2390 5515 ὲμακάρισεν,
2417 5443 2479 5496 οὐ
2509 5444 2635 5506 τούς
2672 5442 2860 5505 ἁπλῶς
2887 5438 3221 5499 πενθοῦντας
3243 5436 3335 5488 ἐπὶ
3358 5437 3475 5495 ταῖς
3501 5435 3613 5486 τῶν

2034 5534 2246 5587 οἰκείων
2275 5533 2595 5596 ἀποδολαῖς,
2629 5533 2763 5586 ἀλλὰ
2791 5534 2918 5595 τοὺς
2953 5528 3479 5596 κατανενυγμένους,
3511 5530 3614 5578 καὶ

2035 5626 2103 5679 τά
2132 5628 2310 5678 οἰκεῖα
2345 5623 2670 5687 πενθοῦντας
2693 5622 2857 5688 κακὲ,
2888 5624 3013 5686 τοὺς
3036 5620 3103 5673 τά
3128 5617 3338 5672 ἑαυτῶν
3358 5617 3615 5686 άμαρτή-
3710 5634 3717 5640 ·

2039 5733 2182 5787 ματα
2216 5714 2721 5785 ἀναλογιζομένους,
2750 5716 2783 5785 ἢ
2817 5716 2910 5767 καὶ
2938 5715 3007 5768 τά
3034 5710 3311 5780 ἀλλότρια.
3345 5708 3459 5763 Οὐκ
3492 5706 3616 5760 ἔστι

4017 2988 4030 3027 4
