4030 6204
489 292 590 348 284

490 409 808 471 «τυπιαιιρηε,
839 418 957 474 quas
987 400 1145 456 nullis
1190 397 1369 453 verbis
1395 397 1619 467 exprimi
1649 404 1844 467 potest,
1888 410 2071 449 omnes

491 516 622 554 vero
642 498 897 553 festinant
923 493 1188 548 adducere
1226 490 1278 544 in
1326 489 1556 543 medium
1604 487 1840 542 electos:
1872 487 2068 542 deinde

495 592 690 645 Paulus
715 597 768 644 et
798 589 830 640 ii
856 586 942 656 qui
975 583 1199 639 Paulum
1225 581 1413 636 sectati
1440 588 1585 646 sunt,
1621 579 1817 649 quique
1844 579 1912 632 ita
1946 593 2069 647 pro-

497 682 601 735 bati
632 686 784 742 sunt,
825 683 1174 737 coronantur,
1207 671 1584 741 prmdicantnr,
1607 684 1636 723 a
1687 668 1830 739 Rege
1860 669 1909 722 iu
1940 684 2067 722 con-

496 778 673 838 spectu
705 768 864 821 totius
894 764 1126 820 caalestis
1168 763 1439 818 exercitus
1485 761 1690 826 honore
1739 760 2060 815 afficiuntur.

493 860 621 915 Nam
643 857 845 912 etiamsi
869 856 1110 925 gehenna
1141 867 1245 907 non
1264 861 1427 919 esset,
1450 861 1701 922 quantum
1731 861 1906 905 tamen
1937 850 2067 904 illud

491 960 589 1009 est.
624 949 721 1002 hos
745 948 956 1016 quidem
989 948 1275 1010 honorem,
1308 945 1426 999 illos
1454 959 1582 999 vero
1609 943 1947 1013 ignominiam
1978 958 2066 996 re-

490 1040 741 1111 portare?
783 1037 1142 1093 lntolerabilis
1190 1051 1279 1092 res
1308 1045 1389 1090 est
1434 1034 1715 1106 gehenna,
1768 1031 1971 1095 fateor,
2014 1040 2065 1085 et

488 1132 642 1187 valde
688 1129 901 1200 quidem
951 1126 1339 1189 intolerabilis;
1397 1134 1631 1180 attamen
1680 1122 2067 1178 intolerabilius

488 1223 620 1277 mihi
646 1222 858 1277 videtur
886 1220 954 1274 de
982 1233 1148 1290 regno
1187 1215 1477 1273 decidisse.
1509 1215 1657 1271 Cedo
1684 1214 1847 1275 enim,
1876 1213 1918 1267 si
1946 1212 2066 1281 quis

487 1326 582 1367 rex
605 1313 687 1365 vel
716 1311 857 1381 regis
886 1310 1042 1372 illius,
1068 1308 1229 1363 domo
1255 1306 1522 1376 profectus
1549 1304 1732 1359 multis
1747 1302 1901 1358 bellis
1917 1315 2067 1370 egre-

491 1403 576 1472 gie
612 1400 895 1468 confectis,
934 1414 1228 1471 magnaque
1270 1398 1351 1453 sui
1396 1396 1747 1451 admiratione
1777 1404 2062 1456 commota,

493 1492 743 1546 universo
768 1492 1054 1546 comitatus
1081 1489 1317 1544 exercitu
1357 1488 1409 1542 in
1435 1487 1699 1541 civitatem
1730 1486 1959 1553 aliquam
1987 1484 2068 1536 in-

492 1584 804 1655 grederetur
830 1598 950 1637 cum
982 1581 1247 1645 vehiculo,
1283 1594 1403 1634 cum
1434 1578 1669 1648 tropteis,
1693 1592 1813 1631 cum
1840 1589 2064 1630 sexcen-

495 1677 563 1729 tis
581 1674 811 1729 militum
834 1672 1113 1727 ordinibus
1141 1685 1274 1726 anro
1299 1677 1612 1725 onustorum
1634 1710 1649 1733 ,
1678 1681 1799 1721 cum
1828 1665 2066 1719 satelliti-

490 1767 591 1822 bus
634 1766 885 1820 omnibus
924 1778 1119 1819 aureos
1168 1762 1386 1832 clypeos
1413 1757 1775 1831 gestantibus;
1818 1756 2062 1809 universa

488 1868 665 1915 autem
695 1859 884 1913 civitas
908 1866 1162 1912 coronata
1195 1862 1359 1919 esset,
1390 1865 1687 1922 omnesque
1727 1848 1873 1903 orbis
1921 1846 2066 1916 prin-

489 1951 634 2021 cipes
659 1965 781 2005 cum
822 1948 974 2018 ipso;
1024 1961 1053 2000 a
1105 1953 1253 2014 tergo
1307 1952 1486 1997 autem
1536 1941 1709 2011 ipsum
1755 1944 2068 2007 sequeretur

490 2042 665 2095 omnis
684 2054 895 2110 quoque
915 2046 1047 2092 tetas
1073 2044 1379 2091 exterarum
1410 2032 1681 2086 nationum
1699 2029 2062 2098 captiva,cum

492 2129 779 2199 praefectis,
807 2126 1053 2196 satrapis,
1071 2123 1399 2184 consulibus,
1415 2119 1679 2191 tyrannis,
1705 2117 2031 2186 principibus
2049 2131 2063 2167 :

494 2219 687 2273 deinde
726 2219 777 2271 in
811 2217 1066 2287 pr:eclara
1095 2215 1182 2268 illa
1214 2227 1406 2284 pompa
1433 2211 1644 2265 obviam
1673 2208 1773 2263 sibi
1802 2207 2068 2277 prodeun-

496 2323 577 2367 tes
625 2313 768 2367 cii-es
823 2310 1188 2377 amplexetur,
1217 2304 1523 2369 osculetur,
1572 2316 1784 2355 manum
1816 2299 2063 2368 porrigat,

493 2418 706 2458 omnem
752 2401 841 2454 det
884 2397 1130 2469 loquendi
1163 2396 1488 2460 libertatem,
1524 2400 1683 2462 atque
1728 2393 1778 2445 in
1831 2390 2067 2444 onminm

491 2501 779 2562 conspectu
827 2505 950 2544 cum
989 2488 1117 2557 ipsis
1148 2494 1204 2541 ut
1234 2500 1354 2540 cum
1387 2483 1572 2538 amicis
1599 2481 1949 2550 colloquatur,
1989 2489 2069 2532 to-

493 2594 704 2652 tumque
727 2579 855 2634 illud
875 2578 977 2633 iter
999 2577 1235 2647 ipsorum
1258 2575 1358 2630 sibi
1388 2588 1546 2628 causa
1570 2580 1877 2639 susceptum
1904 2568 2062 2633 dicat,

488 2685 646 2745 atque
701 2672 801 2727 hos
845 2670 1061 2741 quidem
1090 2670 1139 2722 in
1184 2667 1383 2737 regiam
1432 2679 1583 2718 suam
1628 2661 1902 2732 perducat,
1934 2660 2069 2714 alios

487 2780 614 2821 vero
641 2763 980 2830 derelinquat
1007 2776 1020 2814 :
1049 2767 1306 2829 quantum
1354 2755 1407 2810 id
1435 2755 1580 2809 omni
1614 2752 1876 2822 supplicio
1898 2750 2069 2819 majus

489 2867 590 2920 est,
638 2854 795 2909 etiam
831 2852 876 2906 si
907 2852 980 2905 illi
1021 2847 1284 2918 supplicio
1311 2862 1418 2901 non
1450 2843 1796 2899 afﬁciantur?
1841 2841 1990 2908 Quod
2024 2842 2065 2894 si

492 2947 629 3015 apud
661 2945 930 2999 hominem
974 2942 1110 2997 adeo
1135 2954 1375 2994 amarum
1409 2947 1491 2992 est
1515 2936 1582 2991 de
1607 2936 1772 3006 gloria
1807 2934 1894 2987 illa
1924 2931 2070 2988 deei-

495 3037 655 3103 disse,
690 3037 854 3089 multo
896 3035 1060 3104 magis
1081 3032 1218 3102 apud
1249 3031 1433 3094 Deum,
1468 3043 1587 3083 cum
1616 3041 1823 3096 supera:
1846 3033 2069 3093 potesta-

495 3138 573 3186 tes
595 3146 695 3184 una
724 3144 845 3184 cum
870 3127 1015 3198 Rege
1041 3126 1256 3189 adsunt,
1284 3139 1403 3178 cum
1424 3123 1697 3177 daemones
1727 3119 1885 3173 vincti
1910 3128 2070 3188 atque

490 3223 714 3288 incurvi,
744 3220 986 3275 diabolus
1032 3218 1145 3288 ipse
1172 3215 1417 3271 manibus
1448 3212 1698 3269 revinctis
1725 3210 1918 3281 agitur,
1949 3224 2068 3263 om-

490 3329 663 3384 neque
688 3312 1118 3368 adversariorum
1138 3309 1335 3373 robur;
1376 3321 1497 3361 cum
1533 3306 1766 3360 Virtutes
1791 3302 2065 3367 caelorum,

486 3420 605 3459 cum
631 3404 741 3473 ipse
768 3404 819 3456 in
847 3401 1076 3456 nubibus
1123 3397 1384 3453 advenit?
1412 3395 1625 3451 Credite
1655 3394 1807 3459 mihi,
1840 3408 1947 3461 pne
1974 3391 2069 3445 do—

487 3497 620 3562 lore,
641 3494 982 3565 quianitnum
1011 3507 1186 3546 meum
1215 3506 1278 3544 ex
1307 3491 1405 3544 hac
1431 3487 1736 3543 narratione
1763 3483 2065 3552 occupavit,

489 3588 782 3641 orationem
812 3584 880 3638 ad
909 3584 1109 3638 exitum
1133 3579 1426 3652 perducere
1445 3593 1547 3632 non
1581 3589 1819 3646 possum.
1851 3573 2065 3642 Cogite-

494 3691 628 3740 mus,
660 3685 856 3746 quanta
882 3675 1151 3744 privemur
1178 3671 1364 3743 gloria,
1388 3685 1509 3724 cum
1539 3669 1590 3722 in
1618 3667 1773 3721 nobis
1800 3666 1958 3720 situm
2000 3664 2070 3718 sit

496 3783 600 3821 non
652 3766 868 3836 privari.
901 3765 1013 3819 lloc
1042 3764 1180 3818 enim
1212 3759 1458 3831 estquod
1505 3759 1735 3812 maxime
1757 3757 1921 3825 angit,
1953 3754 2068 3809 lucc

495 3861 624 3930 pati,
655 3874 775 3913 cum
819 3860 869 3912 in
900 3867 1077 3913 nostra
1107 3864 1367 3926 potestate
1399 3855 1469 3907 sit
1494 3868 1600 3907 non
1627 3853 1753 3922 pati.
1784 3851 1915 3904 Nam
1945 3864 2065 3903 cum

494 3949 594 4005 hos
614 3950 825 4021 quidem
856 3947 1212 4019 amplectitur,
1231 3954 1285 4000 et
1301 3944 1463 3998 mittit
1480 3944 1533 3997 in
1558 3943 1717 3997 cazlos
1744 3941 1809 3994 ad
1834 3941 2065 4003 Patrem,

490 4040 615 4095 illos
644 4054 773 4095 vero
798 4038 1022 4103 omittit;
1078 4037 1249 4106 angeli
1275 4033 1491 4105 quidam
1528 4032 1650 4086 illos
1675 4029 2069 4101 prehendentes

487 4133 541 4188 in
569 4133 828 4202 gehennae
851 4131 1027 4200 ignem
1046 4129 1259 4192 invitos,
1286 4124 1499 4188 ﬂentes,
1519 4123 1766 4176 incurvos
1786 4120 2066 4183 traxerint,

487 4240 551 4279 ae
568 4236 676 4277 tum
701 4223 937 4286 demum,
958 4235 1079 4274 cum
1105 4218 1358 4273 universo
1371 4215 1485 4271 orbi
1510 4213 1812 4285 spectaculo
1838 4212 2065 4268 fuerint:

486 4321 743 4384 quantum
768 4321 922 4383 putas
950 4309 1153 4365 doloris
1178 4305 1421 4361 hauriri?
1447 4305 1690 4360 Studium
1725 4303 1885 4373 igitur
1907 4302 2065 4357 adhi-

487 4403 732 4469 beamus,
760 4400 1011 4473 quamdiu
1059 4408 1269 4467 tempus
1312 4405 1415 4461 est,
1447 4403 1789 4463 nostramque
1832 4394 2068 4463 ipsorum

492 4494 721 4548 salutem
748 4493 977 4547 sollicite
1013 4504 1281 4544 curemus.
1312 4487 1519 4554 Quanta
1546 4485 1728 4539 dicere
1767 4498 2065 4553 possemus,

493 4584 666 4651 qualia
696 4583 842 4638 dives
873 4583 964 4637 ille
990 4581 1201 4636 dicebat
1232 4597 1244 4632 :
1271 4578 1326 4633 Si
1350 4576 1470 4648 quis
1498 4590 1639 4629 nunc
1664 4588 1758 4629 nos
1780 4575 1939 4637 sinat,
1963 4583 2069 4627 sta-

494 4677 762 4731 lueremus
790 4688 880 4736 ea,
904 4688 1021 4742 qum
1050 4672 1100 4725 in
1131 4685 1244 4725 rem
1277 4677 1514 4723 nostram
1542 4674 1743 4730 essent,
1769 4665 1861 4718 sed
1891 4666 2070 4719 nullus

1332 279 1399 338 IN
1441 279 1657 336 EPIST.
1700 278 1792 333 AD
1828 276 2112 334 PlllLlPP.
2147 275 2299 333 CAP.
2340 276 2428 336 IV.
2471 282 2697 341 HOMIL.
2746 286 2888 343 XlV.

3633 297 3747 350 ἳκτι

2181 395 2344 449 sinit?
2374 397 2624 470 'l‘aliaque
2651 418 2746 456 nos
2777 404 3011 458 dicturos
3039 422 3142 459 non
3189 408 3359 461 solum
3387 425 3453 461 ex
3505 410 3616 476 illo,
3650 412 3744 467 sed

2173 486 2334 540 etiam
2384 503 2448 543 ex
2479 492 2657 546 multis
2686 494 2804 548 aliis
2855 495 3190 550 manifestum
3221 508 3321 552 est.
3358 498 3509 560 Nam.
3542 477 3747 558 uthinc

2172 579 2331 633 etiam
2363 581 2558 645 discas,
2589 593 2719 651 quot
2759 585 2969 642 inerunt
2990 589 3078 657 qui
3107 603 3224 642 cum
3252 588 3382 644 febri
3418 591 3741 658 laborarent,

2173 667 2241 721 ita
2269 669 2536 735 dixerunt,
2568 672 2623 727 Si
2655 675 2928 742 pristinam
2954 677 3312 732 valetudinem
3345 696 3747 751 recnperemns,

2172 772 2459 827 numquam
2493 766 2711 828 posthac
2754 763 2805 817 in
2837 763 2949 820 lucc
2989 766 3176 821 cadent
3217 768 3355 822 mala
3402 769 3748 828 decidemns?

2171 846 2332 902 Multa
2374 849 2673 921 hujustnodi
2704 864 2829 910 tunc
2858 858 3097 913 dicemus
3124 875 3138 921 ',
3170 861 3261 913 sed
3292 877 3359 915 au
3384 858 3596 927 ‘icmus,
3629 880 3749 933 qua:

2170 939 2318 995 dives
2346 941 2431 994 ille
2455 943 2606 1007 (Luc.
2632 946 2719 1001 16.
2743 946 2837 1007 26)
2855 964 3130 1017 ,magnum
3164 951 3362 1005 hiatum
3390 952 3745 1020 intercedere,

2172 1027 2258 1083 hic
2280 1045 2376 1085 nos
2405 1042 2585 1087 nostra
2619 1034 2753 1089 bona
2784 1039 3077 1109 accepisse.
3106 1040 3342 1097 Obsecro
3372 1044 3749 1114 igitur,amare

2171 1118 2429 1187 fleamus;
2466 1135 2558 1178 aut
2590 1130 2765 1196 potius
2794 1143 2901 1184 non
2930 1139 3132 1184 tantum
3191 1132 3435 1199 ﬂeamus,
3465 1135 3558 1191 sed
3585 1137 3746 1191 etiam

2170 1216 2419 1270 virtutem
2445 1216 2716 1273 adeamus.
2748 1219 3045 1291 Lugeamus
3090 1239 3231 1279 nunc
3255 1224 3320 1279 ad
3374 1227 3602 1282 salutem
3627 1268 3645 1296 ,
3681 1243 3748 1282 ne

2171 1314 2295 1362 tunc
2323 1307 2517 1362 frustra
2548 1311 2856 1380 lugeamus:
2890 1312 3163 1382 ploremus
3191 1330 3355 1381 nunc,
3388 1325 3443 1370 et
3465 1326 3588 1372 tunc
3640 1336 3749 1375 non

2172 1398 2497 1467 plorabimus
2525 1416 2592 1454 ex
2638 1402 3018 1471 improbitate:
3049 1404 3206 1459 fletus
3250 1404 3338 1460 hic
3388 1407 3600 1461 virtutis
3643 1419 3746 1475 est,

2171 1488 2257 1545 ille
2302 1505 2431 1546 vero
2478 1491 2679 1546 inutilis
2710 1493 3033 1561 ptenitcntiae
3066 1494 3421 1551 :alllictemus
3468 1514 3609 1551 nunc
3650 1514 3747 1554 nos

2171 1579 2336 1647 ipsos,
2360 1598 2424 1634 ac
2452 1589 2578 1635 tunc
2605 1581 2940 1637 alﬂictcmur.
2976 1583 3197 1639 Multum
3248 1586 3473 1641 interest
3499 1587 3585 1641 hic
3609 1587 3748 1643 affli-

2170 1671 2321 1738 Clari,
2356 1682 2409 1727 et
2456 1673 2547 1727 ibi.
2577 1673 2707 1727 Nam
2755 1673 2841 1730 hic
2889 1676 3105 1744 quidem
3154 1677 3222 1732 ad
3276 1677 3438 1734 breve
3475 1679 3749 1736 afﬂictaris

2172 1774 2414 1832 tempus;
2445 1765 2617 1833 potius
2638 1774 2813 1822 autem
2845 1783 2911 1823 ne
2954 1783 3169 1824 sensum
3201 1771 3413 1840 quidem
3444 1772 3765 1830 afflictionis'

2170 1855 2335 1923 capis.
2395 1856 2729 1926 exploratum
2773 1859 2975 1915 habens
3004 1859 3248 1917 afﬂictari
3278 1870 3363 1929 te,
3394 1872 3449 1918 ut
3477 1865 3613 1920 bene
3651 1865 3746 1920 tibi

2170 1944 2277 1999 sit:
2315 1945 2383 1999 ibi
2417 1962 2545 2002 vero
2574 1948 2731 2019 longe
2760 1948 2946 2005 durior
2981 1950 3232 2019 afﬂictio;
3277 1953 3422 2009 nulla
3462 1954 3607 2010 enim
3654 1971 3749 2025 spe

2170 2043 2463 2099 recreatur,
2497 2050 2669 2107 neque
2698 2038 2899 2094 exitum
2928 2039 3152 2103 invenit.
3182 2041 3275 2096 sed
3306 2042 3506 2097 infinita
3534 2059 3596 2099 ac
3623 2061 3750 2113 per-

2174 2133 2328 2194 petua
2358 2134 2461 2182 est.
2506 2126 2720 2184 Utinam
2750 2145 2879 2186 vero
2908 2130 3034 2187 hinc
3056 2132 3271 2187 liberati
3318 2135 3560 2204 requiem
3603 2136 3745 2189 illam

2170 2212 2581 2290 consequamur.
2609 2221 2714 2277 Sed
2744 2222 3016 2294 quoniam,
3073 2232 3132 2279 ut
3184 2240 3251 2279 ne
3282 2241 3591 2295 peccemus,
3626 2243 3747 2281 cum

2170 2311 2387 2366 assiduo
2415 2311 2611 2377 studio,
2643 2323 2751 2368 tum
2803 2314 3032 2369 assiduis
3062 2317 3308 2385 precibus
3334 2332 3468 2386 opus
3506 2326 3606 2382 est,
3633 2328 3747 2373 stn-

2171 2402 2415 2469 deamus,
2450 2419 2654 2472 qu:eso,
2707 2406 2945 2474 requiem
2997 2407 3139 2460 illam
3191 2409 3468 2477 consequi.
3524 2409 3656 2461 Nam
3704 2411 3747 2462 si

2171 2493 2479 2548 Studeamus
2508 2503 2562 2548 et
2592 2510 2908 2563 precemur,
2955 2511 3381 2565 consequemur:
3438 2498 3483 2551 si
3539 2499 3749 2553 assidue

2173 2574 2529 2654 precabimur,
2562 2585 2707 2640 dabit
2737 2587 2893 2642 Deus.
2942 2586 3033 2643 Sin
3085 2599 3263 2642 autem
3317 2603 3491 2659 neque
3522 2589 3589 2645 ab
3633 2592 3750 2660 ipso

2172 2683 2435 2743 petamus,
2479 2691 2576 2729 nec
2603 2676 2888 2746 quidquam
2916 2677 3178 2745 ejusmodi
3213 2687 3548 2747 prmstemns,
3581 2682 3752 2734 omni-

2174 2779 2346 2833 noque
2378 2763 2507 2818 nihil
2559 2780 2821 2835 agamus:
2852 2766 2942 2836 qui
2995 2766 3107 2821 fieri
3140 2784 3390 2837 umquam
3449 2780 3643 2838 potest.
3698 2782 3754 2824 ut

2172 2853 2496 2910 dormientes
2520 2857 2958 2926 consequamur?
3008 2858 3172 2913 Plane
3227 2873 3333 2912 non
3371 2869 3565 2930 potest.
3611 2861 3753 2916 Satis

2172 2945 2312 2998 enim
2347 2945 2480 3000 bene
2525 2947 2798 3001 nobiscum
2829 2958 3016 3018 agetur
3037 2988 3052 3014 ,
3093 2949 3139 3003 si
3193 2960 3472 3006 currentes
3501 2992 3516 3017 ,
3547 2967 3753 3022 nosque

2174 3034 2317 3103 ipsos
2356 3035 2727 3101 extendentes,
2756 3047 2809 3091 et
2834 3036 3138 3091 conformes
3161 3038 3281 3093 lacti
3330 3040 3488 3094 morti
3530 3041 3667 3108 ejus,
3698 3052 3754 3093 ut

2173 3124 2367 3180 Paulus
2394 3126 2621 3187 diccbat.
2643 3128 2896 3196 consequi
2928 3128 3291 3195 potuerimus;
3318 3130 3535 3183 minime
3562 3146 3687 3184 vero
3708 3133 3753 3184 si

2172 3217 2519 3271 dormiamus.
2545 3216 2605 3270 Si
2641 3218 2914 3285 quomodo,
2936 3219 3123 3286 inquit,
3142 3235 3401 3272 occurrant
3424 3219 3751 3289 (Plrilipp.5.

2174 3309 2233 3362 ll
2270 3308 2312 3375 ).
2334 3307 2484 3376 Quod
2515 3307 2560 3361 si
2591 3307 2784 3361 Paulus
2828 3307 3056 3369 dicebat,
3086 3306 3148 3361 Si
3189 3309 3436 3376 quomodo
3464 3322 3749 3373 occurram,

2172 3399 2297 3468 quid
2323 3413 2420 3451 nos
2446 3397 2722 3452 dicemus?
2773 3397 3173 3451 Dormientibus
3223 3400 3364 3453 enim
3400 3415 3571 3469 neque
3602 3417 3754 3454 mun-

2171 3490 2308 3545 dana
2335 3504 2586 3558 umquam
2616 3489 2826 3558 negotia
2854 3488 3235 3555 coniiciuntur,
3280 3491 3472 3546 nedum
3499 3494 3753 3561 Spiritum-

2173 3580 2240 3634 lia
2271 3597 2284 3634 :
2316 3579 2647 3634 dormientes
2675 3594 2742 3634 ne
2769 3581 2837 3636 ab
2866 3581 3052 3635 amicis
3069 3581 3283 3651 quidem
3305 3583 3590 3653 quidquam
3614 3586 3754 3638 acci-

2174 3672 2323 3741 piunt
2349 3711 2362 3736 ,
2397 3671 2591 3725 nedum
2621 3686 2651 3725 a
2683 3672 2789 3727 Deo
2821 3691 2832 3725 :
2863 3671 3196 3727 dormientes
3226 3690 3290 3729 ne
3323 3687 3503 3745 patres
3531 3676 3747 3744 quidem

2172 3765 2224 3817 in
2246 3764 2448 3818 honore
2476 3764 2691 3829 habent,
2718 3764 2912 3819 nedum
2940 3765 3101 3820 Deus.
3119 3766 3394 3821 Paululum
3426 3767 3750 3828 laboremus,

2172 3863 2229 3907 ut
2258 3855 2309 3907 in
2347 3869 2506 3909 omne
2556 3870 2729 3909 mrum
2769 3856 3188 3926 requiescamns.
3241 3859 3473 3913 Omnino
3504 3861 3755 3914 mrnmnis

2170 3961 2427 4017 angamur
2452 3961 2671 4000 necesse
2689 3954 2770 4000 est
2800 3966 2813 4001 :
2842 3946 2979 4015 quod
3023 3949 3066 4001 si
3097 3949 3182 4001 hic
3224 3950 3443 4003 minimc
3472 3967 3751 4020 augamnr,

2173 4038 2223 4092 id
2258 4053 2354 4092 nos
2384 4038 2453 4092 ibi
2484 4045 2682 4091 manet.
2709 4035 2817 4089 Cur
2843 4052 2948 4090 non
2970 4038 3234 4091 malumus
3260 4038 3349 4094 hic
3373 4042 3576 4101 vexari,
3608 4052 3663 4093 nt
3686 4043 3754 4095 ibi

2171 4127 2601 4196 requiescamus?
2629 4125 2843 4182 Utinam
2875 4141 3001 4180 vero
3032 4141 3130 4181 nos
3146 4142 3332 4182 omnes
3354 4128 3516 4198 digne
3546 4130 3756 4183 Christo

2172 4220 2333 4273 vitam
2361 4218 2635 4287 degentes,
2655 4224 2710 4272 et
2737 4216 3041 4272 conformes
3074 4217 3193 4271 facti
3232 4217 3397 4287 ipsius
3426 4221 3602 4283 morti,
3621 4220 3754 4273 bona

2175 4309 2285 4371 illa,
2338 4324 2457 4377 qua:
2489 4310 2664 4361 oratio
2702 4308 2914 4376 assequi
2964 4322 3070 4361 non
3102 4315 3302 4376 potest,
3336 4324 3753 4379 consequamur,

2176 4399 2226 4452 in
2248 4396 2599 4452 ChristoJesu
2622 4396 2847 4451 Domino
2875 4406 3081 4463 nostro,
3112 4412 3233 4451 cum
3262 4414 3366 4466 quo
3396 4400 3537 4452 Patri
3570 4401 3758 4453 simul-

2175 4505 2277 4559 que
2317 4496 2503 4543 sancto
2542 4487 2759 4557 Spiritui
2796 4487 2985 4557 gloria,
3037 4495 3294 4557 potestas,
3329 4486 3521 4553 honor,
3546 4503 3684 4542 nunc
3705 4499 3760 4544 et

2175 4594 2410 4650 semper,
2440 4591 2494 4634 et
2523 4579 2575 4634 in
2606 4579 2801 4635 saecula
2829 4580 3167 4636 saeculorum.
3198 4574 3401 4636 Amen.‘

491 4765 3364 4788 Mm

1838 4824 2177 4885 HOMILIA
2225 4825 2392 4886 XIV.

490 4979 618 5034 CAP.
673 4978 724 5033 4.
774 4994 826 5031 v.
876 4978 925 5030 4.
969 4975 1191 5029 Gaudete
1235 4973 1286 5025 in
1341 4969 1558 5023 Domino
1613 4985 1805 5035 semper
1845 4984 1856 5019 :
1892 4969 2069 5019 iterum

563 5073 673 5126 dico
698 5113 712 5137 ,
746 5069 990 5125 Gaudete.
1035 5068 1088 5120 5.
1133 5066 1385 5118 Modestia
1414 5072 1572 5115 vestra
1602 5070 1721 5114 nota
1752 5062 1813 5113 sit
1843 5060 2070 5114 omnibus

567 5162 869 5216 hominibus.
920 5158 1172 5212 Dominus
1225 5170 1383 5225 prope
1435 5162 1540 5206 est:
1587 5152 1638 5205 6.
1691 5150 1818 5203 nihil
1865 5151 2073 5203 solliciti

559 5256 666 5310 sitis
690 5296 705 5320 ,
738 5254 824 5308 sed
854 5254 907 5306 in
932 5251 1069 5303 omni
1099 5250 1326 5302 oratione
1369 5255 1415 5298 et
1441 5244 1777 5297 obsecratione
1806 5258 1918 5293 cum
1945 5259 2069 5312 gra-

563 5349 749 5400 tiarum
796 5346 993 5398 actione
1046 5342 1309 5410 petitiones
1352 5347 1526 5391 vestra!
1585 5337 1898 5388 innotescunt
1941 5335 2077 5401 apud

565 5435 746 5488 Deum.
798 5436 854 5487 7.
897 5432 959 5485 Et
991 5447 1093 5501 pax
1128 5430 1218 5482 Dei
1239 5470 1250 5490 ,
1281 5444 1390 5497 anc
1418 5435 1684 5495 exsuperat
1724 5440 1920 5476 onmem
1963 5440 2079 5477 sen-

562 5543 674 5580 sum
701 5568 714 5589 ,
743 5510 1010 5579 custodiat
1033 5522 1188 5575 corda
1221 5531 1384 5574 ucstra
1415 5531 1459 5572 ct
1489 5517 1847 5588 intelligentia:
1890 5526 2077 5570 vestras

562 5619 616 5671 in
646 5617 851 5671 Christo
880 5614 1031 5669 Iesu.

563 5709 614 5765 ι.
655 5708 786 5764 Cum
815 5706 1055 5764 Christus
1086 5703 1246 5771 dicat,
1278 5700 1417 5756 Beati
1447 5703 1527 5769 qui
1565 5703 1750 5771 lugent,
1784 5709 1856 5765 et,
1897 5698 1979 5751 l'w
2014 5700 2081 5750 ri-

2178 4970 2406 5024 dentibus
2441 4969 2648 5040 (Matth.
2680 4972 2730 5024 5.
2763 4972 2815 5025 5.
2851 4970 2978 5023 Luc.
3007 4971 3059 5024 6.
3091 4970 3205 5039 “25),
3237 4970 3362 5038 quid
3394 4987 3533 5025 nunc
3560 4971 3761 5039 signifi—

2179 5077 2305 5115 cans
2334 5061 2531 5116 Paulus
2560 5063 2628 5115 ita
2659 5062 2827 5129 inquit
2860 5078 2870 5113 :
2911 5058 3139 5113 Gaudete
3168 5063 3217 5112 in
3244 5058 3463 5114 Domino
3512 5077 3709 5129 semper
3740 5063 3762 5113 ?

2180 5150 2297 5206 Non
2375 5167 2505 5205 sane
2574 5151 2889 5204 adversatur
2921 5150 3173 5211 Christo,
3226 5149 3382 5205 absit.
3453 5150 3541 5203 Va:
3610 5153 3772 5211 enim,

2183 5243 2315 5297 dixit
2341 5242 2584 5296 Christus
2640 5242 2933 5294 ridentibus
2962 5243 3124 5294 risum
3167 5242 3345 5295 mundi
3377 5243 3548 5312 hujus,
3581 5243 3667 5313 qui
3703 5259 3763 5294 ex

2185 5334 2346 5386 rebus
2374 5332 2729 5401 pra-sentibus
2754 5332 2926 5385 oritur
2952 5350 2964 5386 :
2999 5342 3052 5386 et
3082 5333 3323 5401 lugentes
3352 5339 3534 5387 beatos
3577 5333 3766 5401 praedi-

2186 5423 2361 5484 cavit,
2401 5438 2504 5475 non
2557 5425 2743 5491 quovis
2771 5421 2931 5474 modo
2963 5422 3203 5490 lugentes
3233 5440 3296 5477 ex
3330 5440 3513 5478 rerum
3548 5439 3764 5477 suarum

2189 5512 2474 5566 amissione
2499 5554 2513 5576 ,
2557 5512 2649 5566 sed
2682 5528 2775 5566 eos
2807 5513 2894 5581 qui
2924 5523 3356 5583 compunguntur
3387 5556 3400 5578 ,
3449 5514 3538 5584 qui
3563 5529 3654 5567 sua
3687 5515 3768 5566 lu-

2192 5613 2317 5671 gent
2346 5605 2480 5656 mala
2509 5644 2521 5667 ,
2574 5603 2664 5672 qui
2707 5613 2922 5672 peccata
2972 5619 3066 5659 sua
3096 5605 3440 5673 expendunt,
3487 5614 3577 5659 aut
3614 5606 3771 5657 etiam

2193 5697 2386 5749 aliena.
2431 5694 2543 5751 Non
2593 5704 2675 5751 est
2701 5703 2878 5751 autem
2926 5696 3189 5767 ejusmodi
3236 5697 3398 5753 luctui
3444 5697 3767 5753 contrarium
