4030 6204
309 243 414 300 283

306 355 411 412 hoc
437 357 720 428 gaudium;
747 357 987 429 quinimo
1015 373 1043 412 a
1066 358 1209 413 luctu
1238 359 1330 413 illo
1349 358 1596 429 gaudium
1627 359 1729 412 hoc
1754 372 1879 426 pro-

307 456 561 504 creatur:
611 465 732 504 nam
779 451 867 521 qui
897 437 1041 521 luget
1085 465 1179 504 sua
1206 450 1341 503 mala
1397 459 1451 504 et
1477 449 1797 515 conﬁtetur,
1839 449 1884 503 is

304 540 576 607 gaudebit.
618 527 883 596 Praatere'a
916 545 1045 594 vero
1075 529 1199 595 licet
1219 540 1402 609 lugere
1429 539 1643 609 quidem
1669 548 1884 609 propter

307 639 522 698 peccata
545 645 639 684 sua
660 673 674 696 ,
705 621 938 701 gaudere
964 633 1140 686 autem
1170 616 1364 685 Christi
1393 647 1576 687 causa.
1621 631 1882 699 Quoniam

307 720 471 789 igitur
517 721 848 776 vetabantur
905 737 1082 777 rerum
1112 723 1456 776 molestarum
1499 721 1878 791 perpessione;

318 809 467 865 Vobis
506 813 646 866 enim
677 807 852 865 datum
881 821 954 866 est
978 854 992 878 ,
1026 813 1230 882 inquit,
1262 830 1363 866 non
1414 813 1578 866 solum
1605 822 1662 865 ut
1689 816 1740 865 in
1770 827 1883 865 eum

306 902 521 955 credatis
545 943 560 968 ,
591 902 680 955 sed
709 906 763 955 ul
793 902 942 956 etiam
973 920 1065 972 pro
1113 904 1203 956 illo
1234 903 1501 972 patiamini
1529 901 1791 971 (Philipp.
1826 901 1877 954 l.

305 989 437 1060 29);
473 1000 752 1061 propterea
779 1032 795 1059 ,
825 990 994 1063 inquit
1021 1034 1034 1054 ,
1069 983 1135 1046 In
1169 991 1384 1046 Domino
1441 993 1672 1062 gaudete.
1737 990 1880 1045 Idem

301 1081 442 1134 enim
473 1081 735 1151 signiﬁcat
755 1123 772 1149 ,
803 1098 865 1137 ac
889 1084 932 1137 si
964 1077 1220 1138 dixisset:
1265 1071 1443 1137 Talem
1475 1083 1596 1135 vita:
1618 1082 1878 1136 rationem

298 1173 603 1237 ostendite,
661 1183 720 1229 ut
750 1174 1087 1244 gaudendum
1132 1175 1220 1228 sit.
1259 1173 1487 1241 Quando
1541 1167 1729 1242 igitur,
1762 1187 1880 1242 qua:

298 1263 365 1317 ad
398 1265 559 1320 Deum
585 1267 851 1335 pertinent
875 1310 889 1335 ,
921 1266 1122 1321 nullum
1153 1267 1292 1336 apud
1325 1281 1416 1319 vos
1440 1260 1876 1346 impedimentum

300 1355 616 1423 habuerint,
647 1358 894 1427 gaudete.
934 1359 1077 1428 Ergo
1107 1359 1188 1411 vel
1240 1357 1340 1411 hoc
1370 1356 1532 1418 dicit;
1567 1356 1650 1410 vel
1693 1355 1877 1410 vocula

299 1450 386 1503 illa
412 1490 428 1516 ,
469 1450 523 1502 in
549 1489 565 1515 ,
593 1449 735 1504 valet
764 1449 901 1504 idem
941 1459 1098 1520 atque
1121 1491 1136 1516 ,
1166 1466 1278 1503 cum
1304 1491 1319 1515 ,
1371 1448 1421 1502 id
1448 1457 1530 1502 est
1549 1487 1562 1511 ,
1618 1463 1738 1502 cum
1771 1447 1877 1500 Do-

299 1545 444 1594 mino
469 1555 704 1610 semper.
730 1541 928 1594 Rursus
954 1541 1086 1607 dico,
1121 1538 1364 1594 Gaudete.
1391 1537 1501 1594 Hoc
1527 1537 1681 1594 valde
1708 1536 1877 1593 ﬁden-

298 1633 367 1687 tis
387 1640 486 1696 est,
515 1640 676 1704 atque
706 1633 1038 1689 ostendentis
1061 1675 1076 1700 ,
1119 1634 1167 1688 ei
1195 1635 1283 1704 qui
1315 1635 1366 1687 in
1401 1632 1508 1687 Deo
1533 1641 1634 1699 est,
1665 1647 1877 1702 semper

297 1716 632 1793 gaudendum
661 1740 814 1780 esse:
845 1726 1052 1780 etiamsi
1081 1734 1350 1795 prematur
1383 1739 1445 1779 ac
1472 1723 1680 1794 quidvis
1713 1724 1878 1794 patia-

297 1825 384 1870 tur
412 1857 426 1881 ,
457 1816 544 1871 hic
568 1822 785 1885 semper
815 1815 1027 1886 gaudet.
1069 1817 1203 1870 Audi
1233 1817 1374 1871 enim
1404 1816 1601 1870 Lucam
1645 1816 1710 1871 de
1749 1831 1877 1884 apo-

296 1908 450 1963 stolis
474 1908 760 1973 dicentem,
794 1895 947 1962 Ibant
982 1903 1256 1978 gaudentes
1281 1927 1311 1962 a
1351 1918 1619 1978 conspectu
1650 1907 1872 1972 concilii,

301 1998 542 2066 quoniam
569 1999 712 2069 digni
741 1997 898 2051 habili
923 2007 1038 2052 sunt
1085 2015 1175 2068 pro
1206 2000 1408 2052 nomine
1454 2001 1564 2069 ejus
1592 2000 1875 2052 verberibus

313 2091 440 2144 cwdi
466 2087 600 2158 (Act.
635 2091 688 2144 5.
717 2087 830 2161 41).
872 2090 926 2145 Si
979 2091 1199 2146 verbera
1229 2100 1282 2145 et
1328 2091 1531 2144 vincula
1557 2132 1572 2157 ,
1603 2105 1723 2159 qute
1765 2104 1874 2159 pra:

293 2182 501 2236 caeteris
531 2181 779 2236 videntur
800 2182 1047 2247 molesta,
1072 2182 1318 2252 gaudium
1335 2183 1570 2252 pariunt,
1601 2181 1728 2252 quid
1758 2192 1872 2236 tan~

293 2273 414 2327 dem
463 2273 564 2327 erit
588 2273 751 2337 aliud,
784 2263 926 2343 quod
962 2274 1115 2329 nobis
1163 2275 1352 2330 aﬂ‘erre
1382 2275 1624 2330 dolorem
1671 2275 1872 2344 queat?

295 2354 492 2418 Rursus
521 2366 655 2432 dico,
705 2365 950 2421 Gaudete.
983 2367 1150 2422 Recte
1198 2368 1358 2422 verba
1387 2368 1488 2422 ista
1537 2367 1826 2437 geminavit
1855 2384 1867 2419 :

308 2459 431 2526 quia
460 2459 603 2513 enim
631 2474 810 2513 rerum
832 2469 1018 2514 natura
1041 2448 1280 2514 dolorem
1307 2460 1562 2529 pariebat,
1583 2475 1644 2514 ex
1671 2460 1766 2515 ista
1796 2475 1871 2513 re-

291 2550 548 2618 petitione
593 2553 824 2606 ostendit
851 2552 1187 2622 gaudendum
1225 2553 1446 2608 omnino
1502 2567 1641 2607 esse.
1688 2553 1870 2607 Mode-

291 2642 388 2696 stia
417 2650 578 2696 vestra
603 2653 724 2697 nota
758 2644 824 2697 sit
863 2644 1092 2697 omnibus
1123 2643 1426 2699 hominibus.
1471 2645 1686 2698 Diserat
1712 2645 1870 2710 paulo

291 2743 436 2797 ante,
465 2733 692 2800 Quorum
717 2733 838 2790 deus
868 2745 1036 2789 uenter
1068 2745 1161 2800 est,
1189 2746 1237 2789 et
1276 2735 1441 2806 gloria
1479 2737 1532 2790 in
1577 2736 1869 2806 confusione

287 2827 536 2898 ipsorum,
568 2827 653 2895 qui
680 2835 877 2880 terrena
912 2828 1138 2896 sapiunt.
1177 2827 1440 2893 Quoniam
1490 2827 1648 2897 igitur
1679 2828 1869 2882 verisi-

287 2919 417 2974 mile
458 2927 576 2973 erat
625 2917 760 2984 fore,
790 2926 849 2972 ut
902 2918 1026 2973 hinc
1079 2916 1444 2986 Philippenses
1496 2933 1621 2989 erga
1671 2919 1870 2988 impro—

285 3010 388 3067 bos
428 3009 693 3067 infensum
739 3011 973 3065 animum
1024 3010 1374 3079 susciperent,
1413 3021 1692 3081 propterea
1725 3013 1868 3082 ipsos

282 3101 393 3172 jam
421 3112 623 3170 monet,-
649 3113 706 3158 ut
728 3104 863 3158 nihil
888 3119 1014 3174 erga
1036 3103 1154 3159 illos
1178 3120 1463 3160 commune
1489 3105 1743 3171 habeant,
1772 3105 1868 3160 sed

288 3209 477 3264 magna
504 3210 626 3250 cum
673 3194 936 3250 modestia
966 3205 1188 3251 utantur
1216 3212 1322 3251 non
1371 3197 1622 3252 fratribus
1648 3198 1819 3250 solum
1847 3239 1863 3264 ,

285 3285 380 3340 sed
412 3287 572 3340 etiam
609 3287 843 3342 inimicis
863 3296 917 3342 et
937 3287 1278 3344 adversariis.
1309 3287 1558 3342 Dominus
1585 3305 1742 3359 prope
1757 3299 1827 3343 est
1846 3306 1867 3344 :

285 3376 417 3431 nihil
437 3379 642 3432 solliciti
662 3379 791 3432 sitis.
815 3379 953 3445 Quid
978 3379 1120 3434 enim
1151 3394 1324 3434 causae
1351 3390 1452 3444 est,
1478 3380 1565 3434 dic
1590 3381 1741 3445 mihi,
1770 3396 1867 3434 cur

287 3469 571 3524 concidere
597 3472 778 3525 animo
807 3471 1084 3526 debeatis?
1111 3487 1178 3526 an
1191 3472 1330 3542 quod
1356 3472 1408 3526 in
1433 3488 1525 3526 vos
1553 3473 1859 3542 insurgunt,

284 3560 534 3629 quodque
563 3574 656 3615 eos
678 3561 730 3614 in
761 3561 968 3615 deliciis
995 3561 1188 3630 degere
1217 3562 1446 3618 videtis?
1481 3564 1630 3617 Nihil
1657 3564 1863 3617 solliciti

285 3651 418 3702 sitis.
445 3649 560 3702 Jam
584 3650 828 3703 imminet
866 3649 1145 3717 judicium,
1178 3667 1283 3704 non
1320 3654 1476 3722 longe
1501 3655 1603 3707 erit
1632 3669 1753 3709 cum
1789 3654 1865 3706 fa-

285 3751 492 3794 ctorum
519 3753 736 3794 suorum
760 3741 1018 3793 rationem
1047 3741 1290 3794 reddent.
1321 3745 1387 3794 At
1410 3759 1505 3797 vos
1529 3745 1579 3797 in
1603 3747 1864 3812 angustiis

289 3830 559 3894 laboratis,
597 3830 672 3884 illi
705 3844 834 3884 vero
859 3830 1068 3885 deliciis
1093 3830 1374 3885 difﬂuunt?
1409 3832 1524 3886 Jam
1557 3836 1671 3888 haec
1701 3836 1858 3889 ﬁnem

290 3922 581 3982 habebunt.
615 3926 684 3976 At
714 3921 1032 3977 insidiantur
1057 3939 1118 3977 ac
1147 3926 1462 3978 minantur?
1493 3927 1559 3979 At
1603 3941 1708 3980 non
1765 3928 1861 3980 ist-

298 4016 416 4071 haec
444 4017 572 4085 ipsis
590 4023 846 4086 perpetuo
867 4030 932 4071 ex
962 4017 1225 4072 sententia
1268 4017 1558 4074 succedent
1586 4036 1597 4070 :
1626 4018 1735 4087 jam
1763 4020 1865 4072 im-

285 4108 1007 4179 minetjudicium,tuncque
1033 4110 1210 4163 omnia
1239 4119 1423 4164 contra
1476 4120 1666 4175 erunt;
1711 4110 1861 4165 Nihil

283 4201 485 4254 solliciti
510 4197 619 4254 s'itis
639 4217 659 4256 :
681 4201 791 4271 jam
815 4201 977 4255 instat
1012 4211 1221 4271 tempus
1259 4201 1545 4256 reddenda:
1572 4202 1858 4258 mercedis.

287 4291 441 4359 Quod
469 4293 512 4346 si
535 4307 658 4362 erga
676 4307 790 4360 eos,
822 4293 911 4363 qui
941 4309 1035 4348 vos
1060 4293 1320 4348 molestiis
1353 4294 1612 4362 afficiunt,
1637 4295 1863 4365 mquita-

287 4395 394 4440 tem
422 4385 583 4438 animi
613 4385 983 4452 adhibueritis,
1017 4386 1194 4439 omnia
1222 4394 1564 4452 evanescent,
1588 4387 1688 4441 etsi
1733 4401 1862 4456 pau-

292 4485 494 4547 pertas,
526 4478 570 4532 si
616 4490 782 4541 mors,
812 4479 856 4531 si
885 4478 1088 4545 quaevis
1113 4477 1216 4530 alia
1243 4478 1418 4546 gravis
1466 4478 1740 4532 calamitas
1767 4493 1860 4531 ur-

289 4580 412 4641 get;
457 4569 636 4624 omnia
686 4570 992 4624 cessabunt.
1045 4567 1195 4620 Nihil
1245 4569 1449 4621 solliciti
1490 4569 1643 4632 sitis;
1672 4568 1762 4621 sed
1805 4569 1860 4621 in

280 4662 420 4714 omni
455 4661 682 4713 oratione
722 4669 770 4712 et
799 4658 1140 4712 obsecratione
1179 4674 1292 4710 cum
1336 4660 1617 4727 gratiarum
1663 4661 1862 4713 actione

287 4751 550 4820 petitiones
573 4758 748 4804 vestris
776 4749 1090 4802 innOtescanl
1115 4748 1254 4818 apud
1277 4748 1461 4802 Deum.
1495 4749 1609 4803 Una
1637 4750 1854 4820 quidem

279 4842 576 4898 consolatio
602 4851 704 4906 est,
730 4839 980 4894 Dominus
1007 4855 1164 4909 prope
1181 4849 1274 4903 est,
1307 4849 1360 4892 et
1382 4839 1533 4904 illud,
1564 4839 1669 4893 Ero
1691 4841 1859 4895 vobis-

281 4950 396 4988 cum
416 4934 646 4987 omnibus
670 4932 844 4987 diebus
867 4946 1022 5000 usque
1049 4931 1116 4983 ad
1139 4930 1620 4983 consummationem
1660 4931 1855 4983 steculi.

287 5024 425 5078 Ecce
450 5025 551 5078 alia
579 5023 906 5085 consolatio,
950 5020 1293 5090 pharmacum
1320 5059 1336 5084 ,
1382 5019 1523 5088 quod
1565 5033 1855 5074 maerorem

277 5129 492 5168 omnem
510 5123 565 5168 et
588 5113 982 5184 argritudinem,
1005 5111 1331 5179 molestaque
1349 5109 1526 5163 omnia
1549 5109 1855 5178 propulsare

285 5214 481 5274 potest.
509 5205 760 5271 Quaenam
801 5204 917 5258 lucc
947 5202 1065 5257 est?
1095 5202 1334 5263 Precari,
1369 5201 1420 5254 in
1463 5200 1710 5255 omnibus
1733 5216 1854 5270 gra-

279 5297 382 5350 tias
409 5309 587 5364 agere.
638 5294 994 5362 Quamobrem
1023 5307 1209 5364 preces
1251 5301 1462 5346 nostras
1515 5306 1619 5345 non
1653 5291 1847 5346 nudam

291 5390 599 5458 petitionem
627 5402 746 5441 esse
773 5388 901 5446 vult,
924 5367 1018 5440 sed
1043 5386 1380 5455 conjunctam
1407 5400 1525 5438 cum
1553 5385 1848 5454 gratiarum

275 5482 488 5537 actione
517 5495 614 5549 pro
640 5478 726 5542 iis,
750 5492 867 5546 quae
887 5477 1208 5544 accepimus.
1229 5475 1509 5543 Quomodo
1536 5475 1676 5528 enim
1711 5483 1854 5544 petet

277 5571 396 5638 quis
426 5569 620 5633 futura,
646 5569 733 5638 qui
760 5567 828 5622 de
851 5566 1131 5637 praeteritis
1148 5565 1371 5635 gratiam
1391 5581 1497 5619 non
1526 5563 1723 5619 habet?
1745 5564 1851 5618 Sed

282 5663 334 5714 in
362 5662 519 5728 omni,
543 5663 733 5731 inquit,
758 5661 807 5714 id
831 5669 930 5725 est,
963 5661 1015 5712 in
1047 5661 1189 5713 omni
1223 5674 1280 5713 re
1310 5677 1322 5711 :
1355 5658 1582 5712 oratione
1610 5666 1656 5709 el
1694 5661 1845 5713 obse-

1013 241 1070 298 S.
1107 240 1382 298 JOANNIS
1417 241 1883 298 CHRYSOSTOMI
1913 240 2225 299 ARClllEP.
2256 241 2784 304 CONSTANTINOP.

3468 255 3574 314 Ἦ)ιᾶ

1992 358 2230 412 cratione.
2285 357 2466 430 Itaque
2503 361 2570 416 de
2619 364 2868 420 omnibus
2922 368 3108 436 gratia:
3136 368 3401 425 habendae
3426 385 3570 440 sunt,

1991 451 2153 503 etiam
2187 447 2254 504 de
2283 451 2346 506 iis
2376 467 2495 521 qua:
2533 453 2782 508 videntur
2825 457 3049 512 molesta
3101 477 3116 514 :
3159 461 3212 514 id
3253 463 3396 517 enim
3443 479 3574 521 vere

1989 534 2122 607 grati
2150 539 2380 596 hominis
2412 551 2515 597 est.
2560 544 2692 598 lllud
2723 545 2835 615 ipsa
2860 562 3038 602 rerum
3067 559 3257 605 natura
3287 550 3521 622 postulat
3557 573 3572 621 ;

1992 629 2094 685 hoc
2136 647 2262 687 vero
2291 634 2358 689 ab
2394 635 2574 691 animo
2610 646 2797 706 grato,
2831 639 3093 710 valdeque
3123 658 3247 712 erga
3293 645 3459 700 Deum
3491 647 3575 700 af-

1990 719 2129 775 fecto
2156 723 2531 792 proﬁciscitur.
2595 727 2700 780 llas
2729 743 2912 797 preces
2955 735 3199 801 agnoscit
3232 735 3368 788 Deus
3393 777 3405 796 .
3440 739 3574 793 alias

1989 827 2115 866 vero
2143 828 2210 868 ne
2237 829 2395 871 nosse
2425 817 2636 886 quidem
2660 821 2788 873 vult.
2817 820 3129 888 llujusmodi
3162 825 3320 894 igitur
3339 842 3425 882 res
3458 844 3572 897 prc-

1987 904 2202 968 cemini,
2226 920 2345 974 qua:
2381 919 2758 977 agnoscantur.
2796 911 2985 968 Omnia
3032 916 3174 969 enim
3206 918 3272 971 ad
3325 930 3564 975 nostram

1989 993 2268 1049 utilitatem
2295 995 2654 1064 administrat,
2696 1003 2906 1057 etiamsi
2955 1004 3003 1058 id
3040 1021 3139 1061 nos
3187 1010 3567 1078 pereipiamus.

1986 1084 2160 1154 Atque
2189 1102 2434 1156 magnam
2474 1089 2561 1144 illa
2588 1092 2742 1147 nobis
2781 1093 2975 1150 all'erre
3015 1097 3322 1164 utilitatem,
3375 1101 3424 1154 id
3473 1116 3562 1155 ar-

1983 1183 2237 1243 gumento
2262 1187 2376 1242 est,
2392 1178 2532 1247 quod
2566 1195 2668 1235 non
2701 1184 3045 1254 percipimus.
3069 1185 3137 1240 Et
3181 1206 3283 1258 pax
3319 1189 3432 1254 Dei,
3455 1207 3568 1260 qua

1985 1276 2254 1332 exsuperat
2297 1284 2491 1322 onmem
2530 1271 2838 1326 intellectum
2861 1317 2875 1338 ,
2905 1278 3150 1330 custodiet
3197 1281 3352 1333 corda
3403 1292 3567 1335 vestra

1985 1363 2030 1406 et
2050 1355 2402 1426 intelligentias
2429 1349 2617 1414 vestras
2650 1363 2705 1417 iu
2737 1363 2935 1419 Christo
2965 1365 3000 1418 J
3005 1383 3114 1420 esu.
3145 1368 3278 1434 Quid
3313 1371 3412 1426 hoc
3438 1373 3565 1426 est?

1983 1443 2092 1498 Pax”
2131 1444 2248 1512 Dei,
2273 1447 2466 1517 inquit,
2500 1465 2656 1518 quam
2688 1467 2808 1507 cum
2839 1454 3144 1511 heminibus
3171 1456 3320 1524 fecit,
3349 1474 3563 1515 omnem

1983 1547 2266 1605 exsuperat
2296 1541 2698 1610 cogitationem.
2722 1544 2851 1611 Quis
2889 1548 3029 1600 enim
3060 1552 3412 1617 exspectavit,
3444 1555 3563 1622 quis

1983 1628 2218 1697 speravit
2249 1637 2394 1684 tanta
2422 1631 2720 1688 adventura
2751 1634 2889 1689 bona
2915 1637 2937 1689 ?
2984 1637 3288 1692 Humanam
3344 1655 3560 1697 onmem

1980 1718 2247 1773 excedunt
2277 1722 2680 1791 cogitationem,
2713 1740 2810 1780 nec
2845 1736 3048 1783 tantum
3095 1730 3414 1798 orationem,
3465 1748 3562 1802 pro

1982 1805 2210 1863 inimicis
2241 1811 2374 1876 suis,
2404 1827 2500 1881 pro
2530 1815 2593 1868 iis
2614 1815 2703 1884 qui
2733 1816 2902 1885 ipsum
2923 1818 3046 1871 odio
3071 1821 3557 1890 prosequebantur,

1979 1899 2066 1967 qui
2115 1902 2515 1968 aversabantur,
2544 1912 2638 1974 pro
2663 1905 2726 1959 iis
2767 1907 2975 1963 tradere
3006 1909 3196 1965 Filium
3229 1915 3562 1983 unigenitum

1981 2005 2086 2044 non
2132 1993 2414 2057 recusavit,
2446 2002 2498 2047 ut
2544 2003 2728 2063 pacem
2758 1997 3032 2053 nobiscum
3065 2001 3287 2067 faceret,
3312 2005 3434 2060 llzec
3463 2023 3559 2060 att-

1981 2087 2088 2133 tem
2118 2097 2214 2150 pax
2245 2091 2345 2148 est,
2379 2083 2433 2137 id
2475 2093 2558 2138 est
2602 2086 2866 2154 liberalio,
2898 2091 3090 2144 caritas
3143 2092 3258 2159 Dei,
3302 2096 3566 2152 Custodiet‘

1978 2169 2134 2222 corda
2157 2178 2317 2225 vestra
2347 2183 2391 2226 et
2413 2175 2767 2245 intelligentias
2796 2188 3008 2235 vestras.-

2047 2261 2102 2314 2.
2144 2263 2255 2317 lloc
2293 2268 2635 2334 praeceptoris
2664 2276 2765 2334 est,
2797 2285 2900 2324 non
2946 2280 3147 2326 tantum
3181 2280 3422 2341 monere,
3454 2277 3561 2334 scd‘

1977 2355 2134 2406 etiam
2167 2357 2371 2424 precari
2395 2366 2448 2411 et
2475 2372 2567 2426 per
2596 2358 3020 2416 obsecrationem
3050 2380 3261 2435 quoque
3283 2369 3562 2436 auxiliari,-

1977 2454 2033 2498 ut
2062 2461 2236 2515 neque
2261 2462 2289 2499 a
2319 2449 2700 2504 tentationibus
2728 2451 3041 2518 obruantur,
3073 2471 3247 2525 neque
3273 2458 3340 2511 ab
3371 2475 3554 2515 errore

1974 2537 2417 2592 circumferuntur
2441 2557 2452 2592 :
2477 2541 2696 2608 perinde
2725 2557 2787 2596 ac
2812 2543 2857 2597 si
2881 2543 3102 2611 diceret,
3127 2547 3227 2613 Qui
3248 2565 3344 2603 vos
3365 2551 3556 2605 eodem

1974 2629 2134 2682 modo
2161 2628 2429 2696 liberavit,
2458 2645 2614 2700 quem
2661 2648 2834 2704 neque
2865 2650 3016 2691 mens
3061 2639 3176 2707 ipsa
3216 2643 3426 2710 assequi
3453 2657 3546 2712 po-

1976 2729 2096 2786 test,
2130 2721 2174 2774 is
2201 2734 2295 2774 vos
2322 2721 2588 2776 custodiat
2631 2731 2687 2777 et
2731 2726 2952 2791 muniat,
2987 2735 3045 2780 ut
3091 2728 3221 2782 nihil
3256 2732 3544 2799 patiamini.

1978 2809 2072 2864 Vel
2113 2810 2214 2865 hoc
2246 2811 2404 2880 igitur
2431 2813 2726 2882 significat;
2772 2816 2854 2870 vel
2885 2817 3046 2884 istud,
3079 2819 3183 2874 Pax
3227 2821 3318 2875 illa
3348 2822 3415 2878 de
3449 2838 3550 2894 qua

1972 2901 2106 2956 dixit
2131 2904 2392 2972 Christus,
2427 2904 2614 2959 Pacem
2643 2908 2874 2978 relinquo
2903 2910 3060 2977 vobis,
3094 2929 3267 2982 pacem
3298 2897 3458 2968 nteant
3485 2915 3552 2969 do

1971 2995 2107 3049 vobis
2138 2995 2317 3065 (Joan.
2350 2999 2437 3052 l4.
2479 2999 2596 3068 27),
2632 3001 2740 3070 ipsa
2774 3017 2867 3056 vos
2916 3004 3196 3059 custodiet.
3245 3007 3369 3062 Haec
3408 3009 3548 3062 enim

1972 3100 2074 3155 pax
2119 3097 2337 3157 superat
2388 3105 2602 3144 omnem
2655 3093 2936 3148 humanam
2995 3106 3250 3150 mentem.
3301 3099 3450 3164 Quod
3503 3102 3549 3154 si

1970 3191 2200 3247 quaeras,
2229 3180 2536 3247 quomodo?
2557 3182 2700 3236 audi.
2735 3183 2958 3250 Quando
2980 3186 3130 3255 jubet
3169 3204 3287 3242 eum
3321 3190 3549 3243 inimicis

1971 3285 2158 3339 pacem
2200 3271 2422 3338 habere,
2472 3289 2593 3328 cum
2642 3277 2706 3329 iis
2735 3278 2824 3346 qui
2868 3278 3113 3346 injuriam
3157 3280 3413 3346 referunt,
3453 3283 3543 3350 qui

1971 3378 2069 3418 nos
2098 3363 2239 3418 bello
2266 3376 2675 3434 persequuntur,
2715 3369 2804 3437 qui
2835 3369 3081 3424 infestum
3113 3386 3235 3440 erga
3284 3386 3381 3424 nos
3421 3372 3542 3425 ani-

1970 3472 2116 3510 mum
2155 3467 2378 3526 gerunt;
2411 3459 2680 3528 quomodo
2710 3461 2811 3516 hoc
2859 3478 2964 3516 non
3005 3472 3216 3531 superat
3255 3461 3536 3517 humanam

1971 3549 2245 3603 mentem?
2269 3550 2377 3603 lmo
2407 3565 2553 3616 vero,
2577 3552 2621 3605 si
2654 3551 2846 3620 placet,
2879 3554 2979 3608 hoc
3001 3555 3145 3623 prius
3174 3553 3535 3608 attendamus:

1969 3638 2089 3693 Pax
2116 3640 2228 3704 Dei,
2259 3657 2373 3711 qute
2417 3652 2684 3711 exsuperat
2727 3660 2923 3697 omnem
2954 3655 3183 3700 mentem.
3227 3646 3281 3701 Si
3309 3662 3410 3716 pax
3449 3662 3542 3700 su-

1969 3741 2119 3799 perat
2147 3747 2360 3786 omnem
2404 3741 2658 3798 mentem,
2713 3735 2883 3788 multo
2913 3736 3080 3804 magis
3113 3737 3250 3790 Deus
3296 3737 3410 3805 ipse
3453 3737 3543 3805 qui

1969 3834 2153 3889 pacem
2202 3821 2326 3888 dat,
2388 3837 2599 3877 omnem
2653 3825 2928 3894 superabit
2972 3827 3382 3894 cogitationem,
3441 3841 3544 3880 nou

1968 3912 2138 3966 solum
2171 3925 2428 3981 nostram,
2455 3915 2547 3970 sed
2577 3916 2736 3969 etiam
2765 3917 3101 3985 angelorum,
3135 3927 3190 3972 et
3231 3923 3544 3986 superarum

1970 4013 2311 4073 potestatum.
2342 4007 2476 4072 Quid
2499 4018 2676 4061 autem
2707 4019 2809 4073 est,
2838 4007 2902 4062 1η
2932 4008 3131 4065 Christo
3154 4010 3319 4062 Jesu?
3349 4009 3402 4064 in
3434 4011 3544 4080 ipso

1967 4095 2255 4159 custodiet,
2291 4106 2345 4149 ut
2368 4099 2742 4166 perseveretis,
2775 4114 2874 4153 nec
2905 4099 2972 4152 de
3001 4099 3168 4168 ipsius
3203 4102 3306 4156 lide
3329 4103 3543 4158 decida-

1968 4187 2056 4239 tis.
2103 4186 2158 4240 8.
2202 4185 2280 4240 De
2321 4197 2522 4253 ctrtero,
2555 4189 2763 4256 fratres,
2809 4206 3133 4261 quaecumque
3179 4204 3295 4246 sunt
3350 4206 3539 4256 sancta,

1966 4295 2289 4348 qutecumqne
2312 4295 2446 4347 vera,
2471 4297 2798 4352 qucecumque
2813 4284 2978 4353 jnsta.
3007 4285 3142 4349 Quid
3165 4287 3444 4356 significat,
3470 4287 3544 4341 De

1966 4374 2183 4426 caetero?
2207 4372 2261 4426 Id
2291 4381 2393 4438 est,
2439 4374 2615 4426 omnia
2639 4375 2749 4442 jam
2780 4377 2933 4430 nobis
2965 4387 3087 4430 sunt
3113 4377 3275 4432 dicta.
3314 4379 3541 4435 Verbum

1967 4470 2052 4518 est
2077 4464 2434 4533 properantis,
2462 4473 2515 4518 et
2540 4464 2670 4518 nihil
2695 4480 2818 4519 cum
2842 4467 2998 4520 rebus
3025 4470 3376 4536 praesentibus
3401 4486 3546 4524 com-

1967 4574 2128 4612 mune
2173 4558 2439 4614 habentis.
2472 4559 2549 4614 De
2586 4571 2785 4628 cattero,
2830 4567 3034 4632 fratres,
3067 4582 3392 4635 quaecumque
3429 4575 3544 4619 sunt

1966 4665 2104 4715 vera,
2131 4665 2456 4719 quotcumque
2475 4661 2666 4717 sancta,
2692 4669 3016 4724 qutecumqne
3030 4657 3193 4724 justa,
3221 4673 3546 4728 quacumque

1967 4741 2171 4812 pudica,
2206 4757 2529 4810 quwcumque
2559 4744 2817 4808 amabilia,
2860 4761 3188 4814 quwcumqne
3217 4747 3436 4800 honesta
3465 4750 3543 4816 fa—

1965 4847 2081 4896 ma',
2112 4833 2153 4885 si
2177 4848 2275 4900 qua
2305 4835 2478 4896 virtus,
2513 4836 2554 4886 si
2583 4851 2681 4900 qua
2701 4836 2833 4902 laus,
2861 4837 2967 4890 haec
2996 4839 3225 4908 cegitate.
3260 4839 3311 4893 9.
3347 4839 3469 4905 Quae
3497 4848 3543 4892 et

1965 4923 2233 4987 didicistis,
2280 4933 2327 4977 et
2372 4926 2649 4994 accepistis,
2692 4936 2740 4979 et
2767 4929 3002 4995 audistis,
3047 4939 3091 4983 et
3121 4931 3313 4984 vidistis
3354 4933 3404 4984 in
3447 4948 3539 4985 me.

1964 5013 2099 5081 Quid
2131 5014 2228 5068 sibi
2261 5016 2392 5080 vult,
2427 5016 2764 5086 Quaecumque
2791 5019 3073 5072 amabilia?
3100 5021 3365 5076 Amabilia
3411 5022 3541 5075 ﬁde-

1965 5106 2122 5171 libus,
2146 5106 2390 5160 atuabilia
2412 5105 2539 5161 Deo.
2573 5108 2911 5178 Quacumque
2939 5121 3056 5164 sunt
3083 5127 3216 5165 vera.
3245 5112 3371 5166 Haec
3401 5115 3539 5166 enim

1963 5199 2153 5250 merito
2182 5197 2432 5251 dicuntur
2461 5213 2622 5264 vera;
2670 5201 2721 5253 id
2762 5202 3048 5260 est,virtus
3099 5203 3247 5271 ipsa;
3287 5203 3542 5256 vitiositas

1961 5301 2138 5346 autem
2169 5291 2501 5346 mendacium
2522 5301 2603 5346 est
2626 5309 2639 5344 :
2667 5309 2787 5346 nam
2814 5306 2867 5348 et
2890 5295 3130 5363 voluptas
3153 5296 3317 5364 ipsius
3337 5309 3541 5359 comes,

1961 5391 2014 5437 et
2033 5383 2198 5451 gloria
2223 5382 2557 5437 mendacium
2579 5393 2677 5446 est,
2699 5394 2753 5437 et
2769 5383 3030 5438 mundana
3049 5385 3226 5439 omnia
3249 5386 3379 5439 nihil
3402 5383 3538 5437 aliud

1960 5482 2083 5527 sunt
2112 5489 2270 5543 quam
2311 5473 2666 5527 mendacium.
2697 5475 3038 5545 Quacumque
3083 5478 3286 5546 pudica.
3322 5477 3430 5530 lloc
3463 5471 3536 5527 illi

1959 5565 2264 5634 opponitur,
2294 5564 2435 5632 quod
2457 5573 2608 5619 antea
2634 5563 2897 5632 dixit,Qui
2918 5576 3116 5620 terrena
3136 5569 3360 5637 sapiunt.
3388 5565 3538 5631 Quie-

1961 5671 2170 5725 cumque
2196 5664 2389 5710 sancta.
2415 5655 2524 5710 Hoc
2554 5655 2806 5711 adversus
2834 5656 2985 5723 illud,
3014 5657 3241 5724 Quorum
3271 5658 3392 5710 dens
3419 5669 3539 5708 ven-
