4030 6204
471 293 577 348 983

472 403 532 457 δέ
553 398 691 471 αῦτη
720 399 754 468 ἡ
783 393 928 468 χαρὰ
958 387 1174 446 ἐναντία
1196 385 1274 457 τῷ
1301 383 1489 438 πένθει
1514 381 1706 452 ἐκείνῳ
1725 398 1740 412 ·
1773 380 1909 434 ἀλλά
1939 379 2046 450 γὰρ

478 493 575 548 ἀπ’
617 468 826 544 ἐκείνου
859 481 950 536 τοῦ
999 478 1225 541 πένθους
1260 475 1354 529 καὶ
1389 471 1529 543 αὕτη
1575 471 1851 524 τίκτεταιο
1880 470 1910 521 δ
1941 468 2049 539 γὰρ

481 579 695 636 πενθῶν
724 578 795 632 τά
831 571 1023 628 ἐαυτοῦ
1052 567 1220 632 κακά,
1257 566 1352 620 καὶ
1388 560 1900 634 ἐξομολογούμενος,
1931 559 2048 629 χαί-

486 689 590 744 ρει.
619 667 824 730 Ἄλλως
851 663 928 727 δέ,
955 660 1130 712 ἐνεστι
1157 655 1374 710 πενθεῖν
1405 653 1504 723 μὲν
1531 650 1668 721 ὑπὲρ
1697 649 1806 703 τῶν
1835 648 2050 701 οἰκείων

487 737 912 832 άμαρτημάτων,
947 746 1255 832 χαίρειν,δέ
1290 745 1383 798 ἐπὶ
1424 741 1502 813 τῷ
1539 738 1780 812 Χριστῷ.
1833 737 2050 807 Ἐπειδὴ

486 827 579 908 οῦν
605 827 997 902 ’συνιθλίϐοντο
1047 839 1116 893 δι’
1153 831 1228 892 ὧν
1257 836 1496 905 ἔπασχον
1547 829 1905 902 (Ἐχαρίσθη
1944 827 2050 900 γὰρ

485 941 643 1012 ὑμῖν,
679 938 864 1008 φησιν,
894 934 966 988 οὐ
1007 932 1220 1000 μόνον,
1265 928 1329 980 τὸ
1373 927 1462 990 εἰς
1497 921 1685 991 αὐτὸν
1723 919 2050 985 πιστεύειν,

483 1009 645 1088 ἀξιλά
670 1028 766 1083 καί
789 1025 856 1080 τὸ
886 1021 1039 1090 ὑπὲρ
1061 1018 1246 1074 αὐτοῦ
1270 1015 1575 1086 πάσχειν),
1591 1013 1681 1066 διά
1705 1011 1862 1065 τοῦτο
1882 1009 2050 1078 λέγει,

489 1123 595 1176 Ἕν
617 1118 811 1187 Κυρίῳ
841 1113 1093 1184 χαίρετε.
1127 1107 1312 1162 Ταῦτα
1358 1105 1469 1176 γὰρ
1517 1103 1668 1158 οὐδέν
1721 1104 1890 1168 ἐστιν,
1916 1099 1950 1170 ἢ
1972 1100 2053 1152 ὅτι

485 1211 736 1266 Τοιοῦτον
760 1201 1132 1260 ἐπιδείκνυσθε
1162 1199 1296 1270 βίον,
1327 1195 1466 1249 ὥστε
1492 1192 1911 1264 χαίρειν.”θταν
1941 1187 2052 1243 τοί-

485 1317 580 1355 νυν
617 1297 686 1351 τά
719 1295 862 1350 κατά
903 1291 1034 1344 Θεὸν
1067 1290 1194 1360 ὑμῖν
1222 1286 1297 1358 μὴ
1415 1279 1884 1354 ἐμπεποδισμένα,
1936 1276 2056 1346 χαί-

490 1407 636 1464 ρετε.
663 1389 734 1440 Ἦ
754 1385 931 1440 τοίνυν
949 1381 1107 1436 τοῦτό
1126 1395 1312 1450 φησιν,
1339 1376 1373 1448 ῆ
1395 1375 1476 1438 τὸ,
1497 1373 1599 1438 ἐν,
1623 1371 1744 1426 ἀντὶ
1770 1367 1886 1431 τοῦ,
1909 1367 2053 1464 σὺν,

491 1454 662 1540 ἐστὶν,
690 1475 826 1530 ὡσεὶ
858 1474 1040 1541 ἐλεγε·
1069 1469 1299 1540 Χαίρετε
1321 1469 1416 1520 σὺν
1447 1461 1634 1532 Κυρίῳ
1662 1461 1912 1514 πάντοτε.
1939 1454 2057 1510 Πό-

489 1573 592 1624 ⁸ιιν
626 1565 760 1634 ἐρῶ,
793 1564 1052 1632 ΧαΙρετε.
1086 1557 1255 1613 Τοῦτο
1283 1551 1638 1624 θαρσύνοντος
1665 1551 1783 1602 ἐστι
1822 1547 1916 1601 καὶ
1947 1547 2058 1600 δει-

489 1658 731 1722 κνύντος,
767 1657 849 1708 ὅτι
871 1656 900 1707 ὁ
927 1654 984 1706 ἐν
1016 1649 1136 1720 Θεῷ
1162 1647 1258 1714 ὢν,
1280 1647 1367 1700 ἀεὶ
1395 1642 1574 1714 χαίρει
1597 1655 1610 1669 ·
1643 1639 1743 1693 κάν
1771 1653 1830 1690 τε
1865 1635 2058 1704 θλίϐη-

487 1765 594 1810 ται,
627 1746 733 1800 κᾶν
755 1743 934 1798 ὁτιοῦν
967 1741 1174 1810 πάσχῃ,
1198 1737 1286 1790 ἀεὶ
1323 1735 1544 1806 χαίρειὸ
1563 1730 1823 1793 τοιοῦτος.
1857 1727 2058 1780 Ἀκου-

491 1855 581 1892 σον
620 1837 728 1906 γὰρ
763 1835 892 1906 περί
923 1831 1032 1884 τῶν
1066 1827 1376 1884 ἀποστόλων
1421 1823 1515 1878 τοῦ
1565 1822 1750 1876 Λουκᾶ
1787 1819 2056 1886 λέγοντος,

491 1929 571 1984 δτι
630 1927 1037 1992 Ὑπέστρεερον
1075 1918 1192 1974 ἀπὸ
1228 1914 1552 1985 προσώπου
1593 1911 1698 1966 τοῦ
1742 1908 2060 1976 συνεδρίου

492 2018 825 2088 χαίροντες,
855 2011 946 2064 ὅτι
970 2004 1422 2074 κατηξιώθησαν
1446 1999 1596 2067 ὑπὲρ
1623 1998 1729 2052 τοῦ
1769 1995 2060 2066 ὀνόματος

492 2083 679 2162 αὐτοῦ
713 2098 1181 2174 μαστιγωθῆναι.
1228 2096 1294 2148 Εἰ
1343 2093 1604 2163 μάστιγες
1650 2089 1746 2142 καὶ
1795 2085 1991 2156 δεσμὰ,
2025 2083 2064 2138 ἃ.

496 2198 712 2252 πάντων
761 2190 898 2246 εἶναι
943 2190 1087 2242 δοκεῖ
1140 2184 1509 2255 λυπηρότερά,
1563 2179 1737 2250 χαρὰν
1790 2174 2062 2242 τίκτει,.τί

497 2287 606 2340 τῶν
624 2284 798 2339 ἄλλων
819 2281 1110 2352 δυνήσεται
1135 2275 1432 2348 ἐμποιῆσαι
1466 2272 1642 2341 λύπην
1678 2272 1842 2342 ήμῖν;
1871 2268 2065 2321 Πάλιν

497 2377 611 2448 ἐρῶ
633 2415 649 2440 ,
698 2374 962 2441 Χαίρετε.
1023 2366 1218 2430 Καλῶς
1279 2365 1372 2417 τὸν
1442 2361 1600 2430 λόγον
1664 2356 2060 2413 ἐδιπλασίασεν.

509 2446 730 2537 Ἐπειδὴ
763 2467 867 2534 γάρ
891 2461 999 2516 τῶν
1025 2457 1363 2530 πραγμάτων
1395 2456 1428 2524 ή
1455 2451 1616 2522 φύσις
1648 2449 1824 2518 λύπην
1861 2446 2062 2510 ἔτικτε,

493 2560 584 2615 διὰ
629 2536 724 2610 τοῦ
779 2547 1179 2620 διπλασιασμοῦ
1231 2547 1525 2607 δείκνυσιν,
1581 2542 1662 2595 ὃτι
1715 2539 1930 2601 πάντως
1985 2536 2067 2589 δεῖ

493 2651 724 2722 χαίρειν.
749 2645 820 2701 Τὸ
839 2640 1094 2706 ἐπιεικὲς
1111 2635 1276 2708 ὑμῶν
1294 2631 1616 2722 γνωσθήτω
1631 2629 1824 2685 πᾶσιν
1847 2625 2064 2695 ἀνθρὼο

493 2719 649 2806 ποις.
674 2735 830 2810 [305]
865 2730 1030 2787 Εἶπεν
1058 2728 1332 2798 ἀνωτέρω,
1367 2719 1479 2778 Ὧν
1517 2726 1550 2778 ό
1595 2723 1730 2787 θεὸς
1757 2720 1798 2788 ἠ
1841 2719 2063 2781 κοιλία,

495 2832 594 2884 καί
611 2831 649 2898 ἡ
665 2807 982 2890 δόξαέντῇ
1005 2820 1269 2888 αἰσχύνῃ
1295 2813 1512 2878 αὐτῶν,
1543 2813 1638 2864 καὶ
1656 2812 1738 2864 ὃτι
1755 2809 1820 2862 τὰ
1850 2807 2067 2875 ἐπίγεια

501 2916 807 2990 φρονοῦσιν.
849 2911 1002 2965 Ἐπεί
1025 2904 1118 2962 οὖν
1149 2908 1294 2968 εἰκὸς
1334 2904 1531 2964 αὑτοὺς
1557 2898 1693 2970 πρὸς
1737 2898 1862 2958 τοὺς
1899 2911 2066 2963 πονη-

503 2985 632 3078 ροὺς
671 3001 922 3072 ἆπεχθῶς
966 2995 1266 3053 διακεῖσθαι
1291 3036 1306 3060 ,
1345 2992 1601 3062 παραινεῖ
1649 2987 1828 3040 τοίνυν
1881 2985 2066 3046 αὑτοῖς

505 3075 672 3172 μηδὲν
701 3097 788 3165 ἔχε
801 3114 847 3147 ιν
871 3091 1004 3163 πρὸς
1033 3091 1274 3149 ἐκείνους
1299 3084 1496 3145 κοινὸν,
1525 3081 1660 3134 ἀλλά
1693 3077 1830 3148 μετά
1865 3075 2066 3144 πολλῆς

500 3165 684 3252 αὐτοῖς
717 3184 1014 3257 κεχρῆσθαι
1047 3177 1376 3241 ἐπιεικείας,
1417 3176 1478 3227 οὑ
1522 3173 1626 3243 μὴν
1670 3173 1781 3232 τοῖς
1824 3165 2070 3234 ἀδελφοῖς

501 3283 683 3352 μόνον,
719 3277 854 3332 ἀλλὰ
885 3275 980 3328 καί
1029 3273 1140 3334 τοῖς
1168 3269 1383 3340 ἐχθροῖς
1414 3267 1507 3318 καὶ
1547 3265 1656 3325 τοῖς
1684 3259 1964 3322 ἐναντίοις.
2007 3257 2071 3310 '0

498 3375 717 3441 Κύριος
746 3368 950 3438 ἐγγὺς,
969 3363 1165 3435 μηδὲν
1185 3356 1526 3430 μεριμνᾶτε.
1547 3355 1701 3417 Τίνος
1729 3355 1836 3423 γὰρ
1861 3353 2068 3414 ἕνεκεν,

499 3465 620 3518 εἰπὲ
657 3478 768 3532 μοι,
797 3455 1124 3520 ἀλύετεςότι
1168 3450 1548 3512 ἀνθίστανται;
1599 3447 1682 3499 ὅτι
1727 3447 1890 3515 ὁρᾶτε
1941 3459 2072 3514 τρυ-

505 3555 720 3622 φῶντας
753 3549 986 3613 αὑτούς;
1030 3543 1232 3612 Μηδὲν
1264 3539 1598 3612 μεριμνᾶτε.
1655 3537 1793 3606 Ἤδη
1823 3538 1856 3605 ἡ
1892 3533 2072 3605 κρίσις

510 3643 848 3712 ἐφέστηκεν·
904 3639 1004 3691 οὑκ
1061 3638 1139 3699 εἰς
1190 3633 1406 3704 μακρὰν
1462 3631 1692 3684 δώσουσι
1759 3627 1915 3694 λόγον
1963 3625 2073 3678 τῶν

514 3733 917 3804 πεπραγμένων
946 3729 1146 3790 αὑτοῖς.
1193 3726 1332 3778 Ἀλλ’
1369 3725 1526 3794 ὑμεῖς
1556 3725 1612 3774 ἐν
1653 3719 1850 3790 θλίψει,
1875 3721 2072 3772 ἐκεῖνοι

511 3825 570 3879 δὲ
591 3829 648 3878 ἐν
664 3824 933 3894 τρυφαῖςς
969 3819 1108 3872 Ἀλλ’
1131 3818 1230 3888 ήδη
1261 3817 1434 3871 ταῦτα
1453 3814 1687 3884 λήψεται
1720 3811 1894 3874 τέλος.
1933 3809 2070 3862 Ἀλλ’

512 3912 942 3980 ἐπιϐουλεύουσι,
977 3914 1070 3966 καί
1093 3909 1439 3976 ἀπειλοῦσιν;
1475 3907 1614 3960 Ἀλλ’
1649 3907 1748 3960 οὑκ
1795 3907 1872 3967 εἰς
1925 3903 2074 3966 τέλος

511 4008 696 4070 αὑτοῖς
726 4004 898 4060 ταῦτα
931 4003 1276 4074 προχωρήσει
1303 4015 1315 4029 ⁸
1357 3999 1457 4070 ήδη
1496 3996 1845 4065 ἐφέστηκενή
1873 3993 2070 4064 κρίσις,

507 4100 598 4152 ὅτε
628 4097 888 4151 τάναντία
930 4094 1108 4148 ἔσται.
1140 4091 1343 4158 Μηδὲν
1361 4087 1683 4173 μεριμνᾶτε
1707 4103 1720 4116 °
1754 4087 1855 4156 ήδη
1881 4087 1948 4136 τά
1975 4083 2072 4152 τῆς

509 4186 917 4249 ἀνταποδόσεως
943 4184 1232 4254 ἐφέστηκε.
1252 4179 1368 4236 Κᾶν
1392 4171 1650 4241 ἐπιεικῶς
1675 4171 2076 4249 προσενεχθῆτε

508 4281 622 4342 τοῖς
652 4277 718 4330 τά
741 4275 889 4329 δεινὰ
923 4274 1065 4344 ὑμᾶς
1101 4273 1412 4334 διατεθεῖσι,
1444 4269 1548 4323 κᾶν
1573 4267 1750 4332 πενία,
1780 4265 1880 4319 κᾶν
1910 4264 2075 4317 θάνα-

511 4385 624 4430 τος,
653 4367 756 4420 κᾶν
779 4363 957 4418 ὁτιοῦν
976 4362 1104 4417 ἄλλο
1130 4361 1297 4414 δεινὸν
1325 4358 1384 4432 ᾖ,
1417 4358 1594 4412 πάντα
1619 4358 1920 4427 οἰχήσεται.
1954 4357 2079 4421 Μη-

513 4460 621 4512 δὲν
647 4454 965 4526 μεριμνᾶτε
985 4469 1000 4484 °
1033 4451 1168 4506 ἀλλ’
1203 4452 1273 4504 ἐν
1299 4448 1477 4502 παντί
1520 4445 1594 4516 τῇ
1629 4443 1942 4514 προσευχῇ
1979 4444 2079 4498 καί

515 4548 589 4616 τῇ
615 4547 820 4613 δεήσει
843 4545 992 4614 μετὰ
1030 4543 1415 4612 εὐχαριστίας
1452 4539 1524 4592 τὰ
1578 4537 1870 4604 αἰτήματα
1917 4534 2082 4605 ὑμῶν

515 4637 878 4708 γνωριζέσθω
917 4634 1068 4702 πρὸς
1114 4637 1221 4686 τὸν
1260 4632 1429 4685 Θεόν.
1483 4630 1598 4683 Μία
1645 4628 1742 4698 μὲν
1775 4625 1867 4683 οὖν
1898 4628 2082 4696 ἐκείνη

514 4727 856 4802 παραμυθία,
893 4725 975 4790 τὸ,
1027 4723 1090 4777 '0
1125 4725 1339 4790 Κύριος
1381 4719 1580 4789 ἐγγὺς,
1633 4721 1725 4772 καὶ
1772 4721 1966 4782 ἐκεῖνο,
2000 4719 2078 4783 τὸ,

518 4822 776 4888 Ἐσομαι
812 4819 940 4887 μεθ’
973 4813 1137 4885 ὑμῶν
1165 4813 1368 4877 πάσας
1406 4812 1510 4876 τὰς
1535 4809 1779 4879 ἡμέρας,
1824 4809 1932 4875 ἕως
1974 4807 2082 4876 τῆς

517 4907 872 4972 συντελείας
893 4905 998 4959 τοῦ
1022 4901 1255 4968 αἰῶνος.
1292 4901 1424 4954 ’ἰδοὺ
1450 4899 1540 4952 καὶ
1567 4899 1700 4969 άλλη
1729 4897 2076 4968 παραμυθία,

521 5000 618 5052 καὶ
647 4997 822 5067 λύπης
861 4997 956 5050 καί
991 4993 1365 5067 περιστάσεως
1396 4992 1488 5045 καὶ
1525 4990 1742 5044 πάντων
1781 4989 1889 5042 τῶν
1930 4991 2082 5042 ἀνια-

518 5087 631 5160 ρῶν
659 5087 912 5162 λυτήριον
941 5087 1252 5156 φάρμακον.
1298 5086 1456 5136 Ποῖον
1491 5083 1554 5150 δὴ
1589 5083 1778 5148 τοῦτο;
1817 5081 1890 5134 Τὸ
1929 5080 2084 5150 εὔχε-

518 5179 666 5244 σθαι,
704 5178 766 5232 τὸ
803 5179 860 5230 ἐν
889 5177 1050 5230 παντὶ
1095 5177 1457 5247 εὐχαριστεῖν.
1489 5173 1653 5226 Ὥστε
1697 5171 1796 5233 τὰς
1829 5170 1992 5240 εὐχὰς
2025 5170 2084 5221 οὑ

520 5269 680 5341 μόνον
706 5270 922 5340 αἴτησιν
959 5263 1097 5320 εῖναι
1133 5266 1400 5337 βούλεται,
1441 5263 1578 5316 ἀλλὰ
1605 5263 1698 5316 καί
1736 5261 2082 5331 εὐχαριστίαν

515 5361 657 5432 ὑπὲρ
687 5353 761 5412 ὧν
802 5359 1018 5428 ἔχομεν.
1052 5358 1177 5420 Πῶς
1205 5359 1314 5428 γὰρ
1343 5357 1556 5427 αἰτήσει
1591 5371 1674 5417 τις
1699 5353 1768 5406 τὰ
1803 5353 2084 5423 μέλλοντα,

515 5447 544 5496 ὁ
569 5445 677 5498 τῶν
711 5446 994 5518 προτέρων
1023 5445 1183 5514 χάριν
1211 5445 1312 5498 οὐκ
1355 5443 1538 5506 εἰδώς;
1587 5443 1744 5496 Ἀλλ’
1785 5443 1854 5496 ἐν
1885 5443 2086 5507 παντί,

1269 273 1333 331 ΙΝ
1369 268 1586 328 EPIST.
1622 271 1711 325 AD
1757 266 2045 326 HIILIPP.
2093 267 2247 326 CAP.
2285 267 2369 324 IV.
2415 265 2650 323 IIOMIL.
2689 262 2828 320 XIV.

3609 255 3734 313 23}-

2153 379 2261 432 τῶν
2305 377 2604 433 δοκούντων
2653 373 2792 431 εἰναι
2833 371 3090 445 λυπηρῶν
3119 385 3134 402 ο
3185 367 3343 422 τοῦτο
3399 366 3507 436 γὰρ
3547 369 3713 431 Cvrc};

2149 469 2492 540 εὐχαρίστου.
2536 467 2745 520 Ἐκεῖνο
2791 465 2888 535 μὲν
2921 462 3028 532 γὰρ
3056 464 3089 532 ή
3119 460 3279 529 φύσις
3308 457 3418 512 τῶν
3457 461 3716 525 πραγμά-

2147 574 2255 612 των
2277 559 2530 612 ἀπαιτεῖ·
2560 555 2717 608 τοῦτο
2757 554 2815 608 δὲ
2860 552 2968 606 ἀπὸ
2990 550 3167 620 ψυχῆς
3200 548 3408 618 γίνεται
3440 543 3718 612 εὐγνώμο-

2149 665 2258 714 νος,
2287 647 2380 700 καί
2419 647 2624 716 σφόδρα
2649 643 2998 714 διακειμένης
3031 640 3166 711 πρὸς
3199 639 3289 692 τὸν
3317 636 3469 690 Θεόν.
3499 632 3720 694 Ταύτας

2148 739 2502 806 ἐπιγινώσκει
2552 737 2652 798 τὰς
2701 734 2866 805 εὐχὰς
2906 736 2934 786 ὁ
2963 731 3118 794 Θεὸς,
3172 729 3272 792 τὰς
3316 727 3374 780 δὲ
3419 724 3586 786 ἄλλας
3619 722 3735 774 ούιε

2148 827 2306 886 οἶδεν.
2363 829 2572 884 Οὐκοῦν
2621 826 2845 880 τοιαῦτα
2889 821 3136 893 εῠχεσθε,
3179 820 3322 874 ὥστε
3353 815 3714 885 ἐπιγινώσκε-

2151 920 2294 974 σθαι.
2330 918 2516 971 Πάντα
2557 915 2664 986 γάρ
2696 914 2835 984 ὑπὲρ
2881 911 2977 965 τοῦ
3019 910 3387 980 συμφέροντος
3423 904 3717 971 οἰκονομεῖ,

2151 1010 2253 1065 κᾶν
2278 1011 2438 1079 ήμεῖς
2467 1007 2543 1078 μὴ
2569 1005 2818 1076 εἰδῶμεν.
2851 1001 2959 1056 Καὶ
2983 1001 3140 1054 τοῦτο
3161 997 3254 1052 τοῦ
3287 996 3492 1068 σφεδρα
3514 990 3724 1062 συμφέ-

2154 1115 2270 1171 ρειν
2299 1099 2432 1169 ήμῖν
2457 1097 2573 1149 ἐστι
2597 1095 2918 1164 τεκμήριον,
2961 1090 3024 1144 τὸ
3058 1091 3204 1160 ήμᾶς
3248 1087 3322 1158 μὴ
3361 1087 3578 1140 εἰδέναι.
3611 1082 3724 1136 Kal

2150 1189 2190 1256 ἠ
2222 1187 2429 1257 εἰρήνη
2481 1185 2588 1240 τοῦ
2642 1184 2790 1239 Θεοῦ
2826 1184 2864 1250 ή
2911 1179 3292 1248 ὑπερέχουσα
3325 1175 3526 1229 πάντα
3573 1172 3726 1228 νοῦν

2151 1274 2477 1346 φρουρήσει
2528 1273 2635 1338 τὰς
2686 1269 2936 1338 καρδίας
2979 1266 3148 1336 ὑμῶν
3189 1265 3287 1319 καί
3336 1263 3408 1318 τὰ
3453 1265 3726 1333 νοήματα

2161 1366 2331 1438 ὑμῶν
2360 1367 2430 1420 ἐν
2456 1361 2688 1433 Χριστῷ
2728 1359 2950 1428 Ἰησοῦ.
2976 1359 3042 1412 Τί
3070 1360 3188 1410 ἐστι
3221 1354 3418 1420 τοῦτο;
3452 1355 3514 1407 Ἦ
3535 1358 3724 1428 εἰρήνη

2149 1457 2246 1511 τοῦ
2280 1455 2436 1521 Θεοῦ,
2475 1455 2660 1525 φησὶν,
2701 1453 2766 1522 ἢν
2814 1451 2949 1521 πρὸς
2997 1451 3124 1512 τοὺς
3165 1448 3484 1518 ἀνθρώπους
3533 1451 3724 1520 εἰργά-

2153 1561 2306 1606 σατο,
2357 1542 2538 1596 πάντα
2578 1539 2701 1595 νοῦν
2743 1536 3022 1608 ὑπερέχει.
3050 1535 3147 1600 Τίς
3197 1535 3308 1607 γὰρ
3344 1537 3410 1590 ἂν
3468 1539 3728 1608 προσεδό.

2153 1651 2313 1706 κησε,
2361 1633 2444 1696 τίς
2489 1632 2548 1685 δέ
2599 1630 2665 1684 ἂν
2706 1627 2899 1700 ἤλπισε
2948 1625 3186 1680 τοσαῦτα
3238 1624 3458 1680 ἔσεσθαι
3506 1627 3721 1695 ἁγαθά;

2157 1730 2409 1782 ’Δπασαν
2433 1721 2780 1792 ἀνθρωπίνην
2809 1717 3127 1790 ὑπερϐαίνει
3142 1717 3401 1784 διάνοιαν,
3421 1718 3544 1788 ούχί
3561 1718 3716 1787 λόγον

2158 1823 2316 1894 μόνον
2340 1837 2353 1852 ·
2391 1818 2531 1890 ὑπὲρ
2559 1815 2666 1871 τῶν
2695 1814 2924 1886 ἐχθρῶν,
2966 1813 3106 1886 ὑπὲρ
3139 1811 3246 1866 τῶν
3287 1811 3586 1884 μισούντων
3620 1812 3717 1863 αύ-

2155 1909 2269 1976 τὸν,
2297 1909 2438 1978 ὑπὲρ
2473 1905 2586 1960 τῶν
2630 1903 3124 1976 ἀποστρεφομένων
3145 1943 3160 1968 ,
3217 1902 3358 1972 ὑπὲρ
3393 1900 3592 1954 τούτων
3636 1901 3726 1954 τὸν

2159 1999 2288 2053 Υίὸν
2339 1995 2589 2051 ἐκδοῦναι
2637 1995 2728 2048 τὸν
2767 1996 3029 2066 μονογενῆ
3081 1996 3142 2048 οὑ
3177 1995 3548 2067 παρῃτήσατο,
3585 1992 3724 2045 ὥστε

2159 2090 2380 2160 εἰρήνην
2414 2087 2637 2156 ποιῆσαι
2671 2086 2805 2156 πρὸς
2839 2087 3005 2156 ἡμᾶς.
3034 2085 3183 2155 Δῦτη
3213 2085 3276 2156 δή
3309 2081 3402 2138 οὖν
3434 2086 3468 2154 ή
3511 2085 3720 2154 εἰρήνη,

2157 2181 2454 2245 τουτέστιν,
2483 2183 2516 2250 ή
2557 2177 2894 2248 καταλλαγὴ,
2936 2179 2970 2248 ή
3015 2178 3204 2248 ἀγάπη
3236 2175 3390 2248 [306]
3441 2174 3534 2229 τοῦ
3564 2175 3725 2237 Θεοῦ,

2159 2270 2488 2344 φρουρήσει
2538 2268 2642 2334 τὰς
2687 2267 2933 2336 καρδίας
2981 2268 3148 2338 ὑμῶν
3201 2268 3300 2322 καί
3351 2269 3422 2322 τὰ
3459 2267 3730 2337 νοήματα

2159 2361 2346 2432 ὑμῶν.

2233 2455 2300 2526 β’.
2328 2455 2497 2508 Τοῦτο
2515 2453 2852 2517 διδασκάλου,
2875 2453 2951 2525 μὴ
2975 2452 3134 2523 μόνον
3157 2450 3614 2524 παραινεῖν,ἀλλά
3637 2451 3732 2503 καὶ

2162 2546 2438 2618 εὔχεσθαι,
2481 2547 2574 2599 καί
2608 2545 2698 2598 διὰ
2741 2545 2979 2614 δεήσεως
3014 2545 3249 2616 βοηθεῖν,
3277 2543 3416 2598 ὥστε
3453 2544 3594 2614 μήτε
3627 2541 3734 2595 ὑπὸ

2165 2635 2486 2709 πειρασμῶν
2519 2635 3046 2700 καταϐαπτίζεσθαι,
3077 2637 3214 2706 μήτε
3256 2635 3360 2689 ὑπὸ
3387 2635 3602 2704 ἀπάτης
3636 2649 3733 2685 πε-

2166 2728 2482 2800 ριφέρεσθαι
2501 2745 2512 2758 ·
2539 2729 2614 2790 ὡς
2641 2725 2706 2780 ἃν
2729 2728 2777 2780 εἰ
2803 2727 2985 2795 ελεγεν
3003 2743 3016 2756 °
3057 2727 3116 2780 ὐ
3143 2726 3448 2797 ῥυσάμενος
3477 2726 3622 2794 ὑμᾶς
3638 2721 3732 2776 οῦ-

2162 2836 2292 2884 τως,
2330 2819 2405 2882 ὡς
2433 2818 2558 2872 οὑδὲ
2591 2817 2716 2882 νοῦς
2749 2817 3072 2872 καταλαϐεῖν
3108 2817 3354 2879 δύναται,
3393 2817 3553 2880 αὑτὸς
3592 2817 3738 2881 ὑμᾶς

2161 2909 2528 2980 διαφυλάξειε,
2575 2909 2671 2962 καὶ
2709 2907 3089 2977 ἀσφαλίσαιτο,
3131 2907 3274 2960 ὥστε
3305 2908 3469 2978 μηδὲν
3514 2905 3728 2960 παθεῖν.

2168 3003 2238 3056 Ἦ
2267 2998 2360 3057 οὖν
2388 3002 2550 3056 τοῦτο
2571 3001 2738 3072 δηλοῖ,
2771 2999 2804 3070 ἢ
2839 3001 2920 3053 ὅτι
2943 3001 2976 3069 ή
3007 2999 3218 3069 εἰρήνη,
3245 2998 3314 3067 ἥν
3349 3012 3513 3067 φησιν
3547 2999 3575 3050 ὁ
3599 2985 3739 3065 Χρι-

2167 3095 2310 3159 στὸς,
2356 3091 2623 3160 Εἰρήνην
2671 3092 2884 3159 ἀφίημι
2939 3088 3100 3158 ὑμῖν,
3144 3089 3392 3155 εἰρήνην
3434 3088 3548 3154 τὴν
3584 3085 3741 3153 ἐμὴν

2165 3184 2371 3252 δίδωμι
2399 3182 2559 3252 ὑμῖν,
2583 3182 2718 3251 αῦτη
2751 3182 3048 3252 φρουρήσει
3091 3181 3256 3246 ὑμᾶς.
3297 3181 3363 3231 Ἦ
3411 3178 3520 3247 γὰρ
3545 3178 3738 3247 εἰρήνη

2167 3273 2424 3344 ὑπερέχει
2457 3274 2633 3326 πάντα
2672 3271 2795 3324 νοῦν
2819 3271 3176 3340 ἀνθρώπινον.
3195 3271 3257 3321 Εἰ
3281 3269 3337 3320 δέ
3363 3269 3560 3336 λέγεις,
3587 3267 3738 3330 πῶς;

2167 3365 2367 3419 ἄκουεο
2397 3363 2567 3416 Ὅταν
2611 3361 2743 3430 λέγῃ
2778 3361 2913 3430 πρὸς
2953 3361 3080 3421 τοὺς
3135 3359 3360 3428 ἐχθροὺς
3413 3357 3736 3429 εἰρηνεύειν,

2171 3453 2308 3524 πρὸς
2336 3453 2461 3513 τοὺς
2483 3449 2822 3512 ἀδικοῦντας,
2865 3447 3000 3518 πρὸς
3027 3447 3152 3510 τοὺς
3181 3447 3741 3517 ἐκπεπολεμωμένους

2170 3543 2262 3594 καί
2287 3539 2540 3610 ἀπεχθῶς
2576 3537 2712 3608 πρὸς
2735 3538 2882 3607 ἡμᾶς
2905 3535 3145 3606 ἔχοντας,
3180 3536 3295 3598 πῶς
3325 3536 3422 3605 οὑχ
3451 3535 3590 3606 ὑπὲρ
3613 3535 3738 3587 νοῦν

2170 3637 2316 3686 ἐστιν
2351 3629 2689 3702 ἀνθρώπινον
2732 3626 2924 3693 τοῦτο;
2975 3626 3192 3681 Μᾶλλον
3245 3627 3302 3680 δὲ
3358 3627 3420 3680 τὸ
3471 3627 3739 3698 πρότερον

2171 3724 2366 3794 ἴδωμεν
2396 3738 2410 3754 ⁸
2446 3723 2507 3777 Ἠ
2549 3720 2758 3790 εἰρήνη
2801 3719 3075 3786 ὑπερέχει
3125 3717 3319 3771 πάντα
3371 3715 3539 3771 νοῦν.
3593 3717 3657 3768 Εἰ
3707 3718 3740 3785 ή

2169 3815 2382 3886 εἰρήνη,
2421 3810 2601 3882 πολλῷ
2638 3811 2837 3882 μᾶλλον
2883 3811 3090 3872 αὑτὸςὸ
3123 3809 3274 3872 Θεὸς,
3309 3811 3336 3864 δ
3376 3808 3473 3880 τὴν
3519 3809 3741 3880 εἰρήνην

2169 3905 2312 3970 δοὺς,
2345 3905 2520 3958 πάντα
2544 3901 2686 3965 νοῦν,
2720 3903 2782 3954 οὑ
2813 3901 2902 3954 τὸν
2949 3900 3215 3970 ἡμέτερον
3247 3901 3427 3968 μόνον,
3476 3900 3610 3953 ἀλλὰ
3647 3899 3741 3952 καὶ

2181 3995 2274 4049 τὸν
2298 3995 2405 4048 τῶν
2425 3991 2672 4062 ἀγγέλων
2699 3991 2792 4042 καὶ
2813 3989 2920 4042 τῶν
2943 3989 3054 4042 άνω
3071 3989 3374 4057 δυνάμεων.
3403 3989 3467 4040 Τί
3489 3989 3544 4041 δέ
3567 3991 3659 4041 ἐστ
3669 4006 3740 4050 ιν,

2184 4088 2279 4139 Ἑν
2329 4081 2560 4153 Χριστῷ
2621 4079 2856 4146 Ἰησοῦ;
2917 4079 3005 4131 Ἐν
3059 4077 3206 4146 αὑτῷ
3262 4077 3504 4146 φυλάξει,
3556 4078 3742 4146 φησὶν,

2173 4176 2312 4232 ὥστε
2347 4174 2550 4246 μένειν,
2583 4170 2677 4222 καὶ
2709 4168 2784 4238 μὴ
2832 4169 3084 4220 ἐκπεσεῖν
3133 4165 3296 4218 αὐτοῦ
3357 4166 3454 4235 τῆς
3487 4166 3741 4228 πίστεως.

2177 4269 2245 4322 Τὸ
2271 4265 2507 4327 λοιπὸν,
2539 4259 2808 4329 ἀδελφοὶ,
2838 4257 2955 4312 ὅσα
2977 4257 3108 4311 ἐστί
3139 4257 3350 4326 σεμνὰ,
3374 4256 3491 4310 ὅσα
3515 4255 3740 4324 ἀληθῆ,

2176 4359 2292 4412 ὅσα
2325 4356 2542 4410 δίκαια.
2573 4353 2637 4404 Τί
2670 4355 2807 4415 ἐστι,
2846 4350 2912 4404 Τὸ
2937 4349 3188 4410 .ὶοιπόν;
3231 4349 3376 4400 ’Λντὶ
3408 4349 3522 4412 τοῦ,
3559 4350 3743 4401 Πάντα

2177 4449 2308 4516 ήμῖν
2333 4443 2566 4512 εἴρηται.
2608 4437 2994 4508 Ἐπειγομένου
3021 4438 3078 4490 τὸ
3107 4437 3258 4508 ῥῆμά
3295 4439 3431 4498 ἐστι,
3471 4438 3564 4490 καὶ
3595 4437 3746 4488 οὐδὲν

2179 4537 2355 4590 κοινὸν
2389 4534 2600 4604 ἔχοντος
2635 4531 2768 4600 πρὸς
2796 4528 2864 4580 τὰ
2893 4528 3156 4596 παρόντα.
3194 4529 3370 4582 Λοιπιῖ
3384 4545 3440 4591 ν,
3473 4526 3746 4594 ἀδε.2φοί,

2179 4629 2296 4681 ὅσα
2343 4625 2514 4680 ἐστὶν
2558 4619 2776 4690 ἀληθῆ.
2812 4621 2928 4674 ὅσα
2955 4618 3171 4688 σεμνὰ,
3227 4619 3343 4672 ὅσα
3387 4617 3606 4678 δίκαια,
3633 4616 3750 4668 ὅσα

2181 4716 2352 4786 ἁγνὰ,
2388 4715 2504 4767 ὅσα
2529 4709 2859 4780 προσφιλῆ,
2899 4710 3017 4763 ὅσα
3063 4709 3322 4778 εὔφημα,
3365 4707 3420 4761 sl
3448 4725 3538 4770 τις
3570 4705 3754 4773 ἀρετὴ

2183 4807 2280 4860 καὶ
2305 4805 2358 4860 ετ
2379 4821 2468 4869 τις
2495 4803 2759 4867 ἔπαινος,
2789 4801 2973 4854 ταῦτα
2999 4799 3334 4869 λογίζεσθε’
3369 4797 3406 4850 ἃ
3433 4797 3532 4850 καί
3613 4795 3754 4862 ἐμά-

2185 4899 2334 4960 θετε,
2365 4894 2464 4948 καὶ
2503 4891 2888 4960 παρελάϐετε,
2935 4889 3034 4942 καί
3075 4889 3396 4956 ἠκούσατε,
3437 4885 3535 4938 καὶ
3567 4883 3756 4937 εἴδετε

2183 4989 2252 5041 ἐν
2287 4986 2439 5056 ἐμοί.
2476 4985 2540 5038 Τί
2568 4987 2737 5048 ἐστιν,
2773 4983 2928 5034 Ὅσα
2961 4976 3266 5046 προσφιλῆ
3289 4991 3307 5039 ;
3336 4975 3612 5046 Προσφιλῆ
3643 4974 3755 5034 τοῖς

2187 5082 2416 5142 πιστοῖς,
2468 5074 2742 5146 προσφιλῆ
2783 5071 2858 5141 τῷ
2907 5069 3043 5140 Θεῷ.
3101 5070 3260 5120 Ὅσα
3313 5065 3486 5120 ἐστὶν
3532 5065 3754 5133 ἀληθῆ.

2188 5171 2369 5226 Ταῦτα
2385 5171 2493 5238 γὰρ
2513 5168 2680 5227 ὅντως
2705 5163 2902 5231 ἀληθῆ,
2926 5163 2959 5230 ἡ
2983 5161 3174 5230 ἀρετή·
3201 5158 3391 5227 ψεῦδος
3414 5159 3470 5210 δὲ
3497 5161 3530 5228 ή
3555 5159 3718 5211 κακία
3739 5171 3754 5184 ·

2190 5260 2416 5330 καὶγὰρ
2451 5260 2484 5326 ή
2535 5255 2696 5326 ήδονὴ
2745 5253 2914 5320 αὐτῆς
2960 5250 3173 5319 ψεῦδος,
3233 5250 3326 5302 καὶ
3359 5251 3392 5320 ἡ
3433 5249 3560 5314 δόξα
3587 5247 3760 5316 αὐτῆς

2189 5349 2402 5420 ψεῦδος,
2451 5344 2544 5399 καὶ
2580 5344 2760 5396 πάντα
2812 5341 2881 5392 τὰ
2927 5339 3018 5392 τοῦ
3077 5339 3278 5406 κόσμου
3332 5337 3545 5405 ψεῦδος.
3603 5337 3760 5388 ’Ὀσα

2193 5441 2365 5510 ἁγνὰ,
2421 5436 2556 5506 πρὸς
2602 5434 2684 5497 τὸ,
2749 5431 2822 5486 Τὰ
2872 5429 3103 5499 ἐπίγεια
3146 5429 3539 5497 φρονοῦντας.
3602 5427 3761 5478 ’Ὅσα

517 5535 674 5605 φησὶ,
719 5516 990 5600 τουτέστι,
1051 5535 1360 5606 πράγματι,
1417 5533 1491 5603 τῇ
1535 5532 1848 5602 προσευχῇ
1885 5532 1984 5585 καί
2019 5531 2092 5599 τῇ
2194 5529 2406 5598 σεμνὰ,
2438 5527 2572 5596 πρὸς
2595 5525 2675 5591 τὸ,
2704 5521 2868 5575 Ὧνό
2891 5521 3026 5586 θεὸς
3042 5523 3078 5589 ή
3110 5521 3326 5573 κοιλία.
3355 5519 3509 5570 Ὅσα
3538 5516 3756 5578 δι’κιιιιι,

519 5624 748 5694 δεήσει.
794 5627 956 5680 ’Ὠττε
1004 5627 1142 5698 ὑπὲρ
1172 5627 1424 5683 ἁπάντων
1471 5627 1810 5697 εὐχαριστεῖν
1851 5625 1948 5690 δεῖ,
2001 5627 2090 5677 καὶ

2199 5621 2312 5672 ὅσα
2349 5618 2610 5686 εὔφημα,
2638 5611 2808 5668 ταῦτά
2833 5614 2966 5676 ἐστι,
2995 5610 3176 5682 φησίν.
3211 5609 3281 5664 Εἴ
3312 5625 3398 5675 τις
3431 5605 3634 5674 ἀρετή,
3662 5607 3757 5658 καὶ
