4030 6204
334 283 440 341 285

332 398 391 453 ει
421 414 511 464 τις
538 395 808 463 ἔπαινος.
852 390 1113 446 Ἐνταῦθα
1148 392 1398 462 βούλεται
1434 392 1632 455 αὐτοὺς
1663 394 1757 446 κα)⁵
1796 391 1904 445 τῶν

333 488 473 558 πρὸς
502 485 824 557 ἀνθρώπους
856 484 1120 553 προνοεῖν.
1152 482 1343 535 Ταῦτα
1369 482 1697 552 λογίζεσθε,
1724 483 1908 551 φησίν.

350 576 517 646 ῗυρᾷς
560 575 643 627 ὃτι
682 575 862 627 πᾶσαν
893 571 1099 625 ἔννοιαν
1131 570 1379 641 βούλεται
1408 572 1648 643 ἐξορίσαι
1671 573 1913 644 πονηρὰν

337 665 403 717 ἐκ
427 663 537 716 τῶν
576 662 860 733 ἡμετέρων
890 659 1108 730 ψυχῶνς
1141 661 1248 713 ἀπὸ
1286 661 1395 731 γὰρ
1431 661 1650 715 ἐννοιῶν
1682 663 1738 716 αἰ
1776 662 1911 732 πρά»

339 751 449 818 ξεις
481 754 535 805 αἰ
566 751 798 820 πονηραὶ
825 749 1082 817 γίνονται.
1118 751 1177 802 Ἃ
1209 750 1310 802 καί
1368 748 1615 819 ἐμάθετε
1641 750 1739 803 καί
1770 767 1915 819 παρα

338 842 608 896 ελὰϐετε.
657 840 828 893 Τοῦτο
849 839 1194 904 διδασκαλίας
1242 840 1489 911 ἀρίστης,
1527 841 1588 893 τὸ
1627 842 1683 893 ἐν
1715 841 1915 904 πάσαις

334 937 456 997 ταῖς
496 932 884 1002 παραινέσεσιν
934 932 1127 985 ἐαυτὸν
1170 932 1433 1001 παρέχειν
1481 930 1669 993 τύπον,
1731 932 1913 995 καθὼς

337 1024 430 1079 καί⁵
460 1022 692 1094 ἀλλαχοῦ
726 1040 879 1093 φησι,
910 1022 1118 1088 Καθὼς
1146 1023 1315 1091 ἔχετε
1345 1023 1539 1075 τύπον
1569 1021 1727 1088 ἡμᾶς
1758 1037 1770 1051 '
1819 1022 1915 1076 καὶ

336 1117 497 1171 πάλιν
538 1115 796 1177 ἐνταῦθα,
833 1116 901 1170 *Δ
941 1114 1037 1168 καί
1073 1113 1341 1182 ἐμάθετε,
1370 1113 1467 1165 καὶ
1509 1112 1874 1182 παρελάϐετε
1897 1131 1913 1147 θ

335 1206 631 1266 τουτέστιν.
660 1204 1008 1274 Ἐδιδάχθητε
1044 1222 1057 1236 ·
1096 1205 1192 1259 καὶ
1221 1206 1544 1272 ἠκούσατε,
1596 1206 1694 1258 καί
1728 1207 1917 1261 εἴδετε

336 1296 407 1349 ἐν
432 1297 585 1364 ἐμοὶ,
613 1295 708 1346 καὶ
734 1294 993 1363 ῥημάτιον
1023 1294 1229 1357 ἕνεκεν,
1255 1294 1348 1346 κα.)⁵
1373 1293 1641 1364 πράξεων,
1671 1298 1763 1346 καὶ
1788 1296 1917 1348 ἀνα-

342 1387 602 1458 στροφῆς.
645 1386 806 1456 ’ορᾷς
834 1386 917 1438 ὅτι
950 1383 1110 1455 μέχρι
1156 1385 1355 1448 παντὸς
1390 1384 1715 1455 πράγματος
1747 1386 1918 1439 ταῦτα

342 1478 711 1542 διατάττεται;
758 1475 973 1546 Ἐπειδὴ
1004 1476 1113 1546 γάρ
1144 1476 1246 1528 οὐκ
1283 1477 1409 1546 ἐνῆν
1446 1476 1918 1548 ἀκριϐολογεῖσθαι

344 1569 474 1639 περ)⁸
526 1568 764 1632 πάντων,
813 1565 967 1639 [507]
1015 1567 1109 1621 καὶ
1160 1566 1379 1622 εἰσόδων
1421 1567 1515 1621 καὶ
1552 1568 1768 1633 ἐξόδων,
1824 1568 1920 1621 καὶ

346 1662 589 1731 ῥήματος
633 1660 725 1713 καὶ
765 1660 1042 1730 σχήματος
1072 1658 1165 1712 καὶ
1214 1660 1497 1722 συνουσίας
1530 1660 1773 1730 (πάντων
1807 1661 1915 1732 γὰρ

348 1752 557 1806 τούτων
579 1751 684 1822 χρὴ
708 1754 957 1823 προνοεῖν
977 1752 1069 1804 τὸν
1099 1754 1144 1805 Χ
1153 1752 1445 1823 ριστιανόν)
1462 1770 1475 1784 ·
1505 1755 1782 1826 συντόμως
1802 1751 1921 1808 εἷπε

344 1843 439 1896 καὶ
461 1843 536 1907 ὡς
565 1846 621 1895 ἐν
650 1842 950 1913 κεφαλαίῳ,
994 1844 1091 1896 Ἐν
1117 1844 1243 1913 ἐμοί
1266 1845 1569 1912 ἠκούσατε
1585 1847 1684 1899 καί
1709 1847 1917 1900 εἴδετε·

343 1932 608 1997 τουτέστι,
645 1932 788 2001 Παρ’
810 1933 932 2001 ἐμοί
954 1949 966 1961 ·
990 1933 1123 1985 ὡσεὶ
1144 1932 1316 2002 ἔλεγε·
1346 1935 1456 1988 Καὶ
1475 1935 1561 1988 διά
1586 1937 1693 1989 τῶν
1723 1937 1918 2007 ἔργων,

344 2023 438 2076 καὶ
464 2022 551 2075 διά
572 2021 679 2075 τῶν
704 2023 964 2094 ῥημάτων
986 2025 1130 2093 ὑμᾶς
1161 2027 1465 2095 ἀνήγαγον.
1513 2026 1703 2080 Ταῦτα
1732 2025 1923 2093 πράσ-

345 2128 483 2168 σετε
509 2129 523 2143 ⁸
557 2112 632 2183 μὴ
667 2112 853 2180 λέγετε
900 2113 1080 2184 μόνον,
1115 2115 1251 2169 ἀλλά
1279 2117 1371 2168 καὶ
1404 2116 1673 2187 πράττετε
1694 2133 1708 2146 ·
1747 2115 1846 2169 καί
1891 2118 1923 2169 ό

347 2202 488 2268 Θεὸς
517 2202 626 2270 τῆς
653 2201 896 2272 εἰρήνης
923 2204 1091 2258 ἔσται
1106 2207 1235 2274 μεθ’
1258 2204 1442 2275 ὑμῶν.
1465 2206 1774 2269 Τουτέστιν,
1799 2205 1924 2259 Ἐὰν

347 2292 488 2347 οὕτω
535 2290 1089 2365 φυλάττητεταῦτα,
1132 2296 1225 2349 καὶ
1264 2297 1400 2367 πρὸς
1453 2296 1717 2367 ἀλλήλους
1770 2298 1923 2367 εἰρη-

346 2383 559 2453 νεύητε,
590 2384 648 2435 ἐν
682 2383 891 2457 γαλήνῃ
914 2384 1123 2449 ἔσεσθε,
1159 2389 1216 2439 ὲν
1245 2388 1513 2457 ἀσφαλείᾳ
1541 2388 1707 2459 πολλῇ
1725 2407 1738 2419 ·
1775 2388 1925 2441 οὐδὲν

348 2472 603 2528 πείσεσθε
632 2475 896 2546 λυπηρὸν,
922 2476 1044 2530 οὐδέ
1088 2477 1197 2530 τῶν
1229 2477 1565 2545 ἀϐουλήτων.
1614 2479 1784 2533 Ὅταν
1817 2481 1926 2553 γάρ

344 2564 508 2632 ἡμεῖς
546 2567 914 2637 εἰρηνεύωμεν
954 2568 1092 2639 πρὸς
1137 2569 1322 2632 αὐτὸν,
1362 2570 1717 2640 εἰρηνεύομεν
1752 2572 1809 2625 δέ
1837 2572 1927 2626 διὰ

347 2654 447 2723 τῆς
489 2655 709 2726 ἀρετῆς,
742 2655 921 2727 πολλῷ
958 2658 1156 2729 μᾶλλον
1206 2658 1368 2722 αὐτὸς
1408 2660 1525 2728 μεθ’
1568 2661 1722 2729 ήμῶν
1753 2662 1923 2715 ἔσται.

359 2744 418 2799 '0
442 2745 551 2817 γάρ
586 2746 759 2812 οὕτως
797 2750 945 2820 ήμᾶς
980 2751 1294 2821 ἀγαπήσας,
1326 2751 1402 2813 ὡς
1433 2752 1527 2804 καὶ
1559 2751 1634 2822 μὴ
1666 2752 1925 2822 βουλομέ-

347 2852 472 2900 νους
520 2838 860 2909 προσίεσθαι,
914 2841 983 2895 ἂν
1029 2841 1113 2912 ἴδῃ
1160 2832 1616 2912 προστρέχοντας,
1652 2844 1711 2895 οὐ
1751 2843 1928 2914 πολλῷ

347 2925 512 2980 πλέον
558 2930 722 2993 αὐτὸς
767 2928 1093 2995 ἐπιδείξεται
1146 2931 1246 2999 τήν
1275 2931 1489 2999 φιλίαν;
1550 2933 1715 2985 Οὐδὲν
1756 2933 1928 2998 οὑτως

346 3016 545 3087 ἐχθρὸν
596 3021 697 3090 τῆς
749 3021 1025 3091 ήμετὲρας
1076 3021 1311 3089 φύσεως,
1344 3021 1420 3083 ὡς
1474 3021 1659 3078 κακία.
1710 3021 1834 3085 Πῶς
1873 3023 1930 3076 δέ

346 3106 541 3179 ἐχθρὸν
567 3109 723 3179 ήμῶν
756 3112 789 3180 ή
821 3110 1010 3174 κακία,
1047 3110 1139 3163 καὶ
1172 3109 1325 3178 φίλον
1362 3111 1395 3181 ή
1432 3111 1625 3181 ἀρετὴ,
1664 3112 1929 3181 πολλαχό-

347 3198 441 3253 θεν
489 3199 687 3267 δῆλον·
739 3201 855 3264 καὶ,
901 3202 950 3253 εἰ
1003 3199 1287 3271 βούλεσθε,
1358 3203 1719 3273 σκοπήσωμεν
1770 3202 1930 3256 τοῦτο

348 3288 565 3359 πρῶτον
621 3289 730 3343 ἀπὸ
764 3290 875 3343 τῶν
918 3291 1181 3345 ἐναντίων
1228 3292 1366 3355 ἐνὸς,
1405 3293 1505 3362 τῆς
1541 3294 1818 3362 πορνείας·
1866 3294 1931 3347 Ἠ

347 3379 573 3449 πορνεία
604 3380 1005 3445 ἐπονειδίστους
1045 3381 1361 3453 καθίστησι,
1396 3383 1658 3452 πένητας,
1694 3401 1931 3453 καταγε-

346 3467 598 3536 λάστους,
626 3471 1137 3539 εὐκαταφρονήτους
1182 3472 1320 3541 πρὸς
1358 3473 1585 3535 πάντας,
1616 3470 1789 3525 ταῦτα
1818 3472 1932 3525 δια-

346 3556 580 3624 τιθεῖσα,
615 3560 757 3632 ἅπερ
799 3560 1009 3630 ἐχθρῶν
1043 3564 1159 3613 ἐστι
1207 3562 1537 3615 διατιθέναι·
1575 3562 1837 3626 πολλάκις
1876 3563 1932 3617 δὲ

348 3650 443 3700 καὶ
485 3650 661 3712 νόσοις
696 3651 792 3703 καὶ
841 3650 1107 3714 κινδύνοις
1150 3652 1473 3721 περιέϐαλεν
1528 3653 1667 3725 αῦτη
1692 3671 1707 3685 ’
1749 3656 1933 3707 πολλοὶ¹

347 3735 407 3789 δέ
440 3736 538 3789 καὶ
571 3737 715 3807 ὑπὲρ
747 3736 855 3789 τῶν
890 3738 1102 3807 πορνῶν
1150 3740 1448 3807 ἀπώλοντο,
1496 3742 1590 3794 καὶ
1640 3743 1934 3813 τραύματα

348 3824 566 3879 ἔλαϐον.
600 3826 665 3879 Εἰ
702 3826 760 3879 δὲ
787 3826 848 3879 τὸ
880 3826 1165 3896 πορνεύειν
1205 3826 1381 3879 ταῦτα
1419 3828 1688 3898 προξενεῖ,
1719 3831 1779 3882 τὸ
1814 3848 1933 3900 μοι·

350 3914 537 3984 χεύειν
570 3914 752 3984 πολλῷ
789 3914 1009 3985 μᾶλλον.
1046 3910 1193 3985 *Αρα
1215 3910 1308 3967 οὖν
1342 3916 1435 3968 καὶ
1468 3915 1800 3987 ἐλεημοσύνη
1840 3917 1932 3970 οὖ-

348 4020 491 4071 τως;
521 4004 785 4076 Οὐδαμῶς
808 4022 822 4036 '
854 4004 970 4057 ἀλλ’
1001 4003 1075 4068 ὡς
1127 4007 1310 4076 μήτηρ
1359 4006 1712 4075 φιλόστοργος
1753 4008 1810 4060 ἐν
1845 4024 1935 4060 κο-

351 4095 605 4166 σμιότητι
644 4094 813 4167 πολλῇ
860 4095 921 4149 τὸ
952 4095 1162 4147 παιδίον
1196 4095 1538 4167 καθίστησιν,
1582 4097 1639 4148 ἐν
1686 4095 1931 4165 εὐταξία,

348 4188 408 4240 ἐν
439 4190 651 4259 χρηστῇ
681 4187 826 4258 δόξῃ,
862 4187 991 4258 περὶ
1022 4186 1118 4258 τήν
1156 4187 1267 4241 τῶν
1299 4188 1613 4255 ἀναγκαίων
1640 4190 1786 4241 ποιεῖ
1812 4204 1936 4257 σχο-

348 4278 535 4343 λάζειν
565 4279 870 4351 διατριϐὴν,
918 4279 1017 4331 οὐκ
1064 4277 1287 4348 ἀφίησιν
1324 4280 1494 4349 ἡμᾶς,
1542 4279 1664 4331 οὐδὲ
1727 4279 1932 4346 ἀπάγει

349 4370 459 4424 τῶν
486 4372 822 4438 ἀναγκαίων,
876 4369 1013 4424 ἀλλά
1045 4370 1140 4423 καὶ
1173 4370 1272 4440 τὴν
1325 4371 1505 4441 ψυχήν
1563 4369 1934 4439 συνετωτέραν

349 4459 665 4530 ἐργάζεται.
698 4460 864 4513 Οὐδὲν
892 4459 1002 4529 γὰρ
1032 4459 1248 4529 πορνῶν
1298 4458 1719 4530 ἀσυνετώτεροι).
1773 4458 1935 4512 Ἀλλά

352 4552 441 4616 τίς
469 4549 650 4621 βούλει
680 4551 782 4620 τήν
814 4551 1127 4617 πλεονεξίαν
1159 4550 1316 4615 ἰδεῖνς
1356 4549 1463 4603 Καὶ
1494 4548 1655 4620 αῦτη,
1685 4550 1829 4621 ἀπερ
1869 4548 1936 4602 ἂν

352 4643 549 4715 ἐχθρὸς
600 4644 751 4711 ἡμᾶς
786 4641 1027 4710 διέθηκε,
1085 4640 1378 4711 διατίθησι.
1432 4641 1591 4706 Πῶς;
1641 4640 1936 4694 Μισεῖσθαι

353 4734 446 4787 ’καὶ⁸
478 4730 617 4801 αῦτη
645 4734 788 4783 ποιεῖ
822 4730 973 4799 παρά
1000 4731 1216 4785 πάντων
1242 4746 1257 4760 ·
1303 4728 1510 4792 πάντας
1550 4729 1706 4799 ήμῶν
1740 4729 1936 4784 κατεύ-

353 4825 544 4895 χεσθαι
593 4823 1025 4894 παρασκευάζει,
1079 4822 1172 4875 καὶ
1213 4823 1341 4885 τοὺς
1392 4820 1775 4890 ἠδικημένους,
1832 4824 1929 4876 καὶ

354 4915 484 4980 τοὺς
507 4915 610 4969 οὐκ
652 4913 1038 4985 ἠδικημένους,
1093 4914 1322 4976 ἐκείνοις
1368 4912 1466 4982 μὲν
1519 4913 1935 4981 συναλγοῦντας,

358 5005 499 5077 ὑπὲρ
548 5005 608 5059 δὲ
659 5005 869 5059 ἑαυτῶν
923 5004 1268 5066 δεδοικότας’
1321 5002 1397 5065 ὼς
1444 5001 1671 5071 ἐχθροὺς
1726 5004 1938 5066 κοινοὺς

358 5095 561 5158 πάντες
588 5094 811 5166 δρῶσιν,
842 5095 918 5158 ὡς
944 5093 1131 5165 θηρία,
1161 5094 1235 5157 ὡς
1260 5093 1517 5164 δαίμονας
1539 5108 1552 5123 ο
1583 5092 1773 5163 μυρίαι
1805 5110 1937 5146 παν-

357 5183 524 5252 ταχοῦ
565 5188 915 5257 κατηγορίαι,
964 5186 1288 5251 ἐπιϐουλαὶ,
1341 5185 1545 5253 φθόνοι,
1593 5184 1737 5255 ἅπερ
1789 5186 1937 5239 ἐστὶν

359 5274 593 5346 ἐχθρῶν.
634 5277 696 5329 Ἥ
725 5278 781 5330 δέ
809 5277 1123 5348 δικαιοσύνη
1142 5276 1469 5342 τούναντίον,
1498 5275 1704 5339 πάντας
1725 5276 1933 5344 φίλους,

338 5350 575 5431 ἴπάντας
622 5368 893 5437 συνήθεις,
935 5370 1145 5433 πάντας
1184 5368 1444 5431 εὐνοϊκῶς
1484 5368 1754 5439 διατίθησι
1801 5369 1937 5439 πρὸς

364 5459 512 5529 ἡμᾶς
536 5476 550 5491 ο
579 5459 729 5531 παρά
755 5461 970 5514 πάντων
1007 5462 1145 5532 ὑπὲρ
1172 5461 1328 5530 ήμῶν
1369 5461 1528 5531 εὐχαὶ
1552 5461 1809 5528 γίνονται.
1848 5460 1936 5512 Ἐν

367 5550 638 5623 ἀσφαλείᾳ
665 5552 832 5623 πολλῇ
864 5551 1113 5606 ἐντεῦθεν
1147 5553 1214 5604 τά
1251 5552 1371 5605 καθ’
1404 5554 1571 5622 ήμάς,
1620 5552 1794 5615 οὐδεὶς
1825 5550 1939 5604 κίνο

370 5636 543 5705 δυνος,
564 5641 787 5711 οὐδεμία
810 5640 1030 5710 ὑποψία,
1057 5641 1187 5696 ἀλλά
1214 5641 1306 5694 καὶ
1324 5645 1351 5694 ὀ
1374 5640 1539 5705 ὑπνος
1562 5643 1729 5704 ἀδεῶς
1750 5641 1926 5694 ἔπεισι

1071 281 1127 341 S.
1166 279 1453 337 JOANNIS
1486 278 1969 337 CHRYSOSTOMI
2010 285 2326 341 ARCIIIEP.
2368 280 2922 341 CONSTANTINOP.

3358 288 3361 291 ’
3472 285 3576 339 286

2018 395 2156 466 μετά
2187 395 2505 464 ἀσφαλείας,
2556 396 2780 466 οὐδεμία
2826 394 3066 465 φροντὶς,
3100 396 3275 460 οὐδεὶς
3323 400 3574 461 κοπετός.

2080 494 2149 555 γ’.
2167 487 2326 557 Ὁρᾷς
2351 488 2433 540 ὅτι
2462 486 2663 557 μᾶλλον
2689 484 2828 557 αὕτη
2849 485 3070 556 βελτίων
3086 505 3100 552 ;
3117 488 3181 539 Τί
3200 487 3278 549 δὲ,
3302 489 3422 540 εἰπέ
3454 507 3577 559 μοις

2008 572 2069 626 τὸ
2096 574 2329 641 φθονεῖν,
2369 574 2402 645 ἢ
2433 573 2495 626 τὸ
2534 573 2856 643 συνήδεσθαι
2898 573 3138 643 βέλτιον;
3177 575 3362 627 Ταῦτα
3405 575 3581 629 πάντα

2010 657 2374 729 ἐξετάσωμεν,
2398 658 2494 711 καὶ
2531 660 2855 729 εὑρήσομεν,
2886 660 2967 712 ὅτι
2994 660 3029 729 ὴ
3063 660 3162 729 μὲν
3191 660 3381 731 ἀρετή,
3410 662 3583 714 καθά-

2013 762 2118 816 περ
2151 748 2331 816 μήτηρ
2366 746 2535 809 ὄντως
2566 746 3011 817 φιλόστοργος,ἐν
3035 747 3305 819 ἀσφαλείᾳ
3329 748 3585 820 καθίστη-

2014 849 2096 884 σιν
2125 848 2138 863 ⁸
2175 834 2207 902 ή
2258 832 2315 885 δὲ
2362 832 2528 886 κακία
2577 834 2635 887 ἐν
2683 834 2965 897 κινδύνοις,
3014 836 3244 904 πρᾶγμα
3288 838 3586 905 ἐπισφαλὲς

2012 920 2163 993 {308]
2197 922 2438 991 ὑπάρχον
2462 922 2558 975 καὶ
2586 922 2942 978 ἐπικίνδυνον.
2976 924 3173 976 ’Ἄκουε
3206 925 3314 994 γάρ
3338 924 3431 977 τοῦ
3458 943 3587 995 προ-

2013 1010 2183 1077 φήτου
2208 1008 2457 1075 λέγοντος
2476 1047 2491 1071 ,
2525 1010 2874 1078 Κραταίωμα
2903 1011 3115 1077 Κύριος
3143 1009 3262 1062 τῶν
3296 1011 3587 1081 φοϐουμέ-

2012 1109 2137 1146 νων
2193 1094 2400 1157 αὐτὸν,
2433 1094 2533 1148 καὶ
2579 1095 2617 1160 ἡ
2653 1095 2908 1164 διαθήκη
2954 1097 3142 1151 αὑτοῦ
3180 1097 3286 1152 τοῦ
3313 1097 3586 1164 δηλῶσαι

2013 1179 2236 1245 αὐτοῖς.
2282 1180 2489 1235 Οὐδένα
2540 1180 2829 1235 δέδοικενό
2885 1182 3052 1252 μηδὲν
3104 1183 3283 1253 ἐαυτῷ
3333 1184 3587 1248 συνειδὼς

2015 1268 2249 1338 πονηρόν
2273 1284 2287 1299 ο
2310 1269 2483 1321 οὐδενί
2512 1269 2674 1322 πάλιν
2694 1269 2888 1341 θαρῤεῖ
2916 1271 2943 1322 ό
2968 1271 3027 1323 ἐν
3075 1272 3246 1341 κακία
3295 1270 3424 1337 ζῶν,
3454 1270 3589 1324 ἀλλά

2015 1356 2109 1409 καὶ
2161 1358 2287 1420 τοὺς
2318 1359 2538 1422 οἰκέτας
2572 1358 2786 1430 τρέμει,
2818 1360 2911 1413 καὶ
2943 1358 3084 1428 μετά
3116 1359 3350 1428 ὑποψίας
3373 1361 3494 1431 ὁρᾷ.
3521 1359 3586 1412 Τί

2015 1444 2074 1498 δέ
2114 1444 2261 1513 λέγω
2291 1447 2419 1509 τοὺς
2463 1446 2714 1511 οἰκέτας;
2756 1446 2849 1500 τοῦ
2892 1447 3190 1510 συνειδότος
3218 1447 3278 1499 οὑ
3334 1448 3486 1516 φέρει
3526 1446 3588 1500 τὸ

2016 1532 2399 1605 δικαστήριον
2438 1534 2536 1604 οὐχ
2580 1536 2629 1588 οἰ
2686 1534 2790 1599 ἔξω
2839 1535 3001 1603 μόνον
3026 1573 3043 1598 ,
3078 1536 3212 1588 ἀλλὰ
3247 1536 3341 1588 καὶ¹
3360 1538 3410 1589 οἱ
3442 1536 3590 1589 ἔνδον

2017 1619 2181 1672 αὐτὸν
2214 1620 2475 1673 κόπτουσι
2516 1620 2787 1689 λογισμοὶ,
2828 1621 2928 1674 οὐκ
2967 1622 3218 1688 ἀφιέντες
3258 1622 3424 1675 αὐτὸν
3456 1624 3591 1692 ήρε-

2021 1707 2162 1774 μεῖν.
2198 1706 2263 1757 Τί
2307 1702 2421 1769 οῦν,
2453 1706 2618 1776 φησί;
2661 1707 2796 1776 πρὸς
2846 1708 3103 1769 ἐπαίνους
3150 1708 3484 1779 προσέχοντα
3512 1708 3593 1761 δεῖ

2020 1794 2148 1863 ζῇνς
2176 1792 2287 1846 Οὐκ
2316 1788 2457 1858 εἷπε,
2482 1793 2621 1863 Πρὸς
2640 1793 2858 1847 ἔπαινον
2880 1796 2998 1864 ὅρα,
3030 1794 3184 1857 ἀλλά,
3213 1795 3320 1846 Καὶ
3340 1796 3410 1847 τὰ
3437 1796 3593 1847 ἐπαι-

2022 1881 2150 1931 νετά
2182 1880 2342 1943 ποίει,
2384 1881 2457 1949 μὴ
2486 1880 2624 1947 πρὸς
2675 1881 2898 1933 ἔπαινον
2941 1880 3144 1949 μέντοι.
3176 1880 3334 1934 ’Ὅσα
3363 1880 3591 1948 ἀληθῆ*

2020 1964 2214 2034 ψεῦδος
2243 1966 2349 2036 γὰρ
2374 1965 2545 2019 ταῦτα
2578 1983 2590 1995 ·
2624 1966 2773 2020 Ὅσα
2798 1966 3013 2035 σεμνά.
3038 1968 3109 2019 Τὸ
3136 1967 3331 2036 σεμνὸν
3363 1967 3463 2035 τῆς
3488 1967 3595 2031 ἔξω

2022 2052 2138 2105 ἐστὶ
2189 2053 2470 2122 δυνάμεως
2488 2088 2506 2117 ,
2542 2053 2603 2105 τὸ
2633 2052 2688 2105 δὲ
2720 2053 2903 2120 ἁγνὸν,
2929 2054 3025 2121 τῆς
3054 2053 3253 2123 ψυχῆς.
3280 2052 3372 2124 Μὴ
3397 2054 3593 2119 δίδοτε,

2024 2141 2175 2210 φησὶ,
2206 2139 2558 2211 πρόσκομμα,
2589 2139 2721 2209 μηδέ
2747 2140 3171 2209 λαϐήν.Ἐπειδὴ
3206 2136 3360 2193 εἶπεν
3383 2180 3399 2205 ,
3438 2141 3598 2196 Ὅσα

2020 2227 2278 2296 εὕρημα,
2328 2228 2416 2281 ἵνα
2450 2225 2524 2297 μὴ
2558 2226 2806 2297 νομίσῃς,
2838 2227 2918 2278 ὅτι
2969 2226 3039 2278 τά
3089 2226 3238 2295 παρὰ
3283 2225 3596 2295 ἀνθρώποις

2021 2313 2208 2375 ἁπλῶς
2256 2328 2438 2383 φησιν,
2465 2314 2768 2383 ἐπήγαγεν,
2816 2312 2889 2364 El
2935 2330 3019 2378 τις
3058 2311 3262 2380 ἁρετὴ,
3292 2314 3391 2367 καὶ
3425 2313 3482 2366 εἶ
3505 2331 3597 2379 τις

2023 2402 2289 2467 ἐπαίνος,
2321 2401 2505 2454 ταῦτα
2546 2397 2873 2468 λογίζεσθε,
2897 2398 3082 2452 ταῦτα
3123 2398 3429 2468 πράττετε.
3468 2404 3597 2452 Διαο

2027 2490 2224 2553 παντὸς
2248 2488 2498 2559 βούλεται
2528 2487 2675 2557 ἡμᾶς
2694 2489 2751 2540 ἐν
2794 2485 3002 2549 τούτοις
3031 2482 3191 2547 εἶναι,
3219 2485 3391 2539 ταῦτα
3444 2502 3599 2557 μερι-

2029 2577 2187 2646 μνᾷν,
2214 2575 2386 2629 ταῦτα
2423 2577 2645 2627 ἐννοεῖν.
2667 2574 2727 2625 Εί
2755 2572 2863 2642 γὰρ
2890 2573 3177 2644 μέλλοιμεν
3205 2574 3341 2643 πρὸς
3373 2573 3597 2635 ἑαυτοὺς

2026 2659 2350 2731 εἰρηνεύειν,
2385 2661 2477 2713 καὶ
2509 2662 2538 2713 6
2568 2659 2700 2722 Θεὸς
2739 2659 2892 2712 ἔσται
2926 2659 3045 2729 μεθ’
3067 2660 3247 2730 ήμῶν.
3287 2661 3385 2712 Ἂν
3424 2660 3479 2713 δέ
3500 2659 3595 2712 πό-

2024 2748 2187 2816 λεμον
2219 2748 2547 2817 ἐγείρωμεν,
2587 2748 2615 2800 6
2633 2747 2735 2817 τῆς
2760 2748 2982 2817 εἰρήνης
3013 2745 3146 2809 Θεὸς
3172 2746 3272 2799 οὐκ
3291 2745 3445 2799 ἔσται
3478 2744 3596 2815 μεθ’

2023 2834 2203 2904 ήμῶν.
2233 2834 2401 2887 Οὐδὲν
2424 2833 2533 2905 γὰρ
2548 2833 2691 2886 οὐτω
2718 2833 2977 2902 πολέμιον
3000 2835 3065 2903 τῇ
3090 2832 3261 2904 ψυχῇ,
3285 2833 3364 2896 ὡς
3392 2832 3559 2886 κακία
3581 2846 3597 2861 ’

2026 2923 2119 2974 καὶ
2155 2922 2306 2974 οὐδὲν
2346 2921 2515 2992 αὐτὴν
2554 2923 2612 2973 ἐν
2654 2922 2925 2993 ἀσφαλείᾳ
2961 2921 3253 2992 καθίστησι
3302 2921 3487 2986 πάλιν,
3525 2919 3601 2983 ὡς

2027 3011 2060 3080 ή
2093 3010 2283 3080 εἰρήνη
2342 3009 2437 3062 καὶ
2474 3010 2506 3079 ή
2553 3008 2722 3079 ἀρετή
2749 3024 2761 3037 ·
2798 3008 2939 3062 ὥστε
2971 3008 3041 3062 τά
3086 3011 3217 3079 παρ’
3248 3008 3410 3079 ήμῶν
3437 3009 3598 3080 ἄρχεο

2029 3094 2151 3147 σθαι
2183 3096 2280 3160 δεῖ,
2315 3096 2410 3148 καὶ
2439 3095 2561 3149 τότε
2582 3095 2671 3149 τὸν
2690 3095 2822 3149 Θεὸν
2853 3095 3288 3165 ἐπισπασόμεθα.
3317 3097 3430 3149 Οὐκ
3454 3094 3603 3148 ἐστιν

2026 3184 2054 3235 6
2082 3181 2233 3247 Θεὸς,
2268 3182 2505 3252 πολέμου
2536 3184 2631 3236 καὶ
2668 3183 2846 3252 μάχης
2874 3182 3017 3245 θεός.
3053 3182 3263 3236 Οὐκοῦν
3299 3181 3602 3235 κατάλυσον

2020 3271 2121 3323 καὶ
2149 3270 2240 3323 τὸν
2266 3270 2501 3340 πόλεμον
2529 3270 2623 3322 καὶ
2642 3269 2739 3338 τὴν
2772 3272 2972 3340 μάχην,
2999 3271 3092 3323 καὶ
3121 3271 3218 3339 τὴν
3242 3269 3379 3339 πρὸς
3408 3268 3592 3334 αὑτὸν,

2028 3358 2122 3411 καὶ
2152 3357 2247 3427 τὴν
2274 3357 2409 3426 πρὸς
2435 3357 2526 3409 τὸν
2552 3357 2777 3427 πλησίον
2802 3374 2815 3387 ·
2842 3358 3115 3427 εἰρηνικὸς
3144 3357 3233 3408 ἔσο
3275 3355 3409 3425 πρὸς
3463 3355 3594 3407 πάν⁴

2028 3461 2126 3507 τας
2148 3461 2162 3476 ’
2204 3444 2458 3513 ἐννόησον
2499 3443 2651 3506 τίνας
2695 3447 2724 3497 6
2755 3444 2886 3506 Θεὸς
2909 3443 3071 3507 σώζει
3094 3461 3109 3473 ·
3132 3441 3414 3508 Μακάριοι
3435 3444 3489 3495 οί
3511 3442 3592 3494 εἰ-

2022 3530 2360 3597 ρηνοποιοί,
2390 3530 2575 3599 φησὶν,
2604 3530 2692 3583 ὅτι
2721 3530 2893 3585 αὐτοὶ
2943 3530 3058 3584 υἱοί
3091 3528 3238 3584 Θεοῦ
3261 3527 3590 3596 κληθήσον-

2030 3634 2144 3670 ται.
2184 3616 2483 3679 Διαπαντὸς
2511 3615 2601 3669 τὸν
2640 3615 2766 3668 Υίὸν
2786 3615 2880 3669 τοῦ
2910 3615 3044 3669 Θεοῦ
3068 3616 3361 3686 μιμοῦνται
3394 3617 3445 3669 οἰ
3484 3630 3597 3668 τοι·

2031 3705 2200 3766 οῦτοι,
2256 3707 2349 3758 καὶ
2416 3704 2654 3775 μίμησαι
2702 3705 2798 3757 καὶ
2855 3705 2919 3757 σὺ
2968 3704 3131 3757 αὐτόν
3173 3718 3187 3733 ο
3237 3705 3549 3775 είρήνευσον
3583 3716 3600 3734 ⁸

2031 3792 2141 3862 ὅσῳ
2180 3791 2245 3845 ἀν
2291 3809 2350 3845 σε
2395 3792 2652 3862 πολεμῇό
2677 3791 2924 3860 ἀδελφὸς,
2957 3790 3197 3855 τοσούτῳ
3229 3790 3434 3860 μείζων
3455 3793 3482 3844 ό
3513 3809 3602 3860 μι-

2036 3878 2179 3941 σθός.
2212 3880 2407 3932 Ἄκουε
2435 3879 2544 3950 γὰρ
2573 3878 2667 3932 τοῦ
2691 3880 2971 3949 προφήτου
3010 3878 3282 3947 λέγοντος,
3309 3880 3472 3932 Μετὰ
3491 3876 3607 3930 τῶν

2029 3970 2373 4038 μισούντων
2417 3968 2531 4036 τὴν
2559 3967 2827 4036 εἰρήνην,
2858 3965 3023 4035 ἥμην
3071 3967 3388 4034 εἰρηνικός.
3438 3966 3603 4019 Τοῦτο

2035 4055 2228 4125 ἀρετὴ.
2268 4054 2428 4107 τοῦτο
2483 4057 2668 4125 μεῖζον
2722 4053 3067 4124 ἀνθρωπίνου
3112 4052 3399 4124 λογισμοῦ,
3452 4052 3602 4106 τοῦτο

2035 4141 2170 4195 Θεοῦ
2202 4143 2365 4210 ἐγγὺς
2390 4138 2530 4195 εἶναι
2563 4142 2723 4194 ποιεῖ.

2107 4229 2272 4281 Οὐδὲν
2326 4226 2499 4292 οὑτως
2549 4228 2831 4298 εὐφραίνει
2881 4227 2974 4280 τὸν
3001 4228 3153 4294 Θεὸν,
3185 4228 3261 4292 ὼς
3288 4228 3350 4281 τὸ
3374 4227 3448 4299 μή
3471 4223 3604 4279 εἶναι

2040 4314 2375 4385 μνησίκακον
2403 4330 2417 4345 ·
2443 4315 2604 4369 τοῦτο
2642 4313 2834 4384 ἀφίησί
2890 4330 2950 4365 σε
2996 4313 3105 4366 τῶν
3155 4314 3602 4384 ἁμαρτημάτων,

2033 4402 2193 4457 τοῦτό
2220 4420 2301 4455 σοι
2324 4401 2439 4455 λύει
2480 4402 2550 4456 τὰ
2591 4402 2929 4472 ἐγκλήματα.
2969 4402 3065 4453 Ἂν
3086 4401 3145 4453 δέ
3186 4400 3489 4472 μαχώμεθα
3519 4400 3607 4452 καὶ

2038 4489 2419 4560 πυκτεύωμεν,
2466 4490 2682 4559 μακρὰν
2721 4488 2985 4558 γινόμεθα
3022 4488 3116 4541 τοῦ
3147 4489 3305 4541 Θεοῦ.
3349 4488 3481 4541 Ἀπὸ
3513 4487 3606 4557 μὲν

2037 4577 2145 4647 γάρ
2178 4577 2276 4645 τῆς
2305 4577 2482 4647 μάχης
2511 4576 2702 4646 ἔχθραι
2724 4575 3016 4637 τίκτονται,
3047 4575 3154 4628 ἀπὸ
3187 4574 3243 4627 δὲ
3282 4576 3380 4644 τῆς
3414 4574 3608 4645 ἔχθρας

2042 4664 2416 4735 μνησικακίαι.
2456 4663 2727 4733 Ἐκκοψον
2776 4663 2875 4733 τήν
2929 4663 3106 4733 ῥίζαν,
3149 4663 3242 4715 καὶ
3281 4664 3380 4716 οὐκ
3402 4663 3553 4716 ἔσται
3582 4662 3610 4715 ὁ

2038 4752 2247 4822 καρπός
2279 4768 2292 4783 ο
2319 4750 2463 4804 οὑτω
2500 4750 2859 4820 μαθησόμεθα
2900 4750 3008 4802 τῶν
3037 4748 3308 4819 βιωτικῶν
3335 4764 3609 4819 καταφροο

2038 4842 2171 4893 νεῖν.
2208 4838 2283 4891 Οὐ
2316 4840 2427 4909 γὰρ
2465 4838 2641 4902 ἐστιν,
2680 4839 2779 4890 οὐκ
2809 4836 2959 4890 ἐστιν
2986 4839 3043 4889 ἐν
3065 4840 3178 4901 τοῖς
3217 4837 3608 4907 πνευματικοῖς

2042 4924 2211 4996 μάχη,
2240 4922 2353 4975 ἀλλ’
2382 4922 2519 4990 ὅπερ
2570 4920 2637 4973 ἂν
2700 4920 2816 4990 ἴδῃς
2875 4919 3188 4989 γενόμενον,
3225 4919 3257 4989 ἢ
3299 4919 3476 4988 μάχας
3503 4916 3613 4987 ι,ή

2041 5010 2253 5078 φθόνον,
2284 5008 2317 5079 ἢ
2357 5010 2494 5078 ὅπερ
2525 5007 2592 5061 ἀν
2624 5008 2767 5061 εἴποι
2797 5024 2900 5071 τις,
2935 5005 3207 5076 βιωτικῶν
3250 5005 3439 5058 ἕνεκεν
3465 5006 3612 5073 γίνε-

2037 5116 2129 5152 ται
2154 5114 2169 5129 ’
2197 5098 2230 5167 ἢ
2266 5099 2373 5168 γὰρ
2402 5094 2735 5161 πλεονεξίας,
2772 5095 2804 5165 ἦ
2840 5095 3067 5163 φθόνου,
3095 5095 3128 5165 ή
3163 5093 3466 5157 κενοδοξίας
3501 5092 3637 5169 Exn;

2038 5188 2212 5258 ἀρχὴν
2238 5188 2388 5239 πᾶσα
2431 5185 2600 5255 μάχη.
2628 5186 2726 5238 Ἂν
2761 5185 2941 5237 τοίνυν
2970 5183 3400 5253 είρηνεύσωμεν,
3432 5181 3612 5250 μαθη-

2041 5274 2244 5345 σόμεθα
2266 5273 2360 5327 καὶ
2390 5273 2496 5325 τῶν
2524 5274 2582 5324 ἐν
2611 5273 2676 5342 τῇ
2721 5274 2789 5340 γῇ
2822 5274 3203 5340 καταφρονεῖν.
3238 5267 3494 5339 Ἤρπασέ
3520 5283 3605 5330 τις

2039 5366 2107 5418 τὰ
2172 5365 2467 5434 χρήματα;
2518 5362 2654 5414 Ἀλλ’
2683 5361 2837 5415 οὐδὲν
2895 5361 3142 5431 ἠδίκησε,
3209 5360 3369 5430 μόνον
3415 5356 3489 5427 μὴ
3523 5355 3615 5407 τὸν

2044 5654 2079 5710 ἢ
2101 5589 2337 5696 ’άῡιιηωο
2361 5588 2555 5637 videtur
2578 5586 2859 5648 legendum,
2888 5585 2989 5633 ἀ>λ’
3023 5584 3141 5632 ὅπου
3165 5583 3217 5628 iv
3242 5583 3343 5643 ἴδῃς
3366 5574 3615 5639 γενομένην

2100 5666 2125 5709 μ
2165 5666 2268 5710 χην.

2100 5666 2268 5711 μαχην.
