4030 6204
320 302 427 357 285

327 425 399 469 ter
424 422 497 467 est
538 412 880 480 Quacumque
895 406 1062 479 justo,
1080 420 1402 478 quwcumque
1428 405 1570 458 bona
1594 406 1764 474 (ante,
1789 401 1905 456 haec

325 515 473 571 sunt,
502 504 693 574 inquit,
724 502 786 557 Si
810 515 910 567 qua
947 499 1127 560 virtus,
1166 506 1214 550 et
1256 497 1299 550 si
1328 511 1428 566 qua
1468 496 1601 549 laus.
1646 494 1760 548 Hoc
1788 496 1907 548 loco

327 594 441 649 vult
479 595 624 662 ipsos
665 607 726 647 ea
758 590 943 655 etiam,
975 602 1095 658 quae
1121 585 1189 641 ad
1218 586 1462 641 homines
1490 586 1781 655 pertinent,
1812 599 1907 639 cu-

326 699 469 739 rare.
504 681 631 737 Hac
655 681 890 752 cogitate,
921 678 1113 749 inquit.
1143 677 1305 732 Vides
1330 675 1434 730 hoc
1462 675 1685 729 Paulum
1725 688 1901 744 agere,

328 785 385 830 ut
417 788 627 828 omnem
661 786 876 842 pravam
925 769 1307 839 cogitationem
1353 783 1421 822 ex
1472 768 1663 822 animis
1711 767 1907 822 nostris

315 866 545 937 .ejiciat?
570 880 635 920 ex
661 863 1077 934 cogitationibus
1103 862 1245 917 enim
1275 876 1452 931 prava:
1490 875 1703 930 quoque
1741 859 1908 915 actio-

327 973 423 1013 nes
467 956 731 1010 oriuntur.
784 953 911 1022 Quis
956 963 1002 1008 et
1042 952 1312 1018 didicistis,
1356 961 1404 1006 et
1447 951 1731 1021 accepistis.
1783 949 1909 1005 Haec

296 1065 300 1070 '
325 1046 523 1116 optima
539 1043 769 1100 docendi
798 1044 934 1098 ratio
957 1052 1060 1109 est,
1092 1058 1151 1097 se
1181 1041 1353 1112 ipsum
1381 1040 1433 1094 in
1461 1040 1708 1095 omnibus
1737 1039 1909 1093 moni-

327 1138 557 1192 tionibus
582 1134 864 1192 formulam
893 1136 1132 1206 praebere
1160 1152 1172 1185 :
1204 1123 1655 1203 quemadmodum
1698 1141 1752 1185 et
1781 1129 1906 1185 alibi

326 1228 517 1298 inquit,
551 1226 695 1282 Sicut
724 1226 915 1280 habetis
945 1242 1035 1278 nos
1070 1225 1288 1293 formam
1312 1221 1571 1295 (Philipp.
1610 1222 1662 1276 5.
1695 1219 1823 1290 17);
1855 1226 1909 1274 et

324 1336 512 1376 rursus
540 1320 647 1385 hic,
674 1313 801 1386 Qua:
825 1327 870 1372 et
895 1318 1160 1383 didicistis,
1187 1325 1234 1370 et
1262 1315 1564 1385 accepistis;
1586 1313 1637 1368 id
1662 1322 1765 1379 ost,
1790 1326 1909 1383 qua:

324 1426 428 1481 ego
456 1426 552 1465 vos
590 1410 785 1474 docui;
830 1418 876 1464 et
899 1407 1133 1470 audistis,
1167 1414 1212 1460 et
1260 1405 1455 1459 vidistis
1497 1408 1552 1458 in
1580 1420 1693 1469 me;
1736 1403 1787 1457 id
1826 1410 1930 1465 est,

325 1510 585 1571 quantum
614 1500 848 1570 pertinet
872 1497 938 1553 ad
968 1497 1148 1559 verba,
1179 1505 1233 1551 et
1257 1496 1518 1560 actiones,
1550 1501 1605 1548 et
1630 1492 1752 1547 vita:
1781 1506 1910 1546 con-

325 1591 686 1647 suetudinem.
709 1589 871 1645 Vides
898 1588 1071 1659 ipsum
1097 1587 1241 1642 omni
1263 1589 1330 1641 de
1354 1601 1414 1641 re
1440 1584 1556 1640 haec
1585 1582 1910 1654 przecipere?

324 1683 552 1750 Quando
579 1681 722 1738 enim
756 1680 976 1735 minime
1003 1678 1084 1734 fas
1122 1686 1205 1735 est
1228 1676 1297 1732 de
1323 1676 1570 1731 omnibus
1598 1674 1906 1745 singillatim

323 1772 531 1827 minuta
580 1771 823 1841 quaedam
866 1780 1134 1842 prtecepta
1180 1767 1341 1834 dare;
1393 1766 1462 1821 de
1520 1767 1783 1836 ingressu,
1840 1763 1909 1821 de

321 1877 566 1932 egressu,
611 1862 679 1917 de
722 1862 906 1928 verbo,
947 1861 1135 1931 ﬁgura,
1182 1857 1569 1914 consuetudine
1617 1855 1904 1921 familiari;

320 1954 505 2010 omnia
533 1962 708 2008 autem
734 1954 848 2008 haec
868 1952 1174 2008 Christiano
1201 1949 1436 2006 curanda
1463 1958 1620 2006 sunt:
1646 1949 1903 2016 breviter,

319 2053 377 2099 et
404 2044 557 2112 quasi
585 2045 889 2097 summatim
917 2043 1071 2106 dixit,
1105 2043 1171 2095 In
1194 2059 1273 2095 me
1292 2041 1576 2107 audivistis,
1604 2051 1652 2094 et
1680 2041 1906 2095 vidistis:

319 2134 548 2205 perinde
571 2149 635 2189 ac
661 2134 705 2187 si
726 2133 950 2198 diceret,
970 2133 1039 2186 Et
1058 2132 1209 2187 factis
1237 2141 1292 2187 et
1317 2133 1494 2186 verbis
1521 2132 1673 2189 vobis
1695 2132 1903 2201 prmivi.

325 2226 460 2278 Haec
502 2227 671 2295 agite;
709 2240 817 2278 non
861 2223 1023 2278 dicite
1067 2223 1265 2288 solum,
1308 2222 1405 2278 sed
1447 2222 1606 2275 etiam
1637 2219 1829 2287 facite;
1861 2230 1908 2276 et

318 2316 468 2372 Deus
498 2318 638 2387 pacis
672 2318 764 2371 erit
790 2316 1067 2370 vobiscum.
1095 2313 1149 2369 Id
1178 2321 1280 2381 est,
1309 2313 1366 2369 Si
1400 2312 1516 2368 htcc
1542 2315 1907 2379 servaveritis,

316 2417 524 2463 etcum
567 2407 814 2462 omnibus
855 2421 1040 2475 pacem
1072 2403 1383 2471 habueritis,
1432 2404 1485 2459 in
1526 2404 1814 2474 tranquillo
1855 2413 1909 2458 et

317 2498 592 2554 tutissimo
617 2499 769 2553 eritis
799 2498 949 2562 loco;
994 2495 1125 2550 nihil
1169 2494 1379 2551 molesti
1410 2494 1661 2565 quodque
1688 2494 1908 2549 minime

313 2589 496 2645 velitis
524 2587 817 2658 patiemini.
851 2586 1306 2655 Quandocumque
1334 2585 1477 2641 enim
1507 2598 1607 2639 nos
1632 2599 1753 2639 cum
1794 2584 1906 2639 Deo

314 2697 504 2753 pacem
545 2681 910 2746 habuerimus,
958 2678 1218 2733 habemus
1266 2684 1446 2732 autem
1493 2692 1590 2748 per
1629 2676 1902 2743 virtutem,

312 2777 489 2831 multo
517 2776 685 2845 magis
730 2776 845 2844 ipse
875 2773 1154 2828 nobiscum
1194 2772 1245 2825 in
1272 2785 1421 2841 pace
1464 2770 1587 2826 erit.
1618 2769 1721 2837 Qui
1757 2769 1902 2824 enim

312 2869 387 2923 ita
421 2883 521 2922 nos
559 2869 774 2932 amavit,
804 2874 859 2920 ut
905 2865 988 2919 vel
1018 2863 1085 2917 ad
1127 2862 1454 2933 refugientes
1492 2861 1810 2927 accesserit;
1856 2860 1902 2914 si

312 2968 664 3012 accurrentes
711 2956 910 3020 videat,
959 2968 1139 3008 nonne
1183 2953 1354 3007 multo
1406 2952 1575 3023 magis
1618 2965 1768 3007 suam
1808 2966 1905 3021 per

313 3066 379 3103 se
414 3049 550 3102 feret
600 3047 928 3101 amicitiam?
956 3045 1096 3099 Nihil
1128 3054 1332 3099 natum
1378 3053 1575 3098 nostra:
1605 3044 1774 3113 magis
1799 3041 1903 3096 ini-

311 3139 519 3191 micum
547 3145 649 3203 est,
678 3151 836 3205 quant
868 3134 1073 3188 vitium.
1102 3133 1382 3199 Quomodo
1415 3124 1593 3188 autem
1625 3133 1898 3187 inimicum

308 3229 382 3283 sit
411 3229 596 3282 vitium
618 3237 671 3282 et
686 3228 854 3282 amica
880 3228 1070 3293 virtus,
1100 3226 1282 3280 multis
1307 3216 1636 3296 argumentis
1660 3234 1899 3280 constat:

309 3336 378 3375 ac
420 3320 468 3373 si
495 3319 678 3386 vultis,
711 3323 938 3389 primum
968 3317 1020 3373 id
1051 3328 1357 3387 spectemus
1383 3319 1436 3372 in
1466 3333 1572 3373 uno
1599 3334 1663 3373 ex
1694 3318 1757 3372 iis
1783 3331 1901 3386 qua:

308 3410 585 3464 contraria
624 3419 768 3476 sunt,
803 3408 855 3463 id
893 3420 997 3471 est,
1020 3409 1073 3461 in
1120 3408 1467 3463 scortatione.
1497 3408 1766 3463 Scortatio
1805 3421 1903 3460 nos

307 3499 594 3555 dedecoris
633 3500 841 3568 plenos,
871 3514 1155 3569 pauperes,
1198 3499 1455 3552 ridiculos
1482 3498 1627 3563 facit,
1676 3512 1738 3550 ac
1768 3496 1901 3551 tales

310 3590 498 3643 reddit
523 3591 612 3657 qui
651 3590 719 3643 ab
743 3590 991 3644 omnibus
1038 3598 1445 3643 contemnantur
1474 3605 1487 3641 :
1519 3589 1634 3643 haec
1661 3604 1789 3642 vero
1826 3588 1902 3641 fa-

309 3693 446 3733 cere
489 3680 822 3733 inimicorum
861 3690 961 3735 est.
992 3680 1147 3748 Saepe
1173 3688 1350 3734 autem
1381 3682 1495 3734 haac
1522 3688 1575 3734 et
1601 3680 1820 3734 morbos
1847 3685 1902 3734 et

310 3769 559 3839 pericula
588 3769 739 3824 affert
771 3786 785 3824 :
817 3771 967 3823 multi
995 3786 1120 3824 vero
1145 3772 1306 3826 etiam
1353 3779 1708 3826 scortatorum
1738 3783 1899 3824 causa

306 3860 616 3929 perierunt,
647 3870 697 3914 et
728 3860 942 3913 vulnera
983 3871 1320 3930 acceperunt.
1354 3862 1508 3927 Quod
1552 3863 1594 3915 si
1643 3861 1899 3915 scortalio

306 3952 432 4005 lucc
481 3950 675 4016 aﬂ'ert,
727 3951 894 4004 rutulio
945 3951 1110 4021 magis
1164 3952 1505 4006 adulterium.
1557 3952 1691 4006 Num
1737 3953 1899 4021 igitur

297 4044 503 4097 eodem
548 4043 709 4097 modo
748 4043 1126 4115 eleemosyna?
1174 4043 1511 4112 Neutiquam,
1558 4043 1648 4098 sed
1680 4043 1898 4112 perinde

296 4144 467 4203 atque
508 4148 691 4189 tenera
727 4145 896 4188 mater
943 4136 1106 4188 filiolo
1135 4150 1381 4205 magnam
1408 4143 1764 4200 venustatem,
1793 4134 1891 4189 de-

295 4240 416 4290 cns,
453 4226 681 4294 gloriam
710 4225 982 4289 conciliat,
1025 4226 1257 4294 facitque
1305 4226 1626 4281 necessariis
1656 4226 1894 4279 numeri-

294 4315 689 4369 busobeundis
717 4317 1024 4370 incumbere
1051 4333 1063 4369 :
1098 4332 1202 4370 non
1234 4317 1485 4387 relinquit
1513 4333 1631 4382 nos,
1663 4332 1835 4387 neque
1862 4332 1896 4372 a

292 4407 631 4459 necessariis
651 4407 885 4472 abducit,
919 4407 1012 4461 sed
1040 4408 1276 4462 animum
1306 4408 1705 4477 prudentiorem
1733 4409 1895 4463 etiam

293 4499 507 4550 reddit.
550 4498 944 4553 Scortatoribus
988 4500 1131 4554 enim
1164 4500 1297 4555 nihil
1346 4502 1758 4570 imprudentius.
1791 4501 1896 4557 Sed

287 4589 453 4643 visne
483 4590 762 4643 avaritiam
810 4591 1199 4660 inSpiciamns?
1245 4593 1310 4647 Et
1342 4593 1456 4648 hmc
1501 4595 1691 4648 eodem
1737 4594 1896 4648 modo

283 4699 419 4751 erga
472 4698 578 4736 nos
609 4682 793 4737 affecta
839 4696 941 4749 est,
975 4702 1079 4753 quo
1118 4686 1316 4739 inimici
1350 4687 1544 4740 solent.
1575 4687 1892 4752 Quomodo?

280 4774 490 4829 Odium
523 4785 580 4829 et
621 4774 734 4829 hzec
765 4777 919 4829 nobis
946 4778 1014 4832 ab
1056 4779 1309 4831 omnibus
1336 4780 1619 4843 conciliat;
1662 4778 1893 4849 facitque

1179 292 1247 348 lN
1287 291 1500 350 EPIST.
1543 293 1635 347 AD
1675 287 1959 346 PHlLlPP.
2002 290 2155 346 CAP.
2203 293 2285 349 IV.
2332 296 2560 354 nomL.
2604 299 2745 358 XIV.
3488 312 3593 371 eis

2017 415 2239 460 somnus
2265 412 2570 469 securitatis
2594 415 2786 488 plenus
2812 419 3066 489 advenit;
3098 421 3241 479 nulla
3273 426 3594 494 sollicitudo,

2012 494 2194 552 nullus
2225 500 2474 569 ejulatus.

2085 585 2143 678 ,3.
2184 587 2344 647 Vides
2384 593 2522 650 hanc
2567 597 2726 671 longe
2765 601 3045 660 meliorem
3100 608 3258 662 esse?
3300 608 3457 678 Quid,
3509 612 3599 668 die

2014 676 2168 771 mihi,
2205 682 2443 739 satiusne
2469 696 2552 741 est
2582 686 2842 758 invidere,
2874 708 2942 748 an
2984 695 3177 753 alienae
3207 676 3407 756 laetitia:
3436 713 3597 771 partl-

2012 768 2186 836 cipem
2213 771 2370 827 ﬁeri?
2400 775 2525 832 Haec
2560 780 2740 837 omnia
2766 786 3129 852 expendamus
3154 805 3170 855 ;
3200 805 3262 844 ac
3285 806 3416 847 sane
3438 768 3597 849 inve-

2014 861 2224 951 niemus
2250 866 2499 922 virtutem
2522 871 2761 938 quidem,
2804 884 2863 928 ut
2897 886 3120 933 matrem
3151 896 3278 936 vere
3304 896 3596 951 amantem,

2014 949 2206 1006 afferre
2234 957 2577 1013 securitatem
2596 969 2756 1032 atque
2783 963 2837 1019 in
2870 973 2984 1021 tuto
3010 968 3300 1038 collocare,
3334 949 3597 1028 vitiosita-

2015 1051 2122 1096 tem
2160 1060 2289 1099 vero
2332 1050 2603 1119 conjicere
2647 1054 2701 1107 in
2741 1042 3024 1125 pericula:
3057 1074 3146 1115 res
3192 1064 3336 1118 enim
3377 1068 3595 1121 omnino

2015 1143 2097 1189 est
2133 1137 2491 1205 periculorum
2538 1144 2713 1213 plena.
2746 1147 2884 1202 Audi
2932 1149 3244 1219 prephetam
3276 1152 3544 1211 dicentem
3577 1176 3591 1213 :

2014 1221 2417 1285 Firmamentum
2438 1242 2510 1287 est
2531 1234 2778 1290 Dominus
2802 1239 3088 1294 timentibus
3105 1257 3239 1306 eum,
3256 1252 3304 1296 et
3328 1254 3598 1299 testamen-

2015 1322 2121 1368 tum
2148 1317 2307 1387 ipsius
2328 1330 2381 1373 ut
2405 1324 2753 1394 manifestatur
2776 1327 2900 1396 ipsis
2920 1326 3037 1396 (Ps.
3060 1328 3153 1383 24.
3180 1331 3292 1401 14).
3317 1331 3595 1389 Neminem

2016 1403 2200 1474 timet,
2245 1411 2335 1477 qui
2376 1412 2577 1468 nullius
2623 1415 2750 1470 mali
2799 1416 2902 1471 sibi
2952 1427 3031 1473 est
3073 1423 3322 1475 conscius
3353 1438 3368 1476 :
3396 1425 3594 1479 nemini

2013 1507 2199 1552 contra
2232 1500 2369 1568 ﬁdit,
2403 1504 2490 1572 qui
2518 1519 2639 1560 cum
2684 1505 3023 1577 improbitate
3054 1511 3202 1577 vivit,
3240 1512 3335 1567 sed
3364 1512 3595 1571 famulos

2014 1586 2174 1640 etiam
2226 1593 2450 1655 metuit,
2520 1609 2722 1663 eosque
2776 1611 2897 1650 cum
2974 1599 3280 1668 su8picione
3336 1602 3591 1658 intuetur.

2016 1674 2217 1747 Ecquid
2266 1680 2387 1735 dico
2439 1680 2706 1739 famulos?
2758 1687 3103 1742 conscientia:
3153 1690 3318 1759 ipsius
3361 1693 3597 1751 tribunal

2014 1767 2154 1822 ferre
2177 1783 2279 1822 non
2313 1780 2522 1839 potest:
2558 1788 2663 1827 non
2696 1777 2867 1831 solum
2896 1795 3015 1846 qua:
3046 1787 3284 1835 externae
3320 1793 3464 1851 sunt,
3497 1787 3595 1842 sed

2015 1856 2233 1912 interna:
2278 1861 2439 1915 etiam
2490 1865 2928 1922 ratiocinationes
2970 1869 3142 1939 ipsum
3189 1870 3446 1941 fodicant,
3496 1892 3595 1932 nec

2014 1950 2288 2018 quiescere
2313 1968 2563 2020 umquam
2606 1957 2805 2011 sinunt.
2838 1959 2997 2029 Ergo,
3031 1960 3260 2030 inquies,
3285 1964 3354 2016 ita
3382 1976 3595 2033 oportet

2013 2039 2215 2103 vivere,
2267 2050 2324 2095 ut
2363 2042 2571 2097 laudem
2623 2048 2867 2115 spectes?
2914 2048 3027 2102 Non
3082 2050 3217 2105 dixit
3257 2053 3472 2118 Paulus,
3514 2059 3592 2111 Ad

2015 2127 2221 2183 laudem
2271 2143 2451 2200 specta
2473 2176 2486 2198 ,
2519 2136 2611 2190 sed
2635 2178 2649 2203 ,
2684 2138 2788 2192 Fac
2833 2139 3114 2195 laudabilia
3137 2183 3150 2205 ,
3186 2158 3291 2199 non
3345 2157 3593 2214 Spei-tans

2013 2219 2077 2273 ad
2149 2221 2377 2275 laudem.
2440 2226 2779 2296 Quwcumque
2841 2244 2994 2293 vera;
3043 2232 3378 2289 mendacium
3448 2239 3590 2292 enim

2014 2309 2111 2364 ista
2160 2323 2313 2379 sunt,
2360 2330 2687 2386 quaecumque
2737 2330 2934 2374 sancta.
2981 2320 3096 2376 Vox
3143 2323 3266 2391 ista,
3314 2338 3493 2394 σεμνὸν,
3542 2328 3593 2383 id

2011 2411 2093 2458 est
2138 2405 2397 2473 gravitas,
2427 2407 2491 2462 ad
2542 2418 2821 2465 externam
2865 2414 3094 2481 pertinet
3136 2416 3426 2485 virtutem;
3461 2423 3594 2486 ἅγιον

2013 2508 2171 2557 vero,
2226 2494 2277 2549 id
2333 2506 2415 2550 est
2470 2497 2754 2568 pudicitia,
2812 2503 3005 2558 animm
3065 2506 3278 2577 propria
3334 2520 3435 2564 est.
3486 2511 3593 2565 Ne-

2010 2586 2160 2652 mini,
2191 2588 2379 2658 inquit,
2403 2590 2527 2646 date
2562 2592 2722 2646 ullam
2750 2594 3115 2663 oil'ensionem,
3147 2614 3320 2670 neque
3358 2605 3596 2658 occasio-

2011 2692 2156 2731 nem.
2185 2678 2447 2746 Quoniam
2484 2680 2710 2749 dixerat,
2758 2684 3096 2754 Quacumquc
3133 2688 3279 2744 bona:
3306 2693 3478 2762 famur,
3525 2710 3594 2748 ne

2008 2769 2280 2823 existimes
2319 2770 2385 2824 ad
2432 2771 2678 2828 homines
2720 2782 2922 2830 tantum
2970 2787 3262 2847 spectasse,
3310 2783 3500 2838 addit:
3532 2785 3595 2839 Si

2008 2877 2107 2931 qua
2139 2863 2312 2927 virtus,
2357 2873 2405 2916 et
2452 2864 2495 2916 si
2536 2881 2638 2935 qua
2680 2867 2812 2932 laus,
2862 2867 2968 2922 lucc
3003 2871 3236 2939 cogitate,
3284 2872 3392 2927 lucc
3437 2876 3590 2944 agite.

2010 2951 2271 3020 Perpetuo
2296 2954 2408 3008 vult
2433 2968 2531 3008 nos
2561 2954 2613 3008 in
2645 2954 2728 3009 his
2756 2971 2895 3021 esse,
2921 2958 3036 3014 htec
3062 2974 3271 3028 curare,
3304 2964 3417 3019 haec
3444 2968 3592 3035 cogi-

2011 3049 2143 3096 tare.
2174 3042 2304 3096 Nam
2346 3044 2391 3097 si
2437 3044 2711 3098 nobiscum
2758 3046 2854 3115 ipsi
2892 3063 3077 3116 pacem
3121 3064 3422 3121 servemus,
3456 3056 3592 3112 Deus

2010 3133 2169 3187 etiam
2213 3134 2489 3189 nobiscum
2539 3136 2641 3190 erit
2672 3153 2686 3189 :
2718 3137 2799 3190 sin
2845 3137 3047 3193 bellum
3091 3147 3406 3210 excitemus,
3455 3147 3595 3201 Deus

2013 3225 2160 3293 pacis
2188 3225 2410 3280 minime
2438 3227 2714 3281 nobiscum
2744 3228 2867 3282 erit.
2899 3229 3041 3284 Nihil
3071 3233 3212 3287 enim
3241 3250 3393 3303 teque
3425 3236 3595 3291 hosti-

2012 3314 2133 3367 liter
2159 3315 2471 3368 adversatur
2500 3317 2712 3380 animm,
2745 3334 2808 3372 ac
2834 3318 3126 3383 vitiositas;
3173 3333 3227 3376 et
3270 3325 3402 3379 nihil
3440 3327 3595 3381 vicis-

2008 3404 2107 3456 sim
2153 3419 2303 3472 a'que
2350 3405 2493 3458 illam
2535 3405 2589 3458 in
2623 3414 2735 3460 tuto
2778 3407 3028 3475 collocat,
3075 3425 3137 3465 ac
3170 3428 3265 3480 pax
3310 3424 3364 3469 et
3405 3417 3589 3472 virtus.

2007 3493 2362 3558 Quamobrem
2416 3495 2731 3564 incipiamus
2779 3506 2959 3552 nostra
3006 3512 3301 3571 praestare,
3361 3518 3592 3579 tuncque

2010 3586 2175 3640 Deum
2200 3586 2263 3638 ad
2289 3601 2386 3640 nos
2412 3586 2727 3643 alliciemus.
2761 3590 2903 3645 Deus
2932 3608 3037 3646 non
3062 3603 3144 3648 est
3173 3595 3296 3650 belli
3329 3606 3379 3653 cl
3401 3616 3592 3671 pugna:

2005 3677 2161 3732 deus.
2210 3677 2430 3747 Depone
2476 3681 2634 3749 igitur
2674 3681 2872 3736 bellum
2921 3692 2973 3738 et
3004 3701 3255 3756 pugnam,
3303 3706 3423 3745 cum
3463 3710 3591 3764 erga

2008 3765 2218 3831 Deum,
2276 3776 2387 3821 tum
2442 3785 2566 3839 erga
2619 3773 2920 3840 proximum
2955 3792 2968 3828 :
3002 3778 3253 3844 pacificus
3299 3791 3416 3836 esto
3465 3800 3590 3854 erga

2006 3871 2193 3913 omnes
2226 3860 2432 3929 :cogita
2462 3862 2777 3930 quibusnam
2825 3865 2962 3920 Deus
3004 3870 3228 3924 salutem
3259 3872 3387 3929 det:
3420 3875 3588 3941 Beati,

2007 3948 2210 4016 inquit,
2264 3952 2500 4019 paciﬁci,
2552 3955 2790 4022 quoniam
2840 3957 2941 4025 ipsi
2990 3959 3087 4025 lilii
3137 3961 3234 4014 Dci
3285 3966 3591 4022 vocabuntur

2006 4038 2215 4109 (Matth.
2259 4042 2311 4095 5.
2342 4042 2421 4111 9).
2449 4042 2547 4109 Qui
2581 4044 2714 4098 tales
2760 4052 2905 4111 sunt,
2958 4059 3215 4115 perpetuo
3256 4051 3448 4107 Filium
3493 4056 3588 4110 Dei

2005 4133 2297 4188 imitantur.
2323 4135 2583 4189 Eumdem
2609 4146 2662 4189 tu
2685 4152 2897 4205 quoque
2920 4138 3124 4193 imitare
3148 4160 3161 4194 :
3184 4158 3364 4210 pacem
3395 4162 3584 4202 serva:

2004 4235 2202 4291 quanto
2225 4226 2367 4280 enim
2393 4225 2561 4294 magis
2582 4227 2908 4295 oppugnabit
2938 4236 2989 4282 te
3020 4228 3204 4297 frater,
3240 4241 3387 4289 tanto
3418 4237 3589 4307 major

2004 4316 2106 4369 erit
2135 4330 2361 4369 merces.
2396 4316 2529 4368 Audi
2561 4318 2873 4384 prophetam
2903 4316 3192 4386 dicentem,
3221 4320 3348 4376 Cum
3391 4327 3471 4389 iis,
3501 4330 3586 4397 qui

2004 4403 2214 4457 oderunt
2245 4420 2441 4474 pacem,
2482 4420 2618 4456 eram
2662 4406 2905 4473 paciﬁcus
2946 4407 3133 4476 (Ρεαι.
3184 4412 3303 4466 119.
3337 4414 3440 4483 7).
3476 4417 3587 4473 lloc

2002 4498 2173 4552 virtus
2197 4506 2299 4560 est,
2330 4495 2429 4549 hoc
2456 4496 2683 4548 humana
2709 4497 3113 4555 ratiocinatione
3142 4502 3333 4572 majus,
3359 4504 3461 4559 hoc
3490 4525 3588 4563 nos

2003 4606 2170 4661 prope
2203 4591 2367 4644 Deum
2398 4589 2564 4657 ponit.

2074 4683 2391 4746 Iniuriarum
2409 4680 2590 4735 oblivio
2607 4682 2999 4738 commendatur.
3017 4715 3085 4723 —
3098 4685 3234 4740 Nihil
3251 4702 3399 4756 teque
3420 4688 3585 4743 Deum

2002 4774 2251 4837 la-tilicat,
2276 4781 2434 4842 atque
2463 4772 2771 4842 injuriarum
2792 4775 3155 4830 immemorem
3175 4792 3293 4832 esse
3320 4796 3332 4831 :
3357 4777 3459 4832 hoc
3487 4790 3582 4835 tea

2003 4870 2232 4937 peccatis
2262 4867 2473 4931 liberat,
2518 4867 2619 4921 hoc
2645 4866 2787 4921 delet
2828 4868 3050 4921 crimina
3088 4887 3100 4920 :
3134 4870 3273 4937 quod
3303 4872 3345 4924 si
3379 4887 3580 4941 pugne-

2000 4974 2119 5014 mus
2165 4974 2228 5013 ac
2267 4959 2551 5022 luctemur,
2591 4959 2746 5027 longe
2791 4974 2821 5010 a
2867 4960 2976 5013 Deo
3014 4961 3240 5013 abimus.
3286 4960 3364 5013 Ex
3410 4978 3577 5031 pugna

1999 5053 2140 5106 enim
2188 5050 2480 5105 inimicitia:
2507 5052 2785 5112 oriuntur;
2820 5049 3123 5102 inimicitias
3169 5050 3413 5118 sequitur
3443 5052 3580 5120 inju-

2000 5145 2191 5197 riarum
2213 5144 2487 5197 memoria.
2510 5140 2706 5195 Excide
2729 5140 2984 5206 radicem,
3007 5150 3181 5194 etnon
3201 5156 3440 5211 erumpet
3463 5145 3575 5198 fru-

1997 5247 2112 5290 ctus
2146 5253 2157 5288 :
2190 5236 2258 5289 ita
2311 5235 2579 5287 discemus
2627 5247 2710 5296 ea,
2758 5248 2876 5300 quae
2930 5232 2995 5286 ad
3046 5244 3363 5301 prarsentem
3414 5237 3573 5291 vitam

1997 5327 2285 5395 pertinent,
2321 5324 2618 5392 despicere.
2644 5322 2758 5375 Non
2787 5322 2928 5375 enim
2959 5332 3062 5387 est,
3094 5339 3199 5378 non
3229 5334 3310 5379 est
3335 5327 3385 5379 in
3414 5328 3575 5382 rebus

1996 5417 2360 5486 Spiritualibus
2396 5429 2604 5483 pugna;
2653 5413 2747 5467 sed
2791 5412 3048 5482 quidquid
3094 5415 3355 5483 ejusmodi
3397 5419 3576 5473 videas

1994 5510 2211 5575 exoriri,
2238 5509 2322 5563 vel
2355 5521 2558 5576 pugnas
2585 5507 2667 5559 vel
2714 5505 2987 5569 invidiam,
3021 5509 3131 5561 sive
3172 5510 3381 5576 quidvis
3408 5511 3574 5577 aliud,

1995 5619 2171 5657 rerum
2202 5601 2266 5655 ad
2301 5602 2436 5653 hanc
2455 5598 2616 5651 vitam
2642 5600 3018 5667 pertinentium
3054 5617 3211 5655 causa
3238 5604 3570 5658 exoriuntur.

1994 5698 2123 5753 Nam
2155 5695 2236 5750 vel
2265 5695 2330 5748 ab
2366 5692 2522 5746 alieni
2567 5690 2876 5761 cupiditate,
2911 5692 2990 5748 vel
3035 5692 3103 5748 ab
3136 5692 3353 5764 invidia,
3396 5696 3478 5752 vel
3512 5697 3589 5751 ab.

277 4878 341 4919 ut
368 4882 577 4921 omnes
630 4882 727 4919 nos
771 4881 1139 4936 exsecrentur,
1183 4880 1233 4923 et
1264 4872 1351 4939 qui
1386 4872 1628 4938 injuriam
1671 4887 1894 4941 accepe-

276 4967 437 5023 runt,
471 4968 528 5011 et
559 4960 651 5026 qui
684 4974 788 5011 non
818 4972 1135 5029 acceperunt
1174 4982 1183 5014 :
1212 4979 1333 5015 nam
1382 4972 1435 5016 et
1482 4964 1689 5016 illormn
1720 4965 1888 5017 vicem

272 5047 502 5112 dolent,
566 5054 626 5100 el
673 5047 771 5101 sibi
820 5050 950 5118 ipsis
998 5061 1263 5104 metuunt.
1315 5052 1672 5118 Quamobrem
1726 5054 1888 5107 veluti

268 5150 618 5191 conimunes
653 5140 909 5204 quosdam
943 5143 1123 5197 hostes
1170 5142 1443 5196 intuentur
1486 5159 1693 5209 omnes,
1724 5144 1888 5198 veluti

267 5232 444 5297 feras,
475 5231 648 5286 veluti
675 5232 946 5288 daemonas
992 5254 1005 5287 :
1036 5246 1303 5290 sescentae
1333 5237 1565 5306 undique
1588 5239 1884 5291 accusatio-

264 5342 391 5390 nes,
428 5325 676 5389 insidias,
703 5326 938 5391 invidiae,
977 5344 1096 5398 quas
1128 5330 1340 5399 quidem
1372 5331 1707 5384 inimicorum
1738 5338 1883 5384 sunt.

261 5418 489 5493 Contra.
539 5424 728 5470 autem
776 5417 982 5487 jnstitia
1029 5436 1218 5475 omnes
1267 5424 1488 5486 amicos,
1542 5438 1731 5476 omnes
1788 5438 1885 5476 usu

255 5511 634 5580 conjunctos,
658 5525 843 5565 omnes
867 5513 1160 5569 benevolos
1188 5517 1340 5570 nobis
1365 5517 1481 5571 facit
1505 5535 1517 5577 ;
1544 5519 1609 5570 ab
1635 5519 1884 5571 oinnibus

256 5620 463 5674 preces
497 5617 605 5673 pro
638 5602 794 5656 nobis
817 5603 1113 5658 funduntur
1144 5624 1154 5657 :
1189 5607 1259 5659 ita
1283 5617 1452 5661 status
1482 5618 1659 5661 uester
1690 5609 1737 5661 in
1771 5618 1883 5661 luto

259 5695 586 5752 collocatur
613 5710 627 5759 ;
662 5694 866 5749 nullum
897 5695 1217 5765 periculum.
1252 5699 1390 5754 nulla
1421 5701 1674 5769 suspicio,
1707 5700 1796 5754 sed
1828 5709 1879 5753 et
