4030 6204
434 317 540 379 9.87

437 439 613 494 inanis
661 441 844 510 gloriae
896 441 1073 496 studio
1124 440 1331 495 initium
1383 443 1546 496 sumit
1591 442 1764 495 omnis
1815 455 2009 510 pugna.

435 532 613 598 Quare
659 534 700 585 si
736 548 914 597 pacem
957 534 1376 598 servaverimus,
1421 544 1631 589 terrena
1677 535 1836 588 etiam
1879 548 2012 585 con-

437 627 673 675 temnere
702 621 989 676 discemus.
1033 623 1240 691 Eripuit
1282 624 1402 693 quis
1430 624 1718 692 pecunias?
1749 623 1851 676 Sed
1883 622 2012 675 nihil

435 709 590 774 laesit,
639 711 871 779 inquies,
915 712 1206 766 dummodo
1246 727 1467 782 superas
1513 713 1631 766 illas
1682 712 1890 765 divitias
1947 728 2012 766 ne

433 801 638 868 eripiat.
671 801 945 870 lmpedivit
984 803 1208 872 gloriam
1240 805 1422 857 tuam?
1471 805 1538 857 At
1581 820 1685 858 non
1724 819 1861 865 eam,
1891 817 2009 871 qua:

433 890 567 957 apud
600 891 760 944 lit-nm
794 902 896 953 est,
945 894 1036 947 scd
1069 893 1209 947 hanc
1257 894 1455 948 nullius
1483 895 1637 962 pretii
1673 913 1686 948 :
1717 909 1820 948 non
1869 895 2010 948 enim

431 981 544 1034 lure
571 983 736 1050 gloria
765 993 867 1045 est,
899 984 992 1038 sed
1016 999 1208 1039 nomen
1236 985 1445 1055 gloriae,
1473 1001 1535 1040 ac
1560 988 1732 1054 potius
1763 983 2009 1040 obscuri-

428 1078 531 1124 tas.
564 1073 771 1142 Eripuit
814 1075 905 1128 tibi
953 1076 1255 1130 honorem?
1301 1076 1411 1130 lmo
1461 1093 1566 1132 non
1612 1078 1729 1142 tibi,
1777 1077 1869 1132 sed
1909 1075 2010 1132 sibi

429 1161 549 1230 ipsi.
595 1163 727 1217 Nam
775 1165 915 1219 sicut
959 1167 1046 1235 qtti
1095 1167 1340 1237 iniuriam
1381 1166 1528 1231 facit,
1581 1185 1684 1221 nott
1733 1168 1871 1230 facit,
1915 1165 2009 1222 sed

426 1254 659 1321 accipit:
684 1255 753 1308 ita
785 1257 871 1323 qui
903 1258 1144 1324 proximo
1176 1257 1394 1312 insidias
1425 1266 1598 1328 parat,
1643 1259 1874 1326 seipsum
1901 1257 2009 1325 pri-

429 1357 574 1396 mttm
626 1344 795 1411 perdit
835 1345 1024 1414 (Eccli.
1058 1347 1142 1399 10.
1175 1346 1230 1416 8)
1263 1365 1276 1399 :
1315 1363 1435 1400 nam
1474 1349 1561 1416 qui
1594 1346 1724 1401 fodit
1769 1349 2008 1416 proximo

426 1448 524 1486 suo
557 1433 781 1501 foveam,
827 1436 878 1489 in
925 1438 1093 1505 ipsam
1123 1439 1324 1492 incidit.
1370 1438 1509 1508 Ergo
1554 1453 1658 1492 non
1694 1439 2007 1492 insidiemnr

425 1522 604 1587 alteri,
635 1533 690 1576 ut
733 1540 799 1579 ne
829 1526 983 1580 nobis
1015 1527 1111 1594 ipsi
1145 1543 1465 1592 noceamus;
1498 1544 1616 1583 cum
1653 1529 1872 1582 alterius
1893 1530 2008 1597 glo-

424 1614 558 1666 riam
585 1613 1003 1684 intervertimus,
1035 1617 1329 1686 cogitemus
1357 1634 1452 1673 nos
1477 1621 1619 1688 ipsos
1648 1635 1785 1680 esse,
1812 1621 2006 1689 quibus

423 1719 710 1760 noceamus
751 1719 910 1777 atque
938 1709 1158 1784 insidias
1191 1711 1490 1764 tendamus.
1522 1710 1653 1764 Nam
1686 1712 1733 1764 ei
1766 1711 2001 1778 quidem,

423 1797 466 1850 si
497 1811 594 1850 nos
624 1798 743 1866 plus
765 1799 1113 1866 potuerimus,
1138 1801 1276 1870 apud
1307 1802 1550 1856 homines
1587 1801 1812 1856 fortasse
1848 1818 2006 1855 noee-

421 1900 570 1952 mus;
615 1901 712 1941 nos
740 1898 917 1942 autem
947 1889 1090 1958 ipsos
1138 1890 1280 1960 apud
1325 1891 1487 1945 Deum
1517 1891 1778 1955 laedimus,
1831 1893 2002 1962 ipsum

1147 321 1204 377 S.
1243 322 1521 380 JOANNIS
1557 319 2028 380 (ῖιιιιγδυδτυλιι
2067 319 2378 373 AI'tCIIIEP.
2420 319 2950 376 CONSTANTINOP.

3597 333 3706 388 ‘283

2127 435 2417 489 irritantes.
2462 437 2642 506 Itaque
2673 453 2776 492 non
2805 439 2956 493 nobis
2988 440 3115 509 ipsis
3155 457 3459 499 noceamus.
3487 445 3622 504 Nam
3653 461 3706 507 ttt

2124 524 2368 592 injuriam
2388 527 2626 593 proximo
2649 527 2923 592 facientes,
2952 531 3104 585 nobis
3131 532 3260 598 ipsis
3283 534 3537 591 facimus:
3560 540 3631 592 ita
3657 544 3704 595 ei

2122 614 2546 679 benefacientes,
2599 617 2753 671 nobis
2809 618 2938 686 ipsis
2987 621 3372 678 bettel‘acimtts.
3422 627 3553 680 Cum
3611 632 3704 685 tihi

2120 704 2371 758 damnum
2396 707 2570 760 attulit
2601 707 2868 773 inimicus,
2893 711 3131 779 cogitans
3161 712 3475 770 beneficium
3509 721 3699 786 potius,

2121 797 2164 848 si
2199 797 2394 864 sapias,
2429 799 2520 851 tibi
2551 799 2860 866 contulissc,
2897 816 3001 854 non
3035 803 3192 855 modo
3217 820 3311 872 par
3345 807 3414 860 illi
3445 809 3700 868 damnum

2121 903 2225 941 non
2255 889 2469 952 inferes,
2493 891 2584 945 sed
2611 893 2767 945 etiam
2794 892 3111 949 bettel’aeies.
3139 899 3207 948 At
3232 910 3431 960 manet,
3468 903 3698 972 inquies,

2119 980 2464 1036 vehementer
2516 981 2712 1037 inflicta
2759 985 2930 1054 plaga.
2974 985 3084 1039 Hoc
3140 987 3302 1056 igitur
3347 993 3542 1060 cogita,
3595 1011 3700 1049 non

2119 1071 2265 1124 illum
2301 1087 2422 1127 esse
2449 1073 2531 1127 cui
2562 1074 2883 1140 benefacias,
2931 1076 3022 1128 sed
3052 1078 3228 1144 potius
3258 1079 3326 1133 de
3367 1082 3456 1134 illo
3487 1084 3700 1152 quttlem

2120 1169 2170 1214 te
2197 1163 2511 1232 supplicium
2544 1177 2778 1228 sumere,
2821 1165 2914 1218 tibi
2950 1181 3076 1220 vero
3109 1167 3443 1235 benefacere,
3491 1188 3554 1228 ac
3593 1177 3701 1228 cito

2117 1250 2222 1304 Ituc
2267 1252 2572 1315 adduceris,
2617 1262 2674 1306 ut
2719 1253 3042 1308 bettefacias.
3070 1256 3205 1322 Quid
3239 1258 3437 1327 igitur?
3468 1261 3701 1320 istumne

2119 1342 2171 1396 in
2204 1342 2583 1396 benefaciendo
2624 1357 2842 1412 scopum
2875 1359 3175 1413 proponere
3222 1348 3316 1401 tibi
3343 1348 3551 1403 debes?
3578 1351 3695 1408 Non

2117 1449 2247 1488 sane
2292 1434 2487 1495 istum;
2536 1433 2628 1487 sed
2670 1434 2886 1503 quando
2926 1451 3021 1489 cor
3051 1447 3197 1491 tttttm
3234 1439 3389 1493 aliter
3415 1442 3553 1496 flecti
3593 1461 3696 1500 non

2116 1534 2311 1594 p0test,
2345 1525 2425 1577 vel
2460 1523 2558 1577 hac
2584 1525 2791 1579 ratione
2819 1526 2988 1592 ipsum
3017 1527 3288 1591 adducito,
3321 1544 3384 1582 ac
3418 1531 3566 1586 brevi
3599 1535 3695 1603 ipsi

2116 1617 2461 1685 persuadebis
2488 1616 2756 1684 deponere
2799 1618 3147 1685 simultatem,
3193 1628 3247 1674 et
3293 1621 3507 1677 inimico
3548 1639 3696 1694 post-

2115 1707 2236 1776 hac,
2289 1717 2556 1777 tamquam
2599 1709 2771 1762 amieo
2813 1707 3138 1775 benefacies,
3185 1720 3240 1765 et
3288 1712 3460 1767 futura
3502 1732 3696 1772 conse-

2114 1801 2295 1870 queris
2337 1800 2472 1853 bona
2501 1816 2512 1852 :
2540 1799 2733 1868 quibus
2764 1801 2962 1854 utinam
2988 1815 3086 1856 nos
3135 1817 3322 1858 omnes
3351 1803 3610 1871 fruamur,
3644 1809 3694 1864 in

2112 1892 2323 1946 Christo
2349 1891 2496 1955 Jesu,
2520 1900 2621 1944 etc.

1872 2096 2211 2156 HOMILIA
2248 2092 2387 2154 XV.

417 2216 542 2274 Car.
600 2221 652 2275 4.
703 2236 754 2274 v.
804 2221 889 2275 10.
934 2219 1145 2274 Gavisus
1171 2236 1283 2274 sunt
1310 2220 1362 2272 in
1411 2217 1627 2272 Domino
1659 2219 1995 2282 uehementer,

487 2313 726 2381 quoniam
755 2312 1029 2381 aliquando
1074 2311 1276 2364 tandem
1307 2310 1608 2379 reﬂoruistis
1647 2327 1738 2378 pro
1768 2325 1848 2363 me
1886 2326 2002 2362 sen-

490 2405 616 2468 tire,
645 2405 773 2456 sicut
807 2414 854 2456 et
877 2403 1192 2465 sentiebatis,
1230 2402 1462 2469 occupati
1498 2411 1668 2454 autem
1711 2402 1879 2453 eratis.
1915 2401 1997 2454 Η.

491 2491 612 2546 Νοη
635 2494 780 2560 quasi
808 2502 1012 2562 propter
1043 2493 1303 2560 penuriam
1347 2492 1460 2545 dico
1490 2506 1622 2562 :ego
1667 2492 1798 2544 enim
1826 2491 2000 2554 didici,

489 2584 542 2636 in
571 2584 747 2652 quibus
767 2600 898 2648 sunt,
926 2583 1172 2653 suﬁcicns
1199 2598 1324 2636 esse.
1359 2582 1443 2636 12.
1493 2581 1616 2636 Scio
1646 2591 1692 2634 et
1722 2582 2001 2646 humiliari,

488 2653 594 2728 bcio
636 2683 684 2728 et
727 2673 1026 2737 abundare;
1076 2674 1258 2743 ubique
1284 2683 1331 2727 et
1371 2673 1423 2726 in
1471 2673 1702 2726 omnibus
1749 2672 2005 2726 institutus

493 2781 644 2831 sum,
672 2776 719 2820 et
744 2766 922 2819 satiari
946 2775 990 2818 et
1035 2766 1256 2827 esurire,
1306 2773 1353 2816 et
1387 2762 1646 2816 abundare
1668 2772 1714 2817 et
1745 2763 2006 2832 penuriam

496 2863 649 2929 pati:
694 2860 779 2914 I5.
812 2858 982 2912 omnia
1033 2873 1236 2926 possunt
1266 2857 1318 2909 in
1363 2871 1441 2921 eo,
1469 2855 1554 2924 qui
1607 2871 1684 2908 me
1729 2857 2002 2926 confortnl,

493 2953 712 3006 Christo.
747 2951 832 3006 Η.
874 2949 1222 3003 Verumtamen
1250 2947 1560 3017 benefacistis
1583 2987 1598 3010 ,
1629 2945 2005 3000 communican-

491 3051 563 3096 tes
593 3041 656 3093 tri
663 3039 906 3093 bulationi
935 3053 1082 3092 meae.

494 3136 547 3188 1.
592 3133 927 3203 Eleemosyna
950 3147 1051 3185 non
1077 3129 1451 3199 accipientium,
1483 3129 1571 3182 sed
1599 3129 1830 3183 dantium
1854 3145 2008 3183 causa

419 3227 628 3281 inducta
655 3225 770 3293 fuit.
790 3253 860 3263 —
885 3224 1040 3292 Saepe
1087 3221 1196 3275 disi
1227 3221 1625 3290 eleemosynam
1646 3261 1662 3285 ,
1707 3235 1814 3274 non
1862 3219 2006 3273 acci-

420 3318 700 3388 pientium,
726 3314 819 3369 sed
848 3313 1089 3368 dantium
1117 3326 1278 3366 causa
1308 3311 1664 3366 introductam
1696 3325 1816 3364 esse
1841 3327 1854 3362 :
1885 3324 2005 3363 nam

422 3409 498 3463 illi
547 3415 712 3472 sunt,
741 3405 832 3476 qui
877 3405 1168 3459 maximum
1217 3411 1482 3472 quaestum
1537 3400 1757 3457 faciunt.
1804 3402 1916 3456 Hoc
1955 3410 2008 3456 et

423 3512 567 3553 nunc
609 3495 843 3551 ostendit
883 3495 1099 3548 Paulus.
1143 3492 1458 3560 Quomodo?
1500 3491 1752 3547 Miseram
1790 3491 1856 3546 ad
1885 3507 2008 3546 eum

422 3587 666 3657 qua-dam
716 3586 874 3652 longo
921 3583 1204 3637 intervallo
1233 3583 1638 3652 Philippenses,
1681 3597 1850 3651 eaque
1898 3582 2009 3650 ipsa

425 3676 795 3746 Epaphrodito
841 3674 907 3728 ad
959 3673 1135 3741 ipsum
1178 3673 1493 3740 perferenda
1537 3671 1812 3725 dederant.
1846 3671 2010 3725 Istum

427 3768 593 3835 igitur
621 3781 742 3818 eum
768 3763 868 3817 hac
894 3761 1120 3832 epistola
1152 3761 1492 3823 remissurus,
1516 3761 1637 3814 vide
1662 3761 1930 3830 quomodo
1958 3770 2012 3814 et

428 3861 573 3924 ipsos
601 3853 814 3915 laudet,
853 3860 908 3906 et
933 3849 1180 3905 ostendat
1206 3865 1309 3904 non
1356 3857 1462 3902 tam
1491 3849 1556 3902 ad
1597 3850 1970 3920 accipientium
1993 3891 2008 3915 ,

425 3962 587 4016 quam
623 3945 687 3999 ad
716 3944 954 3998 dantium
986 3942 1266 3995 utilitatem
1295 3940 1344 3995 id
1378 3940 1727 3996 redundasse.
1763 3941 1872 3995 Iloc
1912 3957 2011 3995 au-

426 4050 535 4094 tetu
565 4039 708 4102 facit,
742 4046 799 4091 ut
826 4051 998 4104 neque
1025 4035 1113 4105 qui
1140 4034 1476 4088 benefaciunt
1503 4034 1553 4086 itt
1580 4031 1881 4101 superbiam
1913 4048 2011 4088 cx-

426 4129 704 4192 tollantttr,
752 4127 844 4180 sed
894 4125 961 4179 ad
1024 4123 1464 4178 benefaciendum
1513 4122 1799 4176 alacriores
1846 4121 2009 4186 fiant,

424 4222 623 4290 quippe
650 4233 773 4272 cum
796 4232 854 4272 se
886 4217 1030 4286 ipsos
1057 4214 1226 4286 magis
1251 4215 1439 4284 juvent
1464 4232 1476 4266 :
1511 4223 1565 4267 et
1593 4213 1680 4283 qui
1708 4213 2010 4282 accipiunt,

431 4327 536 4363 non
569 4309 792 4363 licenter
821 4315 1140 4378 procurrant
1166 4305 1231 4359 ad
1262 4303 1652 4374 accipiendum,
1695 4313 1752 4358 ut
1779 4319 1847 4358 ne
1867 4303 2013 4374 judi-

425 4403 573 4456 cium
609 4401 872 4470 accipiant
905 4417 917 4453 :
952 4398 1162 4452 Beatum
1208 4397 1370 4462 enim,
1405 4395 1596 4465 inquit,
1625 4407 1698 4450 est
1726 4396 1887 4467 magis
1915 4395 2013 4448 da-

425 4511 504 4557 re,
533 4510 686 4563 quam
715 4493 945 4560 accipere
975 4490 1109 4563 (Act.
1135 4489 1228 4544 20.
1261 4490 1374 4559 55).
1403 4489 1541 4557 Quid
1567 4505 1696 4559 ergo
1726 4489 2010 4559 significat,

427 4585 556 4639 dum
587 4583 736 4646 dicit,
769 4581 982 4634 Gauisus
1011 4597 1122 4634 sum
1142 4589 1307 4632 autem
1330 4581 1382 4633 in
1408 4578 1628 4632 Domino
1667 4580 2016 4634 vehementer?

430 4677 548 4732 Non
580 4673 787 4739 mundi,
837 4672 1026 4741 inquit,
1051 4680 1209 4739 atque
1238 4671 1396 4739 hujus
1438 4672 1560 4724 vita:
1607 4686 1754 4724 more
1798 4671 2015 4740 gavisus

428 4783 572 4833 sum,
603 4765 698 4820 sed
728 4765 779 4818 itt
809 4764 1051 4826 Domino,
1076 4777 1180 4814 non
1208 4763 1458 4830 quoniam
1489 4777 1589 4831 ego
1610 4763 1888 4831 respiravi,
1920 4761 2014 4816 sed

430 4857 683 4927 quoniam
711 4870 808 4910 vos
844 4851 1192 4924 profecistis:
1247 4852 1362 4906 Itazc
1407 4851 1550 4905 enim
1594 4868 1710 4906 mea
1754 4855 2016 4906 recreatio

433 4959 538 5006 est.
570 4951 859 5020 Propterea
906 4947 1066 5000 etiam
1108 4943 1311 5013 inquit,
1351 4941 1676 4996 Vehementer
1704 4959 1722 4996 :
1765 4945 2014 5014 quoniam

433 5057 541 5096 non
572 5050 689 5096 erat
714 5052 1034 5109 corporeum
1062 5036 1350 5106 gaudium,
1381 5049 1555 5103 neque
1600 5050 1696 5104 pro
1721 5050 1814 5088 sua
1847 5035 2015 5104 ipsius

434 5134 768 5188 recreatione
795 5129 1090 5202 gaudebat,
1139 5127 1233 5182 sed
1267 5143 1364 5197 pro
1399 5126 1613 5182 illorum
1645 5129 1909 5197 profectu.
1952 5130 2018 5184 Et

434 5226 576 5287 vide,
607 5224 872 5294 quomodo
900 5238 1020 5277 cum
1054 5222 1174 5275 illos
1201 5220 1440 5274 nonnihil
1477 5219 1545 5273 de
1576 5219 1845 5289 praeterito
1877 5230 2014 5274 tem-

435 5331 568 5384 pore
597 5315 945 5383 objurgasset,
977 5313 1229 5367 continuo
1259 5310 1311 5366 id
1341 5311 1718 5375 occultaverit,
1746 5311 2014 5366 condoce-

433 5407 636 5464 faciens
657 5404 870 5460 assidue
894 5414 948 5458 et
994 5414 1250 5473 perpetuo
1280 5404 1482 5458 versari
1512 5404 1562 5457 in
1608 5401 2012 5458 benefaciendo.

439 5501 690 5567 Quoniam
713 5498 916 5552 tandem
942 5498 1237 5565 aliquando,
1269 5497 1456 5566 inquit.
1491 5495 1644 5560 Illud,
1663 5493 1893 5549 Tandem
1915 5496 2015 5549 ali-

432 5591 670 5658 quando,
696 5591 913 5658 longum
957 5595 1166 5655 tempus
1203 5585 1485 5641 indicantis
1514 5596 1614 5640 est.
1662 5585 2013 5654 Refloruistis,

434 5683 585 5748 quasi
616 5680 681 5734 de
708 5678 988 5733 arboribus
1029 5676 1471 5746 gcrtninantihus,
1514 5676 1705 5731 deinde
1747 5677 2012 5742 arefactis,

441 5785 508 5826 ac
529 5786 713 5825 rursus
741 5768 1181 5838 germinantibus.
1218 5767 1328 5824 lloc
1356 5783 1480 5824 vero
1503 5767 1780 5825 indicantis
1811 5779 1910 5835 cst,
1945 5771 2008 5824 il-

2113 2217 2195 2270 los
2226 2231 2348 2270 eum
2374 2225 2529 2272 antea
2553 2215 2828 2281 ﬂorerent,
2861 2231 2922 2271 ae
2954 2229 3136 2286 postea
3167 2219 3552 2286 extabuissent,
3578 2240 3694 2277 rur-

2108 2321 2201 2361 sus
2228 2307 2408 2376 vigere
2455 2321 2519 2360 ac
2559 2307 2860 2376 germinare
2896 2309 3125 2378 cepisse
3158 2329 3170 2362 :
3200 2313 3545 2378 quamobrem
3591 2331 3691 2370 vox

2109 2399 2226 2463 ista,
2261 2398 2606 2468 Rc/loruistis,
2637 2407 2692 2454 et
2712 2398 3138 2469 objurgationem
3168 2413 3222 2456 et
3249 2404 3457 2458 laudem
3492 2406 3647 2462 habet
3675 2426 3688 2461 :

2109 2506 2218 2544 non
2245 2492 2386 2545 enim
2421 2506 2606 2560 parum
2633 2500 2737 2557 est,
2770 2509 2889 2546 cum
2920 2494 3248 2559 extabucris,
3276 2496 3551 2553 reﬂorere.
3584 2500 3690 2554 To-

2111 2588 2219 2634 tum
2250 2596 2378 2635 vero
2428 2581 2480 2636 id
2507 2597 2573 2636 ex
2605 2583 2926 2652 negligentia
2980 2585 3083 2638 illis
3129 2587 3391 2642 accidisse
3435 2590 3686 2644 ostendit.

2111 2672 2218 2727 Pro
2241 2690 2320 2726 me
2361 2674 2576 2739 sentire,
2604 2673 2735 2727 sicut
2764 2683 2812 2728 et
2837 2675 3147 2731 sentiebatis.
3183 2677 3279 2732 llic
3305 2681 3536 2734 ostendit
3563 2695 3691 2734 eon-

2113 2777 2301 2817 suesse
2332 2763 2453 2816 illos
2479 2765 2528 2817 in
2553 2763 2858 2832 ltujusmodi
2882 2763 3044 2819 rebus
3067 2765 3358 2823 liberaliter
3376 2785 3436 2824 se
3460 2785 3645 2840 gerere
3675 2789 3688 2824 :

2110 2863 2395 2922 propterea
2425 2853 2574 2908 addit
2599 2871 2611 2906 :
2645 2852 2753 2907 Pro
2781 2870 2858 2908 me
2896 2856 3080 2915 sentire
3105 2898 3120 2922 ,
3155 2858 3283 2911 sicut
3313 2869 3361 2912 et
3388 2861 3690 2916 sentiebatis.

2110 2944 2188 2998 Ac
2209 2958 2276 2998 ne
2305 2953 2457 3013 putes
2485 2944 2629 3014 ipsos
2658 2945 2819 2999 etiam
2845 2945 3055 2999 caeteris
3077 2946 3131 3000 in
3154 2947 3340 3013 rebus,
3368 2964 3488 3003 eum
3511 2966 3692 3019 prom-

2111 3037 2316 3106 ptiores
2347 3047 2545 3103 essent,
2583 3047 2767 3108 postea
2813 3039 3152 3106 extabuisse,
3198 3043 3292 3097 sed
3323 3043 3373 3097 itt
3404 3045 3503 3098 hac
3537 3043 3649 3098 sola
3673 3083 3692 3110 ,

2112 3129 2234 3183 vide
2265 3143 2423 3198 quam
2453 3138 2625 3194 cavet,
2657 3130 2726 3183 ita
2756 3129 2942 3184 dicens
2974 3147 2987 3182 :
3029 3130 3260 3186 Tandem
3302 3135 3577 3203 aliquando
3617 3151 3694 3188 re-

2111 3219 2352 3288 ﬂoruistis
2377 3236 2470 3290 pro
2499 3237 2578 3274 me
2595 3222 2802 3275 sentire.
2833 3221 3062 3276 Perinde
3087 3237 3149 3277 ac
3179 3224 3221 3277 si
3246 3223 3467 3288 diceret,
3499 3226 3573 3280 De
3595 3225 3697 3280 bac

2113 3311 2225 3363 sola
2257 3325 2315 3364 re
2345 3309 2496 3374 illud,
2529 3310 2818 3376 Aliquando
2845 3314 3069 3379 tandem,
3112 3313 3278 3381 accipi
3308 3314 3466 3378 volo;
3501 3315 3551 3367 in
3582 3331 3693 3370 ca:~

2113 3402 2240 3456 teris
2268 3403 2410 3456 enim
2442 3403 2602 3457 rebus
2646 3418 2750 3456 non
2782 3402 2873 3457 ita.
2907 3402 3013 3458 Sed
3055 3414 3253 3472 quaeret
3301 3405 3386 3460 hic
3423 3407 3692 3475 quispiam

2113 3508 2209 3547 cur
2237 3494 2326 3562 qui
2357 3493 2506 3558 dicit,
2542 3492 2756 3546 Beatum
2781 3503 2853 3547 est
2879 3495 3039 3564 magis
3062 3495 3203 3560 dare,
3231 3512 3379 3565 quam
3422 3498 3649 3566 accipere
3673 3514 3693 3562 ,-

2113 3591 2200 3644 et,
2236 3583 2488 3649 Quoniam
2531 3583 2599 3636 ad
2629 3600 2686 3636 ea
2715 3599 2828 3648 qua:
2871 3585 2996 3636 mihi
3039 3601 3167 3652 Opus
3197 3595 3374 3647 erant,
3424 3587 3562 3640 etiis
3608 3588 3696 3655 qui

2115 3688 2308 3725 mecum
2337 3681 2470 3736 sunt,
2505 3673 2911 3726 ntinistraverunt
2941 3689 3119 3726 manus
3141 3690 3266 3727 meae
3287 3673 3422 3742 (Art.
3453 3674 3546 3730 20.
3567 3676 3694 3743 '54);

2115 3773 2170 3819 et
2209 3780 2395 3819 rursus
2438 3763 2502 3818 ad
2548 3764 2856 3819 Corinthios
2895 3765 3169 3830 scribens,
3210 3765 3410 3819 Bonum
3448 3777 3520 3821 est
3566 3769 3696 3822 enim

2118 3857 2242 3909 milii
2267 3857 2429 3926 magis
2459 3857 2608 3920 ntori,
2640 3873 2792 3926 quam
2821 3867 2875 3909 ut
2913 3858 3131 3926 gloriam
3159 3874 3320 3910 nteant
3347 3860 3461 3929 quis
3492 3868 3695 3912 evacuct

2117 3946 2195 4013 (Ι.
2228 3945 2344 3999 Cor.
2376 3945 2431 4000 9.
2465 3946 2586 4013 l5);
2621 3960 2760 3999 nunc
2799 3960 2904 4000 non
2933 3955 3084 4000 curet
3107 3947 3331 4016 gloriam
3365 3951 3516 4001 istam
3548 3965 3694 4002 suam

2117 4038 2383 4102 evacuari,
2415 4047 2469 4091 et
2507 4037 2573 4091 ad
2601 4037 2824 4091 nihilum
2869 4037 3128 4092 recidere.
3164 4038 3484 4104 Quomodo?
3537 4039 3699 4092 Nimi-

2117 4145 2271 4196 rum,
2304 4129 2427 4182 dum
2459 4130 2684 4198 accepit.
2718 4129 2848 4184 Nant
2877 4131 2920 4185 si
2951 4130 3114 4199 gloria
3135 4171 3150 4195 ,
3183 4131 3384 4201 inquit,
3437 4147 3551 4186 mea
3585 4131 3698 4184 haec

2117 4228 2220 4285 est,
2273 4219 2404 4273 nihil
2453 4221 2716 4288 accipere,
2765 4220 3034 4289 quomodo
3077 4236 3219 4276 nunc
3248 4237 3332 4275 ‘eo
3375 4221 3699 4275 adducitur?

2117 4310 2252 4377 Quid
2273 4327 2402 4380 ergo
2429 4311 2712 4365 dicendum
2741 4311 2858 4365 est?
2886 4310 2958 4366 lbi
2977 4310 3097 4380 jure
3123 4312 3326 4379 optimo
3349 4329 3452 4365 non
3475 4312 3700 4381 accipie-

2119 4402 2210 4457 bat
2263 4403 2796 4472 pseudapostolorum
2840 4418 3021 4467 causa,
3058 4400 3124 4456 Ut
3168 4403 3220 4455 in
3264 4419 3361 4472 quo
3397 4404 3695 4472 gloriantur,

2121 4493 2310 4562 inquit,
2335 4495 2670 4556 inveniantur,
2702 4494 2826 4547 sicut
2853 4503 2899 4546 et
2933 4510 3024 4546 nos
3058 4493 3132 4562 (2.
3167 4493 3286 4547 Cor.
3321 4495 3406 4548 Il.
3442 4495 3552 4562 12).
3586 4494 3697 4548 Non

2121 4584 2276 4644 dixit,
2303 4582 2457 4643 Sunt,
2488 4583 2602 4648 sed,
2636 4583 2955 4646 Glorientur;
2983 4585 3105 4638 hinc
3131 4585 3422 4640 ostendens
3451 4585 3570 4638 illos
3606 4602 3698 4639 ac-

2121 4675 2299 4743 cipere
2328 4674 2541 4742 quidem
2573 4675 2781 4735 solitos,
2813 4674 2906 4728 sed
2936 4676 3070 4728 clatn
3105 4692 3116 4726 :
3150 4684 3430 4743 propterea
3454 4675 3608 4739 dixit,
3638 4674 3700 4727 In

2119 4781 2216 4834 quo
2238 4765 2542 4835 gloriantur.
2565 4765 2875 4834 Accipiebat
2901 4779 3076 4819 autem
3105 4773 3160 4820 et
3188 4767 3321 4835 ipse,
3357 4767 3568 4820 tametsi
3599 4783 3700 4819 lltttl

2123 4856 2192 4910 ibi
2225 4876 2237 4910 :
2271 4866 2553 4926 propterea
2586 4857 2813 4924 ipsemet
2840 4855 3071 4921 dicebat,
3112 4855 3235 4910 Non
3270 4857 3578 4927 infringetur
3598 4858 3702 4928 glo-

2121 4948 2270 5001 riatio
2303 4963 2414 5000 mea
2439 4945 2602 5016 (Ibid.
2630 4963 2677 5000 υ.
2704 4947 2816 5018 10).
2850 4947 2917 5000 Ει
2944 4962 3047 5001 non
3070 4947 3244 5001 solum
3271 4947 3424 5013 dixit,
3457 4947 3577 5000 Non
3623 4950 3702 5000 in-

2125 5043 2389 5112 fringetur,
2421 5038 2514 5093 sed
2547 5039 2763 5108 exponit
2789 5038 2951 5092 etiam
2980 5039 3091 5103 ubi,
3124 5038 3307 5093 dicens
3341 5056 3354 5090 :
3383 5037 3450 5090 In
3481 5037 3700 5109 regioni-

2121 5131 2213 5184 bus
2243 5131 2483 5195 Achaiae;
2513 5139 2566 5184 et
2588 5144 2791 5188 rursus.
2826 5128 2966 5181 Alias
2996 5128 3251 5182 Ecclesia:
3278 5128 3584 5195 exspoliavi,
3613 5142 3702 5180 ac-
3744 5187 3747 5190 _

2121 5223 2310 5291 cipiens
2338 5221 2590 5290 stipendia
2619 5219 2686 5271 ad
2715 5219 3048 5272 ministerium
3101 5229 3316 5271 uestrum
3349 5216 3511 5287 (Ibid.
3545 5234 3594 5270 υ.
3623 5217 3700 5286 8).

2123 5312 2235 5366 Iloc
2263 5312 2404 5367 enim
2435 5312 2715 5366 indicantis
2740 5321 2842 5375 est,
2875 5326 2933 5365 se
2965 5311 3207 5379 accipere
3233 5310 3470 5362 solitum.
3512 5309 3704 5364 Verum
3751 5299 3754 5303 ’

2124 5404 2318 5458 Paulus
2346 5403 2558 5473 quidem
2592 5403 2784 5456 merito
2815 5402 3132 5471 accipiebat,
3166 5409 3368 5455 tantum
3398 5400 3580 5469 operis
3608 5400 3703 5452 ha-

2122 5497 2252 5550 bens
2287 5513 2299 5548 :
2333 5495 2426 5549 sed
2471 5495 2559 5564 qui
2606 5493 2736 5547 nihil
2763 5502 2960 5563 agunt,
3002 5491 3268 5562 quomodo
3299 5499 3527 5561 possunt
3561 5489 3706 5545 acci-

2122 5585 2287 5654 pere?
2318 5586 2385 5637 At
2418 5601 2624 5653 preces,
2660 5584 2939 5653 inquiunt,
2992 5583 3176 5637 fundo.
3206 5581 3313 5636 Sed
3345 5597 3450 5635 non
3494 5581 3597 5634 hoc
3627 5587 3710 5634 est

2121 5695 2253 5746 opus
2287 5695 2299 5731 :
2344 5678 2466 5732 licet
2495 5677 2637 5732 enim
2671 5677 2719 5729 id
2749 5678 2912 5730 etiam
2947 5676 3104 5730 simul
3137 5691 3256 5730 ettm
3301 5689 3466 5742 Opere
3510 5673 3704 5726 faccre.

2122 5770 2184 5822 At
2211 5768 2412 5838 jejuno.
2439 5768 2542 5824 Sed
2572 5782 2743 5838 neque
2772 5766 2871 5822 hoc
2889 5781 3022 5837 opus
3043 5775 3143 5823 est.
3173 5763 3304 5819 Vide
3328 5763 3543 5818 beatum
3569 5761 3708 5816 hunc.
