4030 6204
503 407 774 481 πολλαχοῦ
826 406 1187 478 κηρύττοντά,
1222 404 1313 458 καὶ
1343 402 1730 475 ἐργαζόμενον.
1784 402 2066 471 Ἠκαιρεῖ-

499 504 610 555 σθε
658 497 745 560 δὲ,
775 494 927 564 φησί.
958 493 1023 545 Τί
1054 494 1203 545 ἐστιν
1228 530 1242 555 ,
1279 489 1647 558 ’Πκαιρεῒσθε
1675 507 1695 553 ;
1730 489 1805 541 Οὐ
1830 489 1930 556 τῆς
1967 490 2065 557 ρᾳ-

500 584 700 654 θυμίας
723 580 897 650 ὑμῶν,
923 577 1113 647 φησὶν,
1142 575 1278 629 ἀλλά
1302 575 1404 645 τῆς
1436 575 1682 644 ἀνάγκης
1706 591 1720 605 ·
1761 576 1860 627 οῦκ
1890 576 2067 642 εἴχετε

499 673 557 723 ἐν
589 670 795 741 χερσὶν,
843 667 963 719 οὐδὲ
1018 668 1075 718 ἐν
1132 665 1364 736 ἀφθονίᾳ
1402 660 1500 734 ἦτε
1527 679 1542 695 ·
1565 663 1723 716 τοῦτο
1762 663 1872 733 γάρ
1899 665 2064 726 ἐστιν,

509 754 867 821 Ἠκαιρεῖσθε
902 748 990 804 δέ.
1038 749 1171 803 Ἀπὸ
1218 751 1317 821 τῆς
1367 751 1551 821 κοινῆς
1598 749 1728 803 αὐτὸ
1780 748 2067 817 συνηθείας

500 842 711 894 ἔλαϐεν.
753 838 909 892 Οῦτω
962 837 1069 906 γάρ
1111 838 1159 888 οἱ
1189 837 1407 899 πλείους
1430 837 1699 905 λέγουσιν,
1730 837 1856 888 ὅταν
1884 835 2066 898 αὐτοῖς

497 927 574 997 μὴ
608 925 746 995 μετά
775 923 1037 991 ἀφθονίας
1064 923 1301 993 ἐπιρῤέῃ
1326 923 1395 975 τὰ
1427 922 1655 993 βιωτικά
1674 962 1689 986 ,
1720 921 1832 974 ἀλλ’
1862 923 1919 974 ἐν
1943 937 2064 973 στε-

491 1011 730 1082 νοχωρίᾳ
853 1011 976 1075 Οὐχ
1015 1009 1105 1061 ὅτι
1133 1011 1265 1062 καθ’
1293 1007 1629 1076 ὑστέρησιν
1669 1008 1840 1077 λέγω.
1875 1003 2062 1073 Εἶπον,

504 1098 692 1168 φησὶν,
739 1097 883 1161 Ἤδη
915 1094 1081 1159 ποτὲ,
1119 1096 1212 1147 καὶ
1248 1094 1579 1164 ἐπετίμησα,
1608 1095 1727 1164 οὐχὶ
1778 1094 1839 1146 τὸ
1890 1096 2063 1162 ἐμάν⁴

491 1181 585 1235 τοῦ
642 1180 907 1253 ζητήσας,
932 1178 1054 1233 οὐδὲ
1083 1179 1172 1232 διὰ
1193 1178 1350 1231 τοῦτο
1377 1180 1748 1249 μεμφόμενος,
1787 1179 1863 1242 ὡς
1888 1180 1945 1231 ὲν
1976 1181 2064 1232 ἐν-

489 1267 608 1337 δείᾳ
632 1266 707 1320 ὧν
734 1282 748 1295 ·
780 1269 901 1321 οὐδὲ
951 1267 1057 1336 γὰρ
1089 1265 1177 1319 διὰ
1203 1265 1361 1318 τοῦτο
1390 1264 1636 1335 ἐζήτουν.
1670 1267 1840 1319 Πόθεν
1872 1266 2061 1337 δῆλον,

489 1354 645 1407 ὅτιού
671 1353 989 1423 κομπάζεις,
1004 1346 1048 1405 ὦ
1067 1352 1245 1405 Παῦλε
1269 1368 1285 1418 ;
1305 1352 1613 1421 Κορινθίοις
1630 1352 1727 1421 μὲν
1749 1347 1840 1405 οῦν
1866 1368 2026 1421 φησιν
2046 1367 2061 1384 ·

485 1443 570 1495 Οὐ
592 1441 701 1511 γὰρ
740 1440 897 1494 ἄλλα
910 1439 1211 1509 γράφομεν
1225 1440 1385 1509 ὑμῖν,
1404 1439 1541 1495 ἀλλ’
1557 1440 1595 1509 ἢ
1613 1438 2065 1509 άάναγινώσκε-

489 1542 575 1592 τε,
589 1526 626 1595 ἣ
645 1526 742 1579 καί
756 1526 1196 1596 ἐπιγινώσκετε.
1215 1528 1322 1579 Καὶ
1338 1527 1431 1579 ἐπὶ
1444 1525 1647 1579 τούτων
1657 1526 1713 1579 δὲ
1724 1526 1822 1579 οὐκ
1833 1526 2062 1591 ἂν,ὤστε

491 1613 717 1674 ἁλῶναι,
746 1612 953 1680 ἔλεγεν.
985 1613 1099 1665 Οὐκ
1120 1611 1206 1678 ἂν,
1231 1612 1285 1665 εῖ
1307 1629 1370 1680 γε
1396 1611 1695 1681 ἐκόμπαζε,
1713 1610 1886 1665 ταῦτα
1906 1608 2025 1665 εἷπε
2045 1627 2059 1641 ⁸

503 1699 656 1770 παρά
711 1699 819 1770 γὰρ
855 1699 1050 1752 εἰδόσιν
1093 1698 1267 1766 ἔλεγε,
1292 1700 1387 1752 καὶ
1427 1698 1623 1751 πλείων
1652 1695 1719 1770 ἧν
1755 1700 1787 1768 ἡ
1830 1698 2061 1769 αἰσχύνη

489 1786 717 1839 ἁλῶναι.
762 1785 905 1854 Ἐγὼ
944 1786 1053 1855 γὰρ
1082 1785 1307 1854 ἔμαθον
1325 1786 1394 1838 ἐν
1425 1783 1514 1851 οἷς
1541 1788 1676 1854 ειμι,
1719 1787 1901 1855 φησὶν,
1923 1789 2063 1839 αὺτ-

488 1872 676 1941 άριιης
726 1868 901 1925 εἶναι.
939 1873 1080 1941 Ἀρα
1125 1872 1473 1934 διδασκαλίας
1536 1872 1653 1924 ἐστὶ
1700 1872 1763 1925 τὸ
1804 1874 2058 1943 πρᾶγμα,

489 1960 583 2012 καὶ
629 1957 937 2027 γυμνασίας
981 1958 1075 2010 καὶ
1120 1957 1369 2027 μελέτης.
1406 1958 1479 2011 Οὐ
1514 1958 1623 2028 γὰρ
1654 1958 2062 2029 εύκατόρθωτόν

488 2050 661 2113 ἐστιν,
688 2047 827 2101 ἀλλὰ
851 2048 945 2100 καὶ
982 2047 1188 2118 σφόδρα
1210 2048 1467 2101 δύσκολον
1494 2050 1587 2101 καὶ
1628 2049 1788 2101 πόνον
1815 2048 1937 2119 ἔχον
1959 2066 2059 2101 πο-

485 2131 602 2186 λύν.
656 2133 757 2187 Ἑν
796 2128 888 2199 οἷς
944 2135 1082 2202 ειμι,
1112 2133 1296 2200 φησὶν,
1327 2133 1630 2201 αὐτάρκης
1684 2130 1861 2187 εἶναι.
1916 2131 2062 2187 Οἶδα

485 2221 587 2275 καὶ
619 2222 1072 2285 ταπεινοῦσθαι,
1103 2216 1237 2273 οῖδα
1259 2220 1359 2273 καὶ
1382 2221 1767 2287 περισσεύειν
1788 2235 1803 2251 ⁸
1825 2221 1894 2273 ἐν
1914 2236 2061 2273 παν-

485 2307 542 2361 τὶ
568 2308 666 2360 καὶ
690 2307 760 2360 ἐν
801 2307 951 2360 πᾶσι
1004 2307 1326 2376 μεμύημαι.
1371 2307 1657 2371 Τουτέστι,
1705 2308 1814 2360 Καὶ
1860 2306 2061 2374 ὀλίγοις

487 2393 787 2463 κεχρῆσθαι
825 2391 961 2457 οἶδα,
1014 2395 1109 2445 καὶ
1160 2392 1317 2462 λιμὸν
1366 2392 1551 2464 φέρειν
1585 2392 1922 2447 καὶένδειαν.
1950 2394 2059 2447 Καὶ

487 2481 892 2550 περισσεύειν,
923 2479 1021 2534 καὶ
1058 2480 1461 2548 ὑστερεῖσθαι.
1512 2481 1640 2545 Ναὶ,
1677 2481 1843 2551 φησίν
1869 2496 1881 2510 '
1924 2481 2061 2537 ἀλλὰ

484 2567 645 2621 τοῦτο
684 2569 783 2621 οὐκ
815 2568 962 2621 ἐστιν
1015 2568 1352 2637 ἐπιστήμης,
1391 2566 1579 2639 ὥσπερ
1601 2568 1719 2621 οὐδὲ
1745 2568 1967 2639 ἀρετῆς,
1999 2570 2061 2622 τὸ

485 2653 850 2723 περισσεύειν,
924 2654 1036 2706 Καὶ
1106 2654 1311 2724 σφόδρα
1359 2654 1594 2724 ἀρετῆς,
1650 2656 1748 2724 ούχ
1803 2650 1962 2726 ἦττον
2024 2655 2057 2725 ἦ

486 2743 682 2795 ἐκεῖνο.
712 2742 840 2805 Πῶς
870 2758 885 2807 ;
919 2742 1042 2794 Ὅτι
1086 2740 1275 2811 ὥσπερ
1306 2744 1339 2811 ἡ
1384 2741 1715 2810 στενοχωρία
1752 2741 1920 2795 πολλὰ
1957 2760 2057 2794 πα-

488 2830 818 2900 ρασκευάζει
840 2828 988 2882 κακὰ
1016 2831 1212 2889 ποιεῖν,
1246 2826 1389 2880 οὕτω
1410 2828 1503 2879 καὶ
1528 2830 1561 2897 η
1597 2827 1902 2899 πλησμονή.

557 2937 623 3008 β’.
660 2937 849 2991 Πολλοὶ
882 2937 989 3005 γὰρ
1006 2934 1265 2998 πολλάκις
1295 2936 1351 2987 ἐν
1372 2934 1603 3007 ἀφθονίᾳ
1635 2936 1934 3005 γενόμενοι,
1967 2939 2062 3008 ρᾳ-

485 3028 772 3100 θυμότεροι
796 3028 1062 3097 ἐγένοντο,
1091 3025 1186 3077 καὶ
1206 3026 1305 3078 οὐκ
1332 3024 1574 3094 ἐγνωσαν
1597 3028 1838 3094 ἐνεγκεῖν
1859 3026 1955 3098 τὴν
1972 3029 2061 3080 εύ-

484 3119 724 3191 πραγίαν
744 3134 758 3147 ⁸
792 3117 979 3171 πολλοὶ
1014 3117 1274 3180 πολλάκις
1311 3117 1563 3187 ἀφορμὴν
1601 3117 1791 3170 ἔλαϐον
1818 3118 1913 3171 τοῦ
1954 3136 2059 3189 μη-

485 3213 603 3268 κέτι
643 3210 992 3284 ἐργάζεσθαι.
1037 3209 1175 3263 Ἀλλ’
1205 3210 1305 3281 ούχ
1337 3211 1366 3262 ὁ
1395 3209 1604 3273 Παῦλος
1624 3226 1636 3239 ·
1666 3211 1759 3263 καὶ
1787 3211 1894 3280 γάρ
1926 3210 2062 3279 λαμ-

485 3307 666 3362 ϐάνων
703 3307 783 3369 εἰς
812 3303 1005 3367 ἄλλους
1038 3301 1331 3374 ἀνήλισκε,
1365 3302 1462 3357 καὶ
1501 3302 1579 3364 είς
1618 3300 1809 3364 ἄλλους
1852 3302 2059 3354 ἐκένου.

486 3397 660 3452 Τοῦτο
697 3397 754 3451 δέ
786 3399 933 3449 ἐστιν
967 3393 1165 3449 εἰδέναι
1207 3392 1389 3458 καλῶς
1434 3391 1739 3463 κεχρῆσθαι
1780 3390 1858 3461 τῷ
1895 3390 2058 3461 ἔχειν.

486 3487 623 3558 Ούχὶ
659 3487 906 3557 διεχεῖτο,
938 3486 1059 3539 οὐδὲ
1086 3485 1300 3555 ἔχαιρεν
1329 3485 1422 3539 ἐπὶ
1453 3476 1519 3555 τῇ
1557 3483 1843 3554 περισσεία
1874 3480 2058 3546 αὑτοῦ,

487 3580 603 3634 ἀλλ’
634 3580 744 3642 ίσος
772 3576 841 3648 ἦν
870 3578 925 3630 ἐν
952 3595 1012 3631 τε
1044 3577 1242 3648 ἐνδείᾳ,
1268 3577 1326 3631 ἐν
1352 3594 1412 3629 τε
1443 3575 1750 3646 πλησμονῇ,
1778 3573 1900 3627 οὔτε
1924 3575 2060 3626 ἐκεῖ·

489 3671 583 3723 θεν
611 3669 952 3738 πιεζόμενος,
974 3667 1098 3719 οὔτε
1124 3666 1369 3719 ἐντεῦθεν
1389 3666 1587 3736 χαυνού
1596 3684 1775 3735 μενος.
1799 3666 1905 3722 Καὶ
1928 3683 2063 3734 χορ-

486 3755 784 3819 τάξεσθαι,
806 3756 988 3824 φησὶν,
1020 3751 1152 3807 οἴδα
1173 3753 1271 3807 καί
1297 3751 1535 3818 πεινᾷν,
1559 3754 1654 3807 καί
1682 3755 2063 3821 περισσεύειν

490 3846 590 3900 καὶ
616 3843 1015 3912 ὑστερεῖσθαι.
1049 3844 1357 3898 [lor/.0100):
1382 3844 1527 3895 ίσασι
1553 3842 1927 3913 χορτάζεσθαι,
1951 3839 2062 3898 οἷον

488 3939 543 3993 οί
580 3936 943 4008 Ἰσραηλῖται·
972 3937 1167 3989 ἐκεῖνοι
1217 3935 1325 4006 γὰρ
1358 3934 1559 4003 ἔφαγον
1584 3973 1599 3998 ,
1638 3936 1731 3987 καὶ
1774 3935 2064 3988 ἀπελάκτι-

491 4041 612 4080 σαν.
658 4025 793 4078 Ἀλλ’
826 4026 920 4078 ἐπὶ
949 4027 1048 4096 τῆς
1082 4025 1249 4096 αὐτῆς
1276 4024 1527 4088 εὐταξίας
1585 4023 1695 4093 ἐγὼ
1731 4025 1896 4095 μένω.
1936 4026 2054 4078 Δεί-

490 4134 678 4171 κνυσιν
705 4118 787 4169 ὅτι
815 4115 937 4169 οὔτε
967 4116 1063 4169 νῦν
1089 4116 1252 4186 ἥσθη,
1286 4114 1410 4168 οὒτε
1433 4116 1991 4187 πρότερονέλυπεῖτοι
2013 4119 2061 4170 εἰ

488 4206 549 4261 δὲ
568 4208 659 4260 καὶ
678 4206 945 4268 ἐλυπεῖτο,
973 4206 1073 4258 ούκ
1093 4204 1257 4258 αὐτοῦ
1285 4204 1492 4269 ἕνεκεν,
1524 4204 1637 4258 ἀλλ’
1660 4205 1839 4259 αὐτῶν
1862 4223 1877 4238 ο
1903 4207 2063 4270 αὐτὸς

490 4296 600 4367 γάρ
624 4296 824 4368 ὁμοίως
850 4295 1099 4349 διέκειτο.
1136 4295 1240 4348 Ἐν
1263 4295 1464 4360 παντὶ,
1499 4296 1650 4366 φησὶ,
1684 4295 1780 4349 καὶ
1805 4296 1876 4350 ἐν
1912 4294 2062 4352 πᾶσι

485 4389 809 4458 μεμύημαι.
843 4387 1142 4451 Τουτέστι,
1178 4386 1388 4456 Πεῖραν
1423 4385 1613 4438 ἔλαϐον
1654 4389 1711 4440 ἐν
1760 4386 1835 4456 τῷ
1868 4387 2064 4459 μακρῷ

490 4479 666 4549 τούτῳ
708 4477 859 4550 [διε]
898 4477 1075 4549 χρόνῳ
1104 4477 1322 4530 πάντων
1345 4516 1360 4542 ,
1410 4479 1505 4531 καὶ
1546 4477 1719 4531 ταῦτά
1769 4495 1858 4549 μοι
1887 4480 2064 4532 πάντα

492 4570 867 4639 κατώρθωται.
910 4568 1049 4621 Ἀλλ’
1093 4568 1283 4638 ἐπειδὴ
1319 4569 1687 4641 μεγαληγορία
1733 4570 1792 4623 τὸ
1833 4572 2064 4642 πρᾶγμα

491 4656 580 4733 ἦν,
598 4661 700 4732 ὅρα
719 4659 833 4723 πῶς
854 4659 1275 4731 ἐπιλαμϐάνεται
1300 4660 1527 4731 ταχέως,
1548 4662 1641 4715 καί
1672 4679 1804 4732 φησι
1824 4679 1837 4693 ο
1860 4662 2066 4716 Πάντα

492 4754 685 4823 ἰσχύω
715 4752 785 4805 ἐν
808 4749 888 4817 τῷ
916 4751 1349 4823 ἐνδυναμοῦντί
1364 4770 1441 4823 με
1466 4754 1715 4823 Χριστῷ,
1742 4754 1920 4823 φησίν.
1954 4752 2068 4807 Οὐκ

494 4843 627 4914 ἐμὸν
661 4841 727 4895 τὸ
755 4842 1085 4913 κατόρθωμα
1106 4883 1121 4910 ,
1152 4842 1288 4896 ἀλλὰ
1316 4843 1411 4896 τοῦ
1428 4842 1547 4914 ’τὴν
1583 4846 1735 4915 ἰσχὺν
1776 4846 2067 4909 δεδωκότος

493 4933 662 4989 ἐστίν.
708 4932 848 4987 Ἀλλ’
873 4933 1060 5003 ἐπειδὴ
1092 4934 1250 4988 πάλιν
1282 4937 1331 4988 οί
1355 4931 1415 4988 εὖ
1447 4934 1743 5000 ποιοῦντες,
1773 4937 1900 4989 ὅταν
1939 4937 2065 4990 ίδω·

496 5040 582 5077 σιν
617 5025 678 5077 οῦ
710 5023 1079 5094 διατιθέμενον
1109 5020 1168 5077 εὖ
1202 5024 1291 5078 τὸν
1309 5024 1665 5094 ,λαμϐάνοντα
1687 5061 1702 5087 ,
1740 5024 1873 5077 ἀλλὰ
1902 5042 2068 5079 κατα-

497 5113 796 5185 φρονοῦντα
814 5114 919 5168 τῶν
932 5114 1240 5185 δ.δομὲνων,
1266 5113 1618 5185 ρᾳθυμότεροι
1641 5113 1895 5181 γίνονται·
1918 5116 2067 5168 αὐτοὶ

498 5205 609 5275 γάρ
638 5205 712 5270 ὡς
753 5207 1098 5277 χαριζόμενοι
1132 5206 1390 5259 διέκειντο
1418 5207 1511 5259 καὶ
1547 5205 1917 5269 ἀναπαύοντες
1938 5223 1950 5237 ο
1984 5208 2069 5260 ’ίνα

498 5290 593 5348 οὖν
630 5295 705 5364 μὴ
728 5296 885 5349 τοῦτο
913 5297 1159 5366 γένηται,
1186 5296 1319 5367 μηδέ
1348 5314 1430 5358 τις
1451 5298 1598 5370 εἴπῃ,
1625 5297 1707 5349 ὅτι
1724 5297 1880 5351 Ἐπεὶ
1900 5315 2069 5350 κατα-

500 5389 690 5459 φρονεῖ
739 5386 835 5456 τῆς
883 5387 1243 5451 ἀναπαύσεως
1294 5386 1533 5451 Παῦλος,
1590 5388 1802 5457 ἀνάγκη
1850 5388 2070 5450 τούτους

502 5477 908 5550 ῥᾳθυμοτέρως
939 5478 1221 5545 γενέσθαι’
1268 5478 1371 5549 ὅρα
1411 5478 1527 5542 πῶς
1573 5478 1732 5531 πάλιν
1776 5480 1869 5531 καὶ
1916 5477 2071 5531 τοῦτο

505 5570 669 5623 ἰᾶται.
717 5570 813 5620 Διὰ
845 5568 942 5637 μὲν
982 5568 1090 5637 γὰρ
1120 5567 1227 5620 τῶν
1260 5567 1564 5638 εἰρημένων
1597 5568 1655 5619 τὸ
1682 5568 1934 5639 φρόνημα
1970 5567 2063 5619 αύ-

504 5657 613 5714 τῶν
658 5657 964 5713 κατέσπασε
992 5674 1005 5689 ο
1061 5657 1150 5711 διὰ
1192 5658 1248 5710 δὲ
1300 5658 1407 5711 τῶν
1448 5658 1571 5727 ἑξῆς
1616 5657 1712 5729 τὴν
1768 5658 2070 5729 προθυμίαν

1234 292 1285 348 S.
1322 290 1606 348 JOANNIS
1643 288 2124 347 CIIRYSOSTOMI
2164 290 2478 346 ARCIIIEP.
2518 289 3059 347 CONSTANTINOP.

3633 297 3742 352 290

2175 404 2353 458 αὐτῶν
2384 403 2586 475 άναζῇν
2630 406 2791 467 ποιεῖ,
2824 404 2996 472 λέγων
3023 420 3037 435 ο
3082 404 3257 471 Πλὴν
3298 404 3497 472 καλῶς
3537 407 3741 477 ἐποιή-

2174 509 2319 548 σατε
2346 495 2946 563 συγκοινωνήσαντές
2965 513 3084 564 μου
3106 493 3180 562 τῇ
3202 496 3420 564 θλίψει.
3458 496 3621 567 Ὁρᾷς
3651 501 3743 552 καὶ

2175 584 2291 646 πῶς
2319 585 2623 653 ἀπέστησεν
2648 586 2856 652 ἑαυτὸν,
2885 588 2980 639 καὶ
3004 586 3121 648 πῶς
3151 586 3312 639 πάλιν
3340 588 3515 655 ἧνωσε
3536 604 3551 654 ;
3574 588 3743 642 Τοῦτο

2172 674 2400 744 γνησίας
2422 674 2603 742 φιλίας
2627 677 2742 729 ἐστὶ
2765 676 2858 728 καὶ
2877 676 3272 746 πνευματικῆς.
3298 676 3387 747 Μὴ
3404 680 3513 747 γὰρ
3533 679 3737 748 ἐπειδὴ,

2175 764 2360 834 φησὶν,
2398 768 2454 818 ἐν
2493 769 2652 837 χρείᾳ
2679 769 2740 819 οὐ
2770 767 3105 836 καθέστηκα,
3132 766 3389 838 νομίσητε
3429 770 3502 838 μὴ
3537 769 3742 823 δεῖσθαί

2175 871 2243 923 με
2281 855 2374 908 τοῦ
2407 858 2729 926 πράγματος
2754 874 2767 887 ·
2800 858 2991 928 δέομαι
3029 859 3097 912 δι’
3128 859 3294 928 ὑμᾶς.
3334 860 3455 921 Πῶς
3483 856 3576 912 οὖν
3602 862 3744 913 ἐκοι-

2171 942 2416 1014 νώνησαν
2447 946 2594 1010 αὐτῷ
2623 947 2730 1000 τῶν
2768 947 3033 1017 θλίψεωνς
3074 948 3174 1002 Διά
3205 949 3394 1002 τούτου
3416 965 3430 980 ·
3471 951 3608 1020 ὅπερ
3650 954 3742 1004 καὶ

2170 1035 2536 1107 δεσμούμενος
2563 1038 2735 1107 ἔλεγε,
2761 1042 3209 1109 Συγκοινωνούς
3223 1059 3344 1111 μου
3364 1041 3477 1109 τῆς
3506 1041 3741 1109 χάριτος

2170 1126 2401 1194 πάντας
2447 1128 2621 1195 ὑμᾶς.
2658 1131 2829 1202 Χάρις
2861 1131 2969 1202 γάρ
3004 1131 3119 1185 ἐστι
3150 1131 3210 1185 τὸ
3245 1132 3438 1186 παθεῖν
3469 1135 3609 1205 ὑπὲρ
3648 1133 3741 1191 τοῦ

2170 1217 2407 1288 Χριστοῦ
2428 1257 2442 1280 ,
2477 1218 2553 1282 ὥς
2583 1236 2685 1273 που
2715 1220 2809 1275 καὶ
2846 1222 3007 1287 αὐτός
3035 1239 3197 1293 φησιν
3216 1240 3231 1255 '
3278 1225 3409 1279 ’Ὅτι
3440 1227 3582 1295 ὑμῖν
3606 1230 3743 1299 ἐχα-

2162 1307 2345 1376 ρίσθη
2364 1309 2482 1363 ἀπὸ
2510 1311 2676 1375 Θεοῦ,
2705 1314 2777 1365 οὐ
2788 1314 2979 1381 μόνον
3010 1313 3075 1367 τό
3097 1316 3183 1380 είς
3205 1314 3391 1369 αὐτόν
3410 1319 3738 1383 πιστεύειν,

2168 1394 2330 1449 ἀλλὰ
2369 1398 2464 1451 καὶ
2507 1398 2573 1451 τὸ
2617 1399 2767 1468 ὑπὲρ
2817 1402 3002 1456 αὐτοῦ
3042 1402 3323 1472 πάσχειν.
3369 1405 3586 1476 Ἐπειδὴ
3632 1406 3741 1478 γὰρ

2168 1485 2351 1573 ἐκεῖνα
2394 1489 2704 1560 καταμόνας
2750 1491 3016 1561 λεγόμενα
3058 1492 3294 1573 ἀλγῆσαι
3344 1490 3540 1558 αὐτοὺς
3578 1497 3739 1550 ίκανά

2169 1571 2257 1647 ἦν,
2292 1577 2379 1631 διά
2402 1578 2560 1632 τοῦτο
2592 1579 2881 1651 θεραπεύει
2920 1581 3015 1635 καὶ
3052 1571 3376 1654 ἀποδέχεται
3409 1586 3505 1639 καὶ
3528 1588 3739 1640 ἐπαινεῖ

2168 1662 2347 1727 πάλιν,
2380 1667 2473 1718 καὶ
2509 1666 2669 1719 τοῦτο
2702 1670 3154 1740 μεμετρημένως.
3185 1674 3259 1725 Οὐ
3286 1673 3394 1744 γάρ
3420 1669 3540 1726 εἷπε
3563 1716 3578 1739 ,
3612 1677 3739 1729 Δόν-

2168 1769 2277 1815 τες.
2309 1753 2474 1816 ἀλλὰ,
2510 1758 3133 1827 Συγκοινωνήσαντες,
3167 1762 3380 1827 δεικνὺς
3408 1766 3604 1829 αὐτοὺς
3645 1768 3740 1821 καὶ

2168 1844 2550 1913 κερδάναντας,
2575 1847 2628 1899 εἴ
2650 1865 2713 1916 γε
2734 1850 2842 1901 τῶν
2868 1850 3042 1905 ἄθλων
3062 1853 3307 1919 ἐγένοντο
3333 1857 3599 1912 κοινωνοί.
3623 1858 3738 1912 Οὐκ

2167 1929 2338 1993 εἶπεν,
2373 1932 2857 2004 Ἐπικουφίσαντές
2890 1957 2991 2008 μου
3027 1940 3125 2004 τὰς
3158 1941 3383 2011 θλίψεις,
3406 1944 3738 2015 ἀλλά,Συγ-

2167 2023 2647 2091 κοινωνήσαντές
2683 2045 2805 2096 μου
2861 2028 2936 2097 τῇ
2979 2033 3210 2099 θλίψει,
3258 2035 3394 2105 ὅπερ
3429 2030 3499 2105 ἦν
3546 2035 3739 2108 σεμνό-

2166 2129 2340 2182 τερον.

2250 2207 2409 2277 Ὀρᾷς
2436 2208 2497 2260 τὸ
2525 2206 2776 2261 ταπεινὸν
2805 2209 3017 2261 Παύλου
3041 2226 3056 2275 ;
3085 2212 3216 2281 ὁρᾷς
3238 2211 3300 2265 τὸ
3324 2213 3578 2281 εύγενές;
3605 2214 3735 2272 Ὅτε

2166 2295 2362 2363 ἔδειξεν
2389 2298 2542 2350 οὐδὲν
2579 2298 2834 2369 δεόμενον
2866 2298 2975 2352 τῶν
3004 2302 3132 2369 παρ’
3176 2301 3398 2355 ἐκείνων
3426 2303 3595 2357 αὐτοῦ
3622 2306 3736 2360 ἐνε-

2167 2403 2280 2451 κεν,
2327 2387 2447 2440 τότε
2486 2388 2670 2442 λοιπὸν
2713 2388 2882 2449 ἀδεῶς
2912 2390 3005 2442 καὶ
3032 2392 3263 2444 ταπεινὰ
3308 2392 3606 2462 φθέγγεται
3637 2398 3734 2467 ῥή-

2177 2493 2340 2546 ματα,
2363 2478 2455 2530 καὶ
2489 2477 2631 2548 ἆπερ
2655 2480 2704 2531 οί
2737 2479 3153 2550 προσαιτοῦντες
3179 2481 3451 2551 λέγουσιν,
3496 2485 3591 2549 Ὠς
3619 2486 3735 2550 ἔθος

2166 2567 2309 2638 ἔχεις
2347 2569 2564 2623 διδόναι.
2610 2569 2776 2622 υύδέν
2819 2569 2928 2641 γὰρ
2968 2575 3314 2639 παραιτεῖται
3357 2573 3482 2628 οὔτε
3522 2579 3732 2642 ποιεῖν,

2165 2656 2288 2711 οὔτε
2318 2658 2516 2726 λέγειν,
2545 2660 2680 2731 πρὸς
2710 2662 2771 2714 τὸ
2801 2662 2982 2732 μόνον,
3015 2663 3043 2716 δ
3070 2663 3341 2733 βούλεται,
3374 2667 3733 2738 κατορθῶσαι.

2166 2748 2232 2802 Τί
2280 2750 2337 2802 δὲ
2368 2749 2527 2803 τοῦτό
2565 2753 2716 2817 ἐστι;
2748 2752 2838 2823 Μὴ
2873 2753 3133 2824 νομίσητε
3155 2794 3169 2819 ,
3203 2757 3406 2826 φησὶν,
3454 2760 3738 2828 ἀναισχυν-

2164 2840 2284 2904 τίας
2309 2837 2447 2894 εἶναι
2478 2842 2545 2895 τὰ
2577 2844 2815 2914 ῥήματα,
2845 2844 2907 2897 τὸ
2940 2846 3210 2913 ἐγκαλεῖν,
3240 2850 3332 2900 καὶ
3356 2848 3555 2918 λέγειν,
3588 2849 3736 2918 Ἤδη

2166 2931 2311 2984 ποτε
2354 2932 2710 2996 ἀνεθάλετε,
2742 2933 2836 2987 καὶ
2883 2934 2979 2989 τοῦ
3011 2938 3070 2990 ἐν
3117 2937 3278 3010 χρείᾳ
3315 2934 3455 2993 εἶναι
3478 2957 3494 2972 ·
3529 2941 3590 2994 οὐ
3631 2942 3742 3012 γὰρ

2165 3022 2417 3093 δεόμενος
2441 3024 2614 3077 ταῦτα
2634 3025 2798 3094 λέγω,
2835 3025 2969 3081 ἀλλά
2998 3028 3052 3080 τί
3075 3044 3089 3092 ;
3132 3028 3227 3082 Ἐκ
3254 3028 3348 3083 τοῦ
3378 3031 3584 3103 σφόδρα
3609 3031 3739 3104 θαρ-

2168 3115 2283 3183 ρεῖν
2322 3115 2449 3184 ὑμῖν
2473 3131 2486 3146 ·
2524 3116 2617 3169 καὶ
2657 3116 2847 3170 τούτου
2895 3117 2951 3171 δὲ
2987 3118 3145 3189 ὑμεῖς
3181 3119 3363 3178 αῖτιοι.
3409 3122 3572 3195 Ὁρᾷς
3621 3124 3738 3187 πῶς

2172 3207 2365 3268 αὐτοὺς
2396 3207 2709 3279 θεραπεύει,
2729 3210 2822 3263 καὶ
2850 3210 2967 3274 πῶς
2984 3228 3168 3282 φησιν,
3200 3212 3386 3282 Ὑμεῖς
3416 3214 3601 3280 αἴτιοι,
3635 3215 3740 3285 πρὸ

2167 3297 2274 3350 τῶν
2300 3297 2471 3351 ἄλλων
2501 3300 2940 3370 ἐπιπηδήσαντες
2966 3300 3043 3371 τῷ
3072 3303 3371 3372 πράγματι,
3408 3304 3499 3355 καὶ
3522 3307 3744 3375 παῤῥη-

2169 3388 2289 3441 σίαν
2327 3390 2457 3459 ἡμῖν
2489 3389 2668 3453 δόντες
2698 3390 2839 3461 ὑπὲρ
2867 3391 2976 3445 τῶν
3010 3390 3258 3445 τοιούτων
3299 3392 3739 3463 ὑπομιμνήσκειν

2168 3478 2348 3549 ὐμᾶς;
2398 3480 2508 3532 Καὶ
2536 3480 2633 3533 θέα
2666 3480 2729 3533 τὸ
2776 3482 3007 3551 σεμνόνο
3052 3481 3127 3553 μὴ
3167 3482 3443 3552 πέμπουσι
3501 3481 3601 3552 μὲν
3634 3484 3736 3537 οὐκ

2167 3568 2418 3637 ἐγκαλεῖ,
2455 3570 2540 3623 ἴνα
2585 3570 2659 3641 μὴ
2688 3570 2811 3641 δόξῃ
2839 3571 2900 3623 τὸ
2937 3571 3133 3625 ἐαυτοῦ
3162 3570 3476 3639 θεραπεύειν
3497 3585 3513 3601 ⁸
3548 3571 3738 3642 ἐπειδὴ

2166 3660 2223 3714 δὲ
2250 3661 2532 3731 ἔπεμψαν,
2561 3663 2679 3715 τότε
2709 3663 3042 3734 ἐπετίμησεν
3073 3663 3213 3736 ὑπὲρ
3247 3662 3339 3716 τοῦ
3375 3662 3738 3733 παρελθόντος

2167 3751 2381 3821 χρόνου,
2421 3752 2515 3804 καὶ
2544 3752 2779 3822 ἤνεγκαν
2807 3768 2819 3780 '
2852 3751 3036 3806 λοιπὸν
3068 3750 3221 3824 [313]
3247 3751 3355 3823 γάρ
3377 3752 3479 3805 οὐκ
3504 3751 3570 3805 ἂν
3596 3753 3734 3818 ἔδοξε

2167 3841 2227 3894 τὸ
2260 3839 2423 3894 αὐτοῦ
2462 3840 2805 3911 θεραπεύειν.
2833 3842 3061 3905 Οἴδατε,
3102 3843 3256 3913 φησι,
3294 3841 3396 3895 καί
3429 3841 3617 3911 ὑμεῖς,
3648 3845 3740 3894 Φι-

2166 3930 2517 3998 λιππήσιοι,
2568 3932 2657 3986 ὅτι
2706 3933 2778 3986 ἐν
2825 3932 2985 4001 ἀρχῇ
3043 3932 3149 3986 τοῦ
3204 3933 3594 4003 εὐαγγελίου,
3643 3932 3737 3985 ὅτε

2167 4021 2431 4089 ἐξῆλθον
2444 4022 2560 4075 ἀπὸ
2582 4022 2976 4088 Μακεδονίας,
3004 4021 3254 4090 οὐδεμία
3271 4039 3375 4091 μοι
3416 4022 3737 4090 Ἐκκλησία

2168 4111 2573 4179 ἐκοινώνησεν
2596 4116 2682 4177 είς
2702 4114 2886 4181 λόγον
2906 4112 3133 4177 δόσεως
3153 4113 3253 4166 καί
3284 4111 3549 4180 λήψεως,
3575 4116 3627 4165 εί
3649 4112 3735 4181 μὴ

2168 4202 2338 4271 ὑμεῖς
2364 4205 2560 4273 μόνοι.
2591 4203 2780 4269 Βαϐαῖ,
2812 4203 2993 4273 ἡλίκον
3024 4203 3085 4257 τὸ
3117 4201 3427 4273 ἐγκώμιονι
3459 4201 3514 4255 εί
3539 4218 3603 4271 γε
3636 4203 3740 4255 Κο-

2171 4295 2362 4366 ρίνθιοι
2407 4298 2505 4365 μὲν
2537 4297 2600 4348 ὲκ
2650 4295 2742 4350 τοῦ
2780 4295 2997 4350 ἀκούειν
3046 4297 3231 4348 ἐκεῖνα
3269 4296 3399 4365 παρ’
3445 4294 3614 4347 αὐτοῦ
3646 4292 3739 4347 καὶ

2182 4387 2437 4458 Ῥωμαῖοι
2480 4389 2900 4460 προτρέπονται,
2936 4380 3081 4441 οὗτοι
3110 4387 3166 4440 δὲ
3207 4386 3462 4456 οὐδεμιᾶς
3509 4385 3741 4456 Ἐκκλη-

2172 4479 2291 4542 σίας
2330 4477 2642 4550 ἀρξαμένης
2678 4479 2964 4550 (καὶγὰρ,
3013 4480 3118 4533 Ἐν
3152 4476 3311 4546 ἀρχῇ
3341 4477 3449 4532 τοῦ
3484 4480 3743 4545 Εὐάγγε-

2169 4570 2340 4632 λίου,
2380 4569 2581 4639 φησι),
2610 4570 2876 4640 τοσαύτην
2915 4570 3042 4642 περὶ
3090 4569 3181 4622 τὸν
3210 4568 3364 4637 ἀγιον
3402 4566 3743 4631 ἐπεδείξαντο

2172 4659 2427 4729 σπουδὴν,
2461 4660 2536 4723 ὡς
2569 4660 2704 4731 μηδὲ
2737 4660 3087 4730 παράδειγμα
3129 4658 3375 4728 ἔχοντες,
3409 4657 3566 4710 αὐτοὶ
3594 4656 3745 4727 πρῶς

2171 4771 2252 4807 τοι
2300 4750 2399 4820 τῆς
2449 4751 2825 4824 καρποφορίας
2876 4748 3144 4819 ἄρξασθαι
3193 4749 3417 4819 ταύτης.
3478 4748 3590 4801 Καὶ
3647 4748 3745 4799 οὐκ

2173 4847 2317 4899 ἐστιν
2353 4847 2559 4908 εἰπεῖν,
2600 4844 2683 4896 ὅτι
2728 4843 3098 4913 παραμένοντι
3128 4840 3277 4910 αὐτῷ
3309 4840 3431 4892 οὐδὲ
3463 4840 3574 4893 τῶν
3607 4839 3744 4908 πρὸς

2173 4938 2368 5000 αὐτοὺς
2403 4937 2589 4989 ἐνεκεν
2628 4931 2799 4988 ταῦτα
2830 4933 3044 4986 ἐποίουν
3067 4949 3081 4964 ·
3134 4932 3272 4984 Ὀτε
3304 4928 3574 4998 ἐξῆλθον
3608 4930 3743 5000 γὰρ,

2173 5030 2366 5099 φησὶν,
2406 5027 2525 5082 ἀπὸ
2562 5026 2967 5090 Μακεδονίας,
2994 5024 3240 5089 οὐδεμία
3268 5039 3370 5092 μοι
3414 5022 3747 5089 Ἐκκλησία

2172 5118 2573 5186 ἐκοινώνησεν
2595 5121 2682 5181 εις
2707 5116 2893 5186 λόγον
2923 5116 3148 5180 δόσεως
3171 5118 3267 5168 καί
3290 5115 3369 5182 λή
3381 5118 3557 5183 ψεως,
3584 5117 3638 5167 ει
3661 5113 3746 5183 μὴ

2174 5212 2342 5281 ὑμεῖς
2360 5211 2556 5280 μόνοι.
2595 5209 2659 5260 Τί
2689 5209 2826 5268 ἐστι,
2858 5206 3145 5275 Λήψεωςς
3171 5206 3222 5259 τί
3249 5206 3307 5258 δέ
3331 5209 3512 5267 ἐστιν,
3561 5207 3749 5259 Ἐχοιο

2173 5302 2443 5368 νώνησε;
2474 5299 2561 5352 διά
2589 5298 2641 5350 τί
2670 5298 2743 5369 μὴ
2774 5294 2926 5351 εἶπεν
2947 5336 2961 5360 ,
2997 5298 3078 5350 ὅτι
3115 5297 3351 5366 Οὐδεμία
3390 5313 3480 5361 μοι
3522 5294 3752 5364 Ἐκκλησ

2178 5394 2267 5446 σία
2301 5393 2516 5455 ἔδωκεν,
2547 5390 2682 5454 ἀλλ’,
2730 5390 3161 5455 Ἐκοινώνησεν
3200 5392 3286 5453 εἰς
3312 5389 3500 5455 λόγον
3524 5385 3752 5448 δόσεως

2178 5483 2275 5538 καὶ
2315 5482 2595 5551 λήψεως;
2648 5482 2917 5535 Κοινωνία
2951 5484 3058 5548 γὰρ
3096 5480 3156 5532 τὸ
3196 5478 3429 5549 πρᾶγμά
3464 5479 3631 5531 ἐστιν.
3683 5478 3752 5530 ει

2177 5574 2286 5645 γὰρ
2314 5575 2481 5643 ἡμεῖς
2517 5573 2587 5626 τὰ
2623 5570 2991 5640 πνευματικὰ
3032 5572 3203 5639 ὑμῖν,
3239 5569 3433 5639 φησὶν,
3471 5566 3751 5636 ἐσπείρα-

2173 5685 2309 5737 μεν,
2347 5666 2402 5719 τί
2428 5665 2599 5735 μέγα,
2638 5667 2688 5718 εὶ
2730 5662 2897 5733 ἡμεῖς
2924 5663 2993 5716 τὰ
3030 5663 3283 5730 σαρκικὰ
3324 5659 3491 5729 ὑμῶν
3517 5659 3749 5726 θερίσο-
