4030 6204
266 312 405 398 \289
1163 327 1230 386 ΙΝ
1278 326 1495 383 EPIST.
1537 325 1627 381 AD
1667 323 1955 384 PlllLlPP.
1994 321 2145 377 CAP.
2193 323 2277 381 IV.
2323 323 2545 379 llOllll..
2586 323 2697 379 XV.

317 461 497 521 multis
528 455 659 513 locis
701 451 1102 524 praedicantem,
1144 453 1198 499 et
1238 451 1546 512 operantem
1579 458 1593 495 :
1648 435 1893 505 Occupati

318 555 451 610 enim
489 547 641 604 eratis
665 588 681 611 ,
722 544 910 613 inquit.
944 538 1082 607 Quid
1113 545 1215 601 est,
1265 533 1513 602 Occupati
1554 532 1704 586 eratis
1728 530 1752 581 ?
1778 528 1895 583 Non

321 647 394 711 id,
424 642 618 711 inquit,
648 628 837 692 vestra:
866 627 1206 700 negligentia:
1234 634 1370 691 erat,
1395 623 1490 679 sed
1516 619 1850 677 necessitatis
1881 638 1894 674 :

324 752 430 792 non
456 733 597 788 enim
647 724 926 782 habebatis
953 723 1005 777 in
1039 719 1320 782 manibus,
1357 731 1460 772 non
1503 712 1894 778 abundabatis;

324 829 427 881 hoc
450 824 590 879 enim
615 818 878 889 signiﬁcat
904 813 1050 877 illud,
1082 810 1331 881 Occupati
1352 818 1520 864 autem
1541 807 1711 862 eratis.
1736 804 1899 875 quue

322 936 383 975 es
411 912 676 970 oonununi
700 906 952 979 loquendi
973 902 1361 960 consuetudine
1382 899 1584 968 accepit
1609 915 1622 951 :
1652 897 1724 950 ita
1754 896 1897 951 enim

323 1007 557 1079 plerique
578 1002 782 1064 dicunt,
809 1012 931 1053 cum
958 1010 1067 1051 non
1092 994 1191 1049 sibi
1217 992 1348 1047 satis
1373 990 1546 1059 ampla
1568 984 1898 1079 resrest,_sed

325 1075 373 1153 in
387 1093 648 1166 angustiis
660 1096 960 1145 versantur.
978 1083 1099 1139 Non
1117 1082 1257 1154 quasi
1279 1087 1483 1151 propter
1494 1078 1752 1149 penuriam
1763 1075 1896 1130 dico.

322 1189 466 1252 Dixi,
486 1187 676 1257 inquit,
693 1179 979 1252 Aliquando
1006 1177 1228 1239 tandem,
1251 1188 1453 1244 vosque
1470 1169 1773 1241 objurgavi;
1795 1182 1902 1221 non

322 1279 465 1349 quod
486 1293 600 1332 rem
626 1289 799 1329 meam
821 1280 1329 1342 quaereremmeque
1355 1261 1496 1333 quod
1526 1275 1771 1331 egerem;
1796 1273 1902 1349 non

322 1348 468 1425 enim
486 1374 769 1438 propterea
791 1360 1113 1434 quaerebam.
1136 1356 1240 1413 Sed
1259 1353 1396 1410 unde
1416 1352 1688 1416 ostendes,
1717 1348 1903 1412 Paule,

325 1472 375 1514 te
405 1476 515 1514 non
535 1456 813 1527 magniﬁce
835 1451 1009 1523 loqui?
1024 1447 1311 1505 Corinthiis
1328 1446 1539 1516 quidem
1557 1443 1629 1497 ita
1650 1441 1861 1496 diccbat
1889 1456 1903 1493 :

328 1549 457 1603 Non
475 1548 605 1601 enim
617 1545 720 1599 alia
733 1542 997 1598 scribimus
1014 1540 1324 1609 uobis,quam
1341 1551 1453 1607 qua:
1469 1535 1742 1606 lcgitis,aul
1757 1531 1907 1585 etiant

325 1636 629 1708 cognoscitis
656 1634 727 1705 (2.
751 1632 865 1687 Cor.
892 1632 942 1686 l.
965 1631 1078 1700 15).
1104 1631 1276 1699 Atque
1298 1627 1415 1681 istis
1434 1625 1592 1679 etiam
1612 1638 1715 1676 non
1740 1622 1811 1674 ita
1830 1619 1908 1673 di-

322 1727 568 1790 cebat,nt
589 1724 754 1779 refelli
772 1731 969 1792 posset.
995 1720 1108 1774 Non
1124 1719 1300 1789 igitur,
1321 1716 1367 1771 si
1383 1731 1441 1771 se
1458 1713 1735 1783 magniﬁce
1751 1712 1912 1781 jacta-

3476 330 3581 385 290

2003 439 2137 490 ritus
2162 447 2596 507 compresserat;
2628 439 2677 491 in
2715 438 3057 509 sequentibus
3086 452 3211 494 vero
3252 440 3579 499 alacritatem

1999 528 2236 597 ipsorum
2266 528 2449 606 incitat
2490 538 2649 600 atque
2678 529 2991 594 inﬂammat,
3041 530 3224 586 dicens
3258 551 3271 586 :
3312 534 3582 589 Verumta-

2002 635 2114 672 men
2144 619 2266 673 bene
2296 620 2484 690 fecistis
2514 623 2942 677 communicantes
2980 623 3293 679 tribulationi
3323 643 3464 681 mea.
3493 627 3586 683 Vi-

2000 708 2096 764 des
2125 710 2394 779 quomodo
2421 710 2655 780 seipsum
2686 712 3063 783 segregaverit,
3094 724 3148 770 et
3169 719 3438 786 quomodo
3467 735 3585 774 rur-

1999 814 2093 854 sus
2113 801 2497 870 conjunxerit?
2524 800 2639 856 Hoc
2664 817 2933 871 germanae
2955 814 3009 858 et
3028 806 3320 875 spirituatis
3340 809 3587 863 amicitia:

2001 896 2103 944 est.
2134 889 2249 943 Non
2276 891 2417 944 enim
2448 890 2567 959 quia
2589 932 2603 956 ,
2638 892 2827 961 inquit,
2858 896 3176 950 necessitate
3208 897 3427 954 minime
3459 915 3583 969 pre-

2001 981 2216 1046 mebar,
2252 980 2373 1036 ideo
2414 982 2613 1053 putetis
2653 998 2740 1039 me
2765 984 2928 1041 rebus
2954 989 3146 1042 vestris
3191 1005 3295 1045 non
3328 993 3538 1061 eguisse
3571 1009 3586 1047 :

2004 1088 2137 1155 egeo
2165 1084 2384 1144 propter
2412 1088 2525 1129 vos.
2549 1075 2827 1143 Quomodo
2856 1079 3016 1148 igitur
3037 1096 3395 1137 aerumnarum
3424 1085 3589 1153 ipsius

2007 1164 2295 1233 participes
2333 1163 2587 1221 fuerant?
2629 1167 2731 1221 l’er
2775 1167 2877 1223 hoc
2925 1169 3158 1224 ofﬁcium
3194 1188 3205 1224 :
3246 1172 3388 1241 quod
3429 1174 3587 1228 etiam

2006 1270 2127 1310 cum
2173 1255 2228 1309 in
2270 1255 2499 1311 vinculis
2534 1269 2713 1324 esset,
2745 1258 2991 1324 dicebat,
3034 1259 3215 1315 Socios
3256 1262 3438 1332 gratiae
3471 1279 3595 1318 metu

2009 1362 2181 1401 omnes
2208 1362 2295 1401 vos
2335 1363 2442 1401 esse
2467 1346 2731 1419 (Philipp.
2769 1348 2821 1403 1.
2849 1350 2927 1418 7).
2959 1348 3139 1405 Gratia
3175 1351 3318 1405 enim
3372 1360 3455 1405 est
3485 1353 3591 1420 pati

2009 1450 2106 1506 pro
2136 1438 2382 1506 Christo,
2415 1439 2862 1509 quemadmodum
2894 1449 2947 1495 et
2972 1441 3167 1496 alicubi
3215 1443 3328 1511 ipse
3377 1443 3546 1512 inquit
3575 1461 3589 1498 :

2012 1526 2144 1593 Quia
2171 1544 2201 1581 a
2228 1528 2337 1582 Deo
2368 1531 2501 1583 vobis
2522 1531 2687 1601 gratia
2715 1531 2835 1584 data
2862 1541 2954 1596 est,
2987 1549 3088 1585 non
3122 1533 3286 1587 solum
3313 1542 3370 1586 ut
3398 1535 3450 1587 in
3480 1550 3593 1587 eum

2009 1617 2249 1685 credatis,
2294 1621 2382 1673 sed
2415 1622 2564 1675 etiam
2605 1638 2697 1691 pro
2745 1621 2835 1675 illo
2883 1623 3148 1691 patiamini
3172 1624 3330 1695 (Ibid.
3382 1642 3431 1679 υ.
3474 1626 3591 1697 29).

2011 1706 2272 1774 Quoniam
2299 1710 2441 1763 enim
2483 1710 2573 1763 illa
2608 1711 2746 1766 nude
2775 1710 2936 1775 dicta,
2965 1721 3085 1782 apta
3114 1724 3267 1768 erant
3307 1731 3425 1785 qua:
3467 1716 3598 1785 ipsis

322 1834 384 1873 re
409 1816 693 1879 voluisset,
735 1815 848 1868 haec
873 1812 1106 1874 diceret;
1136 1807 1276 1878 apud
1302 1823 1396 1862 eos
1420 1806 1563 1861 enim
1585 1804 1673 1874 qui
1718 1808 1914 1856 norant

324 1907 563 1971 dicebat,
592 1906 681 1960 ubi
711 1905 869 1958 etiam
895 1901 1045 1972 argui
1077 1900 1285 1970 turpius
1316 1897 1520 1952 fuisset.
1546 1895 1655 1966 Ego
1675 1894 1809 1947 enim
1834 1891 1914 1945 di-

325 2000 456 2067 dici,
488 1998 678 2065 inquit,
707 1996 761 2049 in
790 1994 971 2064 quibus
994 2008 1131 2054 sunt,
1159 1990 1403 2060 sufﬁciens
1432 2002 1557 2042 esse.
1589 1986 1732 2055 Ergo
1758 1982 1917 2038 disci-

329 2092 496 2161 plina:
537 2103 623 2143 res
660 2096 742 2141 est
768 2094 822 2141 et
858 2083 1254 2140 exercitationis
1295 2091 1350 2136 et
1391 2096 1577 2136 curm:
1622 2094 1732 2133 non
1774 2078 1916 2133 enim

328 2179 508 2234 facilis
539 2186 621 2231 est
646 2175 712 2230 ad
757 2172 1211 2243 consequendum,
1240 2172 1334 2226 sed
1382 2169 1538 2224 valde
1573 2168 1825 2233 difﬁcilis,
1857 2182 1920 2223 ac

333 2274 513 2326 multo
538 2283 658 2323 cum
697 2268 880 2322 labore
907 2265 1214 2335 conjuncta.
1255 2262 1323 2316 In
1350 2263 1529 2333 quibus
1556 2277 1685 2326 sum,
1727 2260 1917 2330 inquit,

332 2361 591 2432 sufﬁciens
616 2375 722 2413 esse
745 2374 761 2411 :
788 2358 893 2411 scio
921 2366 966 2409 et
993 2354 1278 2421 humiliari,
1301 2354 1404 2407 scio
1430 2361 1473 2406 et
1496 2351 1753 2405 abundare
1773 2369 1790 2404 :
1811 2351 1923 2403 ubi-

333 2470 432 2523 que
461 2462 507 2506 ct
551 2452 603 2505 in
630 2449 860 2505 omnibus
896 2448 1155 2501 institutus
1190 2460 1323 2498 sum.
1375 2442 1432 2498 Id
1465 2450 1583 2508 est,
1627 2442 1692 2495 Et
1742 2440 1923 2510 paucis

336 2553 627 2599 contentus
652 2554 771 2596 esse
797 2540 929 2605 scio,
958 2546 1013 2592 et
1051 2535 1243 2590 famem
1267 2535 1406 2590 ferre
1434 2543 1487 2588 et
1515 2541 1826 2604 egestatem.
1861 2528 1925 2583 Et

336 2635 622 2698 abundare,
651 2641 698 2686 et
722 2646 886 2703 egere.
908 2629 1022 2697 Nae,
1048 2629 1286 2698 inquies:
1316 2626 1409 2682 sed
1432 2625 1533 2680 hoc
1552 2625 1786 2680 scientia:
1816 2638 1922 2677 non

339 2739 422 2788 est
449 2742 626 2801 neque
654 2724 865 2782 virtutis
883 2768 898 2794 ,
926 2722 1220 2779 abundare.
1266 2718 1378 2777 Imo
1403 2732 1532 2777 vero
1560 2717 1786 2775 maxime
1817 2716 1927 2774 vir-

343 2824 473 2878 tutis
493 2831 598 2887 est,
629 2835 730 2876 nec
757 2818 935 2873 minus
955 2831 1113 2886 quam
1139 2813 1622 2883 illud..Quomodo?
1643 2811 1924 2882 Quoniam,

344 2909 794 2982 quemadmodum
821 2916 1030 2978 egestas
1074 2905 1142 2959 ad
1180 2906 1346 2961 multa
1386 2905 1524 2960 mala
1565 2903 1808 2959 facienda
1834 2903 1929 2958 ad-

349 3004 518 3068 ducit,
552 3002 623 3054 ita
649 3009 701 3054 et
729 2999 1068 3054 abundantia.

422 3093 478 3147 ‘2.
525 3091 674 3147 Multi
716 3091 857 3146 enim
884 3106 1045 3160 saepe,
1077 3104 1196 3144 cum
1224 3088 1288 3144 ad
1318 3088 1456 3143 hanc
1482 3102 1662 3143 rerum
1705 3086 1931 3142 affluen-

354 3186 482 3240 tiam
514 3183 915 3255 pervenissent,
942 3181 1195 3237 socordes
1237 3181 1357 3234 facti
1406 3189 1571 3248 sunt,
1607 3180 1934 3250 prosperita-

353 3287 572 3346 temque
598 3273 739 3329 ferre
774 3274 1083 3329 nescierunt
1117 3291 1128 3325 :
1161 3271 1340 3326 multis
1366 3286 1546 3325 rerum
1588 3271 1740 3341 copia
1783 3285 1937 3326 occa-

352 3371 563 3423 sionem
590 3366 834 3422 cessandi
863 3365 1032 3421 dedit.
1082 3364 1197 3419 Non
1240 3366 1310 3418 ita
1354 3363 1594 3418 Paulus:
1644 3379 1766 3418 nam
1816 3378 1938 3418 cum

355 3458 653 3528 acciperet,
685 3457 738 3510 in
775 3456 909 3510 alios
938 3455 1246 3511 insumebat
1270 3463 1322 3509 et
1347 3454 1673 3510 eﬁ'uudebat.
1708 3455 1819 3509 lloc
1847 3470 1940 3509 aus

360 3557 470 3603 tem
493 3555 581 3601 est
609 3547 747 3601 scire
776 3546 850 3599 uti
893 3560 955 3600 re
993 3559 1108 3600 sua.
1139 3544 1254 3600 Non
1284 3544 1590 3601 remittebat
1617 3546 1941 3615 diligentiam

364 3653 543 3703 suam,
572 3652 677 3689 non
700 3635 767 3691 de
786 3636 1107 3691 abundantia
1136 3651 1232 3691 sua
1253 3637 1551 3702 laetabatur,
1577 3636 1669 3691 sed
1697 3635 1941 3690 eumdem

367 3742 427 3781 se
458 3725 745 3797 prmSIabat
791 3725 847 3779 in
886 3734 1120 3795 egestate
1148 3734 1201 3779 et
1228 3726 1577 3791 abundantia,
1619 3742 1792 3796 neque
1820 3726 1947 3781 inde

368 3831 685 3888 oppressus,
707 3830 879 3886 neque
898 3814 1022 3870 hinc
1044 3814 1275 3871 inflatus.
1298 3816 1435 3882 Scio,
1466 3816 1656 3886 inquit,
1685 3829 1730 3870 el
1749 3817 1944 3882 satiari,

369 3918 416 3961 et
447 3908 672 3971 esurire;
697 3915 744 3959 et
763 3905 1041 3971 abundare,
1068 3914 1115 3961 et
1141 3907 1403 3974 penuriam
1443 3908 1570 3977 pati.
1620 3906 1765 3961 Multi
1796 3917 1940 3971 sunt,

369 3999 460 4065 qui
494 3996 743 4050 nesciunt
786 3995 1035 4061 saturari,
1067 3995 1511 4065 quemadmodum
1558 3995 1846 4062 lsraelitm;
1877 3996 1950 4051 illi

369 4087 514 4141 enim
544 4085 921 4150 comedebant,
947 4092 1001 4140 et
1026 4086 1375 4141 calcitrabant
1395 4084 1570 4158 (Deut.
1593 4086 1682 4142 '52.
1707 4086 1819 4155 15).
1846 4087 1953 4142 Sed

369 4179 639 4244 eamdem,
676 4178 867 4248 inquit,
896 4178 1321 4233 moderationem
1375 4193 1438 4233 ac
1473 4178 1727 4234 decorum
1774 4194 1952 4235 servo.

369 4270 621 4327 Ostendit
648 4286 820 4341 neque
844 4286 986 4326 nunc
1014 4287 1073 4326 se
1101 4272 1452 4340 voluptatem,
1483 4286 1655 4342 neque
1681 4281 1836 4328 antea
1861 4273 1958 4327 do-

370 4364 543 4428 lorem
573 4363 801 4430 cepisse,
852 4370 946 4416 aut
973 4362 1019 4417 si
1060 4362 1284 4432 ceperit,
1335 4378 1439 4417 non
1484 4378 1581 4417 sua
1630 4363 1833 4432 ipsius,
1862 4364 1957 4420 sed

375 4452 619 4520 ipsorum
645 4464 837 4505 causa:
872 4451 986 4522 ipse
1011 4453 1206 4522 quippe
1233 4453 1422 4508 eodem
1444 4468 1502 4508 se
1522 4453 1751 4508 habebat
1775 4454 1955 4508 modo.

384 4543 583 4610 Ubique
620 4544 751 4596 enim
774 4584 789 4607 ,
819 4555 864 4598 et
894 4546 947 4599 in
973 4546 1202 4599 omnibus
1227 4546 1486 4600 institutus
1512 4562 1643 4600 sum.
1673 4544 1732 4600 Id
1756 4554 1839 4601 est
1858 4587 1872 4613 ,
1906 4546 1959 4600 In

380 4633 486 4687 hoc
512 4633 670 4702 longo
698 4642 937 4702 tempore
956 4636 1189 4690 omnium
1214 4652 1391 4692 rerum
1414 4636 1795 4705 experientiam
1822 4637 1960 4707 cepi,

377 4732 542 4792 atque
578 4721 695 4777 hmc
723 4723 903 4778 omnia
931 4725 1059 4779 mihi
1086 4725 1224 4780 bene
1256 4735 1653 4795 processerunt.
1693 4725 1798 4782 Sed
1832 4743 1965 4796 quo-

377 4814 524 4867 niam
557 4813 606 4868 id
636 4816 1141 4885 magniloquentiam
1172 4818 1476 4883 redolebat,
1511 4819 1633 4874 vide
1681 4833 1785 4890 quo
1812 4828 1965 4889 pacto

378 4919 540 4971 quam
563 4905 791 4973 primum
814 4906 1048 4976 corrigat
1078 4926 1093 4963 :
1126 4908 1333 4976 Omnia,
1360 4910 1548 4979 inquit,
1575 4927 1778 4979 possum
1806 4914 1857 4965 in
1886 4928 1963 4978 eo,

346 4989 468 5065 'qui
495 5011 572 5048 me
611 5000 885 5067 confortat,
912 4998 1131 5053 Christo.
1158 5000 1274 5055 Non
1302 5001 1423 5068 hoc,
1450 5003 1639 5073 inquit,
1669 5019 1845 5058 meum
1876 5004 1966 5058 be‘

380 5086 652 5142 nefacmm
682 5097 784 5153 est,
815 5090 911 5146 sed
937 5092 1054 5161 ejus
1083 5094 1173 5161 qui
1202 5093 1342 5148 vires
1387 5093 1496 5148 dat.
1539 5094 1644 5148 Sed
1694 5094 1964 5164 quoniam,

377 5179 469 5248 qui
502 5178 865 5248 heuefaciunt,
890 5184 932 5236 si
955 5183 1174 5239 videant
1202 5200 1324 5239 eum
1349 5186 1436 5255 qui
1467 5186 1658 5256 accipit
1685 5202 1789 5240 non
1818 5186 1971 5241 valde

374 5268 551 5333 afﬁci,
584 5269 677 5324 sed
728 5270 1002 5341 despicere
1031 5287 1093 5327 ea
1133 5289 1254 5343 qua:
1297 5275 1514 5342 dantur,
1563 5277 1972 5347 negligentiores

377 5358 547 5421 ﬁunt;
581 5370 705 5415 tunc
730 5363 872 5416 enim
894 5364 1125 5419 libenter
1152 5366 1298 5430 dant,
1328 5382 1448 5421 cum
1474 5377 1657 5437 putant
1682 5383 1739 5423 se
1764 5379 1970 5440 gratmn

379 5449 703 5516 accipiendo
731 5452 906 5507 facere
926 5496 940 5518 ,
973 5455 1230 5525 illumque
1266 5474 1511 5515 recreare
1543 5479 1555 5513 :
1590 5477 1655 5516 ue
1682 5463 1799 5531 quis
1830 5463 1973 5517 dice-

380 5549 487 5604 ret,
526 5538 583 5592 Si
617 5539 718 5594 hoc
746 5543 993 5597 solatium
1020 5545 1248 5616 despicit
1280 5548 1476 5604 Paulus
1501 5590 1515 5615 ,
1548 5567 1767 5608 necesse
1797 5562 1878 5608 est
1922 5564 1975 5608 et

380 5630 483 5683 hos
527 5631 944 5700 negligentiores
994 5636 1107 5690 ﬁeri
1135 5654 1148 5701 ;
1181 5639 1302 5694 vide
1345 5642 1614 5708 quomodo
1643 5658 1826 5699 rursus
1852 5644 1974 5699 huic

380 5721 459 5775 rei
493 5722 794 5779 ntcdcatur.
826 5724 958 5781 Nam
987 5743 1051 5782 ex
1079 5730 1141 5785 iis
1180 5748 1297 5801 qua:
1324 5733 1549 5800 dixerat,
1594 5737 1826 5798 ipsorum
1861 5744 1968 5808 Spi-

2012 1798 2253 1855 dolorem
2280 1800 2554 1868 facerent;
2587 1812 2865 1873 propterea
2891 1803 3035 1860 fovet
3060 1815 3113 1859 et
3142 1808 3515 1877 complectitur
3539 1817 3598 1864 et

2014 1890 2217 1956 laudat,
2250 1907 2435 1947 verum
2483 1903 2538 1948 et
2589 1893 2690 1949 hoc
2737 1895 3032 1950 moderate.
3083 1896 3197 1951 Non
3246 1900 3388 1952 enim
3418 1898 3596 1965 dixit,

2018 1981 2235 2049 Dantes,
2266 1982 2381 2046 sed,
2417 1983 2859 2040 Communicantes
2883 2001 2903 2051 ,'
2933 1986 3221 2043 ostendens
3267 1988 3411 2058 ipsos
3437 1990 3596 2044 etiam

2019 2071 2224 2125 lucrum
2245 2070 2455 2139 fecisse,
2483 2074 2917 2145 quandoquidem
2947 2078 3283 2146 prmmiorum
3308 2077 3430 2133 facti
3447 2086 3601 2133 erant

2018 2164 2324 2235 participes.
2391 2164 2507 2219 Non
2558 2166 2724 2231 dixit,
2779 2168 2949 2223 Leves
3002 2150 3292 2225 reddentes
3335 2186 3601 2225 aerumnas

2022 2272 2201 2322 meas,
2234 2256 2326 2312 sed
2351 2299 2367 2325 ,
2424 2258 2860 2315 Communicantes
2903 2262 3213 2316 tribulationi
3259 2278 3415 2327 metu;
3460 2262 3602 2334 quod

2021 2349 2233 2418 quidem
2259 2350 2471 2419 gravius
2497 2365 2561 2405 ac
2593 2350 2868 2407 decentius
2892 2362 3030 2408 erat.

2094 2438 2251 2493 Pauli
2274 2440 2553 2495 humilitas.
2570 2471 2643 2482 —
2665 2442 2824 2497 Vides
2851 2443 2999 2497 Pauli
3031 2442 3425 2499 humilitatem?
3457 2447 3604 2501 vides

2024 2531 2261 2585 animum
2308 2533 2668 2602 generosum?
2718 2535 3003 2604 Postquam
3034 2535 3269 2591 ostendit
3308 2552 3368 2592 se
3396 2538 3605 2593 illorum

2024 2624 2213 2693 Opibus
2239 2639 2334 2677 sua
2360 2639 2518 2679 causa
2563 2625 2783 2680 minimc
2832 2642 3025 2697 egere,
3059 2635 3183 2683 tunc
3220 2628 3331 2694 jam
3383 2627 3608 2684 ﬁdenter

2026 2713 2244 2772 humiiia
2275 2716 2434 2774 etiam
2465 2714 2673 2790 profert
2700 2716 2883 2786 verba,
2929 2727 3090 2791 atque
3120 2718 3185 2777 ad
3208 2734 3274 2776 ea
3302 2718 3603 2786 descendit,

2028 2811 2218 2881 quibus
2252 2811 2480 2867 mendici
2509 2821 2752 2879 utuntur,
2780 2812 2912 2880 Qua:
2946 2823 3032 2868 tua
3061 2824 3144 2869 est
3179 2815 3340 2870 dandi
3380 2832 3608 2871 consue—

2032 2903 2177 2957 tudo.
2200 2902 2345 2957 Nihil
2375 2904 2518 2959 enim
2548 2912 2760 2959 recusat
2785 2905 2868 2958 vel
2900 2903 3079 2960 facere
3112 2906 3192 2960 vel
3225 2906 3425 2974 dicere,
3452 2908 3609 2962 dum-

2032 2992 2194 3048 modo
2220 2993 2361 3063 quod
2390 2995 2502 3047 vult
2523 3004 2670 3049 recte
2695 2993 2961 3049 conﬁciat.
2986 2995 3120 3063 Quid
3153 3006 3328 3050 autem
3360 2997 3461 3051 hoc
3489 3007 3570 3053 est
3589 2998 3614 3049 ‘t
3654 3014 3659 3019 ·

2034 3084 2112 3139 Ne
2144 3086 2359 3153 putetis,
2390 3086 2581 3156 inquit,
2641 3086 2987 3156 impudentia:
3032 3086 3194 3141 fuisse
3224 3087 3380 3142 verba
3407 3127 3422 3152 ,
3471 3087 3615 3158 quod

2036 3177 2359 3248 objurgarim
2388 3191 2449 3231 ac
2473 3177 2727 3242 dixerim,
2759 3177 3045 3249 Aliquando
3073 3176 3273 3232 tandem
3297 3178 3615 3247 reﬂoruistis;

2038 3283 2211 3338 neque
2240 3269 2398 3321 etiam
2428 3268 2764 3322 necessitatis
2788 3284 2801 3320 :
2826 3282 2933 3321 non
2964 3269 3105 3323 enim
3136 3269 3275 3337 quod
3297 3284 3481 3338 egeam
3505 3269 3619 3323 tunc

2039 3359 2180 3422 dico,
2216 3359 2310 3414 sed
2338 3358 2501 3428 quid?
2529 3359 2606 3413 Eo
2632 3359 2774 3428 quod
2806 3359 2955 3413 vobis
2980 3359 3133 3414 valde
3154 3360 3439 3425 conﬁdam,
3462 3371 3622 3430 atque

2043 3449 2201 3518 hujus
2255 3448 2487 3503 ﬁdentia:
2531 3464 2627 3502 vos
2676 3458 2926 3504 auctores
2954 3450 3103 3505 estis.
3155 3449 3314 3505 Vides
3356 3453 3624 3521 quomodo

2044 3543 2192 3613 ipsos
2230 3549 2382 3595 curet
2415 3549 2469 3595 et
2496 3541 2702 3595 leniat?
2746 3540 2803 3596 ln
2841 3541 2996 3597 vobis
3020 3582 3034 3607 ,
3066 3542 3269 3611 inquit,
3315 3556 3474 3597 causa
3503 3554 3581 3597 est
3608 3584 3622 3605 ,

2046 3633 2137 3703 qui
2164 3641 2288 3686 ante
2312 3631 2444 3686 alios
2470 3630 2536 3685 ad
2563 3630 2701 3686 hanc
2728 3646 2841 3687 rem
2870 3631 3172 3697 accurritis,
3200 3646 3262 3686 ac
3285 3632 3439 3686 nobis
3462 3631 3627 3686 ﬁden-

2048 3726 2175 3780 tiam
2202 3724 2362 3790 datis,
2393 3733 2450 3778 ut
2478 3740 2564 3779 res
2596 3722 2900 3794 hujusmodi
2932 3724 3083 3779 vobis
3127 3724 3179 3778 in
3208 3724 3517 3778 memoriam
3546 3739 3629 3778 re-

2049 3816 2310 3887 digamus.
2341 3817 2409 3871 Et
2436 3815 2555 3871 vide
2576 3816 2890 3886 gravitatem
2924 3831 2938 3871 :
2968 3814 3094 3870 dum
3126 3830 3231 3869 non
3261 3817 3500 3879 mittunt,
3532 3814 3635 3869 mi~

2052 3910 2193 3963 nime
2213 3908 2475 3978 objurgat,
2501 3922 2568 3962 ne
2590 3907 2832 3961 videatur
2846 3921 2995 3961 suam
3013 3922 3229 3961 causam
3259 3922 3417 3975 agere
3437 3923 3451 3967 ;
3478 3915 3622 3975 post-

2052 4014 2211 4067 quam
2241 4015 2369 4053 vero
2392 3998 2666 4061 miserant,
2702 4005 2828 4050 tunc
2857 4011 2951 4050 eos
2978 3996 3045 4050 de
3084 3998 3357 4065 prmterito
3394 4006 3636 4066 tempore

2054 4091 2379 4160 objurgavit;
2414 4099 2572 4158 atque
2596 4088 2667 4141 illi
2690 4102 2843 4157 reque
2865 4087 3043 4140 animo
3066 4087 3302 4141 tulerunt
3329 4105 3340 4141 :
3363 4089 3471 4156 jam
3493 4088 3635 4142 enim

2058 4185 2273 4237 minime
2304 4182 2582 4236 videbatur
2605 4194 2761 4234 suum
2793 4179 3065 4249 negotium
3092 4193 3302 4248 gerere.
3336 4180 3423 4234 15.
3458 4180 3635 4245 Scitis,

2058 4273 2229 4343 inquit
2247 4315 2260 4339 ,
2293 4284 2340 4326 et
2369 4289 2454 4327 vos
2489 4267 2845 4340 Pliilippenses
2864 4310 2879 4335 ,
2912 4270 3046 4337 quod
3074 4269 3126 4322 in
3154 4270 3401 4341 principio
3426 4287 3641 4342 evangeo

2061 4368 2149 4431 lii,
2190 4367 2393 4436 quando
2434 4367 2693 4435 profectus
2718 4380 2832 4417 sum
2873 4379 2906 4416 a
2936 4360 3282 4430 Macedonia,
3333 4366 3477 4418 nulla
3517 4365 3641 4419 mihi

2066 4459 2291 4512 Ecclesia
2323 4456 2709 4511 communicavit
2742 4454 2795 4507 in
2826 4454 3023 4507 ratione
3048 4453 3158 4506 dati
3186 4462 3232 4506 et
3270 4455 3464 4523 accepti
3488 4495 3503 4520 ,
3542 4455 3643 4509 nisi

2062 4567 2148 4605 vos
2180 4550 2295 4603 soli.
2327 4548 2513 4617 Papae!
2547 4554 2803 4617 quantum
2849 4544 3182 4600 eneomium!
3232 4543 3494 4613 siquidem
3537 4543 3644 4599 Co-

2065 4640 2280 4705 rinthii,
2328 4639 2559 4707 itemque
2593 4636 2858 4700 Romani,
2906 4650 2972 4690 eo
3013 4635 3151 4706 quod
3192 4634 3377 4690 isthmc
3421 4634 3491 4690 ab
3530 4635 3645 4704 ipso

2067 4731 2359 4791 audissent,
2393 4729 2681 4783 invitantur
2726 4749 2738 4785 :
2769 4727 2821 4782 hi
2853 4743 2981 4782 vero
3007 4743 3129 4783 cum
3163 4728 3307 4783 nulla
3333 4726 3506 4781 adhuc
3538 4727 3643 4782 Ec-

2067 4823 2226 4879 clesia
2255 4820 2504 4890 coepisset
2523 4860 2536 4884 ,
2566 4819 2733 4890 inquit
2781 4821 2919 4874 enim
2944 4861 2959 4884 ,
2989 4819 3055 4873 In
3085 4820 3337 4891 principio
3383 4818 3644 4890 evangelii,

2070 4924 2267 4969 tantam
2308 4926 2429 4983 erga
2479 4920 2719 4966 sanctum
2749 4910 2890 4964 hunc
2918 4911 3270 4965 ostenderunt
3309 4910 3469 4962 animi
3518 4924 3647 4978 pro-

2072 5004 2381 5074 pensionem
2421 5016 2483 5055 ac
2507 5001 2774 5063 studium,
2809 5006 2866 5052 ut
2907 5014 3027 5052 cum
3087 4999 3291 5052 nullum
3341 4999 3643 5066 exemplum

2075 5093 2406 5164 propositum
2435 5090 2712 5154 haberent,
2749 5088 2846 5156 ipsi
2877 5088 3031 5155 primi
3063 5087 3186 5141 huic
3213 5088 3429 5142 ferendo
3457 5089 3649 5143 fructui

2076 5189 2280 5242 initium
2304 5189 2510 5243 darent.
2540 5187 2723 5256 Neque
2748 5182 3029 5237 dicendum
3054 5191 3137 5236 est
3162 5183 3273 5237 haec
3296 5183 3414 5237 illos
3438 5183 3647 5246 fecisse,

2075 5281 2217 5350 quod
2249 5280 2440 5333 Paulus
2483 5279 2619 5346 apud
2651 5291 2709 5330 se
2752 5282 3022 5337 maneret,
3075 5282 3232 5343 atque
3274 5274 3649 5329 beneﬁciorum

2077 5387 2233 5427 causa
2262 5385 2377 5439 qua:
2413 5367 2480 5421 ab
2508 5369 2621 5434 ipso
2649 5365 2954 5432 acciperent
2987 5382 3000 5417 :
3030 5363 3197 5432 inquit
3226 5365 3388 5428 enim,
3435 5366 3657 5431 Quando

2083 5465 2334 5534 profectus
2360 5476 2471 5514 sum
2502 5477 2533 5512 ιι
2564 5456 2887 5517 Macedonia,
2918 5457 3061 5509 nulla
3102 5457 3226 5509 milii
3253 5456 3479 5508 Ecclesia
3519 5472 3654 5509 coms

2078 5552 2354 5606 mmticorit
2386 5551 2436 5600 in
2462 5549 2653 5600 ratione
2680 5547 2786 5598 dati
2817 5557 2861 5599 ct
2893 5548 3106 5615 accepti,
3138 5546 3235 5598 nisi
3261 5561 3345 5598 vos
3374 5546 3488 5598 soli.
3519 5546 3657 5614 Quid

2081 5657 2182 5703 est,
2216 5639 2454 5707 Accepti?
2481 5639 2605 5706 quid
2644 5651 2773 5690 vero
2813 5650 2892 5690 est
2918 5679 2931 5702 ,
2965 5635 3399 5691 Commuuicuvit?
3425 5652 3520 5689 cur
3550 5642 3653 5690 non

2083 5737 2235 5799 dixit,
2266 5731 2470 5786 Nullam
2501 5727 2601 5783 sibi
2633 5726 2919 5782 Ecclesium
2947 5726 3185 5794 dedisse,
3217 5724 3306 5780 sed
3327 5765 3341 5793 ,
3372 5723 3659 5780 Communi—
