4026 6148
361 389 455 443 29]
511 408 515 416 -
1117 373 1171 428 S.
1213 367 1488 426 JOANNIS
1523 363 1998 423 CIIRYSOSTOMI
2039 364 2354 422 ARCHIEP.
2395 362 2923 421 CONSTANTINOP.
3542 353 3650 410 292

368 502 496 558 cavit
527 499 579 554 in
605 491 800 552 ratione
826 492 930 546 dati
971 499 1018 546 el
1044 485 1275 555 accepti?
1305 483 1412 538 Res
1445 482 1588 537 enim
1639 481 1754 534 lure
1796 493 1946 534 com«

367 588 660 647 municatio
688 583 930 656 quaedam
973 586 1075 633 est.
1116 577 1245 630 Nam
1279 574 1341 628 Si
1371 590 1496 640 nos,
1545 572 1716 639 inquit
1746 610 1760 636 ,
1809 568 1950 622 vobis

367 679 656 752 spiritualia
675 673 1048 733 seminavimus,
1078 667 1202 737 quid
1229 680 1486 734 magnum,
1511 665 1556 718 si
1580 678 1671 715 nos
1716 658 1950 713 carnalia

367 749 530 826 uestra
563 777 805 821 metamus
853 763 928 834 (l.
981 760 1099 815 Cor.
1129 759 1184 814 9.
1219 756 1359 826 ll)?
1402 763 1456 810 et
1511 767 1731 817 rursus,
1773 749 1950 804 Vestra

369 859 700 922 abundantia,
733 865 787 908 ut
823 854 1028 907 illorum
1067 849 1293 919 inopiam
1334 844 1566 916 suppleat
1593 843 1676 916 (2.
1724 841 1843 895 Cor.
1894 840 1950 894 8.

369 949 480 1019 14).
518 949 677 1002 Vides
717 943 988 1016 quomodo
1038 936 1587 1000 communicaveriut,
1648 934 1702 987 in
1746 932 1952 985 ratione

371 1039 499 1104 dati,
555 1035 731 1092 dando
782 1032 1057 1096 carnalia,‘
1097 1038 1152 1084 et
1199 1029 1252 1082 in
1300 1027 1510 1081 ratione
1563 1023 1808 1092 accepti,
1858 1035 1952 1075 ac-

372 1130 621 1201 cipiendo
639 1125 972 1198 Spiritualia?
1001 1124 1212 1178 Etenim
1241 1118 1690 1190 quemadmodum
1713 1114 1951 1170 venden-

373 1233 457 1280 tes
482 1231 536 1278 et
565 1229 807 1276 ementes
833 1217 970 1272 inter
987 1230 1047 1270 se
1075 1211 1492 1277 communicant,
1523 1210 1662 1264 alter
1689 1209 1757 1263 ab
1784 1207 1955 1260 altero

375 1314 608 1369 vicissim
638 1309 906 1379 accipiens
931 1315 986 1362 et
1023 1306 1197 1371 dans;
1230 1304 1333 1358 hoc
1355 1303 1497 1357 enim
1529 1309 1612 1354 est
1653 1296 1954 1354 communi-

373 1404 516 1460 catio
548 1423 561 1458 :
591 1403 660 1456 ita
691 1415 819 1455 sane
848 1408 903 1453 et
942 1397 996 1452 in
1028 1396 1128 1452 hac
1163 1411 1242 1451 re.
1286 1395 1429 1450 Nihil
1474 1393 1639 1459 enim,
1686 1391 1816 1446 nihil
1859 1391 1958 1445 hac

379 1493 740 1564 negmiatione
783 1499 836 1544 et
866 1498 1168 1544 mercatura
1197 1495 1279 1542 est
1302 1486 1659 1556 qumstuosius
1689 1499 1704 1538 :
1734 1498 1856 1536 nam
1899 1480 1959 1535 lit

375 1587 590 1659 quidem
617 1585 669 1640 in
703 1595 864 1647 terra,
913 1582 1190 1652 perﬁcitur
1216 1588 1394 1633 autem
1438 1578 1490 1632 iu
1523 1577 1655 1632 cazlo
1692 1595 1704 1629 :
1750 1583 1804 1630 et
1842 1588 1955 1629 em-

376 1692 558 1751 ptores
582 1677 793 1748 quidem
814 1676 865 1730 in
894 1684 1033 1729 terra
1061 1683 1218 1736 sunt;
1242 1679 1426 1726 emunt
1455 1684 1584 1724 vero
1606 1678 1660 1729 et
1681 1667 1958 1738 paciscun-

378 1781 464 1826 tur
489 1786 550 1825 ea
580 1784 698 1838 quae
732 1768 782 1820 in
802 1766 968 1829 czelis,
1002 1775 1216 1818 terreno
1239 1761 1486 1833 deposito
1514 1760 1704 1829 pretio.

450 1861 505 1915 5.
547 1859 745 1913 Verum
774 1871 879 1909 non
919 1853 1168 1928 desperet
1197 1852 1502 1928 quispiam:
1544 1865 1648 1903 non
1695 1858 1820 1902 sunt
1845 1862 1952 1902 οπο

376 1953 532 2007 lestia
560 1947 804 2019 pecuniis
854 1944 1123 2020 proposita
1153 1943 1369 2011 venalia
1401 1954 1415 1995 :
1447 1955 1551 1995 non
1595 1940 1682 1994 illa
1720 1939 1958 2009 pecunia:

376 2050 584 2106 emunt,
626 2040 720 2095 sed
763 2039 955 2093 cloelio
984 2045 1144 2106 atque
1191 2035 1401 2089 animus
1445 2033 1676 2086 hominis
1705 2032 1958 2102 pecunias

375 2133 707 2213 projicientis
730 2173 745 2198 ,
777 2130 869 2185 sed
902 2127 1235 2198 philosophia
1256 2169 1270 2193 ,
1297 2125 1632 2180 smcularium
1662 2139 1841 2178 rerum
1865 2123 1958 2176 de-

374 2238 610 2299 spectus,
643 2224 974 2288 humanitas,
1006 2219 1392 2278 misericordia.
1423 2217 1722 2287 Caeteroqui
1750 2257 1764 2282 ,
1792 2215 1836 2269 si
1873 2229 1958 2268 ar-

374 2327 537 2388 gento
585 2323 912 2379 emerentur,
959 2326 1076 2382 quae
1114 2311 1222 2364 duo
1253 2311 1455 2366 minuta
1507 2308 1736 2380 projecit
1781 2305 1954 2379 (Luc.

373 2411 438 2470 2|
471 2411 510 2474 ),
540 2408 674 2462 nihil
704 2420 836 2460 sane
863 2417 1112 2471 magnum
1139 2401 1432 2470 accepisset
1458 2419 1471 2455 :
1539 2414 1682 2457 nunc
1704 2398 1955 2468 quoniam

374 2516 484 2560 non
511 2505 810 2568 argentum,
840 2494 935 2548 sed
956 2493 1151 2548 electio
1173 2493 1309 2550 hanc
1325 2493 1432 2545 vim
1459 2491 1708 2557 habebat,
1740 2503 1957 2544 omnem

375 2592 466 2650 illa
517 2591 678 2644 animi
728 2585 1140 2656 propensionem
1186 2583 1456 2646 alit-rens,
1500 2583 1679 2637 omnia
1727 2587 1955 2648 accepit.

375 2683 560 2751 Itaque
603 2695 674 2734 ne
717 2678 958 2731 dicamus
988 2674 1228 2744 pecuniis
1259 2689 1477 2742 regnum
1527 2672 1672 2735 emi;
1720 2687 1827 2725 non
1867 2686 1958 2740 pe-

374 2771 569 2838 cuniis,
596 2767 691 2824 sed
725 2767 988 2822 electione
1010 2773 1063 2819 et
1091 2765 1364 2817 voluntate
1384 2803 1398 2828 ,
1432 2778 1551 2832 qua:
1582 2776 1674 2830 per
1703 2761 1957 2830 pecunias

373 2861 678 2916 exhibetur.
746 2858 888 2927 Ergo
927 2869 1062 2928 opus
1105 2862 1226 2919 est,
1277 2853 1492 2929 inquis,
1549 2851 1792 2906 divitiis?
1839 2850 1957 2905 Non

374 2949 579 3008 divitiis
613 2961 750 3018 Opus
773 2954 891 3011 est,
924 2943 1017 3000 sed
1046 2953 1192 3004 certa
1221 2942 1492 2997 voluntate
1540 2959 1554 2994 :
1601 2941 1644 2996 si
1693 2944 1833 2994 hanc
1861 2939 1959 2994 ba-

373 3043 502 3103 beas
528 3083 541 3105 ,
576 3041 660 3096 vel
704 3037 912 3094 duobus
956 3036 1175 3090 minutis
1212 3031 1416 3104 poteris
1461 3047 1682 3104 regnum
1728 3047 1954 3099 emere;

373 3137 456 3190 sin
486 3135 684 3199 minus,
723 3145 896 3200 neque
930 3128 1080 3183 mille
1104 3128 1220 3181 auri
1249 3127 1449 3181 talenta
1492 3124 1822 3179 tantumdem
1860 3140 1959 3196 po-

372 3235 554 3282 terunt
578 3263 594 3290 ,
623 3237 687 3276 ac
715 3221 820 3276 duo
851 3220 1054 3274 minuta
1095 3226 1338 3288 possunt.
1373 3215 1523 3272 Cur?
1549 3215 1810 3284 Quoniam
1833 3232 1956 3272 cum

373 3317 538 3373 multa
560 3314 761 3368 habens
783 3311 1030 3382 pauciora
1055 3309 1251 3364 dedisti
1275 3349 1291 3373 ,
1319 3307 1716 3379 cleemosynam
1740 3306 1953 3377 quidem

372 3411 568 3476 fecisti,
593 3408 686 3464 sed
715 3423 820 3463 non
845 3414 1042 3460 tantam
1066 3412 1318 3474 quantam
1342 3402 1499 3457 vidua
1529 3401 1640 3456 illa.
1669 3400 1783 3455 Non
1811 3400 1956 3456 enim

375 3512 576 3558 tantam
627 3478 915 3554 adhibuisti
947 3497 1282 3551 alacritatem
1327 3503 1381 3550 et
1428 3494 1591 3548 animi
1641 3494 1958 3566 pr0pensio-

374 3609 519 3660 nem,
541 3602 699 3665 atque
726 3590 814 3642 illa
839 3605 851 3641 :
880 3589 968 3641 illa
995 3588 1138 3641 enim
1165 3586 1345 3642 omnia
1373 3585 1473 3645 sibi
1494 3585 1747 3647 abstulit;
1777 3585 1958 3655 potius

378 3696 558 3740 autem
610 3698 716 3736 non
770 3681 1025 3742 abstulit,
1077 3680 1172 3732 sed
1207 3679 1386 3734 omnia
1430 3677 1533 3732 sibi
1583 3677 1684 3746 ipsi
1715 3677 1955 3734 donavit.

374 3777 490 3832 Non
531 3775 673 3829 enim
718 3772 895 3826 aureis
932 3771 1144 3831 talentis
1183 3785 1402 3838 regnum
1443 3777 1629 3838 pactus
1669 3779 1753 3824 est
1793 3770 1956 3838 Deus,

379 3868 471 3922 sed
503 3864 664 3919 animi
698 3863 1090 3934 propensione;
1125 3876 1230 3914 non
1276 3869 1449 3913 morte
1471 3901 1486 3925 ,
1530 3859 1622 3915 sed
1653 3861 1955 3918 electione:

379 3976 485 4015 non
527 3958 668 4014 enim
715 3953 870 4009 valde
919 3968 1167 4020 magnum
1214 3962 1315 4008 est.
1367 3951 1504 4021 Quid
1550 3951 1691 4006 enim
1733 3961 1816 4008 est
1845 3955 1960 4008 ani-

378 4069 520 4108 mam
563 4065 719 4104 unam
746 4046 912 4102 dare?
940 4044 1114 4100 Unum
1158 4043 1428 4097 hominem
1456 4042 1605 4097 dedit
1633 4060 1646 4106 ;
1680 4059 1819 4097 unus
1861 4059 1957 4100 au-

379 4155 484 4200 tem
517 4143 677 4196 homo
705 4156 808 4194 non
841 4154 937 4208 par
965 4137 1196 4208 pretium
1243 4144 1345 4190 est.
1396 4135 1484 4190 l6.
1535 4135 1672 4202 Quia
1705 4147 1750 4189 et
1791 4137 1834 4190 Τ
1839 4140 1955 4191 hes-

380 4234 662 4288 salonicam
701 4229 853 4283 semel
878 4268 893 4293 ,
927 4237 971 4280 et
1002 4227 1075 4280 bis
1105 4227 1157 4279 in
1181 4241 1303 4278 usus
1338 4225 1461 4278 mihi
1495 4225 1719 4280 misistis.
1750 4225 1958 4288 Rursus

383 4337 630 4392 magnum
657 4318 958 4375 encomium
988 4334 1002 4370 :
1033 4314 1462 4386 quandoquidem
1482 4357 1494 4380 ,
1519 4330 1639 4368 cum
1673 4315 1726 4369 in
1757 4328 1959 4371 metro-

379 4414 486 4484 poli
514 4419 677 4474 esset,
703 4409 769 4462 ab
782 4409 970 4478 exigua
994 4416 1170 4460 tamen
1193 4405 1408 4460 civitate
1428 4405 1689 4460 alebatur.
1722 4406 1786 4460 Et
1813 4405 1954 4472 vide;

377 4519 444 4559 ne
474 4510 730 4573 perpetuo
758 4514 817 4554 se
845 4513 912 4553 ex
940 4497 1257 4552 necessitate
1284 4495 1524 4551 eximens
1545 4537 1560 4562 ,
1595 4496 1740 4568 ipsos
1765 4539 1780 4564 ,
1812 4498 1954 4568 quod

376 4603 530 4649 antea
581 4591 865 4656 dicebam,
916 4588 1326 4658 negligentiores
1375 4587 1667 4656 redderet,
1698 4606 1821 4652 cum
1875 4601 1955 4647 tot

379 4685 554 4742 modis
580 4681 906 4738 ostendisset
947 4693 1005 4734 se
1047 4695 1152 4734 non
1199 4694 1394 4749 egere;
1428 4695 1568 4735 nunc
1597 4697 1662 4737 ex
1703 4681 1806 4736 hoc
1835 4683 1953 4738 solo

379 4779 430 4834 id
479 4775 820 4832 manifestum
851 4770 1008 4836 fecit,
1062 4772 1133 4826 ita
1161 4772 1411 4826 nimirum
1443 4773 1627 4828 dicens
1650 4815 1663 4837 ,
1715 4772 1780 4827 In
1812 4791 1950 4828 usus.

375 4872 490 4928 Non
521 4869 666 4924 enim
695 4866 864 4932 dixit,
895 4865 1058 4930 Meos,
1093 4865 1184 4919 sed
1218 4874 1421 4922 tantum
1443 4907 1458 4930 ,
1498 4864 1561 4918 In
1590 4882 1710 4919 usus
1732 4906 1746 4934 ,
1780 4868 1955 4936 gravia

377 4965 500 5016 tatis
527 4961 730 5015 scilicet
758 4968 811 5013 et
841 4956 1021 5012 decori
1054 4957 1315 5012 rationem
1345 4957 1546 5010 habens
1570 4997 1585 5020 ,
1619 4971 1727 5010 non
1757 4971 1818 5012 ex
1850 4957 1954 5013 hoc

374 5054 524 5115 solo,
557 5051 649 5106 sed
676 5051 836 5107 etiam
879 5064 945 5103 ex
975 5062 1040 5102 eo
1067 5047 1206 5122 quod
1245 5047 1513 5114 sequitur.
1546 5045 1675 5100 Nam
1704 5047 1955 5116 quoniam

377 5141 430 5196 id
459 5141 658 5195 humile
687 5139 938 5210 quiddam
967 5152 1088 5193 esse
1128 5151 1233 5192 non
1263 5137 1542 5208 ignorabat
1569 5177 1583 5202 ,
1615 5152 1800 5192 rursus
1831 5152 1955 5192 cor-

375 5232 614 5288 rectione
659 5231 886 5301 quadam
934 5230 1271 5286 communit:
1304 5227 1519 5284 l7.Non
1565 5230 1702 5300 quod
1745 5246 1952 5299 quaero,

375 5321 586 5392 inquit,
616 5321 792 5375 datum
815 5339 834 5378 :
877 5321 1018 5392 quod
1044 5331 1198 5376 antea
1226 5319 1454 5386 dixerat,
1484 5319 1604 5376 Non
1637 5323 1783 5391 quasi
1832 5339 1954 5392 pro-

375 5426 485 5486 pter
500 5413 762 5484 penuriam
787 5413 921 5479 dico,
947 5413 1084 5468 idem
1115 5413 1422 5482 signiﬁcans
1447 5431 1459 5466 :
1482 5429 1802 5485 quamquam
1826 5415 1954 5470 illud

376 5507 547 5575 majus
576 5514 697 5569 est,
747 5518 905 5573 quam
939 5505 1058 5558 hoc.
1092 5503 1252 5558 Aliud
1283 5505 1426 5559 enim
1457 5515 1534 5558 est
1559 5547 1573 5571 ,
1624 5521 1745 5560 cum
1773 5505 1954 5571 desit,

375 5612 480 5650 non
513 5609 792 5666 quaerere;
837 5591 1012 5658 aliud,
1044 5608 1164 5648 cum
1194 5594 1334 5648 desit
1359 5636 1372 5658 ,
1422 5611 1490 5650 ne
1520 5595 1708 5652 deesse
1736 5596 1953 5670 quidem

376 5696 586 5765 pultare.
619 5685 742 5740 Non
768 5684 905 5754 quod
932 5700 1126 5755 quam,
1158 5685 1328 5756 inquit
1347 5727 1361 5752 ,
1391 5687 1567 5742 datum
1592 5730 1606 5754 ,
1637 5690 1725 5743 sed
1755 5691 1952 5759 requiro

377 5783 594 5848 fructum
618 5777 957 5834 abundantem
987 5778 1038 5832 in
1069 5778 1312 5834 rationem
1341 5790 1586 5852 vestram,
1618 5799 1723 5842 non
1747 5801 1942 5846 meatu.

2063 478 2224 534 Vides
2254 479 2486 534 fructum
2519 479 2624 533 illis
2653 478 2875 548 colligi?
2904 477 3019 534 Non
3049 491 3166 538 mea
3187 516 3205 544 ,
3237 478 3432 548 inquit,
3463 493 3649 545 causa.

2060 571 2154 625 sed
2183 579 2357 626 vestra
2389 569 2504 624 haec
2525 570 2667 635 dico,
2701 569 2768 623 ad
2798 577 3033 624 vestram
3064 567 3292 623 salutem
3326 586 3340 623 :
3375 584 3475 639 ego
3505 571 3650 625 enim

2059 662 2184 716 dum
2212 662 2419 732 accipio
2443 704 2458 728 ,
2489 661 2621 715 nihil
2649 662 2866 724 lucror;
2897 662 3064 731 gratia
3094 660 3338 716 dantium
3367 671 3471 717 est.
3507 663 3646 716 Dan-

2061 753 2202 808 tibus
2233 753 2378 808 enim
2423 753 2530 807 illic
2558 761 2641 807 est
2688 752 2921 822 reposita
2952 767 3161 808 merces
3191 793 3206 818 ,
3252 753 3642 822 accipientibus

2059 859 2188 898 vero
2237 843 2321 898 hic
2364 854 2758 898 consumuntur
2785 859 2905 914 qua:
2933 845 3225 914 accipiunt.
3279 845 3489 900 Rursus
3522 862 3645 902 cum

2059 936 2321 1000 encomio,
2358 945 2412 991 et
2435 936 2666 1006 quodam
2696 937 2953 1006 egestatis
2983 951 3166 991 sensu.
3217 937 3351 992 Nam
3381 941 3640 1009 quoniam

2059 1026 2288 1094 dixerat,
2329 1027 2446 1083 Non
2469 1044 2641 1099 quiero
2665 1044 2684 1092 ;
2713 1043 2780 1083 ne
2809 1043 2998 1083 rursus
3024 1029 3441 1099 negligentiores
3465 1030 3646 1101 faciat,

2063 1119 2256 1190 inquit,
2305 1119 2394 1176 18.
2446 1119 2633 1190 Recepi
2660 1129 2830 1174 autem
2870 1121 3061 1186 omnia,
3091 1131 3137 1176 et
3166 1121 3389 1177 abundo.
3437 1121 3493 1177 Id
3523 1134 3643 1192 est,

2061 1227 2158 1282 per
2179 1212 2282 1267 hoc
2301 1212 2500 1268 donum
2533 1228 2650 1283 qua:
2675 1214 2834 1268 etiam
2859 1214 3056 1270 omissa
3079 1215 3284 1275 fuerant
3307 1217 3642 1287 explevistis:

2061 1304 2203 1373 quod
2235 1303 2446 1359 illorum
2479 1305 2709 1362 maxime
2755 1305 2980 1362 incitare
3023 1306 3358 1368 alacritatem
3403 1317 3636 1378 poterat,

2060 1393 2193 1450 Nam
2214 1395 2304 1466 qui
2332 1395 2708 1463 benefaciunt,
2737 1404 2936 1466 quanto
2964 1396 3193 1465 majores
3220 1396 3272 1453 in
3300 1393 3638 1466 philosophia

2061 1500 2380 1556 progressus
2429 1485 2710 1552 fecerunt,
2744 1502 2810 1541 eo
2836 1487 3004 1557 magis
3035 1488 3258 1557 cupiunt
3285 1502 3381 1543 eos
3406 1528 3423 1554 ,
3457 1488 3646 1558 quibus

2061 1576 2462 1644 benefecerunt,
2496 1592 2616 1632 esse
2643 1585 2844 1647 gratos.
2879 1577 3068 1647 Recepi
3101 1579 3271 1632 omnia
3297 1618 3315 1646 ,
3346 1588 3394 1632 et
3421 1579 3642 1635 abundo.

2063 1666 2293 1722 Perinde
2318 1682 2381 1722 ac
2411 1668 2456 1722 si
2482 1667 2684 1722 diceret
2711 1684 2725 1722 :
2753 1683 2858 1722 non
2886 1669 3056 1722 solum
3085 1683 3204 1738 quae
3226 1670 3498 1738 praeterito
3517 1681 3650 1725 tem-

2063 1773 2193 1828 pore
2223 1759 2420 1815 omissa
2449 1759 2678 1827 fuerant,
2711 1759 3043 1828 explevistis,
3075 1761 3168 1815 sed
3197 1761 3357 1816 etiam
3387 1762 3644 1832 majorem

2062 1850 2116 1904 in
2148 1850 2364 1905 modum
2391 1851 2700 1920 explevistis
2720 1891 2735 1916 ,
2767 1861 2927 1921 atque
2956 1851 3312 1907 exuberastis.
3353 1853 3556 1908 Deinde
3581 1869 3648 1910 ne

2063 1942 2166 1998 hoc
2191 1944 2293 1998 illis
2317 1944 2646 2014 exprobrare
2675 1944 2917 2000 videatur
2941 1985 2955 2009 ,
2987 1944 3110 2000 vide
3156 1945 3426 2015 quomodo
3471 1947 3644 2000 locum

2064 2036 2286 2090 muniat.
2320 2034 2582 2108 Quoniam
2626 2035 2874 2102 dixerat,
2908 2033 3031 2089 Non
3067 2035 3202 2106 quod
3231 2051 3403 2106 quer
3447 2036 3643 2101 datum,

2063 2136 2136 2193 et,
2161 2126 2384 2182 Tandem
2404 2125 2701 2200 aliquando,
2725 2135 2778 2181 et
2798 2125 3111 2182 ostenderat
3126 2125 3363 2181 debitum
3383 2127 3436 2181 id
3461 2126 3644 2183 fuisse:

2065 2219 2167 2275 hoc
2194 2220 2336 2279 enim
2360 2218 2654 2288 signiﬁcat,
2683 2219 2926 2287 ἀπέχω,ἰά
2957 2229 3039 2275 est
3059 2259 3074 2285 ,
3120 2220 3324 2290 recipio
3349 2219 3503 2289 quasi
3523 2234 3647 2274 cen-

2063 2325 2180 2365 sum
2206 2351 2222 2377 ,
2251 2319 2304 2364 et
2331 2309 2530 2364 fructus
2561 2325 2624 2364 ex
2653 2325 2782 2379 agro
2811 2328 2823 2362 :
2858 2325 3045 2371 rursus
3075 2311 3310 2371 ostendit
3348 2311 3496 2380 ipsos
3528 2311 3643 2380 plus

2063 2417 2220 2470 quam
2249 2401 2510 2460 deberent
2538 2401 2858 2470 praestitisse
2883 2440 2899 2466 ,
2929 2412 2983 2454 et
3016 2402 3187 2471 inquit
3216 2419 3230 2454 :
3265 2401 3452 2472 Recepi
3479 2412 3645 2455 autem

2064 2495 2255 2558 omnia,
2291 2503 2337 2547 et
2363 2492 2605 2558 abundo;
2633 2494 2854 2562 repletus
2891 2509 3022 2550 sum.
3072 2493 3186 2548 Non
3221 2493 3424 2563 absque
3447 2509 3643 2569 causa,

2064 2599 2240 2654 neque
2267 2599 2331 2638 ex
2358 2584 2519 2637 animi
2552 2583 2742 2638 affectu
2774 2583 2889 2639 haec
2915 2583 3069 2650 dico;
3103 2583 3197 2639 sed
3224 2585 3389 2656 quid?
3418 2585 3644 2656 Acceptis

2062 2675 2123 2729 ab
2154 2675 2502 2745 Epaphrodito
2517 2677 2870 2746 quwmisistis,
2898 2676 3104 2730 odorem
3120 2677 3401 2743 suavitatis,
3428 2678 3642 2736 hostiam

2061 2765 2438 2834 acceptabilem,
2469 2767 2749 2834 placentem
2773 2765 2896 2820 Deo.
2925 2766 3115 2836 Papae!
3141 2783 3247 2837 quo
3270 2768 3493 2822 istorum
3527 2783 3643 2822 mu-

2062 2872 2162 2910 nus
2187 2856 2397 2910 evexit!
2446 2855 2562 2910 Non
2595 2871 2695 2926 ego
2721 2899 2735 2921 ,
2771 2857 2960 2926 inquit,
3005 2859 3224 2926 accepi,
3257 2857 3350 2913 sed
3384 2858 3522 2912 Deus
3553 2871 3646 2928 per

2061 2963 2168 3002 me.
2211 2947 2570 3014 Quamobrem
2598 2989 2612 3015 ,
2641 2949 2850 3004 etiamsi
2878 2964 2984 3004 non
3013 2964 3201 3020 egeam
3222 2989 3237 3015 ,
3282 2965 3388 3004 non
3432 2949 3532 3006 hoc
3560 2958 3642 3004 ta-

2059 3054 2183 3094 men
2213 3047 2452 3108 spectate
2485 3055 2498 3090 :
2531 3053 2652 3092 nam
2686 3053 2858 3108 neque
2905 3038 3046 3093 Deus
3085 3040 3316 3108 egebat,
3365 3049 3419 3095 et
3464 3049 3642 3096 tamen

2061 3131 2310 3199 accepit:
2342 3130 2477 3185 adeo
2518 3137 2574 3184 ut
2601 3130 2779 3184 divina
2823 3129 3094 3200 Scriptura
3137 3146 3244 3184 non
3287 3130 3646 3192 reformidarit

2060 3223 2240 3278 dicere
2260 3263 2276 3288 ,
2313 3221 2568 3275 Odoratus
2596 3231 2666 3274 est
2691 3219 2943 3274 Dominus
2966 3221 3170 3278 odorem
3197 3221 3460 3274 suavitatis
3482 3219 3640 3289 (Gen.

2061 3316 2114 3372 8.
2152 3315 2233 3386 2.)
2261 3357 2276 3382 ,
2305 3313 2450 3392 quod
2475 3329 2603 3372 sane
2630 3315 2861 3370 lmtantis
2888 3323 2990 3370 est.
3029 3313 3202 3371 Nostis
3229 3313 3393 3378 enim,
3426 3314 3598 3371 nostis
3620 3355 3638 3383 ,

2059 3417 2316 3479 quantum
2345 3423 2410 3463 ex
2441 3407 2622 3467 odoris
2645 3408 2907 3462 suavitate
2937 3406 3193 3461 afliciatur
3223 3407 3398 3459 anima
3429 3415 3633 3471 nostra,

2060 3508 2314 3570 quantum
2339 3499 2688 3570 jucunditatis
2713 3509 2768 3554 et
2799 3499 3086 3568 voluptatis
3113 3498 3304 3566 capiat.
3353 3495 3466 3551 Non
3505 3511 3638 3568 ergo

2061 3592 2328 3646 recusavit
2352 3590 2629 3660 Scriptura
2656 3590 2877 3645 verbum
2901 3589 3035 3644 adeo
3055 3589 3343 3643 humanum
3365 3598 3524 3658 atque
3545 3587 3647 3643 hu-

2061 3684 2190 3738 mile
2221 3684 2331 3737 Deo
2361 3683 2598 3738 tribuere
2629 3699 2643 3738 :
2676 3691 2734 3736 ut
2763 3681 3070 3738 hominibus
3090 3683 3399 3737 ostenderet
3429 3691 3643 3752 accepta

2063 3775 2299 3846 ipsorum
2329 3775 2468 3829 dona
2515 3775 2677 3831 fuisse
2709 3792 2724 3829 :
2753 3790 2860 3830 non
2889 3775 3033 3830 enim
3082 3774 3239 3829 nidor
3269 3790 3442 3845 neque
3473 3775 3647 3837 fumus

2062 3879 2279 3939 accepta
2320 3867 2549 3926 faciebat
2573 3909 2586 3931 ,
2621 3867 2713 3923 sed
2757 3868 2966 3929 animus
2995 3867 3085 3937 qui
3125 3867 3422 3931 ollerebat;
3451 3866 3646 3936 alioqui

2061 3961 2192 4017 Cain
2213 3962 2373 4017 etiam
2395 3959 2535 4015 dona
2562 3959 2788 4014 fuissent
2813 3968 3052 4028 accepta.
3074 3959 3215 4013 Dixit
3237 3959 3396 4028 igitur
3412 3958 3645 4022 laetatum

2062 4065 2274 4121 quoque
2297 4051 2462 4104 Deum
2481 4064 2630 4115 esse;
2651 4058 2705 4104 et
2725 4049 2994 4119 quomodo
3014 4049 3254 4104 lauetur?
3277 4065 3381 4102 non
3403 4049 3544 4104 enim
3560 4049 3649 4102 ali-

2065 4153 2147 4199 ter
2169 4144 2412 4198 homines
2433 4142 2764 4197 didicissent.
2797 4142 2936 4212 Ergo
2962 4142 3051 4211 qui
3075 4141 3273 4195 nullius
3294 4141 3370 4194 rei
3401 4149 3484 4194 est
3510 4138 3647 4193 indi-

2062 4252 2182 4308 gus,
2198 4235 2325 4290 dicit
2349 4234 2504 4290 valde
2521 4249 2579 4289 se
2595 4234 2785 4300 laetari,
2803 4242 2860 4287 ut
2877 4248 2944 4288 ne
2964 4248 3026 4288 ex
3044 4246 3131 4298 eo,
3152 4231 3293 4300 quod
3315 4247 3422 4286 non
3443 4237 3644 4302 egeret,

2063 4328 2392 4398 negligentes
2419 4329 2566 4380 ﬁant.
2591 4326 2724 4380 Cum
2747 4340 2875 4380 vero
2896 4324 3140 4394 sequenti
3169 4335 3412 4393 tempore
3438 4331 3648 4377 caetera:

2067 4418 2278 4472 virtutis
2300 4417 2472 4483 obliti,
2500 4416 2582 4472 his
2605 4418 2734 4472 solis
2762 4417 2951 4472 hostiis
2976 4415 3314 4478 conﬁderent
3331 4457 3346 4483 ,
3376 4414 3500 4477 vide
3518 4429 3650 4482 quo-

2068 4511 2229 4568 modo
2246 4524 2430 4565 rursus
2461 4511 2606 4579 ipsos
2629 4510 2870 4579 corrigit,
2889 4509 3107 4570 dicens;
3137 4507 3403 4578 Numquid
3433 4508 3649 4564 mandu-

2063 4603 2186 4657 cabo
2211 4619 2390 4657 carnes
2419 4611 2683 4655 taurorum
2702 4603 2726 4656 .9
2746 4612 2834 4656 ant
2864 4604 3165 4672 sanguinem
3195 4602 3450 4659 hircorum
3469 4599 3648 4670 potabo

2064 4693 2236 4766 (Psal.
2255 4694 2461 4761 49.13)?
2479 4693 2590 4748 lloc
2606 4703 2659 4749 et
2687 4693 2883 4748 Paulus
2904 4693 3095 4764 inquit,
3119 4692 3238 4746 Non
3259 4691 3648 4761 quwra,inquit,

2063 4785 2349 4843 datum.‘l9.
2371 4783 2508 4838 Deus
2527 4793 2695 4837 autent
2710 4800 2847 4838 meus
2867 4785 3073 4850 impleat
3091 4799 3289 4837 onmem
3305 4783 3651 4840 necessitatem

2064 4887 2282 4932 vestram
2303 4875 2578 4929 secundum
2601 4876 2801 4930 divitias
2825 4893 2942 4930 suas
2966 4877 3018 4929 in
3039 4876 3202 4946 gloria
3220 4877 3271 4928 in
3289 4875 3487 4929 Christo
3503 4873 3534 4925 J
3542 4890 3650 4928 esu.

2133 4967 2187 5020 4.
2234 4966 2367 5020 Vide
2393 4981 2553 5035 quam
2603 4966 2764 5020 etiam
2808 4981 3101 5036 pauperum
3149 4979 3300 5020 more
3347 4965 3486 5019 bene
3534 4978 3652 5032 prc-

2062 5066 2232 5113 cctur.
2257 5057 2408 5125 Quod
2429 5059 2474 5113 si
2498 5059 2694 5113 Paulus
2732 5059 2869 5114 bene
2891 5065 3142 5128 precetur
3163 5058 3412 5115 dantibus
3436 5098 3452 5121 .
3483 5057 3652 5112 multo

2062 5148 2239 5203 minus
2269 5163 2367 5202 nos
2396 5148 2499 5203 hoc
2531 5149 2709 5204 facere
2739 5150 3148 5215 erubescamus,
3179 5164 3303 5203 cum
3335 5149 3650 5217 accipimus.

2062 5237 2140 5293 Ne
2169 5253 2296 5294 vero
2321 5240 2647 5310 accipiamus
2672 5281 2686 5307 ,
2720 5250 2990 5311 tamquam
3037 5241 3135 5311 ipsi
3166 5254 3449 5310 egeamus,
3481 5254 3652 5309 nequo

2065 5342 2245 5387 nostra
2274 5347 2433 5396 causa
2462 5333 2788 5402 gaudeamus
2813 5375 2830 5400 ,
2878 5334 2971 5392 sed
3005 5334 3240 5404 ipsorum
3278 5334 3540 5388 dantium.
3579 5333 3650 5386 Ita

2065 5435 2116 5479 et
2166 5425 2319 5479 nobis
2362 5425 2462 5480 erit
2509 5440 2720 5481 merces
2765 5435 2820 5481 et
2861 5427 3278 5496 accipientibus,
3327 5428 3370 5481 si
3417 5428 3652 5496 ipsorum

2063 5530 2224 5570 causa
2256 5516 2499 5571 laetemur
2549 5535 2564 5570 :
2611 5517 2683 5570 ita
2725 5533 2897 5588 neque
2929 5517 3353 5588 indignabimur,
3391 5533 3513 5572 cum
3546 5532 3654 5570 non

2064 5607 2308 5662 dederint
2335 5649 2348 5673 ,
2382 5609 2477 5664 sed
2507 5609 2683 5678 potius
2715 5609 2928 5664 illorum
2971 5612 3144 5665 vicem
3185 5610 3491 5665 dolebimus
3525 5626 3538 5659 :
3584 5610 3654 5663 ita

2064 5699 2224 5753 etiam
2253 5699 2540 5756 alacriores
2570 5700 2878 5767 reddemus,
2913 5702 2960 5756 si
2989 5701 3300 5766 doceamus,
3332 5717 3438 5758 non
3471 5711 3654 5756 nostra
3711 5731 3716 5736 -

2067 5805 2226 5847 causa
2258 5790 2370 5847 lucc
2400 5805 2428 5848 a
2458 5791 2612 5850 nobis
2643 5792 2780 5851 ﬁeri.
2821 5791 2963 5850 Deus
3001 5803 3169 5854 autem
3212 5808 3350 5849 meus
3373 5833 3388 5860 ,
3435 5791 3652 5858 inquit.

3995 177 4006 320 ξ

4001 241 4006 430 l

4003 2927 4024 2982 Α

4011 2991 4023 3046 l
