4026 6148
351 347 447 402 291

346 476 500 534 μεν;
529 458 626 513 καὶ
654 455 837 519 πάλιν,
867 453 937 506 Τὸ
959 451 1125 523 ὑμῶν
1154 452 1534 520 περίσσευμα
1564 450 1666 504 ἵνα
1698 449 1932 519 γίνηται

352 556 441 618 εις
472 548 541 605 τὸ
562 549 809 603 ἐκείνων
845 544 1175 613 ὑστέρημα.
1214 542 1377 613 Ὁρᾷς
1403 540 1520 604 πῶς
1543 538 1930 609 ἐκοινώνησαν,

356 645 439 707 είς
484 642 642 710 λόγον
688 639 885 701 δόσεως
924 635 1033 689 τῶν
1078 633 1358 705 σαρκικῶν
1378 675 1392 697 ,
1427 633 1521 687 καὶ
1567 630 1783 702 λήψεως
1823 629 1934 683 τῶν

359 731 772 805 πνευματικῶν;
812 729 1021 798 Ὥσπερ
1053 726 1162 796 γὰρ
1185 727 1233 778 οί
1273 724 1578 788 πωλοῦντες
1608 723 1701 776 καὶ¹
1732 721 1934 792 ἀγορά-

360 826 543 890 ζοντες
573 820 910 876 κοινωνοῦσιν
946 818 1216 889 ἀλλήλοις,
1240 817 1310 871 τὰ
1339 816 1469 886 παρ’
1503 814 1750 886 ἀλλήλων
1785 815 1933 868 ἀντι-

360 915 592 976 διδόντες
628 910 808 982 (τοῦτο
859 910 968 981 γάρ
1016 911 1134 963 ἐστι
1195 907 1492 977 κοινωνία),
1541 905 1684 963 οὕτω
1727 905 1791 977 δὴ
1840 905 1935 960 καὶ

362 1006 618 1060 ἐνταῦθα.
650 1005 725 1060 Οὐ
759 1003 867 1073 γὰρ
896 1002 1065 1066 ἐστιν,
1098 1000 1199 1053 οὐκ
1220 999 1333 1052 ἐστι
1356 996 1561 1067 ταύτης
1594 995 1695 1066 τῆς
1732 996 1934 1065 ἀγορα-

358 1097 479 1163 σίας
509 1096 602 1150 καὶ
651 1093 923 1166 ἐμπορίας
964 1109 1019 1144 τι
1057 1088 1531 1162 κερδαλεώτερον.⁸
1575 1084 1784 1153 γίνεται
1837 1083 1935 1154 μὲν

354 1186 465 1257 γὰρ
491 1188 548 1238 ἐν
578 1187 648 1259 τῇ
678 1187 772 1258 γῇ,
802 1184 1037 1236 τελεῖται
1062 1180 1119 1234 δὲ
1141 1182 1198 1234 ἐν
1219 1178 1297 1249 τῷ
1328 1176 1541 1249 οὐρανῷ
1563 1191 1576 1206 ·
1602 1179 1649 1229 οί
1683 1176 1782 1246 μὲν
1808 1176 1938 1244 ἀγο·

354 1275 617 1347 ράζοντες
665 1274 723 1326 ἐν
760 1276 825 1343 τῇ
872 1274 943 1344 γῇ
985 1271 1314 1341 ἑστήκασιν
1359 1266 1690 1338 ἀγοράζουσι
1733 1265 1792 1320 δέ
1841 1267 1937 1320 καὶ

356 1365 714 1437 συμφωνοῦσι
736 1362 809 1416 τά
833 1364 889 1415 ἐν
914 1364 1027 1426 τοῖς
1047 1362 1314 1432 οὐρανοῖς,
1337 1360 1533 1430 γηῖνην
1554 1357 1938 1420 κατατιθέντες

351 1460 461 1529 τὴν
489 1457 679 1528 τιμήν.

434 1553 506 1615 γ’.
549 1544 703 1598 Ἀλλά
733 1544 807 1616 μὴ
832 1541 1114 1612 καταγνῷς
1134 1557 1147 1571 ο
1179 1539 1240 1593 οὐ
1262 1556 1364 1610 χρη
1374 1537 1557 1610 μάτων
1579 1536 1725 1591 ἐστὶν
1751 1536 1939 1607 ὠνητά

358 1637 433 1690 τὰ
464 1635 710 1706 οὐράνια,
743 1636 803 1689 οὐ
837 1634 908 1688 τὰ
954 1633 1210 1704 χρήματα
1248 1629 1386 1686 αὐτά
1430 1627 1724 1699 ἀγοράζει,
1759 1627 1874 1683 ἀλλ’
1905 1629 1941 1699 ή

359 1728 686 1799 προαίρεσις
709 1726 804 1780 τοῦ
828 1726 895 1779 τὰ
929 1725 1188 1795 χρήματα
1217 1722 1667 1788 καταϐάλλοντος,
1712 1721 1747 1791 ὴ
1786 1721 1941 1790 φιλο-

360 1819 550 1889 σοφία,
578 1818 638 1873 τδ
666 1817 773 1872 τῶν
798 1815 1070 1888 βιωτικῶν
1092 1816 1349 1886 ἀνωτέρω
1377 1809 1539 1879 εἶναι,
1570 1814 1604 1884 ὴ
1636 1812 1941 1883 φιλανθρω-

359 1911 488 1977 πία,
526 1912 560 1981 ή
595 1908 953 1981 ἐλεημοσύνη.
1002 1908 1156 1961 Ἐπεὶ
1183 1909 1232 1960 εί
1263 1907 1325 1959 τὸ
1353 1904 1615 1977 ἀργύριον
1647 1902 1939 1975 ὴγόραζεν,

358 2006 393 2075 ἡ
426 2001 499 2056 τά
536 2001 629 2055 δύο
653 2001 829 2055 λεπτὰ
860 1999 1239 2054 καταϐαλοῦσα
1275 1998 1428 2051 οὐδὲν
1467 1997 1534 2051 ἂν
1576 1997 1734 2050 ἔλαϐε
1764 1995 1905 2065 μέγα
1924 2009 1940 2025 '

359 2090 557 2160 ἐπειδὴ
584 2090 640 2142 δέ
663 2089 725 2142 οὐ
747 2088 809 2141 τδ
840 2087 1124 2159 ἀργύριον,
1149 2085 1264 2139 ἀλλ’
1289 2088 1323 2156 ή
1350 2085 1670 2157 προαίρεσις
1701 2085 1941 2153 ῐσχυσεν,

361 2181 552 2251 ἐκείνη
582 2183 764 2234 πᾶσαν
785 2179 1103 2250 προαίρεσιν
1130 2176 1539 2247 ἐπιδειξαμένη,
1566 2175 1741 2230 πάντα
1760 2174 1941 2228 ἔλαϐε.

362 2274 465 2345 Μὴ
494 2272 673 2326 τοίνυν
727 2269 998 2339 λέγωμεν,
1037 2267 1119 2321 ὅτι
1164 2266 1351 2337 ὠνητὴ
1397 2264 1695 2335 χρημάτων
1728 2264 1873 2317 ἐστὶν
1910 2265 1945 2333 ὴ

364 2362 622 2435 βασιλεία
645 2378 658 2392 ·
694 2361 756 2414 οὐ
787 2359 1087 2431 χρημάτων
1108 2397 1123 2423 ,
1154 2357 1293 2412 ἀλλά
1329 2356 1700 2428 προαιρέσεως
1729 2358 1830 2427 τῆς
1861 2355 1947 2410 διὰ

362 2451 675 2524 χρημάτων
719 2448 1190 2519 ἐπιδεικνυμένης.
1230 2444 1441 2500 Οὐκοῦν
1490 2445 1571 2498 δεῖ
1613 2445 1943 2516 χρημάτων,

361 2543 537 2614 φησίν
559 2559 574 2609 ;
603 2541 676 2593 Οὐ
695 2540 777 2593 δεῖ
803 2539 1121 2610 χρημάτων,
1143 2535 1281 2590 ἀλλά
1302 2535 1677 2607 προαιρέσεως
1698 2553 1710 2566 ’
1733 2534 1799 2593 ἂν
1818 2535 1950 2589 ταύ-

358 2650 465 2704 την
495 2631 644 2703 ἔχῃς,
679 2629 883 2699 δυνήσῃ
926 2629 1022 2685 καὶ
1057 2627 1143 2680 διά
1172 2626 1265 2683 δύο
1296 2625 1508 2680 λεπτῶν
1551 2624 1819 2696 ἀγοράσαι
1858 2624 1948 2677 τὸν

358 2722 631 2796 οὐρανόνι
668 2719 745 2791 μὴ
781 2717 950 2789 οὔσης
985 2717 1042 2771 δὲ
1073 2717 1299 2788 ταύτης,
1345 2716 1465 2771 οὐδὲ
1500 2717 1670 2787 μυρία
1709 2715 1947 2769 τάλαντα

364 2811 571 2886 χρυσοῦ
598 2810 755 2864 τοῦτο
776 2809 1088 2879 δυνήσεται,
1117 2808 1256 2878 ὅπερ
1287 2806 1355 2861 τά
1386 2805 1480 2861 δύο
1508 2805 1701 2860 λεπτά.
1732 2806 1831 2864 Διά
1857 2806 1945 2873 τί;

371 2905 546 2957 Ὅταν
574 2902 682 2972 γὰρ
715 2900 886 2954 πολλὰ
909 2898 1069 2970 ἔχων,
1097 2897 1360 2953 ἐλάττονα
1395 2896 1726 2971 καταϐάλῃς,
1762 2896 1950 2967 ἐποίη-

373 3008 476 3054 σας
509 2990 609 3061 μὲν
635 2987 1020 3058 ἐλεημοσύνην,
1057 2987 1118 3040 οὐ
1139 2986 1409 3057 τοσαύτην
1440 2986 1496 3040 δέ
1523 2986 1656 3056 ὅσην
1693 2987 1726 3055 ἡ
1762 2985 1908 3056 χήρα
1932 3002 1945 3015 ·

373 3082 436 3135 οὐ
472 3079 585 3151 γὰρ
626 3077 762 3149 μετά
804 3077 1069 3147 τοσαύτης
1117 3075 1425 3148 προθυμίας
1465 3075 1794 3141 κατέϐαλες,
1829 3076 1948 3146 μεθ’

371 3174 507 3243 ὅσης
537 3169 685 3243 [514]
712 3169 890 3240 ἐκείνη
920 3186 935 3201 ο
967 3168 1186 3222 πάντων
1217 3167 1325 3238 γὰρ
1354 3164 1550 3236 ἑαυτὴν
1580 3166 1947 3237 ἀπεστέρησε,

374 3263 576 3335 μᾶλλον
605 3262 663 3315 δέ
693 3261 795 3314 οὐκ
825 3260 1222 3330 ἀπεστέρησεν,
1259 3257 1395 3311 ἀλλά
1420 3257 1598 3311 πάντα
1627 3258 1794 3327 ἑαυτῇ
1817 3259 1948 3327 ἐχα-

375 3357 583 3428 ρίσατο.
620 3353 695 3407 Οὐ
719 3352 996 3407 ταλάντων
1034 3349 1258 3423 χρυσοῦ,
1289 3349 1428 3403 ἀλλά
1450 3350 1712 3420 ποτηρίου
1739 3348 1947 3420 ψυχροῦ

372 3449 470 3522 τὴν
501 3446 776 3518 βασιλείαν
806 3445 1076 3514 ὑπέσχετο
1096 3446 1124 3496 ὁ
1153 3443 1306 3507 Θεὸς,
1342 3440 1479 3496 ἀλλὰ
1509 3440 1819 3511 προθυμίας
1845 3458 1858 3471 ·
1886 3440 1947 3492 οὐ

376 3536 631 3598 θανάτου,
660 3533 796 3587 ἀλλά
823 3532 1196 3604 προαιρέσεως
1224 3547 1238 3561 ο
1272 3529 1394 3583 ἐπεὶ
1416 3530 1534 3582 οὐδὲ
1566 3528 1707 3598 μέγα
1735 3528 1785 3581 τί
1811 3530 1945 3582 ἐστι.

378 3630 447 3680 Τί
468 3629 576 3698 γάρ
606 3628 722 3679 ἐστι
747 3626 872 3696 μίαν
900 3624 1075 3695 ψυχὴν
1102 3622 1320 3686 δοῦναι;
1352 3622 1591 3677 Ἔδωκεν
1621 3621 1717 3674 ἕνα
1751 3621 1953 3691 ἀνθρω-

381 3734 485 3771 πον
506 3734 520 3748 ο
557 3713 636 3779 εἷς
667 3716 724 3770 δέ
755 3716 1038 3786 ἄνθρωπος
1064 3715 1160 3767 οὐκ
1188 3714 1333 3767 ἐστιν
1366 3713 1638 3779 ἀντάξιος.
1689 3713 1817 3766 ’Ότι
1848 3713 1949 3766 καί

377 3808 453 3862 ἐν
480 3806 901 3874 Θεσσαλονίκῃ
925 3847 940 3868 ,
969 3806 1065 3859 καὶ
1085 3804 1243 3868 ἅπαξ
1268 3805 1367 3858 καί
1398 3803 1490 3871 δίς
1511 3806 1600 3868 εὶς
1620 3804 1726 3869 τὰς
1749 3804 1952 3874 χρείας

374 3915 480 3968 μοι
518 3897 843 3965 ἐπέμψατε.
891 3895 1057 3949 Πάλιν
1091 3894 1234 3966 μέγα
1265 3894 1325 3947 τὸ
1369 3893 1644 3963 ἐγκώμιον
1667 3931 1682 3957 ,
1720 3894 1773 3945 εί
1797 3910 1859 3961 γε
1894 3894 1951 3946 ἐν

377 3990 445 4058 τῇ
495 3985 826 4057 μητροπόλει
862 3983 1187 4054 καθήμενος,
1228 3982 1378 4053 παρὰ
1418 3982 1519 4050 τῆς
1556 3981 1758 4051 μικρᾶς
1801 3979 1952 4049 ἐτρέ-

377 4095 511 4147 φετο
543 4077 770 4140 πόλεως.
819 4075 929 4131 Καὶ
959 4062 1095 4144 ὅραο
1131 4073 1221 4127 ἵνα
1259 4072 1334 4143 μὴ
1374 4072 1665 4133 διαπαντὸς
1717 4069 1951 4134 ἐξέλκων

378 4170 568 4222 ἑαυτὸν
594 4170 694 4239 τῆς
722 4166 932 4237 χρείας,
964 4166 1100 4235 ὅπερ
1130 4162 1282 4217 εἶπον
1316 4162 1622 4235 προλαϐὼν,
1650 4162 1951 4235 ῥᾳθυμοτέ-

378 4276 505 4330 ρους
535 4259 761 4332 ποιήσῃ,
787 4256 875 4310 διὰ
909 4255 1181 4309 τοσούτων
1207 4254 1406 4321 δείξας,
1444 4256 1524 4307 ὅτι
1554 4254 1615 4307 οὐ
1653 4253 1839 4319 δεῖται,
1874 4252 1953 4305 ἐνὶ

383 4349 529 4419 μόνῳ
550 4347 706 4401 τοῦτο
736 4347 895 4418 δῆλον
928 4346 1206 4416 ἐποίησεν,
1239 4343 1431 4409 εἰπὼν,
1463 4348 1565 4411 Εἰς
1587 4346 1692 4409 τὰς
1714 4344 1914 4413 χρείας
1936 4359 1948 4372 ·

380 4440 474 4493 καὶ
507 4441 608 4493 οὐκ
642 4436 762 4493 εἷπε
783 4478 798 4504 ,
832 4439 944 4503 Τὰς
987 4438 1158 4508 ἐμὰς,
1194 4437 1308 4491 ἀλλ’
1347 4437 1532 4500 ἁπλῶς
1554 4478 1567 4501 ,
1611 4436 1706 4489 τοῦ
1756 4435 1951 4505 σεμνοῦ

384 4531 778 4600 ἐπιμελόμενος
802 4548 816 4563 ·
845 4531 904 4587 οὐ
934 4530 1092 4584 τοῦτο
1119 4530 1177 4583 δέ
1207 4530 1388 4599 μόνον,
1427 4528 1562 4582 ἁλλά
1592 4528 1686 4581 καὶ
1714 4527 1774 4579 τὸ
1804 4527 1951 4596 ἑξῆς.

394 4621 615 4691 Ἐπειδὴ
638 4620 745 4691 γὰρ
773 4621 977 4675 συνεῖδε
1008 4621 1214 4692 σφόδρα
1244 4620 1495 4672 ταπεινὸν
1517 4618 1597 4681 ὃν,
1631 4618 1792 4673 πάλιν
1823 4618 1954 4672 αὐτὸ

378 4717 445 4783 τῇ
479 4710 859 4784 ἐπιδιορθώσει
893 4712 1272 4782 ἀσφαλίζεται,
1303 4710 1475 4778 λέγων
1499 4728 1511 4741 ·
1547 4712 1671 4779 Οὐχ
1708 4710 1797 4763 ὅτι
1829 4711 1952 4763 ἐπι-

379 4803 548 4871 ζητῶ,
593 4804 786 4873 λέγων,
820 4806 887 4858 τό
923 4806 1094 4875 δόμα.
1140 4806 1317 4877 ’Ὅπερ
1349 4803 1498 4859 εἶπεν
1530 4807 1664 4868 ἅνω,
1711 4807 1834 4873 Οὐχ
1866 4804 1954 4858 ὅτι

379 4896 507 4945 καθ’
533 4894 863 4961 ὑστέρησιν
888 4895 1067 4962 λέγω,
1104 4895 1163 4947 τὸ
1195 4895 1326 4948 αὐτὸ
1348 4895 1542 4966 δηλῶν,
1575 4896 1623 4947 εἰ
1655 4895 1748 4948 καὶ
1779 4897 1955 4947 ἐκεῖνο

377 4983 572 5035 τούτου
610 4984 786 5051 μεῖζόν
815 4986 985 5039 ἐστιν.
1026 4984 1250 5056 Ἕτερον
1284 4985 1391 5056 γάρ
1434 4987 1580 5038 ἐστιν
1630 4984 1956 5054 ὑστεροῦντα

380 5072 457 5141 μὴ
493 5070 747 5141 ζητῆσαι,
780 5072 875 5127 καὶ
903 5072 1087 5143 ἕτερον
1122 5073 1179 5126 ἐν
1211 5073 1499 5143 ὐστερήσει
1529 5071 1658 5124 ὄντα
1705 5070 1837 5140 μηδὲ
1869 5086 1954 5122 νο-

379 5161 559 5230 μίζειν
588 5159 948 5230 ὑστερεῖσθαι.
1002 5164 1125 5232 Οὐχ
1150 5164 1241 5216 ὅτι
1274 5159 1522 5228 ἐπιζητῶ
1548 5160 1613 5214 τὸ
1644 5160 1816 5230 δόμα,
1851 5177 1955 5230 φη-

377 5254 492 5318 σὶν,
530 5253 669 5307 ἀλλ’
694 5251 944 5321 ἐπιζητῶ
990 5253 1100 5307 τὸν
1131 5252 1365 5323 καρπὸν
1406 5253 1510 5306 τὸν
1552 5251 1955 5312 πλεονάζοντα

373 5346 459 5410 εἰς
508 5345 696 5413 λόγον
740 5344 937 5414 ὑμῶν,
989 5346 1091 5399 οὐκ
1134 5346 1292 5415 ἐμοῦ.
1350 5344 1508 5416 Ὁρᾷς
1554 5345 1696 5396 ὃτιὸ
1745 5343 1954 5413 καρπὸς

374 5433 610 5496 ἐκείνοις
647 5435 930 5501 τίκτεται;
966 5435 1045 5489 Δι’
1095 5436 1239 5505 ὑμᾶς
1283 5436 1455 5489 ταῦτα
1494 5434 1655 5503 λέγω,
1690 5435 1843 5502 φησὶ,
1890 5435 1950 5486 οὐ

375 5522 443 5574 δι’
472 5522 732 5592 ἐμαυτὸν,
785 5525 864 5587 είς
896 5524 997 5595 τὴν
1030 5523 1301 5596 ὑμετέραν
1350 5525 1656 5595 σωτηρίαν⁸
1710 5523 1820 5592 ἐγὼ
1847 5522 1955 5594 γὰρ

379 5611 531 5664 οὐδὲν
572 5611 840 5678 κερδαίνω
895 5612 1189 5684 λαμϐάνων
1215 5629 1228 5643 ⁸
1280 5613 1388 5667 τῶν
1433 5613 1681 5667 διδόντων
1722 5614 1870 5666 ἐστὶν
1920 5613 1953 5682 ἡ

377 5702 557 5772 χάρις.
615 5699 739 5764 Τοῖς
791 5701 889 5771 μὲν
939 5701 1049 5777 γὰρ
1096 5702 1326 5762 διδοῦσιν
1373 5706 1487 5759 ἐκεῖ
1539 5703 1864 5775 φυλάττεται
1918 5707 1950 5777 ή

1212 334 1281 391 1N
1315 332 1536 392 EPIST.
1578 334 1671 389 AD
1702 327 1999 388 PlllLIPP.
2036 329 2192 388 CAP.
2235 332 2325 390 IV.
2368 336 2602 392 HOMIL.
2646 337 2763 393 XV.

3498 344 3605 400 29!

2033 447 2234 519 ἀμοιϐή
2254 465 2267 479 ο
2294 451 2404 513 τοῖς
2430 451 2487 504 δέ
2512 452 2880 522 λαμϐάνουσιν
2905 450 3141 507 ἐνταῦθα
3162 452 3512 510 ἀναλίσκεται
3533 464 3605 511 τα

2032 537 2305 609 διδόμενα.
2338 541 2505 596 Πάλιν
2534 544 2652 613 μετ’
2687 542 2962 612 ἐγκωμίου
2992 542 3090 597 καὶ
3122 543 3479 613 συμπαθείας,
3511 550 3607 599 καὶ

2031 629 2093 681 τὸ
2119 629 2341 701 χρῄζειν
2358 644 2408 687 ι.
2467 632 2683 703 Ἐπειδὴ
2728 634 2837 704 γὰρ
2869 629 3042 698 εἶπεν,
3075 637 3157 688 Οὐ
3190 632 3355 702 ζητῶ,
3397 636 3484 690 ἵνα
3532 637 3606 707 μὴ

2035 719 2195 773 πάλιν
2247 719 2650 791 ρᾳθυμοτέρους
2702 723 2938 795 ποιήσῃ,
2990 722 3193 794 φησίν’
3268 723 3497 793 ’Δπέχω
3539 724 3608 777 δὲ

2033 810 2250 875 πάντα,
2290 812 2387 865 καί
2429 813 2786 879 περισσεύω.
2825 813 3110 881 Τουτέστι,
3147 814 3235 868 διὰ
3266 815 3470 885 ταύτης
3508 817 3608 886 τῆς

2031 900 2230 964 δόσεως
2253 901 2348 953 καὶ
2378 901 2445 953 τὰ
2472 900 2908 969 παραλειφθέντα
2937 901 3311 974 ἐπληρώσατε,
3338 904 3475 976 ὅπερ
3505 906 3608 975 μά-

2032 991 2189 1045 λιστα
2215 991 2655 1065 προθυμοτέρους
2695 987 2764 1062 ἦν
2791 993 3037 1064 ποιῆσαι.
3078 993 3232 1064 Ὀσῳ
3263 994 3372 1065 γὰρ
3408 995 3475 1048 ἂν
3506 990 3610 1049 ὦσι

2035 1082 2478 1154 φιλοσοφώτεροι,
2510 1083 2732 1155 ζητοῦσι
2752 1083 2849 1137 καὶ
2872 1083 2969 1147 τὰς
3001 1084 3153 1155 παρὰ
3182 1084 3291 1138 τῶν
3317 1081 3376 1138 εὖ
3406 1085 3610 1140 παθόν-

2032 1191 2140 1229 των
2179 1174 2409 1246 χάριτας
2443 1177 2494 1228 οί
2532 1171 2592 1229 εὖ
2632 1174 2931 1239 ποιοῦντες.
2974 1176 3203 1243 Ἀπέχω
3238 1164 3463 1242 πάντα,
3508 1177 3609 1231 καί

2032 1265 2391 1332 περισσεύω.
2426 1265 2737 1331 Τουτέστιν,
2778 1267 2838 1319 οὐ
2882 1264 3043 1335 μόνον
3084 1263 3505 1335 ἀνεπληρώσατε
3542 1266 3612 1321 τά

2035 1354 2385 1425 ἐλλειφθέντα
2400 1356 2457 1408 ἐν
2475 1356 2553 1427 τῷ
2581 1356 2906 1429 παρελθόντι
2940 1356 3138 1427 χρόνῳ,
3159 1355 3297 1409 ἀλλά
3322 1358 3417 1410 καὶ
3442 1357 3612 1428 ὑπερ-

2035 1442 2277 1500 εϐάλετε.
2346 1442 2479 1504 Είτα
2515 1447 2604 1499 ἴνα
2635 1445 2710 1516 μὴ
2743 1445 2871 1518 δόξῃ
2905 1446 2992 1500 διὰ
3019 1445 3177 1499 τοῦτο
3207 1445 3480 1513 ἐγκαλεῖν,
3511 1446 3614 1517 δρα

2037 1534 2157 1599 πῶς
2206 1534 2680 1606 ἐπισφραγίζεται.
2742 1535 2961 1604 Ἐπειδὴ
2989 1534 3099 1606 γὰρ
3133 1532 3308 1599 εἶπεν,
3352 1538 3476 1603 Οὐχ
3523 1535 3614 1589 ὅτι

2036 1624 2288 1694 ἐπιζητῶ
2315 1627 2381 1680 τὸ
2420 1626 2595 1696 δόμα,
2626 1627 2721 1681 καὶ
2756 1627 2860 1690 ὅτι,
2900 1624 3052 1693 Ἤδη
3090 1624 3254 1691 ποτὲ,
3291 1626 3390 1680 καί⁷
3414 1626 3614 1693 ἔδειξεν

2041 1715 2125 1773 ὅτι
2178 1717 2367 1788 όφειλή
2429 1720 2547 1770 ἐστι
2598 1718 2659 1771 τὸ
2707 1719 2938 1789 πρᾶγμα
2992 1715 3194 1787 (τοῦτο
3252 1717 3362 1788 γάρ
3425 1719 3611 1781 ἐστιν,

2052 1806 2324 1875 Ἀπέχω)·
2348 1807 2511 1861 πάλιν
2530 1807 2798 1863 δείκνυσιν
2822 1809 2903 1862 ὃτι
2940 1808 3079 1886 ὐπέρ
3106 1807 3324 1883 ὀφειλὴν
3346 1808 3612 1881 ἔπραξαν,

2040 1896 2136 1949 καί
2180 1913 2378 1969 φησιν·
2430 1896 2660 1967 Ἀπέχω
2697 1897 2914 1965 πάντα,
2961 1898 3060 1952 καί
3111 1901 3471 1968 περισσεύω,
3512 1916 3616 1954 πε-

2042 1989 2374 2058 πλήρωμαι.
2404 1991 2516 2060 Οὐχ
2547 1990 2736 2054 ἁπλῶς
2755 2032 2770 2056 ,
2813 1991 2934 2044 οὐδὲ
2974 1992 3082 2044 ἀπὸ
3109 1991 3406 2054 διαθέσεως
3444 1991 3617 2045 ταῦτα

2041 2081 2206 2150 λέγω,
2246 2080 2378 2134 ἀλλά
2408 2080 2496 2146 τί;
2530 2081 2862 2150 Δεξάμενος
2886 2083 3048 2151 παρὰ
3092 2082 3519 2152 Ἐπαφροδίτου
3543 2083 3618 2138 τὰ

2047 2175 2184 2240 παρ’
2214 2171 2402 2241 ὑμῶν,
2434 2172 2635 2241 ὀσμὴν
2684 2173 2955 2239 εὐωδίας,
2990 2175 3210 2228 θυσίαν
3244 2173 3485 2242 δεκτήν,
3516 2177 3617 2230 εὐ-

2043 2262 2301 2330 άρεστον
2344 2261 2424 2328 τῷ
2460 2262 2601 2329 Θεῷ.
2642 2264 2835 2330 Βαϐαὶ,
2878 2261 2980 2317 ποῦ
3013 2264 3076 2317 τὸ
3103 2264 3276 2336 δῶρον
3305 2264 3485 2318 αὐτῶν
3515 2268 3611 2320 ἀν-

2046 2355 2286 2425 ήγαγενί
2346 2354 2460 2408 Οὐκ
2517 2353 2648 2422 ἐγὼ,
2700 2355 2903 2425 φησὶν,
2963 2354 3175 2421 ἔλαϐον,
3228 2356 3328 2409 οὐκ
3387 2354 3617 2424 ἔλαϐον,

2046 2444 2197 2517 [315]
2227 2445 2341 2499 ἀλλ’
2366 2446 2395 2497 ὁ
2415 2444 2545 2507 Θεὸς
2565 2444 2631 2497 δι’
2660 2444 2813 2514 ἐμοῦ.
2844 2445 3028 2511 Ὥστε,
3059 2445 3164 2500 κᾶν
3177 2445 3289 2514 ἐγὼ
3314 2447 3388 2517 μὴ
3410 2446 3618 2517 χρῄζω,

2048 2537 2123 2608 μὴ
2156 2536 2365 2606 μελέτω
2394 2537 2522 2606 ύμῖν
2547 2552 2561 2567 ο
2590 2537 2711 2589 ἐπεὶ
2731 2536 2849 2589 οὐδὲ
2879 2537 2908 2589 ό
2927 2536 3063 2600 Θεὸς
3102 2537 3322 2612 ἔχρῃζε,
3354 2538 3448 2591 καὶ
3470 2539 3621 2608 ὅμως

2046 2628 2360 2699 ἀπεδέχετο,
2398 2626 2572 2692 οὕτως
2610 2628 2685 2692 ὡς
2722 2628 2856 2699 μηδὲ
2887 2632 3271 2700 παραιτεῖσθαι
3314 2632 3488 2685 εἰπεῖν
3519 2633 3622 2703 τὴν

2049 2716 2199 2775 θείαν
2244 2717 2501 2789 Γραφὴν,
2537 2718 2620 2775 ὅτι
2662 2719 2996 2790 Ὠσφράνθη
3039 2722 3073 2773 ό
3110 2721 3255 2787 Θεὸς
3289 2720 3491 2791 ὀσμὴν
3523 2724 3623 2776 εὐ-

2052 2806 2254 2873 ωδίας.
2280 2809 2416 2878 ὅπερ
2450 2804 2519 2879 ἦν
2546 2809 2994 2883 εὐφραινομένου.
3018 2811 3161 2863 ¹Ἰστε
3194 2811 3324 2881 γὰρ,
3360 2812 3471 2865 ίστε
3504 2812 3623 2886 πῶς

2046 2897 2342 2959 διατίθεται
2396 2898 2552 2970 ήμῶν
2598 2900 2631 2973 ἡ
2674 2899 2822 2972 ψυχὴ
2871 2903 2965 2954 ἐπὶ
3015 2904 3137 2965 ταῖς
3185 2902 3453 2969 εὐωδίαις,
3505 2903 3624 2975 πῶς

2047 2990 2431 3061 εὐφραίνεται,
2466 2989 2584 3053 πῶς
2615 2990 2897 3059 γάννυται.
2941 2993 3017 3045 Οὐ
3052 2997 3409 3064 παρῃτήσατο
3446 2993 3625 3048 τοίνυν

2047 3084 2225 3136 εἰπεῖν
2262 3081 2389 3151 περὶ
2415 3081 2549 3135 Θεοῦ
2574 3081 2914 3153 ἀνθρώπινον
2935 3081 3076 3136 οὕτω
3119 3084 3274 3154 ῥῆμα
3307 3085 3401 3137 καὶ
3428 3101 3623 3137 ταπει-

2047 3173 2136 3227 νὸν
2158 3174 2191 3242 ή
2216 3174 2429 3244 Γραφὴ,
2459 3173 2545 3226 ἵνα
2570 3175 2679 3236 τοῖς
2712 3172 3021 3245 ἀνθρώποις
3046 3173 3213 3245 δείξῃ,
3245 3174 3327 3227 ὅτι
3364 3174 3527 3228 δεκτά
3554 3176 3624 3228 τὰ

2049 3265 2179 3334 παρ’
2221 3264 2399 3319 αὐτῶν
2425 3265 2573 3335 δῶρα
2600 3265 2842 3333 γέγονεν.
2874 3266 2948 3318 Οὐ
2987 3265 3096 3335 γὰρ
3125 3266 3158 3334 ἡ
3202 3264 3413 3330 κνίσσα,
3447 3265 3564 3318 οὐδέ
3595 3268 3626 3319 ὁ

2050 3356 2254 3419 καπνὸς
2290 3356 2454 3409 δεκτά
2491 3356 2685 3417 ἐποίει,
2720 3357 2835 3408 ἀλλ’
2865 3358 2898 3426 ή
2948 3356 3266 3427 προαίρεσις
3309 3359 3342 3426 ὴ
3382 3358 3623 3427 προσφέφ

2052 3461 2221 3517 ρουσα
2240 3461 2254 3476 ·
2282 3445 2422 3509 ἐπεὶ,
2464 3446 2511 3497 εί
2551 3445 2709 3497 τοῦτο
2737 3441 2826 3515 ἦν,
2860 3446 2957 3498 καὶ
2992 3445 3059 3498 τὰ
3093 3445 3245 3516 παρά
3265 3446 3357 3500 τοῦ
3387 3449 3525 3501 Κάῖν
3556 3447 3624 3501 ἂν

2048 3535 2264 3604 ἐδέχθη.
2318 3532 2480 3588 Εἶπεν
2529 3531 2642 3600 οὖν,
2687 3536 2768 3589 ὅτι
2815 3537 2908 3589 καὶ
2940 3536 3324 3607 εὐφραίνεται,
3360 3539 3453 3591 καὶ
3506 3538 3624 3603 πῶς

2048 3626 2396 3696 εὐφραίνεται
2422 3643 2436 3657 ο
2474 3626 2535 3679 οὐ
2570 3626 2678 3698 γὰρ
2699 3629 2766 3679 ἂν
2792 3627 2965 3690 ἄλλως
2993 3627 3195 3698 ἔμαθον
3234 3630 3283 3681 οί
3318 3628 3618 3699 ἄνθρωποι,

2062 3719 2119 3771 '0
2146 3717 2326 3770 τοίνυν
2351 3716 2425 3787 μὴ
2449 3718 2505 3769 ἐν
2534 3718 2694 3788 χρείᾳ
2722 3716 3001 3781 καθεστὼς
3023 3717 3169 3786 λέγει
3198 3716 3371 3780 οὕτως
3396 3719 3623 3791 εὐφραί-

2050 3808 2267 3873 νεσθαι,
2308 3809 2394 3861 ἵνα
2431 3808 2503 3879 μή
2541 3807 2627 3860 διὰ
2656 3809 2715 3860 τὸ
2757 3809 3001 3871 ἀνενδεές
3047 3810 3280 3881 ρᾀυμοι
3334 3810 3617 3878 γένωνται,

2050 3898 2161 3951 Καὶ
2190 3899 2278 3950 ὅτε
2311 3897 2496 3950 λοιπὸν
2517 3897 2617 3967 τῆς
2649 3897 2815 3968 ἄλλης
2851 3899 3050 3968 ἀρετῆς
3073 3900 3464 3969 ἀμελήσαντες,
3491 3899 3623 3954 ταύ-

2050 4006 2172 4051 ταις
2201 3989 2499 4063 ἐοάρῤουν,
2535 3990 2635 4058 δρα
2677 3988 2791 4049 πῶς
2847 3988 3009 4040 πάλιν
3043 3988 3349 4062 διορθοῦται
3389 3991 3621 4055 αὐτοὺς,

2049 4080 2225 4148 λέγων
2247 4097 2260 4109 ·
2294 4085 2351 4134 Μ
2358 4081 2388 4147 ὴ
2408 4080 2676 4148 φάγωμαι
2709 4077 2850 4145 κρέα
2876 4079 3127 4145 ταύρων,
3161 4077 3198 4145 ἣ
3220 4074 3361 4146 αἷμα
3394 4080 3625 4148 τράγων

2051 4172 2304 4239 adamat;
2342 4170 2512 4223 Τοῦτο
2562 4168 2657 4220 καὶ
2698 4167 2910 4230 Παῦλός
2960 4185 3159 4236 φησιν,
3220 4170 3342 4221 Οὐκ
3377 4168 3624 4236 ἐπιζητῶ

2050 4261 2117 4314 τὸ
2141 4260 2312 4329 δόμα.
2364 4259 2426 4311 '0
2453 4258 2520 4309 δὲ
2548 4258 2690 4322 Θεός
2715 4274 2832 4324 μου
2866 4255 3169 4322 πληρώσει
3193 4254 3398 4309 πᾶσαν
3418 4257 3625 4325 χρείαν

2050 4350 2219 4420 ὑμῶν
2240 4351 2389 4404 κατὰ
2404 4350 2510 4403 τὸν
2527 4349 2798 4402 πλοῦτον
2819 4345 3006 4401 αὐτοῦ
3027 4347 3096 4399 ἐν
3117 4345 3288 4414 δόξῃ,
3313 4347 3382 4399 ἐν
3398 4348 3626 4414 Χριστῷ

2063 4442 2289 4508 Ἰησοῦ.

2124 4535 2184 4586 δ’.
2223 4536 2364 4604 Ὅρα
2398 4531 2516 4595 πῶς
2542 4531 2634 4585 καὶ
2668 4530 2979 4599 ἐπεύχεται,
3021 4528 3274 4599 καθάπερ
3296 4530 3342 4582 οἱ
3372 4529 3625 4599 πένητες.

2051 4623 2113 4676 Εἰ
2144 4622 2200 4675 δὲ
2245 4621 2451 4683 Παῦλος
2485 4619 2773 4689 ἐπεύχεται
2798 4619 2908 4679 τοῖς
2937 4616 3157 4681 διδοῦσι,
3212 4614 3389 4685 πολλῷ
3430 4614 3627 4684 μᾶλλον

2051 4715 2213 4784 ἡμεῖς
2243 4712 2316 4781 μὴ
2344 4708 2726 4781 αἰσχυνώμεθα
2750 4708 3117 4776 λαμϐάνοντες
3136 4707 3295 4761 τοῦτο
3316 4708 3505 4759 ποιεῖν.
3536 4703 3627 4771 Μὴ

2051 4805 2115 4875 δὴ
2146 4803 2529 4873 λαμϐάνωμεν,
2552 4801 2626 4864 ὡς
2660 4800 2810 4853 αὐτοὶ
2832 4800 3142 4870 χρῄζοντες,
3186 4798 3320 4869 μηδὲ
3349 4798 3628 4867 χαίρωμεν

2051 4899 2083 4967 ἡ
2095 4896 2209 4967 μῶν
2237 4895 2443 4956 ἕνεκεν,
2475 4892 2611 4946 ἀλλὰ
2633 4892 2741 4945 τῶν
2764 4892 3014 4945 διδόντων
3045 4890 3237 4943 αὐτῶν.
3275 4887 3459 4950 Οὐτως
3494 4889 3628 4956 ⁴ἡμῖν

2053 4989 2206 5041 ἔσται
2259 4986 2448 5057 μισθὸς
2486 4987 2580 5038 καὶ
2610 4984 2992 5055 λαμϐάνουσιν,
3040 4982 3104 5035 ἂν
3134 4982 3200 5032 δι’
3239 4979 3476 5039 ἐκείνους
3511 4976 3630 5046 χαί-

2054 5095 2236 5152 ρωμεν
2259 5094 2272 5108 ⁸
2303 5077 2475 5139 οὕτως
2494 5078 2591 5130 οὐκ
2612 5076 3080 5145 ἀγανακτήσομεν,
3114 5072 3185 5142 μὴ
3207 5071 3475 5132 διδόντων,
3501 5069 3629 5138 μᾶλ-

2052 5171 2142 5225 λον
2186 5170 2241 5223 δέ
2273 5169 2580 5238 ἀλγήσομεν
2613 5166 2680 5219 δι’
2716 5165 2910 5226 αὐτούς
2936 5179 2948 5191 ·
2991 5162 3134 5215 οὕτω
3168 5162 3261 5214 καὶ
3288 5160 3628 5230 προθυμοτέη

2056 5281 2181 5336 ρους
2201 5260 2565 5332 ἐργασόμεθα,
2590 5257 2653 5310 ἂν
2675 5258 3032 5322 διδάσκωμεν,
3054 5254 3133 5306 ὅτι
3155 5253 3252 5323 οὐχ
3275 5255 3306 5323 ή
3315 5270 3428 5322 μων
3445 5253 3627 5305 ἕνεκεν

2051 5355 2222 5408 ταῦτα
2251 5353 2579 5421 πράττομεν.
2615 5346 2678 5397 '0
2710 5344 2776 5396 δὲ
2804 5345 2947 5408 Θεός
2969 5360 3109 5409 μου,
3146 5342 3300 5410 φησὶ,
3322 5340 3627 5408 πληρώσει

2053 5447 2258 5501 πᾶσαν
2277 5443 2483 5512 χρείαν
2502 5436 2684 5507 ὑμῶν,
2716 5437 2747 5505 ἢ
2772 5435 2950 5487 πᾶσαν
2963 5436 3142 5504 χάριν,
3172 5434 3206 5502 ἢ
3229 5435 3407 5484 πᾶσαν
3430 5432 3624 5501 χαράν.

2068 5537 2205 5590 Ἀλλ’
2235 5536 2300 5589 ἂν
2328 5532 2426 5604 μὲν
2455 5526 2509 5603 ᾖ,
2533 5527 2741 5582 Πᾶσαν
2755 5525 2949 5594 χάριν,
2981 5526 3053 5596 μὴ
3079 5523 3280 5594 ταύτην
3304 5522 3459 5593 μόνον
3475 5522 3626 5592 φησὶ,

2120 5711 2141 5741 ε
2166 5708 2377 5769 ιηῐργιπ.
2408 5702 2593 5765 legisse
2618 5697 2813 5750 videtur
2838 5698 2918 5745 καὶ
2941 5695 3025 5745 τοῦ
3045 5698 3229 5760 χρῄζειν
