4026 6148
420 335 528 391 293

418 446 520 514 τὴν
548 443 639 499 ἐπὶ
668 441 768 512 γῆς
793 438 1181 510 ἐλεημοσύνην,
1212 438 1346 493 ἀλλὰ
1380 439 1489 492 πᾶν
1518 437 1847 511 κατόρθωμα
1871 454 1889 474 ⁸
1924 441 1991 495 ἀν

421 547 502 612 δὲ,
533 543 746 601 Πᾶσαν
768 542 996 613 χρείαν,
1031 541 1168 611 ὅπερ
1190 536 1344 612 οἶμαι
1371 541 1466 594 καὶ
1495 540 1694 612 μᾶλλον
1716 541 1992 610 λέγεσθαι,

421 643 581 699 τοῦτό
640 646 787 697 ἐστιν
841 641 870 694 6
901 637 1093 712 δηλοῦν
1144 639 1423 710 βούλεται·
1458 641 1645 712 ἐπειδὴ
1689 640 1996 714 ἔμπροσθεν

421 740 593 805 εἶπεν,
624 739 1011 808 Ἠκαιρεῖσθε,
1032 738 1227 808 ἐπάγει
1246 739 1499 806 ἐνταῦθα,
1529 740 1666 811 ὅπερ
1692 741 1750 793 ὲν
1768 742 1834 812 τῇ
1860 739 1996 811 πρὸς

419 839 735 911 Κορινθίους
764 841 909 892 ποιεῖ
934 838 1130 908 λέγων,
1160 840 1215 892 '0
1243 838 1621 910 ἐπιχορηγῶν
1646 840 1887 909 σπέρμα
1916 838 1997 905 τῷ

419 941 747 1009 σπείροντι,
787 938 885 992 καί
912 938 1095 1007 ἄρτον
1124 941 1211 1005 εἰς
1227 938 1465 1007 βρῶσιν
1502 937 1856 1009 χορηγῆσαι,
1897 937 1997 992 καί

418 1038 722 1106 πληθύναι
737 1036 845 1089 τὸν
858 1036 1089 1106 σπόρον
1099 1035 1287 1106 ὑμῶν,
1308 1037 1405 1091 καί
1423 1036 1690 1103 αὐξῆσαι
1705 1037 1775 1092 τὰ
1792 1036 1999 1106 γεννή-

414 1158 572 1212 ματα
592 1140 702 1209 τῆς
721 1140 1114 1210 δικαιοσύνης
1128 1142 1312 1212 ὑμῶν.
1329 1141 1649 1212 Ἐπεύχεται
1665 1141 1773 1213 γὰρ
1793 1143 1993 1209 αὐτοῖς,

420 1239 562 1294 ὥστε
588 1236 728 1293 εἶναι
759 1241 816 1293 ὲν
835 1240 1084 1312 ἀφθονία,
1115 1244 1209 1295 καὶ
1232 1241 1375 1312 ἔχειν
1399 1242 1644 1311 σπείρειν
1666 1257 1680 1272 ⁸
1714 1243 1807 1295 καὶ
1832 1241 1997 1296 ἐπεύ-

420 1356 579 1409 χεται
612 1339 710 1409 οὐχ
739 1339 924 1404 ἁπλῶς
958 1340 1015 1393 ὲν
1050 1340 1280 1412 ἀφθονίᾳ
1312 1337 1473 1404 εἶναι,
1509 1340 1666 1406 ἀλλά,
1695 1341 1856 1397 Κατὰ
1884 1342 1999 1397 τὸν

419 1436 688 1492 πλοῦτον
707 1437 914 1492 αὐτοῦ.
934 1438 1099 1491 Ὥστε
1122 1439 1217 1492 καὶ
1240 1439 1401 1493 τοῦτο
1428 1456 1791 1511 συμμεμετρη
1801 1441 1996 1511 μένως.

419 1535 485 1588 Εἰ
519 1534 618 1604 μὲν
641 1533 749 1606 γάρ
775 1538 895 1588 κατ’
920 1536 1079 1589 αὐτὸν
1103 1531 1265 1607 ἦσαν,
1292 1538 1387 1592 καὶ
1414 1536 1557 1591 οὕτω
1574 1537 1875 1607 φιλόσοφοι,
1900 1539 1998 1592 καὶ

419 1633 591 1698 οῦτως
634 1634 1056 1705 ἐσταυρωμένοι,
1105 1636 1206 1689 οὐκ
1237 1634 1302 1689 ἂν
1334 1634 1490 1689 τοῦτο
1516 1636 1802 1706 ἐποίησεν⁸
1846 1638 1997 1690 ἐπει-

419 1732 485 1803 δὴ
530 1733 587 1787 δὲ
615 1733 805 1805 ἄνδρες
833 1730 994 1804 ἦσαν,
1043 1733 1399 1808 χειροτέχναι,
1433 1733 1679 1804 πένητες,
1733 1737 1999 1802 γυναῖκας

419 1830 667 1904 ἔχοντες,
707 1834 907 1899 παῖδας
949 1835 1263 1904 τρέφοντες,
1302 1834 1477 1896 οἰκίας
1506 1834 1869 1905 προεστῶτες,
1904 1835 1999 1889 καὶ

417 1931 527 1985 ἀπὸ
556 1931 753 2000 ὀλίγων
781 1932 877 1985 καὶ
902 1931 1076 1986 ταῦτα
1108 1931 1318 1995 ἔδοσαν,
1356 1930 1452 1985 καί
1489 1947 1608 1983 τινα
1633 1925 1777 2000 εἶχον
1800 1930 1995 1984 ἐπιθυ-

419 2030 548 2101 μίαν
581 2029 728 2102 [516]
770 2032 864 2084 καὶ
890 2030 999 2083 τῶν
1038 2030 1344 2101 παρόντων,
1388 2028 1677 2100 ἐπεύχεται
1709 2046 1992 2098 συγκατα-

416 2128 676 2193 ϐατικῶς.
719 2130 843 2194 Τοῖς
878 2129 984 2201 γάρ
1023 2127 1166 2183 οὕτω
1200 2127 1561 2201 κεχρημένοις
1602 2129 1755 2182 οὐδὲν
1796 2129 1999 2185 ἄτοπον

416 2227 746 2298 ἐπεύχεσθαι
781 2227 880 2299 τὴν
918 2228 1252 2299 αὐτάρκειαν
1277 2228 1369 2282 καὶ
1395 2228 1495 2297 τὴν
1536 2227 1820 2296 ἀφθονίαν.
1852 2228 1996 2297 ’Ὀρα

415 2326 547 2396 γοῦν
577 2326 630 2380 τί
656 2328 750 2380 καὶ
777 2326 1088 2398 ἐπεύχεταισ
1123 2328 1238 2382 Οὐκ
1264 2323 1437 2392 εἶπεν,
1463 2329 1545 2381 ὃτι
1572 2328 1802 2397 Ποιήσαι
1826 2326 1995 2381 πλου-

416 2426 563 2489 σίους
595 2425 689 2480 xal
733 2426 998 2497 εὐπόρους
1045 2427 1287 2496 σφόδρα,
1342 2427 1478 2481 ἀλλά
1516 2427 1611 2494 τί;
1680 2429 2001 2497 Πληρώσαι

416 2524 626 2579 πᾶσαν
677 2525 888 2593 χρείαν
945 2525 1131 2594 ὑμῶν.
1186 2525 1348 2578 ’Ὥστε
1393 2527 1467 2598 μὴ
1508 2521 1646 2580 εἶναι
1693 2529 1751 2581 ὲν
1798 2527 1997 2599 ἐνδείᾳ,

414 2624 555 2679 ἀλλά
583 2625 650 2679 τά
680 2624 816 2696 πρὸς
850 2626 1040 2697 χρείαν
1075 2625 1219 2696 ἔχειν
1241 2642 1254 2656 ⁸
1283 2628 1406 2681 ἐπεὶ
1440 2628 1534 2680 καὶ
1557 2630 1585 2681 6
1616 2629 1847 2699 Χριστὸς
1876 2630 1999 2700 ὅρον

416 2726 582 2797 εὐχῆς
608 2727 742 2796 ἡμῖν
771 2725 966 2789 διδοὺς,
1000 2725 1155 2780 τοῦτο
1187 2728 1252 2796 τῇ
1281 2727 1412 2799 εὐχῇ
1449 2728 1698 2798 ὲνέθηκε,
1733 2728 1999 2783 διδάσκων

413 2826 594 2895 ἡμᾶς,
626 2824 738 2879 Τὸν
766 2822 950 2892 ἇρτον
983 2825 1153 2893 ’ἡμῶν
1185 2825 1292 2878 τόν
1317 2825 1632 2880 ἐπιούσιον
1660 2826 1858 2895 λέγειν,
1894 2829 2000 2895 δός

413 2925 561 2994 ’ἡμῖν
587 2923 874 2992 σήμερον.
907 2926 1071 2978 Κατὰ
1098 2924 1206 2977 τὸν
1249 2922 1518 2977 πλοῦτον
1545 2923 1753 2978 αὐτοῦ.
1782 2925 1846 2977 Τί
1877 2925 1994 2976 ἐστι

411 3019 606 3087 τοῦτο;
668 3019 823 3072 Κατὰ
862 3019 964 3090 τὴν
1002 3019 1211 3091 δωρεὰν
1260 3019 1463 3073 αὐτοῦ·
1522 3020 1823 3082 τουτέστιν,
1874 3023 1903 3075 ὃ
1947 3040 1999 3076 τι

410 3117 635 3171 εὔκολον
667 3116 816 3188 αὐτῷ
856 3117 951 3171 καὶ
990 3117 1233 3183 δυνατὸν,
1273 3117 1368 3171 καὶ
1412 3118 1622 3189 ταχέως
1670 3124 1864 3177 ποιεῖν.
1890 3121 2000 3175 Kal

408 3218 595 3289 ἐπειδὴ
627 3218 844 3286 Χρείαν
878 3212 1048 3283 εἶπον,
1100 3218 1186 3272 ἵνα
1220 3219 1294 3289 μὴ
1350 3218 1666 3288 νομίσωσιν,
1700 3219 1781 3273 ὄτι
1812 3236 1997 3273 στενοο

409 3316 648 3387 χωρήσει
699 3317 935 3379 αὐτοὺς,
993 3315 1080 3369 διὰ
1121 3314 1278 3370 τοῦτο
1324 3317 1605 3387 ἐπήγαγε,
1677 3318 1841 3372 Κατὰ
1894 3318 2000 3371 τὸν

409 3415 678 3468 πλοῦτον
700 3414 890 3469 αὐτοῦ
928 3414 999 3468 ἐν
1030 3415 1179 3484 δόξῃ
1209 3415 1279 3468 ἐν
1302 3416 1536 3484 Χριστῷ
1579 3417 1805 3484 Ἰησοῦ.
1840 3416 1997 3471 Οὕτω

411 3512 765 3582 περισσεύσει
784 3513 914 3582 ὑμῖν
939 3512 1174 3576 ἅπαντα,
1207 3514 1392 3583 φησὶν,
1422 3514 1562 3568 ὥστε
1597 3516 1655 3567 ὲν
1682 3515 1809 3588 δόξῃ
1831 3516 1995 3569 αὐτοῦ

411 3612 576 3680 ἔχειν.
633 3612 703 3662 Ἦ
733 3606 827 3662 οὖν
860 3610 1019 3663 τοῦτο
1045 3612 1211 3679 λέγει,
1257 3612 1338 3665 ὅτι
1378 3613 1602 3675 Οὐδενὸς
1636 3612 1948 3683 ὑστερεῖσθε
1978 3628 1991 3644 ⁸

410 3710 517 3763 Καί
535 3708 709 3775 χάρις
723 3707 794 3775 γά
802 3724 831 3777 ρ
838 3707 1094 3776 μεγάλη,
1114 3706 1382 3779 φησὶν,ἦν
1392 3710 1489 3763 ἐπὶ
1506 3710 1735 3776 πάντας
1747 3711 1991 3776 αὐτούς’

412 3806 556 3859 οὐδὲ
585 3808 695 3876 γὰρ
743 3803 958 3871 ἐνδεής
979 3821 1070 3868 τις
1097 3803 1371 3873 ὑπῆρχεν
1408 3806 1477 3859 ὲν
1504 3806 1704 3874 αὐτοῖς
1731 3827 1744 3840 ·
1781 3811 1814 3878 ἢ
1862 3826 2001 3880 προ-

410 3906 601 3974 τρέπει
634 3904 712 3967 εἰς
750 3902 906 3966 δόξαν
938 3901 1101 3955 αὑτοῦ
1146 3903 1321 3955 πάντα
1359 3905 1560 3957 ποιεῖν·
1607 3905 1738 3958 ὡσεὶ
1770 3907 1955 3976 ἔλεγεν
1976 3921 1992 3933 ‘

412 4003 529 4055 Ἵνα
554 4003 633 4066 εἰς
659 4001 814 4068 δόξαν
839 4000 999 4053 αὐτοῦ
1024 3999 1225 4072 χρῆσθε
1248 4003 1312 4072 τῇ
1338 4018 1404 4053 πε
1414 4003 1644 4073 ριουσίᾳ.
1672 4004 1756 4069 Τῷ
1779 4005 1846 4057 δὲ
1872 4006 1993 4073 Θεῷ

407 4103 508 4159 καί
561 4103 744 4171 Πατρί
796 4101 967 4172 ἡμῶν
1018 4103 1057 4171 ἠ
1110 4101 1260 4166 δόξα
1299 4105 1386 4170 εἰς
1435 4103 1579 4171 τοὺς
1610 4105 1831 4174 αἰῶνας
1873 4108 1993 4163 τῶν

405 4202 657 4257 αἰώνων.
696 4201 891 4270 Ἀμήν.
916 4199 1065 4272 Αὕτη
1082 4200 1140 4254 δὲ
1170 4203 1203 4272 ή
1232 4200 1359 4266 δόξα
1384 4202 1505 4272 οὐχ).
1526 4203 1619 4256 τοῦ
1645 4204 1773 4258 Υἰοῦ
1808 4206 1988 4276 μόνον,

406 4303 543 4358 ἀλλά
584 4303 680 4357 xal
709 4305 802 4356 τοῦ
828 4302 1040 4373 [ἰατρὸς
1083 4302 1312 4371 γίνεται.
1338 4304 1508 4357 Ὅταν
1538 4304 1648 4377 γὰρ
1677 4307 1706 4359 6
1741 4306 1868 4370 Υἱὸς
1903 4307 1991 4361 δο-

409 4401 657 4471 ξάζηται,
703 4400 824 4453 τότε
846 4402 874 4453 6
905 4400 1116 4471 Πατήρ.
1164 4400 1380 4473 Ἐπειδὴ
1403 4401 1509 4473 γὰρ
1538 4397 1694 4456 εἷπεν
1720 4405 1801 4469 εἰς
1831 4405 1989 4471 δόξαν

405 4500 642 4572 Χριστοῦ
687 4499 847 4553 τοῦτο
889 4498 1174 4567 γενέσθαι,
1216 4500 1303 4552 ἵνα
1348 4501 1422 4572 μή
1469 4518 1553 4566 τις
1592 4504 1788 4577 νομίσῃ
1820 4505 1985 4561 αὐτοῦ

410 4601 593 4671 μόνου,
642 4598 923 4668 ἐπήγαγεν
976 4594 1060 4660 Τῷ
1091 4596 1160 4649 δὲ
1209 4596 1331 4662 Θεῷ
1379 4599 1478 4653 καί
1525 4602 1704 4669 Πατρί
1747 4603 1915 4672 ἡμῶν
1945 4607 1985 4675 ἠ

404 4699 574 4762 δόξα,
606 4695 745 4767 αῦτη
772 4697 805 4767 ἠ
837 4695 1100 4767 γενομένη
1132 4696 1374 4768 δηλονότι
1405 4698 1482 4769 τῷ
1511 4700 1645 4770 Υἰῷ.
1692 4703 1986 4758 Ἁσπιὶσα.

406 4805 517 4855 σθε
557 4798 754 4852 πάντα
796 4796 966 4867 ἅγιον
1000 4797 1071 4850 ἐν
1114 4799 1345 4866 Χριστῷ
1400 4800 1623 4867 Ἰησοῦ.
1672 4803 1745 4855 Οὐ
1787 4805 1983 4875 μικρὸν

407 4897 680 4953 καὶτοῦτο
703 4912 715 4926 ·
754 4896 955 4967 πολλῆς
987 4895 1096 4967 γάρ
1134 4897 1439 4963 εὐμενείας,
1467 4900 1560 4951 καὶ
1591 4900 1647 4953 τὸ
1682 4901 1771 4954 διά
1803 4919 1983 4973 γραμ-

407 4999 593 5068 μάτων
661 4997 857 5060 αὐτοὺς
893 4996 1255 5061 ἀσπάζεσθαι.
1308 4996 1686 5057 Ἀσπάζονται
1730 5001 1887 5070 ὑμᾶς
1930 5007 1982 5058 οἰ

406 5098 527 5151 σὺν
546 5098 674 5163 ἑμοί
699 5097 972 5167 ἀδελφοί.
1006 5097 1117 5150 Kal
1145 5097 1251 5170 μὴν
1272 5097 1475 5166 ἔλεγες,
1506 5099 1587 5151 ὅτι
1615 5099 1842 5155 Οὐδένα
1863 5103 1982 5172 ἔχω

408 5199 730 5265 ἰσόψυχον,
788 5197 957 5264 ὅστις
1005 5198 1272 5268 γνησίως
1317 5194 1387 5248 τὰ
1418 5197 1549 5263 περὶ
1602 5196 1769 5266 ὐμῶν
1816 5216 1982 5268 μερι-

403 5300 627 5370 μνήσει
645 5318 661 5332 σ
696 5302 811 5365 πῶς
842 5298 933 5357 οὖν
958 5302 1137 5371 λέγεις
1159 5301 1275 5365 νῦν,
1307 5302 1373 5355 Οἰ
1400 5300 1521 5354 σὺν
1550 5301 1675 5371 ἐμοί
1700 5302 1978 5373 ἀδελφοί,

408 5402 477 5454 Ἢ
497 5402 623 5463 τοὺς
643 5403 760 5472 μετ’
777 5401 940 5455 αὐτοῦ
965 5402 1228 5473 ἀδελφούς
1256 5420 1411 5475 φησι,
1438 5402 1614 5474 δηλῶν
1635 5405 1716 5459 ὃτι
1750 5406 1981 5461 Οὐδένα

404 5500 524 5554 τῶν
540 5501 671 5569 μεθ’
701 5501 915 5556 ἑαυτοῦ
947 5503 1071 5572 ἔχει
1106 5505 1430 5573 ἰσόψυχον,
1453 5504 1516 5557 οὐ
1544 5505 1672 5577 περὶ
1698 5503 1807 5559 τῶν
1833 5508 1890 5561 ὲν
1911 5509 1978 5578 τῇ

405 5599 558 5652 πόλει
592 5599 767 5667 λέγων
791 5617 805 5632 ·
848 5602 1006 5655 ποίαν
1045 5602 1153 5674 γὰρ
1197 5603 1441 5675 ἀνάγκην
1485 5602 1632 5677 εἰχον
1672 5608 1869 5662 ἐκεῖνοι
1912 5609 1981 5662 τά

404 5696 513 5750 τῶν
556 5700 867 5757 ἀποστόλων
912 5703 1265 5773 ἀναδέχεσθαι
1320 5706 1653 5777 πράγματα;
1707 5708 1739 5778 ἢ
1795 5708 1874 5764 ὅτι
1915 5704 1994 5782 οὐ)

1077 324 1134 382 S.
1170 320 1456 381 JOANNIS
1487 320 1983 381 CHRYSOSTOII
2018 320 2341 380 ARCHIEP.
2381 322 2924 381 CONSTANTINOP.

3562 324 3671 380 εει

2097 440 2441 509 παραιτεῖται
2469 438 2565 493 καὶ
2590 438 2810 501 τούτους
2829 435 3094 507 ἀδελφοὺς
3115 436 3321 489 καλεῖν.
3361 435 3678 496 Ἀσπάζον-

2094 555 2189 594 ται
2214 539 2372 610 ὐμᾶς
2399 539 2622 605 πάντες
2645 542 2699 593 οἰ
2734 538 2911 610 ἅγιοι,
2958 536 3228 607 μάλιστα
3261 534 3331 590 δὲ
3364 538 3420 590 οἰ
3451 536 3520 590 ἐκ
3555 535 3672 606 τῆς

2094 640 2396 709 Καίσαρος
2454 641 2664 707 οἰκίας.
2717 640 2778 696 Ἡ
2827 639 2998 708 χάρις
3056 637 3165 692 τοῦ
3218 636 3444 704 Κυρίου
3502 634 3676 705 ἡμῶν

2109 741 2313 809 Ἰησοῦ
2354 740 2613 810 Χριστοῦ
2640 740 2793 810 μετὰ
2833 737 3077 793 πάντων
3111 736 3296 807 ὑμῶν.
3348 736 3678 807 ’Δνέστησεν

2097 841 2293 904 αὐτοὺς
2318 841 2412 895 καὶ
2444 841 2742 911 ἀνέρρωσε,
2777 838 2989 902 δεικνὺς
3016 838 3098 891 ὅτι
3128 837 3222 891 καὶ
3247 837 3345 907 τῆς
3384 836 3679 908 βασιλικῆς

2095 940 2274 1005 οἰκίας
2307 939 2368 993 τὸ
2415 941 2679 1012 κήρυγμα
2722 938 2919 1010 ἥψατο.
2965 939 3029 991 Εἰ
3062 937 3172 1010 γὰρ
3202 937 3252 990 οἰ
3282 937 3340 989 ἐν
3390 938 3505 1000 τοῖς
3526 935 3683 1005 βασι-

2098 1036 2261 1102 λείοις
2304 1038 2520 1094 πάντων
2566 1039 2975 1111 κατεφρόνησαν
3025 1037 3113 1092 διὰ
3154 1037 3246 1091 τὸν
3302 1035 3528 1108 βασιλέα
3568 1034 3683 1090 τῶν

2097 1137 2362 1209 οὐρανῶν,
2387 1137 2567 1209 πολλῷ
2601 1139 2798 1210 μᾶλλον
2814 1137 3012 1201 αὐτοὺς
3041 1135 3147 1209 χρὴ
3170 1136 3330 1190 τοῦτο
3355 1140 3544 1190 ποιεῖν.
3568 1136 3681 1191 Kal

2096 1236 2254 1291 τοῦτο
2284 1237 2340 1290 δὲ
2360 1238 2660 1309 τεκμήριον
2687 1233 2756 1309 ἦν
2772 1238 2871 1307 τῆς
2899 1236 3113 1289 Παύλου
3144 1236 3388 1305 ἀγάπης,
3427 1234 3489 1288 τδ
3511 1233 3682 1287 πολλὰ

2099 1339 2229 1408 περὶ
2253 1337 2430 1390 αὐτῶν
2452 1336 2779 1408 διηγεῖσθαι,
2810 1336 2907 1390 καὶ
2941 1335 3155 1406 μεγάλα
3188 1335 3389 1403 λέγειν,
3420 1333 3540 1387 ὅθεν
3580 1313 3698 1392 καὶ.

2098 1437 2178 1499 εἰς
2230 1437 2395 1490 πόθον
2426 1437 2601 1506 ἤγαγε
2622 1437 2749 1499 τοὺς
2773 1438 2830 1489 ὲν
2856 1438 2967 1500 τοῖς
2987 1435 3297 1506 βασιλείοις,
3329 1434 3468 1488 ὥστε
3493 1434 3677 1487 ἀσπά-

2101 1536 2294 1589 σασθαι
2315 1536 2510 1598 αὐτοὺς
2533 1537 2657 1600 τοὺς
2672 1536 2770 1607 οὐχ
2786 1536 3122 1608 ἑωρακότας.
3144 1536 3398 1591 Μάλιστα
3429 1535 3529 1605 μὲν
3550 1535 3676 1607 γὰρ,

2099 1636 2285 1706 mm,
2331 1636 2389 1689 ὲν
2438 1635 2616 1706 θλίψει
2662 1632 2803 1706 ἦσαν
2847 1638 2897 1690 οἰ.
2945 1635 3126 1690 πιστοί⁹
3167 1636 3311 1701 τότε,
3346 1634 3517 1707 πολλὴ
3543 1630 3611 1707 ἧν
3640 1636 3678 1706 ἡ

2099 1733 2310 1804 ἀγάπη.
2346 1733 2504 1802 Πῶς;
2550 1734 2617 1788 Οἵ
2660 1752 2721 1787 τε
2774 1734 2882 1806 γὰρ
2913 1734 3156 1806 ἀλλήλων
3183 1734 3550 1802 διεστηκότες,
3591 1732 3685 1787 ἀλ-

2099 1834 2282 1904 λήλοις
2330 1831 2471 1907 ἦσαν
2512 1836 3028 1907 συγκεκολλημένοι,
3054 1837 3148 1891 καὶ
3188 1836 3239 1889 οί
3265 1835 3571 1907 πόρρωθεν,
3602 1834 3682 1899 ὡς

2100 1932 2253 2007 [517]
2281 1935 2448 2004 ἐγγὺς
2469 1935 2640 2003 ὄντες,
2661 1935 2925 2009 ἀλλήλους
2955 1936 3294 2008 ἠσπάσαντο,
3336 1936 3433 1991 καὶ
3453 1936 3527 1999 ὡς
3550 1935 3681 2007 περὶ

2103 2036 2239 2107 μέλη
2253 2036 2445 2101 οἰκεῖα,
2464 2036 2607 2090 οὕτω
2626 2037 2763 2111 πρὸς
2779 2038 3004 2101 ἑαυτοὺς
3020 2038 3249 2101 ἕκαστος
3263 2037 3543 2090 διετίθετο.
3568 2035 3681 2090 Kal

2098 2138 2128 2191 6
2158 2137 2326 2210 πένης
2352 2136 2461 2209 γάρ
2490 2137 2629 2209 πρὸς
2670 2137 2764 2191 τὸν
2798 2137 3051 2191 πλούσιον
3073 2136 3272 2208 ὁμοίως
3303 2136 3554 2201 διέκειτο,
3585 2134 3681 2188 καὶ

2099 2247 2129 2299 6
2163 2244 2417 2310 πλούσιος
2453 2244 2591 2316 πρὸς
2622 2244 2716 2298 τὸν
2753 2243 2963 2315 πένητα
2982 2260 2996 2274 ·
3027 2242 3124 2298 καὶ
3153 2241 3379 2310 οὐδεμία
3402 2236 3472 2313 ἦν
3502 2242 3678 2313 ὐπερ-

2100 2342 2218 2414 οχὴ,
2258 2343 2336 2413 τῷ
2374 2342 2584 2405 πάντας
2625 2341 2828 2412 ὁμοίως
2877 2340 3153 2412 μισεῖσθαι
3193 2339 3289 2392 καὶ
3336 2338 3677 2404 ἐλαύνεσθαι,

2100 2442 2195 2497 καὶ
2218 2443 2311 2495 ἐπὶ
2351 2444 2463 2506 τοῖς
2494 2441 2694 2504 αὐτοῖς.
2734 2439 2945 2510 Ὠσπερ
2979 2437 3090 2509 γάρ
3116 2440 3166 2491 οί
3196 2439 3259 2491 ὲκ
3286 2436 3556 2507 διαφόρων
3584 2435 3679 2489 πό-

2100 2540 2237 2594 λεων
2269 2540 2606 2612 αἰχμάλωτοι
2636 2557 2783 2603 τινες
2822 2539 3175 2604 ἀναστάντες,
3196 2541 3290 2593 καὶ
3322 2540 3403 2603 εἰς
3431 2539 3558 2609 μίαν
3591 2537 3681 2590 έλ-

2102 2643 2287 2708 θόντες
2337 2643 2510 2709 πόλιν,
2564 2642 2766 2715 σφόδρα
2812 2642 3062 2713 ἀλλήλοις
3104 2642 3538 2713 συμπλέκονται,
3581 2638 3679 2693 τοῦ

2102 2742 2283 2797 κοινοῦ
2315 2742 2415 2812 τῆς
2460 2742 2744 2812 συμφορᾶς
2771 2740 3172 2808 ωγκολλῶντος
3198 2738 3421 2801 αὐτούς’
3454 2736 3595 2790 οὕτω
3612 2736 3681 2806 δὴ

2102 2843 2195 2897 καὶ
2224 2842 2366 2908 τότε,
2392 2842 2489 2912 τῆς
2518 2841 2803 2904 κοινωνίας
2824 2841 2933 2894 τῶν
2957 2839 3299 2910 παθημάτων
3322 2842 3416 2893 καὶ
3440 2837 3547 2891 τῶν
3568 2831 3683 2889 θλί-

2099 2943 2245 3012 ψεων
2279 2941 2653 3013 συναπτούσης
2687 2941 2905 3008 αὐτοὺς,
2938 2939 3134 3010 πολλὴν
3169 2935 3316 3010 εἶχον
3354 2941 3488 3009 πρὸς
3512 2936 3681 3007 ἀλλή-

2102 3042 2224 3107 λους
2248 3042 2491 3112 ἀγάπην.

2170 3148 2232 3195 ε’.
2251 3141 2459 3212 Δεσμδς
2482 3140 2591 3211 γάρ
2619 3140 2702 3203 τίς
2725 3140 2873 3192 ἐστιν
2899 3141 2933 3209 ὴ
2963 3139 3138 3207 θλίψις
3170 3136 3435 3210 ἀρραγὴς,
3459 3136 3680 3206 ἀγάπης

2097 3239 2348 3311 αὐξησις,
2378 3239 2725 3304 κατανύξεως
2753 3239 2850 3293 καὶ
2880 3239 3163 3302 εὐλαϐείας
3185 3237 3459 3299 ὑπόθεσις.
3484 3237 3684 3288 Ἄκουε

2098 3340 2207 3409 γὰρ
2250 3338 2343 3393 τοῦ
2394 3338 2559 3392 Δαυῒδ
2600 3338 2880 3403 λέγοντος·
2923 3338 3160 3408 Ἀγαΰόν
3201 3352 3325 3404 μοι,
3366 3336 3562 3401 Κύριε,
3592 3334 3688 3387 ὅτι

2097 3438 2507 3504 ἐταπείνωσὰς
2542 3455 2639 3507 με,
2682 3439 2843 3505 ὅπως
2882 3438 2958 3491 ἂν
2999 3435 3162 3506 μάθω
3196 3433 3265 3487 τὰ
3306 3431 3685 3500 δικαιώματά

2098 3551 2215 3592 σου
2240 3554 2254 3569 ·
2287 3539 2378 3591 καὶ
2406 3538 2567 3592 πάλιν
2594 3538 2782 3609 ἐτέρου
2818 3539 3095 3609 προφήτου
3117 3534 3382 3603 λέγοντος,
3424 3535 3688 3603 Ἀγαθὸν·

2096 3636 2400 3705 ἀνθρώπῳ,
2448 3635 2593 3691 ὅταν
2635 3636 2751 3706 ἄρῃ
2802 3638 2980 3707 ζυγὸν
3019 3637 3089 3690 ἐκ
3131 3636 3412 3703 νεότητος
3455 3634 3681 3689 αὐτοῦ’

2096 3737 2190 3790 καὶ
2223 3736 2406 3801 πάλιν,
2438 3735 2740 3803 Μακάριος
2760 3736 3092 3803 ἄνθρωπος,
3127 3735 3200 3789 ὃν
3225 3735 3301 3789 ἂν
3322 3734 3682 3802 παιδεύσῃς,

2095 3837 2271 3903 Κύριε
2297 3850 2311 3862 '
2357 3834 2450 3889 καὶ
2498 3833 2685 3904 ἑτέρου
2742 3833 2883 3898 τινδς
2946 3833 3222 3898 λέγοντος.
3262 3830 3361 3900 Μὴ
3400 3830 3673 3901 ὀλιγώρει

2096 3935 2364 4001 παιδείας
2386 3935 2606 4002 Kvplov
2625 3950 2639 3967 ·
2669 3934 2761 3987 καὶ
2793 3932 3049 4003 ἀλλαχοῦ,
3093 3935 3166 3987 Εἰ
3207 3933 3510 4001 προσέρχῃ
3542 3931 3683 3986 60v-

2093 4032 2299 4087 λεύειν
2324 4032 2540 4100 Κυρίῳ,
2566 4030 2889 4101 ἐτοίμασον
2911 4030 3029 4098 τὴν
3056 4030 3269 4098 ψυχήν
3300 4045 3417 4083 σου
3445 4032 3530 4095 εἰς
3554 4043 3682 4082 πει-

2085 4132 2344 4200 ρασμόν.
2371 4133 2477 4185 Kal
2501 4132 2529 4184 6
2555 4132 2789 4204 Χριστὸς
2815 4132 2872 4186 δὲ
2899 4131 3035 4200 πρὸς
3063 4131 3188 4194 τοὺς
3208 4129 3404 4184 ἑαυτοῦ
3426 4129 3679 4201 μαθητάς

2092 4227 2295 4296 ἔλεγεν,
2313 4230 2408 4283 Ἐν
2432 4229 2510 4294 τῷ
2530 4231 2734 4299 κόσμῳ
2748 4228 2957 4297 θλῖψιν
2972 4228 3158 4293 ἕξετε,
3180 4229 3341 4285 ἀλλὰ
3364 4229 3636 4298 θαρσεῖτε
3652 4244 3671 4260 ο

2090 4329 2183 4380 καὶ
2210 4328 2392 4393 πάλιν,
2436 4330 2744 4383 κλαύσετε
2779 4328 2877 4382 καί
2914 4328 3246 4397 θρηνήσετε
3284 4328 3472 4397 ὑμεῖς,
3505 4330 3539 4381 ό
3598 4328 3671 4381 δὲ

2089 4425 2317 4495 κόσμος
2346 4425 2673 4495 χαρήσεται
2693 4443 2707 4456 ⁸
2740 4428 2831 4482 καὶ⁵
2864 4427 3043 4491 πάλιν,
3079 4427 3271 4495 Στενὴ
3308 4426 3407 4482 καί
3437 4430 3676 4496 τεθλιμ-

2082 4526 2243 4596 μένη
2288 4526 2325 4593 τ’]
2360 4526 2518 4592 όδός.
2573 4525 2736 4599 Ὁρᾷς
2764 4526 3044 4597 πανταχοῦ
3065 4526 3164 4598 τὴν
3198 4526 3375 4597 θλῖψιν
3417 4527 3673 4579 ἐπαινου-

2090 4627 2291 4696 μένην;
2333 4624 2611 4695 πανταχοῦ
2645 4626 3234 4697 παραλαμϐανομένην,
3259 4625 3334 4689 ὠς
3361 4624 3670 4693 ἀναγκαίαν

2089 4718 2253 4777 οὖσαν
2310 4724 2476 4793 ἡμῖν;
2526 4722 2588 4774 Εἰ
2615 4722 2723 4794 γάρ
2754 4724 2812 4777 ὲν
2860 4726 2973 4786 τοῖς
3016 4722 3212 4788 ἔξωθεν
3254 4723 3461 4791 ἀγῶσιν
3490 4721 3670 4787 οὐδεὶς

2084 4822 2151 4877 ἂν
2181 4822 2383 4891 ταύτης
2429 4823 2599 4893 χωρὶς
2640 4823 2902 4892 στέφανον
2936 4822 3109 4887 λάϐοι,
3152 4824 3200 4874 εἰ
3239 4820 3314 4890 μὴ
3351 4822 3444 4875 καὶ
3485 4822 3672 4885 πόνοις

2084 4923 2177 4975 καὶ
2223 4923 2405 4975 σιτίων
2445 4925 2778 4994 παραιτήσει
2829 4926 2922 4977 καὶ
2951 4924 3100 4993 νόμῳ
3140 4922 3350 4993 διαίτης
3383 4921 3479 4975 καὶ
3499 4922 3670 4991 ἀγρυ-

2085 5022 2265 5085 πνίαις
2300 5022 2393 5075 καὶ
2422 5023 2635 5095 μυρίοις
2660 5023 2865 5093 ἑτέροις
2897 5024 3086 5076 ἑαυτὸν
3128 5022 3443 5093 ὀχυρώσειε,
3483 5022 3665 5091 πολλῷ

2087 5120 2284 5192 μᾶλλον
2306 5121 2561 5176 ἐνταῦθα.
2594 5122 2727 5176 Τίνα
2744 5121 3043 5193 γάρβούλει
3064 5140 3078 5189 ;
3102 5122 3193 5175 τὸν
3213 5122 3437 5192 βασιλέα
3458 5123 3667 5187 είπεῖνς

2061 5221 2237 5277 ,Ἀλλ’
2282 5222 2403 5275 οὐδὲ
2445 5222 2651 5285 ἐκεῖνος
2687 5221 2993 5294 ἀμέριμνον
3050 5221 3115 5293 ζῇ
3172 5220 3323 5291 βίον,
3374 5220 3513 5273 άλλά
3572 5222 3672 5274 καὶ

2062 5320 2298 5406 Οπολλῶν
2325 5321 2556 5391 θλίψεων
2579 5322 2671 5375 καὶ
2692 5322 2987 5393 φροντίδων
3027 5322 3285 5390 γέμοντα.
3327 5322 3419 5391 Μὴ
3450 5321 3560 5391 γὰρ
3589 5322 3671 5383 εἰς

2084 5419 2143 5472 τὸ
2170 5419 2406 5489 διάδημα
2433 5420 2566 5493 ἴδῃς,
2592 5420 2707 5473 ἀλλ’
2744 5422 2824 5485 εἰς
2854 5421 2915 5473 τὸ
2942 5420 3228 5473 κλυδώνιον
3252 5418 3569 5488 φροντίδων,
3598 5419 3691 5473 δι’.

2086 5512 2146 5572 οὗ
2176 5519 2322 5589 αὐτῷ
2356 5522 2383 5573 6
2408 5519 2636 5591 θόρυϐος
2667 5519 2937 5573 τίκτεται·
2975 5519 3111 5589 μηδὲ
3145 5519 3224 5582 εἰς
3244 5518 3343 5586 τὴν
3372 5516 3669 5587 ἁλουργίδα
3694 5576 3701 5585 η

2086 5616 2270 5685 βλέπε,
2317 5616 2429 5669 ἀλλ’
2473 5619 2555 5680 εἰς
2594 5615 2694 5686 τὴν
2739 5615 2917 5687 ψυχὴν
2939 5615 3036 5685 τὴν
3081 5616 3284 5685 μᾶλλον
3307 5614 3526 5685 ἐκείνης
3567 5615 3669 5682 τῆς

2088 5714 2399 5785 ἀλουργίδος
2426 5716 2817 5788 μελαινομένην
2838 5733 2851 5748 ο
2881 5717 2979 5787 οὐχ
2997 5714 3172 5782 οὕτως
3193 5718 3222 5773 6
3254 5716 3515 5788 στέφανος
3540 5717 3667 5769 6:0-
