4026 6148
430 281 534 337 επ

431 392 639 461 impleat
669 401 867 442 omnem
891 381 1226 436 necessitatem
1253 385 1485 438 vestram,
1515 373 1646 426 alias
1668 380 1822 425 πᾶσαν
1848 374 2006 439 χάριν,

437 459 521 538 uel
556 524 572 549 ,
603 487 754 534 πᾶσαν
777 477 935 547 χαράν
960 513 972 536 ,
1004 469 1053 524 id
1075 479 1156 522 est
1184 509 1199 530 ,
1224 482 1418 520 onmem
1445 463 1660 534 gratiam
1677 502 1692 526 ,
1719 459 1801 513 vel
1827 500 1842 524 ,
1866 472 2014 549 omne

437 544 702 648 gaudium.
746 572 820 648 Af
846 544 890 618 si
911 562 1125 632 quidem
1158 559 1384 627 legatur,
1408 554 1621 608 Omnem
1647 553 1884 620 gratiam,
1912 544 2012 648 hoc

439 633 709 737 signiﬁcat
734 703 750 727 ,
777 633 918 712 ‘non
969 656 1104 710 hanc
1147 652 1314 705 solam
1349 649 1746 737 eleetnosynam
1787 655 1906 737 qua:
1959 639 2012 692 in

443 733 608 821 terra,
647 752 740 809 sed
799 762 960 804 omne
986 743 1342 804 benefactum;
1377 741 1480 801 sin,
1506 735 1644 804 quod
1670 733 1839 802 magis
1865 738 2010 821 puto,

447 820 654 900 Omnem
681 839 1018 893 necessitatem
1046 849 1064 897 ;
1091 832 1193 885 hoc
1220 839 1304 885 est
1326 871 1340 894 ,
1364 826 1504 896 quod
1535 825 1832 890 signiﬁcare
1869 820 2012 873 vult:

444 936 688 1006 quoniam
735 931 982 990 dixerat,
1030 923 1277 992 Occupati
1320 921 1512 980 eratis,
1563 914 1836 1006 subiungit
1885 911 2012 974 hic,

441 1002 579 1096 quod
618 1023 779 1077 etiam
823 1019 948 1072 facit
986 1018 1040 1070 in
1073 1013 1307 1084 Epistula
1333 1009 1404 1063 ad
1434 1005 1740 1062 Corinthios
1784 1002 1970 1096 dicens
1998 1040 2012 1064 ,

444 1093 546 1185 Qui
569 1115 890 1168 administrat
920 1125 1086 1163 semen
1111 1105 1399 1166 seminanti,
1430 1110 1475 1154 et
1501 1114 1681 1168 panem
1701 1096 1768 1149 ad
1793 1093 2015 1147 mandu-

442 1206 658 1259 candum
697 1209 918 1270 pra'stet,
951 1209 994 1250 et
1017 1195 1313 1263 multiplica
1352 1205 1520 1244 semen
1555 1195 1774 1240 uestrum
1798 1225 1813 1247 ,
1845 1191 1891 1236 et
1919 1196 2016 1233 au-

445 1305 558 1366 geat
585 1293 809 1364 germina
837 1290 1042 1358 frugum
1059 1285 1274 1354 justitia:
1299 1291 1475 1334 vestrae
1507 1276 1603 1347 (‘2.
1633 1274 1754 1330 Cor.
1861 1270 1950 1366 -10
1976 1271 2013 1336 ).

445 1361 600 1439 hane
623 1391 676 1437 et
719 1381 800 1433 his
826 1379 932 1432 hoc
959 1385 1202 1446 precatur
1225 1415 1240 1437 ,
1287 1379 1347 1425 ut
1375 1367 1648 1422 abundent
1690 1371 1745 1418 et
1791 1361 2020 1414 habeant

451 1475 592 1527 unde
633 1472 940 1532 seminent;
980 1477 1031 1520 et
1064 1473 1330 1536 precatur,
1375 1475 1480 1514 non
1528 1467 1585 1511 ut
1633 1454 1820 1525 qumis
1861 1449 2020 1504 modo

451 1563 742 1626 abundent,
784 1559 903 1625 sed,
938 1556 1228 1611 Secundum
1254 1553 1453 1604 divitias
1492 1563 1632 1602 snas.
1662 1541 2020 1611 Quamobrem

451 1667 506 1710 et
534 1656 636 1708 hoc
667 1653 937 1706 moderate
969 1648 1111 1701 fecit.
1153 1645 1283 1698 Nam
1309 1642 1358 1696 si
1383 1640 1549 1695 Paulo
1578 1636 1776 1692 similes
1806 1632 2021 1686 omnino

451 1746 674 1800 luis-ent
699 1783 713 1806 ,
754 1742 890 1795 adeo
923 1735 1225 1808 philosophi
1251 1777 1265 1799 ,
1309 1733 1444 1786 adeo
1469 1726 1745 1790 cruciﬁxi,
1778 1738 1881 1776 non
1923 1721 2024 1772 hoc

448 1851 578 1892 sane
613 1834 878 1889 ell'ecisset
924 1847 936 1883 :
987 1827 1084 1883 sed
1131 1825 1379 1896 quoniam
1421 1819 1665 1874 homines
1707 1823 1856 1867 erant
1905 1810 2022 1878 opi—

454 1928 578 1980 ﬁces
603 1966 617 1989 ,
667 1935 928 1992 pauperes
955 1961 969 1984 ,
1005 1933 1204 1972 uxores
1237 1913 1542 1974 habebant,
1589 1907 1726 1960 ﬁlios
1771 1905 2022 1966 alebant,

453 2026 629 2083 patres
659 2013 882 2066 familias
908 2017 1104 2072 erant,
1139 2014 1298 2074 atque
1334 2018 1398 2056 ex
1433 1999 1690 2054 tenuitate
1719 2010 1812 2049 sua
1847 2005 2024 2048 tamen

453 2108 572 2160 bare
599 2103 858 2158 dederant
885 2141 899 2164 ,
929 2100 1265 2170 quadamque
1303 2109 1478 2149 rerum
1505 2089 1844 2160 praesentium
1872 2084 2025 2153 cupi-

455 2197 624 2253 ditate
654 2195 871 2248 minime
906 2190 1200 2250 carebant;
1243 2187 1312 2238 ita
1348 2193 1615 2250 precatur,
1644 2189 1700 2233 ut
1728 2192 1788 2232 se
1815 2176 1879 2230 ad
1907 2176 2029 2230 illo.-

459 2303 577 2340 rum
603 2294 817 2353 captum
854 2281 1120 2335 demittat.
1166 2278 1233 2330 lis
1257 2276 1403 2329 enim
1429 2273 1520 2342 qui
1564 2273 1663 2324 hoc
1702 2268 1866 2322 modo
1912 2275 2029 2319 ute-

461 2384 667 2436 rentur,
697 2371 826 2425 nihil
865 2368 1079 2422 absurdi
1112 2374 1315 2418 tantum
1350 2360 1550 2431 precari
1576 2400 1592 2426 ,
1633 2367 1886 2427 quantum
1929 2355 2035 2408 illis

462 2467 596 2518 satis
633 2463 704 2516 sit
734 2472 892 2530 atque
919 2467 974 2511 ut
1003 2455 1294 2510 abundent.
1349 2451 1476 2505 Vide
1517 2450 1674 2518 igitur
1698 2487 1713 2511 ,
1754 2445 1880 2515 quid
1908 2459 2034 2512 pre-

459 2563 615 2608 cetur
647 2568 659 2603 :
693 2566 799 2603 non
824 2547 986 2610 dixit,
1033 2544 1214 2598 Faciat
1251 2541 1443 2594 divites
1469 2579 1483 2602 ,
1515 2552 1584 2590 ac
1625 2534 1780 2588 valde
1809 2532 2034 2602 opulen-

461 2654 543 2697 tos
566 2682 583 2706 ,
630 2638 723 2693 sed
753 2635 923 2706 quid?
962 2633 1182 2702 Impleat
1208 2645 1408 2683 omnem
1433 2627 1772 2680 necessitatem
1792 2632 2032 2686 uestram,

463 2741 521 2784 ut
562 2744 630 2783 ne
670 2725 906 2796 egeatis,
957 2722 1050 2776 sed
1094 2719 1333 2774 habeatis
1361 2732 1481 2786 qua:
1507 2716 1655 2768 vobis
1696 2727 1834 2780 opus
1871 2718 2034 2766 sunt:

461 2821 711 2891 quoniam
749 2826 804 2872 et
841 2815 1086 2869 Christus
1127 2810 1405 2864 formulam
1432 2807 1590 2861 nobis
1630 2803 1881 2874 precandi
1923 2811 2037 2856 tra-

464 2914 630 2974 dens,
674 2910 774 2960 hoc
821 2903 1120 2974 precationi
1169 2900 1402 2969 adjecit,
1453 2897 1652 2950 docens
1695 2895 1766 2947 ita
1813 2893 2036 2959 dicere,

471 3003 666 3062 Panem
693 3008 915 3052 nostrum
945 2993 1294 3064 quotidianum
1338 2989 1408 3042 da
1454 2988 1596 3040 nobis
1625 2987 1820 3054 hodie(
1849 2983 2037 3038 Matth.

470 3093 530 3147 .6.
563 3093 621 3144 11
652 3090 690 3157 ).
733 3087 1017 3142 Secundum
1045 3083 1248 3136 divitias
1288 3095 1432 3134 suas.
1470 3076 1607 3143 Quid
1637 3077 1736 3129 hoc
1767 3074 1894 3129 est?
1937 3074 2041 3127 Pro

475 3177 831 3235 n‘tuniﬁcentia
872 3191 1004 3239 sua;
1052 3173 1102 3226 id
1144 3181 1246 3236 est,
1291 3169 1433 3239 quod
1468 3167 1621 3219 facile
1660 3176 1712 3218 et
1739 3165 1847 3218 cito
1875 3163 2043 3232 possit

471 3273 668 3329 facere.
715 3271 789 3323 Ac
816 3284 885 3328 ne
924 3265 1233 3321 existiment
1255 3303 1271 3327 ,
1318 3259 1568 3328 quoniam
1597 3257 1703 3309 disi
1735 3297 1750 3320 ,
1801 3255 2038 3308 Necessi-

479 3373 649 3426 tatem,
680 3361 791 3412 fore
824 3368 885 3411 ut
916 3357 965 3410 in
995 3353 1269 3422 angustias
1295 3347 1680 3403 concludantur
1708 3362 1722 3396 :
1765 3355 2041 3414 propterea

469 3451 704 3514 addidit,
752 3447 1040 3502 Secundam
1066 3443 1266 3496 divitias
1290 3455 1409 3493 suas
1435 3440 1486 3490 in
1513 3437 1677 3505 gloria
1695 3476 1710 3499 ,
1752 3436 1802 3487 in
1833 3432 2038 3488 Christo

475 3545 618 3596 .lesu.
660 3542 736 3594 ιω
766 3537 1144 3597 abundabunt,
1179 3531 1385 3601 inquit,
1427 3529 1576 3582 vobis
1625 3527 1800 3580 omnia
1829 3567 1842 3589 ,
1895 3533 1951 3576 ut
1985 3524 2042 3576 in

476 3633 645 3701 gloria
676 3630 839 3698 ipsius
867 3628 983 3680 sitis
1026 3623 1275 3678 habituri.
1329 3617 1422 3673 Vel
1457 3618 1611 3686 igitur
1642 3616 1742 3670 hoc
1765 3613 1867 3669 sibi
1898 3613 2010 3666 vult
2029 3653 2045 3678 ,

484 3727 597 3776 fore
641 3730 700 3773 ut
747 3719 940 3772 nullius
987 3716 1060 3768 rei
1103 3721 1325 3782 egeant;
1383 3709 1561 3763 Gratia
1609 3709 1792 3771 enim,
1838 3703 2003 3772 inquit
2030 3743 2046 3768 ,

483 3826 670 3880 magna
713 3816 820 3860 erat
862 3807 914 3858 in
961 3807 1188 3857 omnibus
1235 3803 1334 3854 illis
1359 3841 1373 3864 ,
1423 3814 1578 3866 neque
1616 3797 1748 3850 enim
1787 3795 2050 3865 quisquam

477 3918 632 3972 egens
667 3907 776 3952 erat
821 3899 951 3949 inter
999 3895 1114 3946 illos
1161 3894 1312 3961 (Act.
1351 3893 1402 3946 4.
1435 3892 1524 3945 55.
1578 3888 1686 3958 54)
1721 3905 1736 3940 :
1771 3887 1853 3941 vel
1879 3894 1940 3939 ut
1980 3885 2050 3938 ad

483 3991 650 4059 ipsius
684 3988 774 4042 Dei
803 3985 1022 4055 gloriam
1051 3984 1226 4035 Olllllla
1258 3983 1489 4043 faciant;
1526 3994 1587 4031 ac
1613 3979 1657 4032 si
1685 3977 1933 4040 diceret,
1983 3975 2054 4029 Ut

480 4079 547 4132 ad
580 4079 742 4147 ipsius
772 4075 998 4146 gloriam
1030 4074 1196 4142 cepiis
1240 4072 1351 4126 suis
1377 4070 1617 4124 utamini.
1641 4068 1733 4123 ‘20.
1761 4068 1867 4120 Deo
1887 4076 2053 4118 autem

479 4177 527 4220 et
559 4167 703 4219 Patri
745 4175 918 4218 nostro
960 4163 1126 4232 gloria
1168 4163 1222 4214 in
1267 4161 1453 4213 arcula
1497 4159 1816 4212 saeculorum.
1871 4156 2049 4209 Amen.

481 4257 604 4311 Hinc
631 4265 807 4310 autem
838 4255 1005 4322 gloria
1038 4268 1142 4304 non
1172 4251 1289 4304 Filii
1320 4251 1492 4303 solum
1520 4289 1535 4312 ,
1567 4247 1658 4313 sed
1696 4247 1856 4308 etiam
1885 4245 2054 4308 Patris

475 4359 562 4402 est
585 4366 598 4401 :
625 4362 745 4400 nam
772 4346 897 4398 dum
928 4342 1179 4396 tribuitur
1200 4340 1337 4395 Filio
1357 4340 1545 4409 gloria,
1574 4339 1819 4390 tribuitur
1845 4351 2056 4404 quoque

481 4437 648 4495 Patri.
692 4434 898 4487 Etenim
928 4433 1178 4500 quoniam
1209 4430 1418 4483 dixerat
1448 4428 1498 4480 in
1526 4426 1722 4480 Christi
1749 4425 1973 4494 gloriam
2004 4423 2055 4478 id

487 4527 636 4587 ﬁeri,
687 4539 752 4576 ue
799 4524 916 4591 quis
961 4531 1109 4590 putet
1161 4521 1326 4589 ipsius
1378 4527 1615 4583 tantum,
1657 4517 1902 4582 addidit,
1948 4515 2057 4570 Deo

491 4623 658 4665 autem
685 4621 728 4664 et
763 4610 902 4662 Patri
933 4620 1102 4664 nostro
1131 4609 1293 4680 gloria
1324 4624 1344 4661 :
1365 4608 1478 4661 haec
1505 4607 1618 4676 ipsa
1647 4606 1914 4669 nimirum,
1940 4621 2058 4673 quae

488 4705 611 4760 (lata
639 4713 720 4758 est
751 4704 908 4757 Filio.
930 4703 989 4766 2|
1006 4743 1017 4754 .
1049 4703 1285 4755 Salutate
1305 4715 1500 4755 onmem
1525 4708 1756 4760 sanctum
1782 4699 1834 4749 in
1859 4697 2058 4756 Christo

486 4796 631 4849 Jesu.
679 4795 791 4848 Non
821 4795 942 4847 leve
967 4803 1022 4847 et
1061 4793 1160 4847 hoc
1192 4809 1205 4842 :
1235 4806 1439 4859 magna:
1484 4790 1628 4849 enim
1677 4788 2061 4846 benevolentiae

487 4895 572 4941 est
609 4902 702 4953 per
731 4887 911 4938 literas
941 4885 1106 4949 etiam
1142 4883 1285 4955 ipsos
1307 4883 1552 4934 salutare.
1596 4880 1836 4935 Salutant
1864 4894 1946 4936 vos
1976 4878 2062 4946 qui

491 4993 683 5028 mecum
709 4986 826 5027 sunt
859 4978 1060 5045 fratres.
1094 4977 1338 5026 Attamen
1383 4972 1598 5025 dicebas
1622 5011 1636 5033 ,
1668 4969 1933 5023 Neminem
1964 4973 2060 5022 ha-

482 5065 580 5122 beo
627 5063 943 5127 unanimem,
972 5063 1056 5136 qui
1099 5063 1292 5115 sincera
1317 5059 1584 5131 aﬂ'ectione
1602 5076 1699 5130 pro
1742 5059 1878 5122 vobis
1922 5060 2065 5112 solli-

489 5157 622 5208 citus
647 5156 710 5207 sit
736 5154 997 5222 (Philipp.
1020 5154 1081 5206 2.
1113 5153 1230 5233 20);
1263 5154 1531 5221 quomodo
1561 5153 1720 5221 igitur
1740 5167 1883 5206 nunc
1907 5152 2060 5216 dicis,

494 5245 593 5309 Qui
623 5260 815 5296 meeum
841 5253 956 5302 sunt
981 5247 1164 5312 fratres
1191 5244 1216 5296 ?
1241 5243 1353 5307 llos
1380 5243 1469 5311 qui
1499 5256 1617 5303 cum
1647 5242 1761 5308 ipso
1787 5252 1931 5306 sunt,
1959 5241 2067 5305 fra-

487 5345 600 5387 tres
647 5342 840 5397 vocat,
885 5333 1216 5396 ostendens,
1274 5333 1357 5383 vel
1404 5331 1546 5399 quod
1603 5343 1758 5384 antea
1813 5329 2020 5383 dixerat
2050 5368 2066 5390 ,

494 5421 758 5476 Neminem
786 5421 942 5474 habeo
964 5423 1254 5480 uttanimem
1273 5461 1292 5482 ἓ,
1325 5435 1432 5484 non
1465 5419 1528 5473 ad
1559 5433 1652 5473 eos
1679 5419 1947 5487 pertinere
1975 5420 2066 5488 qui

487 5511 545 5564 in
588 5512 718 5563 urbe
761 5521 951 5571 erant;
995 5525 1111 5576 qua;
1143 5509 1285 5565 enim
1336 5511 1440 5562 illis
1486 5512 1777 5564 necessitas
1825 5509 2068 5577 imposita

486 5611 627 5662 erat,
661 5613 712 5653 ut
749 5601 1035 5663 apostolica
1084 5599 1292 5665 negotia
1337 5600 1713 5666 susciperent?
1746 5600 1826 5666 vel
1868 5615 1929 5657 se
1967 5617 2069 5663 non

796 5682 1067 5749 Ρλτιιοι.
1116 5689 1232 5757 (in.
1285 5687 1474 5757 LX”.

1303 265 1365 318 IN
1403 262 1615 319 EPIST.
1660 260 1748 313 AD
1789 257 2067 312 PlllLlPP.
2109 256 2263 312 CAP.
2303 254 2391 310 iV.
2435 252 2664 309 lIOMlL.
2707 251 2821 306 XV.

3583 249 3692 311 ειη

2121 380 2372 421 recusare
2393 405 2408 430 ,
2434 365 2559 434 quin
2589 365 2685 418 hos
2707 364 2868 418 etiam
2895 362 3086 415 fratres
3106 368 3300 423 vocet,
3326 357 3417 412 29..
3452 358 3695 416 Salutant

2113 473 2199 510 vos
2223 472 2391 511 omnes
2421 456 2584 510 sancti
2605 497 2620 519 ,
2655 455 2873 508 maxime
2898 463 3065 506 autent
3089 452 3176 520 qui
3199 450 3263 504 de
3289 450 3503 503 Cessatis
3537 450 3690 502 άοηιο

2113 557 2247 602 sunt.
2269 547 2360 603 ’25.
2391 547 2569 601 Gratia
2599 547 2805 600 Domini
2836 545 2995 598 nostri
3017 543 3143 597 Jesu
3165 539 3351 596 Christi
3379 555 3493 593 cum
3519 539 3687 592 omni-

2115 640 2206 694 bus
2243 639 2398 693 vobis.
2465 639 2651 694 Erexit
2693 641 2838 706 ipsos
2882 646 2937 690 et
2977 634 3353 697 conﬁrmavit,
3404 629 3694 687 ostendens

2117 729 2182 784 ad
2212 729 2609 799 lmperatoriam
2637 729 2795 781 etiam
2825 728 3039 780 domum
3072 724 3382 794 pervenisse
3427 721 3686 791 praedica-

2119 819 2339 874 tionem.
2367 817 2496 872 Nam
2523 819 2568 872 si
2599 818 2688 888 qui
2718 819 2768 870 in
2802 817 2962 886 regiis
2989 816 3166 870 omnia
3197 823 3413 885 propter
3441 814 3694 867 caelorum

2120 909 2316 980 Regem
2344 909 2720 977 despexeram,
2755 909 2924 962 multo
2952 910 3119 977 magis
3146 907 3198 963 id
3231 906 3532 961 faciendum
3565 906 3696 974 ipsis

2118 1009 2253 1054 erat.
2296 1001 2467 1068 Atque
2495 998 2595 1053 hoc
2619 1000 2780 1052 etiam
2811 998 3064 1052 indicium
3104 1006 3220 1053 erat
3248 998 3394 1052 Pauli
3421 997 3661 1052 caritatis
3681 1037 3696 1058 .

2123 1099 2227 1143 tam
2252 1090 2413 1143 multa
2436 1099 2488 1143 et
2505 1104 2691 1159 magna
2709 1089 2774 1143 de
2801 1089 2930 1158 ipsis
2953 1104 3191 1154 narrare,
3210 1097 3267 1141 ut
3282 1088 3408 1142 hinc
3428 1089 3514 1156 qui
3545 1089 3596 1142 in
3613 1102 3701 1142 re-

2121 1180 2202 1249 gia
2221 1190 2374 1234 erant
2403 1179 2468 1234 ad
2482 1195 2575 1234 eos
2595 1180 2903 1234 salutandos
2925 1194 3108 1234 amore
3131 1178 3542 1244 adducerentur,
3559 1192 3696 1247 quos

2123 1286 2409 1339 numquam
2441 1271 2700 1325 viderant.
2748 1271 2976 1325 Maxime
3017 1269 3160 1325 enim
3185 1310 3199 1334 ,
3247 1269 3500 1338 quoniam
3528 1283 3694 1328 vexa,

2125 1360 2316 1413 bantur
2335 1359 2542 1425 ﬁdeles,
2567 1376 2754 1430 magna
2778 1369 2902 1414 tunc
2921 1359 3131 1428 rigebat
3147 1357 3363 1412 caritas.
3383 1356 3702 1424 Quomodo?

2123 1449 2255 1502 Nam
2281 1451 2370 1520 qui
2405 1450 2561 1520 longe
2601 1451 2738 1503 inter
2774 1463 2834 1504 se
2859 1449 3164 1513 distabant,
3205 1447 3308 1502 sibi
3337 1457 3514 1501 tamen
3540 1446 3700 1501 ricin-

2124 1543 2224 1596 sitn
2252 1543 2522 1610 conjuncti
2550 1552 2741 1608 erant;
2773 1551 2826 1596 et
2851 1544 2938 1610 qui
2968 1541 3151 1610 procul
3190 1540 3412 1594 aberant
3437 1581 3453 1603 ,
3483 1540 3703 1609 perinde

2125 1647 2188 1685 ac
2208 1632 2250 1684 si
2278 1647 2441 1701 prope
2467 1641 2677 1699 essent,
2711 1633 2846 1686 inter
2867 1647 2924 1686 se
2946 1631 3267 1696 salutabant,
3285 1640 3344 1684 et
3367 1631 3557 1700 singuli
3573 1646 3701 1700 erga

2128 1725 2366 1793 singulos
2395 1724 2554 1777 veluti
2582 1739 2706 1793 erga
2737 1739 2830 1778 sua
2858 1724 3092 1777 membra
3120 1722 3512 1786 efﬁciebantur,
3553 1737 3705 1792 teque

2131 1829 2334 1882 pauper
2358 1828 2482 1879 erga
2509 1813 2744 1877 divitem,
2776 1827 2838 1866 ac
2859 1814 3014 1867 dives
3042 1828 3165 1882 erga
3190 1828 3496 1882 pauperem,
3530 1829 3702 1881 neque

2133 1902 2236 1955 ulla
2282 1903 2670 1972 agnoscebatur
2704 1902 3006 1970 prmstantia
3032 1942 3048 1965 ,
3092 1901 3231 1971 quod
3261 1915 3450 1954 omnes
3475 1916 3625 1970 teque
3653 1901 3704 1959 in

2131 1991 2256 2045 odio
2285 2001 2467 2046 essent
2491 2001 2654 2061 atque
2675 1993 3020 2060 ejicerentur,
3055 1991 3349 2060 iisdemque
3389 1990 3456 2044 de
3495 1989 3700 2048 causis.

2133 2081 2589 2146 Quemadmodum
2643 2083 2788 2136 enim
2816 2123 2830 2148 ,
2859 2083 2903 2134 si
2929 2097 2998 2135 ex
3021 2081 3250 2135 diversis
3269 2080 3575 2134 civitatibus
3609 2094 3706 2138 ca-

2143 2173 2272 2242 ptivi
2304 2172 2518 2242 quidam
2550 2172 2772 2242 profecti
2805 2174 2855 2228 in
2884 2174 3124 2228 eamdem
3153 2173 3365 2227 veniant
3398 2173 3665 2226 civitatem
3685 2213 3706 2237 ,

2136 2264 2290 2319 valde
2315 2280 2372 2318 se
2399 2265 2626 2319 invicem
2649 2267 3075 2335 complectuntur
3094 2307 3109 2332 ,
3141 2265 3409 2320 communi
3440 2265 3558 2318 illos
3573 2280 3707 2319 con.-

2136 2357 2372 2411 sociante
2396 2357 2694 2411 calamitate
2728 2376 2741 2411 :
2774 2358 2844 2411 ita
2872 2357 3031 2412 etiam
3062 2365 3186 2410 tunc
3213 2358 3468 2411 societate
3494 2356 3704 2410 incont-

2140 2448 2417 2503 modorum
2446 2457 2501 2502 et
2523 2449 2868 2517 asperitatem
2912 2462 3005 2503 eos
3045 2448 3401 2517 conjungente
3427 2489 3440 2513 ,
3469 2461 3710 2516 mgna":

2142 2539 2240 2592 sibi
2271 2549 2455 2592 mutuo
2496 2540 2769 2592 caritatem
2809 2539 3148 2607 priestabant.

2213 2632 2266 2685 5.
2286 2631 2656 2684 As'rumnarum
2683 2632 2895 2684 utilitas.
2921 2630 3240 2685 Calamitates
3263 2632 3316 2684 in
3337 2631 3455 2684 aula
3483 2630 3712 2701 Ιηιρειοαρ

2141 2724 2292 2776 toria.
2312 2753 2383 2763 —
2402 2721 2664 2776 IErumna
2689 2725 2908 2777 enimet
2935 2723 3203 2778 tribulatio
3233 2723 3502 2778 vinculum
3547 2724 3715 2792 quod.-

2141 2813 2266 2868 dam
2297 2814 2659 2868 ﬁrmissimum
2691 2823 2774 2870 est
2798 2854 2813 2878 ,
2864 2815 3102 2868 caritatis
3141 2815 3404 2881 accretio,
3451 2829 3715 2883 compun-

2143 2904 2336 2958 Ctionis
2360 2913 2414 2958 et
2438 2905 2646 2973 pietatis
2672 2905 2904 2958 occasio.
2936 2905 3070 2959 Audi
3097 2907 3242 2959 enim
3267 2906 3532 2960 dicentem
3560 2906 3720 2960 Davi.-

2145 2994 2266 3048 dem
2300 3014 2312 3047 :
2349 2994 2542 3048 Bonum
2572 2995 2716 3057 mihi,
2747 2995 2964 3048 Domine
2986 3037 3001 3060 ,
3034 2997 3153 3066 quia
3182 2997 3460 3049 humiliaeti
3506 3012 3612 3060 me,
3664 3005 3720 3048 ut

2146 3085 2334 3138 discam
2353 3087 2743 3156 justiﬁcationes
2775 3095 2884 3139 tuas
2908 3088 2925 3156 (
2951 3084 3096 3139 Psal.
3127 3085 3251 3140 118.
3283 3087 3342 3139 7i
3374 3083 3428 3156 );
3456 3096 3510 3139 et
3528 3087 3717 3140 iterum

2145 3177 2304 3230 alium
2331 3179 2640 3246 prophetam
2666 3178 2929 3231 dicentem
2952 3217 2966 3240 ,
3000 3176 3198 3228 Bonum
3227 3187 3297 3228 est
3328 3178 3432 3229 viro
3459 3193 3571 3229 cum
3598 3194 3720 3245 por-

2148 3267 2321 3319 taverit
2361 3273 2543 3336 jugum
2583 3268 2644 3320 ab
2693 3265 3029 3318 adolescentia
3077 3281 3168 3316 sua
3197 3264 3215 3331 (
3241 3263 3369 3317 Thr.
3396 3267 3456 3318 ’5.
3479 3266 3547 3318 Ἦ
3575 3267 3590 3331 )
3616 3281 3630 3328 ;
3669 3277 3721 3320 et

2149 3370 2353 3416 rursus,
2371 3354 2555 3408 Beatus
2569 3356 2735 3419 homo,
2756 3370 2901 3423 quem
2925 3367 2976 3404 tu
3005 3352 3273 3417 erudieris,
3311 3351 3522 3405 Domine
3545 3352 3718 3421 (Psal.

2150 3448 2240 3502 9'5.
2271 3447 2338 3500 12
2361 3447 2412 3513 );
2440 3455 2495 3500 et
2524 3447 2683 3497 alium
2713 3444 3017 3513 quemdam,
3049 3443 3384 3512 Disciplinam
3414 3443 3620 3497 Domini
3663 3461 3726 3498 ne

2150 3537 2398 3606 despicias
2420 3536 2439 3606 (
2461 3535 2614 3588 Prov.
2644 3537 2698 3589 5.
2734 3536 2787 3589 ll
2814 3537 2830 3603 )
2857 3551 2871 3599 ;
2900 3546 2974 3598 et,
3009 3535 3295 3588 Ascendeus
3334 3535 3404 3587 ad
3442 3536 3724 3590 servitutem

2156 3627 2376 3690 Domini,
2409 3642 2643 3694 prapara
2658 3626 2882 3682 animam
2909 3634 3043 3677 tuam
3070 3624 3141 3676 ad
3179 3625 3497 3677 tentationern
3519 3624 3544 3697 (
3564 3624 3723 3678 Eccli.

2152 3720 2204 3773 2.
2239 3720 2264 3772 1
2290 3718 2329 3786 ).
2375 3719 2439 3772 Et
2464 3717 2709 3772 Christus
2735 3732 2921 3771 rursus
2944 3717 3218 3786 discipulis
3243 3719 3354 3772 suis
3382 3718 3626 3784 dicebat,
3659 3720 3726 3773 In

2154 3808 2342 3861 mundo
2365 3824 2648 3877 pressuram
2678 3808 2917 3859 habebitis
2943 3848 2958 3872 ,
3004 3807 3092 3860 sed
3119 3808 3360 3875 conﬁdite
3404 3807 3594 3878 (Joan.
3640 3809 3722 3864 16.

2154 3901 2224 3954 55
2246 3898 2300 3969 );
2333 3908 2385 3952 et
2421 3914 2626 3962 rursus,
2669 3898 2938 3951 Plorabitis
2963 3909 3010 3950 et
3039 3900 3222 3966 ﬂebitis
3247 3915 3352 3962 vos,
3382 3901 3600 3954 mundus
3625 3918 3717 3955 att-

2156 3998 2253 4041 tem
2281 3989 2512 4058 gaudebit
2542 3987 2736 4056 (Joan.
2772 3989 2857 4040 16.
2882 3987 2988 4054 20)
3014 4002 3027 4048 ς
3061 3999 3114 4039 et
3143 4002 3328 4039 rursus
3350 4027 3364 4050 ,
3395 3988 3622 4059 Angusta
3671 4003 3720 4057 et

2156 4087 2295 4130 arcta
2318 4080 2396 4129 via
2423 4078 2441 4146 (
2470 4077 2633 4128 Matth
2688 4077 2739 4128 7.
2773 4076 2900 4144 14).
2940 4074 3096 4126 Vides
3147 4075 3342 4142 ubique
3388 4075 3589 4143 laudari
3642 4082 3731 4147 tri.-

2158 4166 2516 4220 bulationem‘l
2545 4166 2737 4232 ubique
2763 4164 3145 4230 commendari,
3177 4173 3444 4232 tamquam
3467 4181 3585 4230 eam
3611 4185 3730 4238 qua:

2157 4256 2312 4315 nobis
2339 4257 2410 4310 sit
2436 4255 2774 4308 necessaria?
2804 4253 2934 4306 Nam
2963 4254 3006 4306 si
3031 4254 3085 4305 in
3116 4254 3399 4310 mundanis
3425 4260 3730 4314 certamini.

2159 4345 2258 4398 bus
2284 4345 2400 4398 sine
2429 4360 2488 4398 ea
2518 4358 2679 4399 nemo
2704 4358 2955 4396 coronam
2982 4343 3178 4409 accipit
3198 4383 3211 4406 ,
3256 4345 3356 4396 nisi
3382 4356 3435 4398 et
3461 4346 3731 4412 laboribus

2161 4444 2215 4487 et
2241 4435 2478 4487 ciborum
2509 4433 2826 4486 abstinentia
2852 4440 2907 4485 et
2937 4440 3044 4484 tota
3075 4433 3243 4486 victus
3268 4435 3478 4488 ratione
3499 4476 3514 4499 ,
3556 4448 3614 4491 et
3652 4443 3734 4491 ~vi-

2161 4523 2304 4592 giliis
2352 4533 2406 4576 et
2454 4510 2721 4582 sexcentis
2765 4522 2882 4583 aliis
2927 4522 3280 4582 incommodis
3324 4539 3382 4578 se
3443 4528 3732 4591 municrit;

2165 4615 2334 4668 multo
2363 4616 2528 4683 magis
2563 4613 2856 4679 hie-Quem
2882 4614 3020 4666 enim
3042 4615 3168 4668 mihi
3199 4616 3431 4670 alteras?
3450 4622 3737 4687 regemne?

2165 4706 2235 4758 At
2263 4720 2434 4774 neque
2462 4705 2552 4766 ille
2576 4706 2736 4759 .vitatn
2763 4706 2912 4765 curis
2943 4705 3170 4764 solutam
3200 4708 3330 4768 vivit
3348 4747 3363 4773 ,
3413 4709 3505 4771 sed
3555 4711 3738 4772 amitis

2166 4796 2427 4849 molestiis
2450 4805 2612 4864 atque
2653 4797 2937 4864 angoribus
2981 4797 3260 4850 refertam.
3315 4796 3427 4851 Non
3474 4799 3618 4852 enim
3672 4799 3736 4851 ad

2166 4883 2407 4938 diadema
2436 4893 2678 4962 spectes,
2711 4885 2803 4938 sed
2831 4885 2896 4940 ad
2948 4887 3363 4946 sollicitudinum
3408 4889 3692 4955 procellam
3713 4927 3738 4960 ,

2169 4972 2307 5026 unde
2337 4973 2408 5027 illi
2437 4975 2697 5027 tumultus
2725 4974 2986 5027 maximus
3028 4976 3303 5034 exoritur;
3355 4991 3458 5028 non
3503 4977 3569 5029 ad
3617 4991 3740 5046 pur-

2173 5078 2378 5131 puram,
2410 5063 2503 5115 sed
2534 5063 2599 5122 ad
2627 5063 2856 5124 annnam
2886 5063 2975 5120 illa
3005 5063 3114 5138 ipsa
3140 5078 3377 5135 purpura
3428 5065 3740 5134 nigriorem,

2171 5156 2288 5210 Non
2313 5171 2463 5224 itaque
2489 5170 2685 5209 corona
2711 5156 2841 5221 ligat
2867 5165 3048 5221 caput,
3077 5163 3236 5221 atque
3265 5155 3496 5209 annnam
3540 5159 3743 5215 sollici-

2173 5247 2320 5298 tudo.
2369 5245 2483 5297 Non
2534 5245 2600 5297 ad
2651 5245 2939 5295 satellitum
2992 5258 3268 5300 numerum
3310 5258 3523 5316 specta,
3557 5251 3648 5314 sed
3677 5253 3741 5304 ad

2172 5334 2544 5404 aegritudinum
2591 5332 2984 5392 multitudinem
3019 5347 3032 5380 :
3065 5333 3258 5386 nullam
3293 5336 3437 5392 enim
3483 5340 3744 5406 prium...

2174 5423 2388 5474 domum
2419 5428 2498 5475 tot
2520 5420 2662 5473 curis
2689 5419 3051 5480 abundantem
3079 5422 3336 5490 reperias,
3368 5436 3496 5492 quot
3520 5429 3747 5495 regiam.

2175 5514 2370 5571 Mortes
2397 5512 2604 5579 singulo
2629 5523 2837 5576 quoque
2862 5510 2948 5563 die
2974 5510 3314 5566 imminentes
3360 5533 3387 5566 a
3435 5519 3544 5570 suis
3590 5520 3748 5574 etiam

2183 5608 2310 5688 ipsis
2337 5622 2350 5668 ς
2381 5614 2435 5656 et
2459 5612 2582 5664 ante
2605 5616 2842 5653 mensam
2871 5611 2922 5656 et
2948 5612 3069 5655 ante
3099 5612 3278 5671 potum
3311 5604 3380 5657 ob
3415 5609 3598 5664 oculos
3631 5626 3752 5665 ver.

3313 5687 3389 5756 19
