4026 6148
285 189 389 246 $97
1036 192 1094 247 S.
1131 189 1414 244 JOANNIS
1452 188 1943 243 CllliYSOSTOMl
1987 186 2300 242 AliClllEl‘.
2343 188 2883 243 CUNSTANTINOP.
3418 197 3525 252 293

290 313 442 364 πόσοι
496 310 588 363 καὶ
631 309 864 364 ἐνταῦθα
895 309 1165 364 Θλίὸονται
1198 312 1466 382 βιωτικῶν
1495 314 1681 367 ἕνεκεν
1710 330 1854 384 πρα-
1957 309 2040 362 λιν
2071 312 2382 380 ἀπαντῆσαι
2427 314 2663 382 ἐκείνην,
2708 311 2781 387 ἧς
2836 315 3034 368 ἐκεῖνος.
3087 314 3524 386 κατηξιώθησαν,

289 404 544 472 γμάτων;
591 403 874 474 Ἐννόησον
901 405 982 457 ὅτι
1013 405 1104 456 καὶ
1138 405 1201 457 σὺ
1226 399 1305 466 εἷς
1334 405 1392 470 ἐξ
1414 407 1635 460 ἐκείνων
1659 403 1730 470 εἴ,
1767 407 1862 458 καὶ
1959 401 2172 471 ἐκείνην
2203 402 2381 471 βάδιζε
2407 404 2505 473 τὴν
2530 405 2644 457 ὁδὸν
2678 405 2774 475 τὴν
2805 407 2922 458 ἐκεῖ
2950 406 3240 475 φέρουσαν.
3261 405 3336 458 Οὐ
3371 408 3530 472 φέρε-ι

290 491 423 562 φέρε
458 493 557 562 τὴν
587 491 767 560 θλῖψιν
805 493 897 544 καὶ
922 491 1020 560 τὴν
1043 492 1256 561 ὀδύνην,
1290 498 1356 564 τῇ
1386 495 1564 548 ἐλπίδι
1595 496 1703 549 τῶν
1729 495 1859 563 μελ-
1959 490 1993 558 ἡ
2015 487 2114 557 τῆς
2142 490 2378 552 ἀνέσεως
2410 491 2525 553 ὁδὸς
2552 493 2686 556 ἐκεῖ,
2721 492 2834 544 ἀλλ’
2864 494 2896 562 ἡ
2925 493 3022 562 τῆς
3045 492 3276 561 θλίψεως
3296 508 3310 522 ·
3344 493 3527 564 ἐκείνη

289 582 490 635 λόντων
534 583 897 652 τρεφόμενος·
939 583 1039 634 οὐκ
1069 577 1120 634 εἴ
1149 583 1212 636 σὺ
1241 583 1337 636 τοῦ
1377 585 1590 638 Παύλου
1637 586 1860 656 βελτίων
1960 576 2288 647 εὐρύχωρος,
2325 578 2462 646 αὕτη
2497 581 2675 649 στενή.
2713 581 2927 650 Ταύτην
2967 580 3292 651 βαδίζωμεν,
3321 582 3408 634 ἶνα
3434 584 3523 635 τύ·

290 672 411 726 οὐδὲ
436 671 530 724 τοῦ
577 673 806 742 Πέτρου,
834 672 942 723 τῶν
970 672 1229 724 οὐδέποτε
1282 674 1520 737 ἀνέσεως
1564 676 1852 745 τυχόντων,
1962 684 2146 737 χωμεν
2184 671 2284 737 τῆς
2323 671 2542 724 αἰωνίου
2583 671 2724 740 ζωῆς
2753 673 2808 724 ἐν
2836 671 3058 742 Χριστῷ
3105 671 3280 742 Ἰησοῦ
3312 674 3389 744 τῷ
3419 677 3532 727 Κυ-

290 763 399 814 τῶν
421 762 478 813 ἐν
501 761 644 830 λιμῷ
676 763 770 815 καὶ
808 760 948 830 δίψει
973 763 1065 814 καὶ
1086 764 1388 836 γυμνότητι
1413 767 1504 819 τὸν
1537 766 1713 820 πάντα
1743 767 1856 837 βίον
1964 753 2063 822 Phil
2094 754 2271 823 ἡμῶν,
2298 755 2416 824 μεθ’
2439 750 2499 809 οὗ
2524 757 2602 828 τῷ
2631 759 2806 829 Πατρῖ
2829 759 2945 828 ἅμα
2973 759 3051 829 τῷ
3079 760 3220 830 ἁγίῳ
3249 763 3529 832 Πνεύματι

290 851 680 918 διεξελθόντων.
724 850 787 904 Εἰ
843 852 1022 921 βούλει
1053 854 1158 908 τῶν
1189 855 1368 910 αὐτῶν
1399 859 1626 920 ἐκείνοις
1654 860 1854 927 τυχεῖν,
1960 841 2107 908 δόξαν
2140 844 2532 917 κράτοςντιμὴν
2571 847 2664 902 νῦν
2687 850 2780 901 καὶ
2809 849 2917 918 ἀεὶ»
2939 851 3034 904 καὶ
3058 851 3140 914 εις
3159 852 3284 915 τοὺς
3323 853 3530 918 αἰῶνας

289 944 341 996 τί
371 943 465 1012 τὴν
499 943 748 998 ἐναντίαν
776 944 982 1010 ὁδεύεις
1008 945 1154 1013 όδόνς
1188 949 1234 1002 εἰ
1265 947 1443 1020 βούλει
1471 949 1607 1022 πρὸς
1632 949 1730 1020 τὴν
1757 950 1855 1002 πός
1961 931 2066 987 τῶν
2095 933 2322 988 αίὼνων·
2355 936 2546 1007 Ἀμήν·

302 2293 1892 2336 MM

1929 2312 3519 2355 ma

1720 2478 2098 2540 MONI'I‘UM

355 2649 526 2706 Hasce
555 2652 866 2711 Conciones
893 2657 1367 2732 ConstantinOpoli
1403 2665 1621 2722 habitas
1648 2669 1839 2738 fuisse,
1871 2673 2018 2730 clare
2050 2676 2257 2732 indicat
2281 2675 2726 2747 Chrysostomus,
2756 2690 2879 2731 cum
2913 2675 3048 2730 dicit
3081 2675 3134 2728 in
3165 2674 3274 2729 line
3302 2674 3536 2729 homilia:

283 2769 461 2825 tertia:
489 2786 547 2826 se
572 2773 890 2844 episcOpum
923 2776 978 2831 in
1009 2779 1206 2835 throno
1231 2783 1444 2839 sedere.
1479 2786 1660 2843 Facile
1687 2805 1906 2862 quoque
1931 2794 2152 2849 videtur
2176 2811 2296 2850 esse
2323 2811 2528 2850 annum
2566 2795 2863 2867 assignare,
2900 2811 3011 2866 quo
3037 2795 3154 2850 haec
3182 2795 3539 2850 concionatus

281 2887 367 2932 est
395 2887 618 2938 sanctus
649 2883 872 2940 Doctor.
917 2888 997 2943 Ex
1028 2889 1096 2946 iis
1123 2893 1294 2957 enim,
1326 2910 1448 2964 quae
1492 2897 1627 2952 dicit
1659 2899 1883 2957 homilia
1923 2906 2178 2974 septima,
2209 2923 2439 2962 numero
2477 2907 2532 2972 5,
2564 2908 2805 2963 indicare
2838 2907 3063 2962 omnino
3089 2907 3310 2962 videtur
3338 2907 3540 2961 Eutro-

283 2993 435 3063 pium
467 2999 806 3067 eunuchum,
835 3003 965 3060 licet
1000 3009 1164 3064 tacito
1187 3012 1409 3068 nomine
1443 3014 1512 3070 de
1538 3015 1632 3071 illo
1659 3027 1802 3088 agat,
1828 3020 1934 3075 hoc
1975 3021 2094 3091 ipso
2127 3032 2372 3094 tempore
2397 3025 2464 3080 de
2493 3025 2663 3096 gradu
2688 3025 2960 3095 dejectum
2993 3034 3050 3079 et
3073 3024 3384 3093 expulsum.
3406 3019 3542 3087 Quis

279 3111 428 3166 enim
452 3114 614 3182 alius,
638 3135 846 3188 quazso,
873 3122 1043 3180 fuerit
1071 3141 1136 3180 ea:
1160 3143 1382 3183 numera
1410 3136 1788 3198 cunuchorum,
1819 3135 1914 3205 qui
1941 3136 2060 3192 heri
2096 3139 2151 3192 in
2179 3139 2440 3193 tribunali
2464 3139 2709 3203 sedebat,
2737 3140 2830 3208 qui
2858 3137 3224 3192 clamantibus
3249 3145 3303 3189 et
3321 3132 3541 3204 pratviis

281 3231 629 3298 praeconibus
683 3250 782 3304 per
819 3236 998 3294 forum
1063 3242 1376 3310 incedebat,
1413 3247 1705 3304 ambitiose
1764 3251 1850 3305 sui
1895 3257 2161 3308 terrorem
2216 3254 2533 3309 incutiens:
2566 3255 2772 3324 quique
2813 3253 2978 3308 hodie
3020 3268 3085 3307 ex
3125 3259 3270 3304 tanta
3313 3249 3532 3302 fortuna

281 3346 546 3418 dejectus,
579 3352 649 3407 ab
678 3357 934 3413 omnibus
964 3358 1236 3429 desertus,
1267 3364 1390 3420 vilis
1422 3375 1478 3422 et
1512 3367 1694 3423 nudus
1726 3378 1982 3440 tanquam
2009 3372 2192 3442 pulvis
2224 3374 2594 3428 eventilatur?
2620 3373 2774 3439 Quis,
2807 3374 3052 3442 inquam,
3086 3370 3224 3426 alius
3252 3367 3342 3423 hic
3364 3366 3533 3421 fuerit

280 3482 446 3538 quam
481 3467 781 3542 Eutropius
823 3478 1134 3545 eunuchus,
1170 3481 1260 3536 cui
1291 3481 1481 3538 isthaac
1524 3486 1710 3540 omnia
1758 3487 2118 3543 acciderunt?
2149 3489 2286 3555 Quia
2316 3504 2448 3544 vero
2489 3490 2556 3544 de
2589 3489 2859 3558 Eutropio
2891 3489 2983 3544 ille
3013 3488 3090 3543 sic
3116 3485 3279 3542 tacito
3310 3480 3533 3537 nomine

281 3584 548 3656 loquitur,
585 3597 842 3660 tanquam
874 3605 1001 3662 post
1032 3610 1192 3650 suum
1236 3613 1305 3652 ex
1354 3607 1506 3655 tanta
1554 3600 1776 3658 fortuna
1823 3604 2038 3676 lapsum
2085 3605 2266 3660 adhuc
2307 3605 2364 3660 in
2401 3605 2544 3660 vivis
2573 3614 2863 3671 versante;
2913 3603 3214 3674 Eutropius
3254 3614 3386 3656 vero
3413 3605 3539 3668 post

286 3705 497 3752 tantum
535 3715 719 3755 casum
752 3703 806 3757 in
833 3703 1074 3776 Cyprum
1115 3709 1298 3764 statim
1348 3714 1646 3783 relegatus,
1695 3716 1843 3770 haud
1877 3716 1970 3770 diu
2005 3729 2194 3787 postea
2231 3718 2357 3775 inde
2383 3719 2617 3774 eductus
2645 3727 2703 3772 et
2740 3719 2919 3788 capite
2950 3724 3237 3772 truncatus
3265 3713 3369 3773 fuit
3397 3723 3540 3769 anno

284 3825 534 3872 vertente
565 3819 668 3874 599
697 3837 708 3871 :
738 3819 869 3875 hinc
896 3821 1148 3893 sequitur
1177 3825 1234 3880 in
1261 3840 1465 3881 annum
1494 3828 1597 3884 399
1623 3829 2012 3885 conferendam
2041 3846 2162 3886 esse
2187 3831 2352 3902 hujus
2388 3832 2628 3887 homilia:
2652 3831 3117 3902 praedicationem.

352 3992 514 4048 Aliud
546 3994 712 4050 etiam
741 3996 797 4051 in
845 3997 1071 4056 homilia
1115 4002 1377 4069 secunda,
1423 4019 1578 4058 num.
1627 4003 1661 4057 4
1687 4003 1952 4071 occurrit,
1997 4004 2144 4059 unde
2191 4006 2455 4076 temporis
2483 4013 2671 4060 notam
2703 4005 2972 4075 expiscari
3003 4003 3298 4074 possimus.
3332 4001 3542 4056 Dicitur

285 4125 522 4180 namque
550 4110 714 4167 isthic
741 4129 754 4166 :
786 4111 915 4178 Quis
937 4123 1287 4186 exspectasset
1321 4132 1405 4182 ea,
1433 4133 1552 4188 qua:
1582 4135 1720 4172 nunc
1746 4119 1987 4173 eveniunt
2017 4121 2071 4173 in
2103 4119 2320 4173 diversis
2356 4120 2500 4184 locis,
2529 4128 2684 4173 tcrrw
2712 4129 2880 4172 motus
2905 4127 2955 4172 et
2979 4119 3186 4172 urbium
3216 4117 3543 4172 eversiones?

293 4231 359 4285 Hi
420 4230 558 4286 tanti
622 4239 782 4286 terra:
846 4241 1030 4288 motus
1087 4233 1413 4288 inannum
1475 4234 1580 4289 598
1642 4235 1980 4301 referuntur,
2042 4243 2101 4290 ut
2168 4235 2421 4306 pluribus
2477 4235 2682 4290 dicitur
2728 4235 2784 4288 in
2815 4236 2935 4290 Vita
2995 4233 3397 4306 Chrysostomi.
3435 4233 3544 4289 Ne.

280 4365 389 4420 que
421 4357 629 4422 pugnat
659 4348 796 4407 illud
829 4364 953 4406 eum
1010 4349 1141 4405 anni
1178 4349 1283 4406 599
1309 4358 1440 4403 nota
1482 4358 1631 4404 certa
1665 4367 1828 4421 quam
1861 4352 2024 4407 modo
2049 4350 2356 4421 posuimus.
2390 4348 2799 4404 Advertendum
2834 4365 3071 4418 namque
3100 4357 3204 4414 est,
3234 4348 3370 4403 illud
3397 4346 3540 4418 quod

281 4465 349 4519 de
380 4464 647 4534 Eutropio
679 4464 884 4519 dicitur
919 4463 974 4518 iu
1021 4463 1248 4519 homilia
1293 4465 1528 4534 septima
1572 4479 1897 4532 occurrere;
1929 4466 2077 4536 quod
2108 4475 2292 4520 autem
2329 4464 2396 4519 de
2441 4473 2602 4519 terra:
2640 4463 2884 4518 motibus
2921 4463 2977 4516 in
3021 4463 3249 4517 homilia
3278 4459 3540 4518 secunda.

281 4578 465 4634 Potuit
496 4588 682 4634 autem
711 4577 940 4632 homilia
964 4578 1207 4632 secunda
1237 4579 1522 4648 aliquanto
1544 4590 1814 4650 tempore,
1846 4580 1958 4635 imo
1991 4581 2202 4651 aliquot
2231 4581 2518 4636 mensibus
2545 4580 2830 4635 homiliam
2859 4579 3146 4650 septimam
3173 4576 3538 4647 praecessisse,

281 4697 441 4768 cujus
477 4697 556 4752 rei
588 4695 837 4764 exempla
869 4710 979 4750 non
1009 4711 1183 4765 pauca
1213 4707 1534 4768 suppetunt.
1565 4701 1645 4755 Ad
1681 4701 1796 4756 haec
1825 4717 1958 4757 vero
1997 4700 2154 4767 illud,
2182 4717 2297 4773 quae
2327 4717 2466 4755 nunc
2493 4699 2754 4765 eveniunt,
2784 4713 2896 4753 non
2928 4697 3002 4752 ita
3033 4695 3100 4750 ad
3135 4695 3376 4750 litteram
3402 4689 3545 4746 acci-

288 4811 548 4881 piendum
576 4821 680 4866 est.
708 4809 819 4864 Illae
843 4807 990 4864 enim
1015 4816 1180 4864 tanta:
1203 4810 1541 4866 calamitates
1561 4815 1727 4871 etiam
1752 4813 2026 4870 hodierno
2052 4829 2204 4869 more
2230 4813 2326 4890 diu
2353 4814 2615 4870 dicuntur
2639 4829 2788 4870 nunc
2809 4811 3063 4876 evenire;
3087 4809 3285 4864 damna
3309 4818 3545 4873 namque

282 4927 576 5000 importata
624 4936 850 4984 manent
899 4937 956 4983 et
1004 4928 1200 4984 saltem
1249 4944 1346 5000 per
1391 4944 1616 4995 annum,
1647 4947 1818 4997 nunc,
1862 4948 1931 4987 ex
1964 4940 2188 5002 recepto
2228 4947 2403 4998 more,
2437 4930 2704 4986 accidisse
2737 4929 3022 4985 dicuntur.
3056 4923 3210 4981 Adde
3244 4919 3546 4979 verisimile

281 5061 403 5100 esse
435 5046 558 5100 illos
585 5054 751 5100 terrae
777 5053 962 5100 motus
986 5052 1044 5100 et
1068 5042 1289 5098 urbium
1317 5043 1638 5100 eversiones
1661 5045 1943 5115 aliquanto
1977 5054 2226 5117 tempore
2257 5059 2658 5118 perseverasse.

355 5223 560 5279 Harum
595 5224 948 5282 homiliarum
997 5227 1174 5298 stylus
1216 5235 1384 5296 atque
1429 5225 1601 5282 dictio
1643 5225 1834 5282 multis
1865 5227 1922 5282 in
1965 5226 2105 5282 locis
2149 5226 2370 5283 concisa
2416 5233 2521 5292 est,
2550 5223 2826 5291 etiamque
2855 5221 3128 5286 intricata,
3159 5218 3250 5273 vix
3283 5224 3345 5272 ut
3374 5214 3545 5285 possit

285 5346 554 5420 intelligi;
585 5348 681 5403 sed
709 5348 837 5421 quia
866 5349 933 5404 ad
969 5349 1289 5405 auditorum
1317 5356 1538 5421 captum
1583 5347 1994 5406 accommodata
2021 5356 2160 5413 erat,
2195 5346 2333 5402 nihil
2378 5345 2608 5401 dubium
2635 5354 2740 5410 est,
2766 5359 2831 5399 ea
2866 5358 2989 5414 quae
3019 5340 3181 5396 nobis
3207 5335 3465 5395 intercisa
3489 5343 3547 5387 ct

285 5473 445 5530 captu
499 5461 742 5520 difﬁcilia
792 5463 1071 5526 videntur,
1118 5479 1229 5518 non
1266 5463 1498 5536 perinde
1537 5445 2158 5534 Constantinopolitanae
2189 5458 2356 5530 plebi,
2389 5459 2521 5514 huic
2561 5455 2780 5514 dicendi
2809 5456 2999 5528 generi
3031 5461 3282 5520 assueta},
3313 5449 3544 5507 obscura

280 5576 473 5632 fuisse.
