4026 6148
543 449 650 502 297

547 575 600 617 et
633 574 812 617 tenera
837 555 1304 628 proficiscebantur
1325 596 1338 619 ,
1372 571 1399 610 a
1425 556 1644 610 caritate
1681 570 1840 626 quam
1879 555 2126 611 Christus

549 658 663 723 ipse
687 651 956 722 qumrebat
974 690 989 714 ,
1017 664 1081 704 ex
1109 647 1339 718 quodam
1370 657 1573 702 natura:
1599 662 1864 701 consensu
1891 645 2128 702 fraterno

549 754 604 799 et
634 743 822 812 patrio,
859 755 920 794 ac
948 740 1122 810 potius
1149 739 1390 806 utrisque
1418 739 1532 791 istis
1563 737 1785 806 majore.
1816 736 1929 791 Hoc
1960 736 2122 791 modo

549 835 686 888 allici
715 841 924 902 oportet
953 870 968 894 ,
1002 832 1102 884 hoc
1127 829 1286 882 modo
1313 828 1444 882 ﬂere
1478 847 1490 882 :
1525 826 1824 894 huiusmodi
1876 827 2126 898 lacrymtn

549 939 738 992 magno
759 929 884 974 sunt
912 921 1122 974 refertae
1145 919 1368 988 gaudio;
1400 917 1704 986 hujusmodi
1749 917 1922 971 luctus
1966 931 2125 971 causa

547 1015 742 1067 laetitiae
770 1021 870 1066 est.
904 1012 981 1064 Ac
1009 1026 1076 1064 ne
1103 1010 1230 1063 mihi
1260 1008 1427 1074 dicas,
1456 1008 1594 1074 Quid
1625 1008 1872 1062 utilitatis
1899 1007 2126 1062 afferunt

543 1121 679 1160 mete
709 1106 956 1176 Iacrymaa
981 1103 1075 1167 iis,
1105 1119 1201 1172 pro
1247 1103 1440 1172 quibus
1482 1101 1584 1156 hoc
1625 1101 1802 1156 facio?
1849 1101 1981 1155 Nam
2025 1102 2125 1156 etsi

545 1197 648 1249 illis
674 1195 808 1248 nihil
838 1194 1126 1262 prosimus,
1152 1207 1215 1246 ac
1240 1203 1386 1247 certe
1412 1193 1563 1246 nobis
1599 1192 1728 1261 ipsis
1764 1190 2126 1260 proderimus.

544 1285 677 1339 Nam
710 1287 800 1353 qui
838 1284 916 1338 sic
953 1298 1050 1351 pro
1078 1283 1267 1337 alienis
1291 1282 1470 1345 dolet,
1496 1282 1662 1336 multo
1690 1282 1856 1350 magis
1889 1296 1983 1350 pro
2013 1281 2124 1334 suis

547 1377 785 1440 dolebit;
814 1377 901 1444 qui
929 1375 1099 1428 aliena
1127 1373 1305 1442 luget,
1343 1372 1388 1425 is
1409 1380 1554 1425 certe
1582 1372 1704 1423 vitia
1737 1381 1791 1423 et
1811 1371 2004 1424 delicta
2027 1385 2122 1424 sua

550 1482 656 1520 non
679 1469 795 1519 sine
821 1464 1067 1533 lacrymis
1091 1463 1238 1516 abire
1266 1463 1442 1526 sinet;
1469 1461 1574 1513 imo
1604 1476 1706 1513 non
1729 1460 1835 1512 cito
1860 1459 2119 1527 peccabit.

551 1557 658 1611 Nos
682 1570 830 1618 vero,
855 1553 993 1624 quod
1017 1554 1255 1607 omnium
1275 1551 1646 1621 gravissimum
1672 1560 1772 1610 est,
1792 1549 1926 1617 jussi
1950 1549 2124 1602 aliena

550 1656 764 1716 peccata
797 1644 946 1709 ﬂere,
972 1659 1039 1698 ne
1061 1644 1112 1696 in
1143 1644 1341 1696 nostris
1363 1640 1574 1711 quidem
1607 1654 1768 1693 unum
1798 1639 2124 1708 paenitentia}

545 1741 754 1808 signum
786 1737 1008 1799 damus;
1041 1733 1133 1789 sed
1165 1735 1281 1786 siue
1307 1733 1415 1786 ullo
1445 1731 1644 1786 doloris
1670 1745 1830 1784 seusu
1859 1729 2119 1794 cadimus,

543 1837 598 1883 et
620 1827 802 1882 omnia
827 1840 1080 1882 curamus
1107 1826 1306 1894 magis,
1343 1824 1519 1878 omnia
1559 1823 1725 1892 magis
1766 1819 2122 1889 expendimus

539 1937 702 1992 quam
727 1928 941 1990 peccata
969 1928 1172 1974 nostra.
1216 1917 1338 1970 Ideo
1384 1915 1674 1985 gaudemus
1717 1914 1966 1983 gaudium
2021 1913 2122 1966 hoc

541 2012 730 2065 inutile
762 2029 776 2064 :
805 2010 946 2080 quod
977 2011 1082 2063 cito
1109 2009 1287 2077 perit,
1313 2007 1454 2076 quod
1486 2016 1769 2060 sexcentas
1798 2005 1936 2073 parit
1963 2004 2120 2073 aegri-

547 2102 778 2156 tudines.
811 2100 1127 2154 Mmreamus
1150 2099 1308 2167 igitur
1335 2111 1567 2150 interere
1595 2094 1774 2163 gaudii
1795 2103 2036 2156 auctore,
2066 2101 2120 2145 et

548 2206 616 2244 ue
638 2190 962 2260 gaudeamus
981 2187 1174 2256 gaudio
1195 2186 1522 2254 mgritudiuis
1536 2193 1754 2253 parente
1781 2200 1794 2234 :
1818 2183 2120 2236 emittamus

547 2282 814 2351 lacrymas
840 2279 1063 2332 multum
1091 2276 1376 2345 voluptatis
1399 2275 1726 2328 seminantcs
1745 2313 1760 2336 ,
1801 2283 1852 2325 et
1891 2288 1997 2325 nou
2045 2272 2118 2324 ri-

547 2372 770 2425 deamus
814 2369 922 2423 risu
945 2409 962 2434 ,
999 2368 1088 2436 qui
1124 2367 1408 2422 stridorem
1436 2365 1588 2420 nobis
1614 2363 1850 2420 dentium
1880 2364 2061 2434 gignat
2100 2380 2112 2415 :

1459 439 1522 494 IN
1559 437 1771 495 El‘lST.
1812 440 1903 493 AD
1941 439 2225 494 PlllLlPl’.
2266 442 2418 496 CAP.
2463 442 2548 495 IV.
2593 442 2822 497 llOMlL.
2867 437 2978 497 XV.

3707 441 3814 500 298

2235 557 2548 615 afﬂictemus
2570 575 2668 616 nos
2693 560 3033 616 afﬂictatione
3064 559 3147 614 il'a
3172 561 3309 613 unde
3341 559 3552 628 requies
3576 560 3809 624 exsistit,

2235 658 2290 702 et
2321 663 2386 702 ne
2407 650 2626 704 delicias
2653 665 2952 719 quaaramus
2977 667 3038 705 ex
3063 651 3254 720 quibus
3281 666 3514 704 aarumua
3545 659 3598 704 et
3623 650 3798 704 dolor.

2233 737 2312 790 Ad
2340 737 2501 792 breve
2522 746 2737 807 tempus
2768 739 2820 792 in
2847 751 2984 794 terra
3009 740 3332 806 laboremus,
3358 750 3415 792 ut
3443 749 3811 808 perpetuouus

2234 827 2562 880 ohlectemus
2611 829 2664 881 in
2709 829 2855 882 carlis
2886 846 2899 881 :
2936 830 2986 883 in
3032 831 3231 884 caduca
3279 831 3377 884 hac
3420 832 3523 882 vita
3569 846 3665 882 nos
3714 831 3810 897 ipsi

2233 916 2576 982 afﬂittemus,
2602 928 2658 971 ut
2685 919 2735 971 in
2768 919 2974 972 infinita
2995 919 3081 972 illa
3111 921 3346 990 requiem
3375 935 3767 988 consequamur
3796 936 3808 970 :

2232 1020 2338 1058 non
2361 1006 2662 1060 tliﬂluamus
2682 1008 2888 1062 deliciis
2913 1010 2962 1061 in
2993 1009 3090 1064 hac
3116 1011 3286 1074 brevi,
3318 1025 3384 1062 nc
3414 1010 3464 1062 iu
3499 1011 3583 1062 illa
3608 1011 3810 1063 infinita

2230 1098 2578 1166 Suspiremus.
2621 1101 2813 1153 Annon
2842 1101 3030 1155 videtis
3056 1111 3185 1170 quot
3231 1100 3474 1153 homines
3521 1101 3605 1155 hic
3649 1103 3807 1155 etiam

2231 1204 2411 1244 rerum
2443 1190 2508 1243 ad
2539 1190 2675 1245 hanc
2703 1193 2865 1245 vitam
2894 1192 3270 1260 pertinentium
3300 1205 3456 1243 causa
3505 1195 3808 1258 angantur?

2233 1281 2485 1334 Existima
2515 1291 2564 1334 te
2591 1298 2801 1352 quoque
2829 1298 2988 1336 unum
3016 1299 3080 1335 ex
3106 1282 3207 1335 illis
3237 1297 3375 1346 esse,
3407 1291 3460 1334 et
3507 1281 3584 1335 fer
3611 1298 3805 1334 ﬂ'l‘lllll-

2232 1386 2354 1424 nam
2381 1387 2442 1426 ac
2465 1373 2703 1428 dolorem
2729 1416 2742 1436 ,
2771 1390 2866 1439 sne
2896 1374 3190 1426 futurorum
3241 1373 3499 1427 bonorum
3551 1376 3801 1426 nutritus.

2229 1461 2343 1515 Non
2369 1472 2420 1515 tu
2439 1479 2498 1517 es
2525 1462 2686 1518 Paulo
2714 1465 2921 1526 melior,
2947 1479 3051 1517 non
3075 1463 3232 1517 Petro
3263 1481 3276 1514 :
3306 1463 3496 1531 quibus
3519 1479 3802 1533 numquam

2229 1554 2394 1606 otium
2423 1553 2601 1606 datum
2629 1562 2740 1616 est;
2771 1553 2859 1622 qui
2892 1554 2942 1606 io
2975 1553 3112 1607 fame
3129 1563 3182 1606 et
3203 1553 3289 1607 siti
3315 1554 3622 1607 etnuditate
3641 1565 3802 1608 totam

2231 1645 2390 1696 vitam
2418 1644 2778 1698 confecerunt.
2818 1643 2874 1698 Si
2902 1643 3087 1698 eadem
3119 1652 3277 1712 atque
3303 1644 3376 1697 illi
3404 1643 3483 1697 vis
3509 1646 3761 1713 consequi
3787 1686 3802 1708 ,

2229 1747 2328 1788 Cur
2356 1733 2676 1786 contrariam
2712 1733 2908 1787 insistis
2936 1734 3119 1786 viam?
3148 1734 3191 1787 si
3238 1733 3304 1788 ad
3349 1735 3614 1788 civitatem
3661 1734 3803 1788 illam

2229 1825 2306 1876 vis
2338 1823 2636 1890 pervenire,
2665 1839 2763 1892 qua
2795 1824 2866 1876 illi
2899 1824 3041 1893 digni
3076 1823 3198 1878 lacti
3228 1833 3391 1891 sunt,
3428 1825 3571 1878 illam
3619 1839 3802 1894 perse-

2227 1929 2390 1981 quere
2416 1914 2554 1965 viam
2582 1929 2698 1980 qua:
2728 1914 2849 1966 illuc
2881 1913 3000 1967 fert.
3033 1913 3147 1968 Non
3178 1914 3303 1969 illuc
3329 1915 3422 1970 otii
3451 1915 3554 1969 fert
3581 1916 3678 1979 via,
3707 1917 3801 1970 sed

2227 2018 2475 2056 avrumnm
2507 2020 2520 2055 :
2551 2003 2636 2054 illa
2669 2003 2792 2068 lata,
2820 2004 2932 2055 haec
2960 2014 3181 2073 angusta
3209 2013 3309 2058 est.
3345 2005 3452 2058 Ilac
3497 2005 3599 2066 iter
3641 2007 3802 2059 facia-

2227 2108 2365 2155 mus,
2396 2103 2449 2144 ut
2475 2106 2862 2160 consequamur
2893 2104 3147 2146 teteruam
3180 2094 3341 2147 vitam
3370 2095 3420 2148 iu
3443 2095 3656 2149 Christo
3676 2094 3801 2148 Jesu

2228 2181 2452 2244 Domino
2475 2190 2678 2245 nostro,
2709 2197 2826 2235 cum
2857 2197 2962 2252 quo
2992 2183 3133 2236 Patri
3161 2185 3424 2252 simulque
3450 2194 3636 2238 sancto
3675 2185 3799 2252 Spi-

2225 2273 2346 2325 ritui
2372 2272 2562 2341 gloria,
2593 2272 2897 2341 imperium,
2930 2273 3122 2340 houos,
3158 2289 3294 2326 nime
3327 2285 3378 2326 et
3409 2289 3536 2336 smn:
3561 2291 3640 2330 er.
3667 2287 3714 2326 et
3749 2277 3798 2326 iu

2223 2363 2420 2416 sweula
2449 2361 2784 2415 saculorum.
2819 2366 3007 2416 Amen.

3412 2523 3756 2541 ﬂ

3505 2542 3757 2555 _——

551 2527 2261 2561 Wrx

662 2704 770 2762 AD
810 2703 1207 2786 HOMILIAS
1252 2705 1314 2763 S.
1361 2703 1697 2763 JOANNIS
1731 2703 2299 2764 CHRYSOSTOMI
2336 2705 2414 2764 IN
2447 2703 2897 2764 EPISTOLAM
2945 2704 3052 2763 AD
3095 2699 3662 2763 COLOSSENSES.

617 2886 676 2942 ln
707 2887 856 2944 hisce
880 2903 1046 2958 porro
1072 2889 1432 2944 concionibus
1466 2889 1636 2943 multa
1665 2889 1927 2944 discimus
1953 2889 2022 2944 de
2055 2889 2164 2944 ritu
2190 2890 2451 2946 Ecclesiae
2479 2889 3096 2960 Constantinopolitanae
3139 2889 3194 2942 in
3223 2887 3503 2958 Liturgia;
3536 2887 3788 2954 interque

551 3001 656 3056 alia
685 3003 885 3056 dicitur
924 3017 1112 3072 pacem
1140 3003 1449 3058 innumeris
1483 3019 1624 3074 pene
1662 3004 1876 3059 vicibus
1907 3004 2055 3059 inter
2076 3005 2344 3059 orandum
2377 3005 2602 3074 petitam
2648 3004 2838 3060 fuisse.
2883 3004 3140 3070 Quaadam
3168 3003 3334 3058 etiam
3376 3010 3678 3057 occurrunt
3723 3000 3790 3054 de

553 3114 810 3172 Ecclesiae
833 3115 1088 3186 Opinione
1128 3125 1292 3187 atque
1323 3118 1628 3184 sententia;
1661 3119 1896 3188 exempli
1940 3133 2101 3174 causa
2144 3118 2212 3174 de
2256 3118 2466 3190 angelis
2491 3119 2833 3184 custodibus,
2862 3119 2956 3189 qui
2987 3117 3188 3189 singuli
3218 3117 3448 3188 singulis
3478 3115 3794 3171 hominibus

549 3229 616 3284 ad
655 3229 877 3284 tutelam
915 3229 1287 3299 assignantur.

617 3382 684 3439 Ut
714 3391 833 3438 erat
860 3381 1287 3454 Chrysostomus
1315 3397 1502 3447 verax,
1532 3383 1676 3452 aequi
1716 3399 1924 3447 amans,
1953 3392 2009 3438 et
2033 3383 2099 3438 ad
2135 3383 2410 3454 carpenda
2452 3383 2584 3438 vitia
2627 3399 2854 3454 pronus,
2882 3398 2950 3438 ne
2977 3384 3295 3454 Imperatori
3329 3384 3553 3455 quidem
3584 3384 3791 3452 parcit;

550 3500 648 3554 sed
685 3497 1058 3552 Theodosium
1099 3497 1377 3568 Magnum,
1409 3497 1541 3553 licet
1583 3498 1750 3553 tacito
1772 3500 2019 3565 nomine,
2053 3499 2227 3569 carpit
2256 3499 2405 3553 hom.
2442 3499 2696 3570 septima,
2723 3517 2780 3554 n.
2807 3501 2861 3567 '5,
2891 3501 3038 3571 quod
3065 3499 3464 3556 Antiochenam
3491 3501 3793 3566 civitatem,

555 3613 815 3677 offensus,
839 3613 1066 3682 perdere
1089 3629 1153 3669 ac
1173 3613 1460 3670 destruere
1487 3615 1746 3670 voluerit.
1777 3614 2191 3687 lmperatrieem
2215 3630 2369 3681 vero,
2394 3615 2693 3671 Eudociam
2724 3633 2943 3688 nempe,
2969 3633 3078 3672 non
3100 3617 3297 3672 leviter
3321 3617 3622 3673 insectatur
3644 3617 3793 3671 hom.

555 3721 788 3787 decima,
815 3739 968 3777 num.
997 3725 1030 3777 4
1054 3733 1110 3778 et
1147 3725 1200 3789 5,
1230 3725 1299 3780 ob
1329 3727 1520 3780 luxum
1553 3726 1784 3781 nimium
1828 3735 1884 3782 et
1926 3728 2180 3798 profusos
2212 3729 2266 3782 in
2292 3743 2474 3783 vesws
2503 3743 2696 3784 aureas
2722 3737 2991 3800 sumptus,
3018 3730 3113 3801 qui
3139 3731 3404 3786 membris
3427 3730 3628 3786 Christi
3665 3746 3798 3800 pau-

555 3835 783 3906 peribus
811 3837 1055 3907 tegendis
1092 3848 1254 3909 atque
1285 3839 1536 3896 fovendis
1563 3841 1865 3911 deputandi
1892 3853 2068 3899 erant.
2101 3844 2179 3898 Ex
2211 3844 2315 3899 hac
2346 3859 2511 3915 porro
2535 3853 2680 3900 tanta
2705 3845 2925 3902 dicendi
2961 3847 3236 3914 libertate,
3271 3849 3402 3918 quid
3428 3849 3648 3904 demum
3675 3864 3798 3903 sau-

554 3955 645 4001 cto
672 3949 890 4004 Doctori
915 3951 1196 4020 acciderit,
1230 3955 1444 4026 ignorat
1468 3972 1651 4024 nemo,
1675 3968 1732 4014 et
1757 3975 1860 4015 nos
1884 3960 2134 4029 pluribus
2161 3961 2539 4017 recensuimus
2562 3964 2618 4018 in
2646 3963 2893 4034 ejusdem
2914 3963 3058 4019 Vita.

616 4104 736 4160 Non
763 4105 992 4162 deerant
1020 4109 1222 4164 oratori
1257 4119 1504 4179 strenuo,
1539 4113 1738 4178 dicaci,
1778 4117 1921 4186 aequi
1959 4116 2202 4187 bonique
2234 4119 2456 4189 cupido,
2500 4134 2623 4189 quae
2671 4119 2728 4172 in
2771 4116 3513 4187 Constantinopolitanorum
3555 4114 3801 4171 moribus

546 4230 798 4292 carperet
816 4232 877 4279 et
901 4224 1282 4280 insectaretur.
1309 4226 1446 4280 Nam
1471 4227 1703 4285 divitum
1729 4239 1913 4287 tantus
1939 4242 2059 4288 erat
2087 4233 2271 4298 luxus,
2300 4235 2436 4288 tanti
2469 4235 2523 4287 in
2555 4232 2756 4288 mensis
2787 4242 3082 4302 apparatus
3107 4240 3267 4301 atque
3297 4242 3567 4303 sumptus,
3599 4240 3662 4286 ut
3691 4249 3799 4287 non

547 4337 666 4393 sine
698 4350 925 4410 stupore
955 4343 1209 4414 legantur
1237 4360 1302 4399 ea
1327 4361 1451 4415 quae
1485 4348 1574 4404 ille
1601 4350 1657 4404 in
1686 4351 1909 4407 homilia
1937 4354 2135 4422 prima,
2172 4371 2325 4408 num.
2357 4356 2386 4408 4
2421 4362 2690 4407 recenset.
2719 4353 2940 4407 Plebem
2967 4363 3170 4416 autem,
3203 4351 3311 4404 imo
3341 4350 3799 4419 Constantinopo-

549 4451 750 4504 litanos
779 4468 970 4510 omnes
993 4457 1118 4526 jure
1158 4458 1415 4530 objurgat
1453 4469 1509 4516 et
1551 4463 1806 4531 incessit;
1845 4468 1990 4535 quod
2018 4469 2175 4523 multi
2203 4468 2386 4522 omnia
2427 4468 2666 4522 humana
2697 4468 2806 4521 fato
2853 4467 2984 4521 ferri
3017 4465 3266 4521 dicerent
3307 4474 3470 4536 atque
3510 4472 3799 4535 putarent,

555 4563 790 4633 ideoque
832 4568 928 4622 Dei
972 4571 1377 4638 providentiam
1426 4575 1562 4630 nihil
1606 4588 1896 4646 curarent;
1942 4582 2085 4650 quod
2116 4583 2336 4652 plurimi
2384 4582 2844 4637 resurrectionem
2890 4591 3184 4654 negarent;
3217 4581 3361 4654 quod
3392 4581 3805 4638 observationes

554 4677 768 4731 dierum
797 4681 942 4748 apud
973 4682 1096 4738 illos
1124 4686 1375 4757 vigerent
1408 4704 1420 4740 :
1454 4687 1560 4743 hoc
1591 4705 1723 4743 vero
1761 4707 1934 4762 genus
1961 4697 2372 4765 superstitionis
2410 4697 2504 4750 diu
2547 4697 2889 4768 multumque
2924 4699 2980 4753 in
3009 4699 3446 4754 occidentalibus
3483 4699 3648 4754 etiam
3676 4713 3804 4766 par-

555 4794 701 4849 tibus
732 4795 985 4863 invaluit,
1016 4809 1076 4853 ut
1107 4801 1237 4857 alibi
1273 4803 1793 4862 demonstravimus.
1829 4809 2107 4879 Ligamina
2151 4814 2339 4878 etiam,
2371 4829 2492 4883 quae
2527 4827 2698 4883 grzece
2729 4814 3001 4885 περίαπτα
3034 4815 3316 4879 dicuntur,
3347 4822 3404 4869 et
3433 4814 3567 4868 alias
3606 4812 3807 4867 multas

557 4909 978 4974 spuerstitiones
1003 4914 1147 4982 apud
1180 4915 1304 4970 illos
1333 4916 1619 4972 observari
1647 4919 1781 4975 dicit
1807 4921 1954 4976 hom.
1986 4933 2197 4991 octava,
2224 4943 2376 4980 num.
2411 4927 2462 4980 5.
2494 4926 2698 4981 Morem
2729 4943 2948 4997 quoque
2981 4929 3208 4981 omnino
3233 4925 3602 4981 damnandum
3632 4923 3808 4980 insec—

561 5027 728 5087 tatur,
755 5025 900 5093 quod
927 5043 1126 5098 nempe
1152 5029 1743 5102 Constantinopolitani
1775 5041 2127 5093 meretricum
2153 5056 2358 5095 cuneos
2387 5042 2452 5095 ad
2479 5042 2700 5110 nuptias
2725 5040 3080 5094 celebrandas
3102 5040 3454 5094 advocarent.

622 5173 906 5246 Singulare
935 5187 1162 5243 omnino
1191 5200 1274 5246 est
1305 5193 1358 5247 id
1391 5195 1537 5264 quod
1563 5196 1698 5250 dicit
1724 5197 1872 5250 hom.
1906 5197 2157 5266 septima,
2191 5212 2343 5250 num.
2375 5198 2425 5262 5,
2448 5214 2644 5266 nempe
2671 5212 2852 5265 regem
2879 5199 3172 5252 Persarum
3191 5198 3413 5268 illoipso
3439 5213 3549 5268 quo
3573 5195 3809 5265 Chryso-

548 5297 757 5346 stomus
791 5296 1227 5356 concionabatur
1263 5313 1528 5377 tempore,
1580 5310 1806 5365 barbam
1843 5310 2101 5363 habuisse
2132 5325 2373 5364 auream.
2418 5310 2687 5362 Prolixam
2732 5317 2903 5372 certe,
2935 5308 3160 5362 densam
3195 5316 3251 5362 et
3284 5307 3613 5378 adjectitiam
3641 5305 3807 5359 fuisse

549 5410 735 5464 regum
767 5400 1066 5460 Persarum
1100 5408 1327 5466 barbam
1359 5419 1624 5487 exemplis
1651 5428 1704 5474 et
1736 5421 2110 5474 schematibus
2141 5421 2497 5476 confirmatur
2529 5421 2582 5473 in
2609 5417 2946 5486 Antiquitate
2972 5417 3257 5487 explanata
3282 5418 3436 5473 Tom.
3465 5420 3528 5486 ὃς
3560 5418 3651 5472 hic
3677 5431 3805 5472 vero

549 5505 803 5576 adjicitur
835 5529 959 5571 eam
1003 5518 1176 5576 fuisse
1215 5538 1458 5579 auream.

617 5668 1141 5744 Interpretationom
1173 5679 1420 5739 Latinam
1451 5685 1705 5742 Centiaui
1742 5689 1963 5745 llcrvcti
1991 5692 2242 5761 plurimis
2273 5692 2326 5745 iu
2362 5688 2497 5744 locis
2531 5686 2931 5757 castigavimus.
