4026 6148
351 1548 1476 1766 JOANNIS
1579 1556 3564 1817 CHRYSOSTOMI,

1257 2063 1768 2124 ARCHIEPISCOP!
1822 2058 2657 2130 CONSTANTINOPOLITANI,

560 2385 668 2483 tN
747 2388 1316 2488 EPISTULAM
1395 2414 1526 2488 AD
1603 2404 2304 2492 COLOSSENSES
2375 2409 3190 2491 COMMENTARIUS
3252 2397 3360 2484 (α).

1736 3017 2050 3090 HOMILIA
2113 3016 2163 3089 Ῑ.

315 3294 442 3364 ὓλην.
476 3305 529 3360 1.
559 3319 612 3356 v.
642 3303 694 3356 l.
721 3289 921 3354 Paulus
941 3293 1203 3366 apostolus
1231 3281 1357 3346 Iesu
1385 3285 1570 3346 Christi
1597 3305 1686 3358 per
1712 3289 1890 3344 uolun-

385 3401 538 3452 tatem
564 3391 680 3456 Dei,
713 3398 758 3442 et
779 3386 1070 3440 Timotheus
1099 3387 1275 3453 frater,
1295 3381 1352 3434 2.
1382 3382 1445 3435 iis
1470 3381 1556 3450 qui
1574 3391 1689 3433 sunt
1709 3379 1886 3448 Colos-

387 3488 459 3540 sis‘
487 3483 675 3536 sanatis
708 3489 752 3532 et
791 3476 1023 3545 ﬁdelibus
1050 3473 1290 3544 fratribus
1319 3474 1373 3526 in
1403 3471 1604 3525 Christo
1631 3469 1789 3536 Iesu,
1829 3473 1884 3526 5.

385 3573 552 3646 gratia
580 3572 716 3624 vobis
747 3579 793 3621 et
837 3583 937 3637 pan:
964 3583 996 3618 a
1041 3562 1147 3617 Deo
1176 3561 1332 3616 Patre
1366 3572 1536 3617 nostro
1582 3571 1630 3616 et
1671 3560 1888 3616 Domino

387 3666 512 3720 Iesu
541 3655 766 3717 Christo.

387 3754 440 3810 i.
472 3753 682 3807 Sancta:
700 3743 914 3817 quidem
940 3753 1065 3798 sunt
1087 3752 1279 3796 omnes
1305 3739 1558 3809 Epistula:
1581 3739 1758 3806 Pauli;
1791 3739 1888 3794 ali-

315 3844 439 3917 quid
467 3850 647 3896 autem
681 3836 878 3891 habent
902 3833 1131 3902 amplius
1155 3847 1232 3886 ea:
1256 3868 1272 3898 ,
1298 3845 1417 3901 quae
1445 3830 1538 3884 illo
1565 3829 1740 3883 vincto
1766 3829 1888 3883 mit-

315 3916 536 3998 tunttir,
582 3924 880 3997 cujusmodi
919 3931 1045 3979 sunt
1091 3920 1345 3990 epistolae
1381 3918 1447 3974 ad
1483 3917 1764 3988 Ephesios,
1818 3916 1885 3972 ad

315 4024 699 4087 Philemonem,
717 4017 786 4074 ad
829 4013 1190 4080 Timotheum,
1230 4021 1284 4065 et
1299 4011 1415 4064 haec
1441 4023 1719 4079 praesens;
1762 4022 1883 4062 nam

312 4130 376 4176 ea
423 4128 634 4188 quoque
687 4113 848 4166 missa
891 4115 974 4162 est
1001 4121 1122 4160 cum
1147 4112 1291 4160 esset
1341 4104 1393 4156 in
1444 4100 1692 4166 vinculis,
1745 4099 1884 4154 sicut

314 4211 556 4265 scribens
576 4205 787 4262 dicebat
817 4217 831 4254 :
864 4199 1086 4270 Propter
1108 4195 1243 4266 quod
1261 4195 1413 4247 etiam
1447 4193 1640 4246 uinctus
1659 4207 1806 4256 sum,
1831 4200 1886 4245 ut

315 4300 627 4370 vitaiiifestem
643 4294 775 4348 illud
801 4293 874 4344 ita
898 4300 955 4343 ut
979 4292 1176 4358 oportet
1197 4300 1279 4338 me
1298 4283 1440 4352 loqui
1468 4281 1604 4350 (Col.
1636 4281 1692 4336 4.
1717 4282 1775 4336 5.
1798 4282 1879 4350 4).

313 4391 418 4450 Sed
438 4390 558 4445 hac
575 4387 789 4442 videtur
811 4388 932 4438 esse
956 4378 1217 4450 posterior
1243 4373 1480 4445 Epistula
1505 4373 1570 4428 ad
1593 4372 1882 4428 Romanos.

311 4475 444 4538 Nam
469 4480 614 4536 illam
641 4474 856 4546 quidem
904 4468 1119 4538 scripsit
1167 4481 1290 4520 cum
1338 4465 1606 4518 Romanos
1650 4461 1883 4515 nondum

313 4573 554 4634 vidisset,
585 4567 722 4622 hanc
746 4571 922 4617 autem
944 4574 1064 4614 cum
1088 4556 1200 4626 jam
1231 4554 1469 4618 vidisset,
1516 4561 1571 4606 et
1605 4550 1712 4619 jam
1741 4557 1886 4604 esset

312 4668 365 4721 in
420 4663 524 4717 line
553 4651 967 4730 praedicationis.
1000 4647 1150 4703 illinc
1177 4653 1358 4699 autem
1379 4651 1467 4697 est
1495 4641 1832 4710 perspicuum
1865 4654 1880 4691 :

307 4753 436 4811 dicit
473 4727 624 4806 enim
648 4747 707 4801 in
729 4742 969 4814 Epistula
990 4737 1064 4793 ad
1093 4736 1480 4795 Philemonem,
1509 4729 1637 4784 Cum
1661 4730 1731 4783 sis
1767 4727 1883 4782 talis

309 4860 367 4902 ut
400 4844 594 4901 Patrias
611 4853 765 4895 senes:
789 4832 1040 4906 (Philem.
1067 4827 1148 4899 9),
1170 4835 1224 4882 et
1253 4833 1447 4894 rogans
1473 4835 1569 4892 pro
1602 4819 1878 4906 Onesimo:

314 4940 366 4991 in
385 4937 484 4990 Intic
501 4941 679 4988 autem
702 4926 863 4983 mittit
886 4925 1057 4994 ipsum
1079 4916 1409 4977 Onesimum,
1430 4912 1567 4965 sicut
1591 4908 1738 4973 dicit,
1757 4905 1884 4961 Cum

315 5021 551 5082 Unesim'o
579 5023 720 5094 ﬁdeli
746 5029 791 5074 et
815 5018 995 5071 dilecto
1021 5017 1179 5084 fratre
1229 5006 1364 5078 (Col.
1393 5004 1447 5059 4.
1471 4999 1562 5094 9)
1592 4999 1798 5053 ﬁdelem
1829 5006 1884 5094 et

311 5086 663 5178 (illecmm,~et
691 5110 907 5165 fratrem
936 5117 1058 5160 eum
1087 5111 1304 5178 vocans.
1332 5089 1702 5178 Quamobrem
1717 5086 1883 5178 conti.-

312 5203 505 5262 denter
530 5174 660 5256 dicit
707 5200 759 5252 in
808 5197 908 5249 hac
957 5174 1194 5261 Epistula
1225 5203 1238 5239 :
1272 5184 1316 5236 A
1357 5197 1446 5250 spe
1484 5177 1724 5247 evangelii
1749 5174 1884 5245 quod

307 5296 541 5362 dudittis,
567 5292 702 5363 quod
729 5287 1056 5360 pradicatum
1082 5286 1154 5334 est
1187 5280 1240 5331 in
1262 5275 1496 5330 uniuersa
1523 5278 1753 5324 creatura
1772 5279 1884 5334 qua:

311 5389 400 5446 aut
427 5355 553 5444 τωιὸ
579 5355 668 5439 ἐει
697 5355 856 5451 (tua.
887 5373 1082 5443 1.25).
1115 5369 1233 5425 iam
1275 5365 1417 5420 enim
1462 5369 1672 5428 tempus
1709 5355 1882 5451 habeo

311 5479 400 5538 hit
425 5448 753 5551 praedii-Atio.
811 5469 922 5524 Hac
944 5479 1073 5533 ergo
1101 5459 1351 5516 existimo
1376 5466 1496 5508 esse
1523 5448 1876 5520 posteriorem

377 5633 453 5710 ta)
474 5628 696 5710 “milia
721 5641 770 5710 ίη
793 5617 1070 5710 ﬁdem!“
1540 5608 1728 5710 2213‘???
1748 5611 1883 5710 ἕξιῗέ

311 5677 1187 5764 Νξωᾚῖεξξῄᾟὲῖὲἷεῦὼ
1200 5677 1512 5741 ’ρυιιηνιίιιίδ
1540 5685 1634 5733 909
1667 5690 1718 5731 et
1742 5677 1878 5728 ms.

1997 3278 2292 3365 Epistulam
2317 3298 2384 3354 ad
2411 3284 2771 3368 Timmheum,
2796 3315 2917 3372 qua:
2955 3301 3162 3357 circiter
3183 3302 3300 3371 ejus
3336 3313 3562 3358 mortem

1996 3386 2192 3456 scripta
2217 3386 2346 3442 fuit:
2373 3389 2480 3443 illic
2509 3391 2650 3444 enim
2671 3389 2823 3456 dicit,
2847 3389 2959 3461 Ego
2981 3390 3108 3443 enim
3131 3390 3241 3460 jam
3266 3389 3453 3443 delibor
3478 3393 3558 3459 (‘2.

1995 3473 2131 3529 Tim.
2156 3477 2209 3532 4.
2235 3477 2267 3532 6
2297 3478 2337 3547 ).
2379 3478 2477 3533 Est
2503 3495 2632 3532 vero
2663 3481 2777 3534 hmc
2803 3480 3025 3548 epistola
3051 3479 3314 3548 antiquior
3333 3479 3416 3532 illa
3441 3485 3562 3547 qua

1991 3568 2192 3636 scripta
2207 3576 2290 3624 est
2311 3569 2376 3624 ad
2389 3570 2784 3639 Philippenses:
2803 3571 2909 3624 illic
2923 3570 3068 3625 enim
3089 3576 3217 3626 tunc
3230 3580 3366 3638 erat,
3381 3573 3568 3626 vincua

1992 3659 2165 3714 lorum
2195 3675 2314 3730 qua:
2353 3661 2569 3717 fuerunt
2607 3663 2790 3717 Roma:
2819 3662 3024 3718 habens
3053 3662 3280 3718 initium.
3312 3663 3419 3718 Cur
3439 3679 3568 3735 ergo

1991 3749 2114 3805 dico
2135 3750 2231 3805 has
2244 3752 2500 3821 epistulas
2522 3754 2638 3823 plus
2665 3753 2861 3808 habere
2881 3767 3038 3822 quam
3064 3754 3230 3807 alias?
3255 3755 3541 3822 Propterea

1993 3842 2133 3912 quod
2174 3856 2266 3896 eas
2305 3843 2568 3898 scriberet
2592 3858 2712 3898 cum
2742 3851 2885 3898 esset
2913 3843 2966 3896 in
2994 3841 3222 3897 vinculis
3266 3860 3280 3895 :
3319 3852 3377 3897 ut
3404 3844 3450 3897 si
3480 3845 3561 3897 vir

1993 3933 2146 3988 fortis
2177 3934 2457 3999 scriberet,
2505 3948 2535 3988 a
2564 3933 2797 3988 caadibus
2841 3933 3053 3988 interim
3080 3933 3344 3988 desistens
3371 3943 3425 3989 et
3451 3945 3557 3988 tros

1993 4024 2142 4092 pacis,
2175 4025 2254 4078 sic
2281 4023 2409 4093 ipsis
2433 4038 2644 4093 quoque
2674 4023 2918 4078 faciebat.
2939 4021 3156 4078 Sciebat
3185 4024 3327 4078 enim
3353 4024 3441 4077 ille
3463 4023 3562 4077 hoc

1994 4125 2115 4168 esse
2143 4125 2388 4182 magnum
2414 4131 2427 4165 :
2457 4113 2522 4166 ad
2557 4113 2923 4167 Philemonem
2950 4113 3091 4167 enim
3123 4113 3383 4178 scribens,
3411 4112 3560 4178 dicit,

1997 4205 2157 4270 Quem
2186 4205 2336 4274 genui
2360 4205 2412 4256 in
2433 4204 2644 4256 vinculis
2671 4203 2792 4256 meis
2813 4201 3062 4269 (Philem.
3095 4201 3210 4272 16).
3235 4201 3360 4255 Haec
3385 4212 3562 4255 autem

1988 4295 2141 4360 dixit,
2174 4309 2243 4348 ne
2284 4293 2336 4347 in
2370 4294 2529 4348 rebus
2555 4293 2791 4346 adversis
2819 4299 2876 4346 et
2901 4292 3107 4360 asperis
3135 4291 3321 4344 dolore
3357 4290 3560 4343 allicia-

1991 4403 2140 4450 mur;
2163 4385 2264 4442 sed
2286 4387 2445 4440 etiam
2463 4386 2723 4439 latemur.
2751 4383 2850 4437 llic
2867 4391 2980 4436 erat
2994 4380 3132 4450 apud
3149 4393 3242 4436 eos
3263 4379 3556 4434 Philemon:

1990 4479 2188 4534 etenim
2235 4476 2346 4531 illic
2388 4474 2630 4530 scribens
2655 4473 2801 4538 dicit,
2833 4471 2900 4524 Et
2935 4470 3196 4538 Archippo
3234 4469 3561 4522 commilitoni

1989 4580 2160 4623 nostra
2183 4565 2342 4638 (Ibid.
2367 4564 2458 4636 ‘2);
2482 4573 2535 4618 et
2565 4563 2670 4627 hic,
2704 4560 2869 4615 Dicite
2897 4560 3154 4628 Archippo
3197 4557 3332 4628 (Col.
3360 4556 3414 4610 4.
3449 4557 3558 4623 1-7).

1989 4659 2214 4714 Videtur
2241 4671 2401 4727 porro
2428 4657 2550 4709 huic
2573 4653 2741 4708 fuisse
2769 4650 3074 4706 mandatum
3115 4646 3328 4716 aliquod
3367 4659 3561 4699 munus

1986 4749 2267 4805 Ecclesize.
2298 4746 2407 4802 Nec
2429 4745 2528 4799 hos
2566 4751 2743 4798 autem
2771 4741 2997 4800 viderat.
3045 4747 3218 4806 neque
3266 4736 3558 4799 Romanos,

1987 4856 2162 4910 neque
2187 4839 2458 4904 Hebmos,
2487 4835 2701 4906 quando
2727 4832 2793 4888 ad
2820 4845 2914 4888 eos
2949 4829 3239 4885 scribebat.
3273 4828 3446 4896 Atque
3492 4825 3562 4879 de

1992 4932 2094 4986 illis
2121 4929 2334 4999 quidem
2358 4925 2534 4980 multis
2564 4925 2614 4978 in
2641 4924 2773 4978 locis
2793 4920 2845 4975 id
2874 4918 3154 4990 signiﬁcat;
3174 4915 3242 4970 de
3269 4916 3349 4968 his
3378 4923 3558 4967 autem

1990 5021 2110 5075 audi
2143 5035 2264 5074 eunt
2294 5018 2558 5071 dicentem
2581 5033 2594 5069 :
2617 5014 2678 5066 Et
2694 5013 2994 5082 quicumque
3015 5023 3114 5061 non
3135 5006 3364 5060 uiderunt
3378 5004 3562 5073 faciem

1991 5129 2151 5167 meam
2173 5113 2225 5164 in
2249 5124 2439 5173 carne;
2468 5116 2520 5162 et
2547 5119 2752 5168 rursus,
2783 5100 2850 5155 Et
2893 5101 2937 5154 si
2975 5099 3150 5152 absum
3179 5110 3352 5160 carne,
3380 5093 3564 5161 spiritu

1993 5217 2156 5259 tamen
2180 5215 2291 5257 sum
2304 5195 2780 5268 vobiscum(€ol.2.i
2797 5193 2894 5262 .5).
2909 5191 2983 5245 Ita
3004 5196 3224 5244 noverat
3241 5185 3434 5252 ubique
3447 5197 3561 5236 rem

1991 5305 2233 5363 magnam
2263 5304 2382 5346 esse
2407 5301 2555 5343 suam
2580 5282 2935 5354 praesentiam,
2964 5288 3018 5334 et
3058 5291 3117 5331 se
3162 5286 3374 5342 semper
3398 5271 3560 5324 etiam

1991 5389 2263 5442 absentem
2311 5392 2576 5450 tamquam
2609 5383 2924 5444 praesentem
2954 5369 3170 5425 exhibet
3215 5373 3270 5419 et
3299 5363 3479 5419 sistit:
3506 5366 3562 5414 et

1992 5475 2205 5550 quando
2229 5477 2377 5547 punit
2403 5471 2803 5532 fornicatores».
2835 5465 2956 5520 vide
2979 5459 3249 5550 quomodo
3273 5469 3333 5514 se
3357 5455 3562 5550 iudicio

1994 5544 2261 5640 tamquam
2290 5570 2608 5637 prmseutent
2637 5559 2780 5614 sistit
2804 5573 2817 5609 :
2839 5571 2960 5609 nam
2985 5549 3096 5622 Ego
3115 5551 3338 5618 quidem.
3369 5544 3561 5640 inquit,

1997 5635 2250 5731 tamquam
2292 5635 2474 5711 absens
2505 5655 2737 5722 corpore,
2761 5653 2988 5717 prauus
3014 5651 3180 5696 autem
3206 5641 3421 5709 spiritu,
3449 5635 3563 5701 iam
