4026 6148
353 354 452 425 τοι

348 481 591 554 Παῦλος
614 487 954 549 ἀπόστολος
970 484 1171 552 Ἰησοῦ
1186 485 1444 553 Χριστοῦ
1475 485 1571 539 διὰ
1587 485 1919 554 θελήματος

352 581 522 637 Θεοῦ.
555 577 740 644 ’Ἄξιον
768 577 822 628 δὲ
854 578 948 629 καὶ
981 576 1078 645 τὴν
1111 576 1368 630 ὑπόθεσιν
1406 578 1600 638 εἰπεῖν,
1629 577 1696 646 ἦν
1733 578 1796 627 ὲκ
1825 577 1922 646 τῆς

349 656 634 737 επιᾶτσλῆς
662 657 912 736 εύρὸμεν.
942 661 1036 727 Τίς
1068 662 1160 717 οὖν
1182 665 1330 717 ἐστιν
1355 663 1523 734 αῦτη;
1564 667 1642 716 Δι’
1675 664 1922 732 ἀγγέλων

349 759 684 829 ¹ἰιίροσήγοντο
709 754 788 824 τῷ
820 753 960 821 Θεῷ,
986 755 1399 824 παρατηρήσεις
1427 749 1574 824 εἰχον
1603 754 1802 816 πολλὰς
1827 755 1921 806 καὶ

361 845 656 908 Ἰουδαῖκάς
693 845 789 898 καὶ
821 844 1159 913 Ἑλληνικάς.
1216 844 1380 898 Ταῦτ’
1429 841 1522 897 οὖν
1574 842 1916 914 διωρθοῦται.

345 938 445 998 Διά
463 934 623 990 ⁶τοῦτο
650 935 745 990 καὶ
764 933 1063 1003 ἀρχόμενος
1087 950 1240 1003 φησι,
1262 933 1363 986 Διά
1387 933 1718 1001 θελήματος
1748 932 1915 986 Θεοῦ.

359 1016 487 1082 Ἰδοὺ
508 1026 672 1080 πάλιν
698 1027 780 1089 τὸ,
809 1026 934 1087 Διὰ,
963 1023 1198 1077 τέθεικε.
1230 1024 1337 1078 Καὶ
1374 1024 1642 1092 Τιμόθεος
1678 1027 1710 1077 ό
1739 1023 1915 1077 ἀδελ-

344 1107 480 1188 φδς,
513 1117 699 1188 φησίν.
733 1114 942 1170 Οὐκοῦν
975 1117 1072 1168 καὶ
1115 1117 1278 1178 αὐτὸς
1313 1115 1630 1176 ἀπόστολος.
1672 1115 1831 1173 Εἰκὸς
1859 1114 1917 1166 δὲ

344 1211 444 1267 καὶ
466 1209 654 1262 τοῦτον
682 1209 865 1270 αὐτοῖς
892 1205 1276 1278 γνωρίζεσθαι.
1320 1201 1448 1272 Τοῖς
1471 1208 1541 1260 ἐν
1577 1204 1918 1270 Κολοσσαῖς

345 1295 558 1373 ἁγίοις.
599 1302 665 1354 Ἦ
697 1299 849 1362 πόλις
872 1299 967 1368 τῆς
999 1297 1240 1368 Φρυγίας
1267 1291 1365 1366 ἦν’
1401 1297 1494 1350 καὶ
1524 1296 1680 1366 δῆλον
1713 1297 1778 1348 ὲκ
1819 1294 1915 1346 τοῦ

344 1397 444 1468 ’ἰὴν
466 1394 786 1448 Λαοδίκειαν
838 1391 1068 1462 πλησίον
1122 1385 1290 1442 εἶναι·
1332 1389 1442 1442 Καὶ
1478 1387 1717 1452 πιστοῖς
1743 1387 1917 1440 ἀδελ-

344 1486 480 1556 φοῖς
505 1487 574 1539 ἐν
601 1481 854 1552 Χριστῷ.
884 1483 1076 1546 Πόθεν,
1113 1481 1298 1550 φησὶν,
1331 1479 1485 1546 ἅγιος
1513 1479 1764 1546 γέγονας,
1793 1477 1915 1529 εἰπέ

348 1593 472 1648 μοις
509 1577 672 1631 πόθεν
706 1571 896 1638 πιστὸς
933 1577 1103 1644 καλῇ;
1143 1574 1242 1642 οὐχ
1287 1572 1369 1625 ὅτι
1415 1571 1502 1624 διὰ
1552 1570 1647 1622 τοῦ
1685 1570 1913 1622 θανάτου

344 1666 615 1736 meam
661 1664 755 1717 τοῦ
799 1662 1071 1734 Χριστοῦ;
1107 1662 1206 1731 οὐχ
1245 1660 1326 1712 ὅτι
1373 1661 1452 1722 εἰς
1491 1657 1640 1730 [524]
1681 1656 1913 1726 Χριστὸν

343 1756 652 1820 πιστεύειςς
688 1754 858 1809 Πόθεν
877 1753 1105 1821 ἁδελφὸς
1129 1752 1392 1820 γέγονας;
1427 1750 1488 1802 οὑ
1523 1749 1630 1820 γὰρ
1660 1750 1717 1799 ἒν
1745 1747 1910 1817 ἔργῳ,

340 1847 460 1899 οὐδὲ
499 1849 555 1900 ὲν
580 1846 744 1916 λόγῳ,
773 1845 891 1897 οὐδὲ
927 1846 986 1895 ὲν
1013 1839 1396 1912 κατορθώματι
1447 1839 1637 1901 πιστὸς
1685 1839 1910 1906 ἐφάνης.

346 1935 519 1993 Πόθεν
554 1936 791 1990 τοσαῦτα
825 1933 1176 2004 ἐπιστεύθης,
1206 1931 1327 1984 εἰπέ
1365 1946 1476 2000 μοι,
1511 1928 1814 2000 μυστήρια;
1848 1927 1925 1979 οὐ·

339 2021 424 2085 8ιά
468 2029 743 2102 Χριστόν;
799 2026 980 2092 Χάρις
1020 2023 1162 2092 ὑμῖν
1209 2022 1308 2076 καί
1363 2021 1570 2088 εἰρήνη
1611 2019 1732 2074 ἀπὸ
1764 2017 1912 2072 Θεοῦ

341 2120 569 2188 ΙΙατρὸς
599 2117 786 2188 ἡμῶν.
846 2117 1017 2170 Πόθεν
1049 2116 1080 2186 ή
1116 2114 1272 2184 χάρις
1305 2114 1469 2184 ὐμῖν;
1506 2111 1670 2164 πόθεν
1698 2112 1733 2181 ἡ
1761 2112 1913 2180 εἰρή-

339 2223 437 2282 νη;
479 2211 612 2265 Ἀπὸ
669 2209 837 2272 Θεοῦ,
899 2208 1053 2276 φησί,
1105 2203 1335 2272 Πατρὸς
1373 2202 1561 2271 ἡμῶν.
1612 2201 1805 2255 Καίτοι
1854 2203 1909 2254 ἐν

339 2303 510 2375 ταύτῃ
540 2303 600 2354 τὸ
646 2301 742 2354 τοῦ
776 2297 1014 2369 Χριστοῦ
1045 2298 1106 2349 οὐ
1150 2296 1364 2366 τίθησιν
1392 2295 1582 2364 ὄνομα.
1614 2293 1757 2364 Πρὸς
1786 2294 1912 2355 τούς

337 2389 400 2447 ib
427 2392 653 2462 Πνεῦμα
700 2389 1082 2450 διαϐάλλοντας
1128 2387 1260 2456 ἐρῶ,
1313 2386 1474 2438 πόθεν
1507 2387 1536 2437 ὁ
1567 2385 1697 2446 Θεὸς
1722 2383 1910 2453 Πατὴρ

341 2485 450 2537 τῶν
503 2481 740 2548 δούλων;
768 2479 940 2533 ταῦτα
970 2481 1040 2530 τὰ
1088 2477 1298 2547 μεγάλα
1324 2475 1406 2536 τίς
1435 2474 1797 2546 κατώρθωσε;
1827 2473 1910 2536 τίς

339 2564 492 2644 ἀγιόν
520 2591 580 2627 σε
608 2574 866 2641 ὲποίησε;
894 2571 979 2633 τίς
1006 2568 1196 2621 πιστόν
1221 2585 1236 2632 ;
1267 2567 1351 2629 τίς
1377 2567 1492 2618 υἱὸν
1520 2566 1616 2618 τοῦ
1639 2565 1774 2617 Θεοῦ
1797 2582 1811 2628 ;
1850 2565 1908 2617 ὐ

340 2667 572 2737 ποιήσας
612 2680 672 2716 σε
728 2660 1063 2727 ἀξιόπιστον,
1095 2658 1254 2720 αὐτὸς
1299 2658 1392 2710 καὶ
1428 2655 1523 2708 τοῦ
1553 2655 1909 2724 πιστευθῆναι

341 2774 400 2810 σε
431 2757 648 2810 ἅπαντα
678 2753 871 2814 αἴτιος.

411 2904 477 2988 βθ,
505 2905 694 2970 marci
712 2914 818 2986 γὰρ
839 2915 897 2966 οὐ
917 2902 1004 2966 διὰ
1021 2903 1080 2965 τὸ
1098 2900 1372 2964 πιστεύειν
1389 2910 1699 2979 καλούμεθα
1725 2902 1903 2980 μόνον,

335 3005 474 3059 ἀλλά
504 3006 597 3058 καὶ
623 3004 712 3057 διά
740 3002 802 3054 τὸ
833 3000 1188 3069 πιστευθῆναι
1224 2999 1376 3070 παρὰ
1402 2999 1496 3052 τοῦ
1527 2997 1663 3050 Θεοῦ
1701 3001 1907 3068 μυστή-

337 3114 450 3169 ρια,
482 3095 626 3166 ἀπερ
654 3093 774 3146 οὐδὲ
795 3092 1016 3160 ἄγγελοι
1041 3090 1146 3161 πρὸ
1171 3090 1326 3160 ὴμῶν
1346 3090 1564 3160 ᾔδεσαν.
1598 3089 1738 3142 Ἀλλ’
1755 3089 1906 3142 ἀδιά-

335 3204 500 3258 φορον
523 3185 602 3255 τῷ
635 3183 830 3252 Παύλῳ
858 3181 1000 3235 οὐτω
1047 3179 1219 3233 ταῦτα
1243 3180 1470 3234 τιθέναι.
1496 3179 1906 3248 Εὐχαριστοῦε-

326 3295 443 3348 μεν
469 3277 550 3341 τῷ
585 3275 706 3340 Θεῷ
757 3273 838 3339 τῷ
872 3271 1054 3340 Πατρὶ
1086 3271 1190 3325 τοῦ
1241 3273 1461 3339 Κυρίου
1502 3271 1672 3340 ’ἡμῶν
1711 3271 1905 3338 Ἰησοῦ

333 3367 612 3438 Χριστοῦ.
663 3365 815 3436 Ἐμοὶ
867 3365 1017 3418 δοκεῖ
1062 3364 1243 3416 πάντα
1283 3364 1376 3416 ἐπὶ
1408 3363 1501 3417 τὸν
1526 3364 1745 3436 Πατέρα
1772 3366 1904 3417 ἀνα-

333 3458 557 3518 τιθέναι,
597 3455 738 3508 ὥστε
775 3455 850 3524 μὴ
877 3454 1078 3516 εὐθέως
1131 3453 1316 3517 αὐτοῖς
1354 3453 1658 3524 προστῆναι
1690 3453 1780 3522 τὸν
1814 3453 1902 3506 10'-

333 3556 447 3614 γον.
478 3545 739 3598 Πάντοτε
768 3543 898 3610 περί
942 3543 1109 3611 ὑμῶν
1146 3544 1642 3612 προσευχόμενοι.
1689 3545 1763 3596 Οὐ
1815 3543 1903 3596 διὰ

332 3637 431 3706 τῆς
458 3634 808 3704 εὐχαριστίας
839 3633 1020 3701 μόνον,
1071 3632 1204 3685 ἀλλά
1243 3633 1336 3685 καὶ
1364 3634 1467 3702 τῆς
1491 3634 1774 3704 διηνεκοῦς
1806 3635 1898 3686 εὐ-

335 3717 438 3796 χῆς
465 3725 564 3794 τὴν
594 3725 814 3792 ἀγάπην
862 3722 1154 3786 δείκνυσιν,
1196 3723 1279 3774 ὅτι
1328 3723 1424 3776 καὶ
1467 3723 1562 3785 οὓς
1591 3725 1690 3793 οὐχ
1731 3725 1897 3794 ἐώρα,

333 3817 555 3878 τούτους
584 3811 698 3883 εἶχε
721 3813 811 3864 διά
828 3809 1030 3875 παντὸς
1060 3813 1118 3864 ὲν
1143 3813 1342 3882 ἑαυτῷ.
1374 3814 1764 3881 Ἀκούσαντες
1788 3816 1903 3883 τὴν

334 3910 542 3961 πίστιν
595 3904 762 3975 ὑμῶν
805 3905 875 3957 ἐν
915 3903 1149 3973 Χριστῷ
1203 3903 1416 3969 Ἰησοῦ.
1456 3906 1754 3976 Ἀνωτέρω,
1791 3907 1900 3959 Τοῦ

335 3997 553 4066 Κυρίου
612 3994 800 4066 ἡμῶν,
849 3993 1038 4055 εἰπὼν,
1085 3993 1338 4060 ἐνταῦθα,
1378 3995 1572 4062 Ἰησοῦ
1637 3995 1900 4063 Χριστοῦ

332 4090 498 4156 λέγει.
563 4087 736 4150 Αὐτός
795 4088 912 4138 ἐστι
967 4086 1191 4155 Κύριος,
1234 4087 1425 4155 φησίν·
1458 4087 1576 4156 οὐχ,
1631 4089 1679 4140 οἱ
1723 4087 1898 4141 δοῦλοι

344 4177 516 4249 Ἰησοῦ
542 4176 802 4248 Χριστοῦ.
855 4177 964 4230 Καὶ
1019 4176 1195 4230 ταῦτα
1235 4177 1478 4244 σύμὸολα
1528 4178 1628 4246 τῆς
1677 4178 1900 4248 εὐεργε-

335 4262 476 4330 σίάς·
509 4265 701 4331 Αὐτὸς
759 4265 888 4334 γὰρ,
944 4267 1092 4337 φησὶ,
1136 4264 1322 4319 σώσει
1374 4265 1480 4319 τὸν
1519 4266 1676 4321 λαὸν
1713 4268 1900 4322 αὐτοῦ

331 4359 451 4412 ἀπὸ
485 4357 601 4412 τῶν
629 4356 924 4426 ἁμαρτιῶν
961 4356 1177 4410 αὐτῶν.
1219 4357 1607 4422 Ἀκούσαντες
1655 4357 1773 4424 τὴν
1804 4359 1900 4411 πί-

331 4465 470 4504 στιν
517 4448 685 4519 ὑμῶν
723 4449 793 4501 ἐν
831 4447 1063 4516 Χριστῷ
1118 4449 1334 4515 Ἰησοῦ,
1383 4449 1481 4502 καί
1514 4449 1628 4517 τὴν
1658 4450 1900 4519 ἀγάπην

333 4542 446 4610 τὴν
473 4541 560 4607 εἰς
592 4539 823 4605 πάντας
875 4539 1017 4605 τοὺς
1061 4539 1285 4608 ἁγίους.
1317 4539 1454 4609 Ἤδη
1484 4541 1779 4594 οἰκειοῦται
1803 4544 1899 4595 αὐ-

327 4633 473 4695 τούς.
508 4630 898 4700 Ἐπαφρόδιτος
922 4631 1070 4682 ἐστιν
1090 4631 1116 4681 ὁ
1147 4629 1319 4682 ταῦτα
1348 4631 1722 4697 ἀπαγγέλλων.
1752 4634 1899 4703 Πέμ-

329 4729 421 4776 πει
449 4723 506 4775 δὲ
528 4722 628 4792 τὴν
653 4721 948 4790 ἐπιστολὴν
977 4720 1065 4772 διὰ
1092 4721 1351 4790 Τυχικοῦ,
1377 4721 1580 4774 ἐκεῖνον
1619 4725 1748 4794 παρ’
1772 4725 1898 4776 ἐαυ-

328 4815 404 4884 τῷ
426 4811 734 4882 κατασχών.
764 4811 872 4864 Καὶ
890 4811 1005 4875 τὴν
1027 4809 1289 4880 ἀγάπην,
1321 4813 1473 4883 φησὶ,
1498 4813 1613 4880 τὴν
1639 4817 1726 4880 είς
1751 4816 1898 4868 πάν-

331 4911 434 4970 τας
455 4902 596 4968 τοὺς
613 4901 839 4970 ἁγίους.
869 4901 982 4953 Οὐκ
997 4901 1076 4962 εἰς
1093 4900 1244 4953 τόνδε
1265 4901 1356 4952 καὶ
1372 4900 1522 4954 τόνδε
1542 4917 1554 4930 °
1589 4902 1784 4954 οὐκοῦν
1805 4905 1896 4957 καὶ

327 4997 406 5056 εἰς
431 4995 597 5063 ἡμᾶς.
622 4993 723 5045 Διά
739 4991 855 5060 τὴν
877 4989 1097 5044 ἐλπίδα
1117 4989 1230 5058 τὴν
1248 4991 1648 5060 ἀποκειμένην
1668 4993 1811 5060 ὑμῖν
1830 4995 1900 5046 ἑν

327 5084 449 5150 τοῖς
483 5083 777 5151 οὐρανοῖς.
820 5082 902 5136 Τά
937 5082 1220 5152 μέλλοντα,
1257 5083 1448 5152 φησὶν,
1471 5083 1672 5151 ἀγαθά.
1726 5086 1896 5138 Τοῦτο

328 5175 461 5247 πρὸς
489 5175 618 5238 τοὺς
650 5175 1012 5245 πειρασμούς,
1043 5173 1184 5226 ὥστε
1222 5173 1296 5243 μῆ
1333 5171 1567 5228 ἐνταῦθα
1590 5175 1771 5244 ζητεῖν
1799 5178 1898 5249 τὴν

327 5271 530 5322 ἄνεσιν.
559 5264 677 5318 Ἵνα
728 5267 834 5337 γὰρ
878 5265 951 5336 μή
989 5272 1071 5328 τις
1102 5267 1261 5335 εἴπῃ,
1290 5264 1387 5317 καὶ
1415 5265 1468 5317 τί
1499 5264 1559 5318 τὸ
1585 5267 1773 5336 κέρδος
1800 5270 1897 5339 τῆς

327 5360 548 5430 ἀγάπης
599 5356 698 5426 τῆς
756 5358 836 5418 εἰς
883 5357 1009 5418 τοὺς
1044 5355 1251 5424 ἁγίους,
1281 5358 1633 5427 κοπτομένων
1667 5360 1846 5413 αὐτῶν
1879 5377 1894 5427 ;

326 5453 588 5526 χαίρομέν
624 5460 672 5515 ι,
701 5449 884 5518 φησὶν,
921 5450 1003 5502 ὅτι
1050 5448 1262 5518 μεγάλα
1319 5449 1533 5512 ἑαυτοῖς
1589 5451 1895 5521 προξενεῖτε

329 5545 384 5596 ιν
405 5545 516 5607 τοῖς
541 5543 811 5613 οὐρανοῖς.
848 5539 950 5593 Διὰ
979 5537 1096 5606 τὴν
1124 5539 1362 5602 ἐλπίδα,
1397 5542 1552 5609 φησί,
1590 5542 1703 5609 τὴν
1746 5545 1896 5598 ἀπο-

387 5751 413 5791 ⁸
451 5763 575 5824 Reg.
600 5764 843 5822 χαίρομεν,
871 5751 996 5811 Edili
1022 5763 1275 5824 χαίρωμεν,
1301 5760 1572 5822 pérperam.

1003 363 1063 420 s.
1099 349 1390 420 JOANNIS
1425 349 1915 420 CHRYSOSTOMI
1957 356 2278 426 ARCIIIEP.
2323 362 2870 428 CONSTANTINOP.

3493 381 3600 436 502

2028 490 2333 558 κειμένην.
2361 491 2434 543 Τὸ
2479 491 2720 559 ἀσφαλὲς
2752 491 2971 558 ἔδειξεν.
3013 482 3125 546 Ἦν
3180 502 3598 563 προηκούσατε

2021 578 2091 631 ἐν
2143 580 2224 645 τῷ
2273 582 2434 650 λόγῳ
2461 581 2574 649 τῆς
2624 583 2928 650 ἀληθείας.
2969 585 3235 638 Ἐνταῦθα
3261 589 3597 659 πλήττοντος

2018 674 2218 736 αὐτούς
2241 675 2356 728 ἐστι
2388 677 2452 729 τὸ
2486 670 2658 747 ῥῆμα,
2686 679 2768 730 ὅτι
2801 678 2970 732 πολὺν
2986 679 3177 750 χρόνον
3204 680 3421 749 ἔχοντες
3464 689 3596 748 μετ-

2019 764 2277 836 έστησαν.
2308 769 2423 822 ’Ἡν
2460 772 2885 837 προηκούσατε
2907 811 2922 834 ,
2955 772 3141 841 φησὶν,
3175 773 3246 827 ἐν
3296 773 3377 839 τῷ
3436 778 3600 844 λόγῳ

2016 855 2128 923 τῆς
2186 859 2469 925 ἀληθείας
2538 861 2643 913 τοῦ
2697 863 3087 929 Εὐαγγελίου.
3173 865 3279 916 Καὶ
3336 866 3597 934 ἀλήθειαν

2020 953 2291 1019 μαρτυρεῖ
2333 951 2412 1020 τῷ
2467 951 2615 1020 λόγῳ
2639 967 2652 980 °
2690 953 2916 1015 εἰκότως
2943 969 2954 981 ·
2985 954 3136 1006 οὐδὲν
3179 956 3287 1025 γάρ
3317 956 3510 1025 ψεῦδος
3535 961 3599 1011 ἐν

2015 1039 2185 1109 αὐτῷ.
2226 1043 2334 1095 Τοῦ
2361 1044 2755 1111 Εὐαγγελίου.
2783 1045 2858 1096 Οὐ
2896 1043 3066 1112 λέγει,
3101 1047 3195 1099 τοῦ
3217 1049 3592 1117 κηρύγματος,

2016 1130 2129 1182 ἀλλ’
2179 1133 2497 1200 εὐαγγέλιον
2551 1136 2724 1199 καλεῖ,
2760 1137 2999 1206 συνεχῶς
3028 1139 3460 1208 ἀναμιμνήσκων
3498 1143 3595 1194 αύ-

2014 1223 2140 1284 τούς
2169 1225 2277 1276 τῶν
2312 1227 2643 1296 εὐεργεσιῶν
2663 1227 2758 1280 τοῦ
2793 1228 2929 1281 Θεοῦ
2953 1245 2966 1259 ’
3003 1229 3099 1282 καὶ
3124 1231 3337 1300 πρῶτον
3368 1235 3593 1287 ἐπαινέ-

2017 1317 2116 1377 σᾱς
2147 1317 2365 1381 αὐτοὺς,
2415 1317 2558 1371 οὕτω
2604 1318 2806 1372 τούτων
2832 1321 3263 1392 ἀναμιμνήσκει.
3290 1323 3406 1377 Τοῦ
3439 1341 3592 1392 παρ-

2013 1405 2189 1472 όντος
2229 1409 2316 1473 είς
2358 1405 2533 1476 ὑμᾶς,
2569 1408 2758 1475 καθὼς
2798 1410 2897 1463 καί
2948 1412 3018 1464 ἐν
3046 1414 3224 1466 παντὶ
3262 1413 3341 1478 τῷ
3363 1417 3589 1484 κόσμῳ.

2017 1495 2156 1566 Ἤδη
2217 1497 2499 1567 χαρίζεται
2551 1500 2756 1562 αὐτοῖς.
2793 1502 3098 1573 Παρόντος
3126 1503 3181 1555 δὲ
3209 1505 3592 1574 μεταφορικῶς

2015 1581 2193 1639 εἶπεν·
2231 1589 2291 1640 οὐ
2335 1591 2688 1659 παρεγένετο,
2721 1590 2872 1663 [525]
2907 1593 3062 1664 φησὶ,
3089 1597 3184 1647 καὶ
3205 1595 3441 1666 ἀπέστη,
3472 1597 3590 1648 ἀλλ’

2012 1677 2197 1746 ἔμεινε
2233 1680 2328 1733 καὶ
2352 1681 2499 1734 ἔστιν
2521 1684 2658 1736 ἐκεῖ.
2682 1679 2838 1749 Εῐτα,
2863 1685 3053 1755 ἐπειδὴ
3079 1686 3311 1755 μάλιστα
3332 1691 3382 1740 οἰ
3411 1687 3594 1740 πολλοὶ

2011 1774 2076 1826 ἐκ
2098 1773 2191 1827 τοῦ
2232 1780 2524 1840 κοινωνοὺς
2556 1777 2701 1848 ἔχειν
2738 1779 2966 1843 πολλοὺς
2995 1781 3103 1832 τῶν
3130 1782 3419 1850 δογμάτων
3457 1797 3588 1848 στη-

2016 1864 2280 1934 ρίζονται,
2302 1868 2390 1921 διά
2431 1869 2589 1922 τοῦτο
2632 1872 2901 1940 ἐπήγαγε,
2939 1872 3146 1937 Καθὼς
3173 1873 3272 1925 καί
3307 1873 3378 1926 ὲν
3407 1871 3589 1923 παντὶ
3645 1934 3660 1940 _

2012 1955 2093 2021 τῷ
2156 1958 2381 2027 κόσμῳ.
2433 1960 2737 2030 Πανταχοῦ,
2790 1961 2946 2031 φησὶ,
2998 1963 3250 2031 πάρεστι,
3305 1961 3590 2032 πανταχοῦ

2011 2051 2246 2118 κρατεῖ,
2295 2051 2572 2120 πανταχοῦ
2645 2053 2863 2122 ἕστηκε.
2926 2053 3034 2106 Καὶ
3099 2054 3229 2106 ἐστι
3295 2070 3587 2121 καρποφο-

2005 2134 2326 2208 ρούμενον,
2359 2142 2458 2194 καί
2478 2143 2914 2211 αὐξανόμενον,
2950 2144 3143 2208 καθὼς
3182 2139 3280 2198 καί
3320 2145 3390 2199 ἐν
3416 2141 3580 2214 ύμῖν.

2011 2231 2546 2302 Καρποφορούμενον
2571 2234 2658 2287 διὰ
2694 2237 2761 2288 τὰ
2787 2233 2944 2303 ἔργα,
2971 2237 3334 2308 αὐξανόμενον
3350 2237 3426 2308 τῷ
3456 2237 3586 2290 πολ-

2009 2320 2134 2383 λοὺς
2190 2323 2664 2394 παραλαμΰάνειν,
2708 2324 2786 2395 τῷ
2821 2326 3023 2396 μᾶλλον
3065 2328 3434 2398 στηρίζεσθαι.
3475 2330 3585 2382 Καὶ

2008 2412 2119 2483 γὰρ
2149 2414 2208 2466 ὲν
2233 2417 2346 2478 τοῖς
2375 2419 2564 2484 φυτοῖς
2581 2418 2702 2470 τότε
2735 2419 2916 2472 πυκνὰ
2950 2420 3196 2488 γίνεται,
3230 2422 3358 2473 ὅταν
3390 2437 3579 2489 στηρι-

2008 2509 2110 2578 χθῇ
2146 2510 2207 2562 τὸ
2242 2513 2425 2578 φυτόν.
2455 2513 2650 2578 Καθὼς
2684 2515 2782 2567 καί
2807 2517 2878 2569 ἐν
2909 2517 3071 2586 ὑμῖν.
3106 2517 3579 2589 Προκαταλαμόά-

2007 2617 2087 2652 νει
2127 2601 2218 2654 τὸν
2271 2603 2546 2672 ἀκροατὴν
2581 2607 2692 2666 τοῖς
2730 2607 2998 2671 ἐπαίνοις,
3056 2609 3196 2661 ὥστε
3242 2609 3377 2680 μηδὲ
3422 2610 3578 2663 ἀκον-

2007 2707 2076 2743 τα
2151 2693 2475 2764 ἀποστῆναι.
2533 2695 2658 2764 Ἀφ’
2713 2691 2789 2766 ἧς
2839 2698 3062 2767 ἡμέρας
3125 2702 3447 2768 ἠκούσατε.
3504 2699 3576 2752 Τὸ

2008 2777 2342 2852 θαυμαστδν,
2374 2787 2456 2838 ὅτι
2496 2787 2708 2856 ταχέως
2763 2790 3100 2860 προσήλθετε
3129 2794 3224 2847 καὶ
3256 2795 3574 2848 ἐπιστεύσα-

2004 2883 2086 2937 τε,
2125 2875 2218 2928 καὶ
2245 2876 2446 2940 εὐθέως
2481 2880 2545 2931 ὲκ
2576 2881 2879 2950 προοιμίων
2906 2883 3257 2948 ἐπεδείξασθε
3288 2889 3413 2950 τούς
3438 2905 3573 2957 καρο-

2005 2967 2161 3032 πούς.
2205 2970 2334 3039 Ἀφ’
2370 2965 2445 3040 ἧς
2474 2972 2699 3041 ἡμέρας
2750 2977 3071 3043 ἠκούσατε,
3127 2980 3225 3032 καί
3281 2981 3574 3050 ἐπέγνωτε

2005 3056 2120 3124 τὴν
2159 3057 2334 3125 χάριν
2387 3058 2493 3112 τοῦ
2552 3060 2701 3114 Θεοῦ
2749 3061 2818 3113 ἐν
2864 3063 3135 3132 ἀληθείᾳ.
3161 3067 3277 3121 Οὐκ
3309 3071 3366 3122 ὲν
3410 3070 3572 3136 λόγῳ,

2006 3144 2192 3214 φησὶν,
2225 3147 2347 3200 οὐδὲ
2386 3148 2446 3201 ὲν
2494 3149 2703 3220 ἀπάτη,
2750 3151 2865 3204 ἀλλ’
2896 3153 2954 3204 ὲν
3002 3155 3186 3219 αὐτοῖς
3224 3160 3336 3222 τοῖς
3368 3159 3570 3229 ἔργοις.

2003 3240 2173 3292 Τοῦτο
2218 3241 2394 3294 τοίνυν
2459 3242 2624 3309 λέγει,
2667 3247 3244 3314 Καρποφορούμενον
3272 3264 3286 3276 ·
3340 3249 3455 3318 ἦτοι
3501 3250 3570 3302 τά

2005 3335 2206 3401 σημεῖα
2234 3334 2326 3386 καὶ
2358 3334 2426 3385 τά
2475 3333 2732 3403 θαύματα
2757 3336 2839 3388 ὅτι
2872 3337 2987 3406 ἃμα
3034 3336 3300 3402 ἐδέξασθε,
3349 3339 3464 3406 ἅμα
3509 3338 3567 3390 ἕ-

1999 3439 2171 3489 γνωτε
2201 3415 2302 3492 τὴν
2346 3424 2506 3494 χάριν
2535 3425 2630 3477 τοῦ
2657 3420 2814 3480 Θεοῦ.
2847 3427 2920 3478 Τὸ
2948 3428 3122 3480 τοίνυν
3143 3428 3340 3491 εὐθέως
3365 3429 3565 3482 ἐπιδει-

2003 3511 2231 3582 ξάμενον
2251 3515 2350 3582 τὴν
2379 3514 2580 3567 οἰκείαν
2603 3514 2830 3585 δύναμιν
2852 3514 2966 3580 πῶς
2994 3518 3053 3569 οὐ
3079 3517 3308 3587 χαλεπὸν
3327 3518 3420 3571 νῦν
3438 3521 3567 3573 ἀπι-

2002 3604 2275 3670 στεῖσθαι;
2315 3599 2521 3670 Καθὼς
2558 3606 2658 3658 καὶ
2697 3606 2943 3674 ἐμάθετε
2975 3611 3135 3676 παρὰ
3159 3610 3428 3679 Ἐπαφρᾶ
3461 3603 3569 3666 τοῦ

1999 3696 2309 3765 ἀγαπητοῦ
2339 3698 2688 3752 συνδούλου
2713 3698 2902 3767 ἡμῶν.
2934 3699 3134 3753 Τοῦτον
3162 3703 3310 3766 εἰκὸς
3331 3700 3452 3756 ἐκεῖ
3477 3721 3569 3756 κε-

1999 3804 2067 3857 κη
2076 3788 2321 3856 ρυχέναι·
2339 3787 2568 3854 ἐμάθετε
2589 3779 2648 3840 τδ
2669 3789 3012 3856 Εὐαγγέλιον.
3030 3786 3161 3844 Εἶτα
3182 3793 3243 3845 τὸ
3266 3793 3574 3857 ἀξιόπιστον

1998 3874 2209 3936 δεικνὺς
2229 3875 2324 3929 τοῦ
2345 3877 2557 3946 ἀνδρὸς,
2574 3878 2727 3946 φησί,
2751 3874 2861 3931 Τοῦ
2891 3879 3242 3934 συνδούλου
3267 3881 3573 3950 ἡμῶν.”ος

2000 3963 2131 4018 ἐστι
2166 3967 2384 4030 πιστὸς
2410 3967 2560 4033 ὑπὲρ
2587 3966 2753 4034 ὑμῶν
2773 3963 3055 4034 διάκονος
3087 3971 3194 4024 τοῦ
3237 3973 3510 4040 Χριστοῦ,
3539 3975 3573 4026 ὁ

2002 4055 2100 4106 καὶ
2130 4055 2411 4122 δηλώσας
2455 4057 2599 4125 ἡμῖν
2635 4058 2749 4125 τὴν
2797 4058 2965 4128 ὑμῶν
3008 4061 3250 4130 ἀγάπην
3281 4064 3351 4115 ἐν
3389 4066 3570 4117 "reii-

1995 4161 2154 4213 ματι.
2174 4141 2265 4215 Μὴ
2281 4147 2669 4216 ἀμφιϐάλλετε,
2686 4150 2837 4218 φησὶ,
2855 4151 2980 4221 περὶ
2998 4153 3096 4220 τῆς
3110 4153 3408 4224 μελλούσης
3422 4149 3570 4206 ἐλπί-

1995 4234 2083 4296 δος
2105 4251 2118 4266 ·
2150 4228 2310 4304 ὁρᾶτε
2343 4237 2441 4306 τὴν
2458 4239 2782 4308 οἰκουμένην
2810 4240 3262 4310 ἐπιστρέφουσαν.
3286 4244 3396 4296 Καὶ
3419 4245 3468 4295 τί
3488 4245 3571 4297 δεῖ

1997 4326 2175 4393 λέγειν
2222 4329 2289 4380 τὰ
2330 4330 2387 4380 ὲν
2432 4331 2544 4392 τοῖς
2587 4330 2818 4396 ᾶ).λοις;
2863 4331 2932 4385 τά
2968 4333 3027 4386 ἐν
3063 4329 3192 4403 ὑμῖν
3245 4336 3426 4397 αὐτοῖς
3469 4336 3563 4388 καὶ

1998 4417 2165 4485 χωρὶς
2225 4416 2430 4472 τούτων
2481 4421 2666 4474 πιστά.
2708 4421 3037 4492 Ἐπέγνωτε
3092 4423 3200 4494 γάρ
3234 4425 3345 4492 τὴν
3393 4425 3566 4494 χάριν

1997 4505 2104 4559 τοῦ
2149 4507 2296 4560 Θεοῦ
2353 4509 2423 4560 ἐν
2460 4505 2715 4578 ἀληθείᾳ
2746 4530 2758 4543 ·
2787 4513 3088 4576 τουτέστιν,
3124 4517 3181 4567 ὲν
3219 4518 3331 4577 τοῖς
3362 4516 3562 4586 ἔργοις.

1999 4591 2164 4650 ’Ὠστε
2197 4597 2292 4651 δύο
2315 4599 2488 4652 ταῦτα
2517 4599 2586 4653 τὰ
2621 4603 2880 4672 μέλλοντα
2912 4604 3243 4674 βεϐαιοῦται,
3267 4609 3328 4660 τό
3354 4626 3413 4662 τε
3437 4610 3568 4662 πάν-

1997 4705 2094 4751 τας
2154 4689 2465 4750 πιστεῦσαι,
2497 4692 2559 4743 τό
2600 4698 2660 4744 τε
2711 4695 2804 4746 καὶ
2845 4695 2987 4765 ὑμᾶς
3013 4712 3026 4726 ⁸
3065 4698 3158 4750 καὶ
3185 4698 3284 4750 οὐκ
3319 4699 3453 4752 ἄλλα
3473 4701 3569 4769 μὲν

1997 4775 2232 4842 ἐγένετο,
2263 4775 2400 4830 ἄλλα
2444 4775 2502 4830 δὲ
2546 4773 2702 4832 εἶπεν
2740 4772 3046 4852 Ἐπαφρᾶς.
3086 4785 3194 4850 Ὃς
3227 4786 3381 4853 ἐστι,
3413 4787 3567 4856 φησὶ,

1999 4867 2214 4931 πιστός
2237 4885 2250 4897 ·
2293 4868 2591 4932 τουτέστιν,
2635 4861 2863 4941 ἀληθής.
2899 4874 3024 4937 Πῶς
3061 4874 3149 4939 δὲ,
3195 4875 3374 4943 ’Υπὲρ
3407 4875 3572 4944 ὑμῶν

1997 4953 2322 5021 διάκονος;
2352 4956 2441 5026 Τῷ
2499 4958 2636 5026 πρὸς
2671 4951 2835 5012 αὐτὸν
2877 4961 3154 5028 ἀπελθεῖν,
3183 4965 3285 5016 καὶ
3333 4965 3570 5035 δηλῶσαι

2001 5045 2148 5114 ἡμῖν,
2183 5043 2337 5112 φησὶ.
2372 5045 2470 5114 τὴν
2507 5046 2662 5116 ὑμῶν
2695 5049 2912 5118 ἀγάπην
2944 5051 3000 5102 ὲν
3041 5051 3328 5121 Πνεύματι
3366 5071 3378 5082 ο
3413 5070 3571 5104 τουτ-

1999 5133 2137 5198 έστι,
2169 5131 2268 5203 τὴν
2330 5137 2708 5206 πνευματικήν
2742 5154 2755 5166 ’
2790 5138 2891 5208 τὴν
2914 5142 2994 5202 εἰς
3026 5143 3191 5210 ἡμᾶς.
3225 5143 3286 5195 Εἰ
3332 5142 3389 5195 δὲ
3417 5138 3570 5204 οὗτος

1995 5223 2090 5275 τοῦ
2121 5223 2354 5294 Χριστοῦ
2390 5224 2654 5288 διάκονος,
2682 5226 2801 5290 πῶς
2826 5228 2894 5280 δι’
2918 5227 3162 5297 ἀγγέλων
3184 5231 3370 5300 λέγετε
3401 5249 3570 5298 προσ-

1997 5316 2227 5385 άγεσθαι
2259 5335 2272 5380 ;
2314 5312 2366 5369 Ὀ
2391 5317 2489 5371 καί
2528 5317 2813 5384 δηλώσας
2857 5321 3021 5390 ἡμῖν,
3072 5325 3234 5393 φησὶ,
3263 5325 3375 5389 τὴν
3407 5323 3573 5392 ὑμῶν

1996 5409 2242 5476 ἀγάπην
2295 5409 2364 5460 ἐν
2411 5412 2731 5479 Πνεύματι.
2761 5412 2908 5482 Δῦτη
2934 5414 3041 5483 γὰρ
3061 5414 3346 5487 θαυμαστὴ
3373 5416 3464 5467 καὶ
3484 5416 3572 5482 βε-⁶

1999 5496 2128 5554 ϐαία
2153 5500 2184 5570 ἡ
2211 5502 2401 5571 ἀγάπη
2428 5513 2442 5531 δ
2475 5496 2551 5564 ὼς
2573 5497 2636 5555 αἴ
2667 5520 2728 5571 γε
2757 5501 2921 5558 ἄλλαι
2943 5504 3116 5574 ὄνομα
3137 5506 3356 5573 ἀγάπης
3383 5506 3568 5573 ἔχουσι

2001 5592 2180 5660 μόνον.
2231 5593 2350 5644 Εἰσὶ
2408 5592 2464 5644 δέ
2514 5611 2656 5655 τινες
2719 5595 2780 5646 οὐ
2822 5594 3246 5648 τοιαῦταισάλλ⁹
3306 5596 3368 5647 οὐ
3417 5593 3566 5662 φιλία

1996 5680 2152 5733 τοῦτο
2171 5697 2182 5710 ⁸
2219 5677 2296 5733 διδ
2325 5681 2418 5735 καὶ
2458 5684 2766 5747 εὐδιάλυτος
2794 5686 3021 5752 γίνεται.

2073 5778 2139 5833 γ’.
2177 5764 2376 5826 [Ιολλαὶ
2399 5773 2693 5843 προςάσεις
2721 5777 2858 5828 εἰσὶν
2881 5778 2933 5829 αἱ
2961 5774 3137 5843 φιλίας
3165 5774 3411 5830 ποιοῦσαι
3434 5787 3446 5803 ο
3477 5776 3571 5827 καὶ
