4026 6148
385 378 481 437 Ml

387 489 608 552 iudicavi
631 498 881 557 tamquam
911 496 1162 554 pratsens;
1189 491 1242 535 ct
1265 494 1468 543 rursus,-
1527 478 1732 531 Veniam
1761 476 1827 528 ad
1853 490 1962 537 vos,

388 591 434 634 et
455 595 750 650 cognoscam
777 593 876 629 non
901 589 1178 628 sermonem
1207 587 1381 624 eorum
1408 570 1492 638 qui
1521 577 1638 622 sunt
1665 567 1850 634 inﬂati,
1879 565 1966 618 sed

388 675 618 727 virtutem
635 672 708 742 (l.
726 667 824 724 Cor
849 669 958 722 5.3.
981 665 1212 732 et3.l9);
1232 673 1284 716 et
1301 676 1507 722 rursus,
1528 658 1647 712 Non
1668 659 1829 712 solum
1843 656 1963 709 dum

387 764 566 818 adsum
585 761 721 832 apud
736 775 840 824 vos,
859 758 946 812 sed
963 758 1120 809 multo
1135 754 1294 822 magis
1311 753 1432 806 dum
1444 751 1618 803 absum
1639 746 1960 818 (θαμέας).

392 851 583 906 Paulus
600 851 858 919 apostolus
877 845 908 898 .l
917 863 1002 900 esu
1027 843 1215 900 Christi
1240 860 1328 912 per
1353 842 1658 894 voluntatem
1682 839 1792 892 Dei.
1819 837 1962 905 Ope-

388 958 460 996 ηε
484 943 706 1008 pretium
731 948 813 994 est
837 947 1014 991 autem
1039 935 1220 989 dicere
1239 934 1398 987 etiam
1426 939 1793 1000 argumentum
1822 926 1960 996 quod

385 1033 682 1088 invenimus
705 1046 770 1086 ex
802 1029 1047 1099 cpistola.
1083 1026 1360 1093 Quodnam
1390 1034 1568 1077 autem
1590 1031 1674 1076 est
1698 1020 1832 1074 hoc?
1863 1020 1965 1072 Per

381 1124 600 1193 angelos
625 1122 691 1176 ad
713 1123 876 1175 Deum
901 1117 1246 1181 accedebant,
1265 1115 1668 1168 observationes
1697 1111 1962 1165 habebant

382 1215 575 1268 multas
602 1222 658 1267 et
679 1211 928 1266 ludaims
954 1218 1008 1263 et
1035 1208 1246 1263 Grazcas
1267 1219 1360 1260 seu
1391 1203 1653 1259 ethnicas.
1685 1201 1806 1255 Haec
1832 1215 1961 1270 ergo

382 1305 601 1371 corrigit
634 1321 648 1355 :
683 1311 964 1370 propterea
992 1308 1046 1353 et
1075 1301 1126 1352 in
1159 1299 1310 1352 initio
1341 1296 1490 1356 dicit,
1525 1293 1628 1348 Per
1655 1294 1960 1346 voluntatem

383 1393 498 1448 Dei.
523 1393 662 1447 Ecce
684 1407 868 1446 rursus
884 1391 1032 1456 illud,
1049 1407 1157 1458 per,
1173 1388 1365 1457 posuit.
1388 1385 1450 1438 Et
1467 1385 1758 1444 Timotheus
1781 1387 1957 1452 frater,

385 1487 578 1555 inquit.
625 1485 766 1555 Ergo
794 1486 908 1554 ipse
952 1497 1162 1552 quoque
1193 1489 1309 1534 erat
1339 1477 1633 1546 apostolus.
1660 1475 1956 1529 Consenta-

385 1593 545 1632 neum
584 1585 760 1631 autem
790 1583 906 1630 erat
931 1589 1050 1628 eum
1081 1585 1294 1642 quoque
1336 1568 1502 1622 fuisse
1531 1577 1714 1620 notum
1757 1566 1961 1620 Sanctis

382 1669 471 1737 qui
494 1676 610 1721 sunt
638 1665 876 1729 Colossis,
911 1679 1030 1734 quae
1060 1663 1280 1731 quidem
1307 1670 1420 1714 erat
1461 1659 1648 1713 civitas
1692 1656 1956 1726 Phrygiae,

381 1759 540 1827 idque
569 1766 779 1813 constat
799 1773 866 1812 ex
893 1772 958 1810 eo
983 1754 1124 1824 quod
1152 1756 1219 1807 sit
1247 1752 1541 1822 propinqua
1565 1749 1861 1804 Laodiceae.
1891 1748 1959 1800 Et

381 1849 613 1919 fidelibus
659 1849 902 1918 fratribus
947 1847 1000 1898 in
1047 1844 1270 1900 Christo.
1322 1841 1622 1906 Undenam,
1656 1839 1844 1907 inquit,
1874 1839 1980 1900 dic,

381 1957 532 2010 rogo,
563 1940 733 1996 factus
771 1955 831 1994 es
869 1938 1128 1993 sanctus?
1167 1935 1432 1989 undenam
1487 1934 1697 1986 vocaris
1742 1929 1958 1983 ﬁdelis?

380 2046 561 2086 annon
589 2031 731 2100 quod
769 2045 863 2099 per
889 2039 1116 2082 mortem
1147 2025 1345 2080 Christi
1375 2023 1521 2077 fuisti
1551 2023 1914 2076 sanctiﬁcatus
1934 2024 1958 2070 ?

381 2138 562 2176 annon
590 2120 731 2190 quod
757 2119 931 2173 credis
960 2118 1013 2171 in
1039 2115 1352 2170 Christum?
1396 2113 1670 2168 Undeuam
1704 2110 1870 2164 factus
1899 2124 1959 2164 es

385 2214 589 2268 frater?
615 2228 719 2266 non
748 2211 888 2264 enim
913 2210 963 2263 in
995 2223 1177 2276 opere,
1214 2221 1384 2274 neque
1410 2206 1460 2257 in
1490 2217 1756 2264 sermone,
1786 2217 1959 2271 nequc

383 2305 438 2358 in
479 2314 626 2357 recta
652 2302 866 2355 actione
897 2298 1188 2368 apparuisti
1213 2296 1399 2350 lidelis.
1427 2294 1700 2349 Undenam
1731 2301 1856 2347 sunt
1886 2293 1956 2346 tl-

382 2395 437 2447 bi
463 2433 480 2458 ,
513 2393 616 2455 die,
637 2406 841 2460 quaeso,
877 2401 981 2442 tam
1011 2389 1174 2442 multa
1219 2386 1416 2440 credita
1461 2385 1750 2455 mysteria?
1783 2399 1957 2438 nonne

381 2492 605 2552 propter
653 2481 966 2534 Christum?
999 2477 1177 2530 Gratia
1201 2477 1334 2529 vobis
1371 2485 1417 2528 et
1445 2491 1547 2544 prta:
1583 2491 1614 2526 a
1651 2474 1758 2527 Deo
1807 2473 1962 2526 Patre

379 2583 572 2626 nostro.
603 2570 880 2625 Undenam
911 2568 1062 2621 vobis
1079 2567 1283 2636 gratia?
1310 2565 1571 2618 uudenam
1596 2565 1732 2631 pax?
1761 2564 1804 2616 Α
1829 2562 1954 2628 Deo,

379 2663 572 2731 inquit,
603 2659 756 2712 Patre
780 2669 974 2712 nostro.
1006 2657 1162 2724 Atqui
1197 2656 1247 2708 in
1277 2654 1374 2707 hac
1405 2669 1509 2706 non
1555 2654 1729 2721 po.-uit
1764 2667 1955 2705 nomen

309 2809 322 2822 Ι,
378 2750 599 2806 Christi.
653 2750 834 2803 Dicam
867 2748 946 2802 eis
977 2749 1065 2815 qui
1097 2745 1379 2799 calumniis
1426 2745 1749 2797 insectantur
1792 2744 1960 2812 Spiri-

381 2855 494 2897 tum
529 2861 543 2896 :
575 2843 836 2897 undenam
871 2841 1010 2893 Deus
1040 2838 1197 2892 Pater
1214 2837 1529 2892 servorum?
1555 2837 1670 2905 quis
1697 2852 1761 2890 ex
1789 2837 1958 2889 servis

383 2944 494 2988 tam
516 2949 703 3002 magna
725 2932 890 3000 gessit
913 2942 967 2984 et
994 2928 1289 2997 praeclara?
1315 2928 1432 2996 quis
1462 2938 1511 2982 te
1540 2937 1779 2982 sanctum
1801 2927 1959 2981 fecit?

386 3025 509 3091 quis
535 3021 777 3074 ﬁdelem?
807 3020 924 3088 quis
976 3019 1138 3071 ﬁlium
1173 3018 1308 3072 Dei?
1345 3018 1442 3082 Qui
1484 3027 1533 3070 te
1575 3018 1697 3071 fecit
1743 3016 1846 3070 ﬁde
1876 3016 1956 3070 di-

385 3131 572 3186 gnum,
593 3114 635 3167 is
663 3127 870 3182 quoque
891 3111 982 3164 luit
1005 3126 1160 3165 causa
1184 3119 1241 3163 ut
1268 3110 1358 3162 tibi
1387 3108 1561 3162 omnia
1586 3109 1954 3163 crederentur.

455 3206 511 3257 2.
557 3203 767 3257 Fideles
815 3203 955 3256 enim
999 3216 1284 3265 vocamur,
1322 3214 1427 3252 non
1473 3200 1642 3252 solum
1679 3208 1958 3268 propterea

382 3294 527 3365 quod
547 3294 826 3348 credamus
851 3332 866 3356 ,
895 3291 988 3345 sed
1019 3293 1178 3345 etiam
1210 3290 1348 3359 quod
1381 3305 1408 3343 a
1439 3289 1548 3342 Deo
1577 3290 1776 3344 credita
1808 3290 1959 3344 nobis

384 3389 491 3440 sint
519 3386 767 3456 mysteria
794 3425 810 3450 ,
840 3399 958 3452 qua:
986 3398 1052 3436 ne
1081 3382 1254 3453 angeli
1275 3379 1489 3449 quidem
1517 3389 1639 3432 ante
1672 3395 1766 3433 nos
1800 3395 1960 3434 nove-

383 3487 526 3532 runt.
560 3476 664 3532 Sed
696 3474 1156 3529 indiscriminatim
1201 3472 1315 3526 haec
1357 3473 1434 3526 sic
1473 3471 1698 3539 ponebat
1741 3471 1956 3525 Paulus.

389 3565 592 3619 Gratias
616 3565 811 3632 agimus
835 3563 940 3615 Deo
977 3561 1119 3614 Patri
1145 3560 1352 3613 Domini
1393 3561 1549 3613 nostri
1591 3559 1715 3613 Jesu
1748 3559 1958 3614 Christi.

390 3654 518 3707 Mihi
546 3653 751 3706 videtur
775 3653 952 3706 omnia
971 3652 1110 3705 Patri
1134 3652 1448 3714 attribuere,
1475 3653 1542 3704 ita
1569 3660 1624 3704 ut
1657 3667 1760 3704 non
1781 3653 1959 3705 statim

395 3759 497 3798 eos
528 3744 766 3800 oﬁ‘endat
797 3743 992 3797 oratio.
1093 3740 1302 3810 Semper
1321 3759 1412 3810 pro
1439 3743 1572 3794 vobis
1601 3752 1820 3794 orantes.
1846 3742 1959 3796 Non

389 3835 566 3888 solum
598 3847 692 3901 per
717 3833 1000 3902 gratiarum
1029 3834 1306 3898 actionem,
1338 3833 1428 3887 sed
1458 3841 1511 3887 et
1538 3849 1630 3901 per
1652 3844 1959 3902 perpetuam

389 3925 687 3978 orationem
711 3922 941 3977 ostendit
959 3923 1315 3988 dilectionem,
1345 3924 1484 3993 quod
1510 3926 1666 3978 etiam
1693 3939 1825 3994 quos
1853 3941 1958 3980 non

386 4016 596 4070 viderat
618 4030 832 4081 semper
857 4015 993 4083 apud
1022 4029 1080 4069 se
1111 4014 1356 4070 habebat.
1393 4014 1478 4086 [4.
1511 4017 1782 4070 Audientes
1809 4018 1961 4084 ﬁdem

384 4118 598 4163 vestram
624 4109 675 4160 in
703 4106 904 4161 Christo
930 4107 1072 4160 Jesu.
1089 4108 1220 4160 Cum
1245 4109 1490 4176 Superius
1511 4107 1724 4172 dixerit,
1753 4108 1960 4163 Domini

384 4201 577 4264 nostri,
611 4199 729 4264 hic,
771 4197 898 4252 Jesu
925 4196 1150 4258 Christi,
1182 4199 1274 4250 ait.
1308 4199 1422 4265 Ipse
1461 4207 1542 4252 est
1575 4199 1846 4261 Dominus.
1882 4202 1956 4254 in-

383 4291 498 4357 quit
527 4308 540 4343 :
574 4305 744 4358 neque
771 4290 926 4354 dixit,
961 4288 1110 4344 Servi
1156 4288 1283 4342 Jcsu
1323 4289 1517 4342 Christi
1550 4307 1560 4341 :
1591 4306 1710 4358 qua:
1745 4291 1961 4360 quidem

386 4381 662 4434 manifesta
699 4388 824 4434 sunt
849 4379 1094 4434 beneﬁcii
1123 4380 1362 4448 symbola
1389 4396 1402 4431 :
1431 4379 1548 4448 Ipse
1571 4382 1739 4444 enim,
1769 4382 1958 4451 inquit,

385 4470 594 4522 salvabit
613 4471 853 4538 populum
875 4487 1019 4523 suum
1036 4486 1066 4522 a
1090 4471 1305 4537 peccatis
1327 4486 1496 4522 eorum
1524 4470 1732 4538 (Matth.
1764 4468 1963 4541 l.‘2l).]

387 4559 659 4612 Audientes
685 4560 834 4626 ﬁdem
858 4570 1071 4614 vestram
1095 4563 1146 4612 in
1176 4560 1378 4611 Christo
1403 4558 1547 4624 Iesu,
1577 4570 1622 4612 et
1648 4561 1962 4613 dilectionem

385 4667 540 4713 quam
565 4650 754 4704 habetis
789 4652 840 4704 in
867 4669 1036 4705 omnes
1062 4660 1281 4705 sanctos.
1321 4650 1436 4704 Jam
1467 4665 1559 4704 eos
1584 4650 1681 4704 sibi
1714 4651 1963 4704 conciliat

384 4749 439 4794 et
466 4749 643 4810 captat
675 4741 1122 4795 benevolentiam.
1157 4740 1555 4810 Epaphroditus
1603 4749 1685 4793 est
1730 4741 1818 4808 qui
1851 4741 1963 4795 haec

387 4833 653 4886 renuntiat
693 4849 707 4896 ;
747 4833 907 4887 mittit
951 4842 1124 4888 autem
1161 4834 1440 4901 epistolam
1474 4848 1570 4902 per
1623 4832 1910 4901 Tychicnm
1941 4869 1957 4899 ,

386 4935 505 4975 eum
533 4923 676 4976 illum
705 4923 842 4990 apud
875 4938 934 4977 se
955 4923 1288 4977 detinuisset.
1323 4921 1388 4974 Et
1410 4922 1743 4986 dilectionem,
1772 4922 1958 4991 inquit,

386 5029 536 5080 quam
579 5011 768 5065 habetis
814 5014 867 5065 in
915 5029 1086 5067 omnes
1139 5023 1338 5066 sanctos
1370 5029 1386 5065 :
1419 5027 1521 5065 non
1579 5013 1630 5064 in
1684 5013 1823 5066 hunc
1871 5022 1962 5066 aut

390 5104 535 5158 illum
563 5120 575 5154 :
599 5118 726 5172 ergo
753 5105 804 5156 in
830 5119 928 5157 nos
955 5120 1188 5173 quoque.
1223 5105 1275 5158 5.
1313 5103 1532 5172 Propter
1557 5121 1715 5172 spem,
1745 5119 1856 5172 qua:
1883 5119 1960 5156 re-

387 5195 550 5260 posita
570 5203 644 5246 est
681 5194 815 5246 vobis
849 5195 900 5247 in
929 5196 1084 5248 caelis.
1130 5195 1362 5257 Futura,
1394 5195 1596 5262 inquit,
1646 5195 1802 5247 bona.
1851 5194 1962 5247 lloc

385 5285 638 5339 adversus
666 5287 1004 5352 tentationcs,
1034 5303 1099 5342 ne
1129 5288 1213 5339 hic
1243 5303 1450 5355 quoque
1470 5299 1709 5356 quanam
1729 5287 1959 5356 quietem

385 5384 437 5428 et
461 5378 646 5429 otium.
677 5377 808 5430 Nam
838 5393 904 5431 ne
928 5378 1190 5447 quispiam
1217 5377 1416 5431 diceret
1443 5394 1456 5431 :
1490 5378 1556 5430 Et
1584 5378 1706 5446 quid
1739 5379 1868 5431 lucri
1894 5378 1959 5431 ad

386 5483 477 5523 eos
498 5470 633 5524 redit
658 5482 722 5524 ex
750 5471 1036 5525 dilectione
1069 5472 1119 5523 in
1148 5479 1358 5524 sanctos
1379 5513 1392 5531 .
1423 5486 1541 5524 cum
1575 5471 1670 5538 ipsi
1699 5480 1961 5539 angantur

387 5570 437 5612 et
461 5561 643 5617 dolore
665 5563 1006 5617 afficiantur?
1029 5562 1316 5625 Laitamur,
1349 5564 1534 5631 inquit,
1566 5562 1706 5631 quod
1739 5563 1788 5614 in
1817 5562 1960 5616 caelis

389 5663 568 5720 magna
599 5664 653 5708 et
682 5654 938 5722 prwclara
988 5654 1141 5707 vobis
1181 5654 1493 5707 conciliatis.
1543 5652 1761 5713 Propter
1799 5668 1956 5716 spem,

392 5739 571 5810 inquit,
621 5746 912 5814 repositam.
947 5745 1080 5800 Rem
1114 5745 1341 5800 ostendit
1374 5745 1575 5800 tinuum
1608 5753 1658 5799 ct
1691 5745 1954 5799 stabilem.

1273 363 1339 420 IN
1378 357 1591 418 EPIST.
1635 362 1731 415 an
1765 343 2043 415 COLOSS.
2085 355 2236 412 CAP.
2279 358 2318 410 l.
2365 341 2592 414 HOMIL.
2634 356 2674 414 ι.

3546 368 3648 421 30!

2075 473 2241 536 Quam
2277 475 2511 530 audiistis
2550 478 2601 528 in
2643 478 2789 532 verbo
2832 481 3070 534 veritatis.
3123 480 3234 536 Hoc
3281 481 3425 537 dicto
3475 488 3645 553 carpit

2073 564 2212 630 illus,
2240 567 2377 632 quod
2400 583 2518 621 cum
2549 569 2706 636 longo
2738 581 2976 639 tempore
3004 589 3120 627 eam
3150 574 3451 634 habuerint.
3477 576 3647 632 desci-

2071 656 2245 708 verint
2273 671 2324 709 et
2351 659 2456 710 sint
2479 661 2684 712 mutati.
2717 660 2882 724 Quam
2903 665 3062 732 prius,
3094 665 3262 734 inquit
3285 708 3300 730 ,
3333 667 3566 722 audiistis
3597 671 3648 722 in

2069 747 2215 799 verbo
2241 748 2460 800 veritatis
2487 751 2751 816 evangelii.
2783 752 2846 806 Et
2888 753 3008 820 jure
3051 757 3216 811 verbo
3257 757 3356 812 fert
3403 761 3636 814 testimoa

2071 837 2214 890 nium
2245 839 2515 900 veritatis,
2549 842 2690 909 quod
2723 843 2772 896 in
2803 859 2868 897 eo
2899 847 3026 899 nihil
3067 848 3136 901 sit
3181 849 3318 903 falsi.
3362 851 3640 924 Evangelii.

2068 927 2182 981 Non
2212 930 2359 995 dicit,
2395 931 2812 999 Praulicatiouis,
2845 937 2937 990 sed
2965 950 3114 993 vocat
3141 943 3498 1011 evangelium,
3528 958 3647 1014 pere

2071 1029 2230 1087 petuo
2256 1022 2334 1074 eis
2383 1023 2434 1074 in
2479 1026 2788 1078 memoriam
2821 1041 3079 1081 revocans
3111 1031 3199 1084 Dei
3245 1033 3541 1098 beneﬁcia;
3592 1042 3646 1090 et

2067 1125 2187 1162 cum
2215 1125 2308 1164 eos
2339 1113 2482 1179 prius
2513 1114 2800 1177 laudasset,
2833 1126 2956 1172 tunc
2985 1118 3097 1172 lucc
3120 1125 3408 1176 revocatio
3440 1141 3644 1180 memo-

2067 1203 2220 1255 riam.-
2251 1203 2302 1256 6.
2339 1204 2487 1269 Quod
2523 1207 2745 1273 pervenit
2790 1208 2859 1260 ad
2905 1223 3011 1272 vos,
3056 1211 3185 1262 sicut
3229 1222 3276 1263 et
3317 1213 3370 1265 in
3416 1216 3646 1270 universo

2067 1295 2271 1347 mundo.
2292 1294 2408 1348 lam
2431 1296 2507 1350 eis
2522 1299 2866 1366 gratiﬁcatur.
2893 1300 3042 1366 Quod
3063 1303 3282 1369 pervenit
3307 1315 3502 1368 autem,
3519 1308 3645 1361 dicit
3693 1305 3699 1310 ’

2065 1385 2448 1452 metaphorice.
2471 1386 2583 1439 Non
2614 1389 2754 1441 enim
2778 1390 3002 1442 accessit
3029 1399 3080 1442 ct
3108 1393 3347 1456 recessit,
3374 1395 3464 1447 sed
3497 1411 3643 1449 man-

2064 1476 2133 1530 sit
2161 1487 2213 1530 et
2240 1486 2321 1531 est
2345 1478 2468 1531 illic.
2503 1479 2702 1532 Deinde
2729 1482 2977 1548 quoniam
3009 1483 3236 1536 maxime
3264 1485 3646 1540 Conﬁrmantur

2065 1567 2214 1620 multi
2245 1583 2308 1622 ex
2336 1583 2402 1622 eo
2421 1610 2436 1634 ,
2461 1569 2602 1635 quod
2639 1571 2837 1623 multos
2867 1571 3095 1625 habeant
3117 1573 3420 1643 dogmatum
3449 1580 3642 1641 socios,

2064 1668 2344 1726 propterea
2373 1659 2644 1726 subjun‘xit
2673 1678 2685 1713 :
2721 1661 2870 1714 Sicut
2893 1671 2940 1715 et
2965 1663 3018 1715 in
3039 1665 3265 1718 universo
3288 1669 3492 1720 mundo.
3520 1669 3646 1724 Ubi-

2061 1763 2166 1816 que
2194 1749 2363 1808 adest.
2398 1750 2585 1817 inquit,
2614 1751 2808 1820 ubique
2834 1753 3162 1808 dominatum
3195 1757 3423 1822 obtinet,
3449 1759 3644 1829 ubique

2061 1847 2184 1891 stat.
2214 1838 2276 1891 Et
2307 1839 2580 1907 fructiﬁcat
2609 1851 2654 1894 et
2680 1843 2875 1908 crescit,
2905 1845 3032 1898 sicut
3062 1847 3113 1899 in
3145 1849 3302 1902 vobis.
3336 1849 3642 1904 Fructiﬁcat

2064 1942 2158 1995 per
2179 1943 2358 1996 opera,
2387 1939 2611 1998 augetur
2634 1933 2772 1999 quod
2803 1934 3000 1988 multos
3020 1947 3278 2003 assumat,
3308 1939 3447 2006 quod
3477 1941 3644 2009 magis

2064 2020 2302 2074 ﬁrmetur
2332 2036 2394 2075 ac
2420 2022 2740 2077 stabiliatur.
2789 2026 2995 2079 Etenim
3032 2029 3223 2097 planta!
3265 2046 3477 2099 quoque
3518 2043 3643 2087 tunc

2060 2111 2240 2166 densa:
2268 2113 2414 2172 ﬁunt,
2445 2115 2657 2182 quando
2685 2116 2855 2184 planta
2888 2117 3046 2172 fuerit
3074 2120 3276 2174 ﬁrmata
3302 2137 3362 2174 ac
3387 2123 3636 2177 stabilita.

2061 2203 2203 2256 Sicut
2231 2205 2283 2256 in
2313 2204 2465 2256 vobis.
2495 2207 2803 2261 Auditorem
2834 2209 3076 2264 laudibus
3105 2222 3455 2280 pra-occupat.
3487 2224 3544 2266 ut
3575 2231 3640 2266 ne

2062 2295 2258 2347 invitus
2287 2295 2521 2348 recedat.
2558 2296 2641 2350 Ea:
2665 2314 2723 2350 ea
2750 2299 2831 2351 die
2850 2317 2948 2364 qua
2973 2302 3256 2356 audivistis.
3289 2304 3378 2356 Est
3401 2305 3640 2357 mirabile

2060 2384 2200 2449 quod
2228 2385 2335 2437 cito
2364 2387 2664 2439 accessistis
2690 2398 2744 2440 et
2765 2389 3065 2442 credidistis
3090 2433 3103 2454 ,
3133 2400 3187 2445 et
3215 2394 3394 2446 statim
3426 2410 3454 2447 a
3488 2396 3636 2461 prin-

2059 2473 2196 2540 cipio
2221 2473 2421 2528 fructus
2447 2477 2772 2529 ostendistis.
2796 2478 2837 2528 Α
2862 2495 2960 2543 quo
2983 2481 3065 2532 die
3085 2483 3366 2543 audivistis.
3390 2493 3437 2535 et
3457 2501 3642 2553 cogno-

2060 2565 2199 2616 vistis
2219 2567 2434 2633 gratiam
2461 2566 2555 2619 Dei
2594 2568 2645 2619 in
2685 2568 2906 2620 veritate.
2934 2569 3047 2623 Non
3074 2571 3122 2622 in
3151 2585 3419 2634 sermone,
3449 2573 3636 2643 inquit,

2062 2669 2232 2722 neque
2276 2655 2326 2708 in
2367 2655 2716 2724 deceptione,
2751 2659 2845 2712 sed
2888 2660 2940 2712 in
2983 2660 3110 2728 ipsis
3154 2659 3325 2714 factis.
3368 2663 3478 2716 lloc
3512 2677 3640 2732 ergo

2061 2746 2551 2815 dicit,Fructiﬁcat;
2593 2750 2675 2802 vel
2720 2752 2866 2817 signa
2917 2760 2971 2804 ct
3019 2753 3271 2806 miracula
3300 2754 3441 2823 quod
3481 2757 3636 2808 simul

2060 2837 2358 2906 accepistis,
2391 2849 2436 2894 et
2465 2839 2683 2908 gratiam
2704 2841 2793 2896 Dei
2813 2842 3153 2912 cognovistis.
3179 2844 3309 2899 Cum
3341 2859 3468 2916 ergo
3489 2860 3638 2897 suam

2061 2929 2236 2981 statim
2282 2928 2591 2983 ostenderat
2621 2931 2866 2984 virtutem
2888 2973 2901 2990 .
2931 2933 3200 3001 quomodo
3233 2951 3336 2986 non
3381 2945 3462 2988 est
3495 2936 3636 2989 difﬁ-

2062 3017 2162 3071 cile
2202 3027 2258 3071 ut
2281 3017 2330 3072 ei
2362 3033 2502 3072 nunc
2541 3035 2646 3072 non
2693 3020 2978 3074 credatur?
3016 3024 3067 3075 7.
3101 3023 3246 3077 Sicut
3290 3024 3536 3078 didicistis
3577 3027 3636 3080 αι

2062 3106 2310 3177 Epaphra
2331 3111 2590 3163 carissimo
2614 3127 2848 3166 conservo
2871 3123 3060 3166 nostra.
3092 3115 3220 3167 Eum
3248 3117 3538 3170 verisimile
3558 3129 3640 3171 est

2063 3199 2168 3253 illic
2195 3201 2510 3268 prredicasse
2545 3219 2557 3256 :
2590 3202 2847 3256 didicistis
2889 3205 3238 3266 evangelium.
3293 3206 3491 3259 licinde
3541 3222 3632 3261 os-

2066 3290 2288 3344 tendens
2316 3306 2435 3344 eum
2456 3305 2575 3345 esse
2602 3293 2703 3345 ﬁde
2723 3293 2965 3359 dignum,
2989 3293 3120 3346 dicit
3144 3312 3155 3346 :
3180 3294 3428 3348 Conserva
3447 3306 3636 3350 nostro.

2067 3381 2168 3444 Qui
2193 3391 2262 3434 est
2289 3382 2454 3448 ﬁdelis
2486 3398 2575 3448 pro
2600 3382 2736 3435 vobis
2767 3383 2990 3434 minister
3019 3383 3232 3450 Christi,
3263 3386 3314 3440 8.
3363 3386 3451 3454 qui
3489 3387 3639 3438 etiam

2063 3473 2397 3542 manifestavit
2442 3473 2582 3528 nobis
2616 3474 2932 3527 dilectionem
2963 3485 3176 3528 vestram
3221 3478 3272 3529 in
3316 3479 3515 3544 spiritu.
3565 3477 3640 3531 Ne

2064 3566 2335 3631 dubitetis,
2369 3566 2573 3634 inquit,
2605 3567 2674 3620 de
2705 3581 2798 3632 Spe
2845 3566 3012 3619 futura
3048 3584 3061 3620 :
3095 3567 3284 3622 videtis
3315 3569 3496 3621 orbem
3529 3578 3638 3622 teri»

2065 3672 2244 3710 rarum
2273 3656 2532 3710 converti.
2571 3652 2638 3709 Et
2678 3655 2803 3725 quid
2833 3667 2967 3725 epos
2997 3665 3080 3709 est
3124 3657 3306 3711 dicere
3346 3672 3462 3725 qum
3512 3658 3642 3710 ﬁunt

2065 3747 2202 3800 inter
2229 3746 2401 3799 alios?
2427 3762 2545 3813 qua:
2575 3755 2698 3799 sunt
2731 3747 2866 3799 inter
2891 3759 2985 3799 vos
3017 3747 3184 3814 ipsos,
3213 3755 3336 3799 sunt
3365 3747 3474 3813 ipsa
3511 3761 3642 3814 quo:-

2063 3852 2165 3905 que
2188 3836 2303 3890 sine
2334 3836 2436 3890 illis
2464 3836 2566 3891 ﬁde
2595 3836 2774 3906 digna.
2801 3836 3111 3906 Cognovistis
3137 3839 3279 3892 enim
3308 3837 3403 3890 Dei
3424 3840 3640 3908 gratiam

2064 3928 2114 3981 in
2142 3930 2378 3993 veritate;
2410 3928 2511 3983 hoc
2541 3937 2651 3992 est,
2691 3929 2742 3981 in
2786 3928 2958 3982 factis.
2992 3929 3348 3995 Quamobrem
3383 3929 3488 3983 duo
3519 3939 3640 3982 sunt

2063 4035 2180 4087 qum
2207 4018 2380 4072 futura
2407 4019 2743 4079 conﬁrment,
2777 4028 2830 4070 et
2854 4018 2992 4085 quod
3017 4033 3202 4070 omnes
3219 4018 3564 4083 crediderint,
3590 4029 3642 4072 et

2063 4111 2201 4179 quod
2235 4127 2329 4162 vos
2362 4129 2372 4161 :
2405 4119 2458 4163 et
2489 4124 2592 4162 non
2625 4109 2724 4160 alia
2755 4107 2965 4173 quidem
2998 4107 3132 4160 facta
3158 4117 3300 4167 sunt,
3334 4107 3432 4160 alia
3461 4118 3636 4161 autem

2063 4200 2194 4253 dixit
2225 4199 2516 4268 Epaphras.
2554 4197 2652 4261 Qui
2699 4207 2810 4260 est,
2836 4196 3024 4264 inquit,
3055 4195 3261 4262 ﬁdelis;
3289 4195 3388 4248 hoc
3417 4204 3517 4257 est,
3550 4212 3631 4249 vco

2066 4305 2180 4343 rax.
2207 4289 2506 4355 Quomodo,
2539 4287 2642 4340 Pro
2662 4287 2798 4340 vobis
2815 4286 3074 4337 minister?
3094 4285 3244 4350 Quod
3269 4286 3331 4337 ad
3361 4285 3530 4353 ipsum
3555 4301 3642 4340 ac-

2065 4383 2318 4442 cesserit,
2355 4390 2405 4433 ct
2447 4380 2620 4444 nobis,
2671 4379 2872 4447 inquit,
2913 4378 3206 4431 ostenderit
3248 4389 3476 4431 vestram
3506 4378 3612 4430 dile

2071 4471 2302 4526 ctioncm
2332 4469 2382 4521 in
2415 4469 2636 4536 spiritu;
2669 4468 2768 4520 hoc
2791 4466 3224 4534 est,spiritnalem
3253 4467 3303 4518 in
3333 4481 3448 4519 nos.
3474 4467 3526 4520 Si
3557 4466 3642 4518 hic

2067 4571 2148 4616 est
2177 4560 2372 4614 Christi
2414 4559 2684 4619 minister.
2709 4557 2978 4627 quomodo
3015 4558 3191 4612 dicitis
3232 4571 3326 4609 vos
3365 4557 3556 4610 adduci
3588 4564 3643 4609 et

2066 4651 2338 4707 conciliari
2367 4667 2462 4720 per
2487 4649 2745 4718 angelos?
2777 4649 2874 4714 Qui
2902 4649 3039 4702 nobis
3061 4651 3230 4710 etiam,
3263 4648 3450 4717 inquit,
3474 4647 3638 4697 mani-

2067 4744 2262 4813 festavit
2294 4742 2607 4795 dilectionem
2636 4751 2846 4794 vestram
2888 4741 2940 4792 in
2969 4741 3170 4805 spiritu.
3211 4739 3335 4792 Hmc
3361 4747 3441 4790 est
3465 4736 3638 4789 admia-

2066 4833 2248 4889 rabilis
2277 4834 2532 4901 ﬁrmaque
2556 4842 2608 4884 et
2629 4831 2832 4884 stabilis
2851 4830 3064 4884 dilectio
3095 4847 3106 4880 :
3141 4843 3260 4882 nam
3280 4829 3396 4880 alia:
3423 4825 3636 4894 quidem

2065 4927 2236 4980 solum
2265 4924 2462 4978 habent
2491 4938 2683 4977 nonien
2711 4922 3027 4975 dilectionis.
3071 4921 3204 4974 Sunt
3240 4928 3414 4971 autem
3448 4917 3637 4984 aliqum

2069 5035 2170 5070 non
2196 5015 2533 5083 hujusmodi;
2567 5013 2658 5066 sed
2690 5030 2792 5065 non
2821 5021 2904 5065 est
2947 5012 3048 5063 hoc
3087 5009 3354 5062 amicitia:
3379 5007 3637 5077 quamob»

2066 5124 2178 5162 rem
2199 5122 2261 5161 ea
2290 5115 2371 5159 est
2400 5104 2550 5158 facile
2570 5102 2915 5155 dissolubilis.

2137 5200 2189 5253 5.
2224 5197 2568 5249 Amicitiarum
2601 5193 2741 5243 varia
2770 5205 2969 5258 genera.
3003 5217 3072 5226 —
3101 5186 3276 5239 Multa:
3319 5197 3440 5240 sunt
3481 5201 3636 5240 occar-

2066 5291 2244 5343 siones
2269 5281 2614 5339 concilianda:
2641 5279 2893 5332 amicitiae
2922 5297 2934 5329 :
2965 5286 3019 5330 et
3047 5285 3227 5343 turpes
3254 5276 3469 5345 quidem
3498 5291 3606 5346 prm

2068 5379 2422 5434 termittcmus
2453 5390 2465 5425 :
2500 5385 2659 5425 nemo
2679 5371 2818 5423 enim
2845 5368 2996 5421 nobis
3016 5366 3227 5435 objiciet
3249 5368 3364 5421 illas
3390 5383 3494 5422 non
3522 5381 3640 5421 esse

2067 5468 2266 5525 malas;
2299 5465 2390 5518 sed
2414 5463 2455 5515 si
2476 5460 2654 5523 vultis,
2687 5460 2737 5512 in
2768 5458 3000 5512 medium
3027 5457 3350 5511 adducamus
3371 5458 3641 5510 naturales

2067 5568 2120 5612 et
2149 5571 2266 5624 quae
2299 5553 2364 5605 ad
2398 5553 2532 5603 hanc
2567 5550 2726 5601 vitam
2754 5547 3010 5618 agendam
3039 5546 3325 5615 pertinent.
3357 5547 3529 5612 Atque
3559 5545 3638 5596 ha:

2068 5645 2278 5714 quidem
2309 5641 2370 5694 ad
2403 5640 2536 5692 hanc
2564 5637 2723 5691 vitam
2753 5637 3022 5707 pertinent
3047 5655 3059 5688 :
3087 5637 3232 5689 verbi
3272 5636 3439 5704 gratia
3464 5674 3478 5696 .
3520 5649 3636 5688 cum

2073 5736 2334 5804 dcaliquo
2362 5731 2620 5803 quispiam
2653 5740 2732 5785 cst
2775 5731 2907 5784 bene
2946 5729 3197 5794 meritus,
3246 5743 3366 5783 cum
3413 5726 3636 5782 atuicmr
