4026 6148
400 317 506 373 503

402 433 610 499 paravit
637 447 667 487 a
696 432 1005 503 majoribus,
1035 448 1156 488 cum
1178 434 1278 489 fuit
1296 435 1474 491 socius
1497 450 1698 491 mensa:
1722 445 1814 490 aut
1829 449 1983 505 pere-

400 522 737 592 grinationis,
768 532 860 581 aut
887 532 971 578 est
993 524 1197 580 vicinus
1218 543 1232 580 :
1251 535 1375 581 sunt
1401 525 1484 580 hae
1505 541 1718 596 quoque
1748 528 1986 596 pulchrae

400 621 455 665 et
487 612 725 671 honesta:
756 629 770 665 :
799 621 890 666 aut
923 621 1007 668 est
1035 612 1275 683 ejusdem
1315 616 1446 670 artis
1475 633 1490 672 :
1518 627 1679 686 atque
1709 617 1825 672 bzec
1868 619 1983 688 qui-

398 701 521 759 dem
575 718 679 758 non
735 711 818 757 est
864 702 1112 768 sincera;
1177 704 1338 765 habet
1391 706 1536 760 enim
1585 707 1979 763 aemulationem

403 794 681 862 quamdam
709 803 765 848 et
787 794 1066 850 invidiam.
1096 796 1378 853 Naturales
1404 808 1582 853 autem
1603 839 1618 864 ,
1652 809 1709 855 ut
1736 810 1857 868 puta
1889 816 1980 870 pa-

398 887 496 938 tris
525 898 649 953 erga
671 883 859 951 lilium,
881 885 975 941 lilii
995 878 1121 956 erga
1145 896 1368 956 patrem.
1390 890 1568 946 fratris
1586 906 1710 961 erga
1735 892 1977 960 fratrem,

392 976 475 1026 avi
504 988 629 1044 erga
662 986 931 1046 nepotem,
964 979 1154 1034 matris
1182 995 1308 1051 erga
1329 979 1470 1036 ﬁlios
1493 1000 1508 1047 ;
1533 982 1577 1036 si
1599 984 1757 1040 vultis
1777 993 1975 1053 autem,

396 1068 578 1122 uxoris
604 1084 815 1139 quoque
843 1086 968 1141 erga
992 1074 1243 1128 maritum
1273 1090 1286 1125 :
1320 1088 1508 1129 omnes
1534 1076 1677 1129 enim
1698 1078 1975 1131 matrimo-

395 1158 569 1215 nialcs
592 1168 718 1215 sunt
754 1159 819 1217 ad
862 1163 1024 1219 vitam
1066 1165 1394 1233 pertinentes
1440 1174 1496 1220 et
1541 1175 1845 1222 terrestres.
1882 1167 1978 1223 Hae

394 1250 606 1317 quidem
648 1250 902 1309 videntur
936 1253 1038 1308 illis
1065 1269 1187 1313 esse
1216 1256 1644 1312 vehementiores
1684 1277 1697 1313 :
1732 1259 1977 1314 videntur

395 1350 596 1405 autem,
622 1341 755 1408 dixi,
786 1345 906 1412 quia
935 1359 1080 1413 stupe
1120 1360 1151 1400 a
1195 1347 1502 1402 memoratis
1526 1358 1862 1417 superantur.
1909 1350 1976 1405 Et

395 1430 676 1498 aliquando
704 1432 920 1501 quidem
952 1435 1047 1490 visi
1083 1443 1209 1491 sunt
1233 1436 1391 1491 amici
1421 1437 1608 1493 melius
1634 1448 1689 1493 et
1710 1438 1975 1497 sincerius

393 1520 568 1575 allecti
590 1537 748 1593 quam
776 1525 986 1592 fratres,
1017 1533 1072 1582 et.
1099 1542 1255 1597 quam
1284 1528 1378 1583 lilii
1406 1528 1459 1584 in
1488 1540 1737 1598 parentes
1762 1546 1777 1586 :
1802 1540 1858 1588 et
1882 1532 1972 1602 qui

393 1610 491 1666 fuit
513 1611 727 1681 quidem
747 1616 978 1684 genitus,
1011 1631 1119 1673 non
1148 1632 1303 1687 opem
1346 1618 1497 1685 tulit;
1525 1621 1612 1689 qui
1642 1630 1820 1676 autem
1847 1636 1970 1678 eum

393 1717 499 1755 non
528 1704 813 1774 cognovit,
842 1706 1008 1762 adfuit
1050 1716 1107 1765 et
1142 1723 1300 1777 opem
1351 1709 1489 1764 tulit.
1530 1710 1753 1767 Dilectio
1793 1722 1970 1770 autem

389 1792 682 1860 spiritualis
708 1805 791 1853 est
818 1798 1058 1857 ouantium
1087 1814 1338 1869 suprema
1363 1840 1379 1867 ,
1421 1802 1580 1858 veluti
1610 1805 1852 1872 quaedam
1886 1821 1970 1861 re-

389 1883 533 1949 gina,
551 1900 671 1955 quae
701 1889 755 1941 in
780 1903 907 1944 suos
934 1890 1261 1947 dominatum
1287 1893 1510 1958 obtinet,
1533 1896 1862 1967 honestaque
1888 1908 1967 1957 est

388 1975 567 2042 specie
610 1977 941 2048 pulchroque
970 1979 1151 2036 habitu
1181 1997 1197 2036 ε
1229 1982 1361 2038 nihil
1385 1984 1527 2038 enim
1570 1993 1824 2041 terrestre
1847 2001 1968 2043 eam

392 2063 529 2129 parit
544 2066 693 2123 sicut
734 2068 880 2124 illam
901 2110 917 2135 ,
941 2087 1054 2129 non
1090 2074 1457 2141 consuetudo,
1493 2089 1598 2130 non
1626 2075 1963 2143 beneficium,

388 2169 495 2210 non
550 2167 758 2222 natura,
786 2175 891 2215 non
937 2179 1145 2228 aurum,
1176 2164 1269 2219 sed
1314 2180 1346 2219 a
1396 2168 1647 2235 supernis
1693 2167 1970 2224 descendit

378 2261 418 2301 'e
443 2249 596 2304 caelo.
628 2251 692 2305 Et
709 2253 836 2321 quid
867 2254 1099 2320 miraris,
1132 2256 1177 2309 si
1206 2255 1465 2311 beneﬁcio
1493 2271 1600 2310 non
1620 2267 1741 2327 eget
1763 2268 1821 2312 ut
1839 2271 1967 2314 con-

383 2335 571 2402 sistat,
599 2353 721 2393 cmn
774 2355 841 2394 ne
882 2341 926 2394 si
978 2343 1102 2397 mali
1146 2344 1362 2411 quidem
1410 2345 1697 2414 quidquam
1742 2347 1965 2415 accipiat

381 2427 690 2485 evertatur?
711 2427 864 2494 Quod
889 2439 1066 2486 autem
1099 2431 1212 2487 haec
1238 2435 1310 2487 sit
1338 2433 1423 2487 illa
1456 2434 1645 2503 major,
1678 2435 1801 2490 audi
1825 2436 1965 2490 Pau-

384 2516 492 2568 lum
539 2515 802 2575 dicentem
847 2537 864 2580 ε
906 2518 1151 2588 Optarent
1194 2539 1286 2593 ego
1327 2523 1436 2593 ipse
1480 2541 1587 2581 esse
1623 2526 1894 2580 anathema
1934 2542 1966 2583 α

376 2603 587 2663 Christo
614 2623 707 2675 pro
735 2609 979 2678 fratribus
1008 2613 1130 2666 meis
1153 2612 1327 2684 (Rom.
1351 2614 1405 2668 9.
1434 2614 1510 2685 5).
1538 2616 1669 2681 Quis
1691 2616 1793 2672 hoc
1816 2626 1966 2686 pater

382 2699 674 2767 notaverit,
711 2714 831 2756 csse
868 2702 920 2757 in
958 2705 1156 2759 malis?
1185 2705 1255 2759 Et
1284 2721 1468 2761 rursus
1502 2725 1515 2761 :
1545 2707 1767 2775 Resolei,
1798 2719 1966 2766 etesse

374 2804 498 2842 eum
524 2788 725 2844 Christo
751 2791 900 2862 longe
933 2804 1006 2849 est
1036 2794 1251 2859 melius;
1285 2812 1493 2851 manere
1522 2807 1692 2854 autem
1720 2801 1774 2853 in
1811 2817 1965 2857 carne

381 2889 456 2933 est
480 2883 643 2952 magis
666 2884 1000 2936 necessarium
1023 2895 1228 2955 prapter
1248 2902 1335 2940 uos
1364 2887 1623 2958 (Philipp.
1654 2891 1704 2945 1.
1732 2889 1823 2946 25.
1844 2891 1959 2961 24).

377 2969 636 3037 Qmeuam
663 2982 834 3028 mater
859 2974 976 3029 haec
1007 2977 1260 3032 voluisset
1285 2978 1482 3044 dicere,
1518 2988 1576 3035 ut
1600 2995 1695 3036 sua
1719 2981 1963 3052 despice.

381 3061 502 3116 ret?
536 3062 603 3117 Et
646 3078 832 3119 rursus
875 3066 999 3121 audi
1045 3082 1169 3122 eum
1214 3068 1514 3125 dicentem:
1551 3072 1729 3126 Orbati
1770 3075 1901 3128 enim
1929 3091 1962 3129 ιι

375 3153 515 3205 vobis
535 3154 603 3206 ad
626 3162 825 3223 tempus
847 3156 1005 3224 horae,
1024 3168 1254 3229 aspectu,
1286 3177 1387 3216 non
1413 3164 1565 3218 corde
1589 3165 1663 3231 (1.
1691 3160 1871 3221 Thess.
1895 3168 1955 3222 2.

377 3241 492 3312 17).
525 3242 592 3297 Et
619 3243 705 3299 hic
727 3246 940 3315 quidem
977 3257 1129 3316 pater
1154 3252 1478 3307 contumelia
1506 3254 1728 3311 allectus
1753 3297 1769 3324 ,
1801 3259 1960 3313 solvit

374 3332 704 3399 amicitiam;
752 3335 862 3397 illic
908 3347 1088 3393 autem
1132 3355 1239 3396 non
1271 3342 1453 3397 itidem
1475 3385 1491 3411 ,
1522 3345 1617 3400 sed
1657 3355 1712 3400 et
1738 3347 1804 3401 ad
1835 3349 1958 3404 illos

374 3421 466 3489 qui
496 3422 761 3491 lapidibus
787 3428 1109 3496 appetebant
1134 3430 1267 3487 abiit
1287 3472 1303 3497 ,
1325 3446 1420 3489 eos
1443 3433 1708 3491 beneﬁcio
1736 3437 1958 3494 alfectua-

370 3524 488 3564 rus.
514 3512 650 3566 Nihil
678 3523 761 3568 est
788 3517 953 3583 enim,
980 3517 1113 3573 nihil
1143 3535 1294 3590 mque
1321 3522 1574 3591 validum,
1608 3534 1664 3583 ut
1684 3527 1952 3585 vinculum

376 3600 616 3668 spiritus.
648 3602 749 3668 Qui
776 3605 919 3659 enim
948 3607 1092 3674 quod
1120 3609 1188 3663 sit
1214 3610 1475 3669 beneficio
1499 3612 1721 3673 affectus
1744 3657 1760 3682 ,
1786 3618 1956 3675 evasit

375 3689 610 3756 amicus;
642 3693 685 3745 si
719 3691 819 3747 hoc
845 3705 1102 3764 perpetuo
1128 3712 1234 3752 non
1265 3700 1375 3768 fiat,
1402 3704 1506 3758 erit
1537 3705 1788 3764 inimicus
1816 3727 1828 3765 :
1861 3710 1953 3780 qui

369 3793 440 3835 es
467 3783 854 3839 consuetudine
877 3796 994 3841 erat
1034 3786 1328 3846 indivulsus
1352 3833 1368 3857 ,
1399 3793 1693 3865 interrupta
1725 3815 1955 3857 cetisuei-

377 3868 564 3925 tudine
587 3873 842 3928 exstinxit
869 3876 1178 3933 amicitiam.
1223 3881 1413 3941 Mulier
1456 3900 1640 3941 rursus
1661 3927 1678 3954 ,
1715 3890 1761 3944 si
1790 3890 1953 3949 fuerit

368 3952 442 4015 Iis
467 3974 532 4014 ac
559 3961 844 4030 dissensio,
875 3965 1092 4021 dimittit
1119 3972 1367 4026 maritum
1397 3983 1452 4030 et
1477 3975 1638 4032 solvit
1664 3952 1901 4038 amorem
1931 4000 1946 4037 :

373 4050 536 4118 filius,
564 4053 607 4108 si
638 4053 730 4109 diu
751 4057 1015 4113 viventem
1048 4059 1240 4116 viderit
1265 4072 1470 4131 putrem
1490 4106 1508 4129 ,
1539 4082 1681 4138 aagre
1725 4070 1847 4126 fert.
1889 4074 1946 4130 in

368 4141 559 4210 spiritu
582 4153 758 4199 autem
786 4147 1047 4216 ejusmodi
1088 4151 1216 4206 nihil
1246 4161 1330 4210 est
1358 4172 1371 4207 :
1403 4157 1550 4212 nullo
1587 4162 1729 4216 enim
1756 4161 1944 4220 horum

362 4231 601 4287 solvitur
623 4274 639 4299 ,
680 4240 930 4303 quoniam
957 4239 1146 4295 iisdem
1177 4259 1285 4299 non
1310 4256 1520 4302 constat
1551 4265 1567 4312 ;
1595 4265 1768 4321 neque
1813 4264 1945 4311 tem-

360 4328 470 4392 pus
492 4364 507 4388 ,
556 4341 730 4396 neque
772 4329 891 4384 vitze
921 4333 1213 4402 longitudo,
1244 4352 1343 4392 nec
1372 4340 1570 4395 malum
1598 4345 1704 4412 pati
1733 4348 1815 4401 vel
1843 4363 1944 4403 au.-

367 4413 503 4480 dire,
535 4431 641 4471 non
660 4417 761 4485 ira,
783 4435 890 4474 non
916 4425 1256 4491 contumelia,
1287 4443 1460 4498 neque
1484 4433 1772 4502 quidquam
1798 4439 1940 4494 aliud

360 4503 603 4570 invadit,
637 4523 810 4578 neque
838 4525 956 4565 eam
1001 4523 1176 4580 potest
1213 4517 1528 4577 dissolvere.
1561 4522 1630 4578 Et
1673 4533 1734 4579 ut
1777 4529 1936 4594 scias,

356 4593 627 4664 lapidibus
669 4600 1021 4666 appetebatur
1067 4603 1260 4671 Moses,
1313 4616 1367 4662 et
1412 4624 1509 4680 pro
1551 4612 1682 4682 ipsis
1719 4593 1938 4686 rogabat

356 4687 556 4758 (Exod.
586 4690 702 4760 17).
731 4691 861 4760 Quis
906 4705 1056 4763 pater
1093 4697 1195 4755 hoc
1221 4699 1436 4759 fecisset
1473 4722 1569 4775 pro
1593 4724 1661 4765 eo
1684 4713 1774 4780 qui
1806 4713 1938 4783 lapi-

359 4778 514 4835 dibus
542 4790 855 4851 appeteret,
887 4794 943 4841 et
963 4802 1070 4843 non
1112 4789 1282 4859 ipsum
1318 4793 1586 4853 obruisset
1625 4778 1935 4871 lapidibus?

350 4870 465 4927 ﬁas
492 4887 876 4946 persequamur
925 4888 980 4933 ct
1019 4897 1322 4951 quaeramus
1360 4889 1624 4946 amicitias
1650 4870 1771 4963 quae
1808 4906 1934 4953 sunt

352 4976 416 5015 es
442 4963 630 5032 spiritu
657 4983 672 5020 :
697 4976 827 5023 sunt
853 4969 998 5025 enim
1037 4971 1207 5030 fortes
1232 4986 1283 5031 et
1312 4979 1489 5035 soluto
1517 4981 1796 5050 difficiles;
1823 5004 1929 5044 non

345 5064 445 5107 eas
468 5069 588 5124 qum
627 5072 694 5113 ex
721 5062 922 5117 mensis
945 5065 1189 5122 oriuntur
1218 5086 1232 5121 :
1260 5086 1383 5126 nam
1413 5073 1533 5129 illas
1576 5087 1820 5135 vetamur
1847 5083 1929 5138 in-

351 5142 571 5225 ducere.
598 5148 734 5203 Audi
757 5153 901 5207 enim
924 5153 1199 5212 Christum
1226 5159 1493 5218 dicentem
1521 5166 1572 5219 in
1599 5168 1886 5241 Evangelii»
1912 5191 1927 5228 :

354 5222 476 5285 Itan
495 5233 779 5295 inritaveris
808 5246 997 5301 amicos
1023 5257 1155 5315 tuos,
1184 5267 1341 5323 neque
1358 5257 1548 5311 vicinos
1572 5267 1702 5324 tuos,
1732 5263 1778 5316 si
1797 5268 1929 5336 fece-

344 5324 420 5376 ris
451 5325 753 5392 convivium,
782 5332 872 5384 sed
897 5334 1105 5390 claudos
1120 5348 1167 5392 et
1191 5356 1396 5397 mancos
1422 5343 1570 5414 (Luc.
1588 5349 1676 5403 Η.
1695 5324 1923 5424 12.’15);

339 5422 400 5465 et
443 5414 672 5470 merito:
702 5427 786 5473 est
811 5422 955 5477 enim
985 5440 1173 5497 magna
1206 5445 1302 5499 pro
1332 5433 1417 5488 his
1445 5451 1672 5493 merces.
1702 5442 1773 5495 At
1819 5414 1924 5499 non

336 5515 499 5572 potes
522 5544 539 5571 ,
572 5522 679 5562 non
707 5512 941 5571 sustines
969 5519 1237 5575 convivari
1264 5537 1386 5577 cum
1418 5526 1622 5585 claudis
1647 5539 1701 5585 et
1725 5535 1880 5591 caecis
1906 5551 1921 5599 ;

341 5596 436 5649 scd
466 5597 742 5657 existimas
778 5602 880 5658 hoc
905 5621 1025 5661 esse
1047 5624 1209 5677 grave
1234 5622 1288 5666 et
1313 5616 1596 5672 molestum
1618 5660 1634 5685 ,
1683 5635 1737 5677 ct
1767 5641 1920 5681 rertt-

338 5687 470 5740 sas?
495 5687 655 5743 Certe
680 5692 730 5745 id
758 5694 926 5750 vitare
957 5712 1063 5752 non
1085 5711 1380 5771 oporteret,
1411 5709 1504 5767 sed
1527 5710 1578 5766 id
1606 5712 1782 5770 facere
1812 5734 1917 5772 non

1083 314 1140 372 Β.
1204 313 1477 377 JOANNIS
1511 316 1985 376 CIIRYSOSTOMI
2026 321 2340 383 AliCillEP.
2381 329 2912 406 CONSTANTINOP.

3574 372 3677 436 3M

2091 449 2176 495 est
2200 459 2439 506 necesse.
2482 454 2537 510 Si
2565 472 2672 515 non
2699 462 2892 523 feceris
2923 485 3019 528 eos
3048 482 3224 531 tecum
3269 484 3550 545 considere
3577 533 3593 557 ,
3644 509 3678 550 ε

2089 547 2272 634 mensa
2303 547 2390 594 tua
2418 544 2484 598 ad
2507 561 2602 602 cos
2631 553 2786 621 mitte
2826 558 3026 617 cibum.
3059 564 3192 624 Nam
3221 573 3313 641 qui
3360 579 3564 635 amicos
3578 544 3677 637 vis:

2088 622 2235 689 vitat,
2262 627 2391 684 nihil
2417 647 2667 705 magnum
2689 640 2849 712 facit;
2876 647 2963 704 hic
2976 655 3119 710 enim
3141 622 3348 732 aecjep—it

2086 725 2239 826 suam
2265 733 2279 771 :
2309 721 2398 789 qui
2427 735 2604 782 autem
2630 729 2819 791 invitat
2848 742 3092 800 mutilum
3122 757 3179 803 et
3208 721 3667 826 pauperemvrhva‘:

2085 803 2174 861 bet
2198 807 2362 921 [leum
2390 812 2708 921 debitorem.
2743 825 2823 882 Ne
2848 842 2977 902 ergo
3004 850 3149 907 :egre

2084 909 2189 949 non
2334 908 2699 975 acceperimus
2718 953 2735 981 ,
2767 918 2861 973 sed
2888 897 3104 989 quando
3133 928 3221 985 hic
3250 897 3624 1005 acceperimus
3648 963 3665 1012 ;

2083 998 2204 1088 nam
2233 987 2343 1088 illic
2369 1007 2476 1049 non
2501 1000 2847 1069 accipiemus.
2876 987 3138 1071 Similiter
3158 1059 3174 1084 ,
3216 1023 3263 1077 si

2082 1071 2240 1179 derit,
2261 1077 2400 1179 ()eus
2418 1099 2524 1140 non
2553 1089 2757 1152 reddit:
2777 1097 2822 1151 si
2847 1097 2934 1155 hic
2962 1117 3069 1158 non
3094 1071 3454 1179 reddet:

2081 1163 2241 1224 Deus.
2265 1169 2344 1227 Ne
2367 1188 2494 1286 ergo
2519 1179 2642 1286 illps
2665 1198 2969 1254 quaramus
3008 1163 3660 1286 beneficium-fficiam“

2081 1271 2305 1361 possunt
2329 1264 2483 1361 nobis
2503 1271 2731 1330 reddere
2756 1293 2772 1342 ;
2801 1295 2975 1351 neque
3001 1285 3100 1343 hac
3128 1304 3225 1361 spe
3251 1296 3331 1351 eis
3356 1264 3660 1360 benefaci;

2079 1361 2244 1449 mus:
2277 1351 2466 1449 frigida
2495 1371 2579 1415 est
2618 1361 2733 1420 haec
2774 1371 3048 1440 cogitatio.
3088 1351 3660 1449 δίέωίευὲιῖἷεὶἶγῖἰξ-

2080 1443 2239 1508 veris,
2271 1444 2339 1500 ad
2369 1452 2644 1520 vesperam
2676 1472 2846 1530 usque
2870 1476 2952 1520 est
2971 1471 3141 1535 gratia
3168 1490 3183 1526 :
3214 1443 3659 1548 proptereaiteir—I-

2077 1547 2307 1644 perosa
2340 1539 2455 1597 haec
2482 1546 2712 1602 amicitia
2739 1552 2897 1613 citius
2926 1559 3152 1619 solvitur
3175 1604 3191 1631 ,
3406 1539 3656 1644 expensas

2074 1623 2343 1683 diffluunt.
2374 1631 2668 1705 Pauperem
2694 1652 2873 1701 autem
2896 1658 2949 1709 et
2977 1623 3299 1715 mancum-si
3323 1623 3653 1739 iuva—aer;

2074 1728 2364 1823 numquam
2415 1728 2609 1794 peribit
2644 1735 2816 1803 gratia
2858 1754 2875 1793 :
2921 1741 3089 1800 Deum
3138 1750 3283 1806 enim
3324 1756 3415 1825 qui
3442 1728 3657 1831 semper

2073 1809 2336 1915 meminit,
2360 1824 2419 1915 et
2444 1832 2730 1892 numquam
2757 1827 3118 1904 obliviscitur,
3151 1838 3318 1898 babes

2073 1895 2522 2007 latorem-Quam
2552 1914 2730 1980 pusilli
2760 1928 2939 1975 autem
2972 1933 3028 1980 et
3053 1895 3234 1986 mollis
3257 1895 3649 2007 ξάῇιξῆὖεξῖν,

2071 2000 2154 2099 est
2176 1992 2339 2099 animi
2364 2037 2379 2061 ,
2435 2014 2543 2055 non
2593 2018 2751 2073 posse
2797 2015 3082 2074 considere
3126 2036 3248 2077 cum
3292 1992 3652 2099 pauperibus?

2069 2078 2206 2144 Quid
2233 2083 2399 2181 dicis}l
2418 2088 2515 2146 Est
2542 2093 2867 2171 immundus,
2894 2104 3089 2178 inquit,
3118 2122 3174 2167 et
3201 2078 3485 2177 sordidus:

2069 2185 2213 2272 eum,
2255 2184 2309 2231 et
2333 2177 2459 2274 duc
2481 2184 2546 2237 ad
2577 2193 2721 2242 tuam
2748 2205 3010 2252 mensam.
3039 2202 3108 2255 At
3134 2207 3349 2263 sordida
3375 2177 3652 2274 babetve:

2068 2262 2356 2321 stimenta?
2382 2269 2544 2339 Muta,
2568 2284 2623 2330 et
2645 2276 2713 2332 da
2739 2283 2990 2342 mundam
3018 2300 3239 2349 vestem.

2139 2355 2191 2408 4.
2215 2355 2393 2457 dfensa
2419 2379 2698 2458 pauperum
2717 2371 2927 2430 diuitum
2965 2396 3151 2438 mensis
3170 2396 3525 2458 anteponenda
3551 2411 3643 2453 est.

2071 2438 2369 2502 Luxuriosa:
2392 2466 2579 2509 mensa
2607 2457 3089 2532 descriptio.-—-Non
3118 2476 3268 2532 vides
3289 2438 3648 2551 quantutn‘sit

2067 2533 2268 2591 lucrum
2293 2539 2579 2603 ?Christus
2604 2564 2703 2619 per
2728 2552 2899 2623 ipsum
2942 2564 3168 2631 accedit,
3210 2577 3265 2624 et

2067 2642 2258 2730 parcus
2274 2647 2333 2687 es
2353 2635 2594 2730 {Regem
2614 2642 2679 2697 ad
2700 2660 2938 2705 mensam
2966 2652 3212 2725 invitans,
3231 2675 3329 2730 pro
3346 2635 3429 2720 his
3453 2667 3644 2725 times?

2068 2720 2339 2779 Ponantur
2364 2726 2484 2783 dua:
2528 2746 2761 2803 mensae;
2788 2747 2844 2793 et
2874 2742 3043 2798 altera
3084 2720 3300 2817 quidem
3327 2752 3409 2810 bis
3434 2720 3641 2827 repleti;

2066 2820 2169 2880 tur,
2197 2823 2253 2869 et
2281 2815 2475 2875 habeat
2502 2836 2694 2889 caecos,
2722 2828 2924 2888 debiles
2947 2843 3003 2890 et
3033 2815 3254 2897 claudos
3272 2885 3289 2910 ,
3322 2815 3565 2905 manibus
3588 2863 3644 2908 et

2066 2904 2208 2959 tibiis
2232 2910 2528 2979 mutilatos,
2560 2918 2714 2973 nudis
2738 2922 2962 2990 pedibus
2988 2939 3043 2982 et
3071 2904 3640 3007 absque-mlceismua

2065 2997 2239 3052 tunica
2291 3001 2503 3059 indutos
2547 3021 2715 3078 eaque
2764 3012 2999 3071 detrita:
3034 2997 3204 3078 altera
3232 3038 3411 3083 autem
3454 2997 3644 3090 haheat

2063 3095 2337 3154 potentes,
2382 3097 2710 3154 exercituum
2742 3102 2993 3163 ductores
3015 3149 3030 3170 ,
3073 3115 3355 3181 toparcha's
3375 3160 3389 3181 ,
3420 3137 3643 3192 magnos

2062 3179 2350 3249 principes,
2373 3186 2617 3250 pretiosis
2647 3190 2860 3248 indutos
2883 3199 3120 3255 vestibus
3132 3179 3538 3278 subtilibusqer
3553 3179 3635 3267 te;

2059 3269 2125 3324 lis
2139 3270 2313 3338 lineis,
2333 3275 2586 3347 sonisque
2606 3282 2812 3340 cinctos
2831 3287 3027 3344 aureis.
3046 3290 3246 3347 Rursus
3268 3294 3352 3350 hic
3370 3298 3422 3350 in
3446 3314 3631 3357 mensa

2061 3376 2353 3433 pauperum
2382 3383 2481 3424 nec
2507 3371 2579 3426 sit
2619 3386 2898 3445 argentum
2919 3418 2934 3442 ,
2961 3396 3059 3437 nec
3100 3384 3203 3438 vini
3241 3389 3462 3443 multum
3485 3432 3500 3455 ,
3526 3394 3629 3449 sed

1994 3524 2001 3531 Ἠ
2057 3455 2199 3524 quod
2227 3459 2355 3513 satis
2382 3459 2451 3514 sit
2477 3469 2533 3517 et
2560 3466 2730 3532 possit
2762 3469 3058 3529 exhilarare
3089 3493 3101 3528 :
3134 3477 3316 3544 pocula
3359 3490 3536 3535 autem
3573 3493 3630 3539 et

2056 3561 2181 3602 vasa
2226 3549 2412 3606 relicta
2459 3553 2702 3611 confecta
2741 3559 2849 3614 sint
2875 3578 2940 3616 ex
2983 3565 3121 3619 vitro
3150 3567 3284 3622 solo.
3314 3567 3425 3624 lllic
3449 3581 3630 3628 autem

2056 3637 2109 3691 in
2132 3654 2314 3695 mensa
2344 3641 2566 3699 divitum
2589 3661 2712 3702 vasa
2735 3650 2950 3719 quidem
2974 3655 3152 3711 omnia
3179 3658 3287 3713 sint
3316 3674 3380 3714 es
3411 3670 3633 3731 argento

2054 3736 2108 3782 et
2151 3745 2304 3796 auro,
2338 3740 2395 3787 et
2441 3749 2509 3789 ne
2562 3752 2698 3792 unus
2747 3740 2960 3809 quidem
3007 3746 3145 3801 ferat
3180 3749 3629 3809 semicircularem

2054 3834 2292 3876 mensam
2321 3823 2420 3895 (a),
2440 3825 2535 3881 sed
2561 3828 2667 3884 duo
2693 3830 3061 3891 adolescentes
3081 3838 3167 3893 vix
3194 3854 3313 3895 eam
3344 3854 3591 3900 moveant
3615 3864 3628 3901 :

2050 3910 2123 3965 sit
2164 3920 2217 3965 et
2263 3913 2439 3983 phiala
2482 3931 2643 3974 aurea
2669 3922 2848 3990 pondo
2872 3924 3076 3982 dimidii
3105 3929 3326 3999 talenti,
3357 3948 3517 4002 quam
3541 3934 3627 3989 vis

2049 4000 2157 4055 duo
2176 4005 2405 4072 juvenes
2427 4022 2644 4064 movere
2668 4012 2908 4082 possint;
2939 4025 2995 4071 et
3021 4017 3212 4075 ordine
3246 4021 3364 4076 sitae
3376 4000 3488 4079 sint
3510 4040 3624 4079 am-

2050 4091 2233 4159 phorae
2250 4094 2408 4166 longe
2423 4096 2614 4154 melius
2637 4115 2794 4169 quam
2815 4114 3059 4175 argento,
3077 4125 3269 4180 nempe
3293 4127 3425 4167 auro
3449 4115 3624 4183 splen-

2047 4183 2236 4241 dentes
2257 4188 2361 4242 :sit
2379 4190 2539 4244 etiam
2562 4194 2970 4251 semicircularis
2997 4214 3200 4264 mensa,
3224 4203 3371 4257 molli
3392 4205 3622 4273 stragula

2045 4274 2280 4347 undique
2305 4287 2492 4333 strata.
2508 4280 2712 4337 Rursus
2737 4284 2823 4341 hic
2845 4288 3059 4356 quidem
3082 4290 3193 4344 sint
3217 4292 3366 4347 multi
3392 4295 3619 4349 ministri

2043 4368 2471 4425 occumbentium
2494 4414 2508 4438 ,
2538 4388 2643 4429 non
2690 4375 2866 4431 minus
2892 4381 3064 4434 ornati
3094 4383 3332 4438 vestibus
3354 4393 3409 4439 et
3435 4384 3618 4454 splen-

2038 4458 2167 4514 dide
2205 4461 2410 4530 amicti,
2439 4472 2493 4518 et
2518 4467 2835 4536 anaxyridas
2864 4483 2958 4524 seu
2987 4486 3118 4540 quas
3160 4473 3383 4530 braccas
3429 4485 3624 4532 vocant

2040 4547 2188 4604 laxas
2214 4550 2472 4609 habentes
2498 4594 2512 4619 ,
2543 4556 2658 4611 visu
2689 4558 2902 4624 quidem
2933 4562 3138 4629 pulchri
3169 4605 3184 4632 ,
3214 4565 3270 4620 in
3300 4566 3417 4635 ipso
3443 4577 3621 4622 autem

2039 4639 2171 4697 flore
2206 4643 2380 4697 aetatis
2418 4643 2746 4703 luxuriantes
2769 4658 2825 4705 et
2850 4650 2987 4707 bene
3010 4665 3191 4708 curata
3220 4664 3363 4717 cute.
3390 4665 3445 4711 ct
3468 4656 3623 4713 bona

2037 4730 2391 4801 habitudinis;
2416 4735 2524 4790 illic
2548 4746 2727 4793 autem
2753 4741 2861 4795 sint
2883 4741 2991 4797 duo
3018 4743 3115 4797 soli
3145 4744 3377 4801 ministri
3406 4759 3619 4803 omnem

2037 4821 2179 4879 hunc
2211 4823 2404 4880 fastum
2449 4829 2949 4888 conculcanteszet
2973 4834 3080 4889 sint
3105 4836 3319 4905 quidem
3364 4837 3472 4893 illis
3513 4838 3618 4893 cibi

2036 4912 2162 4969 lauti
2191 4924 2246 4970 et
2280 4917 2515 4986 opipari;
2563 4918 2648 4975 his
2676 4930 2855 4978 autem
2878 4933 3136 4993 quantum
3163 4929 3293 4983 satis
3334 4930 3406 4984 sit
3429 4930 3498 4985 ad
3527 4944 3617 4985 sa-

2034 5005 2270 5060 tiandum
2310 5009 2603 5078 appetitum
2644 5021 2700 5067 et
2725 5027 2784 5069 se
2809 5017 3182 5073 recreandum.
3208 5019 3422 5077 Satisne
3469 5021 3618 5076 dixi?

2093 5182 2165 5244 (a)
2188 5182 2272 5232 uie
2293 5185 2455 5253 agitur
2474 5184 2541 5234 de
2572 5187 2856 5253 meusa_i_lla
2884 5191 3241 5253 semicirculari
3262 5232 3277 5253 ,
3301 5202 3612 5244 crescenth

2032 5241 2195 5292 lmiain
2231 5241 2484 5315 referente
2504 5284 2518 5305 ,
2564 5262 2709 5315 (utam
2755 5249 2985 5315 Martialis
3019 5261 3070 5301 et
3101 5241 3610 5315 quidam'aiii'Sigiita

2031 5312 2218 5374 vocant,
2240 5307 2351 5367 quia
2378 5305 2567 5355 literam
2584 5305 2637 5374 ς.
2672 5311 2825 5374 sigma
2850 5311 3007 5361 refert
3033 5327 3044 5360 :
3070 5305 3225 5374 sigma
3250 5318 3380 5364 enim
3404 5318 3474 5365 sic
3493 5305 3613 5365 Mais

2029 5366 2160 5431 tialis
2210 5366 2433 5431 tempore
2467 5377 2539 5431 _ut
2570 5366 2830 5431 plurimum
2865 5366 3173 5423 curabatur.
3212 5375 3386 5427 isthmc
3426 5388 3611 5426 melisa

2029 5425 2199 5489 forma
2214 5428 2294 5475 diu
2314 5425 2436 5489 (post
2467 5425 2701 5479 Mariialis
2743 5447 2899 5483 aevum
2936 5435 2984 5481 in
3031 5448 3123 5489 usu
3167 5435 3277 5485 fuit.
3314 5425 3609 5488 GuiUeimus
3668 5482 3673 5487 .

2030 5488 2156 5571 enim
2176 5488 2631 5571 DusNormannite,
2658 5497 2739 5555 qui
2764 5508 2890 5571 anno
2913 5496 3033 5545 1066
3056 5495 3280 5571 Angliam
3303 5500 3521 5571 subegit,
3548 5498 3608 5546 ad

2027 5547 2298 5619 hujusmodi
2346 5564 2567 5619 mensarii
2605 5547 2896 5619 acémnbgns
2933 5547 3321 5619 repraese'utatur
3359 5547 3609 5610 inliditu-

2027 5615 2202 5689 Ipcntis
2219 5610 2504 5689 Monuit-him
2532 5614 2771 5689 Francica:
2794 5617 2933 5689 Tomi
2954 5610 3154 5689 secundi
3180 5619 3475 5689 initio."ide
3497 5636 3608 5687 qua

2025 5671 2087 5717 ilo.
2123 5671 2593 5784 lnujusmulilp‘wnsa
2614 5676 2739 5727 dicta
2772 5687 2880 5728 sunt
2915 5680 2968 5728 in
3002 5679 3304 5741 Antiquitate
3346 5671 3608 5747 cxylatiaiu

2025 5740 2153 5781 'l'otn.
2178 5754 2225 5784 o.
2252 5747 2360 5784 tua.
2416 5764 2419 5765 ν
2488 5774 2501 5784 .

2025 5740 2153 5781 'l'otn.
2178 5735 2225 5792 5,
2252 5747 2360 5799 (ag.
2391 5735 2469 5785 lli
2488 5774 2501 5790 .
