4026 6148
378 382 486 449 303

378 503 516 566 τέως
544 497 645 562 τάς
670 496 768 567 μὲν
793 488 1024 562 αίσχράς
1053 485 1374 557 παρήσομεν
1398 497 1413 513 ο
1436 479 1612 543 οὐδεὶς
1659 477 1770 547 γὰρ
1817 476 1948 567 ἡμῖν

1299 368 1365 429 ΙΝ
1403 367 1626 427 EPIST.
1666 367 1759 422 Al)
1799 361 2066 421 COLOSS
2119 360 2274 419 CAP.
2315 360 2356 416 Ι.
2402 357 2637 415 Ηοιιιι..
2676 357 2719 414 1.

3524 358 3627 411 θυι

2058 485 2178 540 σῃς
2227 469 2441 539 δοχὴν,
2487 470 2650 524 ἀλλὰ
2702 467 2838 532 τοὺς
2892 466 3146 534 χωλοὺς,
3208 462 3349 528 τοὺς
3397 464 3629 531 ἀναπή-

552 554 776 644 ικὲιξρων
807 554 1041 652 ἀντέρεῖ,
1069 554 1147 640 ὡς
1193 554 1454 645 πονηρῶν
1482 569 1659 625 οὑσῶν
1683 586 1698 601 ο
1734 567 1872 631 ἀλλ’,
1901 566 1951 617 εί
2049 579 2201 631 ρους
2226 580 2239 593 ·
2279 562 2504 664 εἰκότως
2532 578 2547 592 ·
2582 560 2747 664 πολὺς
2774 558 2884 629 γὰρ
2916 558 2945 610 6
2978 556 3119 627 ὑπὲρ
3175 554 3379 608 τούτων
3413 555 3626 624 μισθός.

383 658 664 759 βούλεσθε,
693 679 789 742 τάς
840 671 1075 745 φυσικὰς
1120 670 1217 723 καὶ
1252 669 1349 731 τὰς
1391 663 1650 759 βιωτικάς
1674 663 1754 724 είς
1783 658 1953 759 μέσον

384 745 814 848 Σπαραγάγωμεν.
842 764 1106 820 Βιωτικαὶ
1131 762 1231 834 μὲν
1250 756 1343 814 οὗν
1376 758 1514 811 εἰσιν
1536 748 1699 811 αὗται
1720 769 1734 782 ·
1753 749 1867 805 οἷον
1890 745 1950 803 εὖ

384 844 552 922 ἔπαθέ
580 880 682 928 τις,
699 858 808 915 61:6
833 856 1116 925 προγόνων
1140 853 1407 923 ἐκτήσατο
1434 848 1608 918 φίλον,
1627 844 1952 915 ἐκοινώνησε

382 954 659 1030 τραπέζης
680 953 715 1020 ἦ
772 946 1108 1019 ἀποδημίας,
1193 942 1389 1012 γείτων
1448 939 1566 994 ὲστί
1648 937 1831 1030 καλαὶὲ
1860 936 1955 988 καὶ⁵

379 1022 538 1102 αὑται
558 1061 574 1077 ο
597 1022 940 1115 ἢόμότεχνος
969 1034 1193 1105 γέγονεν
1218 1049 1234 1066 ·
1265 1031 1403 1101 α’ύτη
1441 1030 1542 1100 μὲν
1569 1022 1663 1082 οὖν
1686 1027 1785 1081 οὐκ
1807 1025 1955 1079 ἔστιν

378 1136 681 1207 εἰλικρινής
710 1149 724 1165 °
767 1131 882 1202 εχει
907 1131 1017 1201 γάρ
1048 1144 1172 1181 τινα
1193 1126 1288 1179 καὶ
1319 1122 1483 1194 ζῆλον
1511 1121 1606 1175 καὶ
1629 1118 1950 1191 βασκανίαν.

381 1227 537 1301 [526]
575 1227 642 1280 Δί
688 1225 747 1279 δὶ
801 1221 1050 1293 φυσικαὶ,
1087 1213 1202 1274 οἷον
1259 1216 1466 1288 πατρὸς
1514 1213 1652 1286 πρὸς
1669 1213 1804 1277 υίὸν,
1835 1209 1955 1263 υἱοῦ

383 1319 523 1390 πρὸς
572 1314 789 1384 πατέρα
813 1352 828 1379 ,
857 1309 1087 1380 ἀδελφοῦ
1122 1307 1260 1379 1:96;
1283 1306 1529 1375 ἀδελφὸν,
1565 1303 1701 1375 πρὸς
1734 1302 1957 1371 ἔγγονον

386 1412 637 1473 πάππου,
678 1406 884 1478 μητρὸς
910 1403 1044 1475 πρὸς
1068 1401 1232 1456 τέκνα
1260 1416 1273 1430 ·
1309 1401 1359 1453 εί
1389 1398 1446 1452 δὲ
1483 1394 1761 1468 βούλεσθε,
1787 1406 1956 1463 προσ-

390 1495 577 1572 θῶμεν
606 1499 701 1552 καὶ
749 1498 849 1570 τὴν
873 1496 975 1566 τῆς
1020 1491 1277 1563 γυναικὸς
1316 1489 1454 1560 πρὸς
1486 1488 1655 1558 ἀνδρα
1679 1501 1692 1516 ·
1724 1483 1958 1572 καὶῗγάρ

392 1571 567 1646 πᾶσαι
605 1589 663 1643 αι
713 1585 946 1658 γαμικαί
988 1586 1095 1639 εἰσι
1124 1583 1372 1654 βιωτικαὶ
1410 1580 1505 1634 καὶ
1536 1578 1742 1647 γήϊναι.
1787 1571 1957 1630 Δῦται

397 1683 496 1755 μιν
530 1677 624 1737 οὖν
652 1679 876 1735 ἐκείνων
902 1673 1041 1732 εἶναι
1068 1674 1288 1731 δοκῶσι
1314 1672 1672 1743 σφοδρότεραι
1701 1688 1716 1702 ο
1739 1668 1959 1724 δοκοῦσι

393 1773 476 1838 δὲ,
499 1768 685 1835 εἶπον,
732 1769 823 1825 διὰ
875 1766 939 1822 τὸ
976 1767 1237 1830 πολλάκις
1272 1765 1363 1819 ὑπ’
1387 1764 1613 1818 ἐκείνων
1636 1760 1956 1832 ἡττηθῆναι.

396 1863 508 1917 Kal
531 1862 640 1932 γάρ
671 1860 817 1929 φίλοι
844 1856 1081 1928 ἀλλαχοῦ
1110 1854 1477 1926 γνησιώτερον
1498 1851 1775 1921 ἐφάνησαν
1805 1848 1960 1902 ἀδελ-

394 1953 512 2023 φῶν
563 1950 918 2021 διακείμενοι,
974 1946 1071 2002 καὶ
1116 1945 1247 1999 υίῶν
1299 1942 1437 2012 1:96;
1488 1940 1732 2010 πατέρας
1759 1952 1773 1969 ⁶
1805 1937 1899 1992 καλ⁵
1934 1937 1964 1991 6

398 2043 497 2115 μὲν
538 2041 819 2113 γεννηθεὶς
846 2041 949 2093 οὐκ
974 2037 1295 2107 ἐϐοήθησεν,
1317 2035 1347 2087 6
1374 2033 1432 2086 δὲ
1468 2032 1543 2103 μὴ
1583 2031 1746 2101 γνοὺς
1779 2026 1961 2093 αὑτὸν,

400 2132 649 2205 παρέστη
697 2130 795 2185 καὶ
851 2126 1173 2198 ἐϐοήθησεν.
1214 2127 1278 2180 Ἥ
1305 2126 1364 2180 δὲ
1393 2122 1740 2194 πνευματικὴ
1773 2122 1963 2190 ἀγάπη

400 2220 589 2275 πασῶν
619 2221 768 2274 εστιν
815 2218 1086 2288 ἀνωτέρα,
1109 2215 1359 2287 καθάπερ
1390 2229 1475 2279 τις
1517 2212 1808 2284 βασίλισσα
1855 2212 1967 2265 τῶν

405 2310 551 2364 ἰδίων
579 2308 878 2381 κρατοῦσα,
905 2308 1001 2362 καὶ
1026 2307 1278 2379 λαμπρὸν
1298 2306 1411 2377 ἔχει
1446 2305 1507 2358 :6
1539 2307 1727 2376 σχῆμα
1763 2319 1779 2334 ·
1811 2301 1966 2356 οὐδὲν

398 2400 510 2471 γὰρ
551 2402 709 2471 γήῖον
734 2398 907 2471 αὐτὴν
945 2399 1143 2464 τίκτει,
1181 2397 1433 2466 καθάπερ
1454 2397 1689 2466 ἐκεί-νην,
1722 2395 1783 2448 οὑ
1804 2394 1967 2465 συνήσ

399 2491 538 2552 θεια,
553 2492 655 2546 οὑκ
672 2489 983 2560 εὐεργεσία,
1004 2491 1068 2542 οὑ
1093 2488 1276 2558 φύσις,
1303 2489 1364 2542 ού
1385 2489 1598 2559 χρόνος,
1622 2487 1738 2541 ἀλλ’
1759 2486 1966 2542 ἀνωθεν

398 2580 641 2633 κάτεισιν
671 2581 736 2633 ἐκ
752 2578 849 2631 τοῦ
879 2570 1133 2649 ούρανοῦ.
1168 2579 1281 2633 Kal
1302 2578 1355 2630 τί
1382 2577 1705 2647 θαυμάζεις,
1731 2578 1781 2629 εί
1811 2575 1967 2642 εὐερ-

396 2668 587 2736 γεσίας
623 2668 685 2721 οὑ
720 2667 890 2721 δεῖται
924 2667 1063 2737 πρὸς
1101 2666 1163 2721 :6
1195 2667 1551 2733 συνεστάναι,
1588 2667 1723 2720 ὅπου
1758 2682 1823 2734 γε
1848 2665 1969 2720 οὐδὲ

370 2760 473 2830 ,τῷ
506 2758 692 2822 κακῶς
729 2758 927 2813 παθεῖν
967 2758 1372 2829 ἀνατρέπεταις
1404 2758 1526 2812 Ὅτι
1579 2759 1638 2812 δὲ
1671 2756 1808 2828 αὕτη
1844 2758 1968 2828 μεί-

401 2849 507 2912 ζων
527 2850 739 2918 ἐκείνης
768 2848 939 2914 ἐστὶν,
968 2849 1202 2903 ἀκουσον
1218 2848 1432 2903 Παύλου
1454 2848 1704 2916 λέγοντος
1726 2864 1742 2879 ο
1774 2848 1972 2917 H616-

402 2956 526 3006 μην·
567 2939 832 3008 ἀνάθεμα
877 2934 1033 2995 εἶναι
1067 2939 1253 3004 αὐτὸς
1283 2940 1399 3008 ἐγὼ
1429 2939 1550 2994 ἀπὸ
1580 2939 1687 2994 τοῦ
1709 2940 1970 3008 Χριστοῦ

405 3029 556 3097 ὑπὲρ
583 3029 703 3082 τῶν
716 3028 995 3099 ἀδελφῶν
1005 3047 1146 3099 μου.
1168 3030 1265 3094 Τίς
1281 3030 1349 3084 ἀν
1367 3029 1524 3084 τοῦτο
1538 3028 1745 3099 ηὔξατο
1763 3030 1969 3100 πατὴρ,

407 3115 547 3170 ὥστε
576 3118 634 3170 έν
659 3120 847 3181 κακοῖς
870 3114 1044 3183 εῐναι;
1075 3119 1185 3173 Kal
1218 3117 1403 3182 πάλιν,
1435 3119 1510 3174 Τὸ
1536 3117 1844 3173 ἀναλῦσαι
1872 3119 1970 3174 καί

403 3209 526 3265 σὺν
580 3209 811 3279 Χριστῷ
859 3206 1014 3265 εἶναι
1087 3208 1298 3274 πολλῷ
1357 3207 1599 3279 μᾶλλον
1644 3209 1934 3277 κρεῖσσον
1954 3225 1969 3240 ο

401 3300 470 3354 τὸ
529 3300 600 3354 δὲ
650 3299 947 3370 ἐπιμεῖναι
977 3299 1048 3356 ἐν
1078 3298 1156 3369 τῇ
1203 3299 1384 3368 σαρκὶ
1409 3300 1873 3370 ἀναγκαιότερον
1897 3300 1973 3354 δι’

403 3391 578 3460 ὑμᾶς.
606 3393 741 3445 Ποία
773 3393 958 3464 μήτηρ
1003 3390 1177 3447 ταῦτα
1200 3390 1268 3449 ἀν
1293 3393 1466 3449 ἕλοιτο
1487 3394 1663 3449 εἰπεῖν
1690 3431 1707 3458 ,
1740 3392 1879 3449 ὥστε
1904 3394 1974 3451 τὰ

403 3482 572 3554 αὐτῆς
603 3482 849 3552 παριδεῖν
878 3500 895 3549 ;
941 3483 1052 3537 Kal
1092 3482 1254 3538 πάλιν
1293 3483 1458 3537 ἄκουε
1501 3483 1665 3539 αὑτοῦ
1703 3484 1972 3554 λέγοντοςο

418 3570 979 3640 Ἀπορςρανισθέντες
1015 3573 1125 3643 γὰρ
1165 3572 1267 3641 ἀφ’
1320 3571 1485 3642 ὑμῶν
1548 3572 1698 3639 πρὸς
1766 3575 1975 3641 καιρὸν

407 3659 582 3727 ὥρας,
599 3662 914 3729 προσώπῳ,
937 3664 1009 3717 οὐ
1025 3662 1253 3731 καρδίᾳ.
1280 3662 1390 3716 Kal
1399 3661 1630 3717 ἐνταῦθα
1643 3663 1743 3731 μὲν
1753 3665 1782 3717 6
1795 3663 1975 3735 πατὴρ

410 3750 689 3821 ὑϐρισθεὶς
715 3751 870 3807 ἔλυσε
893 3751 991 3823 τὴν
1016 3752 1213 3821 φιλίαν,
1233 3756 1350 3807 ἐκεῖ
1368 3753 1425 3805 δὲ
1437 3753 1640 3819 οὐκέτι,
1673 3753 1810 3808 ἀλλά
1838 3754 1975 3825 πρὸς

408 3843 536 3905 τοὺς
574 3842 893 3908 λιθάζοεντας
936 3843 1099 3915 ἀπῄει
1138 3845 1517 3917 εὐεργετήσων
1556 3845 1779 3909 αὐτούς.
1806 3846 1975 3900 Οὐδὲν

409 3932 541 4004 γάρ,
566 3933 719 3988 οὐδὲν
752 3933 925 3998 οὕτως
959 3935 1194 4007 ἰσχυρὸν,
1223 3936 1300 3999 ὼς
1344 3938 1373 3993 6
1406 3935 1502 3990 :06
1530 3937 1846 4007 Πνεύματος
1887 3939 1974 3992 δε-

408 4024 561 4093 σμός.
610 4025 668 4078 ’0
700 4023 802 4093 μὲν
829 4026 939 4096 γάρ
962 4024 1052 4081 διὰ
1081 4027 1142 4081 :6
1168 4025 1361 4083 παθεῖν
1378 4023 1437 4080 εὖ
1474 4027 1627 4094 φίλος
1655 4028 1969 4098 γενόμενος,

405 4114 473 4168 ἂν
503 4115 582 4186 μὴ
607 4115 875 4185 διηνεκῶς
907 4116 1068 4171 τοῦτο
1095 4118 1312 4188 γίνηται
1330 4158 1348 4181 ,
1376 4117 1530 4173 ἔσται
1556 4118 1749 4188 ἐχθρός
1775 4135 1789 4149 °
1811 4120 1841 4172 6
1867 4119 1976 4176 ἀπὸ

406 4206 695 4276 συνηθείας
721 4208 1093 4272 ἀδιάσπαστος
1112 4208 1208 4272 ὢν,
1233 4210 1397 4265 πάλιν
1421 4210 1521 4279 τῆς
1555 4210 1839 4281 συνηθείας
1860 4211 1975 4267 δια·

404 4296 685 4366 κοπείσης,
738 4297 933 4352 ἔσϐεσε
1001 4300 1104 4371 τὴν
1160 4300 1363 4369 φιλίαν.
1404 4301 1468 4354 Ἠ
1501 4300 1638 4372 γυνὴ
1694 4301 1877 4363 πάλιν,
1910 4301 1976 4357 ἂν

408 4386 555 4456 μάχη
584 4389 813 4459 γένηται
835 4431 850 4452 ,
876 4389 1057 4461 ἀφῆκε
1084 4391 1176 4443 τὸν
1221 4391 1408 4461 ἀνδρα,
1434 4393 1529 4445 καὶ
1551 4393 1643 4445 τὸν
1668 4393 1830 4447 πόθον
1848 4392 1973 4447 έλυ-

408 4492 501 4528 σεν
521 4494 536 4507 ο
575 4479 605 4530 6
640 4479 777 4542 υίὸς,
810 4479 878 4533 ἀν
922 4480 1155 4535 ἐπιπολὺ
1183 4479 1363 4544 ζῶντα
1381 4481 1472 4534 τὸν
1494 4483 1703 4554 πατέρα
1724 4484 1848 4546 ῖδοι,
1883 4484 1976 4538 καὶ

409 4562 722 4632 βαρύνεται.
760 4566 882 4618 Ἐπὶ
912 4567 971 4619 δὲ
1003 4568 1098 4621 τοῦ
1126 4567 1436 4638 πνεύματος
1462 4569 1668 4624 τούτων
1700 4571 1803 4625 οὑκ
1828 4571 1977 4627 ἐστιν

407 4653 580 4707 οὐδέν⁴
638 4655 815 4709 οὐδενὶ
859 4656 968 4728 γάρ
1008 4658 1215 4713 τούτων
1271 4659 1456 4714 λύεται
1479 4702 1494 4725 ,
1542 4661 1663 4715 ἐπεὶ
1718 4663 1858 4735 μηδὲ
1910 4664 1977 4717 ὲκ

403 4740 611 4796 τούτων
659 4743 894 4815 συνέστη
941 4762 957 4777 ο
1003 4744 1131 4799 οὔτε
1182 4746 1394 4818 χρόνος,
1434 4738 1559 4803 οὔτε
1607 4750 1779 4820 μῆκος
1822 4751 1973 4813 ὁδοῦ,

405 4832 529 4886 οὕτε
579 4834 642 4888 :6
692 4835 884 4898 κακῶς
924 4837 1142 4901 παθεῖν,
1178 4837 1304 4892 οὔτε
1331 4840 1395 4893 :6
1415 4841 1601 4903 κακῶς
1631 4841 1882 4908 ἀκοῦσαι,
1914 4842 1976 4895 ού

408 4922 597 4992 θυμὸς,
618 4925 721 4995 οὑχ
758 4925 938 4997 ὕϐρις,
962 4929 1060 4982 οὐκ
1090 4929 1219 4983 ἄλλο
1249 4930 1402 4983 οὐδὲν
1426 4930 1824 5002 ἐπεισέρχεται.
1857 4933 1978 4986 οὐδὲ

404 5011 628 5068 δύναται
678 5015 848 5086 αὐτὴν
910 5017 1178 5073 διαλῦσαι.
1216 5021 1327 5073 Kal
1353 5020 1439 5073 ἴνα
1475 5021 1671 5092 μάθῃς,
1700 5021 1980 5087 ὲλιθάζετο

401 5105 430 5156 6
467 5105 733 5175 Μωῦσῆς,
765 5108 861 5161 καὶ
888 5109 1031 5179 ὑπὲρ
1051 5111 1232 5164 αὐτῶν
1264 5111 1438 5180 ἠξίου.
1461 5110 1559 5175 Τίς
1593 5112 1659 5166 ἂν
1683 5112 1842 5167 τοῦτο
1861 5116 1977 5184 είρ-

401 5194 611 5260 γάσατο
661 5198 849 5270 πατὴρ
905 5200 1046 5270 ὑπὲρ
1096 5201 1192 5254 τοῦ
1220 5202 1555 5265 λιθάσαντος,
1588 5202 1702 5255 ἀλλ’
1733 5204 1855 5273 οὑχῖ¹
1883 5203 1978 5259 καὶ

402 5284 564 5339 αὐτὸν
583 5284 653 5340 ἂν
687 5287 983 5343 κατέλευσε
1016 5308 1031 5355 ;
1065 5290 1281 5353 Ταύτας
1322 5289 1387 5361 δὴ
1424 5292 1849 5362 μεταδιώκωμεν
1878 5291 1977 5355 τὰς

401 5374 583 5440 φιλίας
611 5378 711 5440 τὰς
744 5379 856 5433 61:6
878 5380 974 5433 :06
1009 5381 1342 5452 πνεύματος·
1384 5384 1600 5454 ἰσχυραὶ
1621 5385 1728 5453 γάρ
1746 5385 1851 5437 εἱσι
1884 5385 1977 5440 καὶ

400 5462 759 5521 δυσδιάλυτα.ὁ
786 5467 864 5538 μὴ
890 5467 987 5532 τὰς
1004 5470 1112 5525 61:6
1135 5471 1241 5524 τῶν
1260 5472 1568 5545 τραπεζῶν⁹
1592 5473 1708 5525 ἐκεῖ
1749 5474 1857 5544 γάρ
1880 5474 1974 5527 καὶ

402 5553 952 5625 κωλυόμεθαταυύτας
980 5559 1245 5628 εἰσάγειν.
1273 5561 1537 5615 ΙἌκουσον
1563 5561 1672 5628 γὰρ
1702 5562 1795 5618 :06
1841 5564 1972 5631 Χρι-

406 5644 530 5697 στοῦ
554 5645 811 5715 λέγοντος
834 5648 894 5703 δν
923 5647 1003 5718 τῷ
1027 5649 1342 5720 Εὑαγγελίῳ
1370 5668 1385 5683 ο
1410 5651 1507 5719 Μὴ
1534 5650 1802 5720 καλέσῃς
1833 5654 1974 5717 τοὺς

407 5733 621 5805 mm
649 5753 795 5801 σου,
822 5736 978 5806 μηδὲ
1011 5740 1149 5805 τοὺς
1182 5740 1452 5808 γείτονὰς
1480 5756 1615 5807 σου,
1651 5739 1756 5794 ἐὰν
1797 5741 1966 5805 ποιή-

2070 654 2208 707 ’Λλλ’
2239 653 2302 706 οὑ
2336 651 2587 715 δύνασαι,
2618 649 2744 703 οὐδὲ
2794 649 2964 719 ἀνέχῃ
3006 646 3145 719 μετά
3188 646 3375 717 χωλῶν
3404 647 3499 701 καὶ
3533 663 3629 698 τυ-

2061 745 2208 816 φλῶν
2233 744 2537 809 ἑστιᾶσθαι,
2564 742 2701 795 ἀλλά
2719 741 2860 813 βαρὺ
2888 742 2984 794 καὶ
3011 738 3268 812 φορτικὸν
3309 740 3416 809 ἡγῇ
3446 737 3626 802 τοῦτο,

2059 837 2155 890 καὶ
2185 836 2428 906 παραιτῇ
2453 851 2468 900 ;
2503 830 2653 905 [527]
2680 829 2936 885 Μάλιστα
2965 830 3063 900 μὲν
3084 825 3182 883 οὖν
3212 829 3313 886 οὐκ
3333 827 3460 896 ἔδει,
3489 825 3630 896 πλὴν

2059 924 2173 980 ἀλλ’
2198 926 2301 978 οὑκ
2345 922 2494 977 ἔστιν
2541 920 2757 990 ἀνάγκη
2787 934 2801 949 ³
2840 921 2944 973 κάν
2967 919 3045 990 μὴ
3067 916 3403 988 συγκαθίσῃς
3432 916 3631 977 αὑτοὺς

2064 1015 2202 1087 μετά
2229 1013 2348 1079 σοῦ,
2372 1013 2440 1067 τά
2470 1011 2749 1082 ἐδέσματα
2768 1010 2950 1074 αὐτοῖς
2972 1008 3294 1068 ἀπόστειλον
3316 1007 3385 1059 :6
3410 1005 3518 1059 61:6
3531 1006 3633 1071 τῆς

2060 1099 2483 1179 τραπέζης.Καὶ
2505 1102 2614 1173 γάρ
2633 1105 2661 1156 6
2687 1100 2874 1171 φίλους
2892 1099 3098 1164 καλῶν,
3121 1099 3275 1153 οὐδὲν
3303 1097 3447 1168 μέγα
3474 1096 3627 1148 εποί-

2061 1215 2192 1270 ησεν
2223 1214 2239 1229 ·
2266 1195 2507 1252 ἀπέλαϐε
2554 1196 2665 1266 γὰρ
2695 1192 2933 1249 ἐνταῦθα
2968 1190 3060 1244 τὸν
3093 1189 3284 1260 μισθόν
3310 1196 3324 1218 δ
3355 1190 3384 1241 6
3424 1187 3478 1240 δὲ
3498 1187 3632 1240 ἀνά-

2062 1305 2238 1360 πηρον
2273 1286 2453 1341 καλῶν
2500 1286 2595 1341 καὶ
2625 1282 2855 1355 πένητα,
2894 1281 3008 1353 ἔχει
3035 1278 3128 1333 τὸν
3160 1278 3292 1332 Θεὸν
3323 1275 3631 1346 ὀφειλέτην.

2061 1379 2158 1450 Μὴ
2184 1377 2368 1431 τοίνυν
2395 1376 2776 1447 ἀσχάλλωμεν,
2807 1374 2936 1426 ὅταν
2973 1369 3049 1442 μὴ
3079 1366 3312 1422 ἐνταῦθα
3343 1364 3633 1420 ἀπολάϐω-

2067 1486 2190 1541 μεν,
2217 1467 2333 1521 ἀλλ’
2356 1468 2484 1523 ὅταν
2534 1463 2769 1520 ἐνταῦθα
2796 1460 3162 1530 ἀπολάϐωμεν
3190 1474 3204 1489 ·
3228 1458 3347 1511 ἐκεῖ
3375 1456 3484 1527 γάρ
3507 1455 3635 1508 οὑκ-

2066 1560 2149 1614 έτι
2206 1556 2619 1629 ἀποληψόμεθα.
2686 1553 2943 1624 Ὁμοίως,
2986 1549 3054 1606 ἀν
3095 1549 3383 1621 ἄνθρωπος
3428 1546 3635 1615 ἀποδῷ,

2064 1650 2199 1717 Θεὸς
2230 1651 2331 1705 οὑκ
2376 1647 2698 1702 ἀποδίδωσιν
2726 1660 2740 1675 ο
2779 1644 2846 1698 ἂν
2888 1635 3046 1705 οὗτος
3117 1641 3193 1712 μὴ
3257 1638 3464 1710 ἀποδῷ,
3515 1638 3639 1691 τότε

2066 1739 2336 1796 ἀποδώσει
2365 1737 2517 1801 Θεός.
2554 1735 2647 1805 Μὴ
2676 1734 2859 1787 τοίνυν
2906 1731 3151 1799 ἐκείνους
3189 1728 3442 1799 ζητῶμεν
3487 1727 3640 1798 e629—

2066 1833 2246 1900 γετεῖν
2298 1830 2425 1894 τοὺς
2480 1824 2880 1882 ἀνταποδοῦναι
2923 1825 3055 1896 ἡμῖν
3104 1821 3463 1893 δυναμένους,
3506 1818 3641 1890 μηδὲ

2067 1925 2161 1977 ἐπὶ
2184 1920 2467 1985 τοιαύταις
2511 1918 2714 1982 αὑτοὺς
2748 1915 2963 1971 ἐλπίσιν
3001 1912 3384 1987 εύεργετῶμεν
3407 1929 3422 1944 ·
3458 1911 3644 1982 ψυχρά

2069 2014 2208 2085 αὕτη
2267 2016 2303 2084 ἠ
2350 2013 2580 2066 διάνοια.
2616 2010 2721 2063 Τὸν
2781 2009 2934 2079 φίλον
2976 2008 3042 2063 ἂν
3070 2006 3330 2077 καλέσῃς,
3355 2005 3518 2076 μέχρι
3542 2003 3642 2073 τῆς

2071 2107 2307 2177 ἑσπέρας
2340 2104 2374 2175 ἡ
2427 2103 2589 2174 χάρις
2610 2118 2624 2134 ⁸
2651 2102 2740 2156 διά
2791 2100 2953 2155 τοῦτο
2990 2099 3100 2154 τῶν
3152 2095 3644 2167 καταϐαλλομένων

2070 2196 2369 2269 ταχύτερον
2407 2194 2442 2267 ἢ
2471 2194 2582 2249 τῶν
2613 2191 2821 2264 καιρῶν
2845 2193 3152 2246 δαπανᾶται
3179 2189 3332 2260 φιλία
3353 2205 3368 2220 θ
3390 2188 3482 2245 τὸν
3512 2187 3643 2257 μένδ

2071 2306 2153 2342 τοι
2185 2288 2390 2358 πένητα
2410 2282 2508 2340 καὶ
2531 2285 2816 2355 ἀνάπηρον
2841 2283 2907 2337 ἀν
2944 2281 3204 2354 καλέσῃς,
3229 2281 3485 2335 οὐδέποτε
3506 2281 3643 2333 61:0-

2072 2381 2245 2435 λεῖται
2293 2380 2327 2451 ἡ
2379 2378 2541 2450 χάρις
2573 2393 2586 2407 ⁸
2645 2375 2738 2431 τὸν
2798 2374 2908 2445 γὰρ
2958 2376 3187 2429 πάντοτε
3236 2371 3647 2445 μνημονεύοντα

2073 2471 2227 2537 Θεὸν,
2276 2470 2375 2524 καὶ
2418 2469 2676 2523 οὐδέποτε
2712 2466 3222 2536 ἐπιλανθανόμενον,
3286 2463 3431 2534 ἔχεις
3485 2452 3649 2517 αὑτὸν

2073 2562 2380 2632 ὀφειλέτην.
2417 2560 2600 2631 Πόσης
2664 2558 2720 2611 δὲ
2784 2559 2878 2611 καὶ
2937 2555 3213 2626 βλακείας,
3269 2554 3393 2607 είπέ
3448 2570 3560 2623 μοι,
3586 2553 3649 2605 :6

2079 2652 2435 2726 μὴδύνασθαι
2465 2649 2663 2721 πένησι
2691 2646 3125 2717 συγκαθέζεσθαι
3143 2662 3159 2712 ;
3178 2644 3243 2697 Τί
3268 2642 3648 2713 λέγειςςἈκά-

2077 2742 2276 2815 θαρτός
2293 2743 2431 2806 ἐστι,
2476 2743 2632 2810 φησι,
2668 2740 2762 2791 καὶ
2790 2737 3055 2808 ῥυπαρός.
3092 2735 3204 2790 Kal
3233 2733 3424 2789 λοῦσον
3461 2734 3649 2798 αὑτὸν,

2078 2835 2173 2887 καὶ
2205 2834 2450 2902 ἀνάγαγε
2495 2830 2588 2884 ἐπὶ
2640 2827 2923 2899 τράπεζαν
2971 2826 3069 2898 τὴν
3109 2826 3229 2897 σήν.
3271 2824 3414 2878 Ἀλλ’
3453 2826 3648 2896 ίμάτια

2079 2922 2193 2992 ἔχει
2246 2920 2658 2994 ερρυπωμένα;
2693 2919 2802 2973 Kal
2845 2917 3098 2989 ἄμειψον,
3128 2917 3223 2971 καὶ
3275 2915 3363 2980 δὸς
3403 2914 3652 2987 καθαρὰν

2083 3013 2298 3083 στολήν.

2150 3106 2211 3160 6'.
2253 3106 2365 3176 Ούχ
2402 3105 2532 3175 ὁρᾷς
2563 3104 2625 3158 :6
2655 3102 2846 3173 κέρδος
2877 3101 3000 3155 ὅσον
3029 3119 3046 3168 ;
3079 3101 3108 3153 6
3130 3092 3363 3172 Χριστὸς
3388 3088 3454 3153 δι’
3486 3098 3649 3152 αὑτοῦ

2081 3199 2460 3270 παραγίνεται,
2488 3199 2582 3253 καὶ
2601 3199 2666 3252 σὺ
2698 3197 2840 3269 ὑπὲρ
2871 3196 3062 3252 τούτου
3087 3193 3422 3265 μικρολογῇς
3445 3192 3538 3247 τόν
3560 3193 3655 3263 βα-

2083 3293 2232 3346 σιλέα
2243 3290 2423 3345 καλῶν
2441 3284 2535 3343 ἐπὶ
2551 3289 2650 3357 τὴν
2661 3288 2963 3358 τράπεζαν,
2983 3286 3124 3355 ὑπὲρ
3147 3280 3356 3339 τούτων
3376 3284 3618 3346 δέδοικας
3637 3301 3652 3348 ;

2091 3380 2539 3436 ’Υποκείσθωσαν
2563 3376 2837 3446 τράπεζαι
2864 3366 2976 3441 δύο,
3006 3375 3101 3429 καὶ
3132 3376 3167 3443 ἡ
3202 3373 3306 3444 μὲν
3340 3373 3407 3426 ὲκ
3447 3373 3655 3426 τούτων

2082 3467 2485 3540 πεπληρώσθω,
2520 3468 2617 3521 καὶ
2669 3465 2842 3536 ἐχέτω
2870 3464 3105 3533 τυφλοὺς
3126 3502 3140 3527 ,
3167 3461 3394 3535 χωλοὺς,
3425 3461 3655 3526 κυλλοὺς

2080 3563 2180 3630 τὴν
2219 3560 2400 3630 χεῖρα,
2436 3558 2496 3612 :6
2529 3552 2722 3620 σκέλος
2765 3555 3227 3627 πεπηρωμένους,
3260 3554 3653 3618 ἀνυποδι-ετους,

2081 3650 2178 3706 ἕνα
2204 3649 2621 3721 περικειμένους
2657 3646 2998 3723 χιτωνίσκον,
3023 3646 3118 3700 καὶ
3149 3646 3338 3699 τοῦτον
3365 3645 3657 3714 ἐκτετριμ-

2082 3743 2261 3813 μένον·
2290 3743 2324 3811 ἠ
2350 3740 2409 3794 δὲ
2441 3738 2604 3811 ἑτέρα
2630 3739 2801 3811 ἐχέτω
2820 3737 3105 3801 δυνάστας,
3134 3735 3499 3807 στρατηγοὺς,
3523 3747 3656 3788 τοπ·

2078 3833 2275 3903 άρχας,
2308 3830 2576 3901 ἀρχοντας
2614 3827 2906 3900 μεγάλους,
2929 3826 3311 3898 ἐνδεδυμένους
3334 3825 3526 3897 ἱμάτια
3560 3840 3657 3877 πο-

2080 3921 2272 3992 λυτελῆ
2291 3922 2385 3975 καὶ
2407 3921 2599 3984 ὀθόνας
2622 3920 2845 3982 λεπτὰς,
2864 3918 3207 3988 ὲζωσμένους
3223 3919 3432 3987 χρυσᾶς
3454 3914 3653 3980 ζώνας.

2082 4014 2252 4068 Πάλιν
2277 4012 2515 4067 ἐνταῦθα
2536 4012 2595 4063 έν
2615 4013 2683 4080 τῇ
2706 4008 2816 4065 τῶν
2840 4010 3094 4078 πενήτων
3119 4007 3369 4078 τραπέζῃ
3402 4007 3543 4075 μήτε
3564 4005 3659 4075 ἀρ-

2082 4123 2248 4177 γυρος
2278 4105 2440 4170 ἔστω,
2469 4104 2606 4175 μήτε
2640 4098 2781 4163 οἶνος
2815 4098 3003 4162 πολὺς,
3027 4097 3143 4151 ἀλλ’
3174 4098 3203 4149 6
3231 4096 3417 4167 ἀρκῶν
3451 4096 3546 4148 καὶ
3567 4096 3659 4147 e6-

2084 4200 2284 4269 φρᾶναι
2335 4196 2633 4264 δυνάμενος
2667 4205 2682 4220 ·
2727 4190 2798 4244 τὰ
2828 4190 2884 4243 δὲ
2934 4187 3241 4258 ἐκπώματα
3281 4187 3375 4241 καὶ
3399 4185 3468 4239 τὰ
3495 4186 3659 4239 λοιπά

2085 4288 2255 4360 σκεύη
2281 4287 2390 4341 61:6
2413 4286 2567 4338 ὑέλου
2599 4278 3025 4336 κατεσκευάσθω
3048 4279 3214 4347 μόνης
3239 4294 3253 4309 ο
3282 4279 3399 4333 ἐκεῖ
3418 4278 3475 4331 δὲ
3506 4280 3565 4331 ὲν
3590 4280 3655 4347 τῇ

2082 4380 2191 4433 τῶν
2228 4378 2497 4431 πλουσίων
2514 4372 2762 4445 τραπέζῃ
2793 4371 2933 4424 ἔστω
2961 4370 3059 4439 μὲν
3090 4368 3259 4437 σκεύη
3293 4369 3360 4421 τὰ
3390 4370 3568 4422 πάντα
3599 4368 3659 4432 ἐξ

2086 4469 2328 4539 ἀργύρου
2382 4466 2476 4520 καὶ
2532 4462 2758 4535 χρυσοῦ,
2788 4462 2882 4516 καὶ
2928 4458 3064 4530 μηδὲ
3094 4452 3174 4521 εἷς
3206 4459 3419 4528 φερέτω
3439 4458 3498 4509 τὸ
3525 4460 3654 4527 ἡμι-

2085 4560 2326 4618 κύκλιον,
2357 4555 2493 4610 ἀλλά
2540 4554 2633 4609 δύο
2665 4553 2870 4606 νεανίαι
2903 4551 3056 4621 μόλις
3108 4549 3238 4603 αὐτὸ
3287 4547 3608 4602 κινείτωσαν
3639 4560 3655 4575 ’

2084 4650 2225 4704 ἔστω
2254 4648 2312 4701 δὲ
2342 4646 2437 4700 καὶ
2471 4644 2636 4716 φιάλη
2682 4643 2985 4713 ὑπόχρυσος
3020 4640 3261 4709 σταθμὸν
3289 4637 3659 4708 ἡμιτάλαντον

2084 4739 2317 4792 ἕλκουσα
2344 4778 2359 4805 ,
2398 4736 2476 4799 ὼς
2510 4735 2603 4789 δύο
2648 4734 2865 4796 νεανίας
2904 4732 3059 4801 μόλις
3117 4729 3286 4800 αὐτὴν
3337 4730 3530 4788 κινεῖν,
3564 4726 3661 4778 καὶ

2083 4832 2133 4883 οἱ
2165 4830 2433 4899 ἀμφορεῖς
2460 4827 2766 4881 κείσθωσαν
2795 4823 2992 4894 ἑφεξῆς
3006 4819 3186 4891 πολλῷ
3202 4821 3425 4888 ἄμεινον
3441 4814 3534 4867 τοῦ
3557 4817 3659 4884 69-

2085 4918 2152 4986 γύ
2163 4936 2255 4990 ρου
2281 4918 2695 4987 ἀπολάμποντες
2711 4915 2788 4982 τῷ
2809 4912 2996 4985 χρυσῷ
3021 4928 3035 4942 ο
3071 4910 3215 4966 ἔστω
3245 4907 3303 4960 δὲ
3325 4906 3422 4960 καὶ
3449 4904 3509 4957 :6
3525 4907 3657 4974 ἡμι-

2085 5009 2304 5064 κύκλιον
2334 5010 2517 5079 ἁπαλῇ
2545 5008 2799 5077 στρωμνῇ
2828 5002 3092 5059 πάντοθεν
3111 4998 3523 5069 ὲστορεσμένον.
3542 4997 3657 5050 Πά-

2084 5101 2168 5158 λιν
2213 5100 2445 5155 ὲνταῦθα
2483 5100 2581 5169 μὲν
2620 5098 2864 5152 ἔστωσαν
2896 5096 3132 5150 διάκονοι
3156 5089 3361 5153 πολλοὶ,
3392 5088 3502 5149 τῶν
3523 5090 3657 5143 ἀνα-

2084 5193 2352 5264 κειμένων
2363 5186 2630 5261 οὑχῆττον
2648 5185 3168 5256 κεκοσμημένοιτοῖς
3188 5180 3444 5251 ἱματίοις,
3463 5182 3558 5234 καὶ
3573 5182 3659 5233 έν-

2082 5284 2361 5354 δεδυμένοι
2395 5280 2687 5352 λαμπρῶς,
2719 5279 2812 5331 καὶ
2866 5275 3192 5344 ἀναξυρίδας
3236 5273 3472 5344 ἔχοντες,
3502 5273 3658 5327 καλοὶ

2088 5376 2184 5446 μὲν
2222 5374 2369 5438 ἰδεῖν,
2411 5373 2543 5425 αὐτὸ
2564 5373 2787 5438 ἄγοντες
2818 5369 2917 5437 τῆς
2944 5367 3160 5438 ἡλικίας
3189 5366 3250 5419 :6
3282 5366 3467 5430 6v00;,
3488 5383 3651 5436 σφρι-

2083 5468 2287 5537 γῶντες
2328 5466 2421 5519 καὶ
2449 5460 2896 5530 εὐσωματοῦντες
2926 5477 2939 5488 ·
2966 5458 3151 5512 ὲκεῖδὲ
3182 5459 3275 5511 δύο
3311 5457 3461 5528 μόνοι
3483 5457 3656 5510 ἔστω-

2086 5577 2183 5612 σαν
2205 5556 2353 5627 [5‘28]
2370 5555 2627 5614 διάκονοι,
2658 5550 2833 5602 πάντα
2853 5550 2943 5601 τὸν
2954 5549 3120 5617 τῦφον
3137 5547 3324 5601 τοῦτον
3339 5547 3654 5615 πεπατηκό-

2084 5665 2173 5709 τες
2191 5665 2203 5676 ·
2222 5646 2314 5698 καὶ
2338 5646 2478 5696 ἔστω
2506 5645 2617 5704 τοῖς
2645 5640 2741 5710 μὲν
2764 5639 2832 5691 τὰ
2853 5639 3125 5709 ἐδέσματα
3161 5639 3449 5706 πολυτελῆ,
3469 5639 3580 5697 τοῖς
3598 5636 3653 5686 δὲ
3674 5674 3675 5681 η

2091 5738 2324 5793 τοσαῦτα
2337 5736 2437 5788 ὅσα
2460 5733 2643 5786 σϐέσαι
2667 5732 2756 5784 τὸν
2779 5731 2954 5800 λιμὸν,
2973 5730 3061 5787 καὶ
3083 5729 3413 5801 εὐφροσύνης
3445 5725 3655 5795 ἐμπλῆ-
