4026 6148
321 250 424 304 503

316 378 384 416 an
415 369 604 416 exacte
649 368 704 414 et
752 367 999 413 accurate
1041 364 1256 410 structa:
1296 363 1420 409 sunt
1445 353 1615 406 amba:
1646 347 1891 404 mensae?

319 451 541 506 deestne
565 449 806 520 aliquid?
834 450 941 519 Ego
960 446 1172 517 quidem
1194 460 1300 499 non
1328 445 1554 512 Opinor:
1582 457 1702 496 nam
1732 450 1784 495 et
1811 439 1895 492 in-

323 542 521 596 vitatos
570 541 807 596 reccnsui
830 580 843 604 ,
873 538 1198 607 exposuique
1241 551 1398 605 quam
1431 534 1658 603 pretiosa
1689 541 1740 586 et
1780 545 1894 584 ma-

322 633 516 702 gnifica
561 641 740 686 essent
785 645 927 693 vasa,
978 628 1209 698 stragula
1263 637 1319 682 et
1371 626 1589 680 cibaria.
1619 624 1724 679 Sed
1752 631 1807 677 et
1851 621 1896 676 si

326 723 611 793 quidquam
646 721 1079 791 praetermisimus
1099 759 1115 785 ,
1153 719 1206 772 in
1229 719 1469 772 oratione
1497 715 1900 786 progredientes

330 812 380 865 id
409 813 753 867 inveniemus.
774 811 882 881 Age
907 825 1037 879 ergo
1061 851 1074 872 ,
1105 809 1355 878 quoniam
1386 807 1526 877 quod
1570 806 1804 876 oportuit
1846 814 1900 858 et

328 903 505 956 decoit
529 901 690 956 decus
727 910 780 954 et
809 910 1178 954 ornamentmn
1210 899 1416 966 accepit
1443 907 1665 965 utraque
1693 908 1895 958 mensa,

331 991 595 1046 videamus
636 991 846 1044 ubinam
887 1005 984 1042 vos
1019 989 1366 1042 aceumbetis.
1397 987 1527 1040 Nam
1562 1000 1661 1054 ego
1687 983 1899 1051 quidem

329 1081 460 1133 vado
487 1079 553 1132 ad
581 1095 820 1134 n'iensam
842 1095 1107 1133 cmcornm
1135 1087 1190 1131 et
1215 1077 1527 1131 claudorum
1559 1095 1570 1128 :
1603 1077 1780 1144 plures
1805 1089 1902 1127 au-

329 1181 430 1223 tem
454 1185 518 1223 ex
546 1169 698 1223 vobis
725 1170 918 1238 eligent
973 1169 1110 1222 hanc
1157 1169 1383 1221 fortasse
1422 1181 1661 1220 mensam
1710 1165 1903 1217 ducto-

328 1277 442 1313 rum
473 1261 740 1314 exercitus
781 1275 898 1328 qua:
947 1270 1030 1314 est
1084 1257 1359 1329 splendida
1388 1265 1442 1311 et
1483 1257 1682 1310 hilaris.
1717 1253 1906 1308 Videa-

329 1365 448 1404 mus
477 1365 604 1419 ergo
631 1360 747 1404 utra
785 1350 852 1402 sit
884 1349 1070 1418 majori
1108 1349 1308 1416 repleta
1337 1347 1639 1415 voluptate;
1670 1345 1904 1401 nondum

329 1440 473 1493 enim
503 1439 674 1494 futura
720 1438 1048 1508 inquiramus
1080 1455 1092 1488 :
1123 1453 1246 1490 nam
1290 1437 1340 1490 in
1389 1435 1492 1489 illis
1527 1433 1740 1504 quidem
1793 1433 1906 1487 lnrc

333 1544 452 1583 mea
475 1537 558 1584 est
575 1530 835 1599 superior.
855 1527 1069 1595 Quare?
1091 1527 1348 1594 Quoniam
1376 1525 1490 1579 btec
1513 1523 1726 1594 quidem
1753 1521 1906 1576 Cizl'i-

330 1630 473 1673 stum
505 1621 661 1675 habet
685 1620 1126 1684 accumbentem;
1161 1619 1246 1674 illa
1277 1626 1452 1671 autem
1468 1616 1710 1670 homines
1745 1631 1758 1666 :
1794 1613 1906 1666 hare

330 1709 634 1776 Dominum,
670 1709 753 1764 illa
776 1724 979 1764 servos.
1012 1707 1168 1762 Atde
1204 1708 1286 1761 his
1316 1706 1549 1760 nondum
1573 1707 1780 1774 agitur;
1811 1704 1904 1757 sed

329 1798 604 1851 videamus
633 1808 748 1853 utra
790 1797 1045 1867 majorem
1074 1797 1265 1852 habeat
1296 1798 1618 1864 voluptatem
1665 1795 1718 1847 in
1768 1808 1906 1862 prm-

331 1889 522 1942 sentia.
552 1887 618 1941 Et
660 1888 713 1941 in
766 1885 864 1941 bac
893 1887 1106 1955 quidem
1153 1885 1322 1953 major
1364 1894 1446 1939 est
1477 1885 1591 1937 luce
1620 1882 1862 1950 voluptas
1891 1897 1904 1933 :

333 1993 456 2030 nam
479 1992 598 2031 cum
625 1992 750 2046 rege
776 1977 1091 2031 accumbere
1109 1975 1364 2045 majorem
1385 1974 1541 2028 affert
1561 1973 1907 2040 voluptatem,

332 2082 494 2135 quam
523 2083 641 2120 cum
673 2067 860 2121 servis.
892 2065 998 2120 Sed
1026 2065 1126 2120 hoc
1146 2079 1360 2134 quoque
1402 2067 1695 2127 mittamus,
1719 2071 1772 2117 et
1797 2077 1909 2115 rem

336 2156 509 2222 ipsam
541 2172 633 2224 per
661 2170 718 2210 se
746 2156 1256 2225 exatninemus.Ego
1282 2155 1480 2223 itaque,
1507 2162 1562 2207 et
1585 2154 1672 2222 qui
1704 2166 1910 2207 meet-n1

337 2245 481 2298 hanc
508 2260 743 2299 mensam
766 2245 1059 2314 elegerunt,
1087 2258 1206 2298 cum
1235 2259 1422 2314 magna
1445 2243 1689 2298 libertate
1717 2250 1772 2296 et
1796 2242 1915 2295 ani-

335 2335 413 2388 mi
443 2334 821 2404 tranquillitate
847 2342 899 2388 et
925 2333 1301 2398 delectatione,
1328 2342 1382 2389 et
1425 2333 1695 2395 dicemus,
1726 2341 1779 2386 et
1817 2347 1912 2383 au-

334 2423 552 2478 diemus
579 2425 752 2477 omnia
782 2439 794 2477 :
823 2437 915 2477 vos
953 2431 1129 2477 autem
1157 2431 1442 2478 trementes
1469 2431 1523 2476 et
1551 2421 1912 2483 formidantes,

332 2523 390 2568 et
418 2529 512 2566 eos
533 2514 620 2583 qui
658 2515 980 2568 accumbunt
1007 2522 1333 2577 reverentes,
1364 2529 1430 2568 ne
1459 2528 1672 2566 manum
1702 2512 1914 2580 quidem

331 2605 602 2659 audebitis
622 2605 929 2670 extendere,
961 2613 1227 2674 tamquam
1259 2605 1314 2658 in
1345 2604 1613 2675 paedagogi
1645 2603 1828 2658 ludum
1852 2603 1916 2657 li-

335 2697 590 2750 terarium
618 2695 863 2765 ingressi,
897 2711 1003 2749 non
1025 2695 1091 2749 ad
1119 2695 1416 2764 prandium,
1453 2705 1718 2764 tamquam
1744 2709 1915 2749 saevos

332 2787 585 2842 dominos
626 2786 1021 2841 horrescentes.
1052 2785 1156 2841 Sed
1199 2801 1304 2840 non
1353 2785 1429 2840 sic
1460 2785 1556 2838 illi.
1582 2787 1649 2839 At
1689 2800 1909 2854 magna,

334 2877 532 2945 inquit,
563 2891 648 2929 res
674 2885 758 2931 est
788 2877 979 2930 honor.
1015 2876 1174 2944 Atqui
1200 2891 1299 2945 ego
1325 2875 1537 2945 quidem
1567 2875 1752 2942 majori
1796 2890 1913 2928 sum

334 2968 390 3019 in
431 2967 634 3018 honore
663 2982 677 3017 :
711 2981 830 3020 nam
861 2975 1032 3020 vestra
1078 2967 1249 3036 major
1282 2975 1502 3036 apparet
1544 2967 1719 3021 vilitas
1745 3007 1759 3032 ,
1787 2981 1912 3020 cum

336 3057 507 3110 etiam
547 3056 784 3124 ejusdem
828 3072 1023 3110 mensae
1068 3057 1386 3124 participes,
1430 3055 1712 3125 proferatis
1756 3056 1914 3110 verba

332 3163 644 3204 servorum.
677 3147 883 3202 Etenim
914 3157 1036 3202 tunc
1061 3148 1290 3202 maxime
1312 3157 1534 3216 apparet
1557 3161 1764 3210 servus,
1792 3162 1914 3200 cum

334 3239 652 3294 accubuerit
689 3254 808 3292 cum
844 3238 1062 3292 domino
1092 3256 1106 3291 :
1136 3253 1254 3290 nam
1285 3239 1376 3291 ille
1401 3236 1614 3306 quidem
1643 3246 1725 3292 est
1753 3238 1839 3290 tibi
1867 3236 1915 3290 ei

334 3345 462 3386 esse
503 3345 606 3383 non
647 3331 1017 3394 conveniebat,
1045 3345 1108 3384 ex
1158 3328 1518 3383 familiaritate
1566 3344 1672 3383 non
1711 3338 1915 3382 tantum

336 3422 550 3480 habens
578 3421 856 3484 honorem,
907 3430 1157 3492 quantam
1185 3421 1536 3489 dejectionem
1561 3437 1576 3484 ;
1621 3430 1744 3475 tunc
1774 3421 1917 3474 enim

334 3513 498 3566 valde
539 3512 754 3566 humilis
784 3512 1021 3566 redditur
1039 3520 1093 3566 et
1120 3512 1378 3581 abjectus.
1403 3512 1626 3566 Servum
1657 3511 1796 3566 enirn
1825 3525 1918 3579 per

336 3618 403 3657 se
431 3603 629 3657 videris
650 3618 767 3657 esse
787 3604 1140 3672 splemlidum,
1164 3614 1217 3658 et
1244 3621 1336 3671 per
1361 3619 1418 3658 se
1443 3604 1776 3672 splendidum
1799 3618 1919 3658 esse

339 3706 644 3762 pauperem
668 3731 683 3754 ,
714 3701 767 3743 at
796 3708 899 3745 non
926 3693 1135 3760 quando
1165 3694 1399 3747 ambulat
1433 3709 1552 3747 cum
1581 3694 1744 3748 divite
1770 3712 1784 3747 :
1819 3695 1918 3747 hu-

341 3781 481 3836 mile
511 3782 654 3835 enim
679 3781 890 3850 quando
918 3781 1072 3836 fuerit
1113 3797 1276 3851 prope
1316 3783 1572 3846 sublime,
1606 3793 1729 3837 tunc
1754 3799 1916 3851 appa-

337 3882 432 3927 ret
488 3872 722 3936 humile;
764 3881 818 3926 et
853 3873 1174 3940 comparatio
1215 3874 1412 3930 humile
1439 3875 1609 3929 reddit
1637 3875 1918 3938 humilius,

337 3980 457 4019 non
483 3963 660 4017 altius.
696 3965 768 4018 lta
795 3979 890 4018 vos
919 3980 1128 4032 quoque
1158 3965 1465 4021 humiliores
1506 3967 1677 4021 reddit
1703 3977 1755 4020 ct
1776 3967 1921 4032 ahje-

333 4057 548 4111 ctiores
576 4071 693 4108 cum
724 4056 825 4108 illis
854 4057 1168 4110 accumbere
1198 4073 1211 4108 :
1242 4057 1333 4110 sed
1360 4071 1462 4109 non
1487 4071 1602 4110 nos.
1635 4057 1689 4109 ln
1717 4056 1924 4110 duobus

333 4147 561 4215 quidem
586 4146 705 4199 illos
723 4159 1055 4215 superamus,
1077 4162 1268 4215 nempe
1289 4147 1339 4198 in
1363 4147 1603 4200 libertate
1618 4157 1670 4200 et
1699 4147 1920 4212 honore,

336 4254 466 4290 eum
501 4238 689 4306 quibus
718 4237 849 4290 nihil
880 4247 1054 4305 potest
1081 4237 1330 4300 conferri,
1363 4238 1500 4306 quod
1530 4240 1719 4291 attinet
1745 4239 1808 4291 ad
1832 4253 1924 4291 vo-

336 4329 626 4395 luptatem.
657 4327 786 4379 Nam
828 4342 928 4395 ego
971 4327 1183 4394 quidem
1213 4329 1388 4380 malim
1421 4328 1589 4380 solum
1615 4344 1800 4394 panem
1829 4343 1920 4382 su-

338 4431 500 4469 mere
533 4432 649 4467 cum
681 4416 925 4469 libertate
950 4456 965 4481 ,
999 4432 1154 4483 quam
1188 4417 1602 4471 innumerabiles
1630 4418 1776 4470 cibos
1801 4432 1922 4469 cum

337 4506 630 4559 servitute.
654 4505 835 4558 Melius
860 4516 930 4558 est
952 4507 1116 4558 vocari
1137 4509 1203 4557 ad
1233 4505 1370 4560 olera
1393 4523 1506 4558 cum
1531 4507 1757 4568 caritate,
1774 4523 1925 4574 quant

335 4595 412 4646 ad
457 4592 670 4646 vitulum
696 4598 975 4661 saginatum
1003 4613 1114 4648 cum
1143 4597 1259 4649 odio
1287 4599 1304 4665 (
1333 4595 1488 4652 Prov.
1513 4597 1597 4651 15.
1632 4597 1694 4649 l7
1725 4597 1763 4666 ).
1791 4597 1922 4650 Nam

333 4685 608 4755 quidquid
641 4685 712 4738 illi
739 4685 988 4751 dixerint,
1023 4702 1242 4742 necesse
1272 4697 1354 4742 est
1381 4696 1436 4740 ut
1474 4690 1562 4756 qui
1591 4687 1780 4741 adsunt
1808 4687 1923 4741 lau-

332 4778 470 4830 dent
491 4816 506 4840 ,
543 4775 620 4828 vel
662 4776 956 4842 offendant,
990 4793 1046 4831 se
1067 4789 1312 4845 gerentes
1346 4789 1609 4848 tamquam
1643 4780 1921 4847 parasitos,

333 4869 453 4920 imo
492 4881 622 4920 vero
652 4867 756 4921 illis
780 4868 952 4936 pejus.
981 4867 1111 4921 Nam
1141 4869 1219 4922 eis
1240 4869 1476 4938 quidem,
1509 4878 1561 4922 et
1586 4870 1628 4922 si
1655 4885 1772 4938 eum
1807 4885 1927 4938 pro-

333 4960 441 5011 bro
493 4966 550 5008 et
581 4957 866 5023 ignominia
910 4959 1232 5014 contumelia
1277 4960 1596 5023 afciantur,
1632 4976 1734 5014 non
1776 4959 1927 5014 deest

333 5062 531 5104 tamen
562 5048 779 5102 libertas
809 5049 1056 5118 loquendi
1083 5067 1096 5105 :
1122 5051 1272 5103 Vobis
1301 5063 1476 5104 autem
1505 5066 1570 5104 ne
1595 5053 1694 5105 hoc
1714 5051 1924 5118 quidem

328 5142 521 5195 adest.
545 5139 648 5192 Sed
675 5139 934 5207 ejusmodi
956 5142 1167 5210 quidem
1190 5151 1270 5195 est
1291 5143 1462 5196 vilitas
1478 5151 1529 5198 et
1555 5142 1813 5212 dejectio;
1835 5158 1927 5198 ex-

327 5230 628 5288 timescitis
674 5231 814 5285 enim
841 5241 893 5290 et
929 5231 1236 5300 trepidetis:
1271 5233 1444 5286 nullus
1487 5244 1662 5285 autem
1703 5233 1928 5286 habetur

332 5327 544 5377 honor.
582 5323 716 5390 Ergo
743 5323 832 5376 illa
861 5323 1076 5392 quidem
1108 5325 1250 5376 omni
1280 5325 1547 5391 voluptate
1576 5335 1658 5377 est
1700 5325 1924 5392 privata,

331 5415 455 5468 hwc
485 5421 670 5466 autem
694 5413 850 5482 plena
873 5422 958 5466 est
985 5414 1127 5468 omni
1158 5414 1317 5467 animi
1346 5414 1714 5468 delectatione.

405 5507 462 5560 5.
511 5501 754 5570 Crapulw
794 5505 987 5556 mnium
1013 5513 1058 5555 et
1088 5503 1321 5558 dedecus.
1353 5503 1543 5559 -Sed
1593 5515 1647 5558 et
1693 5504 1924 5570 ipsarum

327 5608 595 5652 escarum
628 5601 869 5648 naturam
895 5594 1281 5651 examinemus.
1315 5595 1443 5650 Nam
1467 5596 1572 5654 illic
1599 5595 1809 5666 quidem
1836 5611 1927 5648 nc-

1311 237 1518 292 ElIST.
1563 235 1653 288 Al)
1691 229 1962 288 COLOSS.

2005 231 2153 285 CAP.
2200 232 2236 285 l.
2281 230 2507 286 HOMIL.
2553 231 2588 285 .
3474 245 3580 301 306

2006 359 2157 399 cosse
2183 346 2374 414 cuique
2400 355 2502 408 est,
2520 346 2725 399 etiamsi
2758 348 2906 413 nolit,
2929 350 3094 405 multo
3125 352 3250 407 vino
3277 353 3533 424 disrumpi
3562 379 3577 414 :

2003 432 2090 488 hic
2121 443 2294 488 autem
2327 434 2448 489 licet
2498 451 2602 488 non
2643 437 2947 506 comedere,
2977 456 3076 496 nec
3123 443 3326 508 bibere,
3351 445 3395 498 si
3425 448 3576 501 nolit.

2003 522 2356 590 Quamobrem
2385 524 2492 578 illic
2510 539 2650 592 eam,
2674 542 2794 594 qua:
2807 542 2871 582 ex
2889 529 3126 585 ciborum
3146 534 3449 590 conditione
3474 539 3583 590 ori-

2005 625 2090 669 tur
2111 616 2455 682 volnptatem.
2483 625 2538 670 et
2566 620 2874 685 praecedens
2904 623 3088 676 adimit
3116 624 3367 693 dedecus,
3395 637 3582 697 etquae

2006 707 2301 761 satietatem
2335 708 2575 776 sequitur
2598 709 2864 764 molestia.
2889 713 3002 767 Non
3032 717 3207 770 minus
3238 719 3382 773 enim
3422 734 3581 788 quam

2006 797 2190 862 fames,
2214 813 2436 867 corpora
2456 803 2748 872 corrumpit
2768 804 2920 861 nobis
2936 816 2990 861 et
3017 808 3201 865 dolore
3224 811 3390 870 afcit
3414 815 3586 882 reple.

2007 887 2079 941 tio
2105 896 2157 940 et
2184 889 2472 952 saturitas;
2506 890 2614 944 imo
2653 907 2781 947 vero
2819 897 3073 962 gravius:
3107 910 3159 953 et
3195 917 3585 972 quemcumque

2007 976 2136 1029 mihi
2186 977 2318 1032 dare
2359 980 2611 1046 volueris,
2659 997 2780 1036 eum
2820 983 3028 1041 facilius
3055 988 3380 1059 disrumpam
3409 994 3583 1061 reple.

2010 1069 2174 1131 tione.
2206 1085 2366 1139 quam
2395 1071 2548 1126 fame.
2578 1073 2655 1128 Re
2687 1091 2810 1129 vera
2840 1078 2982 1132 enim
3015 1079 3128 1134 haec
3155 1093 3234 1134 est
3265 1084 3352 1137 illa
3385 1085 3585 1144 tolera-

2009 1160 2166 1214 hilior
2194 1179 2206 1212 :
2241 1163 2490 1230 quoniam
2521 1165 2710 1220 famem
2739 1168 2822 1221 vel
2851 1169 3032 1237 viginti
3073 1170 3188 1224 dies
3214 1173 3478 1240 quispiam
3505 1185 3585 1228 tu.

2011 1250 2148 1315 lerit,
2183 1252 2528 1319 repletionem
2577 1265 2754 1309 autem
2796 1271 2862 1311 ne
2907 1257 3041 1311 duos
3087 1259 3302 1327 quidem
3337 1271 3433 1314 :ct
3462 1277 3583 1317 cum

2011 1338 2150 1394 fame
2181 1341 2397 1409 quidem
2441 1343 2654 1398 assidue
2683 1346 2945 1400 luctantes
2966 1349 3053 1416 qui
3082 1350 3188 1402 ruri
3221 1350 3438 1419 degunt,
3471 1355 3585 1412 sani

2010 1437 2171 1491 sunt,
2206 1445 2304 1485 nec
2348 1442 2502 1499 egent
2540 1433 2797 1497 medicis;
2826 1436 2962 1490 hanc
2991 1447 3167 1492 autem
3191 1479 3206 1502 ,
3239 1442 3587 1508 repletionetn

2011 1517 2246 1587 inquam,
2277 1536 2382 1574 non
2411 1521 2486 1574 illi
2512 1523 2725 1577 tulerint
2755 1524 2854 1578 nisi
2889 1537 3143 1595 perpetuo
3171 1541 3446 1584 accersunt
3476 1549 3586 1585 me-

2011 1607 2193 1672 dicos;
2220 1610 2326 1661 imo
2353 1626 2482 1664 vero
2504 1611 2712 1665 illorum
2743 1628 2953 1682 quoque
2979 1616 3232 1670 auxilium
3259 1633 3402 1689 turpe
3429 1635 3590 1690 supe-

2011 1706 2093 1750 rat
2119 1697 2273 1766 hujus
2299 1701 2537 1769 tyrannis
2573 1700 2734 1770 Ergo,
2763 1703 2904 1772 quod
2934 1707 3122 1760 attinet
3147 1709 3210 1760 ad
3239 1709 3585 1780 voluptatem,

2015 1786 2127 1839 haec
2158 1788 2352 1855 primas
2385 1787 2540 1842 habet
2568 1798 2766 1858 partes.
2796 1793 2926 1846 Nam
2956 1795 2998 1848 si
3031 1795 3202 1852 honor
3244 1800 3457 1868 quidem
3507 1814 3589 1859 est

2009 1877 2292 1946 jucundior
2311 1919 2323 1941 ,
2355 1894 2511 1948 quam
2540 1881 2736 1950 probro
2763 1894 2815 1938 et
2865 1889 3186 1942 contumelia
3216 1890 3389 1955 affici;
3417 1904 3467 1946 et
3499 1909 3590 1961 po-

2015 1977 2259 2022 testatem
2291 1970 2506 2036 habere,
2532 1987 2688 2042 quam
2720 1989 2838 2029 esse
2859 1977 3185 2046 subjectum;
3215 1988 3268 2034 et
3296 1982 3586 2050 confidere,

2015 2073 2170 2127 quam
2202 2059 2388 2114 timere
2431 2070 2484 2115 et
2527 2071 2754 2119 tremere
2779 2082 2792 2129 ;
2830 2075 2884 2122 et
2911 2066 3013 2122 frui
3043 2070 3106 2124 iis
3134 2087 3251 2139 qum
3279 2073 3544 2127 sufliciunt
3572 2115 3588 2138 ,

2017 2165 2171 2218 quam
2213 2166 2369 2220 supra
2413 2152 2626 2207 modum
2660 2155 2900 2226 immergi
2932 2160 2982 2212 in
3013 2161 3205 2216 uctus
3231 2162 3538 2218 deliciarum
3573 2181 3587 2218 :

2020 2241 2132 2295 hare
2157 2257 2338 2297 mensa
2370 2244 2458 2298 illa
2489 2253 2572 2298 est
2602 2247 2810 2312 melior,
2840 2251 2998 2304 etiam
3028 2253 3166 2320 quod
3193 2254 3381 2308 attinet
3407 2255 3472 2309 ad
3496 2272 3589 2308 vo-

2019 2331 2294 2402 luptatem.
2319 2334 2618 2401 Quinetiam
2652 2339 2791 2408 quod
2831 2340 2895 2393 ad
2923 2353 3191 2411 sumptum
3220 2347 3446 2414 attinet,
3477 2348 3592 2402 ha-e

2017 2437 2226 2491 quoque
2247 2425 2530 2480 estmelior
2549 2444 2561 2479 :
2581 2442 2701 2482 nam
2721 2429 2807 2482 illa
2827 2431 3038 2500 quidem
3061 2435 3280 2487 multum
3303 2439 3590 2502 consumit,

2020 2513 2133 2568 tunc
2161 2529 2288 2568 vero
2328 2533 2678 2587 nequaquam.
2710 2520 2812 2574 Sed
2842 2523 3002 2591 qttid?
3031 2540 3157 2578 num
3200 2526 3264 2580 iis
3304 2527 3473 2582 solum
3502 2533 3591 2598 qui

2018 2605 2580 2676 accubantjucundior
2613 2620 2693 2665 est
2738 2611 2851 2666 inec
2895 2629 3098 2680 mensa,
3129 2630 3196 2670 an
3238 2617 3396 2670 etiam
3429 2619 3475 2673 ei
3504 2622 3595 2689 qui

2019 2695 2226 2761 invitat,
2255 2698 2509 2765 majorem
2559 2700 2711 2754 affert
2766 2717 2920 2767 quam
2967 2703 3053 2759 illa
3095 2705 3455 2774 voluptatem?
3483 2708 3594 2763 Hoc

2018 2785 2158 2838 enim
2189 2796 2291 2850 eSI,
2314 2788 2452 2856 quod
2482 2804 2511 2841 a
2539 2790 2691 2844 nobis
2713 2792 2878 2860 magis
2898 2795 3171 2862 quaeritur.
3201 2796 3300 2863 Qui
3326 2812 3454 2868 ergo
3477 2799 3595 2853 illos

2021 2878 2226 2943 invitat,
2251 2881 2428 2933 multis
2457 2891 2580 2935 ante
2620 2881 2807 2936 diebus
2839 2899 2956 2939 sese
2986 2895 3237 2953 apparat;
3280 2897 3335 2942 et
3377 2904 3595 2944 necesse

2019 2978 2101 3022 est
2130 2978 2186 3022 ut
2228 2969 2419 3023 habeat
2445 2973 2684 3039 negotia,
2714 2988 2871 3026 curas
2897 2983 2949 3027 et
2974 2976 3358 3032 Sollicitudines
3377 3019 3392 3041 ,
3423 2993 3473 3032 ut
3503 2984 3592 3048 qui

2019 3073 2190 3128 neque
2221 3070 2376 3114 nocte
2424 3059 2686 3126 dormiat,
2715 3077 2886 3130 neque
2931 3063 3160 3119 interdiu
3201 3067 3470 3135 quiescat,
3501 3071 3593 3128 sed

2019 3148 2157 3215 apud
2185 3165 2242 3202 se
2266 3151 2427 3202 multa
2446 3151 2730 3220 conlingat,
2753 3152 2975 3220 loquens
2997 3169 3115 3206 cum
3135 3157 3342 3224 coquis,
3361 3172 3478 3210 cum
3501 3161 3594 3215 oh.-

2019 3241 2378 3305 sonatoribus,
2408 3256 2528 3294 cum
2576 3257 2773 3296 mensze
2821 3245 3190 3298 structoribus.
3234 3246 3433 3300 Deinde
3473 3264 3594 3304 cum

2021 3329 2134 3397 ipse
2173 3330 2288 3383 dies
2316 3331 2624 3396 advenerit,
2655 3331 2849 3388 videris
2887 3334 3060 3400 ipsum
3108 3334 3276 3404 magis
3321 3335 3594 3399 timentem

2020 3434 2177 3488 quam
2208 3433 2301 3473 eos
2328 3421 2416 3486 qui
2463 3429 2587 3473 sunt
2628 3422 2814 3489 pugnis
2857 3421 3202 3489 decertaturi,
3234 3439 3300 3478 ne
3339 3425 3462 3493 quid
3509 3427 3597 3490 fiat

2024 3519 2215 3578 pra-ter
2243 3509 2525 3575 rationem,
2570 3524 2636 3562 ne
2663 3510 2870 3566 invidiae
2901 3511 3100 3570 fascino
3121 3511 3363 3580 feriatur,
3389 3530 3454 3569 ne
3475 3516 3597 3569 inde

2023 3599 2218 3653 multos
2243 3608 2578 3654 accusatores
2602 3600 2700 3654 sibi
2728 3601 2920 3671 pariat.
2952 3602 3048 3656 llic
3074 3612 3249 3657 autem
3272 3614 3354 3658 est
3377 3605 3510 3660 liber
3528 3609 3595 3660 ah

2022 3693 2165 3745 omni
2193 3708 2317 3746 cura
2350 3701 2403 3746 et
2433 3694 2663 3761 negotio,
2688 3709 2927 3749 mensam
2959 3695 3072 3762 ipse
3102 3711 3196 3764 per
3219 3710 3278 3750 se
3309 3711 3522 3766 parans,
3543 3709 3598 3758 et

2024 3798 2127 3834 non
2157 3783 2336 3836 tnnltis
2363 3793 2486 3836 ante
2515 3783 2703 3839 diebus
2729 3785 2794 3838 de
2819 3800 2885 3839 eo
2910 3786 3190 3840 sollicitus.
3215 3787 3279 3841 Et
3302 3797 3481 3857 postea
3509 3788 3595 3851 hia

2023 3874 2236 3941 quidem
2258 3875 2431 3926 statim
2456 3874 2631 3927 amisit
2653 3876 2873 3940 gratiam
2901 3893 2913 3927 :
2940 3876 3026 3929 ille
3041 3886 3216 3931 autem
3240 3877 3400 3933 habet
3431 3878 3592 3936 Deum

2023 3963 2338 4027 debitorem,
2367 3972 2420 4016 et
2461 3964 2597 4016 bona
2628 3979 2723 4030 Spe
2745 3964 2923 4025 alitur,
2958 3967 3178 4033 singulis
3207 3967 3392 4020 diebus
3419 3982 3482 4021 ex
3508 3970 3593 4027 illa

2026 4069 2203 4106 mensa
2223 4054 2525 4107 convivans.
2547 4053 2674 4106 Nam
2694 4053 2796 4111 cibi
2821 4053 3030 4120 quidem
3056 4064 3460 4118 consumuntur,
3478 4071 3598 4123 grn-

2026 4145 2094 4197 tia
2122 4156 2296 4198 autem
2329 4162 2431 4196 non
2462 4145 2822 4204 consumitur;
2855 4143 2946 4196 sed
2990 4144 3225 4211 quotidie
3253 4146 3418 4214 magis
3447 4146 3595 4207 laetae

2027 4241 2113 4286 tur
2139 4242 2192 4286 ct
2216 4235 2470 4296 exsultat,
2505 4248 2660 4299 quam
2687 4234 2775 4300 qui
2808 4232 2976 4284 multo
3007 4233 3127 4285 vino
3155 4247 3213 4285 se
3243 4234 3596 4304 ingurgitave-

2026 4335 2167 4378 runt.
2185 4325 2326 4377 Nihil
2354 4325 2493 4378 enim
2517 4324 2747 4376 animam
2770 4339 2919 4390 mque
2950 4325 3114 4378 nutrit
3144 4333 3302 4392 atque
3324 4326 3458 4378 bona
3477 4342 3597 4396 spes

2026 4426 2080 4470 et
2100 4417 2235 4471 bona
2266 4415 2610 4481 exspectatio.
2637 4414 2739 4468 Sed
2775 4413 3046 4466 videamus
3069 4429 3130 4469 ea
3158 4431 3275 4482 qua:
3303 4425 3484 4483 postea
3512 4431 3596 4471 se-

2027 4519 2276 4577 quuntur.
2300 4505 2413 4558 lllic
2432 4504 2642 4572 quidem
2666 4512 2787 4558 sunt
2811 4503 2949 4556 tibiae
2970 4512 3024 4559 et
3044 4503 3260 4565 cithara:
3290 4515 3342 4558 et
3374 4505 3594 4568 fistulae;

2030 4598 2114 4651 hic
2139 4606 2314 4650 autem
2345 4594 2519 4648 nullus
2540 4594 2819 4649 dissonans
2841 4595 3028 4646 modus
3053 4610 3064 4651 ;
3096 4594 3189 4647 sed
3216 4595 3375 4662 quid?
3397 4596 3597 4665 hymni,

2029 4687 2353 4759 psalmodim.
2388 4685 2502 4739 lllic
2537 4685 2749 4754 quidem
2783 4685 2990 4754 hymnis
3031 4685 3369 4741 celebrantur
3403 4686 3599 4738 dmino-

2029 4794 2161 4842 nes;
2199 4778 2282 4830 hic
2310 4785 2486 4829 autem
2525 4775 2664 4828 Deus
2704 4774 2937 4828 omnium
2987 4774 3260 4827 Dominus.
3294 4774 3453 4827 Vides
3479 4775 3596 4842 qni-

2029 4867 2148 4920 dcm
2179 4876 2386 4934 quanta:
2417 4866 2484 4918 sit
2512 4865 2624 4917 hazc
2651 4866 2865 4933 gratim;
2899 4863 2951 4916 in
2979 4863 3122 4915 illam
3147 4873 3321 4916 autem
3345 4875 3596 4932 quantum

2029 4960 2183 5012 cadat
2213 4959 2400 5027 ingrati
2433 4959 2590 5010 animi
2621 4957 2826 5016 vitiant,
2851 4965 3138 5022 stuporque
3167 4963 3222 5007 et
3246 4969 3433 5010 sensus
3474 4971 3598 5025 ege-

2030 5050 2174 5102 stas?
2199 5047 2288 5100 liic
2317 5049 2458 5103 enim
2489 5046 2635 5107 mihi,
2667 5054 2717 5098 te
2745 5045 2882 5100 Deus
2911 5042 3040 5093 aluit
3071 5042 3180 5094 suis
3206 5041 3376 5103 bonis.
3402 5051 3596 5108 etcum

2029 5148 2300 5208 oporteret
2330 5140 2435 5191 Deo
2453 5138 2644 5205 gratias
2667 5150 2824 5204 agere
2842 5149 2960 5186 eum
2985 5134 3058 5185 sis
3081 5133 3330 5198 nutritus,
3357 5143 3410 5186 tu
3437 5135 3601 5187 intrm-

2030 5233 2176 5286 ducis
2198 5231 2501 5285 dtemones?
2532 5244 2650 5282 nam
2681 5243 2799 5295 quae
2838 5234 3101 5278 canuntur
3127 5223 3318 5280 fidibus
3339 5240 3442 5278 non
3478 5239 3598 5279 sunt

2030 5323 2189 5384 aliud,
2220 5336 2374 5389 quam
2403 5320 2700 5371 daemonum
2743 5316 2965 5371 cantica.
3001 5316 3063 5368 Et
3095 5331 3214 5369 eum
3246 5325 3298 5369 te
3333 5326 3598 5383 oporteret

2029 5413 2226 5470 dicere.
2264 5408 2575 5462 Benedictus
2602 5423 2681 5470 es,
2717 5405 2960 5467 Domine,
2989 5403 3110 5471 quia
3142 5420 3228 5458 me
3252 5404 3515 5458 nutrivisti
3536 5419 3596 5464 es

2029 5505 2185 5559 bonis
2217 5504 2352 5564 tuis;
2384 5509 2647 5567 tamquam
2676 5497 2885 5550 infamis
2915 5497 3124 5564 quidam
3153 5497 3300 5550 canis
3326 5511 3392 5550 ne
3417 5497 3599 5549 memi-

2034 5596 2156 5654 nisti
2175 5592 2408 5664 quidem,
2425 5591 2513 5646 scd
2535 5589 2824 5649 introduois
2844 5587 3151 5644 daemones?
3175 5589 3282 5651 lmo
3297 5601 3421 5648 vero
3442 5585 3597 5652 etim;
