4026 6148
438 243 541 299 507
1134 236 1192 291 ὃ.
1233 233 1508 291 JOANNIS
1530 232 2002 289 CilRYSOSTOMl
2054 234 2367 290 ARCIIIEP.
2400 235 2929 296 CONS'I'ANTINOP.
3597 254 3702 311 ξοδ

438 371 603 413 canes
632 363 741 410 tam
761 353 848 423 qui
873 358 1191 421 acceperunt
1211 362 1368 417 quam
1396 348 1483 416 qtti
1526 363 1631 401 non
1660 355 2013 414 acceperunt,

442 447 781 502 blandiuntur
807 442 1145 504 domesticis;
1175 449 1229 493 ιιι
1259 448 1434 492 autem
1464 453 1531 493 ne
1556 438 1657 492 hoc
1692 437 1907 508 quidem
1939 437 2015 491 fa-

439 540 536 593 cis.
567 537 745 599 Canis,
779 534 938 589 etiam
961 546 1064 585 non
1087 529 1374 599 accipiens,
1388 528 1660 583 blanditur
1679 528 1934 591 domino;
1959 537 2014 583 tu

438 638 636 688 autem.
655 626 810 681 etiam
829 637 950 678 cum
966 621 1259 691 acceperis,
1278 619 1532 675 adversus
1547 635 1669 675 eum
1684 621 1862 674 latras.
1880 619 2011 677 Rur-

435 733 525 771 sus
555 715 721 777 canis,
739 713 946 770 etiamsi
983 714 1186 768 alienus
1215 712 1263 768 ci
1284 711 1688 776 benefaciat,ne
1704 711 1782 767 sic
1796 710 2009 781 quidem

432 805 626 862 desinit
650 819 770 859 esse
798 803 1044 857 inimicus
1064 843 1079 866 ,
1109 817 1283 872 neque
1309 800 1541 856 allicltur
1565 797 1632 856 ad
1673 802 1960 856 amicitiam
1991 818 2007 868 ;

430 906 484 951 tu
513 906 691 951 autem
719 895 854 949 mala
883 894 1287 949 innumerabilia
1320 892 1527 963 patiens
1569 908 1598 945 a
1639 892 1969 946 dazmonibus
1990 932 2004 956 ,

428 988 587 1043 etiam
629 987 696 1041 ad
728 986 943 1056 prandia
971 999 1066 1041 eos
1091 984 1402 1040 introducis.
1435 984 1791 1052 Quamobrem
1822 999 1881 1039 es
1909 984 2006 1038 du-

427 1082 513 1148 pio
533 1094 665 1133 cane
684 1078 932 1133 deterior.
962 1077 1125 1134 Recte
1145 1084 1323 1130 autem
1352 1075 1402 1128 in
1430 1075 1740 1128 memoriam
1759 1074 2004 1127 revocavi

426 1186 584 1225 canes
608 1169 746 1238 apud
777 1183 871 1223 eos
895 1209 912 1233 ,
939 1169 1027 1237 qui
1059 1178 1184 1222 tunc
1224 1167 1395 1222 solum
1430 1175 1596 1235 agunt
1621 1166 1850 1235 gratias,
1881 1178 2001 1218 cum

423 1259 599 1314 affecti
646 1260 839 1314 fuerint
877 1259 1153 1313 beneficio.
1185 1257 1553 1313 Revereamini
1573 1298 1588 1323 ,
1618 1272 1776 1327 rogo,
1804 1271 1998 1322 canes,

423 1351 512 1420 qui
541 1350 699 1404 etiam
739 1348 879 1403 fame
903 1348 1204 1403 laborantes
1233 1348 1514 1402 adulantur
1538 1347 1770 1401 dominis
1795 1365 1807 1401 :
1831 1358 1883 1401 tu
1908 1364 2001 1401 att-

425 1447 552 1504 tem,
582 1439 626 1493 si
657 1438 889 1493 audieris
917 1437 1057 1508 quod
1086 1438 1293 1492 dtemon
1314 1437 1517 1491 curavit
1541 1436 1866 1506 quempiam,
1892 1446 1998 1490 sta-

424 1531 518 1585 tim
541 1530 764 1585 dimittis
786 1529 1087 1595 Dominum,
1106 1543 1140 1583 ο
1161 1529 1365 1585 ratione
1394 1529 1568 1582 minus
1597 1527 1816 1596 praedite
1838 1542 1994 1596 quam

418 1621 618 1676 canes!
651 1624 717 1674 At
751 1620 1082 1682 meretrices,
1112 1618 1341 1687 inquies,
1373 1617 1497 1671 dum
1529 1617 1877 1685 aspiciuntur,
1899 1631 1995 1670 vo-

423 1714 676 1780 luptatem
703 1710 975 1765 exhibent.
1003 1708 1170 1777 Quam
1204 1707 1567 1777 voluptatem?
1590 1722 1747 1776 quam
1778 1722 1884 1761 non
1908 1706 1994 1759 in-

418 1797 628 1851 famiam
647 1805 697 1851 et
722 1794 1109 1866 ignominiam?
1132 1792 1377 1862 Lupanar
1397 1790 1532 1847 facta
1561 1800 1639 1846 est
1671 1800 1756 1845 tua
1776 1791 1989 1855 domus,

415 1889 666 1956 furorque
701 1895 754 1941 et
782 1898 1003 1941 oestrum
1036 1901 1049 1937 :
1092 1899 1196 1938 non
1229 1891 1281 1939 te
1310 1882 1473 1953 pudet
1511 1898 1573 1938 ea
1611 1897 1804 1937 vocare
1832 1882 1989 1936 volu-

413 1978 655 2048 ptatem?
682 1979 838 2047 Atqui
866 1978 910 2032 si
940 1978 1093 2032 liceat
1114 1977 1258 2030 omni
1288 1976 1363 2030 uti
1389 1974 1679 2045 voluptate,
1708 1976 1882 2044 majus
1907 1982 1991 2030 est

411 2071 536 2125 illud
557 2070 830 2141 probrum,
850 2076 905 2124 et
925 2068 1092 2139 major
1113 2084 1233 2139 qttte
1258 2083 1321 2123 ex
1354 2082 1415 2121 ea
1440 2067 1696 2135 accipitur
1716 2066 1982 2121 molestia.

407 2162 722 2231 Quomodo?
749 2163 939 2216 Annon
963 2175 1123 2231 grave
1144 2169 1224 2216 est
1253 2166 1306 2215 te
1328 2159 1553 2228 lupanar
1574 2157 1749 2211 facere
1767 2156 1984 2211 domum

409 2265 571 2319 tuam,
593 2253 644 2306 in
670 2266 771 2322 qua
796 2250 1041 2307 homines
1061 2251 1224 2305 veluti
1245 2265 1370 2305 sues
1398 2250 1449 2303 in
1470 2263 1628 2304 coeno
1642 2248 1985 2304 volutentur?

406 2345 458 2401 Si
489 2354 663 2399 autem
695 2358 798 2397 non
826 2348 1078 2412 eousque
1103 2340 1491 2413 progrediatur,
1519 2354 1645 2394 ecce
1669 2354 1856 2395 rursus
1872 2355 1982 2392 ma-

399 2436 488 2504 jor
508 2443 590 2501 est
608 2432 761 2487 dolor
781 2450 795 2486 :
818 2443 1064 2502 aspectus
1081 2432 1221 2485 enim
1248 2446 1352 2485 non
1374 2438 1459 2484 est
1483 2431 1747 2498 voluptas,
1767 2429 1982 2498 quando

407 2540 509 2577 non
543 2523 700 2578 fuerit
728 2537 874 2589 usus,
905 2521 998 2577 sed
1027 2521 1199 2590 majus
1223 2519 1543 2575 desiderium
1572 2530 1625 2574 et
1654 2521 1866 2574 ﬂamma
1889 2533 1980 2574 ve-

406 2614 720 2667 hcmcntinr.
752 2612 855 2667 Sed
880 2614 962 2667 vis
985 2612 1123 2667 scire
1154 2610 1351 2664 linem?
1393 2611 1469 2665 Illi
1495 2610 1708 2680 quidem
1739 2626 1767 2662 a
1792 2623 1977 2671 mensa

399 2712 680 2771 surgentes
709 2709 833 2756 sunt
862 2702 1063 2755 insanis
1089 2701 1297 2755 similes
1326 2709 1381 2753 et
1407 2699 1585 2755 furore
1611 2699 1848 2767 percitis,
1877 2714 1975 2753 au-

399 2791 589 2856 daces,
632 2791 867 2846 iracundi
893 2832 909 2856 ,
935 2792 1093 2846 etiam
1124 2790 1401 2859 mancipiis
1430 2790 1639 2844 ridiculi
1671 2807 1684 2842 :
1713 2799 1768 2844 et
1796 2789 1973 2843 famuli

396 2881 609 2953 quidam
626 2881 902 2936 discedunt
923 2880 1105 2942 sobrii,
1123 2881 1208 2934 isti
1229 2895 1355 2934 vero
1369 2874 1573 2934 ebrii.0
1590 2879 1841 2935 dedecus!
1864 2881 1974 2934 Illic

393 2981 571 3025 autem
595 2971 723 3026 nihil
737 2970 1018 3040 ejusmodi,
1037 2970 1130 3026 sed
1150 2970 1366 3024 domum
1390 2969 1664 3030 recedunt,
1684 2987 1804 3024 cum
1823 2986 1972 3025 men-

392 3078 505 3119 sam
528 3064 888 3118 concluserint
905 3062 1190 3132 gratiarum
1223 3062 1451 3128 actione,
1485 3063 1589 3116 laeti
1617 3062 1966 3131 dormientes,

391 3154 495 3217 laeti
526 3153 1054 3223 expergiscentes,ab
1079 3152 1222 3207 omni
1242 3153 1439 3222 probro
1458 3168 1525 3208 ac
1547 3153 1769 3208 crimine
1798 3155 1967 3209 liberi.

458 3246 511 3298 6.
539 3244 596 3300 Si
619 3244 698 3299 vis
728 3254 905 3303 autem
933 3244 1116 3299 videre
1143 3259 1236 3299 eos
1264 3245 1423 3301 etiam
1448 3245 1537 3314 qui
1570 3253 1694 3298 sunt
1722 3244 1963 3310 invitati,

388 3339 593 3393 videbis
624 3339 725 3393 bos
753 3339 967 3408 quidem
999 3339 1147 3392 intus
1175 3352 1295 3392 esse
1328 3337 1460 3391 tales
1482 3377 1496 3400 ,
1529 3336 1715 3406 quales
1746 3336 1821 3389 illi
1867 3351 1967 3390 ex-

388 3430 670 3493 trinsecus,
703 3445 894 3499 nempe
919 3446 1109 3497 caecos,
1136 3430 1376 3496 mutilos,
1404 3429 1658 3494 claudos;
1686 3438 1739 3484 et
1786 3429 1964 3499 qualia

385 3529 511 3572 sunt
541 3519 732 3575 borum
757 3534 1003 3589 corpora,
1026 3522 1165 3575 tales
1196 3530 1321 3575 sunt
1352 3521 1562 3574 illorum
1594 3521 1807 3583 animm,
1829 3536 1964 3591 aqua

387 3608 649 3661 intercute
664 3608 969 3661 laborantes
989 3616 1044 3661 et
1064 3607 1498 3661 inﬂammatione.
1523 3608 1795 3677 Ejusmodi
1819 3611 1962 3663 enim

387 3711 476 3751 res
502 3707 585 3752 est
612 3707 665 3750 et
692 3698 996 3765 arrogantia
1020 3714 1035 3750 :
1056 3712 1179 3758 nam
1202 3706 1320 3765 post
1347 3698 1563 3752 delicias
1586 3699 1644 3751 ﬁt
1669 3699 1960 3753 mutilatio:

387 3801 473 3845 res
503 3787 643 3842 enim
688 3785 950 3855 ejusmodi
998 3795 1080 3840 est
1109 3785 1332 3854 repletio
1363 3794 1415 3840 et
1435 3786 1666 3841 ebrietas
1689 3828 1704 3850 ,
1744 3787 1963 3843 claudos

387 3874 615 3931 reddens
642 3885 695 3930 et
722 3875 961 3930 mutilos.
992 3879 1061 3931 At
1090 3877 1189 3931 hos
1220 3874 1424 3930 videbis
1452 3875 1584 3930 tales
1598 3875 1810 3931 'habere
1845 3878 1960 3931 ani-

281 3956 286 3961 ’
384 3980 531 4032 mas,
578 3966 754 4035 qualia
781 3967 866 4020 isti
900 3981 1150 4037 corpora,
1178 3965 1515 4036 splendidas,
1556 3976 1792 4021 ornatas.
1826 3967 1958 4022 Nam

382 4057 475 4127 qui
502 4058 685 4112 vivunt
714 4072 834 4112 cum
864 4059 1159 4128 gratiarum
1187 4058 1420 4123 actione,
1450 4058 1539 4126 qui
1568 4057 1701 4113 nihil
1730 4060 1960 4128 amplius

385 4149 663 4218 requirunt
685 4163 844 4218 quam
873 4148 1014 4218 quod
1045 4149 1175 4203 satis
1204 4149 1305 4213 sit,
1328 4150 1416 4218 qui
1448 4149 1529 4205 sic
1573 4148 1957 4219 phil050phan-

380 4249 487 4303 tur,
517 4240 568 4293 in
596 4249 851 4310 perpetua
882 4251 1007 4295 snnt
1031 4240 1235 4295 hctitia.
1272 4239 1558 4293 Videamus
1582 4248 1760 4295 autem
1792 4251 1847 4296 et
1871 4241 1957 4297 hic

381 4340 435 4387 ct
461 4330 566 4384 illic
596 4329 777 4385 linem.
809 4329 920 4383 illic
944 4330 1158 4398 quidem
1189 4338 1273 4383 est
1297 4329 1539 4398 voluptas
1566 4329 1948 4400 intemperans,

379 4422 517 4476 risus
543 4419 764 4484 effusus,
792 4420 1049 4483 ebrietas,
1080 4418 1397 4485 scurrilitas,
1427 4420 1712 4475 verborum
1743 4421 1955 4477 obsca-

375 4514 546 4579 nitas;
576 4528 698 4568 nam
728 4512 848 4581 quia
876 4510 1039 4580 pudet
1078 4512 1218 4580 loqui
1254 4512 1424 4579 turpia
1450 4553 1465 4576 ,
1491 4527 1584 4581 per
1634 4513 1952 4570 meretrices

378 4602 548 4671 pudor
578 4601 821 4656 tollitur:
857 4600 944 4655 hic
964 4610 1141 4655 autem
1171 4610 1253 4655 cst
1276 4601 1598 4665 humanitas,
1622 4602 1946 4673 benignitas,

372 4702 428 4748 et
470 4690 843 4749 mansuetudo.
873 4694 1048 4761 Atque
1088 4692 1234 4746 illum
1275 4693 1363 4761 qui
1393 4693 1685 4748 dissolutos
1726 4695 1944 4762 invitat,

368 4791 541 4836 armat
554 4781 909 4851 inanisgloria
925 4797 940 4846 ;
955 4782 1115 4841 alium
1130 4790 1303 4835 autem
1320 4782 1946 4853 humanitas,benignitas

312 4909 322 4915 -
368 4882 421 4927 et
443 4873 813 4928 mansuetudo.
835 4871 968 4927 Nam
997 4871 1139 4925 illam
1172 4872 1386 4941 quidem
1419 4887 1655 4926 mensam
1673 4873 1948 4928 constituit

369 4965 668 5018 humanitas
695 4979 758 5018 ac
786 4963 1122 5031 benignitas;
1151 4961 1288 5016 hanc
1319 4976 1443 5015 vero
1475 4960 1647 5014 inanis
1691 4962 1860 5032 gloria
1892 4970 1944 5016 et

369 5053 692 5120 crudelitas,
720 5070 783 5109 ex
834 5052 1093 5123 injustitia
1120 5061 1175 5107 et
1215 5052 1456 5106 avaritia.
1489 5050 1555 5103 Et
1594 5051 1681 5104 illa
1726 5053 1943 5122 quidem

361 5142 562 5200 desinit
585 5146 636 5198 in
659 5161 721 5199 ea
744 5162 861 5216 qua:
878 5146 1009 5209 dixi,
1036 5148 1086 5198 in
1104 5143 1480 5214 arrogantiam,
1505 5143 1557 5198 in
1579 5143 1773 5197 mentis
1794 5157 1944 5197 emo-
1968 5190 1992 5212 ,

366 5235 598 5300 tionem,
630 5237 684 5290 in
726 5238 1018 5306 insaniam;
1076 5237 1181 5291 tale
1220 5237 1361 5291 enim
1409 5245 1493 5290 est
1532 5227 1757 5307 germen
1784 5253 1942 5293 vanae

358 5325 541 5394 gloriae
576 5344 589 5379 :
630 5326 746 5380 bzcc
768 5340 945 5382 autem
982 5329 1033 5382 in
1083 5327 1373 5397 gratiarum
1407 5328 1672 5381 actionem
1697 5369 1711 5393 ,
1759 5338 1815 5382 et
1845 5328 1941 5383 Dei

356 5416 603 5486 gloriam.
636 5417 805 5472 Porro
829 5419 953 5471 huic
974 5433 1188 5488 quoque
1220 5419 1389 5489 major
1417 5417 1535 5471 laus
1556 5417 1714 5472 datur
1738 5419 1807 5473 ab
1834 5418 1906 5473 ho
1925 5448 1941 5461 -

356 5509 632 5564 minibus:
681 5524 802 5563 nam
854 5509 923 5563 illi
981 5509 1194 5578 quidem
1244 5509 1517 5573 invident;
1568 5508 1710 5565 hunc
1756 5519 1936 5566 autem

358 5612 547 5659 onmes
588 5600 783 5656 habent
826 5611 1092 5670 tamquam
1136 5615 1476 5666 communem
1506 5610 1729 5671 patrem,
1760 5603 1920 5658 etiam

2126 346 2161 399 ii
2188 346 2279 416 qui
2308 362 2412 403 non
2442 359 2567 403 sunt
2591 350 2768 405 affecti
2797 351 3074 406 beneﬂcio.
3106 355 3184 409 Ac
3230 358 3368 414 sicut
3411 361 3446 414 ii
3473 364 3564 433 qui
3596 383 3703 424 non

2119 444 2245 489 sunt
2273 438 2466 507 injuria
2512 440 2710 505 affecti,
2739 442 3031 498 condolent
3066 444 3132 499 iis
3176 448 3265 515 qui
3293 449 3485 519 injuria
3525 455 3704 519 affecti

2117 537 2264 590 sunt.
2295 541 2348 584 et
2374 545 2688 588 communes
2713 533 2898 590 hostes
2927 534 3060 590 fiunt
3087 553 3102 591 :
3136 538 3207 593 ita
3233 540 3394 598 etiam
3434 543 3705 608 beneﬂcio

2117 618 2326 712 allectis
2346 622 2645 693 junguntur
2672 626 2705 679 ii
2729 627 2818 694 qui
2850 627 3168 684 beneficium
3198 645 3305 686 non
3339 648 3702 712 acceperunt,

2115 723 2179 763 ac
2223 710 2541 769 beneﬁcium
2569 728 2674 768 una
2722 715 2943 771 laudant
2984 726 3039 772 et
3065 719 3346 778 mirantur.
3374 724 3491 781 illic
3530 710 3699 787 multa

2113 809 2195 854 est
2223 800 2422 857 invidia
2445 844 2459 867 ,
2486 804 2573 859 hic
2611 814 2790 861 autem
2838 807 3000 863 multa
3026 810 3231 878 geritur
3270 827 3398 868 cura
3419 857 3434 882 ,
3464 827 3518 873 et
3559 820 3697 878 bene

2114 902 2402 959 precantur
2416 909 2624 951 omnes.
2647 897 2712 950 Et
2736 898 2788 951 in
2816 896 2919 954 hoc
2944 901 3145 956 smculo
3173 917 3262 959 res
3283 904 3354 959 ita
3377 921 3438 963 se
3460 908 3690 971 habent:

2113 982 2217 1037 illic
2232 995 2411 1038 autem
2439 1001 2559 1040 cum
2579 986 2824 1043 Christus
2848 989 3144 1059 advenerit,
3171 993 3258 1048 hic
3281 997 3497 1065 quidem
3523 1005 3690 1063 stabit

2108 1086 2226 1126 cum
2259 1089 2447 1145 magna
2471 1075 2687 1141 ﬁducia,
2711 1087 2766 1132 et
2790 1079 2971 1136 audiet
2998 1092 3261 1150 praesente
3288 1094 3399 1143 toto
3429 1090 3559 1144 orbe
3582 1102 3691 1160 ter,
3734 1134 3735 1137 η

2109 1177 2287 1216 rarum
2310 1205 2326 1228 ,
2358 1164 2679 1220 Esurientem
2706 1183 2787 1222 me
2825 1168 2994 1225 vidisti
3017 1210 3032 1234 ,
3061 1180 3108 1223 et
3130 1174 3383 1234 enutriisti
3404 1191 3427 1240 ,'
3449 1180 3645 1239 nudum
3667 1225 3688 1250 ,

2104 1261 2152 1304 et
2192 1253 2447 1319 induisti;
2486 1257 2765 1327 hospitem,
2811 1267 2859 1314 et
2903 1260 3123 1327 hospitio
3168 1266 3410 1336 excepisti
3450 1270 3680 1339 (Matth.

2104 1341 2325 1414 25.55),
2355 1354 2410 1400 et
2437 1361 2558 1416 qua:
2599 1358 2724 1404 sunt
2762 1349 3065 1420 hujusmodi
3098 1370 3112 1402 :
3141 1354 3234 1411 ilic
3276 1368 3453 1415 autem
3494 1376 3679 1427 contra

2103 1434 2320 1501 audiet,
2354 1436 2507 1491 Serve
2556 1440 2692 1493 male
2741 1451 2789 1495 et
2831 1442 3056 1512 ignave;
3086 1453 3140 1499 et
3182 1462 3367 1504 rursus
3391 1492 3408 1515 ,
3467 1452 3556 1509 γω
3595 1461 3683 1526 qui

2100 1524 2320 1580 molliter
2347 1527 2647 1583 deﬁciuntur
2665 1532 2717 1584 in
2745 1533 2989 1589 cubilibus
3015 1537 3141 1601 suis,
3167 1547 3215 1593 et
3238 1542 3324 1610 qui
3351 1524 3615 1603 dormiunt
3625 1553 3679 1611 in

2098 1615 2502 1711 lectis-eburneis,
2518 1621 2604 1690 qui
2617 1621 2791 1676 bibunt
2800 1624 2969 1678 vinum
2983 1626 3281 1695 defwcatum
3306 1630 3503 1705 (Amos.
3519 1639 3574 1694 6.
3595 1639 3675 1711 4);

2098 1715 2152 1759 et
2176 1707 2452 1773 primariis
2498 1713 2786 1782 unguentis
2816 1717 2966 1771 uncti
3013 1716 3128 1774 haac
3168 1729 3437 1793 tamquam
3477 1707 3676 1791 stantia

2096 1805 2444 1865 repulerunt,
2475 1810 2531 1855 et
2558 1818 2662 1856 non
2693 1812 2962 1874 tamquam
2994 1807 3269 1879 fugientia.
3303 1813 3429 1871 Haec
3457 1831 3488 1872 a
3517 1822 3676 1883 nobis

2097 1901 2201 1940 non
2231 1896 2435 1944 temere
2463 1888 2605 1944 dicta
2635 1900 2759 1946 sunt
2779 1934 2795 1959 ,
2822 1895 2915 1949 sed
2943 1906 3002 1951 ut
3027 1907 3261 1956 vestram
3288 1914 3527 1962 mentem
3571 1910 3676 1966 im-

2093 1986 2317 2045 mutem,
2340 1987 2394 2033 et
2418 1995 2513 2035 vos
2537 1982 2669 2037 nihil
2698 1983 2906 2041 faciatis
2929 1989 3070 2058 quod
3088 2006 3192 2045 non
3225 1993 3433 2052 lucrum
3461 1999 3669 2059 aderat.

2090 2069 2225 2137 Quid
2259 2085 2404 2138 vero,
2433 2071 2627 2143 inquit,
2658 2075 2704 2129 si
2729 2085 2784 2130 et
2807 2075 2921 2132 haec
2941 2087 2993 2134 et
3017 2080 3107 2135 illa
3133 2082 3304 2139 facio?
3332 2085 3444 2143 lioc
3475 2092 3668 2159 passim

2089 2167 2171 2215 est
2200 2161 2254 2215 in
2281 2163 2662 2252 oreomnium.
2695 2164 2763 2220 Et
2789 2166 2941 2236 quid,
2965 2169 3281 2240 dic.quaaso,
3312 2191 3544 2236 necesse
3562 2192 3661 2252 est,

2088 2264 2211 2305 cum
2250 2251 2427 2305 omnia
2485 2252 2645 2307 liceat
2689 2254 2865 2310 facere
2895 2256 3131 2326 utiliter,
3158 2260 3405 2321 dividere
3426 2309 3442 2333 ,
3471 2276 3527 2323 et
3561 2251 3664 2325 alia

2084 2339 2297 2409 quidem
2321 2356 2425 2396 non
2449 2341 2621 2396 solum
2647 2343 2714 2398 ad
2746 2344 2971 2410 inutilia,
3004 2348 3099 2403 sed
3131 2351 3293 2407 etiam
3314 2362 3516 2413 temere
3531 2374 3663 2415 cons

2083 2443 2334 2497 sumere;
2367 2431 2470 2487 alia
2505 2440 2685 2488 autem
2715 2435 2955 2491 utiliter?
2986 2437 3079 2493 Die
3106 2440 3237 2495 mihi
3258 2483 3274 2509 ,
3305 2444 3352 2497 si
3392 2448 3663 2506 seminans

2082 2520 2182 2574 alia
2208 2521 2423 2591 quidem
2447 2524 2654 2592 iaceres
2680 2539 2839 2594 supra
2868 2535 3092 2597 petram,
3117 2529 3219 2584 alia
3247 2542 3424 2589 autem
3453 2536 3505 2591 in
3547 2547 3659 2595 ter-.-

2081 2625 2195 2666 ram
2224 2612 2501 2680 optimam,
2533 2613 2706 2670 hocne
2728 2616 2820 2670 tibi
2851 2616 3144 2687 sufficeret,
3168 2631 3223 2675 et
3249 2621 3457 2680 diceres
3480 2644 3497 2681 :
3518 2626 3656 2694 Quid

2079 2699 2253 2764 obest,
2283 2701 2326 2755 si
2358 2702 2458 2755 alia
2488 2703 2700 2771 quidem
2733 2712 2954 2772 temere,
2980 2707 3079 2760 alia
3106 2724 3235 2763 vero
3261 2711 3312 2764 in
3341 2719 3531 2767 terram
3554 2730 3655 2784 op-

2079 2788 2259 2843 timam
2285 2789 2618 2860 jecerimus?
2644 2793 2776 2847 Nam
2813 2810 2911 2849 cur
2932 2811 3038 2850 non
3064 2800 3245 2853 omnia
3271 2801 3320 2854 in
3356 2803 3609 2871 optimam
3626 2807 3653 2861 ?

2076 2891 2174 2932 our
2200 2879 2405 2933 lucrum
2436 2880 2673 2935 minuis?
2704 2883 2769 2953 Et
2794 2885 2835 2937 si
2867 2887 3121 2953 pecunias
3151 2889 3367 2958 quidem
3409 2903 3656 2963 oporteat

2074 2981 2401 3058 congerere,
2449 2987 2557 3027 non
2608 2972 2713 3028 hoc
2756 2974 2937 3040 dices,
2984 2978 3077 3033 sed
3108 2981 3346 3052 undique
3374 2988 3650 3058 congeris;

2075 3056 2186 3112 illic
2215 3069 2394 3115 autem
2443 3077 2549 3115 non
2578 3064 2657 3117 sic
2689 3080 2702 3118 :
2734 3073 2789 3118 et
2838 3065 2883 3120 si
2929 3065 3184 3123 ftenerari
3215 3056 3501 3140 oporteat,
3545 3092 3649 3132 non

2072 3148 2238 3215 dices,
2268 3151 2376 3205 Cur
2394 3151 2526 3215 alias
2555 3154 2767 3222 quidem
2798 3159 3143 3225 pauperibus,
3179 3162 3311 3217 alias
3344 3180 3472 3219 vero
3497 3166 3651 3223 dabi-

2072 3252 2191 3292 mus
2217 3239 2509 3305 divitibus;
2538 3242 2633 3296 sed
2661 3244 2767 3297 illis
2796 3260 2985 3300 omnes
3012 3265 3026 3300 :
3059 3248 3145 3302 hic
3181 3259 3359 3304 autem
3379 3290 3396 3318 ,
3441 3253 3527 3307 ubi
3560 3266 3647 3309 est

2073 3331 2524 3397 tantumlucrum,
2553 3347 2648 3386 cur
2668 3333 2769 3388 hoc
2792 3350 2897 3389 non
2928 3344 3158 3405 reputas,
3190 3352 3288 3392 nec
3307 3354 3488 3395 cessas
3519 3351 3641 3399 tam

2069 3418 2191 3477 dem
2247 3430 2447 3475 temere
2498 3422 2805 3492 impendere
2857 3434 2914 3479 et
2959 3427 3313 3481 consumere?
3340 3432 3410 3483 At
3438 3430 3637 3498 habet,

2070 3509 2245 3579 inquis
2264 3551 2279 3574 ,
2314 3510 2414 3565 hoc
2456 3526 2666 3585 quoque
2698 3512 2924 3568 lucrum.
2954 3514 3272 3584 Quodnam?
3295 3517 3594 3588 dic,qu.eso
3620 3560 3635 3587 τ

2069 3601 2342 3655 Amicitias
2369 3612 2547 3671 auget.
2571 3602 2715 3657 Nihil
2742 3615 2824 3659 est
2863 3606 3104 3674 frigidius
3134 3606 3437 3663 hominibus
3458 3611 3547 3679 qui
3575 3629 3643 3677 ex

2068 3689 2152 3745 his
2178 3690 2310 3745 ﬁunt
2337 3693 2514 3758 amici,
2548 3708 2614 3747 ex
2645 3710 2826 3749 mensa
2857 3705 2910 3749 et
2936 3696 3218 3755 saturitate
3256 3702 3639 3770 parasitorum;

2062 3780 2197 3835 nihil
2227 3783 2486 3861 ingratius
2504 3785 2733 3839 amicitia
2762 3785 2887 3841 hinc
2914 3796 3051 3841 orta.
3071 3787 3147 3843 Ne
3175 3792 3497 3849 contumelia
3517 3793 3645 3848 atl‘e—

2065 3874 2203 3928 eeris
2230 3888 2340 3928 rem
2371 3873 2506 3928 adeo
2521 3874 2909 3943 admirabilem,
2932 3891 3125 3946 nempe
3138 3880 3448 3937 caritatem:
3474 3898 3642 3952 neque

2065 3963 2266 4018 dixeris
2294 3963 2432 4019 hanc
2457 3979 2580 4018 esse
2608 3965 2724 4034 ejus
2764 3966 3020 4022 radicem.
3056 3967 3123 4023 Ut
3148 3970 3191 4021 si
3218 3970 3426 4027 arboris
3454 3987 3638 4033 aurum

2067 4054 2289 4108 ferentis
2327 4062 2381 4107 et
2423 4054 2627 4123 lapides
2671 4055 2970 4123 pretiosos,
3002 4056 3235 4112 radicem
3284 4074 3390 4113 non
3439 4059 3642 4116 diceret

2064 4143 2327 4212 qttiSpiam
2355 4158 2477 4201 esse
2508 4145 2688 4211 talem,
2718 4146 2809 4203 sed
2840 4146 2985 4200 nasci
3011 4161 3079 4200 ex
3104 4149 3385 4216 putredine
3412 4168 3426 4205 :
3453 4151 3553 4204 hoc
3582 4161 3638 4215 tu

2062 4246 2274 4307 quoque
2306 4233 2433 4286 lacis
2461 4250 2474 4285 :
2507 4249 2627 4291 nam
2656 4235 2699 4288 si
2722 4233 2847 4295 hinc
2880 4244 3002 4289 nata
3034 4238 3195 4291 fuerit
3217 4240 3472 4300 amicitia,
3507 4240 3638 4298 nihil

2061 4337 2122 4379 ea
2152 4322 2309 4378 fuerit
2333 4323 2594 4393 frigidius.
2627 4324 2732 4379 Sed
2760 4325 2865 4380 illa:
2908 4340 3109 4387 mensa:
3138 4327 3427 4385 conciliant
3451 4329 3637 4392 amici-

2064 4415 2189 4467 tiam
2215 4456 2231 4480 ,
2261 4429 2365 4469 non
2394 4415 2534 4483 apud
2561 4413 2806 4473 homines
2832 4456 2847 4479 ,
2886 4415 2981 4473 sed
3008 4416 3148 4485 apud
3181 4418 3344 4471 Deum
3370 4480 3375 4484 _
3410 4432 3639 4486 eamque

2060 4504 2403 4573 uniformem,
2430 4519 2552 4559 cum
2585 4519 2784 4560 mensae
2815 4503 3012 4559 fuerint
3035 4504 3333 4562 uniforntes
3382 4505 3517 4562 Nam
3547 4508 3638 4578 qui

2058 4596 2161 4650 alia
2189 4597 2401 4666 quidem
2453 4598 2573 4663 hic,
2603 4599 2706 4652 alia
2760 4613 2890 4654 vero
2936 4599 3046 4656 illic
3091 4602 3392 4667 consumit,
3424 4601 3634 4655 etiamsi

2056 4687 2223 4741 multa
2251 4688 2477 4751 dederit,
2511 4688 2641 4742 nihil
2662 4704 2909 4758 magnum
2938 4689 3061 4744 facit
3087 4708 3099 4741 :
3124 4692 3217 4760 qui
3245 4699 3422 4747 autem
3456 4692 3637 4746 omnia

2056 4778 2144 4835 hic
2189 4780 2457 4833 consumit
2479 4818 2494 4845 ,
2527 4780 2738 4835 etiamsi
2772 4795 2938 4849 pauca
2983 4780 3223 4846 dederit,
3257 4790 3424 4835 totum
3450 4779 3635 4837 efﬂcit.

2052 4867 2184 4921 Nam
2214 4868 2355 4937 quod
2384 4870 2676 4938 qumritur,
2709 4884 2817 4925 uon
2866 4878 2983 4936 est,
3017 4870 3262 4929 multane
3309 4870 3521 4926 dederit
3568 4885 3636 4932 an

2053 4972 2256 5028 pauca;
2287 4958 2381 5013 sed
2411 4975 2477 5012 an
2512 4976 2618 5013 non
2650 4962 2826 5015 minus
2867 4975 3026 5029 quam
3057 4960 3201 5016 ferre
3229 4960 3439 5031 possint
3466 4962 3633 5017 vires.

2053 5050 2358 5117 Cogitemus
2399 5065 2524 5105 eum
2576 5052 2666 5119 qui
2708 5052 2942 5121 quinque
2983 5052 3214 5109 lucratus
3244 5060 3326 5106 est
3357 5051 3553 5105 talenta
3580 5059 3638 5108 et

2052 5140 2139 5208 qui
2168 5139 2321 5192 duo:
2356 5139 2653 5210 cogitemus
2701 5155 2819 5195 eam
2868 5157 2989 5213 qua:
3033 5141 3169 5197 duos
3206 5141 3356 5195 misit
3400 5142 3632 5195 obolos:

2051 5231 2346 5299 cogitemus
2371 5231 2582 5285 viduam
2613 5246 2732 5300 qute
2760 5230 2862 5287 fuit
2902 5243 3141 5302 tempore
3171 5233 3321 5288 Eiize.
3354 5232 3467 5286 Non
3497 5231 3637 5287 dixit

2049 5322 2136 5377 illa
2162 5339 2279 5395 qua:
2308 5323 2443 5378 duos
2473 5325 2616 5380 misit
2635 5325 2822 5379 obolos
2844 5325 3009 5393 :Quid
3028 5325 3172 5383 enim
3193 5326 3369 5388 obest,
3394 5323 3439 5379 si
3467 5337 3632 5380 unum

2048 5413 2262 5481 quidem
2316 5414 2532 5468 ebolum
2581 5415 2721 5483 apud
2762 5430 2849 5469 me
2891 5415 3202 5482 retinuere,
3245 5429 3407 5475 unum
3450 5421 3632 5478 autem

2048 5504 2285 5560 dedero?
2311 5505 2404 5560 sed
2439 5514 2576 5561 totas
2625 5520 2751 5561 suas
2790 5506 2938 5561 dedit
2968 5494 3271 5563 facultates.
3301 5505 3379 5563 Tu
3405 5514 3585 5561 autem
3610 5544 3630 5579 ,

2048 5615 2167 5654 cum
2199 5608 2359 5653 tanta:
2410 5599 2501 5654 tibi
2529 5609 2813 5670 suppetant
2853 5601 3057 5671 capite,
3084 5614 3145 5655 es
3172 5600 3259 5657 illa
3290 5598 3520 5673 parcior.
3549 5597 3633 5659 Ne
