4026 6148
387 242 486 296 307

387 355 553 423 γητὸς
585 346 657 416 εἴ,
690 349 884 423 Κύριε,
903 350 984 402 δτι
1007 348 1239 419 ἔθρεψάς
1263 365 1330 418 με
1356 351 1421 403 ὲκ
1446 351 1557 403 τῶν
1586 352 1809 419 ἀγαθῶν
1838 369 1955 414 σου,

390 445 455 496 σὺ
493 441 572 506 δὲ,
606 440 859 510 καθάπερ
903 456 987 503 τις
1037 439 1183 492 κύων
1228 440 1445 510 ἀτιμος,
1490 441 1610 495 οὐδὲ
1657 442 1959 513 μέμνησαι,

391 535 529 590 ἀλλά
555 534 684 609 τοὺς
715 531 975 602 δαίμονας
1017 530 1367 599 ἐπεισάγεις;
1416 531 1632 585 Μᾶλλον
1663 532 1720 586 δὲ
1775 535 1825 585 οί
1863 534 1963 604 μὲν

395 626 556 688 κύνες
616 623 869 685 λαϐόντες
938 624 1033 675 καὶ
1104 621 1179 695 μὴ
1235 624 1493 687 λαϐόντες
1550 624 1792 679 σαίνουσι
1838 627 1963 689 τοὺς

396 717 647 778 οίκείους,
680 716 745 767 σὺ
772 713 830 765 δὲ
862 713 979 766 οὐδὲ
1013 713 1193 769 τοῦτο.
1234 715 1293 768 '0
1321 715 1481 769 κύων·
1513 717 1609 769 καὶ
1639 717 1714 787 μὴ
1749 717 1962 786 λαμϐά-

398 821 503 857 νων
539 803 707 856 σαίνει
741 801 832 854 τὸν
855 803 1148 874 δεσπότην,
1188 806 1253 858 σὺ
1296 805 1354 858 δέ
1389 806 1481 859 καὶ
1503 804 1683 860 λαϐὼν
1712 806 1963 870 ὐλακτεῖς

396 896 514 946 κατ’
544 891 729 945 αὐτοῦ.
764 892 934 946 Πάλιν
963 895 992 945 ό
1019 894 1168 947 κύων
1199 896 1292 950 καὶ
1319 895 1779 967 εὐεργετούμενος
1810 896 1962 968 παρά

394 982 488 1034 τοῦ
512 981 818 1051 ἀλλοτρίου,
858 982 977 1035 οὐδέ
1019 983 1163 1039 οὕτω
1192 986 1451 1039 καταλύει
1498 990 1599 1056 τὴν
1634 989 1834 1059 ἔχθραν
1864 991 1962 1059 τὴν

393 1070 527 1141 πρὸς
558 1071 745 1137 αὐτὸν,
774 1071 893 1124 οὐδὲ
923 1074 1226 1127 ἐπισπᾶται
1258 1075 1394 1146 πρὸς
1430 1076 1611 1144 φιλίαν
1636 1093 1650 1107 ⁸
1695 1080 1757 1131 σὺ
1787 1079 1842 1131 δὲ
1873 1082 1964 1133 καὶ

394 1162 558 1231 μυρία
580 1162 808 1231 πάσχων
839 1163 985 1215 κακά
1010 1165 1162 1234 παρὰ
1187 1165 1294 1217 τῶν
1326 1165 1618 1236 δαιμόνων,
1647 1168 1733 1219 ἐπ’
1767 1168 1963 1240 ἄριστα

390 1251 590 1314 αὐτοὺς
618 1252 863 1320 εἰσάγεις
888 1268 902 1282 ο
937 1251 1077 1308 ὥστε
1119 1254 1279 1323 διπλῇ
1322 1254 1417 1310 τοῦ
1452 1258 1614 1320 κυνὸς
1658 1255 1709 1310 εί
1742 1259 1959 1328 χείρων.

392 1341 589 1404 Καλῶς
616 1341 674 1395 δὲ
708 1341 1054 1413 ἀνεμνήσθην
1076 1343 1173 1397 νῦν
1200 1344 1309 1395 τῶν
1328 1344 1505 1398 κυνῶν
1534 1346 1671 1415 πρὸς
1694 1348 1817 1409 τοὺς
1843 1347 1963 1401 τότε

397 1432 556 1501 μόνον
578 1433 1057 1504 εὐχαριστοῦντας,
1076 1435 1203 1488 ὅταν
1228 1431 1287 1487 εὖ
1317 1438 1618 1505 πάσχωσιν.
1643 1436 1960 1505 Δίδέσθητε,

395 1523 720 1592 παρακαλῶ,
749 1525 878 1588 τοὺς
908 1524 1099 1590 κύνας,
1139 1527 1191 1582 οῖ
1220 1528 1317 1581 καὶ
1336 1527 1698 1598 λιμώττοντες
1721 1530 1964 1582 σαίνουσι

392 1611 521 1674 τοὺς
557 1612 822 1677 δεσπότας
845 1630 858 1645 ο
880 1616 945 1668 σὺ
968 1616 1025 1669 δὲ
1052 1616 1120 1670 ἂν
1151 1617 1414 1692 ἀκούσῃς,
1439 1620 1522 1672 ὅτι
1547 1621 1576 1671 ὁ
1602 1618 1813 1689 δαίμων
1840 1620 1964 1675 τινὰ

394 1702 784 1773 ἐθεράπευσεν,
824 1706 991 1777 ἀφίης
1022 1706 1225 1770 εὐθέως
1270 1709 1361 1761 τὸν
1393 1709 1691 1778 Δεσπότην,
1715 1703 1761 1761 ὦ
1788 1710 1965 1762 κυνῶν

393 1793 721 1865 ἁλογὼτερε.
769 1797 910 1851 ’Δλλ⁹
953 1801 1010 1853 αί
1045 1800 1260 1871 πόρναι,
1299 1801 1485 1870 φησὶν,
1526 1800 1720 1871 ήδονήν
1753 1801 1965 1871 ἔχουσιν

394 1881 687 1952 ὁρώμεναι.
745 1885 913 1939 Ποίαν
955 1888 1185 1959 ήδονήν;
1235 1889 1396 1941 ποίαν
1447 1888 1507 1941 δὲ
1557 1889 1660 1942 οὐκ
1706 1890 1962 1958 ἀτιμίαν;

397 1972 652 2041 Πορνεῖον
685 1973 876 2042 γέγονέ
902 1991 994 2027 σου
1021 1976 1055 2045 ἡ
1079 1977 1244 2041 οίκία,
1277 1977 1442 2046 μανία
1473 1977 1568 2031 καὶ
1595 1974 1808 2049 οῐστρος
1826 1996 1841 2012 ’
1872 1980 1967 2033 καὶ

392 2060 497 2111 οὐκ
526 2061 756 2131 αἰσχύνῃ
795 2063 966 2115 ταῦτα
994 2065 1188 2136 ἡδονὴν
1218 2066 1435 2133 καλῶν;
1479 2069 1578 2121 Ἂν
1614 2069 1714 2138 μὲν
1743 2066 1837 2123 οὖν
1868 2071 1963 2141 ἐξῇ

396 2149 710 2218 χρήσασθαι
740 2152 888 2223 πάσῃ
929 2154 1114 2225 ἡδονῇ,
1151 2156 1351 2225 μείζων
1385 2159 1419 2228 η
1454 2158 1685 2230 αἰσχύνη
1716 2161 1812 2214 καὶ
1844 2163 1874 2230 ἡ
1904 2164 1968 2214 ἐκ

394 2240 604 2309 ταύτης
650 2242 830 2313 ἀηδία.
872 2243 995 2308 Πῶς
1026 2245 1147 2309 δαίς
1180 2248 1254 2300 Οὐ
1283 2248 1519 2319 χαλεπὸν
1560 2248 1622 2303 τὸ
1664 2251 1764 2320 τὴν
1794 2252 1968 2308 οἰκίαν

395 2333 651 2400 πορνεῖον
711 2335 926 2397 ποιεῖν,
986 2334 1079 2386 καὶ
1124 2335 1345 2404 ἥδεσθαι
1399 2337 1651 2411 καθάπερ
1694 2341 1909 2412 χοίρους
1940 2355 1966 2385 ﬁ

391 2419 914 2491 ἐγκαλινδουμένους
946 2423 1226 2495 βορϐόρῳς
1263 2428 1362 2480 Ἂν
1384 2427 1440 2480 δὲ
1473 2428 1635 2503 μέχρι
1660 2430 1752 2483 τοῦ
1786 2432 1964 2501 φανῆ-

389 2522 487 2561 ναι
522 2507 704 2575 μόνον,
760 2510 868 2562 ἰδοὺ
904 2511 1067 2566 πάλιν
1114 2513 1272 2584 ὀδύνη
1316 2515 1516 2584 μείζων
1543 2532 1557 2548 ο
1608 2519 1640 2589 ή
1686 2519 1794 2590 γὰρ
1845 2520 1968 2589 δψις

384 2594 494 2663 οὐχ
524 2594 704 2665 ἡδονὴ,
736 2596 864 2650 ὅταν
895 2599 928 2667 ή
961 2598 1155 2670 χρῆσις
1191 2600 1264 2671 μὴ
1294 2596 1349 2674 ᾖ,
1381 2603 1517 2655 ἀλλά
1554 2605 1649 2658 καὶ
1697 2606 1900 2675 μείζων
1933 2609 1966 2677 ἡ

384 2679 698 2750 ἐπιθυμία,
735 2683 828 2736 καὶ
861 2684 1198 2757 σφοδροτέρα
1235 2689 1267 2758 ή
1313 2690 1463 2757 φλόξ.
1515 2691 1674 2745 ’Λλλά
1722 2694 1783 2746 τὸ
1812 2695 1967 2758 τέλος

388 2768 573 2837 βούλει
617 2772 850 2842 μαθεῖνς
903 2775 967 2827 Ol
1019 2774 1119 2845 μὲν
1165 2780 1276 2840 τοῖς
1320 2780 1668 2849 μαινομένοις
1719 2783 1814 2836 καί⁵
1852 2786 1965 2847 τοῖς

390 2859 747 2929 παραπλῆξιν
778 2864 1020 2917 ἐοίκασιν
1040 2866 1147 2920 ἀπὸ
1166 2866 1265 2935 τῆς
1289 2869 1567 2939 τραπέζης
1591 2871 1964 2942 ἀνιστάμενοι,

392 2946 645 3017 θρασεῖς.
690 2950 917 3020 ὀργίλοι,
958 2957 1351 3023 καταγέλαστοι
1405 2962 1644 3025 καὶτοῖς
1696 2965 1967 3034 ἀνδραπό-

391 3036 508 3100 δοις
532 3054 547 3069 ·
579 3039 674 3091 καὶ
705 3042 753 3095 οί
779 3043 876 3112 μὲν
905 3046 1111 3103 οἰκέται
1136 3048 1480 3120 ἀναχωροῦσι
1510 3054 1791 3123 νήφοντες,
1819 3049 1964 3108 οῦτοι

389 3125 453 3178 δὲ
480 3126 797 3197 μεθύοντες.
844 3132 907 3183 Ὦ
940 3134 1039 3202 τῆς
1083 3135 1389 3206 αἰσχύνηςί
1440 3138 1587 3192 Ἐκεῖ
1625 3141 1683 3195 δέ
1725 3143 1965 3198 τοιοῦτον

388 3216 569 3282 οὐδὲν,
588 3218 703 3272 ἀλλ’
723 3220 1044 3297 εὐχαριστίᾳ
1062 3226 1160 3297 τὴν
1183 3228 1458 3298 τράπεζαν
1484 3232 1965 3297 κατακλείσαντες,

389 3305 570 3370 οὕτως
617 3309 990 3382 ἀναχωροῦσιν
1032 3314 1235 3380 οίκαδε,
1281 3318 1533 3391 ⁴ήδόμενοι
1588 3321 1962 3387 καθεύδοντες,

391 3394 644 3464 ἡδόμενοι
664 3399 1024 3471 ἐγειρόμενοι,
1059 3404 1239 3476 πάσης
1268 3408 1527 3479 αἰσχύνης
1560 3411 1966 3484 ἀπηλλαγμένοι

392 3486 492 3537 καὶ
513 3488 868 3558 κατηγορίας.

465 3571 618 3645 1551]
659 3583 734 3641 ς’.
766 3578 830 3630 El
856 3578 1037 3648 βούλει
1075 3583 1169 3635 καὶ
1202 3584 1400 3649 αὐτοὺς
1441 3588 1567 3650 τοὺς
1601 3589 1967 3659 κεκλημένους

398 3661 556 3750 ἰδεῖν,
579 3664 697 3733 ῦψει
720 3667 936 3734 τούτους
970 3671 1069 3740 μὲν
1106 3675 1379 3738 τοιούτους
1406 3676 1593 3741 ὄνταςο
1633 3679 1800 3745 ἔνδον,
1831 3682 1968 3750 ὅπερ

391 3742 549 3806 οὗτοι
570 3753 675 3821 ἔξω
694 3796 709 3821 ,
726 3759 978 3825 τυφλοὺς,
997 3763 1330 3836 ἀναπήρους,
1350 3767 1555 3837 χωλούς
1574 3785 1587 3798 ο
1616 3772 1709 3823 καὶ
1728 3742 1815 3823 οἷα
1846 3742 1968 3823 1:06-

392 3857 509 3893 των
540 3842 608 3895 τὰ
641 3844 890 3915 σώματα,
933 3852 1177 3907 τοιαῦται
1219 3856 1444 3910 ἐκείνων
1477 3858 1533 3910 αί
1563 3858 1755 3928 ψυχαὶ,
1797 3859 1969 3930 ὑδέρῳ

394 3936 496 3986 καὶ
526 3935 802 4009 φλεγμονῇ
832 3942 1210 4011 κατεχόμεναι.
1244 3946 1495 3999 Τοιοῦτον
1514 3947 1621 4016 γάρ
1644 3949 1677 4020 ή
1702 3949 1928 4005 ἀπόνοια
1949 3967 1965 3982 ·

394 4026 541 4095 μετά
566 4029 674 4099 7&9
702 4030 802 4098 τὴν
827 4033 1037 4104 τρυφὴν
1065 4036 1313 4106 πήρωσις
1334 4036 1542 4103 γίνεται
1561 4051 1576 4066 ·
1597 4039 1838 4091 τοιοῦτον
1860 4041 1970 4111 γάρ

390 4115 426 4183 ἡ
445 4115 737 4189 πλησμονὴ
759 4120 851 4171 καὶ
872 4122 904 4190 ή
936 4121 1098 4192 μέθη,
1120 4124 1325 4192 χωλοὺς
1349 4127 1442 4178 καὶ
1463 4127 1693 4189 κυλλοὺς
1719 4128 1969 4190 ποιοῦσα.

391 4202 508 4287 Ιςαὶ
548 4204 665 4273 ὄψει
706 4207 800 4260 καὶ
844 4208 1069 4272 τούτους
1118 4211 1370 4274 τοιαύτας
1398 4213 1618 4283 ἔχοντας
1657 4217 1854 4287 ψυχὰς,
1883 4213 1970 4271 οἵα

389 4285 545 4345 οὗτοι
583 4295 653 4346 τὰ
677 4294 928 4365 σώματα,
961 4298 1243 4370 λαμπρὰς,
1282 4285 1833 4374 κεκοσμημέναςξνοί
1860 4309 1971 4377 γὰρ

392 4381 454 4433 ἐν
479 4382 805 4457 εὐχαριστίᾳ
826 4387 1047 4453 ζῶντες,
1073 4392 1121 4442 οἱ
1136 4392 1234 4462 τῆς
1258 4392 1588 4463 αὐταρκείας
1616 4397 1780 4466 μηδὲν
1808 4398 1970 4450 πλέον

394 4469 810 4559 ἐπιζητοῦντες,
839 4477 890 4528 οί
924 4477 1339 4551 φιλοσοφοῦντες
1365 4482 1535 4546 οὕτως
1563 4485 1701 4537 είσὶν
1734 4486 1791 4537 ἐν
1822 4488 1972 4559 πάσῃ

398 4558 744 4630 φαιδρότητι.
776 4563 1002 4634 Ἰδωμεν
1020 4567 1076 4621 δὲ
1100 4569 1193 4621 καὶ
1217 4570 1449 4625 ἐνταῦθα
1479 4573 1572 4626 καὶ
1593 4574 1782 4627 ἐκεῖτὸ
1796 4558 1970 4639 τέλος.

410 4648 570 4738 Ἐκεῖ
595 4650 694 4719 μὲν
722 4654 886 4725 ἡδονὴ
916 4658 1234 4722 ἀκόλαστος,
1263 4660 1432 4728 γέλως
1458 4665 1776 4734 κεχυμένος,
1810 4667 1969 4738 μέθη,

392 4737 757 4810 εὐτραπελία,
794 4746 1144 4817 αίσχρολογία
1169 4766 1182 4779 ⁸
1215 4752 1403 4822 ἐπειδὴ
1433 4753 1541 4823 γὰρ
1572 4756 1722 4806 αὐτοὶ
1761 4756 1974 4810 αἰδοῦν-

392 4844 490 4885 ται
525 4830 724 4902 αἰσχρὰ
752 4833 1107 4903 φθέγγεσθαι,
1145 4838 1233 4891 διὰ
1263 4840 1369 4890 τῶν
1407 4843 1619 4913 πορνῶν
1650 4844 1807 4896 τοῦτο
1831 4844 1975 4911 γίνε-

391 4933 515 5007 ται.
558 4920 819 4978 Ἐνταῦθα
864 4926 923 4982 δὲ
965 4929 1363 5002 φιλανθρωπία,
1405 4935 1701 5005 ἡμερότης.
1749 4935 1840 5007 Τῷ
1876 4936 1974 5005 μὲν

391 5002 495 5060 οὖν
543 5010 782 5075 ἐκξίνους
836 5016 1084 5072 καλοῦντι
1136 5023 1448 5093 παρέστηκε
1504 5024 1776 5089 κενοδοξία
1823 5026 1975 5078 ὁπλίς

394 5095 575 5161 ζουσα
604 5102 763 5157 αὐτόν
787 5120 802 5136 ο
832 5106 908 5177 τῷ
940 5108 997 5161 δὲ
1031 5112 1267 5166 ἐνταῦθα
1307 5115 1689 5186 φιλανθρωπία
1727 5117 1819 5168 καὶ
1848 5118 1978 5183 ήμε·

394 5189 590 5259 ρὸτης.
627 5191 874 5264 Ἑκείνην
907 5200 1005 5268 μὲν
1029 5202 1137 5273 γὰρ
1164 5204 1261 5274 τὴν
1288 5205 1564 5275 τράπεζαν
1599 5205 1977 5274 φιλανθρωπία
2018 5205 2025 5209 ’

382 5280 708 5350 συνίστησι,
740 5286 943 5356 ταύτην
972 5289 1030 5342 δὲ
1081 5295 1352 5359 κενοδοξία
1390 5297 1485 5348 καὶ
1525 5296 1745 5364 ὠμότης
1778 5295 1836 5360 ἐξ
1864 5295 1978 5347 ἀδι-

392 5371 526 5431 κίας
569 5372 665 5423 καὶ
715 5375 1047 5443 πλεονεξίας.
1108 5384 1351 5453 Κάκείνη
1402 5384 1501 5454 μὲν
1555 5385 1851 5454 καταλήγει
1900 5385 1980 5447 είς

458 5483 501 5552 1
515 5478 706 5552 Βθεῖιιξ
726 5483 796 5552 δίς
813 5483 985 5552 ὶιὼει,
1010 5487 1275 5552 χρήσασθαι
1294 5488 1469 5544 πάσαις
1506 5490 1693 5545 ἡδοναῖς
1713 5492 1742 5552 ἡ
1780 5489 1979 5550 αἰσχύνη

393 5543 593 5613 μείζων.
619 5543 746 5613 κιίΙή
778 5544 834 5590 ἐκ
859 5543 1215 5603 ταύτηξάηδία.
1260 5543 1484 5613 Πορνεῐον
1527 5543 1612 5606 τὴν
1637 5543 1789 5596 οἰκίαν
1833 5543 1982 5596 ποιεῖν

391 5602 615 5660 καθάπερ
635 5603 837 5663 χοίρους.

1313 235 1379 289 IN
1420 236 1638 292 EPIST.
1683 236 1772 293 AD
1811 236 2100 294 COLOSS.
2142 238 2295 299 CAP.
2327 239 2365 294 Ι.
2410 239 2643 293 IIOMIL.
2684 240 2724 294 Ι.

3524 248 3631 304 308

2073 353 2217 426 ἅπερ
2240 352 2414 419 εἷπον,
2449 356 2528 418 είς
2560 354 2841 418 ἀπὲνοιαν,
2869 353 2949 415 είς
2982 349 3260 416 ἔκστασιν,
3293 350 3369 414 είς
3401 356 3627 422 μανίαν·

2068 444 2289 515 τοιαύτη
2320 445 2429 512 7&9
2466 446 2500 515 ἠ
2541 444 2644 512 τῆς
2678 442 2978 507 κενοδοξίας
3014 441 3248 512 βλάστην
3295 440 3434 513 αῦτη
3468 442 3525 495 δέ
3554 444 3637 505 είς

2069 535 2420 605 εὐχαριστίαν
2447 531 2718 598 καὶδόξαν
2743 533 2898 586 Θεοῦ.
2923 534 3034 585 Καὶ
3060 535 3088 585 ὁ
3117 531 3335 596 ἔπαινος
3353 531 3410 586 δέ
3435 535 3464 586 ό
3486 539 3637 604 παρά

2069 624 2376 696 ἀνθρώπων
2406 624 2578 695 ταύτῃ
2609 624 2811 676 πλείων
2833 639 2846 652 ·
2879 623 3071 694 ἐκείνῳ
3108 623 3205 693 μὲν
3251 622 3360 695 γὰρ
3401 624 3495 677 καὶ
3525 623 3633 693 βα-

2072 711 2369 776 σκαίνουσι,
2395 710 2584 764 τοῦτον
2609 710 2666 763 δέ
2694 711 2770 773 ὡς
2791 710 2965 763 κοινὸν
2994 710 3207 780 πατέρα
3232 710 3429 775 πάντες
3455 709 3636 781 έχουσι

2070 803 2164 857 καὶ
2190 805 2239 857 οί
2272 803 2346 874 μὴ
2381 802 2647 864 παθόντες
2677 797 2758 854 εὖ.
2794 802 2903 855 Καὶ
2932 802 3186 874 καθάπερ
3204 803 3297 856 ἐπὶ
3323 804 3433 858 τῶν
3450 803 3637 873 ἠδικη-

2072 892 2248 963 μένων
2300 892 2394 945 καὶ
2437 893 2485 944 οί
2545 893 2708 962 μηδὲν
2762 892 3079 962 ἠδικημένοι
3132 893 3453 962 συναλγοῦσι
3474 931 3490 957 ,
3542 893 3637 945 καὶ

2069 986 2223 1054 κοινῇ
2263 983 2507 1051 γίνονται
2558 983 2757 1045 πάντες
2808 981 3032 1052 ἐχθροί’
3080 982 3222 1036 οὕτω
3255 985 3348 1037 καὶ
3390 984 3484 1037 ἐπὶ
3526 982 3638 1036 τῶν

2070 1074 2389 1143 πασχόντων
2438 1069 2498 1127 εὖ
2549 1073 2642 1129 καὶ
2672 1076 2719 1126 οἱ
2752 1074 2828 1142 μὴ
2875 1072 3139 1142 παθόντες
3188 1069 3270 1137 εὖ,
3316 1073 3567 1143 καθάπερ
3586 1072 3637 1123 οί

2069 1165 2351 1229 παθόντες,
2383 1163 2663 1221 ἐπαινοῦσι
2696 1165 2787 1217 καὶ
2803 1163 3140 1235 θαυμάζουσι
3168 1163 3258 1216 τὸν
3274 1164 3634 1232 πεποιηκότα.

2068 1254 2248 1307 Κάκεῖ
2288 1255 2384 1324 μὲν
2415 1254 2583 1316 πολὺς
2610 1257 2639 1307 ὁ
2667 1255 2878 1323 φθόνος,
2923 1252 3155 1308 ἐνταῦθα
3191 1252 3247 1304 δέ
3280 1252 3447 1320 πολλὴ
3474 1254 3508 1322 ἡ
3541 1270 3640 1322 κη-

2068 1344 2311 1413 δεμονία,
2348 1345 2542 1398 πολλαὶ
2587 1345 2736 1414 παρά
2784 1344 2999 1398 πάντων
3029 1343 3204 1413 εὐχαί.
3246 1343 3358 1396 Καὶ
3405 1342 3635 1395 ἐνταῦθα

2074 1435 2173 1503 μὲν
2208 1435 2383 1488 ταῦτα
2411 1453 2427 1467 ο
2478 1437 2595 1487 ἐκεῖ
2624 1435 2700 1497 δέ,
2731 1436 2859 1487 ὅταν
2897 1436 2925 1487 ὁ
2972 1418 3208 1502 Χριστός
3241 1432 3635 1502 παραγένηται,

2069 1512 2224 1582 οὗτος
2257 1520 2356 1589 μὲν
2414 1522 2671 1592 στήσεται
2727 1522 2865 1590 μετά
2909 1520 3108 1590 πολλῆς
3154 1520 3253 1589 τῆς
3302 1520 3636 1591 παρρησίας,

2070 1610 2166 1664 καὶ
2189 1610 2479 1664 ἀκούσεται
2504 1612 2598 1663 ἐπὶ
2621 1612 2799 1679 πάσης
2829 1612 2927 1680 τῆς
2956 1610 3306 1680 οἰκουμένης,
3338 1609 3641 1665 Πεινῶντά

2064 1716 2143 1770 με
2170 1697 2346 1766 εἶδες,
2397 1701 2498 1754 καί
2526 1700 2819 1768 ἔθρεψας*
2857 1701 3110 1769 γυμνὸν,
3164 1700 3259 1753 καὶ
3303 1700 3598 1765 ἐνέδυσας
3621 1717 3637 1733 ο

2072 1788 2271 1854 ξένον,
2306 1789 2406 1843 καί
2431 1789 2793 1857 συνήγαγες,
2830 1788 2927 1843 καί
2960 1789 3077 1842 ὅσα
3106 1788 3350 1842 τοιαῦτα
3375 1803 3388 1817 ’
3432 1789 3637 1851 ἐκεῖνος

2071 1882 2129 1935 δέ
2156 1882 2226 1935 τὰ
2253 1881 2470 1936 ἐναντία
2488 1881 2803 1944 ἀκούσεται,
2836 1880 3065 1949 Πονηρὲ
3081 1880 3265 1934 δοῦλε
3284 1881 3380 1933 καί
3400 1880 3638 1948 ὀκνηρέ·

2072 1974 2165 2029 καὶ
2199 1972 2382 2037 πάλιν,
2438 1971 2584 2026 Οὐαί
2634 1973 2688 2024 οἱ
2734 1968 3316 2036 κατασπαταλῶντες
3364 1969 3463 2023 ἐπὶ
3510 1969 3641 2035 ταῖς

2072 2061 2410 2131 στρωμναῖς
2442 2059 2660 2127 αὐτῶν,
2688 2061 2784 2115 καί
2805 2063 2859 2114 οι
2880 2060 3272 2127 καθεύδοντες
3295 2060 3392 2113 ἐπὶ
3418 2058 3641 2113 κλινῶν

2072 2151 2502 2221 ἐλεφαντίνων,
2524 2153 2577 2204 οί
2600 2151 2881 2216 πίνοντες
2900 2150 3006 2204 τόν
3033 2149 3427 2220 διυλισμένον
3449 2145 3639 2213 οἶνον,

2074 2247 2168 2299 καὶ
2200 2244 2275 2298 ,τά
2309 2243 2502 2315 πρῶτα
2540 2243 2687 2314 μύρα
2740 2243 3038 2314 χριόμενοι,
3095 2242 3171 2305 ὡς
3216 2241 3427 2295 ἑστῶτα
3463 2240 3639 2309 ἐλογί-

2077 2355 2259 2402 σαντο,
2302 2338 2396 2390 καὶ
2422 2336 2520 2405 οὐχ
2544 2337 2620 2398 ὡς
2645 2335 2932 2406 φεύγοντα.
2968 2334 3151 2388 Ταῦτα
3175 2336 3306 2404 ἡμῖν
3330 2333 3428 2403 οὐχ
3456 2332 3641 2394 ἀπλῶς

2075 2430 2309 2502 εἴρηται,
2341 2425 2456 2482 ἀλλ’
2506 2426 2647 2480 ὥστε
2700 2426 3010 2497 μεταθεῖναι
3060 2424 3214 2493 ὑμῶν
3261 2424 3359 2495 τὴν
3392 2422 3638 2492 γνώμην,

2074 2522 2167 2575 καὶ
2220 2519 2388 2590 μηδὲν
2416 2519 2559 2588 ὑμᾶς
2592 2517 2819 2588 ἀκερδὲς
2849 2518 3043 2569 ποιεῖν.
3089 2513 3154 2569 Τί
3191 2509 3305 2578 οὖν,
3351 2512 3507 2582 φησὶ,
3540 2513 3641 2564 κάν

2072 2612 2245 2665 ταῦτα
2272 2611 2497 2663 κάκεῖνα
2521 2607 2659 2665 ποιῶ
2678 2625 2693 2675 ;
2716 2606 2891 2670 Πολὺς
2914 2601 3067 2666 οὗτος
3090 2607 3118 2659 ό
3138 2604 3295 2672 λόγος
3312 2602 3463 2674 παρά
3485 2602 3638 2655 πᾶσι.

2075 2701 2187 2754 Καὶ
2221 2698 2350 2752 ποία
2378 2699 2617 2765 ἀνάγκη,
2653 2695 2773 2749 είπέ
2827 2712 2936 2764 μοι,
2970 2694 3089 2759 ἐξὸν
3138 2691 3315 2744 πάντα
3359 2687 3641 2760 χρησίμως

2075 2790 2269 2851 ποιεῖν,
2296 2787 2546 2856 διαιρεῖν,
2569 2786 2662 2837 καὶ
2696 2785 2761 2836 τὰ
2792 2783 2892 2851 μὲν
2939 2783 3012 2851 μὴ
3050 2781 3209 2851 μόνον
3232 2781 3310 2841 είς
3330 2777 3481 2831 οὐδὲν
3498 2776 3638 2839 δέον,Ι

2072 2877 2207 2931 ἀλλά
2254 2877 2350 2930 καὶ
2398 2875 2524 2944 είκῆ
2550 2874 2886 2937 ἀναλίσκειν,
2938 2872 3008 2925 τὰ
3059 2872 3117 2924 δέ
3151 2868 3469 2942 χρησίμως;
3504 2866 3639 2920 Είπέ

2078 2985 2190 3037 μοι,
2220 2969 2270 3019 εί
2303 2966 2539 3035 σπείρων
2566 2965 2637 3017 τὰ
2676 2965 2775 3034 μὲν
2798 2965 2877 3025 είς
2922 2960 3071 3035 [552]
3105 2964 3311 3029 πέτραν
3360 2959 3639 3029 ἐρριπτες,

2072 3057 2142 3111 τὰ
2172 3057 2229 3113 δὲ
2252 3058 2331 3119 είς
2358 3056 2459 3125 γῆν
2491 3055 2741 3125 ἀρίστην,
2770 3049 2880 3123 ἆρα
2909 3052 2973 3106 ἂν
3006 3049 3294 3121 ἀπέχρησέ
3330 3065 3412 3101 σοι
3458 3045 3638 3107 τοῦτο,

2074 3150 2169 3202 καὶ
2194 3144 2348 3210 εἶπες
2382 3148 2447 3202 ἀν
2469 3162 2482 3176 ’
2517 3147 2583 3203 Τί
2626 3146 2735 3214 γὰρ
2768 3145 3014 3215 βλάπτει,
3056 3142 3123 3195 ἂν
3169 3140 3240 3193 τά
3275 3138 3375 3208 μὲν
3404 3137 3550 3205 είκῆ,
3574 3135 3644 3196 τά

2073 3239 2130 3292 δὲ
2156 3239 2236 3301 είς
2266 3237 2498 3308 ἀρίστην
2530 3237 2633 3303 γῆν
2675 3233 2959 3303 ῥίψωμενς
2992 3231 3090 3282 Διά
3130 3228 3183 3281 τί
3216 3229 3324 3296 γὰρ
3355 3227 3432 3296 μὴ
3468 3227 3645 3279 πάντα

2072 3331 2153 3392 είς
2193 3329 2457 3397 ἀρίστην;
2500 3326 2589 3377 διὰ
2629 3325 2682 3375 τί
2716 3323 2777 3375 τὺ
2829 3322 3015 3389 κέρδος
3061 3319 3338 3382 ἐλαττοῖςς
3391 3315 3511 3369 Κᾶν
3548 3315 3647 3383 μὲν

2076 3418 2331 3487 συνάγειν
2360 3416 2469 3473 δέοι
2501 3413 2783 3482 χρήματα,
2820 3410 2919 3461 οὐκ
2952 3411 3096 3479 ἐρεῖς
3129 3406 3306 3470 τοῦτο,
3343 3404 3477 3456 ἀλλά
3506 3404 3645 3457 πάνη

2073 3505 2231 3567 τοθεν
2259 3504 2534 3570 συνάγεις,
2573 3503 2689 3553 ἐκεῖ
2731 3500 2788 3551 δὲ
2827 3499 3044 3559 οὐκέτ,ι⁶
3077 3495 3179 3549 κάν
3223 3494 3486 3557 δανείζειν
3508 3491 3642 3557 δέοι,

2073 3597 2173 3650 οὐκ
2213 3597 2359 3666 ἐρεῖ⁶
2408 3592 2507 3645 Διά
2540 3591 2593 3646 τί
2639 3591 2708 3643 τὰ
2755 3591 2851 3660 μὲν
2890 3591 3003 3651 τοῖς
3052 3588 3297 3659 ἀπόροις,
3327 3586 3396 3639 τά
3443 3584 3500 3637 δὲ
3529 3585 3645 3646 τοῖς

2076 3688 2333 3756 εὐπόροις
2378 3683 2642 3752 δώσομεν,
2695 3681 2831 3735 ἀλλὰ
2883 3681 3063 3734 πάντα
3107 3678 3375 3741 ἐκείνοις·
3411 3673 3643 3734 ἐνταῦθα

2076 3778 2152 3842 δὲ,
2201 3776 2333 3830 ἔνθα
2371 3774 2623 3827 τοσοῦτον
2671 3772 2882 3844 κέρδος,
2920 3771 3009 3825 διὰ
3040 3772 3093 3824 τί
3132 3772 3192 3824 οὐ
3248 3769 3437 3839 λογίζῃ
3465 3764 3645 3834 τοῦτο,

2076 3868 2170 3923 καὶ
2199 3865 2382 3936 παύσῃ
2403 3863 2535 3919 ποτέ
2563 3863 2657 3916 τοῦ
2685 3864 2804 3934 είκῇ
2839 3860 3177 3919 δαπανᾶσθαι
3197 3861 3289 3913 καὶ
3316 3860 3488 3929 μάτην
3516 3857 3648 3911 ἀναη,

2075 3960 2323 4024 λίωιεινς
2359 3956 2498 4008 Ἀλλ’
2546 3955 2659 4023 ἔχει
2693 3953 2789 4005 καὶ
2842 3953 2998 4005 τοῦτο
3027 3951 3236 4018 κέρδος.
3279 3949 3430 4018 φησί.
3463 3949 3643 4013 Ποῖον,

2077 4051 2198 4107 είπέ
2229 4068 2350 4121 μοι,
2377 4048 2487 4108 Τὰς
2512 4045 2693 4115 φιλίας
2721 4041 2895 4107 αῦξει.
2923 4041 3088 4092 Οὐδὲν
3118 4037 3418 4106 ἀνθρώπων
3443 4036 3645 4105 ψυχρό-

2076 4162 2232 4217 τερον
2264 4144 2372 4199 ἀπὸ
2396 4139 2598 4193 τούτων
2632 4134 2799 4205 φίλων
2828 4130 3146 4201 γινομένων,
3178 4127 3286 4187 ἀπὸ
3312 4126 3412 4194 τῆς
3439 4125 3644 4217 τραπὲν

2079 4215 2178 4307 ζης
2223 4235 2317 4289 καὶ
2367 4230 2685 4300 πλησμονῆς
2727 4225 2835 4279 τῶν
2876 4220 3192 4291 παρασίτων
3217 4235 3230 4251 ο
3271 4218 3422 4270 οὐδὲν
3465 4215 3648 4289 φιλίας

2078 4327 2401 4396 ἀηδέστερον
2448 4319 2695 4373 ἐντεῦθεν
2730 4317 2829 4384 τὴν
2882 4310 3054 4382 ἀρχὴν
3097 4307 3501 4379 λαμϐανούσης.
3552 4307 3645 4385 Μὴ

2081 4416 2308 4486 ὑϐρίσῃς
2359 4413 2590 4482 πρᾶγμα
2636 4407 2782 4461 οὕτω
2844 4401 3191 4471 θαυμαστὸν,
3247 4400 3344 4466 τὴν
3402 4399 3642 4486 ἀγάπην,

2084 4483 2218 4576 μηδέ
2252 4483 2464 4570 *ταύτην
2522 4497 2692 4566 αὐτῆς
2737 4490 2873 4547 εῖναι
2907 4491 3060 4562 ῥίζαν
3106 4488 3230 4558 φῄς.
3270 4487 3480 4576 ’Ὠσπερ
3500 4483 3646 4576 ἀνλεί

2080 4574 2162 4656 τις
2190 4591 2406 4661 δένδρου
2431 4587 2632 4658 χρυσὸν
2662 4584 2757 4637 καὶ
2785 4582 2965 4643 λίθους
3008 4579 3221 4648 τιμίους
3265 4575 3522 4646 φέροντος
3549 4574 3647 4642 τὴν

2084 4682 2236 4753 ῥίζαν
2266 4680 2384 4749 οὐχὶ
2405 4676 2658 4745 τοιαύτην
2684 4674 2865 4742 ἔλεγεν
2890 4667 3048 4735 εἶναι,
3070 4670 3184 4723 ἀλλ’
3215 4667 3323 4720 ἀπὸ
3354 4665 3648 4734 σηπεδόνος

2080 4770 2357 4831 τίκτεσθαι
2390 4785 2403 4798 ·
2455 4769 2613 4819 τοῦτο
2663 4765 2757 4818 καὶ
2804 4763 2868 4815 σὺ
2916 4764 3087 4823 ποιεῖς
3116 4777 3130 4795 ν
3173 4758 3276 4810 κᾶν
3325 4755 3433 4825 γὰρ
3484 4753 3647 4823 τεχθῇ

2083 4860 2234 4929 φιλία
2264 4857 2531 4921 ἐντεῦθεν,
2571 4855 2721 4908 οὐδὲν
2762 4852 2931 4921 αὐτῆς
2972 4849 3305 4919 ψυχρότερον
3336 4843 3528 4912 γένοιτ’
3561 4844 3647 4899 ἂν.

2095 4949 2237 5004 Ἀλλ’
2265 4950 2469 5002 ἐκεῖναι
2497 4943 2837 5016 αίτρὰπεζαι
2863 4940 3044 5009 φιλίαν
3071 4938 3337 4997 ποιοῦσιν,
3365 4933 3486 5002 οὐχὶ⁹
3516 4932 3651 5000 πρὸς

2085 5038 2426 5108 ἀνθρώπους,
2459 5038 2595 5091 ἀλλά
2628 5036 2762 5107 πρὸς
2793 5033 2883 5086 τὸν
2917 5031 3071 5094 Θεὸν,
3106 5030 3199 5082 καὶ
3226 5026 3646 5092 ἐπιτεταμένην,

2084 5138 2213 5189 ὅταν
2265 5133 2652 5201 ἐπιτεταμέναι
2686 5132 2968 5198 γίνωνται.
3033 5128 3090 5179 '0
3141 5126 3243 5194 μέν
3295 5123 3403 5191 7&9
3433 5122 3500 5175 τὰ
3552 5121 3649 5190 μὲν

2086 5224 2342 5286 ἐνταῦθα,
2381 5224 2451 5275 τά
2494 5222 2552 5275 δὲ
2585 5223 2702 5273 ἐκεῖ
2731 5218 3161 5280 καταναλίσκων,
3203 5215 3308 5267 κᾶν
3356 5213 3524 5266 πολλὰ
3554 5213 3649 5281 δῷ,

2086 5318 2236 5370 οὐδὲν
2274 5314 2416 5384 μέγα
2455 5312 2787 5379 πεποίηκεν·
2820 5310 2848 5360 ὀ
2878 5308 2934 5359 δέ
2980 5308 3157 5359 πάντα
3194 5303 3425 5358 ἐνταῦθα
3468 5304 3651 5356 ἀναλί‹

2088 5422 2254 5467 σκων,
2285 5402 2387 5456 κᾶν
2421 5400 2574 5467 ὀλίγα
2603 5395 2926 5468 δεδωκὼςῇ,
2974 5396 3033 5447 τδ
3077 5398 3185 5449 πᾶν
3234 5395 3546 5465 εἰργάσατο.
3581 5392 3653 5445 Τὺ

2088 5496 2196 5563 γὰρ
2230 5489 2557 5559 ζητούμενον
2612 5489 2730 5556 οὐχὶ
2768 5485 2939 5539 πολλὰ
2981 5485 3181 5548 δοῦναι,
3227 5485 3258 5553 ἢ
3310 5483 3485 5548 ὀλίγα,
3519 5481 3655 5539 ἀλλὰ

2091 5588 2187 5656 τῆς
2210 5581 2416 5641 οἰκείας
2450 5578 2724 5648 δυνάμεως
2769 5578 2841 5648 μὴ
2882 5576 3118 5633 ἔλαττον.
3155 5570 3452 5640 Ἐννοῶμεν
3475 5571 3563 5624 τὸν
3590 5571 3659 5623 τα
