4026 6148
423 251 526 308 δυυ

412 339 555 432 ergo
581 364 820 414 nostram
866 353 1193 426 negligamus
1223 353 1449 406 salutem
1467 394 1480 416 ,
1511 351 1604 406 sed
1631 348 2003 420 aggrediamur

424 452 847 520 eieemosynam.
871 446 1011 501 Nihil
1046 453 1126 500 est
1154 445 1296 498 enim
1327 459 1390 497 ca
1435 444 1624 498 melius
1655 451 1708 497 et
1737 449 2004 510 praestan-

425 541 530 594 tius
564 556 578 592 :
613 538 771 608 idque
791 537 1030 592 ostendet
1063 545 1271 603 tempus
1303 533 1564 598 futurum;
1595 531 1808 586 interim
1827 538 2005 584 autem

423 631 831 686 ostenditetiam
849 643 1106 699 prmsens.
1135 627 1214 680 Ad
1241 627 1332 680 Dei
1351 641 1479 695 ergo
1505 628 1745 678 vivamus
1761 622 2004 692 gloriam,

425 732 480 776 et
508 737 623 792 qua:
648 722 696 776 ci
729 722 936 790 placent
965 734 1025 774 ea
1051 733 1291 788 agamus,
1322 727 1380 771 ut
1400 716 1542 785 digni
1574 715 1863 768 habeamur
1885 726 2010 780 pro-

1311 238 1381 294 ἸΝ
1419 239 1639 295 EPIST.
1683 238 1774 294 AD
1805 236 2088 294 'COLOSS.
2131 234 2282 289 CAP.
2325 235 2366 292 ι.
2411 236 2640 293 ΙΙΟΜΠι.
2687 238 2750 293 Η.

3584 256 3691 310 5ῐο

2113 347 2289 402 missis
2320 348 2474 402 bonis
2505 367 2517 402 :
2549 365 2666 419 qua:
2709 349 2861 404 detur
2909 353 3060 410 nobis
3095 355 3351 412 'mnnibus
3397 367 3654 434 consequi
3679 409 3694 430 ,

2111 440 2280 506 gratia
2309 451 2356 493 et
2382 439 2709 510 benignitate
2739 442 2948 496 Domini
2975 449 3142 500 nostri
3172 447 3300 502 .Icsu
3341 451 3537 507 Christi
3559 496 3572 515 ,
3604 457 3697 510 cui

2112 529 2301 598 gloria,
2327 530 2628 599 imperium,
2653 532 2840 599 honos,
2865 551 3003 591 nunc
3026 547 3082 592 et
3101 553 3330 610 semper,
3354 551 3407 595 et
3427 542 3478 597 in
3501 545 3694 600 scccula

2115 619 2451 673 surculorum.
2481 623 2670 676 Amen.

2151 835 3695 878 Ἢ

1807 911 2152 980 HOMILIA
2197 912 2274 972 ll.

420 1073 555 1127 Car.
581 1071 629 1124 l.
665 1084 717 1122 v.
751 1069 804 1125 9.
834 1068 961 1124 Itleo
987 1077 1034 1124 et
1065 1085 1154 1122 nos
1185 1085 1246 1122 ea:
1289 1084 1388 1136 qua
1417 1067 1498 1120 die
1526 1065 1811 1117 audivimus
1845 1103 1857 1126 ,
1909 1075 2010 1113 non

490 1178 745 1216 cessamus
769 1177 858 1230 pro
887 1161 1024 1214 vobis
1050 1169 1270 1222 orantes,
1302 1168 1350 1211 et
1376 1157 1686 1227 postulantes
1714 1163 1766 1206 ut
1795 1152 2009 1220 implea-

490 1252 616 1304 κιἰηί
652 1251 908 1321 agnitione
938 1249 1206 1303 voluntatis
1235 1249 1344 1316 ejus
1370 1289 1384 1312 ,
1411 1247 1464 1299 in
1493 1245 1630 1298 omni
1668 1243 1916 1310 sapientia
1962 1251 2008 1292 ct

484 1343 746 1396 intellectu
768 1340 1023 1411 spirituali
1052 1355 1070 1392 :
1097 1338 1181 1393 lO.
1204 1347 1257 1390 ut
1274 1335 1535 1389 ambuletis
1564 1334 1716 1402 digne
1766 1331 1886 1395 Deo,
1914 1346 2002 1398 per

495 1431 667 1484 omnia
696 1430 945 1498 placentes
969 1470 984 1496 ,
1016 1428 1070 1481 in
1100 1427 1236 1481 omni
1261 1440 1408 1495 opere
1443 1423 1572 1477 bono
1597 1421 1959 1492 frttctiﬁcantes
1983 1460 1998 1484 ,

496 1530 540 1574 et
564 1530 840 1575 crescentes
872 1520 925 1573 in
964 1519 1174 1572 scientia
1202 1516 1315 1570 Dei.

497 1618 550 1672 Ι.
573 1615 724 1680 Ideo,
759 1613 961 1683 quare?
987 1612 1119 1677 Quia
1151 1609 1448 1665 audivimus
1483 1607 1642 1661 ﬁdem
1673 1612 1905 1660 vestram
1949 1609 2004 1655 et

415 1708 716 1763 caritatem.
747 1706 1006 1772 Quoniam
1038 1704 1231 1758 bonam
1261 1717 1412 1772 spem
1442 1699 1621 1765 habet,
1653 1699 1848 1754 bonam
1871 1709 2005 1765 quo-

419 1814 526 1868 que
546 1813 693 1866 spem
723 1797 998 1863 habemus,
1020 1803 1078 1849 ut
1097 1805 1151 1849 et
1178 1794 1245 1848 de
1265 1791 1456 1847 futuris
1481 1791 1829 1861 postulemus.
1853 1786 2003 1841 Sicut

423 1891 562 1944 enim
591 1890 644 1942 in
693 1889 1072 1944 certaminibus
1117 1888 1238 1941 illos
1287 1885 1518 1940 maxime
1556 1883 1880 1942 excitamus,
1912 1876 2000 1947 qui

413 1992 544 2034 sunt
574 1980 856 2050 propinqui
900 1979 1140 2034 victoria:
1172 1998 1184 2032 :
1217 1979 1286 2031 ita
1316 1977 1476 2032 etiam
1504 1974 1700 2029 Paulus
1744 1986 1838 2026 eos
1882 1985 1998 2024 ma-

421 2071 566 2124 xime
596 2073 870 2135 hortatur,
909 2070 997 2138 qui
1024 2084 1083 2122 se
1111 2067 1340 2134 amplius
1384 2075 1530 2120 recte
1574 2071 1876 2134 gesserunt.
1917 2059 2002 2113 Ea:

427 2178 528 2225 qua
562 2163 672 2224 die,
698 2161 906 2229 inquit,
948 2160 1268 2224 audivimus,
1299 2173 1401 2210 non
1443 2171 1694 2210 cessamus
1741 2169 1831 2223 pro
1864 2151 2000 2204 vobis

421 2261 646 2304 orantes.
669 2250 785 2303 Non
817 2265 978 2303 unum
1010 2248 1147 2302 diem
1181 2263 1276 2316 pro
1303 2245 1454 2300 vobis
1475 2259 1712 2310 oramus,
1741 2250 1834 2296 aut
1864 2241 1999 2297 duos

418 2350 514 2393 aut
548 2349 671 2394 tres.
701 2340 798 2393 Hic
845 2340 1002 2393 etiam
1032 2336 1264 2391 ostendit
1309 2335 1618 2401 caritatem,
1651 2344 1703 2388 et
1747 2331 1997 2402 paulatim

421 2433 722 2487 subindicat
774 2445 869 2484 eos
916 2428 1150 2483 nondum
1198 2427 1510 2496 pervenisse
1548 2425 1614 2479 ad
1658 2425 1814 2478 linem
1854 2422 1997 2477 :hoc

415 2525 584 2586 enim,
617 2522 683 2577 Ut
706 2519 1036 2591 impleamini,
1068 2519 1170 2573 hoc
1194 2517 1476 2587 signiﬁcat.
1505 2514 1633 2569 Vide
1654 2523 1836 2568 autem
1865 2511 1993 2566 milii

418 2615 574 2684 hujus
623 2613 764 2667 beati
816 2610 1157 2680 prudentiam
1201 2622 1507 2676 :nusquam
1554 2605 1684 2659 dicit
1741 2619 1833 2659 eos
1882 2611 1994 2656 toto

413 2723 532 2763 csse
564 2707 820 2777 privatos,
854 2703 946 2758 sed
971 2701 1164 2771 ubique
1189 2715 1284 2755 eos
1301 2700 1532 2755 deﬁcere
1563 2716 1577 2753 :
1605 2697 1708 2753 hoc
1732 2697 1994 2766 signiﬁcat

410 2799 565 2865 illud,
594 2797 660 2852 Ut
686 2795 1020 2866 impleamini.
1053 2794 1120 2847 Et
1144 2807 1348 2858 rursus,
1381 2791 1486 2845 Per
1509 2791 1678 2845 omnia
1706 2788 1986 2858 placentes,

405 2892 467 2942 in
508 2891 642 2942 omni
666 2903 817 2956 opere
846 2886 974 2940 bono
999 2902 1018 2949 ;
1044 2892 1099 2938 et
1128 2884 1348 2946 iterum,
1380 2881 1448 2934 In
1477 2882 1614 2934 omni
1650 2881 1832 2935 virtute
1869 2896 1992 2933 con-

415 2981 590 3047 fortati
614 2995 632 3042 ;
661 2988 716 3034 et
740 2992 944 3044 rursus,
977 2976 1043 3029 In
1071 2975 1208 3028 omni
1240 2974 1484 3043 patientia
1511 2981 1555 3026 et
1583 2974 1987 3042 longanimitate.

409 3071 545 3123 illud
574 3072 734 3134 enim,
772 3067 942 3134 Omni,
975 3075 1055 3121 est
1077 3067 1192 3136 ejus
1215 3065 1305 3136 qui
1337 3079 1436 3120 suo
1463 3064 1771 3119 testimonio
1792 3062 1989 3132 aliquid

407 3142 596 3216 tribuit
616 3162 678 3215 iis
700 3162 787 3230 qui
816 3175 873 3214 se
901 3169 1044 3214 recte
1069 3165 1284 3227 gerunt,
1311 3156 1518 3211 etiamsi
1547 3171 1652 3210 non
1675 3154 1984 3209 universim.

408 3253 482 3309 Ut
510 3252 838 3322 impleamini,
871 3251 1056 3319 inquit,
1080 3264 1208 3314 non,
1240 3247 1309 3302 Ut
1331 3246 1638 3317 accipiatis;
1666 3253 1989 3315 acceperunt

401 3347 584 3411 enim;
617 3345 712 3400 sed
753 3353 809 3398 ut
852 3341 1175 3412 impleamini
1199 3356 1264 3395 eo
1287 3338 1425 3410 quod
1451 3338 1602 3393 vobis
1632 3337 1802 3392 deest.
1826 3337 1898 3390 lta
1934 3347 1988 3390 et

404 3437 756 3509 reprehensio
783 3435 1014 3491 nonfuit
1057 3433 1255 3502 gravis,
1289 3445 1387 3486 nec
1427 3431 1554 3484 sinit
1579 3429 1881 3483 encomium
1930 3435 1986 3480 ut

400 3531 661 3598 tlcjieiant
686 3531 920 3582 animum
943 3568 957 3592 ,
991 3537 1045 3580 et
1093 3525 1381 3578 reddantur
1422 3521 1624 3591 supini,
1653 3536 1774 3575 cum
1826 3520 1982 3572 fuerit

409 3622 698 3689 integrum.
729 3619 864 3685 Quid
908 3627 990 3672 est
1028 3625 1242 3680 autem,
1279 3615 1345 3669 Ut
1372 3613 1680 3684 impleamini
1719 3612 1976 3681 agnitione

406 3712 680 3764 voluntatis
703 3710 852 3777 eius?
881 3709 932 3762 ld
963 3718 1074 3773 cst,
1107 3723 1201 3778 per
1230 3707 1420 3761 Filium
1450 3721 1545 3759 vos
1569 3705 1634 3758 ad
1685 3704 1854 3773 ipsum
1885 3701 1982 3755 ad-

407 3802 534 3855 duci
580 3809 826 3869 oportet,
859 3815 962 3853 non
1009 3801 1187 3867 utique
1234 3814 1330 3867 per
1357 3797 1596 3866 angelos.
1620 3797 1794 3864 Atque
1839 3791 1981 3862 quod

403 3902 650 3962 oporteat
684 3892 895 3961 quidem
917 3890 1125 3955 adduci,
1150 3891 1374 3944 novistis
1400 3908 1412 3943 :
1434 3896 1600 3944 restat
1625 3898 1802 3942 autem
1830 3885 1981 3940 vobis

403 3993 464 4036 ut
494 3986 598 4037 hoc
627 3981 865 4046 discatis,
899 3995 993 4035 cur
1019 3981 1224 4034 miserit
1249 3979 1459 4032 Filium.
1495 3977 1549 4032 Si
1580 3978 1720 4032 enim
1753 3991 1850 4046 per
1881 3990 1978 4027 an-

399 4077 550 4146 gelos
593 4089 693 4129 nos
722 4081 997 4143 oporteret
1039 4088 1162 4127 esse
1189 4072 1370 4126 salvos
1396 4112 1409 4134 ,
1455 4087 1562 4124 non
1611 4071 1844 4124 misisset
1883 4081 1981 4121 nec

399 4167 708 4220 tradidisset
737 4165 950 4218 Filium.
978 4162 1043 4217 In
1069 4164 1205 4217 omni
1232 4163 1502 4233 sapientia,
1528 4161 1732 4231 inquit,
1760 4170 1804 4213 et
1828 4159 1980 4212 intel-

398 4257 531 4310 lectu
564 4257 844 4326 spirituali.
881 4255 1012 4308 Nam
1037 4255 1287 4324 quoniam
1317 4255 1464 4320 ipsos
1499 4252 1834 4320 decipiebant
1865 4248 1980 4319 piti-

399 4348 629 4416 losophi.
659 4346 796 4401 Volo
823 4361 938 4411 vos,
965 4347 1155 4415 inquit,
1185 4360 1304 4399 esse
1336 4347 1386 4397 in
1412 4344 1668 4412 sapientia
1691 4340 1974 4410 spirituali,

401 4455 509 4492 non
555 4439 845 4491 secundum
895 4437 1211 4505 Sapientiam
1266 4435 1562 4489 hominum.
1603 4433 1656 4487 Si
1704 4442 1880 4486 autem
1921 4439 1979 4484 ut

402 4526 670 4581 discamus
697 4527 790 4581 Dei
817 4527 1166 4590 voluntatem,
1199 4525 1458 4595 spirituali
1489 4538 1624 4592 opus
1667 4531 1747 4575 est
1768 4522 1980 4590 sapien-

405 4618 476 4670 tia
501 4634 514 4670 :
541 4626 595 4670 ut
624 4617 852 4671 eSScutia
881 4617 1003 4686 quid
1026 4618 1095 4670 sit
1119 4616 1407 4681 discamus,
1432 4630 1566 4684 opus
1597 4622 1679 4669 est
1709 4613 1977 4666 continuis

403 4708 675 4776 precibus.
700 4708 766 4761 Et
791 4707 876 4760 hic
900 4708 1150 4771 ostendit,
1182 4706 1320 4777 quod
1349 4722 1414 4759 ex
1461 4706 1554 4759 illo
1584 4714 1822 4772 tempore
1862 4711 1979 4756 oret

399 4801 615 4868 Paulus,
643 4810 698 4856 et
725 4801 958 4854 nondum
992 4799 1232 4869 perfecit,
1267 4814 1364 4852 nec
1387 4798 1626 4852 destitit:
1655 4797 1784 4851 illud
1810 4797 1973 4860 enim,

407 4893 486 4946 Ea:
499 4910 597 4962 qua
624 4894 708 4946 die
726 4891 1030 4955 audivimus,
1061 4891 1161 4944 hoc
1179 4889 1460 4958 signiﬁcat.
1492 4889 1600 4942 lllis
1621 4898 1798 4943 autem
1821 4888 1977 4941 all'ert

401 4984 895 5038 condemnationem
915 5022 930 5046 ,
959 4984 1002 5035 si
1030 4997 1095 5035 ex
1134 4982 1226 5033 illo
1256 4991 1497 5050 tempore
1537 4981 1695 5033 etiam
1725 4981 1975 5049 precibus

398 5073 598 5141 adjuti,
630 5089 688 5128 se
715 5089 818 5127 non
849 5073 1268 5129 emendaverint.
1300 5071 1366 5124 Et
1388 5072 1731 5140 postulantes,
1767 5073 1970 5141 inquit,

399 5164 447 5216 id
477 5173 710 5230 est,cum
739 5179 929 5232 magno
958 5163 1137 5217 studio
1169 5179 1182 5216 :
1212 5162 1310 5216 hoc
1339 5162 1482 5215 enim
1531 5161 1766 5215 ostendit
1806 5161 1932 5214 illud
1956 5202 1970 5227 ,

391 5250 723 5324 Cognoristis.
772 5253 875 5308 Sed
924 5259 1136 5322 Oportet
1183 5253 1343 5306 etiam
1399 5251 1592 5320 aliquid
1659 5266 1972 5321 agnoscere.

398 5341 463 5398 Ut
493 5361 598 5411 vos,
629 5345 821 5414 inquit,
851 5343 1118 5396 ambuletis
1148 5343 1297 5410 digne
1324 5341 1451 5394 Deo.
1487 5342 1581 5394 l-lic
1608 5342 1675 5395 de
1707 5342 1810 5395 vita
1840 5341 1970 5395 dicit

394 5445 445 5488 et
491 5437 742 5503 operibus
782 5453 795 5487 :
831 5451 954 5489 nam
1007 5435 1110 5488 hoc
1156 5450 1366 5504 quoque
1411 5432 1536 5486 facit
1585 5434 1817 5501 ubique;
1851 5434 1970 5488 lidei

393 5540 604 5593 semper
631 5527 908 5596 conjungit
933 5525 1056 5577 vita:
1098 5524 1316 5592 agenda:
1347 5525 1631 5577 rationem.
1672 5522 1775 5577 Per
1801 5525 1970 5577 omnia

395 5619 662 5684 placentes.
695 5618 976 5683 Qumnodu
1016 5626 1212 5678 autem,
1247 5615 1346 5668 Per
1385 5617 1555 5669 omnia
1587 5616 1876 5685 placentes?
1906 5615 1970 5668 In

705 5721 972 5807 Parant.
1017 5715 1133 5773 Gtt.
1185 5715 1374 5776 LXII.

2114 1053 2250 1104 omni
2279 1069 2426 1122 opere
2451 1057 2578 1110 bono
2609 1061 2974 1129 fructiﬁcantes
2999 1107 3014 1132 ,
3047 1077 3095 1122 et
3137 1084 3408 1129 crescentes
3444 1077 3497 1129 in
3541 1082 3688 1148 agni-

2113 1144 2246 1242 tione
2293 1144 2410 1200 Dci.
2445 1147 2592 1202 Sicut
2636 1154 2776 1207 enim
2820 1171 2878 1211 se
2919 1167 3084 1214 totum
3132 1165 3284 1218 vobis
3312 1144 3611 1235 revelavitv,
3642 1183 3696 1226 et

2112 1245 2248 1286 sucut
2279 1245 2474 1291 tantam
2497 1243 2776 1309 accepistis
2816 1248 3170 1316 cognitionem
3204 1269 3217 1304 :
3260 1253 3332 1308 ita
3366 1267 3414 1310 et
3455 1258 3577 1314 vitae
3597 1277 3692 1314 vc-

2111 1334 2234 1376 sn-a:
2255 1326 2636 1385 institutionem
2659 1336 2921 1392 ostendite
2948 1339 3050 1394 ﬁde
3078 1341 3162 1396 illa
3186 1342 3394 1412 dignam
3418 1364 3432 1412 ;
3463 1363 3524 1403 ea
3543 1352 3685 1407 enim

2109 1429 2244 1511 opus
2285 1418 2455 1511 liabet
2500 1437 2689 1494 magna
2734 1427 2852 1481 vitae
2897 1430 3116 1498 agendae
3160 1435 3404 1502 ratione,
3450 1448 3505 1492 et
3533 1441 3689 1511 longe

2108 1507 2297 1599 majori
2326 1524 2482 1577 quam
2512 1522 2682 1566 vetus.
2715 1514 2847 1570 Nam
2874 1519 2962 1587 qui
2994 1520 3159 1575 Deum
3192 1524 3378 1588 novit,
3410 1534 3464 1581 et
3489 1507 3685 1599 dignus

2106 1608 2189 1652 est
2227 1597 2438 1653 habitus
2455 1602 2543 1670 qui
2567 1601 2661 1658 Dei
2684 1614 2827 1660 esset
2854 1622 3060 1676 servus,
3094 1611 3199 1667 imo
3227 1629 3354 1668 vero
3377 1614 3537 1683 filius,
3556 1597 3688 1674 vide

2106 1698 2300 1756 quanta
2337 1705 2470 1758 opus
2498 1693 2690 1748 habeat
2728 1696 2941 1754 virtute.
2974 1700 3061 1754 Η.
3091 1701 3158 1756 In
3189 1705 3326 1758 omni
3349 1707 3529 1762 virtute
3564 1725 3686 1764 con-

2104 1781 2295 1850 fortati.
2323 1782 2420 1837 llic
2443 1773 2570 1838 dicit
2597 1785 2664 1840 de
2690 1791 3070 1847 tentationibus
3097 1805 3152 1849 et
3177 1799 3640 1865 persecutionibus
3670 1819 3682 1859 ς

2103 1871 2329 1926 Oramus
2358 1882 2416 1926 ut
2451 1875 2774 1947 impleamini
2820 1883 3182 1951 corroborati,
3228 1902 3295 1941 ne
3326 1891 3637 1957 torpescatis
3662 1932 3678 1959 ,

2103 1978 2275 2034 neque
2313 1966 2548 2021 animum
2604 1968 3001 2040 deSpondeatis.
3054 1975 3348 2030 Secundum
3408 1982 3681 2048 potentiam

2102 2053 2346 2108 claritatis
2373 2057 2502 2124 ejus.
2523 2056 2593 2114 Ut
2617 2061 2910 2130 accipiatis,
2943 2065 3130 2134 inquit,
3155 2082 3272 2122 eam
3300 2069 3463 2124 animi
3490 2072 3680 2128 alacri-

2103 2152 2285 2211 tatem,
2319 2162 2476 2216 quam
2499 2148 2612 2218 ejus
2642 2150 2823 2220 gloria:
2851 2152 3218 2212 fortitudinem
3244 2158 3397 2214 decet
3437 2160 3589 2217 dare.
3611 2162 3679 2216 In

2101 2236 2238 2288 omni
2261 2237 2502 2304 patientia
2527 2249 2573 2292 et
2595 2241 2991 2312 longanimitate.
3025 2247 3179 2315 Quod
3210 2249 3358 2317 dicit,
3395 2261 3476 2306 est
3497 2252 3678 2322 hujus-

2101 2327 2243 2381 modi
2273 2345 2285 2381 :
2318 2327 2592 2396 Breviter,
2622 2332 2824 2403 inquit,
2849 2351 3064 2392 oramus
3104 2349 3163 2394 ut
3189 2355 3284 2396 vos
3313 2343 3476 2397 vitam
3504 2345 3674 2413 agatis

2099 2434 2163 2472 cx
2191 2421 2407 2488 virtute,
2438 2422 2760 2494 dignamque
2784 2438 2960 2484 vestro
2986 2431 3198 2486 vivendi
3223 2433 3484 2499 instituto,
3515 2433 3670 2491 forti-

2099 2521 2284 2583 terque
2306 2529 2367 2570 ac
2393 2516 2617 2572 lirmiter
2647 2521 2799 2574 stetis
2840 2525 3193 2592 corroborati,
3215 2534 3274 2580 ut
3303 2537 3515 2596 oportet
3543 2543 3637 2583 eos
3656 2571 3671 2595 ,

2097 2607 2185 2675 qui
2217 2623 2245 2661 a
2281 2609 2386 2663 Deo
2413 2618 2537 2663 sunt
2562 2613 2913 2668 corroborati.
2939 2617 3224 2687 Propterea
3258 2618 3496 2673 nondum
3522 2621 3674 2674 attin-

2095 2701 2170 2770 git
2198 2699 2465 2770 dogmata,
2497 2711 2550 2755 et
2574 2703 2625 2756 in
2653 2705 2759 2758 vita
2788 2717 3048 2772 versatur,
3084 2711 3170 2763 ubi
3199 2710 3328 2764 nihil
3348 2711 3507 2767 habet
3527 2713 3668 2782 quod

2095 2789 2486 2858 reprehendat;
2529 2800 2584 2846 et
2625 2808 2744 2848 cum
2775 2811 2869 2850 cos
2912 2798 3178 2854 laudasset
3207 2803 3257 2854 in
3287 2816 3394 2870 quo
3421 2801 3672 2856 laudandi

2093 2889 2281 2948 erant,
2331 2890 2454 2936 tunc
2502 2885 2706 2938 accedit
2750 2887 2816 2940 ad
2856 2892 3267 2947 accusationem.
3314 2893 3426 2947 lloc
3470 2893 3666 2964 ubique

2093 2969 2217 3025 facit
2255 3013 2270 3037 ,
2328 2974 2540 3043 quando
2587 2976 2772 3030 scribit
2814 2979 2878 3033 ad
2946 2981 3170 3050 aliquos.
3221 2983 3276 3037 Si
3326 2983 3518 3039 habeat
3575 2985 3672 3038 ali-

2091 3063 2215 3132 quid
2262 3065 2402 3134 quod
2448 3061 2805 3135 reprehendat
2843 3110 2859 3137 ,
2913 3080 2966 3125 ct
3026 3073 3224 3143 aliquid
3271 3075 3410 3143 quod
3458 3076 3667 3142 laudet;

2091 3153 2236 3222 prius
2263 3154 2442 3209 laudat
2462 3166 2516 3210 et
2546 3165 2671 3212 tunc
2696 3158 2972 3214 descendit
2997 3162 3062 3216 ad
3085 3164 3326 3216 crimina.
3351 3164 3502 3218 Prius
3526 3166 3668 3220 enim

2091 3245 2188 3299 sibi
2215 3247 2464 3300 conciliat
2508 3258 2562 3301 et
2592 3250 2909 3304 benevolum
2950 3252 3125 3306 reddit
3152 3254 3481 3320 auditorem;
3510 3270 3669 3311 accu-

2091 3334 2351 3389 sationem
2386 3337 2576 3391 liberat
2605 3340 2672 3392 ab
2713 3341 2855 3392 omni
2883 3342 3184 3410 suspicione
3206 3385 3219 3408 ,
3251 3352 3305 3397 et
3337 3344 3569 3399 ostendit
3609 3359 3670 3399 se

2089 3426 2300 3495 quidem
2335 3428 2471 3481 velle
2493 3429 2712 3483 omnino
2741 3430 2974 3495 laudare,
3007 3432 3098 3485 sed
3121 3433 3187 3486 ad
3221 3449 3282 3487 ea
3309 3433 3534 3488 dicenda
3562 3436 3666 3488 im-

2089 3517 2211 3586 pelli
2240 3533 2267 3570 a
2295 3520 2635 3573 necessitate.
2665 3520 2776 3575 lloc
2815 3522 2974 3576 etiam
3016 3523 3138 3578 facit
3189 3526 3240 3578 in
3271 3526 3434 3594 priori
3474 3526 3540 3581 ad
3569 3526 3669 3583 Co-

2087 3609 2311 3664 rinthios
2347 3611 2390 3681 (l
2407 3649 2420 3662 .
2450 3609 2564 3664 Cor.
2581 3612 2660 3682 5).
2679 3612 2811 3668 Nam
2834 3629 2952 3668 cum
2973 3631 3065 3670 eos
3087 3617 3371 3686 plurimum
3392 3619 3668 3675 laudasset

2088 3711 2145 3755 ut
2175 3703 2263 3772 qui
2289 3703 2461 3771 ipsum
2486 3703 2788 3774 diligerent,
2821 3715 2945 3760 tunc
2969 3709 3038 3761 ab
3067 3723 3134 3764 eo
3177 3710 3266 3779 qui
3299 3709 3471 3764 fuerat
3493 3709 3659 3766 forni-

2084 3803 2233 3848 catus
2250 3793 2524 3848 descendit
2544 3794 2610 3849 ad
2627 3799 3041 3854 accusationem.
3069 3799 3124 3854 In
3143 3801 3380 3870 Epistola
3403 3811 3578 3857 autem
3597 3803 3664 3856 ad

2085 3885 2298 3940 Galatas
2329 3885 2353 3957 (
2370 3885 2540 3940 Galat.
2567 3889 2590 3940 1
2620 3890 2637 3957 )
2672 3902 2776 3942 non
2823 3890 2894 3943 ita
2917 3931 2931 3955 ,
2960 3890 3054 3946 sed
3106 3905 3323 3948 contra:
3372 3895 3480 3948 imo
3531 3909 3663 3949 vero

2083 3979 2125 4032 si
2157 3979 2416 4048 quispiam
2448 3979 2826 4034 exatninaverit
2851 4022 2866 4046 ,
2899 3983 2984 4036 illa
3029 3999 3238 4053 quoque
3268 3995 3353 4039 est
3388 4001 3452 4040 ex
3498 3987 3655 4040 laude

2083 4070 2369 4123 accusatio.
2401 4069 2530 4122 Nam
2577 4071 2826 4138 quoniam
2877 4071 3006 4124 nihil
3053 4082 3260 4140 poterat
3291 4075 3475 4128 dicere
3513 4077 3657 4145 quod

2085 4159 2183 4227 ipsi
2211 4169 2358 4214 recte
2384 4164 2695 4229 gessissent,
2725 4169 2780 4213 et
2803 4161 3008 4214 crimen
3039 4171 3154 4216 erat
3179 4163 3470 4218 vehemens
3495 4204 3509 4230 ,
3539 4181 3660 4220 om-

2084 4265 2283 4319 nesque
2307 4250 2547 4319 corrupti
2571 4258 2746 4315 erant,
2778 4261 2830 4304 et
2868 4250 3006 4305 ferre
3038 4261 3280 4319 poterant
3325 4270 3447 4310 cum
3479 4270 3662 4313 essent

2083 4341 2267 4405 l'orles,
2292 4343 2476 4409 incipit
2492 4342 2558 4396 ab
2583 4343 2922 4396 accusatione
2943 4341 3126 4396 dicens
3149 4361 3161 4397 :
3181 4343 3344 4398 Miror
3359 4346 3661 4417 (lbid.u.6).

2081 4431 2438 4496 Quamobrem
2460 4432 2558 4485 hoc
2585 4448 2796 4502 quoque
2825 4442 2906 4487 est
2927 4435 3249 4488 encomium.
3277 4437 3464 4492 Postea
3483 4450 3660 4495 autem

2081 4535 2175 4574 eos
2219 4521 2451 4587 laudat,
2492 4537 2598 4576 non
2647 4533 2866 4591 propter
2926 4527 3236 4593 praesentia,
3303 4529 3394 4582 sed
3448 4541 3663 4600 propter

2080 4612 2350 4681 praeterita
2377 4651 2392 4677 ,
2442 4611 2624 4666 dicens
2660 4630 2671 4665 :
2705 4613 2767 4667 Si
2817 4615 2928 4682 ﬁeri
2959 4617 3231 4685 potuisset,
3260 4618 3430 4672 oculos
3473 4631 3660 4674 vestros

2080 4713 2247 4758 erutos
2286 4703 2409 4755 mihi
2435 4704 2695 4758 dedissetis
2723 4703 2883 4776 (Ibid.
2905 4707 2958 4761 4.
2983 4707 3092 4778 15).

2149 4795 2200 4848 2-
2245 4793 2652 4863 Fructi/icantes,
2683 4797 2889 4866 inquit:
2915 4797 3016 4852 hoc
3038 4799 3106 4854 de
3127 4801 3400 4870 operibus.
3431 4801 3657 4869 Confer-

2081 4886 2170 4937 tati
2201 4900 2217 4937 :
2248 4883 2350 4939 hoc
2377 4885 2444 4939 de
2468 4885 2870 4942 teutationibus.
2914 4887 2979 4942 In
3009 4890 3143 4942 omni
3191 4891 3430 4958 patientia
3467 4901 3513 4942 et
3549 4891 3662 4944 ton.

2079 4978 2373 5047 ganimitate
2399 4993 2418 5031 :
2450 4978 2852 5047 longanimitate
2882 4995 2974 5034 seu
3012 4981 3233 5035 lenitate
3264 4983 3400 5034 inter
3436 4995 3492 5034 se
3512 5021 3526 5043 ,
3560 4998 3657 5050 pa-

2081 5068 2261 5122 tientia
2290 5083 2414 5137 erga
2456 5077 2732 5123 externos.
2775 5069 3117 5137 Longanimis
3141 5071 3285 5124 enim
3314 5086 3374 5124 ac
3414 5070 3549 5125 lenis
3575 5085 3658 5128 est

2079 5159 2340 5228 quispiam
2373 5159 2424 5211 in
2456 5175 2550 5212 eos
2595 5174 2729 5227 quos
2773 5160 2933 5212 etiam
2982 5171 3158 5229 potest
3198 5161 3419 5226 ulcisci;
3466 5161 3658 5214 tolerat

2078 5264 2206 5303 vero
2237 5263 2330 5302 eos
2347 5264 2559 5317 quoque
2579 5263 2711 5317 quos
2737 5264 2840 5301 non
2863 5259 3035 5316 potest
3067 5252 3266 5306 ulcisci.
3291 5254 3576 5324 Propterea
3598 5255 3651 5308 in

2083 5340 2190 5392 Deo
2230 5337 2440 5406 quidem
2474 5354 2758 5405 numquam
2792 5339 2982 5392 dicitttr
3005 5347 3208 5408 ὑπομονὴ
3239 5359 3331 5398 seu
3363 5345 3652 5415 patientia;

2080 5427 2454 5501 longanimitas
2481 5438 2655 5482 autem
2687 5430 2947 5483 ctlenitas
2973 5446 3114 5500 saepe
3135 5432 3327 5488 dicitur
3359 5456 3370 5489 :
3397 5437 3532 5489 sicut
3566 5434 3653 5488 hic

2079 5522 2191 5590 ipse
2221 5534 2428 5588 quoque
2456 5520 2642 5573 beatus
2672 5518 2856 5572 scribit
2893 5522 3016 5575 alibi
3046 5562 3060 5586 ,
3090 5521 3274 5576 dicens
3305 5544 3317 5577 :
3346 5526 3420 5578 An
3449 5525 3647 5577 divitias

2081 5611 2312 5665 bonitatis
2339 5611 2446 5677 ejus
2476 5619 2522 5664 et
2551 5610 2830 5663 tolerantia:
2856 5621 2900 5664 et
2929 5613 3322 5682 longanimitatis
3374 5617 3646 5670 conmittis

3245 5712 3324 5770 ‘10
