4026 6148
385 246 484 302 ειι

391 359 567 432 (Itoni.
605 357 660 412 2.
711 357 809 426 4)?
843 354 909 409 In
946 353 1101 408 omni.
1143 350 1256 404 Non
1297 363 1435 402 nunc
1478 347 1738 417 quidem',
1781 355 1966 415 postea

391 460 569 506 autem
598 449 836 503 minime.
866 444 930 499 In
959 444 1112 507 omni,
1144 438 1332 509 inquit,
1364 439 1613 507 sapientia
1639 445 1683 490 et
1711 436 1966 490 intellectu

389 542 664 612 spirituali.
714 540 883 594 Aliter
911 537 1053 591 enim
1093 549 1199 587 non
1249 532 1371 586 licet
1408 531 1523 600 ejus
1564 541 1853 598 agnoscere
1882 541 1967 580 vo-

392 633 674 687 luntatem.
715 629 873 698 Atqui
902 624 1277 681 existimabant
1319 636 1377 676 se
1403 621 1518 689 ejus
1556 619 1754 673 habere
1778 618 1967 671 volun-

389 734 550 778 tatem
575 739 588 786 ;
609 720 703 775 sed
727 735 831 773 non
855 726 970 773 erat
995 715 1284 786 Spiritualis
1309 713 1585 782 sapientia.
1610 711 1677 766 Ut
1703 711 1966 765 ambuletis

384 813 532 880 digne
564 809 693 862 Deo.
727 808 838 862 lloc
871 808 1013 861 enim
1041 815 1124 861 est
1169 805 1252 859 via
1286 803 1472 872 Optimi
1512 803 1634 856 vita:
1660 802 1882 856 instituti
1910 810 1965 855 et

383 911 542 955 recta:
570 899 1026 954 conversationis:
1055 913 1175 952 nam
1197 899 1286 968 qui
1307 898 1397 952 Dei
1415 897 1658 950 didicerit
1677 896 1964 966 benignita-

385 1003 486 1044 tem
506 1008 519 1054 ;
541 992 714 1047 discet
731 1000 908 1046 autem
949 991 993 1045 si
1016 990 1208 1045 viderit
1231 988 1476 1044 traditum
1500 988 1688 1042 Filium
1711 1004 1726 1052 ;
1751 987 1966 1042 habebit

382 1082 1186 1151 majoremanimialacritatem.
1219 1081 1430 1150 Alioqui
1451 1091 1628 1134 autem
1658 1095 1760 1134 non
1791 1083 1960 1136 solum

385 1188 619 1235 oramus,
645 1182 705 1227 ut
735 1174 953 1228 discatis
975 1214 990 1238 ,
1010 1172 1104 1228 sed
1122 1172 1279 1228 etiam
1310 1182 1364 1226 ut
1386 1173 1436 1224 in
1457 1171 1605 1224 factis
1624 1171 1916 1226 ostendatis
1945 1188 1959 1224 :

385 1278 506 1316 nam
535 1263 624 1333 qui
648 1263 792 1316 novit
813 1277 910 1318 nec
937 1271 1111 1317 tamen
1151 1261 1274 1317 fecit
1297 1303 1312 1327 ,
1341 1269 1422 1316 est
1451 1261 1610 1315 etiam
1638 1259 1958 1329 puniendus.

389 1349 455 1404 Ut
486 1367 589 1413 vos,
615 1350 801 1420 inquit,
826 1352 1104 1406 ambuletis.
1125 1350 1236 1404 Hoc
1257 1357 1358 1417 est,
1380 1364 1625 1419 semper;
1645 1363 1752 1404 non
1771 1350 1958 1414 semel,

386 1441 479 1496 sed
508 1449 783 1511 perpetuo.
805 1441 953 1497 Sicut
973 1443 1116 1496 enim
1137 1442 1409 1497 ambulare
1432 1441 1584 1496 nobis
1609 1449 1692 1496 est
1714 1455 1960 1496 necessa-

383 1532 543 1598 rium,
561 1531 630 1585 ita
655 1533 812 1587 etiam
835 1541 978 1588 recte
996 1533 1202 1597 vivere;
1231 1541 1284 1586 et
1306 1533 1355 1586 id
1376 1546 1590 1601 semper
1607 1541 1761 1586 vocat
1784 1533 1962 1587 ambu-

387 1618 661 1688 lationem,
692 1631 744 1676 et
771 1622 984 1686 merito,
1011 1622 1300 1676 ostendens
1328 1624 1464 1676 hanc
1489 1635 1607 1676 esse
1640 1621 1801 1674 vitam
1842 1637 1959 1690 quae

384 1718 466 1763 est
490 1709 642 1766 nobis
659 1711 962 1782 proposita:
987 1712 1081 1768 sed
1115 1711 1381 1765 mundana
1410 1725 1513 1766 non
1531 1720 1611 1765 est
1631 1710 1956 1782 bujusniodi.

383 1801 568 1872 Magna
607 1812 787 1858 autem
832 1812 915 1862 est
960 1805 1095 1861 laus.
1133 1804 1201 1860 Ut
1243 1805 1543 1872 ambuletis,
1577 1805 1780 1874 inquit,
1811 1805 1959 1876 digne

381 1889 625 1958 Domino,
657 1902 712 1948 et
740 1892 807 1948 In
839 1895 978 1950 omni
1001 1911 1151 1964 opere
1179 1894 1330 1961 bono,
1365 1904 1419 1950 ut
1444 1910 1656 1966 semper
1681 1897 1954 1964 crescatis,

379 1988 436 2034 et
461 1995 718 2050 nusquam
746 1981 982 2048 sistatis;
1021 1992 1075 2039 et
1100 1984 1494 2054 metapborice,
1528 1983 1772 2039 Fructum
1800 1991 1958 2057 fereti-

381 2077 468 2133 tes,
501 2078 548 2123 et
576 2081 850 2130 crescentes
878 2073 932 2126 in
976 2074 1232 2144 agnitione
1260 2073 1356 2132 Dei
1385 2091 1403 2139 ;
1445 2083 1504 2130 ut
1543 2076 1619 2130 sic
1641 2077 1957 2132 corrobore-

361 2161 510 2215 -.mini
533 2163 824 2218 secundum
848 2166 1135 2234 potentiam
1161 2165 1275 2232 Dei,
1299 2178 1552 2238 quantum
1575 2166 1736 2222 homo
1757 2177 1952 2240 potest.

373 2247 490 2302 Ῥεῖ
509 2252 785 2319 potentiam
811 2254 938 2322 ejus.
968 2253 1152 2326 Magna
1177 2255 1492 2311 consolatio.
1516 2255 1630 2310 Non
1657 2257 1812 2325 dixit,
1839 2257 1957 2313 Vir-

380 2347 546 2395 tutem
569 2351 659 2396 aut
679 2351 1022 2412 potestatem,
1046 2345 1140 2399 sed
1164 2343 1473 2412 Potentiam,
1496 2346 1635 2416 quod
1657 2356 1740 2402 est
1759 2349 1950 2416 majus.

364 2429 485 2485 -Per
509 2432 816 2502 potentiam,
843 2433 1050 2504 inquit,
1082 2449 1176 2489 seu
1203 2435 1533 2491 dominatum
1555 2476 1570 2503 ,
1601 2438 1778 2508 glorise
1803 2441 1912 2509 ejus
1933 2456 1955 2504 ;

378 2523 501 2592 quia
528 2523 720 2593 ubique
745 2524 914 2594 gloria
956 2525 1072 2594 ejus
1113 2526 1392 2596 imperium
1421 2528 1646 2583 obtinet.
1678 2529 1795 2584 Jam
1823 2545 1952 2585 con-

377 2613 580 2669 solatus
609 2623 710 2682 est,
741 2616 882 2685 quod
906 2631 1029 2672 cum
1058 2618 1110 2671 in
1143 2618 1341 2688 probro
1367 2627 1422 2673 et
1451 2619 1716 2676 dedecore
1739 2625 1949 2689 essetis,

376 2720 561 2760 rursus
583 2707 895 2764 ambulastis
916 2708 1073 2779 digne
1101 2710 1349 2764 Domino.
1385 2711 1460 2766 De
1489 2711 1627 2766 Filio
1653 2713 1779 2768 dicit
1801 2715 1950 2782 illud,

377 2794 516 2864 quod
549 2795 662 2864 ipse
691 2796 887 2866 ubique
933 2797 1216 2867 imperium
1256 2809 1308 2854 et
1337 2799 1669 2856 dominatum
1711 2803 1953 2860 obtineat

374 2894 431 2959 et.
461 2885 512 2939 in
534 2886 668 2941 caelo
689 2895 745 2941 et
767 2888 820 2941 in
839 2896 998 2952 terra,
1017 2887 1160 2958 quod
1185 2888 1301 2958 ejus
1325 2887 1491 2958 gloria
1521 2890 1714 2961 ubique
1744 2906 1950 2964 regnet.

375 2974 492 3029 Non
520 2974 652 3030 dixit
685 2985 890 3031 tantum
912 3018 927 3043 ,
957 2976 1368 3044 Confortamini,
1404 2980 1500 3056 sed
1532 2991 1586 3036 ut
1628 2997 1724 3052 par
1752 2995 1836 3039 est
1857 3001 1952 3041 eos

365 3067 467 3134 qui
497 3065 862 3121 Dominotam
895 3067 1017 3122 forti
1048 3069 1310 3134 serviunt,
1341 3068 1404 3123 In
1430 3070 1524 3124 Dei
1557 3073 1830 3143 agnitione.
1865 3074 1953 3130 Si-

374 3155 487 3209 mul
508 3155 664 3210 etiam
687 3156 897 3226 attingit
923 3157 1183 3212 rationem
1205 3159 1525 3229 cognitionis
1549 3179 1562 3215 :
1587 3147 1738 3218 error
1757 3166 1952 3235 quippe

375 3252 476 3310 est,
517 3245 683 3300 Deum
713 3260 818 3300 non
861 3255 916 3300 ut
945 3257 1159 3316 oportet
1199 3264 1380 3305 nosse.
1423 3253 1530 3304 Aut
1559 3261 1615 3306 ut
1652 3257 1906 3310 crescatis
1932 3298 1948 3324 ,

375 3335 564 3409 inquit,
595 3336 645 3390 in
679 3335 769 3390 Dei
809 3337 1099 3408 agnitione.
1130 3339 1262 3394 Nam
1306 3341 1350 3396 si
1389 3342 1480 3411 qui
1521 3343 1721 3398 Filium
1744 3348 1946 3413 nescit,

360 3440 474 3479 .nec
501 3425 712 3482 Patrem
738 3428 954 3498 quidem
977 3431 1113 3496 scit,
1142 3432 1334 3488 merito
1360 3447 1493 3502 opus
1522 3444 1604 3490 est
1635 3437 1903 3506 agnitione
1934 3458 1946 3493 :

373 3516 571 3570 etenim
599 3517 798 3585 absque
827 3517 912 3571 illa
942 3519 1016 3573 nil
1034 3520 1261 3588 prodest
1292 3523 1422 3579 vita.
1455 3523 1521 3577 In
1551 3527 1688 3580 omni
1709 3529 1951 3596 patientia

373 3615 420 3658 et
441 3606 841 3674 longanimitate,
868 3608 1058 3676 inquit,
1085 3625 1196 3662 cum
1217 3613 1425 3679 gaudio,
1456 3613 1541 3667 12.
1570 3617 1763 3685 gratias
1789 3635 1949 3687 agen-

373 3704 446 3748 tes
478 3695 604 3749 Deo.
643 3695 848 3750 Deinde
874 3711 968 3751 eos
1004 3697 1420 3765 exhortaturus,
1452 3718 1557 3756 non
1587 3707 1835 3762 meminit
1858 3723 1951 3762 eo-

374 3799 493 3838 rum
525 3801 643 3852 qua:
679 3793 804 3838 sunt
829 3785 908 3841 eis
946 3787 1255 3843 recondita:
1284 3790 1380 3844 sed
1409 3791 1510 3846 boc
1539 3795 1751 3862 quidem
1794 3798 1951 3854 tacite

366 3875 714 3944 significavit,
747 3874 929 3928 dicens
958 3877 1136 3943 initio,
1170 3876 1389 3948 Propter
1416 3897 1556 3952 spem
1591 3901 1706 3955 quc
1730 3891 1951 3958 reposita

373 3975 445 4021 est
475 3966 611 4020 vobis
646 3966 698 4019 in
739 3967 877 4021 aclis
903 3984 921 4021 :
951 3967 1037 4022 hic
1083 3979 1261 4026 autem
1314 3973 1560 4030 meminit
1603 3989 1788 4034 eorum
1831 3998 1950 4052 qua:

369 4057 479 4126 jam
518 4057 733 4113 fuerunt
780 4077 793 4113 :
841 4059 955 4114 haec
998 4062 1139 4116 enim
1183 4071 1308 4119 sunt
1350 4080 1526 4122 causa:
1561 4069 1790 4125 illorum.
1839 4074 1950 4131 lloe

371 4161 533 4216 porro
564 4146 688 4202 facit
729 4148 780 4201 in
825 4149 1002 4204 multis
1035 4151 1186 4206 locis.
1217 4151 1349 4207 Nam
1392 4170 1512 4224 quae
1546 4158 1656 4226 jam
1698 4160 1945 4231 fuerunt,

371 4236 532 4291 ﬁdem
557 4237 772 4303 faciunt,
796 4245 850 4293 et
877 4241 1044 4310 magis
1074 4241 1307 4297 excitant
1328 4245 1645 4302 auditorem.
1673 4249 1798 4304 Cum
1820 4271 1949 4324 gau-

373 4328 479 4393 dio,
510 4328 716 4398 inquit,
745 4332 935 4401 gratias
959 4342 1161 4403 agentes
1192 4333 1320 4391 Deo.
1351 4335 1477 4392 Haec
1506 4348 1588 4395 est
1611 4355 1946 4415 consequen.

372 4420 445 4474 tia
479 4437 491 4472 :
523 4419 637 4475 Non
660 4436 933 4478 cessamus
957 4439 1114 4482 orare
1142 4441 1241 4496 pro
1269 4429 1422 4485 vobis
1441 4472 1456 4497 ,
1489 4440 1543 4488 et
1568 4437 1764 4503 gratias
1789 4453 1946 4510 agere

372 4511 440 4566 de
469 4513 756 4582 prioribus.
798 4515 959 4570 Vides
987 4518 1256 4587 quomodo
1296 4521 1410 4591 ipse
1435 4526 1772 4596 aggrediatur
1801 4531 1944 4601 loqui

370 4601 438 4657 de
467 4601 646 4656 Filio?
669 4602 804 4658 Nam
830 4606 875 4659 si
905 4621 1024 4660 cum
1049 4622 1244 4686 magno
1269 4613 1462 4680 gaudio
1492 4617 1690 4685 gratias
1716 4621 1944 4689 agimus,

379 4707 568 4764 magna
594 4700 719 4748 sunt
745 4708 862 4763 quae
882 4695 1149 4753 dicuntur.
1175 4698 1308 4756 Nam
1330 4711 1384 4758 et
1406 4706 1591 4775 gratia:
1615 4709 1697 4778 agi
1726 4722 1949 4782 possunt

370 4796 587 4853 propter
619 4784 794 4840 solum
829 4795 1065 4853 metum;
1093 4800 1317 4859 possunt
1340 4795 1498 4850 etiam
1539 4798 1623 4868 agi
1664 4802 1850 4870 gratia:
1876 4805 1944 4859 ab

373 4887 439 4928 eo
465 4876 550 4944 qui
585 4884 670 4930 est
697 4877 750 4930 in
795 4891 1029 4934 mmrore
1061 4895 1075 4933 :
1107 4888 1166 4936 ut
1198 4891 1343 4952 puta,
1373 4884 1476 4942 Job
1500 4888 1716 4957 quidem
1757 4893 1948 4965 agebat

372 4965 591 5033 gratias,
623 4966 718 5022 sed
746 4967 933 5024 dolore
957 4969 1177 5028 affectus
1201 4991 1216 5029 :
1240 4973 1466 5048 ideoque
1495 4977 1729 5046 dicebat,
1766 4983 1946 5039 Domi-

375 5070 472 5108 nus
499 5055 672 5146 dedit,
728 5056 979 5116 Dominus
1011 5064 1218 5120 abstulit
1243 5067 1363 5138 (Job
1388 5071 1438 5124 i.
1487 5072 1601 5142 21).
1647 5073 1726 5131 Ne
1753 5077 1900 5135 dicas
1928 5121 1943 5146 ,

370 5158 479 5198 non
499 5145 687 5242 dolore
706 5162 827 5242 eum
847 5150 1088 5210 affecisse
1113 5170 1174 5210 ea
1201 5172 1320 5228 qua:
1346 5159 1485 5216 facta
1513 5163 1744 5235 fuerant,
1775 5185 1946 5242 neque

372 5247 495 5331 eum
518 5234 762 5304 injecisse
784 5241 1020 5331 inanimi
1044 5247 1435 5318 agritudinem,
1458 5269 1525 5310 ne
1541 5255 1672 5324 justi
1694 5234 1939 5331 magnum

371 5321 582 5380 auferas
607 5329 930 5386 encomium.
965 5333 1098 5390 Cum
1129 5349 1305 5394 autem
1338 5342 1452 5398 haec
1481 5321 1587 5400 sint
1617 5321 1940 5420 hujusinodi,

375 5429 480 5470 non
501 5425 720 5488 propter
743 5428 943 5478 metum
963 5463 978 5490 ,
1008 5441 1180 5496 neque
1210 5439 1428 5500 pr0pter
1456 5433 1783 5494 dominatum
1822 5450 1942 5496 tan-

374 5515 509 5571 tum,
541 5509 634 5564 sed
665 5511 826 5566 etiam
853 5523 1072 5585 propter
1095 5517 1263 5588 ipsam
1292 5537 1468 5579 rerum
1505 5535 1780 5595 naturam,
1809 5531 1944 5586 Gra-

377 5595 470 5649 tias
497 5597 692 5668 agimus
728 5602 807 5668 ei,
835 5604 921 5672 qui
965 5604 1145 5676 dignos
1188 5625 1278 5661 nos
1317 5612 1432 5681 fecit
1471 5615 1522 5669 in
1557 5629 1750 5688 partem
1794 5624 1945 5677 sortis

1082 236 1166 292 'S.
1203 233 1475 290 JOANNIS
1509 225 1978 288 CIIRYSOSTOMI
2016 225 2328 282 ARClﬂEP.
2369 227 2894 286 CONS'I'ANTINOP.

3523 238 3651 296 ἘΗ

2069 353 2355 398 sanctorum
2381 346 2432 400 in
2463 347 2672 400 lumine.
2698 346 2939 417 Magnam
2966 362 3078 404 rem
3104 347 3353 420 loquutus
3373 361 3474 408 est.
3500 355 3648 412 Talia

2068 443 2192 490 sunt
2211 450 2329 504 qua:
2358 436 2478 490 data
2509 445 2654 501 sunt,
2699 437 2908 507 inquit,
2942 448 2999 492 ut
3045 454 3152 495 non
3196 443 3369 496 solum
3401 444 3646 512 dederit,

2067 525 2159 579 sed
2188 526 2346 580 etiam
2380 526 2544 580 fortes
2567 527 2754 582 iecerit
2775 529 2840 582 ad
2867 530 3257 599 accipiendum.
3289 533 3440 600 Quod
3465 545 3646 592 autem

2065 613 2216 677 dixit,
2255 614 2314 667 Et
2344 615 2430 684 qui
2452 616 2632 685 dignos
2658 632 2750 670 nos
2779 617 2916 686 fecit,
2943 635 3190 690 magnum
3224 623 3433 690 pondus
3457 633 3646 680 osten-

2066 703 2160 758 dit.
2197 703 2264 759 Ut
2296 705 2341 760 si
2368 708 2629 776 quispiam
2655 707 2850 762 intiuue
2873 709 3194 765 conditionis
3220 726 3314 768 rex
3340 713 3510 769 factus
3533 715 3650 771 fne-
3720 703 3728 726 ί

2063 796 2154 862 rit,
2186 807 2361 866 potest
2383 799 2469 852 cui
2492 799 2619 853 velit
2644 799 2772 854 dare
2794 801 3160 870 prtefecturam
3187 821 3201 868 ;
3232 815 3285 859 et
3311 805 3448 861 banc
3473 809 3644 866 solum

2063 888 2113 942 ei
2145 898 2318 956 potest
2345 889 2474 945 dare
2498 890 2806 960 dignitatem
2825 932 2838 957 ,
2870 894 2964 948 sed
2993 909 3098 948 non
3140 896 3389 953 idoneum
3415 901 3646 958 reddere

2063 978 2129 1031 ad
2156 979 2445 1048 gerendum
2477 982 2842 1050 magistratum
2877 984 3042 1054 (saepe
3061 985 3229 1040 etiam
3267 987 3424 1043 talem
3452 1005 3644 1059 quem-

2060 1070 2203 1138 piam
2245 1071 2526 1126 ridiculum
2561 1072 2687 1126 facit
2737 1073 2988 1143 honor):
3019 1074 3063 1128 si
3105 1084 3282 1130 autem
3325 1078 3639 1147 dignitatem

2062 1159 2301 1222 dederit,
2332 1170 2385 1214 et
2415 1172 2596 1230 aptum
2625 1161 2828 1218 fecerit
2853 1164 2923 1217 ad
2959 1163 3220 1220 honorem
3241 1206 3257 1232 ,
3294 1176 3350 1222 et
3390 1169 3640 1226 idoneum

2061 1250 2126 1302 ad
2149 1251 2684 1318 administrationem,
2711 1262 2838 1309 tunc
2858 1269 2919 1309 ea
2949 1270 3036 1310 res
3057 1266 3139 1311 est
3161 1257 3352 1312 honor.
3379 1259 3491 1314 lloc
3511 1276 3641 1331 ergo

2063 1339 2149 1394 bie
2178 1356 2387 1411 quoque
2409 1341 2566 1407 dicit,
2607 1344 2748 1412 quod
2776 1359 2881 1398 non
2917 1345 3089 1398 solum
3120 1346 3274 1401 nobis
3299 1347 3508 1404 dederit
3537 1350 3640 1406 lto-

2059 1444 2268 1495 norem,
2302 1431 2398 1486 sed
2424 1435 2580 1486 etiam
2612 1433 2772 1488 fortes
2805 1432 2993 1487 fecerit
3020 1433 3086 1488 ad
3116 1436 3506 1505 accipiendum.

2131 1521 2183 1574 ὃ.
2231 1521 2429 1590 Duplex
2452 1537 2580 1591 ergo
2605 1531 2688 1576 est
2725 1522 2810 1576 hic
2838 1523 3029 1588 honor,
3057 1525 3199 1593 quod
3231 1536 3282 1579 et
3309 1526 3552 1595 dederit,
3582 1539 3640 1584 et

2060 1613 2369 1682 accipiendo
2391 1613 2532 1668 dono
2557 1613 2745 1669 fecerit
2767 1622 2942 1683 aptos.
2968 1613 3086 1668 Non
3112 1615 3246 1669 dixit
3271 1617 3632 1685 solummodo,

2063 1703 2166 1769 Qui
2192 1705 2329 1758 dedit
2352 1745 2367 1771 ,
2398 1706 2490 1759 sed
2517 1706 2676 1760 etiam
2703 1746 2716 1771 ,
2753 1707 2854 1773 Qui
2881 1707 3180 1776 sufﬁcientes
3205 1719 3251 1761 et
3279 1711 3484 1764 idoneos
3511 1714 3639 1781 fecit

2058 1794 2111 1847 in
2140 1806 2334 1864 partem
2370 1798 2520 1850 sortis
2557 1808 2854 1851 sanctorum
2894 1799 2946 1852 in
2991 1798 3199 1856 lumine.
3248 1801 3357 1855 lloc
3391 1812 3510 1870 est,
3541 1806 3635 1874 qui

2058 1899 2157 1940 nos
2184 1886 2467 1942 collocavit
2487 1903 2607 1942 cum
2634 1889 2854 1943 sanctis.
2883 1888 2985 1944 Sed
3013 1905 3117 1944 non
3146 1891 3317 1944 solum
3339 1891 3505 1959 dixit,
3533 1894 3634 1961 Qui

2057 1975 2359 2042 collocavit,
2389 1978 2483 2034 sed
2509 1979 2690 2047 etiam,
2721 1979 2822 2047 Qui
2851 1980 3081 2048 praebuit
3109 1991 3164 2034 ut
3208 1982 3394 2038 iisdem
3428 1984 3634 2042 fruere-

2057 2080 2214 2119 mur:
2247 2081 2370 2136 pars
2397 2075 2480 2122 est
2504 2069 2649 2123 enim
2682 2069 2830 2134 illud,
2864 2069 3396 2142 quod-unusquisque
3421 2076 3631 2145 accipit.

2055 2153 2242 2210 Potest
2267 2156 2408 2210 enim
2440 2157 2557 2212 fieri
2591 2166 2648 2212 ut
2673 2159 2934 2228 quispiam
2965 2160 3034 2213 sit
3073 2161 3124 2214 in
3154 2160 3338 2216 eadem
3383 2163 3628 2228 civitate,

2057 2261 2161 2302 non
2189 2257 2365 2303 autem
2393 2249 2599 2304 fruatur
2625 2250 2812 2305 iisdem
2843 2269 2855 2306 :
2881 2259 2938 2304 ut
2965 2259 3141 2307 autem
3173 2254 3411 2307 eamdem
3441 2254 3634 2310 habent

2055 2350 2260 2408 partem
2280 2381 2294 2405 ,
2325 2349 2379 2396 et
2404 2356 2509 2396 non
2537 2340 2741 2395 fruatur
2767 2341 2953 2395 iisdem
2980 2383 2995 2406 ,
3041 2342 3257 2397 minime
3283 2358 3404 2399 esse
3433 2355 3629 2414 potest.

2055 2428 2198 2484 Fieri
2239 2439 2413 2499 potest
2440 2439 2500 2484 ut
2537 2432 2609 2486 sit
2649 2431 2702 2485 in
2732 2431 2919 2486 eadem
2945 2441 3093 2486 sorte
3116 2472 3132 2499 ,
3151 2442 3219 2487 et
3253 2449 3357 2488 non
3385 2436 3628 2491 eamdem

2055 2520 2248 2577 babeat
2286 2530 2490 2591 partem
2517 2539 2530 2575 :
2553 2523 2787 2590 exempli
2817 2537 2977 2576 causa
2999 2563 3014 2588 ,
3045 2522 3098 2577 in
3126 2534 3273 2580 sorte
3301 2538 3486 2580 sumus
3510 2543 3628 2580 om-

2056 2626 2152 2664 nes
2172 2651 2186 2676 ,
2219 2611 2314 2666 sed
2349 2627 2453 2665 non
2492 2611 2734 2667 eamdem
2762 2612 3031 2667 habemus
3060 2623 3286 2683 partem.
3328 2615 3423 2671 llic
3449 2627 3624 2672 autem

2052 2717 2160 2756 non
2188 2703 2290 2758 hoc
2313 2703 2471 2770 dicit,
2503 2704 2598 2759 sed
2624 2704 2783 2759 etiam
2809 2715 3015 2773 partem
3037 2719 3158 2760 cum
3188 2715 3351 2762 sorte.
3383 2707 3490 2762 Cur
3508 2725 3627 2763 sor-

2049 2801 2161 2848 tem
2186 2793 2379 2848 vocat?
2399 2792 2700 2850 Ostendens
2728 2795 2996 2848 neminem
3017 2809 3085 2849 ex
3107 2795 3264 2850 bonis
3287 2797 3399 2851 suis
3423 2797 3627 2854 actibus

2054 2892 2109 2937 et
2131 2893 2275 2938 recte
2313 2883 2466 2938 factis
2500 2899 2720 2954 regnum
2751 2885 2964 2954 assequi
3000 2901 3013 2938 :
3046 2886 3140 2939 sed
3172 2895 3228 2940 ut
3253 2901 3371 2940 sors
3398 2903 3461 2942 ex
3491 2888 3628 2942 bone

2050 2985 2248 3032 eventu
2289 2977 2467 3047 potius
2495 2976 2720 3041 accidit,
2757 2977 2824 3032 ita
2859 2978 2944 3031 hic
2985 2991 3218 3046 quoque.
3255 2977 3446 3036 Nullus
3484 2979 3625 3033 enim

2056 3067 2162 3122 tale
2189 3067 2310 3122 vitae
2339 3083 2448 3122 sum
2479 3067 2778 3121 institutum
2807 3065 3045 3134 exhibet,
3071 3076 3128 3121 ut
3153 3067 3345 3138 dignus
3372 3068 3630 3125 habeatur

2053 3171 2222 3226 regno
2245 3199 2260 3222 ,
2289 3157 2383 3211 sed
2413 3166 2580 3211 totum
2621 3165 2703 3211 est
2727 3172 2790 3211 ex
2826 3157 2916 3212 Dei
2947 3156 3112 3210 dono.
3145 3157 3431 3226 Propterea
3460 3158 3623 3224 dicit,

2051 3246 2179 3302 Cum
2227 3248 2442 3318 feceritis
2509 3249 2710 3314 omnia,
2759 3248 2928 3314 dicite,
2981 3249 3123 3302 Serui
3173 3248 3372 3302 inutiles
3414 3264 3630 3302 sumus:

2047 3358 2172 3396 nam
2233 3357 2346 3410 qua:
2388 3340 2646 3393 debuimus
2693 3342 2894 3410 facere,
2936 3339 3140 3409 fecimus
3167 3337 3329 3409 (Luc.
3375 3339 3460 3392 17.
3497 3338 3622 3408 l0).

2053 3433 2120 3488 In
2158 3442 2351 3504 partem
2391 3432 2542 3486 sortis
2591 3439 2881 3486 sanctorum
2917 3430 2971 3484 iu
3009 3430 3234 3492 lumine;
3277 3427 3378 3482 hoc
3404 3437 3524 3493 est,
3567 3429 3620 3482 in

2047 3525 2375 3596 cognitione.
2425 3523 2646 3577 Videtur
2675 3532 2853 3577 autem
2891 3521 3020 3576 mihi
3054 3521 3215 3576 simul
3257 3520 3435 3576 dicere
3465 3531 3519 3575 et
3553 3520 3624 3575 de

2052 3617 2402 3687 prmsentibus
2433 3625 2487 3670 et
2511 3615 2579 3672 de
2603 3615 2812 3670 futuris.
2843 3615 3047 3669 Deinde
3071 3613 3306 3669 ostendit
3325 3628 3409 3678 ca,
3435 3614 3626 3684 quibus

2052 3707 2196 3778 digni
2241 3721 2424 3762 sumus
2453 3706 2641 3760 habiti.
2671 3705 2854 3775 Neque
2873 3705 3018 3760 enim
3053 3704 3156 3759 hoc
3182 3705 3356 3761 solum
3385 3705 3628 3759 mirabile

2051 3809 2164 3866 est,
2194 3800 2335 3872 quod
2361 3813 2525 3869 regno
2552 3798 2752 3868 dignati
2783 3797 3076 3862 fuerimus;
3112 3795 3206 3852 sed
3238 3797 3398 3854 etiam
3420 3795 3626 3852 adden-

2052 3892 2178 3948 dum
2205 3901 2308 3959 est,
2326 3893 2540 3962 quinam
2563 3905 2682 3946 cum
2707 3903 2947 3946 essemus
2973 3907 2986 3941 :
3013 3902 3118 3942 non
3145 3896 3271 3944 sunt
3291 3887 3433 3941 enim
3457 3887 3623 3956 paria.

2050 3982 2205 4048 Quod
2235 3982 2448 4052 quidem
2489 3980 2615 4035 facit
2651 3981 2814 4034 etiam
2857 3979 2908 4032 in
2942 3977 3179 4046 Epistula
3209 3977 3276 4032 ad
3315 3976 3621 4032 Romanos:

2060 4074 2159 4127 Via:
2185 4075 2316 4127 enim
2340 4088 2430 4142 pro
2461 4074 2606 4143 justo
2633 4071 2744 4140 quis
2772 4071 3011 4122 morietur
3042 4083 3060 4120 :
3086 4083 3179 4137 pro
3207 4067 3337 4120 bone
3357 4067 3487 4120 enim
3514 4069 3624 4134 for-

2053 4173 2184 4217 tasse
2203 4163 2313 4233 quis
2338 4162 2488 4215 audet
2517 4161 2644 4214 mori
2669 4161 2844 4230 (Rom.
2869 4159 2924 4213 5.
2953 4159 3031 4226 7).
3069 4158 3153 4212 l3.
3189 4157 3288 4224 Qui
3315 4157 3499 4225 eripuit
3535 4171 3626 4210 nos

2047 4254 2115 4308 de
2142 4261 2383 4324 potestate
2427 4251 2740 4305 tenebrarum
2759 4289 2774 4315 ,
2806 4249 2996 4320 inquit.
3044 4249 3100 4303 In
3131 4248 3223 4302 illo
3248 4255 3418 4302 totum
3462 4247 3622 4302 situm

2048 4353 2150 4409 est,
2179 4352 2234 4399 et
2261 4343 2376 4398 haec
2409 4341 2536 4399 dare
2561 4351 2614 4397 et
2643 4342 2728 4396 illa
2754 4359 2768 4395 :
2801 4354 3060 4409 nusquam
3095 4339 3238 4394 enim
3272 4345 3511 4392 nostrum
3542 4344 3625 4390 est

2050 4435 2192 4506 quod
2227 4445 2374 4490 recte
2403 4435 2624 4505 geritur.
2657 4432 2734 4487 De
2763 4441 3006 4503 potestate
3031 4431 3382 4495 tenebrarum,
3417 4428 3619 4498 inquit;

2051 4526 2154 4582 hoc
2174 4528 2558 4590 est,aberrore
2579 4565 2597 4591 ,
2627 4539 2656 4578 a
2681 4522 2878 4578 diaboli
2913 4520 3209 4592 tyrannide.
3239 4519 3356 4574 Non
3381 4518 3514 4574 dixit
3537 4531 3626 4571 so-
3679 4587 3686 4600 ι

2050 4616 2159 4670 lum
2188 4657 2202 4680 ,
2235 4615 2309 4669 De
2338 4614 2572 4669 tenebris
2594 4653 2609 4678 ,
2643 4613 2735 4668 sed
2759 4652 2777 4677 ,
2827 4611 2906 4664 De
2937 4619 3180 4680 potestate
3204 4625 3223 4662 :
3253 4609 3305 4662 in
3353 4623 3450 4662 nos
3479 4608 3621 4662 enim

2051 4722 2295 4776 magnam
2343 4705 2528 4759 habuit
2573 4713 2928 4773 potestatem,
2975 4711 3030 4755 et
3071 4701 3122 4754 in
3169 4714 3266 4754 nos
3293 4699 3620 4752 dominatqu

2048 4796 2296 4850 obtinuit.
2332 4795 2425 4848 Est
2444 4794 2584 4849 enim
2610 4809 2771 4863 grave
2792 4792 2870 4846 vel
2899 4791 3069 4846 solmn
3097 4804 3216 4846 esse
3235 4788 3336 4844 sub
3360 4788 3574 4842 diabolo
3603 4803 3617 4850 ;

2051 4901 2172 4940 eum
2210 4894 2473 4955 potestate
2515 4895 2692 4940 autem
2717 4925 2732 4949 ,
2765 4893 2846 4938 est
2895 4882 2995 4936 boc
3033 4897 3242 4951 quoque
3287 4880 3520 4950 gravius.
3555 4877 3623 4930 Et

2046 4979 2327 5042 transtulit,
2361 4978 2549 5046 inquit,
2579 4978 2630 5030 in
2658 4992 2867 5045 regnum
2895 4973 3019 5028 Filii
3049 4971 3328 5027 dilectionis
3353 4986 3478 5025 suat.
3507 4969 3620 5023 Non

2051 5083 2180 5138 ergo
2208 5067 2380 5122 solum
2427 5068 2477 5120 in
2523 5066 2838 5120 liberatione
2863 5080 2890 5117 a
2935 5063 3169 5118 tenebris
3207 5060 3440 5118 ostendit
3470 5074 3619 5113 suam

2051 5159 2430 5230 benignitatem
2461 5177 2471 5211 :
2503 5173 2749 5228 magnum
2781 5155 2994 5224 quidem
3023 5163 3101 5209 est
3134 5153 3386 5209 liberasse
3414 5166 3444 5204 a
3473 5159 3622 5206 tene-

2050 5255 2182 5316 bris,
2214 5253 2268 5307 in
2298 5267 2517 5321 regnum
2547 5262 2723 5303 autem
2752 5249 2910 5302 etiam
2941 5246 3320 5310 introduxisse,
3344 5251 3425 5300 est
3457 5242 3623 5295 multo

2052 5345 2242 5413 majus.
2274 5343 2408 5397 Vide
2435 5355 2562 5410 ergo
2606 5355 2764 5408 quam
2802 5338 3073 5404 multiplex
3120 5336 3189 5390 sit
3213 5335 3445 5396 donum;
3477 5329 3617 5398 quod

2052 5436 2105 5488 in
2129 5435 2236 5487 imo
2251 5432 2492 5502 jacentes
2516 5445 2612 5482 nos
2634 5427 2936 5482 liberaverit
2959 5441 2973 5488 ;
2998 5424 3136 5494 quod
3169 5438 3272 5476 non
3299 5421 3469 5476 solum
3498 5418 3621 5472 libe-

2051 5526 2265 5589 raverit,
2296 5524 2388 5578 sed
2417 5532 2574 5576 etiam
2605 5520 2657 5574 in
2689 5534 2909 5589 regnum
2938 5516 3286 5572 transtulerit.
3315 5513 3411 5578 Qui
3436 5509 3617 5573 (ripttil

2052 5637 2160 5672 nos.
2191 5621 2302 5673 bon
2333 5624 2486 5687 dixit,
2519 5622 2687 5689 chcit
2711 5662 2726 5689 ,
2771 5627 2862 5681 sed
2889 5663 2904 5691 ,
2939 5619 3158 5686 Eripuit,
3186 5615 3472 5668 ostendens
3501 5617 3613 5654 nta-
