  <div class='ocr_page' id='page_1' title='image "/cluster/home/n/w/nwhite01/storage/ocr_20150623/62/mdp.39015008622626/319.png"; bbox 0 0 4026 6148; ppageno 0'>
   <div class='ocr_carea' id='block_1_1' title="bbox 406 365 522 422">
    <p class='ocr_par' dir='ltr' id='par_1_1' title="bbox 406 365 522 422">
     <span class='ocr_line' id='line_1_1' title="bbox 406 365 522 422; baseline 0.009 -1"><span class='ocrx_word' id='word_1_1' title='bbox 406 365 522 422; x_wconf 74' lang='grc' dir='ltr'>-Ξιὸ</span> 
     </span>
    </p>
   </div>
   <div class='ocr_carea' id='block_1_2' title="bbox 415 473 1986 549">
    <p class='ocr_par' dir='ltr' id='par_1_2' title="bbox 415 473 1986 549">
     <span class='ocr_line' id='line_1_2' title="bbox 415 473 1986 549; baseline -0.004 -16"><span class='ocrx_word' id='word_1_2' title='bbox 415 482 701 545; x_wconf 81' lang='grc' dir='ltr'>σκότους,</span> <span class='ocrx_word' id='word_1_3' title='bbox 725 478 856 549; x_wconf 87' lang='grc' dir='ltr'>φησί</span> <span class='ocrx_word' id='word_1_4' title='bbox 879 495 892 510; x_wconf 87' lang='grc'><strong>·</strong></span> <span class='ocrx_word' id='word_1_5' title='bbox 932 478 1192 541; x_wconf 84' lang='grc' dir='ltr'>τουτέστι,</span> <span class='ocrx_word' id='word_1_6' title='bbox 1228 478 1327 547; x_wconf 89' lang='grc' dir='ltr'>τῆς</span> <span class='ocrx_word' id='word_1_7' title='bbox 1358 478 1587 548; x_wconf 82' lang='grc' dir='ltr'>πλάνης,</span> <span class='ocrx_word' id='word_1_8' title='bbox 1615 475 1707 529; x_wconf 86' lang='grc' dir='ltr'>τοῦ</span> <span class='ocrx_word' id='word_1_9' title='bbox 1741 473 1986 529; x_wconf 75' lang='grc' dir='ltr'>διαϐόλου</span> 
     </span>
    </p>
   </div>
   <div class='ocr_carea' id='block_1_3' title="bbox 416 558 1985 634">
    <p class='ocr_par' dir='ltr' id='par_1_3' title="bbox 416 558 1985 634">
     <span class='ocr_line' id='line_1_3' title="bbox 416 558 1985 634; baseline 0 -19"><span class='ocrx_word' id='word_1_10' title='bbox 416 563 517 633; x_wconf 87' lang='grc' dir='ltr'>τῆς</span> <span class='ocrx_word' id='word_1_11' title='bbox 548 562 878 634; x_wconf 79' lang='grc' dir='ltr'>τυραννίδος.</span> <span class='ocrx_word' id='word_1_12' title='bbox 939 562 1055 617; x_wconf 89' lang='grc' dir='ltr'>Οὐκ</span> <span class='ocrx_word' id='word_1_13' title='bbox 1111 558 1263 616; x_wconf 77' lang='grc' dir='ltr'>εἶπεν</span> <span class='ocrx_word' id='word_1_14' title='bbox 1301 562 1508 628; x_wconf 82' lang='grc' dir='ltr'>ἁπλῶς,</span> <span class='ocrx_word' id='word_1_15' title='bbox 1558 564 1802 629; x_wconf 76' lang='grc' dir='ltr'>σκότους,</span> <span class='ocrx_word' id='word_1_16' title='bbox 1850 561 1985 627; x_wconf 87' lang='grc' dir='ltr'>ἀλλ’,</span> 
     </span>
    </p>
   </div>
   <div class='ocr_carea' id='block_1_4' title="bbox 429 646 1985 721">
    <p class='ocr_par' dir='ltr' id='par_1_4' title="bbox 429 646 1985 721">
     <span class='ocr_line' id='line_1_4' title="bbox 429 646 1985 721; baseline -0.002 -18"><span class='ocrx_word' id='word_1_17' title='bbox 429 649 778 715; x_wconf 78' lang='grc' dir='ltr'>Ἔξουσίας·</span> <span class='ocrx_word' id='word_1_18' title='bbox 841 649 1043 717; x_wconf 83' lang='grc' dir='ltr'>πολλὴν</span> <span class='ocrx_word' id='word_1_19' title='bbox 1092 648 1200 720; x_wconf 81' lang='grc' dir='ltr'>γὰρ</span> <span class='ocrx_word' id='word_1_20' title='bbox 1238 650 1398 721; x_wconf 89' lang='grc' dir='ltr'>ἡμῶν</span> <span class='ocrx_word' id='word_1_21' title='bbox 1439 646 1553 720; x_wconf 77' lang='grc' dir='ltr'>εἶχε</span> <span class='ocrx_word' id='word_1_22' title='bbox 1586 649 1682 721; x_wconf 83' lang='grc' dir='ltr'>τὴν</span> <span class='ocrx_word' id='word_1_23' title='bbox 1714 648 1985 714; x_wconf 80' lang='grc' dir='ltr'>ἐξουσίαν,</span> 
     </span>
    </p>
   </div>
   <div class='ocr_carea' id='block_1_5' title="bbox 416 734 1988 807">
    <p class='ocr_par' dir='ltr' id='par_1_5' title="bbox 416 734 1988 807">
     <span class='ocr_line' id='line_1_5' title="bbox 416 734 1988 807; baseline -0.001 -18"><span class='ocrx_word' id='word_1_24' title='bbox 416 736 512 789; x_wconf 79' lang='grc' dir='ltr'>καὶ</span> <span class='ocrx_word' id='word_1_25' title='bbox 544 735 765 806; x_wconf 78' lang='grc' dir='ltr'><strong>ἐκράτει</strong></span> <span class='ocrx_word' id='word_1_26' title='bbox 802 735 980 806; x_wconf 80' lang='grc' dir='ltr'>ἡμῶν.</span> <span class='ocrx_word' id='word_1_27' title='bbox 1024 737 1272 790; x_wconf 82' lang='grc' dir='ltr'>Χαλεπὸν</span> <span class='ocrx_word' id='word_1_28' title='bbox 1327 737 1425 806; x_wconf 81' lang='grc' dir='ltr'>μὲν</span> <span class='ocrx_word' id='word_1_29' title='bbox 1454 737 1562 807; x_wconf 85' lang='grc' dir='ltr'>γὰρ</span> <span class='ocrx_word' id='word_1_30' title='bbox 1595 736 1687 791; x_wconf 78' lang='grc' dir='ltr'>καὶ</span> <span class='ocrx_word' id='word_1_31' title='bbox 1716 736 1777 789; x_wconf 82' lang='grc' dir='ltr'>τὸ</span> <span class='ocrx_word' id='word_1_32' title='bbox 1804 734 1988 797; x_wconf 87' lang='grc' dir='ltr'>ἀπλῶς</span> 
     </span>
    </p>
   </div>
   <div class='ocr_carea' id='block_1_6' title="bbox 413 818 1983 893">
    <p class='ocr_par' dir='ltr' id='par_1_6' title="bbox 413 818 1983 893">
     <span class='ocr_line' id='line_1_6' title="bbox 413 818 1983 893; baseline 0.001 -19"><span class='ocrx_word' id='word_1_33' title='bbox 413 818 554 875; x_wconf 80' lang='grc' dir='ltr'>εἶναι</span> <span class='ocrx_word' id='word_1_34' title='bbox 605 822 709 875; x_wconf 83' lang='grc' dir='ltr'>ὑπὸ</span> <span class='ocrx_word' id='word_1_35' title='bbox 769 820 846 891; x_wconf 83' lang='grc' dir='ltr'>τῷ</span> <span class='ocrx_word' id='word_1_36' title='bbox 897 822 1159 893; x_wconf 72' lang='grc' dir='ltr'>διαϐόλῳο</span> <span class='ocrx_word' id='word_1_37' title='bbox 1218 823 1279 877; x_wconf 82' lang='grc' dir='ltr'>τὸ</span> <span class='ocrx_word' id='word_1_38' title='bbox 1308 824 1365 877; x_wconf 82' lang='grc' dir='ltr'>δὲ</span> <span class='ocrx_word' id='word_1_39' title='bbox 1414 824 1509 877; x_wconf 75' lang='grc' dir='ltr'>καὶ</span> <span class='ocrx_word' id='word_1_40' title='bbox 1549 824 1665 893; x_wconf 89' lang='grc' dir='ltr'>μετ’</span> <span class='ocrx_word' id='word_1_41' title='bbox 1716 821 1983 887; x_wconf 85' lang='grc' dir='ltr'>ἐξουσίας,</span> 
     </span>
    </p>
   </div>
   <div class='ocr_carea' id='block_1_7' title="bbox 411 907 1984 982">
    <p class='ocr_par' dir='ltr' id='par_1_7' title="bbox 411 907 1984 982">
     <span class='ocr_line' id='line_1_7' title="bbox 411 907 1984 982; baseline 0.001 -21"><span class='ocrx_word' id='word_1_42' title='bbox 411 909 567 962; x_wconf 86' lang='grc' dir='ltr'>τοῦτο</span> <span class='ocrx_word' id='word_1_43' title='bbox 600 907 998 981; x_wconf 78' lang='grc' dir='ltr'>χαλεπώτερον.</span> <span class='ocrx_word' id='word_1_44' title='bbox 1023 909 1135 965; x_wconf 76' lang='grc' dir='ltr'>Καὶ</span> <span class='ocrx_word' id='word_1_45' title='bbox 1165 912 1525 980; x_wconf 83' lang='grc' dir='ltr'>μετέστησε,</span> <span class='ocrx_word' id='word_1_46' title='bbox 1551 912 1735 982; x_wconf 77' lang='grc' dir='ltr'>φησὶν,</span> <span class='ocrx_word' id='word_1_47' title='bbox 1760 913 1847 976; x_wconf 82' lang='grc' dir='ltr'>εις</span> <span class='ocrx_word' id='word_1_48' title='bbox 1872 910 1984 978; x_wconf 84' lang='grc' dir='ltr'>τὴν</span> 
     </span>
    </p>
   </div>
   <div class='ocr_carea' id='block_1_8' title="bbox 405 995 1984 1068">
    <p class='ocr_par' dir='ltr' id='par_1_8' title="bbox 405 995 1984 1068">
     <span class='ocr_line' id='line_1_8' title="bbox 405 995 1984 1068; baseline 0.002 -19"><span class='ocrx_word' id='word_1_49' title='bbox 405 995 732 1060; x_wconf 76' lang='grc' dir='ltr'>,βασιλείαν</span> <span class='ocrx_word' id='word_1_50' title='bbox 768 997 875 1052; x_wconf 82' lang='grc' dir='ltr'>τοῦ</span> <span class='ocrx_word' id='word_1_51' title='bbox 916 998 1054 1053; x_wconf 82' lang='grc' dir='ltr'>Υίοῦ</span> <span class='ocrx_word' id='word_1_52' title='bbox 1092 998 1203 1066; x_wconf 86' lang='grc' dir='ltr'>τῆς</span> <span class='ocrx_word' id='word_1_53' title='bbox 1227 998 1465 1067; x_wconf 77' lang='grc' dir='ltr'>ἀγάπης</span> <span class='ocrx_word' id='word_1_54' title='bbox 1492 998 1699 1055; x_wconf 77' lang='grc' dir='ltr'>αὐτοῦ.</span> <span class='ocrx_word' id='word_1_55' title='bbox 1737 999 1850 1051; x_wconf 86' lang='grc' dir='ltr'>Οὐκ</span> <span class='ocrx_word' id='word_1_56' title='bbox 1878 999 1984 1068; x_wconf 82' lang='grc' dir='ltr'>ἄρα</span> 
     </span>
    </p>
   </div>
   <div class='ocr_carea' id='block_1_9' title="bbox 411 1081 1982 1155">
    <p class='ocr_par' dir='ltr' id='par_1_9' title="bbox 411 1081 1982 1155">
     <span class='ocr_line' id='line_1_9' title="bbox 411 1081 1982 1155; baseline 0.002 -21"><span class='ocrx_word' id='word_1_57' title='bbox 411 1082 495 1146; x_wconf 82' lang='grc' dir='ltr'>είς</span> <span class='ocrx_word' id='word_1_58' title='bbox 526 1081 625 1152; x_wconf 81' lang='grc' dir='ltr'>τὴν</span> <span class='ocrx_word' id='word_1_59' title='bbox 653 1083 978 1155; x_wconf 80' lang='grc' dir='ltr'>ἀπαλλαγὴν</span> <span class='ocrx_word' id='word_1_60' title='bbox 1011 1084 1103 1138; x_wconf 88' lang='grc' dir='ltr'>τοῦ</span> <span class='ocrx_word' id='word_1_61' title='bbox 1137 1085 1361 1147; x_wconf 83' lang='grc' dir='ltr'>σκότους</span> <span class='ocrx_word' id='word_1_62' title='bbox 1394 1086 1554 1155; x_wconf 89' lang='grc' dir='ltr'>μόνον</span> <span class='ocrx_word' id='word_1_63' title='bbox 1589 1085 1788 1150; x_wconf 76' lang='grc' dir='ltr'>ἔδειξεν</span> <span class='ocrx_word' id='word_1_64' title='bbox 1818 1082 1982 1138; x_wconf 85' lang='grc' dir='ltr'>αὐτοῦ</span> 
     </span>
    </p>
   </div>
   <div class='ocr_carea' id='block_1_10' title="bbox 409 1166 1982 1242">
    <p class='ocr_par' dir='ltr' id='par_1_10' title="bbox 409 1166 1982 1242">
     <span class='ocr_line' id='line_1_10' title="bbox 409 1166 1982 1242; baseline 0.003 -22"><span class='ocrx_word' id='word_1_65' title='bbox 409 1167 508 1239; x_wconf 81' lang='grc' dir='ltr'>τὴν</span> <span class='ocrx_word' id='word_1_66' title='bbox 530 1167 962 1240; x_wconf 82' lang='grc' dir='ltr'>φιλανθρωπίαν.</span> <span class='ocrx_word' id='word_1_67' title='bbox 999 1171 1160 1240; x_wconf 83' lang='grc' dir='ltr'>Μέγα</span> <span class='ocrx_word' id='word_1_68' title='bbox 1192 1171 1290 1242; x_wconf 83' lang='grc' dir='ltr'>μὲν</span> <span class='ocrx_word' id='word_1_69' title='bbox 1310 1166 1402 1225; x_wconf 77' lang='grc' dir='ltr'>οὖν</span> <span class='ocrx_word' id='word_1_70' title='bbox 1423 1171 1516 1223; x_wconf 75' lang='grc' dir='ltr'>καὶ</span> <span class='ocrx_word' id='word_1_71' title='bbox 1547 1172 1607 1223; x_wconf 82' lang='grc' dir='ltr'>τὸ</span> <span class='ocrx_word' id='word_1_72' title='bbox 1637 1169 1729 1224; x_wconf 88' lang='grc' dir='ltr'>τοῦ</span> <span class='ocrx_word' id='word_1_73' title='bbox 1759 1172 1982 1233; x_wconf 80' lang='grc' dir='ltr'>σκότους</span> 
     </span>
    </p>
   </div>
   <div class='ocr_carea' id='block_1_11' title="bbox 410 1255 1981 1327">
    <p class='ocr_par' dir='ltr' id='par_1_11' title="bbox 410 1255 1981 1327">
     <span class='ocr_line' id='line_1_11' title="bbox 410 1255 1981 1327; baseline 0.002 -20"><span class='ocrx_word' id='word_1_74' title='bbox 410 1255 751 1323; x_wconf 72' lang='grc' dir='ltr'>ἀπαλλάξαιο</span> <span class='ocrx_word' id='word_1_75' title='bbox 829 1256 890 1310; x_wconf 83' lang='grc' dir='ltr'>τὸ</span> <span class='ocrx_word' id='word_1_76' title='bbox 933 1257 989 1311; x_wconf 82' lang='grc' dir='ltr'>δὲ</span> <span class='ocrx_word' id='word_1_77' title='bbox 1041 1255 1137 1312; x_wconf 74' lang='grc' dir='ltr'>καὶ</span> <span class='ocrx_word' id='word_1_78' title='bbox 1188 1259 1266 1323; x_wconf 81' lang='grc' dir='ltr'>εἰς</span> <span class='ocrx_word' id='word_1_79' title='bbox 1323 1256 1600 1327; x_wconf 83' lang='grc' dir='ltr'>βασιλείαν</span> <span class='ocrx_word' id='word_1_80' title='bbox 1649 1259 1981 1327; x_wconf 73' lang='grc' dir='ltr'>εἰσαγαγεῖν,</span> 
     </span>
    </p>
   </div>
   <div class='ocr_carea' id='block_1_12' title="bbox 412 1340 1984 1416">
    <p class='ocr_par' dir='ltr' id='par_1_12' title="bbox 412 1340 1984 1416">
     <span class='ocr_line' id='line_1_12' title="bbox 412 1340 1984 1416; baseline 0.004 -24"><span class='ocrx_word' id='word_1_81' title='bbox 412 1340 592 1413; x_wconf 80' lang='grc' dir='ltr'>πολλῷ</span> <span class='ocrx_word' id='word_1_82' title='bbox 624 1343 829 1413; x_wconf 74' lang='grc' dir='ltr'>μεῖζον.</span> <span class='ocrx_word' id='word_1_83' title='bbox 849 1344 992 1416; x_wconf 85' lang='grc' dir='ltr'>Ὅρα</span> <span class='ocrx_word' id='word_1_84' title='bbox 1022 1341 1115 1398; x_wconf 82' lang='grc' dir='ltr'>οῦν</span> <span class='ocrx_word' id='word_1_85' title='bbox 1159 1345 1276 1410; x_wconf 88' lang='grc' dir='ltr'>πῶς</span> <span class='ocrx_word' id='word_1_86' title='bbox 1305 1344 1644 1400; x_wconf 82' lang='grc' dir='ltr'>πολύπλοκον</span> <span class='ocrx_word' id='word_1_87' title='bbox 1686 1346 1893 1415; x_wconf 87' lang='grc' dir='ltr'>γίνεται</span> <span class='ocrx_word' id='word_1_88' title='bbox 1924 1345 1984 1399; x_wconf 76' lang='grc' dir='ltr'>τὸ</span> 
     </span>
    </p>
   </div>
   <div class='ocr_carea' id='block_1_13' title="bbox 390 1426 1979 1503">
    <p class='ocr_par' dir='ltr' id='par_1_13' title="bbox 390 1426 1979 1503">
     <span class='ocr_line' id='line_1_13' title="bbox 390 1426 1979 1503; baseline 0.003 -23"><span class='ocrx_word' id='word_1_89' title='bbox 390 1426 604 1499; x_wconf 77' lang='grc' dir='ltr'>δῶρον,</span> <span class='ocrx_word' id='word_1_90' title='bbox 661 1431 746 1482; x_wconf 83' lang='grc' dir='ltr'>ὄτι</span> <span class='ocrx_word' id='word_1_91' title='bbox 802 1431 861 1484; x_wconf 92' lang='grc' dir='ltr'>ἐν</span> <span class='ocrx_word' id='word_1_92' title='bbox 907 1432 984 1501; x_wconf 82' lang='grc' dir='ltr'>τῷ</span> <span class='ocrx_word' id='word_1_93' title='bbox 1042 1431 1276 1502; x_wconf 77' lang='grc' dir='ltr'>πυθμένι</span> <span class='ocrx_word' id='word_1_94' title='bbox 1338 1433 1622 1503; x_wconf 79' lang='grc' dir='ltr'>κειμένους</span> <span class='ocrx_word' id='word_1_95' title='bbox 1673 1430 1979 1503; x_wconf 74' lang='grc' dir='ltr'>ἀπήλλαξεν</span> 
     </span>
    </p>
   </div>
   <div class='ocr_carea' id='block_1_14' title="bbox 411 1518 1974 1592">
    <p class='ocr_par' dir='ltr' id='par_1_14' title="bbox 411 1518 1974 1592">
     <span class='ocr_line' id='line_1_14' title="bbox 411 1518 1974 1592; baseline 0.003 -22"><span class='ocrx_word' id='word_1_96' title='bbox 411 1518 580 1586; x_wconf 81' lang='grc' dir='ltr'>ἡμᾶς,</span> <span class='ocrx_word' id='word_1_97' title='bbox 608 1518 698 1571; x_wconf 85' lang='grc' dir='ltr'>’ὃτι</span> <span class='ocrx_word' id='word_1_98' title='bbox 732 1520 831 1577; x_wconf 87' lang='grc' dir='ltr'>οὐκ</span> <span class='ocrx_word' id='word_1_99' title='bbox 852 1520 1134 1591; x_wconf 78' lang='grc' dir='ltr'>ἀπήλλαξε</span> <span class='ocrx_word' id='word_1_100' title='bbox 1175 1522 1353 1591; x_wconf 87' lang='grc' dir='ltr'>μόνον,</span> <span class='ocrx_word' id='word_1_101' title='bbox 1394 1521 1530 1576; x_wconf 84' lang='grc' dir='ltr'>ἀλλὰ</span> <span class='ocrx_word' id='word_1_102' title='bbox 1558 1522 1649 1576; x_wconf 65' lang='grc' dir='ltr'>καὶ</span> <span class='ocrx_word' id='word_1_103' title='bbox 1678 1522 1974 1592; x_wconf 79' lang='grc' dir='ltr'>μετέθηκεν</span> 
     </span>
    </p>
   </div>
   <div class='ocr_carea' id='block_1_15' title="bbox 398 1603 1977 1677">
    <p class='ocr_par' dir='ltr' id='par_1_15' title="bbox 398 1603 1977 1677">
     <span class='ocr_line' id='line_1_15' title="bbox 398 1603 1977 1677; baseline 0.003 -21"><span class='ocrx_word' id='word_1_104' title='bbox 398 1605 491 1665; x_wconf 69' lang='grc' dir='ltr'>είς</span> <span class='ocrx_word' id='word_1_105' title='bbox 520 1603 815 1673; x_wconf 84' lang='grc' dir='ltr'>βασιλείαν.</span> <span class='ocrx_word' id='word_1_106' title='bbox 849 1608 945 1672; x_wconf 78' lang='grc' dir='ltr'>’ος</span> <span class='ocrx_word' id='word_1_107' title='bbox 998 1608 1291 1675; x_wconf 76' lang='grc' dir='ltr'>ἐρῤὐσατο</span> <span class='ocrx_word' id='word_1_108' title='bbox 1337 1606 1514 1677; x_wconf 80' lang='grc' dir='ltr'>ἡμᾶς.</span> <span class='ocrx_word' id='word_1_109' title='bbox 1542 1609 1654 1663; x_wconf 85' lang='grc' dir='ltr'>Οὐκ</span> <span class='ocrx_word' id='word_1_110' title='bbox 1684 1604 1855 1674; x_wconf 82' lang='grc' dir='ltr'>εἶπεν,</span> <span class='ocrx_word' id='word_1_111' title='bbox 1891 1608 1977 1673; x_wconf 54' lang='grc' dir='ltr'>ἐξα</span> 
     </span>
    </p>
   </div>
   <div class='ocr_carea' id='block_1_16' title="bbox 412 1688 1979 1768">
    <p class='ocr_par' dir='ltr' id='par_1_16' title="bbox 412 1688 1979 1768">
     <span class='ocr_line' id='line_1_16' title="bbox 412 1688 1979 1768; baseline 0.006 -26"><span class='ocrx_word' id='word_1_112' title='bbox 412 1688 627 1754; x_wconf 79' lang='grc' dir='ltr'>έὸαλεν,</span> <span class='ocrx_word' id='word_1_113' title='bbox 655 1693 790 1758; x_wconf 81' lang='grc' dir='ltr'>ἀλλ’,</span> <span class='ocrx_word' id='word_1_114' title='bbox 829 1694 1170 1762; x_wconf 73' lang='grc' dir='ltr'>Ἐρῤύσατο,</span> <span class='ocrx_word' id='word_1_115' title='bbox 1208 1694 1304 1765; x_wconf 82' lang='grc' dir='ltr'>τὴν</span> <span class='ocrx_word' id='word_1_116' title='bbox 1360 1695 1558 1767; x_wconf 78' lang='grc' dir='ltr'>πολλὴν</span> <span class='ocrx_word' id='word_1_117' title='bbox 1605 1697 1979 1768; x_wconf 72' lang='grc' dir='ltr'>ταλαιπωρίαν</span> 
     </span>
    </p>
   </div>
   <div class='ocr_carea' id='block_1_17' title="bbox 401 1775 1980 1854">
    <p class='ocr_par' dir='ltr' id='par_1_17' title="bbox 401 1775 1980 1854">
     <span class='ocr_line' id='line_1_17' title="bbox 401 1775 1980 1854; baseline 0.006 -26"><span class='ocrx_word' id='word_1_118' title='bbox 401 1775 622 1841; x_wconf 81' lang='grc' dir='ltr'>δεικνὺς</span> <span class='ocrx_word' id='word_1_119' title='bbox 653 1778 831 1849; x_wconf 80' lang='grc' dir='ltr'>ἡμῶν,</span> <span class='ocrx_word' id='word_1_120' title='bbox 874 1783 983 1835; x_wconf 76' lang='grc' dir='ltr'>καὶ</span> <span class='ocrx_word' id='word_1_121' title='bbox 1031 1782 1252 1836; x_wconf 77' lang='grc' dir='ltr'>ἐκείνων</span> <span class='ocrx_word' id='word_1_122' title='bbox 1296 1782 1393 1854; x_wconf 78' lang='grc' dir='ltr'>τὴν</span> <span class='ocrx_word' id='word_1_123' title='bbox 1419 1783 1814 1854; x_wconf 77' lang='grc' dir='ltr'>αἰχμαλωσίαν.</span> <span class='ocrx_word' id='word_1_124' title='bbox 1848 1780 1980 1838; x_wconf 81' lang='grc' dir='ltr'>Εἶτα</span> 
     </span>
    </p>
   </div>
   <div class='ocr_carea' id='block_1_18' title="bbox 386 1861 1978 1941">
    <p class='ocr_par' dir='ltr' id='par_1_18' title="bbox 386 1861 1978 1941">
     <span class='ocr_line' id='line_1_18' title="bbox 386 1861 1978 1941; baseline 0.008 -30"><span class='ocrx_word' id='word_1_125' title='bbox 386 1861 504 1914; x_wconf 75' lang='grc' dir='ltr'>καὶ</span> <span class='ocrx_word' id='word_1_126' title='bbox 531 1862 592 1915; x_wconf 83' lang='grc' dir='ltr'>τὸ</span> <span class='ocrx_word' id='word_1_127' title='bbox 622 1862 843 1919; x_wconf 73' lang='grc' dir='ltr'>εὔκολον</span> <span class='ocrx_word' id='word_1_128' title='bbox 891 1866 990 1935; x_wconf 90' lang='grc' dir='ltr'>τῆς</span> <span class='ocrx_word' id='word_1_129' title='bbox 1028 1866 1124 1920; x_wconf 82' lang='grc' dir='ltr'>τοῦ</span> <span class='ocrx_word' id='word_1_130' title='bbox 1158 1868 1293 1921; x_wconf 89' lang='grc' dir='ltr'>Θεοῦ</span> <span class='ocrx_word' id='word_1_131' title='bbox 1336 1870 1647 1939; x_wconf 50' lang='grc' dir='ltr'>δυνάμεως</span> <span class='ocrx_word' id='word_1_132' title='bbox 1685 1871 1792 1925; x_wconf 79' lang='grc' dir='ltr'>Καὶ</span> <span class='ocrx_word' id='word_1_133' title='bbox 1838 1887 1978 1941; x_wconf 55' lang='grc' dir='ltr'>μετ-</span> 
     </span>
    </p>
   </div>
   <div class='ocr_carea' id='block_1_19' title="bbox 404 1945 1980 2028">
    <p class='ocr_par' dir='ltr' id='par_1_19' title="bbox 404 1945 1980 2028">
     <span class='ocr_line' id='line_1_19' title="bbox 404 1945 1980 2028; baseline 0.007 -27"><span class='ocrx_word' id='word_1_134' title='bbox 404 1945 652 2016; x_wconf 70' lang='grc' dir='ltr'>έστησε,</span> <span class='ocrx_word' id='word_1_135' title='bbox 705 1951 905 2021; x_wconf 83' lang='grc' dir='ltr'>φησίν·</span> <span class='ocrx_word' id='word_1_136' title='bbox 964 1952 1153 2024; x_wconf 78' lang='grc' dir='ltr'>ὥσπερ</span> <span class='ocrx_word' id='word_1_137' title='bbox 1186 1954 1251 2008; x_wconf 84' lang='grc' dir='ltr'>ἂν</span> <span class='ocrx_word' id='word_1_138' title='bbox 1283 1953 1337 2007; x_wconf 82' lang='grc' dir='ltr'>εί</span> <span class='ocrx_word' id='word_1_139' title='bbox 1360 1972 1445 2017; x_wconf 85' lang='grc' dir='ltr'>τις</span> <span class='ocrx_word' id='word_1_140' title='bbox 1488 1956 1823 2028; x_wconf 84' lang='grc' dir='ltr'>στρατιώτην</span> <span class='ocrx_word' id='word_1_141' title='bbox 1872 1958 1980 2012; x_wconf 84' lang='grc' dir='ltr'>ἀπὸ</span> 
     </span>
    </p>
   </div>
   <div class='ocr_carea' id='block_1_20' title="bbox 404 2035 1980 2116">
    <p class='ocr_par' dir='ltr' id='par_1_20' title="bbox 404 2035 1980 2116">
     <span class='ocr_line' id='line_1_20' title="bbox 404 2035 1980 2116; baseline 0.008 -29"><span class='ocrx_word' id='word_1_142' title='bbox 404 2035 574 2090; x_wconf 80' lang='grc' dir='ltr'>τόπου</span> <span class='ocrx_word' id='word_1_143' title='bbox 607 2039 685 2101; x_wconf 86' lang='grc' dir='ltr'>είς</span> <span class='ocrx_word' id='word_1_144' title='bbox 722 2039 887 2093; x_wconf 84' lang='grc' dir='ltr'>τόπον</span> <span class='ocrx_word' id='word_1_145' title='bbox 932 2042 1256 2110; x_wconf 80' lang='grc' dir='ltr'>μεταγάγοι.</span> <span class='ocrx_word' id='word_1_146' title='bbox 1298 2042 1405 2096; x_wconf 75' lang='grc' dir='ltr'>Καὶ</span> <span class='ocrx_word' id='word_1_147' title='bbox 1431 2043 1531 2097; x_wconf 91' lang='grc' dir='ltr'>οὐκ</span> <span class='ocrx_word' id='word_1_148' title='bbox 1562 2039 1703 2111; x_wconf 79' lang='grc' dir='ltr'>εἷπε,</span> <span class='ocrx_word' id='word_1_149' title='bbox 1742 2047 1980 2116; x_wconf 85' lang='grc' dir='ltr'>μετήγα-</span> 
     </span>
    </p>
   </div>
   <div class='ocr_carea' id='block_1_21' title="bbox 406 2123 1978 2202">
    <p class='ocr_par' dir='ltr' id='par_1_21' title="bbox 406 2123 1978 2202">
     <span class='ocr_line' id='line_1_21' title="bbox 406 2123 1978 2202; baseline 0.008 -27"><span class='ocrx_word' id='word_1_150' title='bbox 406 2137 522 2190; x_wconf 80' lang='grc' dir='ltr'>γεν,</span> <span class='ocrx_word' id='word_1_151' title='bbox 548 2123 667 2177; x_wconf 81' lang='grc' dir='ltr'>οὐδὲ</span> <span class='ocrx_word' id='word_1_152' title='bbox 697 2125 962 2196; x_wconf 83' lang='grc' dir='ltr'>μετέθηκε</span> <span class='ocrx_word' id='word_1_153' title='bbox 989 2143 1002 2156; x_wconf 79' lang='grc'><em>’</em></span> <span class='ocrx_word' id='word_1_154' title='bbox 1041 2127 1103 2181; x_wconf 84' lang='grc' dir='ltr'>τὸ</span> <span class='ocrx_word' id='word_1_155' title='bbox 1135 2128 1233 2198; x_wconf 88' lang='grc' dir='ltr'>μέν</span> <span class='ocrx_word' id='word_1_156' title='bbox 1261 2129 1367 2200; x_wconf 89' lang='grc' dir='ltr'>γὰρ</span> <span class='ocrx_word' id='word_1_157' title='bbox 1389 2129 1507 2183; x_wconf 84' lang='grc' dir='ltr'>ὅλον</span> <span class='ocrx_word' id='word_1_158' title='bbox 1528 2130 1622 2183; x_wconf 88' lang='grc' dir='ltr'>τοῦ</span> <span class='ocrx_word' id='word_1_159' title='bbox 1659 2132 1978 2202; x_wconf 88' lang='grc' dir='ltr'>μεταθέντος</span> 
     </span>
    </p>
   </div>
   <div class='ocr_carea' id='block_1_22' title="bbox 388 2203 1975 2286">
    <p class='ocr_par' dir='ltr' id='par_1_22' title="bbox 388 2203 1975 2286">
     <span class='ocr_line' id='line_1_22' title="bbox 388 2203 1975 2286; baseline 0.025 -51"><span class='ocrx_word' id='word_1_160' title='bbox 388 2203 495 2279; x_wconf 50' lang='grc' dir='ltr'>’ἦν’</span> <span class='ocrx_word' id='word_1_161' title='bbox 516 2210 577 2262; x_wconf 65' lang='grc' dir='ltr'>οὐ</span> <span class='ocrx_word' id='word_1_162' title='bbox 604 2209 695 2263; x_wconf 72' lang='grc' dir='ltr'>τοῦ</span> <span class='ocrx_word' id='word_1_163' title='bbox 725 2212 1070 2282; x_wconf 73' lang='grc' dir='ltr'>μετελθόντος</span> <span class='ocrx_word' id='word_1_164' title='bbox 1094 2226 1119 2254; x_wconf 78' lang='grc' dir='ltr'>α</span> <span class='ocrx_word' id='word_1_165' title='bbox 1143 2233 1156 2247; x_wconf 86' lang='lat'><strong>-</strong></span> <span class='ocrx_word' id='word_1_166' title='bbox 1189 2215 1344 2279; x_wconf 83' lang='grc' dir='ltr'>ἀλλά,</span> <span class='ocrx_word' id='word_1_167' title='bbox 1372 2216 1779 2286; x_wconf 82' lang='grc' dir='ltr'>Μετέστησεν,</span> <span class='ocrx_word' id='word_1_168' title='bbox 1802 2213 1975 2283; x_wconf 75' lang='grc' dir='ltr'>εἶπεν,</span> 
     </span>
    </p>
   </div>
   <div class='ocr_carea' id='block_1_23' title="bbox 401 2293 1978 2374">
    <p class='ocr_par' dir='ltr' id='par_1_23' title="bbox 401 2293 1978 2374">
     <span class='ocr_line' id='line_1_23' title="bbox 401 2293 1978 2374; baseline 0.008 -27"><span class='ocrx_word' id='word_1_169' title='bbox 401 2293 547 2349; x_wconf 65' lang='grc' dir='ltr'>ὥστε</span> <span class='ocrx_word' id='word_1_170' title='bbox 583 2296 677 2351; x_wconf 79' lang='grc' dir='ltr'>καὶ</span> <span class='ocrx_word' id='word_1_171' title='bbox 712 2298 869 2368; x_wconf 81' lang='grc' dir='ltr'>ἡμῶν</span> <span class='ocrx_word' id='word_1_172' title='bbox 895 2301 990 2353; x_wconf 75' lang='grc' dir='ltr'>καὶ</span> <span class='ocrx_word' id='word_1_173' title='bbox 1018 2300 1183 2354; x_wconf 87' lang='grc' dir='ltr'>αὐτοῦ</span> <span class='ocrx_word' id='word_1_174' title='bbox 1213 2301 1370 2355; x_wconf 88' lang='grc' dir='ltr'>τοῦτο</span> <span class='ocrx_word' id='word_1_175' title='bbox 1411 2303 1689 2372; x_wconf 86' lang='grc' dir='ltr'>γενέσθαι.</span> <span class='ocrx_word' id='word_1_176' title='bbox 1725 2306 1829 2371; x_wconf 74' lang='grc' dir='ltr'>Εἰς</span> <span class='ocrx_word' id='word_1_177' title='bbox 1863 2305 1978 2374; x_wconf 78' lang='grc' dir='ltr'>τὴν</span> 
     </span>
    </p>
   </div>
   <div class='ocr_carea' id='block_1_24' title="bbox 402 2382 1973 2463">
    <p class='ocr_par' dir='ltr' id='par_1_24' title="bbox 402 2382 1973 2463">
     <span class='ocr_line' id='line_1_24' title="bbox 402 2382 1973 2463; baseline 0.007 -30"><span class='ocrx_word' id='word_1_178' title='bbox 402 2382 731 2446; x_wconf 65' lang='grc' dir='ltr'>,ϐασιλείαν</span> <span class='ocrx_word' id='word_1_179' title='bbox 782 2386 889 2439; x_wconf 85' lang='grc' dir='ltr'>τοῦ</span> <span class='ocrx_word' id='word_1_180' title='bbox 956 2387 1091 2442; x_wconf 82' lang='grc' dir='ltr'>Υιοῦ</span> <span class='ocrx_word' id='word_1_181' title='bbox 1147 2387 1258 2457; x_wconf 83' lang='grc' dir='ltr'>τῆς</span> <span class='ocrx_word' id='word_1_182' title='bbox 1306 2389 1543 2459; x_wconf 78' lang='grc' dir='ltr'>ἀγάπης</span> <span class='ocrx_word' id='word_1_183' title='bbox 1594 2392 1800 2446; x_wconf 82' lang='grc' dir='ltr'>αὐτοῦ.</span> <span class='ocrx_word' id='word_1_184' title='bbox 1863 2394 1973 2463; x_wconf 83' lang='grc' dir='ltr'>Οὐχ</span> 
     </span>
    </p>
   </div>
   <div class='ocr_carea' id='block_1_25' title="bbox 405 2467 1971 2550">
    <p class='ocr_par' dir='ltr' id='par_1_25' title="bbox 405 2467 1971 2550">
     <span class='ocr_line' id='line_1_25' title="bbox 405 2467 1971 2550; baseline 0.008 -30"><span class='ocrx_word' id='word_1_185' title='bbox 405 2467 597 2532; x_wconf 69' lang='grc' dir='ltr'>ἁπλῶς</span> <span class='ocrx_word' id='word_1_186' title='bbox 651 2467 791 2537; x_wconf 85' lang='grc' dir='ltr'>εἷπε,</span> <span class='ocrx_word' id='word_1_187' title='bbox 843 2472 1117 2542; x_wconf 83' lang='grc' dir='ltr'>βασιλείαν</span> <span class='ocrx_word' id='word_1_188' title='bbox 1160 2475 1425 2546; x_wconf 81' lang='grc' dir='ltr'>οὐρανῶν,</span> <span class='ocrx_word' id='word_1_189' title='bbox 1468 2475 1603 2529; x_wconf 80' lang='grc' dir='ltr'>ἀλλά</span> <span class='ocrx_word' id='word_1_190' title='bbox 1650 2478 1971 2550; x_wconf 87' lang='grc' dir='ltr'>σεμνότερον</span> 
     </span>
    </p>
   </div>
   <div class='ocr_carea' id='block_1_26' title="bbox 406 2554 1968 2627">
    <p class='ocr_par' dir='ltr' id='par_1_26' title="bbox 406 2554 1968 2627">
     <span class='ocr_line' id='line_1_26' title="bbox 406 2554 1968 2627; baseline 0.009 -21"><span class='ocrx_word' id='word_1_191' title='bbox 406 2554 701 2624; x_wconf 69' lang='grc' dir='ltr'>εἰργάσατο</span> <span class='ocrx_word' id='word_1_192' title='bbox 732 2557 823 2611; x_wconf 82' lang='grc' dir='ltr'>τὸν</span> <span class='ocrx_word' id='word_1_193' title='bbox 849 2558 1027 2627; x_wconf 86' lang='grc' dir='ltr'>λόγον,</span> <span class='ocrx_word' id='word_1_194' title='bbox 1075 2563 1404 2616; x_wconf 75' lang='grc' dir='ltr'>Βασιλείαν</span> <span class='ocrx_word' id='word_1_195' title='bbox 1443 2563 1579 2617; x_wconf 83' lang='grc' dir='ltr'>Υίοῦ</span> <span class='ocrx_word' id='word_1_196' title='bbox 1616 2564 1784 2619; x_wconf 89' lang='grc' dir='ltr'>είπών</span> <span class='ocrx_word' id='word_1_197' title='bbox 1807 2584 1819 2596; x_wconf 91' lang='grc'><strong>·</strong></span> <span class='ocrx_word' id='word_1_198' title='bbox 1853 2564 1968 2620; x_wconf 85' lang='grc' dir='ltr'>τού-</span> 
     </span>
    </p>
   </div>
   <div class='ocr_carea' id='block_1_27' title="bbox 403 2643 1970 2723">
    <p class='ocr_par' dir='ltr' id='par_1_27' title="bbox 403 2643 1970 2723">
     <span class='ocr_line' id='line_1_27' title="bbox 403 2643 1970 2723; baseline 0.008 -29"><span class='ocrx_word' id='word_1_199' title='bbox 403 2657 499 2695; x_wconf 84' lang='grc' dir='ltr'>του</span> <span class='ocrx_word' id='word_1_200' title='bbox 523 2643 633 2716; x_wconf 85' lang='grc' dir='ltr'>γάρ</span> <span class='ocrx_word' id='word_1_201' title='bbox 648 2645 800 2699; x_wconf 82' lang='grc' dir='ltr'>οὐδὲν</span> <span class='ocrx_word' id='word_1_202' title='bbox 832 2647 1014 2716; x_wconf 80' lang='grc' dir='ltr'>μεῖζον</span> <span class='ocrx_word' id='word_1_203' title='bbox 1040 2647 1315 2720; x_wconf 83' lang='grc' dir='ltr'>ἐγκώμιον</span> <span class='ocrx_word' id='word_1_204' title='bbox 1333 2667 1346 2682; x_wconf 83' lang='lat'><strong>&#39;</strong></span> <span class='ocrx_word' id='word_1_205' title='bbox 1376 2649 1405 2702; x_wconf 80' lang='grc' dir='ltr'>ὃ</span> <span class='ocrx_word' id='word_1_206' title='bbox 1429 2652 1769 2723; x_wconf 76' lang='grc' dir='ltr'>καὶάλλαχοῦ</span> <span class='ocrx_word' id='word_1_207' title='bbox 1789 2671 1970 2723; x_wconf 84' lang='grc' dir='ltr'>φησιν·</span> 
     </span>
    </p>
   </div>
   <div class='ocr_carea' id='block_1_28' title="bbox 405 2730 1974 2806">
    <p class='ocr_par' dir='ltr' id='par_1_28' title="bbox 405 2730 1974 2806">
     <span class='ocr_line' id='line_1_28' title="bbox 405 2730 1974 2806; baseline 0.008 -23"><span class='ocrx_word' id='word_1_208' title='bbox 405 2730 478 2784; x_wconf 85' lang='lat' dir='ltr'><strong><em>El</em></strong></span> <span class='ocrx_word' id='word_1_209' title='bbox 509 2731 907 2802; x_wconf 77' lang='grc' dir='ltr'>ὑπομένομεν,</span> <span class='ocrx_word' id='word_1_210' title='bbox 948 2734 1047 2788; x_wconf 78' lang='grc' dir='ltr'>καὶ</span> <span class='ocrx_word' id='word_1_211' title='bbox 1097 2737 1689 2806; x_wconf 77' lang='grc' dir='ltr'>συμϐασιλεύσομεν.</span> <span class='ocrx_word' id='word_1_212' title='bbox 1721 2740 1844 2794; x_wconf 85' lang='grc' dir='ltr'>Τῶν</span> <span class='ocrx_word' id='word_1_213' title='bbox 1875 2743 1974 2795; x_wconf 85' lang='grc' dir='ltr'>αὐ-</span> 
     </span>
    </p>
   </div>
   <div class='ocr_carea' id='block_1_29' title="bbox 404 2814 1975 2900">
    <p class='ocr_par' dir='ltr' id='par_1_29' title="bbox 404 2814 1975 2900">
     <span class='ocr_line' id='line_1_29' title="bbox 404 2814 1975 2900; baseline 0.01 -31"><span class='ocrx_word' id='word_1_214' title='bbox 404 2814 514 2869; x_wconf 87' lang='grc' dir='ltr'>τῶν</span> <span class='ocrx_word' id='word_1_215' title='bbox 548 2817 778 2887; x_wconf 75' lang='grc' dir='ltr'>ἠξίωσεν</span> <span class='ocrx_word' id='word_1_216' title='bbox 798 2823 965 2891; x_wconf 80' lang='grc' dir='ltr'>ἡμᾶς,</span> <span class='ocrx_word' id='word_1_217' title='bbox 1004 2821 1159 2894; x_wconf 76' lang='grc' dir='ltr'>φησὶ,</span> <span class='ocrx_word' id='word_1_218' title='bbox 1194 2822 1271 2891; x_wconf 85' lang='grc' dir='ltr'>τῷ</span> <span class='ocrx_word' id='word_1_219' title='bbox 1301 2822 1413 2895; x_wconf 88' lang='grc' dir='ltr'>Υἱῷ</span> <span class='ocrx_word' id='word_1_220' title='bbox 1433 2840 1447 2855; x_wconf 86' lang='grc'><strong>·</strong></span> <span class='ocrx_word' id='word_1_221' title='bbox 1482 2826 1577 2878; x_wconf 77' lang='grc' dir='ltr'>καὶ</span> <span class='ocrx_word' id='word_1_222' title='bbox 1603 2826 1663 2879; x_wconf 86' lang='grc' dir='ltr'>οὐ</span> <span class='ocrx_word' id='word_1_223' title='bbox 1693 2827 1851 2882; x_wconf 89' lang='grc' dir='ltr'>τοῦτο</span> <span class='ocrx_word' id='word_1_224' title='bbox 1880 2831 1975 2900; x_wconf 90' lang='grc' dir='ltr'>μό-</span> 
     </span>
    </p>
   </div>
   <div class='ocr_carea' id='block_1_30' title="bbox 404 2904 1969 2987">
    <p class='ocr_par' dir='ltr' id='par_1_30' title="bbox 404 2904 1969 2987">
     <span class='ocr_line' id='line_1_30' title="bbox 404 2904 1969 2987; baseline 0.008 -31"><span class='ocrx_word' id='word_1_225' title='bbox 404 2920 516 2968; x_wconf 89' lang='grc' dir='ltr'>νον,</span> <span class='ocrx_word' id='word_1_226' title='bbox 556 2904 693 2959; x_wconf 68' lang='lat' dir='ltr'>am</span> <span class='ocrx_word' id='word_1_227' title='bbox 725 2907 820 2960; x_wconf 77' lang='grc' dir='ltr'>καὶ</span> <span class='ocrx_word' id='word_1_228' title='bbox 854 2909 887 2978; x_wconf 95' lang='grc' dir='ltr'>ἡ</span> <span class='ocrx_word' id='word_1_229' title='bbox 918 2907 1185 2973; x_wconf 73' lang='grc' dir='ltr'>ἐπίτασις,</span> <span class='ocrx_word' id='word_1_230' title='bbox 1235 2908 1313 2979; x_wconf 82' lang='grc' dir='ltr'>τῷ</span> <span class='ocrx_word' id='word_1_231' title='bbox 1361 2910 1651 2983; x_wconf 81' lang='grc' dir='ltr'>ἀγαπητῷ.</span> <span class='ocrx_word' id='word_1_232' title='bbox 1705 2914 1844 2978; x_wconf 75' lang='grc' dir='ltr'>Τοὺς</span> <span class='ocrx_word' id='word_1_233' title='bbox 1880 2918 1969 2987; x_wconf 69' lang='grc' dir='ltr'>ὲχι</span> 
     </span>
    </p>
   </div>
   <div class='ocr_carea' id='block_1_31' title="bbox 405 2990 1972 3076">
    <p class='ocr_par' dir='ltr' id='par_1_31' title="bbox 405 2990 1972 3076">
     <span class='ocr_line' id='line_1_31' title="bbox 405 2990 1972 3076; baseline 0.009 -32"><span class='ocrx_word' id='word_1_234' title='bbox 405 2990 589 3063; x_wconf 77' lang='grc' dir='ltr'>θροῦς,</span> <span class='ocrx_word' id='word_1_235' title='bbox 625 2994 751 3058; x_wconf 75' lang='grc' dir='ltr'>τοὺς</span> <span class='ocrx_word' id='word_1_236' title='bbox 784 2996 1222 3066; x_wconf 87' lang='grc' dir='ltr'>ἐσκοτισμένους,</span> <span class='ocrx_word' id='word_1_237' title='bbox 1254 2997 1450 3070; x_wconf 85' lang='grc' dir='ltr'>ἀθρόον</span> <span class='ocrx_word' id='word_1_238' title='bbox 1480 3017 1581 3053; x_wconf 89' lang='grc' dir='ltr'>που</span> <span class='ocrx_word' id='word_1_239' title='bbox 1618 3002 1816 3068; x_wconf 77' lang='grc' dir='ltr'>αὐτοὺς</span> <span class='ocrx_word' id='word_1_240' title='bbox 1843 3023 1972 3076; x_wconf 85' lang='grc' dir='ltr'>μετ-</span> 
     </span>
    </p>
   </div>
   <div class='ocr_carea' id='block_1_32' title="bbox 396 3079 1970 3163">
    <p class='ocr_par' dir='ltr' id='par_1_32' title="bbox 396 3079 1970 3163">
     <span class='ocr_line' id='line_1_32' title="bbox 396 3079 1970 3163; baseline 0.01 -32"><span class='ocrx_word' id='word_1_241' title='bbox 396 3079 652 3149; x_wconf 76' lang='grc' dir='ltr'>έστησεν,</span> <span class='ocrx_word' id='word_1_242' title='bbox 688 3080 816 3133; x_wconf 80' lang='grc' dir='ltr'>ἔνθα</span> <span class='ocrx_word' id='word_1_243' title='bbox 864 3083 892 3134; x_wconf 98' lang='lat'>0</span> <span class='ocrx_word' id='word_1_244' title='bbox 929 3082 1075 3147; x_wconf 78' lang='grc' dir='ltr'>Υἱὸς,</span> <span class='ocrx_word' id='word_1_245' title='bbox 1110 3085 1189 3146; x_wconf 84' lang='grc' dir='ltr'>είς</span> <span class='ocrx_word' id='word_1_246' title='bbox 1235 3083 1334 3156; x_wconf 76' lang='grc' dir='ltr'>τὴν</span> <span class='ocrx_word' id='word_1_247' title='bbox 1365 3086 1533 3157; x_wconf 83' lang='grc' dir='ltr'>αὐτὴν</span> <span class='ocrx_word' id='word_1_248' title='bbox 1567 3087 1758 3160; x_wconf 85' lang='grc' dir='ltr'>ἐκείνῳ</span> <span class='ocrx_word' id='word_1_249' title='bbox 1783 3093 1970 3163; x_wconf 83' lang='grc' dir='ltr'>τιμήν.</span> 
     </span>
    </p>
   </div>
   <div class='ocr_carea' id='block_1_33' title="bbox 400 3164 1974 3248">
    <p class='ocr_par' dir='ltr' id='par_1_33' title="bbox 400 3164 1974 3248">
     <span class='ocr_line' id='line_1_33' title="bbox 400 3164 1974 3248; baseline 0.01 -31"><span class='ocrx_word' id='word_1_250' title='bbox 400 3164 514 3248; x_wconf 65' lang='grc' dir='ltr'>Καὶ</span> <span class='ocrx_word' id='word_1_251' title='bbox 540 3166 661 3219; x_wconf 81' lang='grc' dir='ltr'>οὐδὲ</span> <span class='ocrx_word' id='word_1_252' title='bbox 693 3167 867 3239; x_wconf 82' lang='grc' dir='ltr'>τούτῳ</span> <span class='ocrx_word' id='word_1_253' title='bbox 896 3169 1142 3241; x_wconf 77' lang='grc' dir='ltr'>ἠρκέσθη</span> <span class='ocrx_word' id='word_1_254' title='bbox 1171 3170 1339 3240; x_wconf 83' lang='grc' dir='ltr'>μόνῳ,</span> <span class='ocrx_word' id='word_1_255' title='bbox 1376 3172 1489 3226; x_wconf 84' lang='grc' dir='ltr'>ἀλλ’</span> <span class='ocrx_word' id='word_1_256' title='bbox 1517 3174 1603 3228; x_wconf 76' lang='grc' dir='ltr'>ἴνα</span> <span class='ocrx_word' id='word_1_257' title='bbox 1634 3174 1780 3248; x_wconf 81' lang='grc' dir='ltr'>δείξῃ</span> <span class='ocrx_word' id='word_1_258' title='bbox 1832 3178 1974 3247; x_wconf 84' lang='grc' dir='ltr'>μέγα</span> 
     </span>
    </p>
   </div>
   <div class='ocr_carea' id='block_1_34' title="bbox 402 3244 1973 3331">
    <p class='ocr_par' dir='ltr' id='par_1_34' title="bbox 402 3244 1973 3331">
     <span class='ocr_line' id='line_1_34' title="bbox 402 3244 1973 3331; baseline 0.01 -27"><span class='ocrx_word' id='word_1_259' title='bbox 402 3244 464 3304; x_wconf 84' lang='grc' dir='ltr'>τὸ</span> <span class='ocrx_word' id='word_1_260' title='bbox 492 3252 684 3324; x_wconf 87' lang='grc' dir='ltr'>δῶρον,</span> <span class='ocrx_word' id='word_1_261' title='bbox 720 3255 822 3308; x_wconf 89' lang='grc' dir='ltr'>οὐκ</span> <span class='ocrx_word' id='word_1_262' title='bbox 869 3256 1112 3327; x_wconf 78' lang='grc' dir='ltr'>ἠρκέσθη</span> <span class='ocrx_word' id='word_1_263' title='bbox 1160 3257 1237 3329; x_wconf 80' lang='grc' dir='ltr'>τῷ</span> <span class='ocrx_word' id='word_1_264' title='bbox 1272 3260 1466 3323; x_wconf 72' lang='grc' dir='ltr'>εἰπεῖν,</span> <span class='ocrx_word' id='word_1_265' title='bbox 1516 3244 1811 3331; x_wconf 81' lang='grc' dir='ltr'>βασιλείαν,</span> <span class='ocrx_word' id='word_1_266' title='bbox 1834 3244 1973 3319; x_wconf 73' lang='grc' dir='ltr'>άλλὰ</span> 
     </span>
    </p>
   </div>
   <div class='ocr_carea' id='block_1_35' title="bbox 401 3339 1973 3418">
    <p class='ocr_par' dir='ltr' id='par_1_35' title="bbox 401 3339 1973 3418">
     <span class='ocr_line' id='line_1_35' title="bbox 401 3339 1973 3418; baseline 0.01 -27"><span class='ocrx_word' id='word_1_267' title='bbox 401 3339 498 3392; x_wconf 72' lang='grc' dir='ltr'>καὶ</span> <span class='ocrx_word' id='word_1_268' title='bbox 522 3340 631 3395; x_wconf 83' lang='grc' dir='ltr'>τοῦ</span> <span class='ocrx_word' id='word_1_269' title='bbox 669 3341 805 3398; x_wconf 82' lang='grc' dir='ltr'>Υίοῦ</span> <span class='ocrx_word' id='word_1_270' title='bbox 829 3344 1171 3416; x_wconf 84' lang='grc' dir='ltr'>προσέθηκε⁶</span> <span class='ocrx_word' id='word_1_271' title='bbox 1221 3346 1312 3399; x_wconf 73' lang='grc' dir='ltr'>καὶ</span> <span class='ocrx_word' id='word_1_272' title='bbox 1337 3346 1458 3400; x_wconf 82' lang='grc' dir='ltr'>οὐδὲ</span> <span class='ocrx_word' id='word_1_273' title='bbox 1491 3348 1685 3418; x_wconf 82' lang='grc' dir='ltr'>τούτῳ,</span> <span class='ocrx_word' id='word_1_274' title='bbox 1716 3350 1855 3405; x_wconf 88' lang='grc' dir='ltr'>ἀλλά</span> <span class='ocrx_word' id='word_1_275' title='bbox 1881 3355 1973 3406; x_wconf 77' lang='grc' dir='ltr'>καὶ</span> 
     </span>
    </p>
   </div>
   <div class='ocr_carea' id='block_1_36' title="bbox 400 3425 1975 3511">
    <p class='ocr_par' dir='ltr' id='par_1_36' title="bbox 400 3425 1975 3511">
     <span class='ocr_line' id='line_1_36' title="bbox 400 3425 1975 3511; baseline 0.009 -30"><span class='ocrx_word' id='word_1_276' title='bbox 400 3425 495 3481; x_wconf 73' lang='grc' dir='ltr'>τοῦ</span> <span class='ocrx_word' id='word_1_277' title='bbox 528 3428 814 3502; x_wconf 81' lang='grc' dir='ltr'>ἀγαπητοῦ</span> <span class='ocrx_word' id='word_1_278' title='bbox 836 3450 849 3463; x_wconf 72' lang='grc'><strong><em>⁸</em></strong></span> <span class='ocrx_word' id='word_1_279' title='bbox 891 3433 986 3488; x_wconf 79' lang='grc' dir='ltr'>καὶ</span> <span class='ocrx_word' id='word_1_280' title='bbox 1006 3434 1127 3488; x_wconf 81' lang='grc' dir='ltr'>οὐδὲ</span> <span class='ocrx_word' id='word_1_281' title='bbox 1148 3434 1342 3507; x_wconf 85' lang='grc' dir='ltr'>τούτῳ,</span> <span class='ocrx_word' id='word_1_282' title='bbox 1373 3436 1508 3490; x_wconf 87' lang='grc' dir='ltr'>ἀλλά</span> <span class='ocrx_word' id='word_1_283' title='bbox 1542 3439 1715 3493; x_wconf 75' lang='grc' dir='ltr'>καὶτὸ</span> <span class='ocrx_word' id='word_1_284' title='bbox 1752 3441 1850 3511; x_wconf 79' lang='grc' dir='ltr'>τῆς</span> <span class='ocrx_word' id='word_1_285' title='bbox 1875 3443 1975 3510; x_wconf 87' lang='grc' dir='ltr'>φύ-</span> 
     </span>
    </p>
   </div>
   <div class='ocr_carea' id='block_1_37' title="bbox 400 3514 1972 3590">
    <p class='ocr_par' dir='ltr' id='par_1_37' title="bbox 400 3514 1972 3590">
     <span class='ocr_line' id='line_1_37' title="bbox 400 3514 1972 3590; baseline 0.01 -26"><span class='ocrx_word' id='word_1_286' title='bbox 400 3527 541 3577; x_wconf 88' lang='grc' dir='ltr'>σεως</span> <span class='ocrx_word' id='word_1_287' title='bbox 575 3514 812 3587; x_wconf 77' lang='grc' dir='ltr'>ἔντιμον.</span> <span class='ocrx_word' id='word_1_288' title='bbox 843 3519 908 3570; x_wconf 90' lang='grc' dir='ltr'>Τί</span> <span class='ocrx_word' id='word_1_289' title='bbox 950 3521 1057 3590; x_wconf 87' lang='grc' dir='ltr'>γάρ</span> <span class='ocrx_word' id='word_1_290' title='bbox 1088 3537 1291 3589; x_wconf 83' lang='grc' dir='ltr'>φησιν;</span> <span class='ocrx_word' id='word_1_291' title='bbox 1328 3522 1438 3587; x_wconf 77' lang='grc' dir='ltr'>’⁷ος</span> <span class='ocrx_word' id='word_1_292' title='bbox 1469 3523 1642 3576; x_wconf 80' lang='grc' dir='ltr'>ἐστιν</span> <span class='ocrx_word' id='word_1_293' title='bbox 1664 3524 1842 3578; x_wconf 71' lang='grc' dir='ltr'>εἰκὼν</span> <span class='ocrx_word' id='word_1_294' title='bbox 1866 3526 1972 3581; x_wconf 86' lang='grc' dir='ltr'>τοῦ</span> 
     </span>
    </p>
   </div>
   <div class='ocr_carea' id='block_1_38' title="bbox 403 3600 1971 3684">
    <p class='ocr_par' dir='ltr' id='par_1_38' title="bbox 403 3600 1971 3684">
     <span class='ocr_line' id='line_1_38' title="bbox 403 3600 1971 3684; baseline 0.009 -31"><span class='ocrx_word' id='word_1_295' title='bbox 403 3600 553 3655; x_wconf 69' lang='grc' dir='ltr'>Θεοῦ</span> <span class='ocrx_word' id='word_1_296' title='bbox 581 3604 688 3658; x_wconf 84' lang='grc' dir='ltr'>τοῦ</span> <span class='ocrx_word' id='word_1_297' title='bbox 724 3604 1003 3673; x_wconf 82' lang='grc' dir='ltr'>ἀοράτου.</span> <span class='ocrx_word' id='word_1_298' title='bbox 1047 3607 1185 3659; x_wconf 80' lang='grc' dir='ltr'>Ἀλλ’</span> <span class='ocrx_word' id='word_1_299' title='bbox 1212 3609 1310 3661; x_wconf 83' lang='grc' dir='ltr'>οὐκ</span> <span class='ocrx_word' id='word_1_300' title='bbox 1338 3609 1540 3673; x_wconf 89' lang='grc' dir='ltr'>εὐθέως</span> <span class='ocrx_word' id='word_1_301' title='bbox 1574 3611 1665 3664; x_wconf 75' lang='grc' dir='ltr'>ἐπὶ</span> <span class='ocrx_word' id='word_1_302' title='bbox 1693 3613 1852 3667; x_wconf 86' lang='grc' dir='ltr'>τοῦτο</span> <span class='ocrx_word' id='word_1_303' title='bbox 1878 3612 1971 3684; x_wconf 79' lang='grc' dir='ltr'>ἦλ-</span> 
     </span>
    </p>
   </div>
   <div class='ocr_carea' id='block_1_39' title="bbox 386 3685 1968 3770">
    <p class='ocr_par' dir='ltr' id='par_1_39' title="bbox 386 3685 1968 3770">
     <span class='ocr_line' id='line_1_39' title="bbox 386 3685 1968 3770; baseline 0.012 -33"><span class='ocrx_word' id='word_1_304' title='bbox 386 3685 512 3749; x_wconf 75' lang='grc' dir='ltr'>θεν,</span> <span class='ocrx_word' id='word_1_305' title='bbox 544 3688 679 3740; x_wconf 84' lang='grc' dir='ltr'>ἁλλά</span> <span class='ocrx_word' id='word_1_306' title='bbox 708 3690 1046 3759; x_wconf 77' lang='grc' dir='ltr'>παρενέϐαλε</span> <span class='ocrx_word' id='word_1_307' title='bbox 1082 3690 1181 3761; x_wconf 79' lang='grc' dir='ltr'>τὴν</span> <span class='ocrx_word' id='word_1_308' title='bbox 1226 3693 1540 3763; x_wconf 87' lang='grc' dir='ltr'>εὐεργεσίαν</span> <span class='ocrx_word' id='word_1_309' title='bbox 1568 3698 1667 3767; x_wconf 78' lang='grc' dir='ltr'>τὴν</span> <span class='ocrx_word' id='word_1_310' title='bbox 1692 3700 1771 3764; x_wconf 85' lang='grc' dir='ltr'>είς</span> <span class='ocrx_word' id='word_1_311' title='bbox 1802 3702 1968 3770; x_wconf 77' lang='grc' dir='ltr'>ἡμᾶς.</span> 
     </span>
    </p>
   </div>
   <div class='ocr_carea' id='block_1_40' title="bbox 382 3771 1972 3859">
    <p class='ocr_par' dir='ltr' id='par_1_40' title="bbox 382 3771 1972 3859">
     <span class='ocr_line' id='line_1_40' title="bbox 382 3771 1972 3859; baseline 0.011 -34"><span class='ocrx_word' id='word_1_312' title='bbox 382 3771 519 3827; x_wconf 85' lang='grc' dir='ltr'>’Ἶνα</span> <span class='ocrx_word' id='word_1_313' title='bbox 547 3775 657 3846; x_wconf 77' lang='grc' dir='ltr'>γάρ</span> <span class='ocrx_word' id='word_1_314' title='bbox 692 3777 766 3848; x_wconf 88' lang='grc' dir='ltr'>μὴ</span> <span class='ocrx_word' id='word_1_315' title='bbox 798 3776 1034 3844; x_wconf 89' lang='grc' dir='ltr'>ἀκούων,</span> <span class='ocrx_word' id='word_1_316' title='bbox 1065 3778 1151 3831; x_wconf 82' lang='grc' dir='ltr'>ὅτι</span> <span class='ocrx_word' id='word_1_317' title='bbox 1179 3779 1238 3833; x_wconf 84' lang='grc' dir='ltr'><strong>τὸ</strong></span> <span class='ocrx_word' id='word_1_318' title='bbox 1267 3782 1375 3834; x_wconf 82' lang='grc' dir='ltr'>πᾶν</span> <span class='ocrx_word' id='word_1_319' title='bbox 1401 3782 1494 3834; x_wconf 90' lang='grc' dir='ltr'>τοῦ</span> <span class='ocrx_word' id='word_1_320' title='bbox 1525 3785 1737 3856; x_wconf 76' lang='grc' dir='ltr'>Πατρὸς</span> <span class='ocrx_word' id='word_1_321' title='bbox 1771 3784 1859 3859; x_wconf 76' lang='grc' dir='ltr'>ἦν,</span> <span class='ocrx_word' id='word_1_322' title='bbox 1886 3808 1972 3843; x_wconf 86' lang='grc' dir='ltr'>νο-</span> 
     </span>
    </p>
   </div>
   <div class='ocr_carea' id='block_1_41' title="bbox 401 3859 1971 3948">
    <p class='ocr_par' dir='ltr' id='par_1_41' title="bbox 401 3859 1971 3948">
     <span class='ocr_line' id='line_1_41' title="bbox 401 3859 1971 3948; baseline 0.011 -35"><span class='ocrx_word' id='word_1_323' title='bbox 401 3859 566 3934; x_wconf 78' lang='grc' dir='ltr'>μίσῃς</span> <span class='ocrx_word' id='word_1_324' title='bbox 597 3862 689 3917; x_wconf 84' lang='grc' dir='ltr'>τὸν</span> <span class='ocrx_word' id='word_1_325' title='bbox 737 3862 866 3917; x_wconf 79' lang='grc' dir='ltr'>Υίὸν</span> <span class='ocrx_word' id='word_1_326' title='bbox 913 3864 1071 3928; x_wconf 78' lang='grc' dir='ltr'>ἐκτὸς</span> <span class='ocrx_word' id='word_1_327' title='bbox 1123 3862 1283 3931; x_wconf 76' lang='grc' dir='ltr'>εἶναι,</span> <span class='ocrx_word' id='word_1_328' title='bbox 1329 3867 1511 3921; x_wconf 80' lang='grc' dir='ltr'>δίδωσι</span> <span class='ocrx_word' id='word_1_329' title='bbox 1551 3871 1611 3948; x_wconf 68' lang='grc' dir='ltr'>τί)</span> <span class='ocrx_word' id='word_1_330' title='bbox 1640 3875 1747 3927; x_wconf 79' lang='grc' dir='ltr'>πᾶν</span> <span class='ocrx_word' id='word_1_331' title='bbox 1775 3878 1865 3930; x_wconf 75' lang='grc' dir='ltr'>καὶ</span> <span class='ocrx_word' id='word_1_332' title='bbox 1895 3876 1971 3948; x_wconf 87' lang='grc' dir='ltr'>τῷ</span> 
     </span>
    </p>
   </div>
   <div class='ocr_carea' id='block_1_42' title="bbox 398 3944 1972 4033">
    <p class='ocr_par' dir='ltr' id='par_1_42' title="bbox 398 3944 1972 4033">
     <span class='ocr_line' id='line_1_42' title="bbox 398 3944 1972 4033; baseline 0.01 -32"><span class='ocrx_word' id='word_1_333' title='bbox 398 3948 536 4020; x_wconf 85' lang='grc' dir='ltr'>Υίῷ,</span> <span class='ocrx_word' id='word_1_334' title='bbox 565 3948 749 4004; x_wconf 84' lang='grc' dir='ltr'>δίδωσι</span> <span class='ocrx_word' id='word_1_335' title='bbox 778 3950 874 4033; x_wconf 70' lang='grc' dir='ltr'>καὶ</span> <span class='ocrx_word' id='word_1_336' title='bbox 911 3950 990 4021; x_wconf 80' lang='grc' dir='ltr'>τῷ</span> <span class='ocrx_word' id='word_1_337' title='bbox 1040 3952 1235 4023; x_wconf 87' lang='grc' dir='ltr'>Πατρί.</span> <span class='ocrx_word' id='word_1_338' title='bbox 1283 3954 1518 4020; x_wconf 85' lang='grc' dir='ltr'>Ἐκεῖνος</span> <span class='ocrx_word' id='word_1_339' title='bbox 1563 3944 1661 4028; x_wconf 72' lang='grc' dir='ltr'>μὲν</span> <span class='ocrx_word' id='word_1_340' title='bbox 1697 3963 1805 4032; x_wconf 78' lang='grc' dir='ltr'>γὰρ</span> <span class='ocrx_word' id='word_1_341' title='bbox 1845 3944 1972 4033; x_wconf 31' lang='grc' dir='ltr'>μετ-ο</span> 
     </span>
    </p>
   </div>
   <div class='ocr_carea' id='block_1_43' title="bbox 394 4028 1964 4120">
    <p class='ocr_par' dir='ltr' id='par_1_43' title="bbox 394 4028 1964 4120">
     <span class='ocr_line' id='line_1_43' title="bbox 394 4028 1964 4120; baseline 0.01 -32"><span class='ocrx_word' id='word_1_342' title='bbox 394 4034 615 4105; x_wconf 78' lang='grc' dir='ltr'>έθηκεν,</span> <span class='ocrx_word' id='word_1_343' title='bbox 643 4036 756 4091; x_wconf 82' lang='grc' dir='ltr'>ἀλλ’</span> <span class='ocrx_word' id='word_1_344' title='bbox 772 4028 927 4101; x_wconf 75' lang='grc' dir='ltr'>οὗτος</span> <span class='ocrx_word' id='word_1_345' title='bbox 954 4037 1053 4110; x_wconf 76' lang='grc' dir='ltr'>τὴν</span> <span class='ocrx_word' id='word_1_346' title='bbox 1073 4039 1252 4095; x_wconf 74' lang='grc' dir='ltr'>αἰτίαν</span> <span class='ocrx_word' id='word_1_347' title='bbox 1276 4043 1537 4113; x_wconf 83' lang='grc' dir='ltr'>παρέσχε.</span> <span class='ocrx_word' id='word_1_348' title='bbox 1563 4045 1628 4098; x_wconf 88' lang='grc' dir='ltr'>Τί</span> <span class='ocrx_word' id='word_1_349' title='bbox 1648 4028 1755 4117; x_wconf 86' lang='grc' dir='ltr'>γάρ</span> <span class='ocrx_word' id='word_1_350' title='bbox 1775 4028 1964 4120; x_wconf 76' lang='grc' dir='ltr'>φησιν;</span> 
     </span>
    </p>
   </div>
   <div class='ocr_carea' id='block_1_44' title="bbox 399 4124 1966 4205">
    <p class='ocr_par' dir='ltr' id='par_1_44' title="bbox 399 4124 1966 4205">
     <span class='ocr_line' id='line_1_44' title="bbox 399 4124 1966 4205; baseline 0.01 -28"><span class='ocrx_word' id='word_1_351' title='bbox 399 4124 503 4190; x_wconf 71' lang='lat' dir='ltr'>“Oc</span> <span class='ocrx_word' id='word_1_352' title='bbox 529 4125 822 4192; x_wconf 79' lang='grc' dir='ltr'>ἐῤῥύσατο</span> <span class='ocrx_word' id='word_1_353' title='bbox 849 4126 1009 4195; x_wconf 72' lang='grc' dir='ltr'>ἡμᾶς</span> <span class='ocrx_word' id='word_1_354' title='bbox 1028 4127 1097 4181; x_wconf 82' lang='grc' dir='ltr'>ἐκ</span> <span class='ocrx_word' id='word_1_355' title='bbox 1126 4126 1236 4196; x_wconf 82' lang='grc' dir='ltr'>τῆς</span> <span class='ocrx_word' id='word_1_356' title='bbox 1248 4128 1535 4196; x_wconf 78' lang='grc' dir='ltr'>ἐξουσίας</span> <span class='ocrx_word' id='word_1_357' title='bbox 1552 4131 1659 4186; x_wconf 82' lang='grc' dir='ltr'>τοῦ</span> <span class='ocrx_word' id='word_1_358' title='bbox 1685 4137 1966 4205; x_wconf 82' lang='grc' dir='ltr'>σκότους.</span> 
     </span>
    </p>
   </div>
   <div class='ocr_carea' id='block_1_45' title="bbox 382 4209 1967 4293">
    <p class='ocr_par' dir='ltr' id='par_1_45' title="bbox 382 4209 1967 4293">
     <span class='ocr_line' id='line_1_45' title="bbox 382 4209 1967 4293; baseline 0.009 -30"><span class='ocrx_word' id='word_1_359' title='bbox 382 4210 601 4265; x_wconf 82' lang='grc' dir='ltr'>’Ταύτδν</span> <span class='ocrx_word' id='word_1_360' title='bbox 625 4212 682 4266; x_wconf 89' lang='grc' dir='ltr'>δὲ</span> <span class='ocrx_word' id='word_1_361' title='bbox 704 4213 821 4267; x_wconf 76' lang='grc' dir='ltr'>ἐστὶ</span> <span class='ocrx_word' id='word_1_362' title='bbox 850 4213 950 4285; x_wconf 83' lang='grc' dir='ltr'>τῷ,</span> <span class='ocrx_word' id='word_1_363' title='bbox 984 4216 1089 4269; x_wconf 87' lang='grc' dir='ltr'>Ἐν</span> <span class='ocrx_word' id='word_1_364' title='bbox 1133 4209 1182 4283; x_wconf 83' lang='grc' dir='ltr'>ᾧ</span> <span class='ocrx_word' id='word_1_365' title='bbox 1215 4216 1434 4285; x_wconf 76' lang='grc' dir='ltr'>ἔχομεν</span> <span class='ocrx_word' id='word_1_366' title='bbox 1459 4218 1574 4286; x_wconf 79' lang='grc' dir='ltr'>τὴν</span> <span class='ocrx_word' id='word_1_367' title='bbox 1620 4220 1967 4293; x_wconf 81' lang='grc' dir='ltr'>ἀπολύτρω-</span> 
     </span>
    </p>
   </div>
   <div class='ocr_carea' id='block_1_46' title="bbox 374 4298 1966 4383">
    <p class='ocr_par' dir='ltr' id='par_1_46' title="bbox 374 4298 1966 4383">
     <span class='ocr_line' id='line_1_46' title="bbox 374 4298 1966 4383; baseline 0.008 -32"><span class='ocrx_word' id='word_1_368' title='bbox 374 4312 518 4363; x_wconf 75' lang='grc' dir='ltr'>νσιν,</span> <span class='ocrx_word' id='word_1_369' title='bbox 561 4298 677 4367; x_wconf 80' lang='grc' dir='ltr'>τὴν</span> <span class='ocrx_word' id='word_1_370' title='bbox 710 4299 935 4371; x_wconf 70' lang='grc' dir='ltr'>ἄφεσιν</span> <span class='ocrx_word' id='word_1_371' title='bbox 964 4300 1084 4356; x_wconf 87' lang='grc' dir='ltr'>τῶν</span> <span class='ocrx_word' id='word_1_372' title='bbox 1118 4303 1570 4372; x_wconf 77' lang='grc' dir='ltr'>ἁμαρτημάτων.</span> <span class='ocrx_word' id='word_1_373' title='bbox 1623 4307 1687 4361; x_wconf 73' lang='lat' dir='ltr'>EE</span> <span class='ocrx_word' id='word_1_374' title='bbox 1728 4308 1840 4380; x_wconf 80' lang='grc' dir='ltr'>γάρ</span> <span class='ocrx_word' id='word_1_375' title='bbox 1891 4311 1966 4383; x_wconf 85' lang='grc' dir='ltr'>μὴ</span> 
     </span>
    </p>
   </div>
   <div class='ocr_carea' id='block_1_47' title="bbox 389 4383 1964 4468">
    <p class='ocr_par' dir='ltr' id='par_1_47' title="bbox 389 4383 1964 4468">
     <span class='ocr_line' id='line_1_47' title="bbox 389 4383 1964 4468; baseline 0.01 -32"><span class='ocrx_word' id='word_1_376' title='bbox 389 4383 699 4456; x_wconf 85' lang='grc' dir='ltr'>ἀφείθημεν</span> <span class='ocrx_word' id='word_1_377' title='bbox 735 4386 843 4441; x_wconf 89' lang='grc' dir='ltr'>τῶν</span> <span class='ocrx_word' id='word_1_378' title='bbox 873 4388 1308 4461; x_wconf 77' lang='grc' dir='ltr'>ἁμαρτημάτων,</span> <span class='ocrx_word' id='word_1_379' title='bbox 1337 4390 1436 4444; x_wconf 87' lang='grc' dir='ltr'>οὐκ</span> <span class='ocrx_word' id='word_1_380' title='bbox 1483 4390 1550 4445; x_wconf 83' lang='grc' dir='ltr'>ἂν</span> <span class='ocrx_word' id='word_1_381' title='bbox 1590 4395 1964 4468; x_wconf 80' lang='grc' dir='ltr'>μετέστημεν.</span> 
     </span>
    </p>
   </div>
   <div class='ocr_carea' id='block_1_48' title="bbox 384 4470 1967 4556">
    <p class='ocr_par' dir='ltr' id='par_1_48' title="bbox 384 4470 1967 4556">
     <span class='ocr_line' id='line_1_48' title="bbox 384 4470 1967 4556; baseline 0.009 -32"><span class='ocrx_word' id='word_1_382' title='bbox 384 4471 536 4525; x_wconf 82' lang='grc' dir='ltr'>’Ἶδού</span> <span class='ocrx_word' id='word_1_383' title='bbox 566 4473 727 4531; x_wconf 88' lang='grc' dir='ltr'>πάλιν</span> <span class='ocrx_word' id='word_1_384' title='bbox 760 4473 995 4528; x_wconf 80' lang='grc' dir='ltr'>ἐνταῦθα</span> <span class='ocrx_word' id='word_1_385' title='bbox 1025 4474 1107 4540; x_wconf 82' lang='grc' dir='ltr'>τὸ,</span> <span class='ocrx_word' id='word_1_386' title='bbox 1149 4477 1252 4530; x_wconf 84' lang='grc' dir='ltr'>Ἑν</span> <span class='ocrx_word' id='word_1_387' title='bbox 1366 4478 1473 4532; x_wconf 79' lang='lat' dir='ltr'>Kal</span> <span class='ocrx_word' id='word_1_388' title='bbox 1498 4480 1597 4534; x_wconf 91' lang='grc' dir='ltr'>οὐκ</span> <span class='ocrx_word' id='word_1_389' title='bbox 1621 4475 1741 4536; x_wconf 77' lang='grc' dir='ltr'>εἶπε</span> <span class='ocrx_word' id='word_1_390' title='bbox 1761 4483 1967 4556; x_wconf 86' lang='grc' dir='ltr'>λύτρω-</span> 
     </span>
    </p>
   </div>
   <div class='ocr_carea' id='block_1_49' title="bbox 390 4558 1961 4635">
    <p class='ocr_par' dir='ltr' id='par_1_49' title="bbox 390 4558 1961 4635">
     <span class='ocr_line' id='line_1_49' title="bbox 390 4558 1961 4635; baseline 0.01 -25"><span class='ocrx_word' id='word_1_391' title='bbox 390 4573 497 4620; x_wconf 84' lang='grc' dir='ltr'>σιν,</span> <span class='ocrx_word' id='word_1_392' title='bbox 546 4558 659 4611; x_wconf 81' lang='grc' dir='ltr'>ἀλλ’</span> <span class='ocrx_word' id='word_1_393' title='bbox 690 4560 1116 4632; x_wconf 83' lang='grc' dir='ltr'>Ἀπολύτρωσιν,</span> <span class='ocrx_word' id='word_1_394' title='bbox 1158 4561 1302 4615; x_wconf 77' lang='grc' dir='ltr'>ὥστε</span> <span class='ocrx_word' id='word_1_395' title='bbox 1348 4565 1482 4635; x_wconf 84' lang='grc' dir='ltr'>μηδὲ</span> <span class='ocrx_word' id='word_1_396' title='bbox 1528 4572 1714 4622; x_wconf 83' lang='grc' dir='ltr'>πεσεῖν</span> <span class='ocrx_word' id='word_1_397' title='bbox 1756 4570 1961 4633; x_wconf 71' lang='grc' dir='ltr'>λοιπὸν,</span> 
     </span>
    </p>
   </div>
   <div class='ocr_carea' id='block_1_50' title="bbox 390 4644 1963 4718">
    <p class='ocr_par' dir='ltr' id='par_1_50' title="bbox 390 4644 1963 4718">
     <span class='ocr_line' id='line_1_50' title="bbox 390 4644 1963 4718; baseline 0.009 -22"><span class='ocrx_word' id='word_1_398' title='bbox 390 4644 527 4715; x_wconf 88' lang='grc' dir='ltr'>μηδέ</span> <span class='ocrx_word' id='word_1_399' title='bbox 561 4644 811 4714; x_wconf 78' lang='grc' dir='ltr'>γενέσθαι</span> <span class='ocrx_word' id='word_1_400' title='bbox 845 4645 1091 4718; x_wconf 88' lang='grc' dir='ltr'>θνητούς.</span> <span class='ocrx_word' id='word_1_401' title='bbox 1119 4648 1227 4713; x_wconf 75' lang='grc' dir='ltr'>’⁷ος</span> <span class='ocrx_word' id='word_1_402' title='bbox 1268 4650 1438 4703; x_wconf 85' lang='grc' dir='ltr'>ἐστιν</span> <span class='ocrx_word' id='word_1_403' title='bbox 1463 4651 1639 4705; x_wconf 66' lang='grc' dir='ltr'>εἰκὼν</span> <span class='ocrx_word' id='word_1_404' title='bbox 1666 4654 1770 4708; x_wconf 87' lang='grc' dir='ltr'>τοῦ</span> <span class='ocrx_word' id='word_1_405' title='bbox 1815 4655 1963 4710; x_wconf 87' lang='grc' dir='ltr'>Θεοῦ</span> 
     </span>
    </p>
   </div>
   <div class='ocr_carea' id='block_1_51' title="bbox 385 4731 1963 4809">
    <p class='ocr_par' dir='ltr' id='par_1_51' title="bbox 385 4731 1963 4809">
     <span class='ocr_line' id='line_1_51' title="bbox 385 4731 1963 4809; baseline 0.007 -24"><span class='ocrx_word' id='word_1_406' title='bbox 385 4732 492 4787; x_wconf 82' lang='grc' dir='ltr'>τοῦ</span> <span class='ocrx_word' id='word_1_407' title='bbox 539 4731 819 4803; x_wconf 80' lang='grc' dir='ltr'>ἀοράτου,</span> <span class='ocrx_word' id='word_1_408' title='bbox 869 4735 1244 4802; x_wconf 79' lang='grc' dir='ltr'>πρωτότοκος</span> <span class='ocrx_word' id='word_1_409' title='bbox 1297 4736 1500 4805; x_wconf 79' lang='grc' dir='ltr'>πάσης</span> <span class='ocrx_word' id='word_1_410' title='bbox 1548 4741 1817 4809; x_wconf 74' lang='grc' dir='ltr'>κτίσεως.</span> <span class='ocrx_word' id='word_1_411' title='bbox 1870 4744 1963 4808; x_wconf 87' lang='grc' dir='ltr'>Εἰς</span> 
     </span>
    </p>
   </div>
   <div class='ocr_carea' id='block_1_52' title="bbox 385 4818 1954 4901">
    <p class='ocr_par' dir='ltr' id='par_1_52' title="bbox 385 4818 1954 4901">
     <span class='ocr_line' id='line_1_52' title="bbox 385 4818 1954 4901; baseline -0.002 -20"><span class='ocrx_word' id='word_1_412' title='bbox 385 4818 609 4891; x_wconf 76' lang='grc' dir='ltr'>ζήτημα</span> <span class='ocrx_word' id='word_1_413' title='bbox 638 4820 983 4892; x_wconf 78' lang='grc' dir='ltr'>ἐμπίπτομεν</span> <span class='ocrx_word' id='word_1_414' title='bbox 1033 4819 1185 4895; x_wconf 78' lang='lat'>[358]</span> <span class='ocrx_word' id='word_1_415' title='bbox 1239 4824 1510 4895; x_wconf 86' lang='grc' dir='ltr'>αίρετικόν</span> <span class='ocrx_word' id='word_1_416' title='bbox 1535 4844 1548 4857; x_wconf 91' lang='grc'><strong>·</strong></span> <span class='ocrx_word' id='word_1_417' title='bbox 1604 4827 1685 4881; x_wconf 82' lang='grc' dir='ltr'>διὸ</span> <span class='ocrx_word' id='word_1_418' title='bbox 1714 4830 1954 4901; x_wconf 81' lang='grc' dir='ltr'>σήμερον</span> 
     </span>
    </p>
   </div>
   <div class='ocr_carea' id='block_1_53' title="bbox 384 4905 1952 4985">
    <p class='ocr_par' dir='ltr' id='par_1_53' title="bbox 384 4905 1952 4985">
     <span class='ocr_line' id='line_1_53' title="bbox 384 4905 1952 4985; baseline 0.007 -25"><span class='ocrx_word' id='word_1_419' title='bbox 384 4905 860 4978; x_wconf 74' lang='grc' dir='ltr'>ἀναϐαλλομένους</span> <span class='ocrx_word' id='word_1_420' title='bbox 885 4907 1074 4980; x_wconf 78' lang='grc' dir='ltr'>αὔριον</span> <span class='ocrx_word' id='word_1_421' title='bbox 1095 4908 1252 4963; x_wconf 83' lang='grc' dir='ltr'>τοῦτο</span> <span class='ocrx_word' id='word_1_422' title='bbox 1293 4910 1607 4984; x_wconf 89' lang='grc' dir='ltr'>προσθεῖναι</span> <span class='ocrx_word' id='word_1_423' title='bbox 1639 4914 1739 4979; x_wconf 92' lang='grc' dir='ltr'>δεῖ,</span> <span class='ocrx_word' id='word_1_424' title='bbox 1767 4917 1952 4985; x_wconf 81' lang='grc' dir='ltr'>ἀκμα-</span> 
     </span>
    </p>
   </div>
   <div class='ocr_carea' id='block_1_54' title="bbox 380 4992 1956 5069">
    <p class='ocr_par' dir='ltr' id='par_1_54' title="bbox 380 4992 1956 5069">
     <span class='ocr_line' id='line_1_54' title="bbox 380 4992 1956 5069; baseline 0.007 -24"><span class='ocrx_word' id='word_1_425' title='bbox 380 4992 603 5059; x_wconf 76' lang='grc' dir='ltr'>ζούσαις</span> <span class='ocrx_word' id='word_1_426' title='bbox 639 4994 792 5066; x_wconf 82' lang='grc' dir='ltr'>ὑμῶν</span> <span class='ocrx_word' id='word_1_427' title='bbox 825 4998 946 5059; x_wconf 88' lang='grc' dir='ltr'>ταῖς</span> <span class='ocrx_word' id='word_1_428' title='bbox 976 4996 1167 5061; x_wconf 82' lang='grc' dir='ltr'>ἀκοαῖς</span> <span class='ocrx_word' id='word_1_429' title='bbox 1196 4997 1651 5069; x_wconf 77' lang='grc' dir='ltr'>προσϐάλλοντας.</span> <span class='ocrx_word' id='word_1_430' title='bbox 1688 5002 1751 5055; x_wconf 85' lang='grc' dir='ltr'><strong>Εἰ</strong></span> <span class='ocrx_word' id='word_1_431' title='bbox 1789 5003 1845 5055; x_wconf 87' lang='grc' dir='ltr'>δέ</span> <span class='ocrx_word' id='word_1_432' title='bbox 1875 5004 1956 5056; x_wconf 87' lang='grc' dir='ltr'>δεῖ</span> 
     </span>
    </p>
   </div>
   <div class='ocr_carea' id='block_1_55' title="bbox 378 5078 1954 5155">
    <p class='ocr_par' dir='ltr' id='par_1_55' title="bbox 378 5078 1954 5155">
     <span class='ocr_line' id='line_1_55' title="bbox 378 5078 1954 5155; baseline 0.01 -26"><span class='ocrx_word' id='word_1_433' title='bbox 378 5094 433 5130; x_wconf 87' lang='grc' dir='ltr'>τι</span> <span class='ocrx_word' id='word_1_434' title='bbox 460 5078 622 5132; x_wconf 83' lang='grc' dir='ltr'>πλέον</span> <span class='ocrx_word' id='word_1_435' title='bbox 650 5082 843 5147; x_wconf 77' lang='grc' dir='ltr'>εἰπεῖν,</span> <span class='ocrx_word' id='word_1_436' title='bbox 869 5080 1055 5152; x_wconf 82' lang='grc' dir='ltr'>μεῖζον</span> <span class='ocrx_word' id='word_1_437' title='bbox 1077 5083 1171 5137; x_wconf 86' lang='grc' dir='ltr'>τοῦ</span> <span class='ocrx_word' id='word_1_438' title='bbox 1201 5083 1330 5137; x_wconf 87' lang='grc' dir='ltr'>Υἱοῦ</span> <span class='ocrx_word' id='word_1_439' title='bbox 1349 5084 1528 5155; x_wconf 74' lang='grc' dir='ltr'>ἔργον.</span> <span class='ocrx_word' id='word_1_440' title='bbox 1562 5086 1715 5154; x_wconf 85' lang='grc' dir='ltr'>Πῶς;</span> <span class='ocrx_word' id='word_1_441' title='bbox 1750 5088 1954 5144; x_wconf 84' lang='grc' dir='ltr'>Ἐκεῖνο</span> 
     </span>
    </p>
   </div>
   <div class='ocr_carea' id='block_1_56' title="bbox 374 5162 1957 5249">
    <p class='ocr_par' dir='ltr' id='par_1_56' title="bbox 374 5162 1957 5249">
     <span class='ocr_line' id='line_1_56' title="bbox 374 5162 1957 5249; baseline 0.011 -35"><span class='ocrx_word' id='word_1_442' title='bbox 374 5162 484 5233; x_wconf 65' lang='grc' dir='ltr'>μιν</span> <span class='ocrx_word' id='word_1_443' title='bbox 516 5166 626 5236; x_wconf 80' lang='grc' dir='ltr'>γάρ</span> <span class='ocrx_word' id='word_1_444' title='bbox 659 5165 921 5222; x_wconf 85' lang='grc' dir='ltr'>ἀδύνατον</span> <span class='ocrx_word' id='word_1_445' title='bbox 944 5169 1182 5238; x_wconf 79' lang='grc' dir='ltr'>γίνεται,</span> <span class='ocrx_word' id='word_1_446' title='bbox 1228 5171 1289 5224; x_wconf 84' lang='grc' dir='ltr'>τὸ</span> <span class='ocrx_word' id='word_1_447' title='bbox 1320 5175 1378 5227; x_wconf 92' lang='grc' dir='ltr'>ἐν</span> <span class='ocrx_word' id='word_1_448' title='bbox 1429 5176 1541 5237; x_wconf 85' lang='grc' dir='ltr'>τοῖς</span> <span class='ocrx_word' id='word_1_449' title='bbox 1596 5176 1957 5249; x_wconf 81' lang='grc' dir='ltr'>ἁμαρτήμασι</span> 
     </span>
    </p>
   </div>
   <div class='ocr_carea' id='block_1_57' title="bbox 353 5249 1954 5335">
    <p class='ocr_par' dir='ltr' id='par_1_57' title="bbox 353 5249 1954 5335">
     <span class='ocr_line' id='line_1_57' title="bbox 353 5249 1954 5335; baseline 0.01 -33"><span class='ocrx_word' id='word_1_450' title='bbox 353 5249 605 5321; x_wconf 79' lang='grc' dir='ltr'>-μένουσι</span> <span class='ocrx_word' id='word_1_451' title='bbox 664 5252 845 5308; x_wconf 85' lang='grc' dir='ltr'>δοῦναι</span> <span class='ocrx_word' id='word_1_452' title='bbox 894 5254 1191 5325; x_wconf 86' lang='grc' dir='ltr'>βασιλείαν,</span> <span class='ocrx_word' id='word_1_453' title='bbox 1246 5259 1406 5312; x_wconf 88' lang='grc' dir='ltr'>τοῦτο</span> <span class='ocrx_word' id='word_1_454' title='bbox 1449 5259 1505 5313; x_wconf 85' lang='grc' dir='ltr'>δέ</span> <span class='ocrx_word' id='word_1_455' title='bbox 1556 5261 1954 5335; x_wconf 78' lang='grc' dir='ltr'>εὐκολώτερονο</span> 
     </span>
    </p>
   </div>
   <div class='ocr_carea' id='block_1_58' title="bbox 376 5337 1956 5423">
    <p class='ocr_par' dir='ltr' id='par_1_58' title="bbox 376 5337 1956 5423">
     <span class='ocr_line' id='line_1_58' title="bbox 376 5337 1956 5423; baseline 0.009 -31"><span class='ocrx_word' id='word_1_456' title='bbox 376 5337 520 5393; x_wconf 78' lang='grc' dir='ltr'>ὥστε</span> <span class='ocrx_word' id='word_1_457' title='bbox 553 5343 619 5412; x_wconf 70' lang='grc' dir='ltr'>τῇ</span> <span class='ocrx_word' id='word_1_458' title='bbox 650 5340 828 5413; x_wconf 73' lang='grc' dir='ltr'>δωρεᾲ</span> <span class='ocrx_word' id='word_1_459' title='bbox 850 5342 1171 5416; x_wconf 83' lang='grc' dir='ltr'>ὡδοποίησε.</span> <span class='ocrx_word' id='word_1_460' title='bbox 1203 5343 1269 5399; x_wconf 87' lang='grc' dir='ltr'>Τί</span> <span class='ocrx_word' id='word_1_461' title='bbox 1307 5346 1520 5417; x_wconf 85' lang='grc' dir='ltr'>λέγεις;</span> <span class='ocrx_word' id='word_1_462' title='bbox 1551 5349 1673 5403; x_wconf 90' lang='grc' dir='ltr'>Τῶν</span> <span class='ocrx_word' id='word_1_463' title='bbox 1700 5351 1956 5423; x_wconf 81' lang='grc' dir='ltr'>ἁμαρτη-</span> 
     </span>
    </p>
   </div>
   <div class='ocr_carea' id='block_1_59' title="bbox 379 5427 1953 5510">
    <p class='ocr_par' dir='ltr' id='par_1_59' title="bbox 379 5427 1953 5510">
     <span class='ocr_line' id='line_1_59' title="bbox 379 5427 1953 5510; baseline 0.009 -30"><span class='ocrx_word' id='word_1_464' title='bbox 379 5427 567 5498; x_wconf 86' lang='grc' dir='ltr'>μάτων</span> <span class='ocrx_word' id='word_1_465' title='bbox 599 5444 660 5481; x_wconf 85' lang='grc' dir='ltr'>σε</span> <span class='ocrx_word' id='word_1_466' title='bbox 683 5430 845 5493; x_wconf 84' lang='grc' dir='ltr'>αὐτὸς</span> <span class='ocrx_word' id='word_1_467' title='bbox 887 5431 1118 5500; x_wconf 81' lang='grc' dir='ltr'>ἀφῆκεν,</span> <span class='ocrx_word' id='word_1_468' title='bbox 1155 5433 1352 5487; x_wconf 87' lang='grc' dir='ltr'>οὐκοῦν</span> <span class='ocrx_word' id='word_1_469' title='bbox 1373 5437 1468 5489; x_wconf 79' lang='grc' dir='ltr'>καὶ</span> <span class='ocrx_word' id='word_1_470' title='bbox 1493 5436 1656 5501; x_wconf 71' lang='grc' dir='ltr'>αὐτὸς</span> <span class='ocrx_word' id='word_1_471' title='bbox 1679 5441 1953 5510; x_wconf 79' lang='grc' dir='ltr'>προσήγα-</span> 
     </span>
    </p>
   </div>
   <div class='ocr_carea' id='block_1_60' title="bbox 376 5518 1878 5596">
    <p class='ocr_par' dir='ltr' id='par_1_60' title="bbox 376 5518 1878 5596">
     <span class='ocr_line' id='line_1_60' title="bbox 376 5518 1878 5596; baseline 0.009 -28"><span class='ocrx_word' id='word_1_472' title='bbox 376 5528 493 5584; x_wconf 76' lang='grc' dir='ltr'>γεν.</span> <span class='ocrx_word' id='word_1_473' title='bbox 521 5518 660 5590; x_wconf 81' lang='grc' dir='ltr'>Ἤδη</span> <span class='ocrx_word' id='word_1_474' title='bbox 690 5518 1123 5590; x_wconf 75' lang='grc' dir='ltr'>προκατεδάλετο</span> <span class='ocrx_word' id='word_1_475' title='bbox 1146 5520 1243 5575; x_wconf 83' lang='grc' dir='ltr'>τοῦ</span> <span class='ocrx_word' id='word_1_476' title='bbox 1278 5521 1551 5594; x_wconf 88' lang='grc' dir='ltr'>δόγματος</span> <span class='ocrx_word' id='word_1_477' title='bbox 1579 5524 1677 5596; x_wconf 84' lang='grc' dir='ltr'>τὴν</span> <span class='ocrx_word' id='word_1_478' title='bbox 1706 5525 1878 5596; x_wconf 77' lang='grc' dir='ltr'>ῥίζαν.</span> 
     </span>
    </p>
   </div>
   <div class='ocr_carea' id='block_1_61' title="bbox 438 5634 1953 5707">
    <p class='ocr_par' dir='ltr' id='par_1_61' title="bbox 438 5634 1953 5707">
     <span class='ocr_line' id='line_1_61' title="bbox 438 5634 1953 5707; baseline 0.009 -24"><span class='ocrx_word' id='word_1_479' title='bbox 438 5634 459 5659; x_wconf 86' lang='grc'>⁶</span> <span class='ocrx_word' id='word_1_480' title='bbox 484 5635 635 5707; x_wconf 51' lang='grc' dir='ltr'>κατε.</span> <span class='ocrx_word' id='word_1_481' title='bbox 670 5639 846 5707; x_wconf 75' lang='lat' dir='ltr'>$a_v|l.,</span> <span class='ocrx_word' id='word_1_482' title='bbox 875 5640 1001 5707; x_wconf 59' lang='grc' dir='ltr'>Δοὔτε</span> <span class='ocrx_word' id='word_1_483' title='bbox 1020 5643 1277 5707; x_wconf 58' lang='grc' dir='ltr'>μετέθηκε.Δ</span> <span class='ocrx_word' id='word_1_484' title='bbox 1293 5644 1447 5693; x_wconf 75' lang='grc' dir='ltr'>’Ὥστε</span> <span class='ocrx_word' id='word_1_485' title='bbox 1476 5643 1539 5707; x_wconf 57' lang='grc' dir='ltr'>μὴ</span> <span class='ocrx_word' id='word_1_486' title='bbox 1565 5643 1651 5693; x_wconf 87' lang='grc' dir='ltr'>τοῦ</span> <span class='ocrx_word' id='word_1_487' title='bbox 1679 5648 1953 5707; x_wconf 84' lang='grc' dir='ltr'>μεταθέντος</span> 
     </span>
    </p>
   </div>
   <div class='ocr_carea' id='block_1_62' title="bbox 375 5693 1948 5817">
    <p class='ocr_par' dir='ltr' id='par_1_62' title="bbox 375 5693 1948 5817">
     <span class='ocr_line' id='line_1_62' title="bbox 375 5693 1948 5817; baseline 0.01 -72"><span class='ocrx_word' id='word_1_488' title='bbox 375 5693 857 5817; x_wconf 41' lang='grc' dir='ltr'>ξλὲχξῇΐόρθωμα</span> <span class='ocrx_word' id='word_1_489' title='bbox 875 5693 1161 5765; x_wconf 78' lang='grc' dir='ltr'>λογισθῆναι,</span> <span class='ocrx_word' id='word_1_490' title='bbox 1175 5705 1319 5767; x_wconf 75' lang='grc' dir='ltr'>μηδὲν</span> <span class='ocrx_word' id='word_1_491' title='bbox 1338 5707 1419 5755; x_wconf 81' lang='grc' dir='ltr'>καὶ</span> <span class='ocrx_word' id='word_1_492' title='bbox 1436 5693 1845 5768; x_wconf 66' lang='grc' dir='ltr'>τόῦμετελθόντοξ</span> <span class='ocrx_word' id='word_1_493' title='bbox 1852 5693 1948 5759; x_wconf 62' lang='grc' dir='ltr'>έιᾱὶ</span> 
     </span>
    </p>
   </div>
   <div class='ocr_carea' id='block_1_63' title="bbox 1091 355 2945 423">
    <p class='ocr_par' dir='ltr' id='par_1_63' title="bbox 1091 355 2945 423">
     <span class='ocr_line' id='line_1_63' title="bbox 1091 355 2945 423; baseline -0.006 -2"><span class='ocrx_word' id='word_1_494' title='bbox 1091 367 1147 422; x_wconf 90' lang='lat' dir='ltr'>S.</span> <span class='ocrx_word' id='word_1_495' title='bbox 1185 363 1467 423; x_wconf 79' lang='lat' dir='ltr'>JOANNIS</span> <span class='ocrx_word' id='word_1_496' title='bbox 1504 357 1990 418; x_wconf 72' lang='lat' dir='ltr'>CHRYSOSTOMI</span> <span class='ocrx_word' id='word_1_497' title='bbox 2033 359 2357 416; x_wconf 56' lang='lat' dir='ltr'>“ARCHIEP.</span> <span class='ocrx_word' id='word_1_498' title='bbox 2394 355 2945 417; x_wconf 70' lang='lat' dir='ltr'>CONSTANTINOP.</span> 
     </span>
    </p>
   </div>
   <div class='ocr_carea' id='block_1_64' title="bbox 3554 352 3662 409">
    <p class='ocr_par' dir='ltr' id='par_1_64' title="bbox 3554 352 3662 409">
     <span class='ocr_line' id='line_1_64' title="bbox 3554 352 3662 409; baseline 0 0"><span class='ocrx_word' id='word_1_499' title='bbox 3554 352 3662 409; x_wconf 69' lang='grc' dir='ltr'>ευ</span> 
     </span>
    </p>
   </div>
   <div class='ocr_carea' id='block_1_65' title="bbox 2172 461 3664 540">
    <p class='ocr_par' dir='ltr' id='par_1_65' title="bbox 2172 461 3664 540">
     <span class='ocr_line' id='line_1_65' title="bbox 2172 461 3664 540; baseline -0.001 -13"><span class='ocrx_word' id='word_1_500' title='bbox 2172 475 2232 530; x_wconf 82' lang='grc' dir='ltr'>δ’.</span> <span class='ocrx_word' id='word_1_501' title='bbox 2269 476 2416 538; x_wconf 87' lang='grc' dir='ltr'>Τέως</span> <span class='ocrx_word' id='word_1_502' title='bbox 2443 474 2499 528; x_wconf 78' lang='grc' dir='ltr'>δὲ</span> <span class='ocrx_word' id='word_1_503' title='bbox 2527 476 2701 528; x_wconf 87' lang='grc' dir='ltr'>ἐκεῖνο</span> <span class='ocrx_word' id='word_1_504' title='bbox 2726 473 2970 535; x_wconf 78' lang='grc' dir='ltr'>εἰπόντας</span> <span class='ocrx_word' id='word_1_505' title='bbox 3006 469 3353 524; x_wconf 81' lang='grc' dir='ltr'>καταπαῦσαι</span> <span class='ocrx_word' id='word_1_506' title='bbox 3387 461 3479 523; x_wconf 78' lang='grc' dir='ltr'>τὸν</span> <span class='ocrx_word' id='word_1_507' title='bbox 3508 469 3664 540; x_wconf 88' lang='grc' dir='ltr'>λόγον</span> 
     </span>
    </p>
   </div>
   <div class='ocr_carea' id='block_1_66' title="bbox 2095 556 3661 633">
    <p class='ocr_par' dir='ltr' id='par_1_66' title="bbox 2095 556 3661 633">
     <span class='ocr_line' id='line_1_66' title="bbox 2095 556 3661 633; baseline -0.002 -18"><span class='ocrx_word' id='word_1_508' title='bbox 2095 562 2330 633; x_wconf 83' lang='grc' dir='ltr'>ἀνάγκη.</span> <span class='ocrx_word' id='word_1_509' title='bbox 2362 563 2518 614; x_wconf 88' lang='grc' dir='ltr'>Ποῖον</span> <span class='ocrx_word' id='word_1_510' title='bbox 2550 561 2614 629; x_wconf 78' lang='grc' dir='ltr'>δὴ</span> <span class='ocrx_word' id='word_1_511' title='bbox 2647 559 2835 624; x_wconf 88' lang='grc' dir='ltr'>τοῦτο;</span> <span class='ocrx_word' id='word_1_512' title='bbox 2875 559 2997 611; x_wconf 77' lang='grc' dir='ltr'>Ὀτι</span> <span class='ocrx_word' id='word_1_513' title='bbox 3024 556 3290 627; x_wconf 81' lang='grc' dir='ltr'>τοσαύτης</span> <span class='ocrx_word' id='word_1_514' title='bbox 3320 557 3661 612; x_wconf 80' lang='grc' dir='ltr'>ἀπολαύσανο</span> 
     </span>
    </p>
   </div>
   <div class='ocr_carea' id='block_1_67' title="bbox 2093 643 3667 718">
    <p class='ocr_par' dir='ltr' id='par_1_67' title="bbox 2093 643 3667 718">
     <span class='ocr_line' id='line_1_67' title="bbox 2093 643 3667 718; baseline -0.001 -19"><span class='ocrx_word' id='word_1_515' title='bbox 2093 663 2185 710; x_wconf 88' lang='grc' dir='ltr'>τες</span> <span class='ocrx_word' id='word_1_516' title='bbox 2213 646 2530 718; x_wconf 85' lang='grc' dir='ltr'>εὐεργεσίας</span> <span class='ocrx_word' id='word_1_517' title='bbox 2554 647 2641 700; x_wconf 53' lang='grc' dir='ltr'>ἀεὶ⁵</span> <span class='ocrx_word' id='word_1_518' title='bbox 2660 644 2862 715; x_wconf 86' lang='grc' dir='ltr'>ταύτης</span> <span class='ocrx_word' id='word_1_519' title='bbox 2895 643 3205 715; x_wconf 85' lang='grc' dir='ltr'>μεμνῆσθαι</span> <span class='ocrx_word' id='word_1_520' title='bbox 3235 643 3544 713; x_wconf 83' lang='grc' dir='ltr'>ὀφείλομεν,</span> <span class='ocrx_word' id='word_1_521' title='bbox 3572 648 3667 700; x_wconf 78' lang='grc' dir='ltr'>καὶ</span> 
     </span>
    </p>
   </div>
   <div class='ocr_carea' id='block_1_68' title="bbox 2097 725 3663 800">
    <p class='ocr_par' dir='ltr' id='par_1_68' title="bbox 2097 725 3663 800">
     <span class='ocr_line' id='line_1_68' title="bbox 2097 725 3663 800; baseline 0.003 -21"><span class='ocrx_word' id='word_1_522' title='bbox 2097 729 2348 798; x_wconf 82' lang='grc' dir='ltr'>στρέφειν</span> <span class='ocrx_word' id='word_1_523' title='bbox 2376 728 2664 791; x_wconf 82' lang='grc' dir='ltr'>διαπαντὸς</span> <span class='ocrx_word' id='word_1_524' title='bbox 2691 729 2748 780; x_wconf 90' lang='grc' dir='ltr'>ἐν</span> <span class='ocrx_word' id='word_1_525' title='bbox 2776 728 2986 790; x_wconf 78' lang='grc' dir='ltr'>ἑαυτοῖς</span> <span class='ocrx_word' id='word_1_526' title='bbox 3018 727 3116 796; x_wconf 83' lang='grc' dir='ltr'>τὴν</span> <span class='ocrx_word' id='word_1_527' title='bbox 3142 725 3236 779; x_wconf 88' lang='grc' dir='ltr'>τοῦ</span> <span class='ocrx_word' id='word_1_528' title='bbox 3261 727 3397 780; x_wconf 84' lang='grc' dir='ltr'>Θεοῦ</span> <span class='ocrx_word' id='word_1_529' title='bbox 3428 728 3663 800; x_wconf 78' lang='grc' dir='ltr'>δωρεὰν,</span> 
     </span>
    </p>
   </div>
   <div class='ocr_carea' id='block_1_69' title="bbox 2094 814 3663 888">
    <p class='ocr_par' dir='ltr' id='par_1_69' title="bbox 2094 814 3663 888">
     <span class='ocr_line' id='line_1_69' title="bbox 2094 814 3663 888; baseline 0.003 -20"><span class='ocrx_word' id='word_1_530' title='bbox 2094 817 2188 869; x_wconf 76' lang='grc' dir='ltr'>καὶ</span> <span class='ocrx_word' id='word_1_531' title='bbox 2216 817 2376 870; x_wconf 89' lang='grc' dir='ltr'>τίνων</span> <span class='ocrx_word' id='word_1_532' title='bbox 2400 817 2686 888; x_wconf 84' lang='grc' dir='ltr'>ἀπηλλάγη</span> <span class='ocrx_word' id='word_1_533' title='bbox 2697 833 2816 886; x_wconf 87' lang='grc' dir='ltr'>μεν,</span> <span class='ocrx_word' id='word_1_534' title='bbox 2848 816 2942 869; x_wconf 68' lang='grc' dir='ltr'>καὶ</span> <span class='ocrx_word' id='word_1_535' title='bbox 2959 814 3119 869; x_wconf 87' lang='grc' dir='ltr'>τίνων</span> <span class='ocrx_word' id='word_1_536' title='bbox 3152 816 3416 886; x_wconf 82' lang='grc' dir='ltr'>ἐτύχομεν</span> <span class='ocrx_word' id='word_1_537' title='bbox 3439 818 3663 872; x_wconf 85' lang='grc' dir='ltr'>ἐννοεῖν·</span> 
     </span>
    </p>
   </div>
   <div class='ocr_carea' id='block_1_70' title="bbox 2094 901 3667 976">
    <p class='ocr_par' dir='ltr' id='par_1_70' title="bbox 2094 901 3667 976">
     <span class='ocr_line' id='line_1_70' title="bbox 2094 901 3667 976; baseline 0.001 -21"><span class='ocrx_word' id='word_1_538' title='bbox 2094 903 2190 955; x_wconf 73' lang='grc' dir='ltr'>καὶ</span> <span class='ocrx_word' id='word_1_539' title='bbox 2219 902 2392 967; x_wconf 71' lang='grc' dir='ltr'>οὕτως</span> <span class='ocrx_word' id='word_1_540' title='bbox 2451 903 2689 974; x_wconf 86' lang='grc' dir='ltr'>ἐσόμεθα</span> <span class='ocrx_word' id='word_1_541' title='bbox 2727 902 3063 973; x_wconf 89' lang='grc' dir='ltr'>εὐχάριστοι,</span> <span class='ocrx_word' id='word_1_542' title='bbox 3102 901 3244 955; x_wconf 77' lang='grc' dir='ltr'>οὕτω</span> <span class='ocrx_word' id='word_1_543' title='bbox 3301 903 3400 975; x_wconf 83' lang='grc' dir='ltr'>τὴν</span> <span class='ocrx_word' id='word_1_544' title='bbox 3442 904 3667 976; x_wconf 83' lang='grc' dir='ltr'>ἀγάπην</span> 
     </span>
    </p>
   </div>
   <div class='ocr_carea' id='block_1_71' title="bbox 2091 988 3662 1062">
    <p class='ocr_par' dir='ltr' id='par_1_71' title="bbox 2091 988 3662 1062">
     <span class='ocr_line' id='line_1_71' title="bbox 2091 988 3662 1062; baseline 0.003 -21"><span class='ocrx_word' id='word_1_545' title='bbox 2091 989 2187 1060; x_wconf 84' lang='grc' dir='ltr'>τὴν</span> <span class='ocrx_word' id='word_1_546' title='bbox 2237 990 2372 1062; x_wconf 85' lang='grc' dir='ltr'>πρὸς</span> <span class='ocrx_word' id='word_1_547' title='bbox 2419 990 2582 1045; x_wconf 77' lang='grc' dir='ltr'>αὐτὸν</span> <span class='ocrx_word' id='word_1_548' title='bbox 2618 989 2990 1060; x_wconf 82' lang='grc' dir='ltr'>ἐπιτενοῦμεν.</span> <span class='ocrx_word' id='word_1_549' title='bbox 3038 989 3103 1041; x_wconf 89' lang='grc' dir='ltr'>Τί</span> <span class='ocrx_word' id='word_1_550' title='bbox 3135 988 3332 1057; x_wconf 87' lang='grc' dir='ltr'>λέγεις,</span> <span class='ocrx_word' id='word_1_551' title='bbox 3371 989 3662 1062; x_wconf 82' lang='grc' dir='ltr'>ἄνθρωπε;</span> 
     </span>
    </p>
   </div>
   <div class='ocr_carea' id='block_1_72' title="bbox 2094 1077 3660 1150">
    <p class='ocr_par' dir='ltr' id='par_1_72' title="bbox 2094 1077 3660 1150">
     <span class='ocr_line' id='line_1_72' title="bbox 2094 1077 3660 1150; baseline 0.003 -20"><span class='ocrx_word' id='word_1_552' title='bbox 2094 1078 2173 1140; x_wconf 89' lang='grc' dir='ltr'>εἰς</span> <span class='ocrx_word' id='word_1_553' title='bbox 2206 1078 2482 1147; x_wconf 85' lang='grc' dir='ltr'>βασιλείαν</span> <span class='ocrx_word' id='word_1_554' title='bbox 2508 1078 2793 1150; x_wconf 86' lang='grc' dir='ltr'>κέκλησαι,</span> <span class='ocrx_word' id='word_1_555' title='bbox 2822 1081 2900 1141; x_wconf 85' lang='grc' dir='ltr'>είς</span> <span class='ocrx_word' id='word_1_556' title='bbox 2929 1077 3200 1149; x_wconf 86' lang='grc' dir='ltr'>βασιλείαν</span> <span class='ocrx_word' id='word_1_557' title='bbox 3229 1078 3357 1132; x_wconf 87' lang='grc' dir='ltr'>Υίοῦ</span> <span class='ocrx_word' id='word_1_558' title='bbox 3377 1079 3471 1133; x_wconf 88' lang='grc' dir='ltr'>τοῦ</span> <span class='ocrx_word' id='word_1_559' title='bbox 3501 1080 3660 1146; x_wconf 83' lang='grc' dir='ltr'>Θεοῦ,</span> 
     </span>
    </p>
   </div>
   <div class='ocr_carea' id='block_1_73' title="bbox 2094 1163 3658 1238">
    <p class='ocr_par' dir='ltr' id='par_1_73' title="bbox 2094 1163 3658 1238">
     <span class='ocr_line' id='line_1_73' title="bbox 2094 1163 3658 1238; baseline 0.003 -21"><span class='ocrx_word' id='word_1_560' title='bbox 2094 1163 2189 1217; x_wconf 73' lang='grc' dir='ltr'>καὶ</span> <span class='ocrx_word' id='word_1_561' title='bbox 2221 1166 2438 1235; x_wconf 84' lang='grc' dir='ltr'>χάσμης</span> <span class='ocrx_word' id='word_1_562' title='bbox 2472 1163 2799 1235; x_wconf 88' lang='grc' dir='ltr'>πληροῦσαι,</span> <span class='ocrx_word' id='word_1_563' title='bbox 2832 1166 2924 1219; x_wconf 81' lang='grc' dir='ltr'>καὶ</span> <span class='ocrx_word' id='word_1_564' title='bbox 2947 1167 3161 1229; x_wconf 83' lang='grc' dir='ltr'>κνᾶσαι,</span> <span class='ocrx_word' id='word_1_565' title='bbox 3201 1167 3295 1220; x_wconf 78' lang='grc' dir='ltr'>καὶ</span> <span class='ocrx_word' id='word_1_566' title='bbox 3328 1169 3573 1238; x_wconf 67' lang='grc' dir='ltr'>ιέρκᾷςε</span> <span class='ocrx_word' id='word_1_567' title='bbox 3599 1169 3658 1222; x_wconf 77' lang='lat' dir='ltr'><strong><em>El</em></strong></span> 
     </span>
    </p>
   </div>
   <div class='ocr_carea' id='block_1_74' title="bbox 2076 1236 3659 1326">
    <p class='ocr_par' dir='ltr' id='par_1_74' title="bbox 2076 1236 3659 1326">
     <span class='ocr_line' id='line_1_74' title="bbox 2076 1236 3659 1326; baseline 0.003 -22"><span class='ocrx_word' id='word_1_568' title='bbox 2076 1236 2201 1321; x_wconf 35' lang='grc' dir='ltr'>’γὰρ</span> <span class='ocrx_word' id='word_1_569' title='bbox 2230 1252 2310 1314; x_wconf 82' lang='grc' dir='ltr'>είς</span> <span class='ocrx_word' id='word_1_570' title='bbox 2334 1251 2559 1324; x_wconf 88' lang='grc' dir='ltr'>μυρίους</span> <span class='ocrx_word' id='word_1_571' title='bbox 2586 1252 2850 1315; x_wconf 86' lang='grc' dir='ltr'>θανάτους</span> <span class='ocrx_word' id='word_1_572' title='bbox 2871 1252 3106 1323; x_wconf 86' lang='grc' dir='ltr'>πηδῆσαι</span> <span class='ocrx_word' id='word_1_573' title='bbox 3133 1252 3366 1324; x_wconf 79' lang='grc' dir='ltr'>ἑκάστης</span> <span class='ocrx_word' id='word_1_574' title='bbox 3526 1254 3659 1326; x_wconf 83' lang='grc' dir='ltr'>ἡμέ-</span> 
     </span>
    </p>
   </div>
   <div class='ocr_carea' id='block_1_75' title="bbox 2095 1335 3656 1416">
    <p class='ocr_par' dir='ltr' id='par_1_75' title="bbox 2095 1335 3656 1416">
     <span class='ocr_line' id='line_1_75' title="bbox 2095 1335 3656 1416; baseline 0.004 -25"><span class='ocrx_word' id='word_1_575' title='bbox 2095 1354 2194 1407; x_wconf 89' lang='grc' dir='ltr'>ρας</span> <span class='ocrx_word' id='word_1_576' title='bbox 2225 1335 2354 1404; x_wconf 83' lang='grc' dir='ltr'>έδει,</span> <span class='ocrx_word' id='word_1_577' title='bbox 2410 1338 2472 1390; x_wconf 78' lang='grc' dir='ltr'>οὐ</span> <span class='ocrx_word' id='word_1_578' title='bbox 2530 1338 2708 1392; x_wconf 88' lang='grc' dir='ltr'>πάντα</span> <span class='ocrx_word' id='word_1_579' title='bbox 2758 1337 2927 1409; x_wconf 82' lang='grc' dir='ltr'>ἐχρῆν</span> <span class='ocrx_word' id='word_1_580' title='bbox 2971 1338 3296 1410; x_wconf 86' lang='grc' dir='ltr'>ὐπομεῖναι;</span> <span class='ocrx_word' id='word_1_581' title='bbox 3352 1342 3490 1395; x_wconf 84' lang='grc' dir='ltr'>Ἀλλ’</span> <span class='ocrx_word' id='word_1_582' title='bbox 3517 1343 3656 1416; x_wconf 69' lang='grc' dir='ltr'>ὑπὲρ</span> 
     </span>
    </p>
   </div>
   <div class='ocr_carea' id='block_1_76' title="bbox 2096 1422 3654 1500">
    <p class='ocr_par' dir='ltr' id='par_1_76' title="bbox 2096 1422 3654 1500">
     <span class='ocr_line' id='line_1_76' title="bbox 2096 1422 3654 1500; baseline 0.004 -24"><span class='ocrx_word' id='word_1_583' title='bbox 2096 1423 2193 1492; x_wconf 84' lang='grc' dir='ltr'>μὲν</span> <span class='ocrx_word' id='word_1_584' title='bbox 2221 1423 2396 1495; x_wconf 83' lang='grc' dir='ltr'>ἀρχῆς</span> <span class='ocrx_word' id='word_1_585' title='bbox 2425 1424 2535 1477; x_wconf 78' lang='grc' dir='ltr'>πᾶν</span> <span class='ocrx_word' id='word_1_586' title='bbox 2563 1422 2741 1477; x_wconf 83' lang='grc' dir='ltr'>ὁτιοῦν</span> <span class='ocrx_word' id='word_1_587' title='bbox 2775 1427 2967 1491; x_wconf 87' lang='grc' dir='ltr'>ποιεῖς,</span> <span class='ocrx_word' id='word_1_588' title='bbox 3004 1426 3100 1494; x_wconf 87' lang='grc' dir='ltr'>τῆς</span> <span class='ocrx_word' id='word_1_589' title='bbox 3126 1426 3182 1479; x_wconf 84' lang='grc' dir='ltr'>δὲ</span> <span class='ocrx_word' id='word_1_590' title='bbox 3213 1425 3492 1496; x_wconf 85' lang='grc' dir='ltr'>βασιλείας</span> <span class='ocrx_word' id='word_1_591' title='bbox 3524 1431 3654 1500; x_wconf 90' lang='grc' dir='ltr'>μέλ-</span> 
     </span>
    </p>
   </div>
   <div class='ocr_carea' id='block_1_77' title="bbox 2089 1509 3655 1588">
    <p class='ocr_par' dir='ltr' id='par_1_77' title="bbox 2089 1509 3655 1588">
     <span class='ocr_line' id='line_1_77' title="bbox 2089 1509 3655 1588; baseline 0.006 -25"><span class='ocrx_word' id='word_1_592' title='bbox 2089 1509 2196 1564; x_wconf 89' lang='grc' dir='ltr'>λων</span> <span class='ocrx_word' id='word_1_593' title='bbox 2222 1514 2499 1566; x_wconf 86' lang='grc' dir='ltr'>κοινωνεῖν</span> <span class='ocrx_word' id='word_1_594' title='bbox 2529 1511 2627 1582; x_wconf 89' lang='grc' dir='ltr'>τῆς</span> <span class='ocrx_word' id='word_1_595' title='bbox 2647 1510 2739 1564; x_wconf 91' lang='grc' dir='ltr'>τοῦ</span> <span class='ocrx_word' id='word_1_596' title='bbox 2765 1510 3121 1579; x_wconf 84' lang='grc' dir='ltr'>Μονογενοῦς,</span> <span class='ocrx_word' id='word_1_597' title='bbox 3152 1512 3213 1565; x_wconf 90' lang='grc' dir='ltr'>οὐ</span> <span class='ocrx_word' id='word_1_598' title='bbox 3244 1513 3485 1588; x_wconf 79' lang='grc' dir='ltr'>καϐάλλῃ</span> <span class='ocrx_word' id='word_1_599' title='bbox 3515 1517 3655 1572; x_wconf 88' lang='grc' dir='ltr'>κατά</span> 
     </span>
    </p>
   </div>
   <div class='ocr_carea' id='block_1_78' title="bbox 2091 1596 3654 1671">
    <p class='ocr_par' dir='ltr' id='par_1_78' title="bbox 2091 1596 3654 1671">
     <span class='ocr_line' id='line_1_78' title="bbox 2091 1596 3654 1671; baseline 0.006 -22"><span class='ocrx_word' id='word_1_600' title='bbox 2091 1597 2301 1668; x_wconf 88' lang='grc' dir='ltr'>μυρίων</span> <span class='ocrx_word' id='word_1_601' title='bbox 2335 1596 2525 1667; x_wconf 88' lang='grc' dir='ltr'>ξιφῶν,</span> <span class='ocrx_word' id='word_1_602' title='bbox 2566 1598 2666 1651; x_wconf 84' lang='grc' dir='ltr'>οὐκ</span> <span class='ocrx_word' id='word_1_603' title='bbox 2720 1597 2966 1668; x_wconf 82' lang='grc' dir='ltr'>ἐμπηδᾷς</span> <span class='ocrx_word' id='word_1_604' title='bbox 3003 1599 3083 1663; x_wconf 85' lang='grc' dir='ltr'>είς</span> <span class='ocrx_word' id='word_1_605' title='bbox 3137 1597 3280 1671; x_wconf 89' lang='grc' dir='ltr'>πῦρ;</span> <span class='ocrx_word' id='word_1_606' title='bbox 3342 1603 3452 1655; x_wconf 76' lang='grc' dir='ltr'>Καὶ</span> <span class='ocrx_word' id='word_1_607' title='bbox 3502 1603 3654 1659; x_wconf 76' lang='grc' dir='ltr'>οὔπω</span> 
     </span>
    </p>
   </div>
   <div class='ocr_carea' id='block_1_79' title="bbox 2089 1685 3649 1763">
    <p class='ocr_par' dir='ltr' id='par_1_79' title="bbox 2089 1685 3649 1763">
     <span class='ocr_line' id='line_1_79' title="bbox 2089 1685 3649 1763; baseline 0.006 -24"><span class='ocrx_word' id='word_1_608' title='bbox 2089 1685 2247 1741; x_wconf 89' lang='grc' dir='ltr'>τοῦτο</span> <span class='ocrx_word' id='word_1_609' title='bbox 2286 1687 2475 1752; x_wconf 78' lang='grc' dir='ltr'>δεινὸν,</span> <span class='ocrx_word' id='word_1_610' title='bbox 2508 1686 2622 1741; x_wconf 84' lang='grc' dir='ltr'>ἀλλ’</span> <span class='ocrx_word' id='word_1_611' title='bbox 2673 1687 2755 1741; x_wconf 85' lang='grc' dir='ltr'>ὃτι</span> <span class='ocrx_word' id='word_1_612' title='bbox 2803 1689 2897 1740; x_wconf 73' lang='grc' dir='ltr'>καὶ</span> <span class='ocrx_word' id='word_1_613' title='bbox 2930 1686 3137 1757; x_wconf 87' lang='grc' dir='ltr'>μέλλων</span> <span class='ocrx_word' id='word_1_614' title='bbox 3167 1689 3385 1744; x_wconf 87' lang='grc' dir='ltr'>ἀπιέναι</span> <span class='ocrx_word' id='word_1_615' title='bbox 3413 1690 3649 1763; x_wconf 85' lang='grc' dir='ltr'>θρηνεῖς,</span> 
     </span>
    </p>
   </div>
   <div class='ocr_carea' id='block_1_80' title="bbox 2090 1772 3651 1850">
    <p class='ocr_par' dir='ltr' id='par_1_80' title="bbox 2090 1772 3651 1850">
     <span class='ocr_line' id='line_1_80' title="bbox 2090 1772 3651 1850; baseline 0.006 -23"><span class='ocrx_word' id='word_1_616' title='bbox 2090 1772 2185 1827; x_wconf 76' lang='grc' dir='ltr'>καὶ</span> <span class='ocrx_word' id='word_1_617' title='bbox 2208 1775 2603 1847; x_wconf 88' lang='grc' dir='ltr'>ἐμφιλοχωρεῖς</span> <span class='ocrx_word' id='word_1_618' title='bbox 2631 1779 2744 1840; x_wconf 87' lang='grc' dir='ltr'>τοῖς</span> <span class='ocrx_word' id='word_1_619' title='bbox 2785 1775 3021 1831; x_wconf 89' lang='grc' dir='ltr'>ἐνταῦθα</span> <span class='ocrx_word' id='word_1_620' title='bbox 3051 1777 3428 1850; x_wconf 75' lang='grc' dir='ltr'>φιλοσώματος</span> <span class='ocrx_word' id='word_1_621' title='bbox 3456 1780 3550 1835; x_wconf 83' lang='grc' dir='ltr'>ὢν.</span> <span class='ocrx_word' id='word_1_622' title='bbox 3586 1784 3651 1836; x_wconf 88' lang='grc' dir='ltr'>Τί</span> 
     </span>
    </p>
   </div>
   <div class='ocr_carea' id='block_1_81' title="bbox 2086 1861 3651 1938">
    <p class='ocr_par' dir='ltr' id='par_1_81' title="bbox 2086 1861 3651 1938">
     <span class='ocr_line' id='line_1_81' title="bbox 2086 1861 3651 1938; baseline 0.007 -25"><span class='ocrx_word' id='word_1_623' title='bbox 2086 1861 2150 1933; x_wconf 83' lang='grc' dir='ltr'>δὴ</span> <span class='ocrx_word' id='word_1_624' title='bbox 2180 1862 2372 1928; x_wconf 90' lang='grc' dir='ltr'>τοῦτο;</span> <span class='ocrx_word' id='word_1_625' title='bbox 2423 1863 2516 1916; x_wconf 76' lang='grc' dir='ltr'>καὶ</span> <span class='ocrx_word' id='word_1_626' title='bbox 2572 1861 2662 1915; x_wconf 84' lang='grc' dir='ltr'>τὸν</span> <span class='ocrx_word' id='word_1_627' title='bbox 2709 1861 2936 1915; x_wconf 87' lang='grc' dir='ltr'>θάνατον</span> <span class='ocrx_word' id='word_1_628' title='bbox 2970 1864 3195 1933; x_wconf 77' lang='grc' dir='ltr'>φρικτὸν</span> <span class='ocrx_word' id='word_1_629' title='bbox 3245 1867 3476 1938; x_wconf 86' lang='grc' dir='ltr'>πρᾶγμα</span> <span class='ocrx_word' id='word_1_630' title='bbox 3514 1865 3651 1924; x_wconf 81' lang='grc' dir='ltr'>εἶναι</span> 
     </span>
    </p>
   </div>
   <div class='ocr_carea' id='block_1_82' title="bbox 2086 1948 3652 2024">
    <p class='ocr_par' dir='ltr' id='par_1_82' title="bbox 2086 1948 3652 2024">
     <span class='ocr_line' id='line_1_82' title="bbox 2086 1948 3652 2024; baseline 0.004 -21"><span class='ocrx_word' id='word_1_631' title='bbox 2086 1949 2360 2020; x_wconf 75' lang='grc' dir='ltr'>νομίζειςς</span> <span class='ocrx_word' id='word_1_632' title='bbox 2399 1949 2466 2003; x_wconf 84' lang='lat' dir='ltr'><strong><em>&#39;Il</em></strong></span> <span class='ocrx_word' id='word_1_633' title='bbox 2514 1948 2697 2020; x_wconf 86' lang='grc' dir='ltr'>τρυφὴ</span> <span class='ocrx_word' id='word_1_634' title='bbox 2735 1949 2940 2002; x_wconf 87' lang='grc' dir='ltr'>τούτων</span> <span class='ocrx_word' id='word_1_635' title='bbox 2980 1950 3147 2018; x_wconf 82' lang='grc' dir='ltr'>αἰτία,</span> <span class='ocrx_word' id='word_1_636' title='bbox 3201 1953 3481 2024; x_wconf 74' lang='grc' dir='ltr'>ἡᾶνεσιςο</span> <span class='ocrx_word' id='word_1_637' title='bbox 3530 1957 3652 2010; x_wconf 74' lang='grc' dir='ltr'>ἐπεὶ</span> 
     </span>
    </p>
   </div>
   <div class='ocr_carea' id='block_1_83' title="bbox 2083 2033 3651 2110">
    <p class='ocr_par' dir='ltr' id='par_1_83' title="bbox 2083 2033 3651 2110">
     <span class='ocr_line' id='line_1_83' title="bbox 2083 2033 3651 2110; baseline 0.006 -21"><span class='ocrx_word' id='word_1_638' title='bbox 2083 2037 2176 2105; x_wconf 79' lang='grc' dir='ltr'>ὅγε</span> <span class='ocrx_word' id='word_1_639' title='bbox 2206 2037 2543 2098; x_wconf 88' lang='grc' dir='ltr'>κατάπικρον</span> <span class='ocrx_word' id='word_1_640' title='bbox 2573 2034 2687 2106; x_wconf 84' lang='grc' dir='ltr'>βίον</span> <span class='ocrx_word' id='word_1_641' title='bbox 2724 2033 2853 2101; x_wconf 78' lang='grc' dir='ltr'>ζῶν,</span> <span class='ocrx_word' id='word_1_642' title='bbox 2882 2038 2976 2091; x_wconf 80' lang='grc' dir='ltr'>καὶ</span> <span class='ocrx_word' id='word_1_643' title='bbox 3007 2038 3353 2110; x_wconf 82' lang='grc' dir='ltr'>πτερωθῆναι</span> <span class='ocrx_word' id='word_1_644' title='bbox 3381 2041 3554 2096; x_wconf 73' lang='grc' dir='ltr'>ἕλοιτο</span> <span class='ocrx_word' id='word_1_645' title='bbox 3585 2045 3651 2097; x_wconf 80' lang='grc' dir='ltr'>ἂν</span> 
     </span>
    </p>
   </div>
   <div class='ocr_carea' id='block_1_84' title="bbox 2085 2122 3651 2202">
    <p class='ocr_par' dir='ltr' id='par_1_84' title="bbox 2085 2122 3651 2202">
     <span class='ocr_line' id='line_1_84' title="bbox 2085 2122 3651 2202; baseline 0.005 -25"><span class='ocrx_word' id='word_1_646' title='bbox 2085 2124 2178 2178; x_wconf 82' lang='grc' dir='ltr'>καὶ</span> <span class='ocrx_word' id='word_1_647' title='bbox 2210 2123 2590 2194; x_wconf 89' lang='grc' dir='ltr'>ἀπαλλαγῆναι</span> <span class='ocrx_word' id='word_1_648' title='bbox 2644 2122 2912 2179; x_wconf 82' lang='grc' dir='ltr'>ἐντεῦθεν.</span> <span class='ocrx_word' id='word_1_649' title='bbox 2952 2125 3064 2181; x_wconf 82' lang='grc' dir='ltr'>Νῦν</span> <span class='ocrx_word' id='word_1_650' title='bbox 3103 2126 3159 2180; x_wconf 83' lang='grc' dir='ltr'>δέ</span> <span class='ocrx_word' id='word_1_651' title='bbox 3209 2129 3406 2183; x_wconf 82' lang='grc' dir='ltr'>ταύτὸν</span> <span class='ocrx_word' id='word_1_652' title='bbox 3445 2131 3651 2202; x_wconf 65' lang='grc' dir='ltr'>πάσχοι</span> 
     </span>
    </p>
   </div>
   <div class='ocr_carea' id='block_1_85' title="bbox 2080 2206 3649 2282">
    <p class='ocr_par' dir='ltr' id='par_1_85' title="bbox 2080 2206 3649 2282">
     <span class='ocr_line' id='line_1_85' title="bbox 2080 2206 3649 2282; baseline 0.006 -20"><span class='ocrx_word' id='word_1_653' title='bbox 2080 2227 2207 2279; x_wconf 86' lang='grc' dir='ltr'>μεν,</span> <span class='ocrx_word' id='word_1_654' title='bbox 2242 2206 2352 2263; x_wconf 76' lang='grc' dir='ltr'>οἷον</span> <span class='ocrx_word' id='word_1_655' title='bbox 2390 2211 2441 2262; x_wconf 78' lang='grc' dir='ltr'>οἱ</span> <span class='ocrx_word' id='word_1_656' title='bbox 2479 2210 2683 2263; x_wconf 72' lang='grc' dir='ltr'>νεοττοὶ</span> <span class='ocrx_word' id='word_1_657' title='bbox 2727 2211 3175 2281; x_wconf 84' lang='grc' dir='ltr'>μαλακισθέντες,</span> <span class='ocrx_word' id='word_1_658' title='bbox 3213 2217 3505 2282; x_wconf 82' lang='grc' dir='ltr'>διαπαντὸς</span> <span class='ocrx_word' id='word_1_659' title='bbox 3557 2220 3649 2273; x_wconf 70' lang='grc' dir='ltr'>ἐπὶ</span> 
     </span>
    </p>
   </div>
   <div class='ocr_carea' id='block_1_86' title="bbox 2082 2295 3653 2376">
    <p class='ocr_par' dir='ltr' id='par_1_86' title="bbox 2082 2295 3653 2376">
     <span class='ocr_line' id='line_1_86' title="bbox 2082 2295 3653 2376; baseline 0.006 -28"><span class='ocrx_word' id='word_1_660' title='bbox 2082 2297 2181 2368; x_wconf 83' lang='grc' dir='ltr'>τῆς</span> <span class='ocrx_word' id='word_1_661' title='bbox 2212 2296 2405 2359; x_wconf 80' lang='grc' dir='ltr'>καλιάς</span> <span class='ocrx_word' id='word_1_662' title='bbox 2451 2295 2634 2368; x_wconf 84' lang='grc' dir='ltr'>μένειν</span> <span class='ocrx_word' id='word_1_663' title='bbox 2679 2297 2970 2362; x_wconf 88' lang='grc' dir='ltr'>ἐθέλοντες.</span> <span class='ocrx_word' id='word_1_664' title='bbox 3015 2299 3154 2352; x_wconf 86' lang='grc' dir='ltr'>Ἀλλ’</span> <span class='ocrx_word' id='word_1_665' title='bbox 3189 2301 3408 2374; x_wconf 78' lang='grc' dir='ltr'>ὁσῳπερ</span> <span class='ocrx_word' id='word_1_666' title='bbox 3442 2304 3507 2357; x_wconf 80' lang='grc' dir='ltr'>ἂν</span> <span class='ocrx_word' id='word_1_667' title='bbox 3558 2306 3653 2376; x_wconf 85' lang='grc' dir='ltr'>μέ-</span> 
     </span>
    </p>
   </div>
   <div class='ocr_carea' id='block_1_87' title="bbox 2084 2382 3250 2458">
    <p class='ocr_par' dir='ltr' id='par_1_87' title="bbox 2084 2382 3250 2458">
     <span class='ocr_line' id='line_1_87' title="bbox 2084 2382 3250 2458; baseline 0.003 -22"><span class='ocrx_word' id='word_1_668' title='bbox 2084 2400 2282 2453; x_wconf 87' lang='grc' dir='ltr'>νωμεν,</span> <span class='ocrx_word' id='word_1_669' title='bbox 2311 2382 2550 2452; x_wconf 85' lang='grc' dir='ltr'>τοσούτῳ</span> <span class='ocrx_word' id='word_1_670' title='bbox 2587 2382 2823 2453; x_wconf 83' lang='grc' dir='ltr'>ἐσόμεθα</span> <span class='ocrx_word' id='word_1_671' title='bbox 2855 2384 3250 2458; x_wconf 87' lang='grc' dir='ltr'>ἀσθενέστεροι.</span> 
     </span>
    </p>
   </div>
   <div class='ocr_carea' id='block_1_88' title="bbox 2153 2466 3648 2547">
    <p class='ocr_par' dir='ltr' id='par_1_88' title="bbox 2153 2466 3648 2547">
     <span class='ocr_line' id='line_1_88' title="bbox 2153 2466 3648 2547; baseline 0.007 -24"><span class='ocrx_word' id='word_1_672' title='bbox 2153 2469 2332 2524; x_wconf 70' lang='grc' dir='ltr'>Καὶ.ιά</span> <span class='ocrx_word' id='word_1_673' title='bbox 2367 2470 2475 2540; x_wconf 81' lang='grc' dir='ltr'>γάρ</span> <span class='ocrx_word' id='word_1_674' title='bbox 2502 2472 2529 2523; x_wconf 93' lang='lat'>0</span> <span class='ocrx_word' id='word_1_675' title='bbox 2560 2466 2750 2541; x_wconf 78' lang='grc' dir='ltr'>παρὼν</span> <span class='ocrx_word' id='word_1_676' title='bbox 2792 2469 2908 2541; x_wconf 81' lang='grc' dir='ltr'>βίος</span> <span class='ocrx_word' id='word_1_677' title='bbox 2941 2473 3106 2538; x_wconf 68' lang='grc' dir='ltr'>ἐστὶν,</span> <span class='ocrx_word' id='word_1_678' title='bbox 3154 2474 3262 2529; x_wconf 79' lang='grc' dir='ltr'>ἀπὸ</span> <span class='ocrx_word' id='word_1_679' title='bbox 3305 2480 3533 2547; x_wconf 81' lang='grc' dir='ltr'>καρφῶν</span> <span class='ocrx_word' id='word_1_680' title='bbox 3557 2480 3648 2532; x_wconf 74' lang='grc' dir='ltr'>καὶ</span> 
     </span>
    </p>
   </div>
   <div class='ocr_carea' id='block_1_89' title="bbox 2087 2555 3650 2634">
    <p class='ocr_par' dir='ltr' id='par_1_89' title="bbox 2087 2555 3650 2634">
     <span class='ocr_line' id='line_1_89' title="bbox 2087 2555 3650 2634; baseline 0.007 -27"><span class='ocrx_word' id='word_1_681' title='bbox 2087 2555 2257 2627; x_wconf 82' lang='grc' dir='ltr'>πηλοῦ</span> <span class='ocrx_word' id='word_1_682' title='bbox 2298 2555 2817 2627; x_wconf 85' lang='grc' dir='ltr'>συγκεκολλημένος.</span> <span class='ocrx_word' id='word_1_683' title='bbox 2867 2556 2984 2611; x_wconf 81' lang='grc' dir='ltr'>Κᾶν</span> <span class='ocrx_word' id='word_1_684' title='bbox 3020 2558 3119 2623; x_wconf 81' lang='grc' dir='ltr'>τὰς</span> <span class='ocrx_word' id='word_1_685' title='bbox 3149 2562 3390 2631; x_wconf 87' lang='grc' dir='ltr'>μεγάλας</span> <span class='ocrx_word' id='word_1_686' title='bbox 3428 2581 3517 2634; x_wconf 89' lang='grc' dir='ltr'>μοι</span> <span class='ocrx_word' id='word_1_687' title='bbox 3544 2565 3650 2618; x_wconf 86' lang='grc' dir='ltr'>δεί·</span> 
     </span>
    </p>
   </div>
   <div class='ocr_carea' id='block_1_90' title="bbox 2086 2643 3647 2722">
    <p class='ocr_par' dir='ltr' id='par_1_90' title="bbox 2086 2643 3647 2722">
     <span class='ocr_line' id='line_1_90' title="bbox 2086 2643 3647 2722; baseline 0.003 -25"><span class='ocrx_word' id='word_1_688' title='bbox 2086 2643 2181 2715; x_wconf 77' lang='grc' dir='ltr'>ξῃς</span> <span class='ocrx_word' id='word_1_689' title='bbox 2218 2643 2413 2706; x_wconf 74' lang='grc' dir='ltr'>οἰκίας,</span> <span class='ocrx_word' id='word_1_690' title='bbox 2442 2643 2544 2697; x_wconf 83' lang='grc' dir='ltr'>κᾶν</span> <span class='ocrx_word' id='word_1_691' title='bbox 2573 2644 2711 2697; x_wconf 84' lang='grc' dir='ltr'>αὐτά</span> <span class='ocrx_word' id='word_1_692' title='bbox 2756 2643 2823 2698; x_wconf 87' lang='grc' dir='ltr'>τά</span> <span class='ocrx_word' id='word_1_693' title='bbox 2870 2644 3117 2715; x_wconf 83' lang='grc' dir='ltr'>βασίλεια</span> <span class='ocrx_word' id='word_1_694' title='bbox 3154 2647 3432 2719; x_wconf 85' lang='grc' dir='ltr'>λάμποντα</span> <span class='ocrx_word' id='word_1_695' title='bbox 3468 2651 3647 2722; x_wconf 77' lang='grc' dir='ltr'>πολλῷ</span> 
     </span>
    </p>
   </div>
   <div class='ocr_carea' id='block_1_91' title="bbox 2079 2730 3644 2808">
    <p class='ocr_par' dir='ltr' id='par_1_91' title="bbox 2079 2730 3644 2808">
     <span class='ocr_line' id='line_1_91' title="bbox 2079 2730 3644 2808; baseline 0.005 -25"><span class='ocrx_word' id='word_1_696' title='bbox 2079 2730 2156 2801; x_wconf 82' lang='grc' dir='ltr'>τῷ</span> <span class='ocrx_word' id='word_1_697' title='bbox 2188 2730 2372 2802; x_wconf 85' lang='grc' dir='ltr'>χρυσῷ</span> <span class='ocrx_word' id='word_1_698' title='bbox 2402 2731 2496 2785; x_wconf 67' lang='grc' dir='ltr'>καὶ</span> <span class='ocrx_word' id='word_1_699' title='bbox 2536 2733 2648 2794; x_wconf 89' lang='grc' dir='ltr'>τοῖς</span> <span class='ocrx_word' id='word_1_700' title='bbox 2676 2730 2866 2796; x_wconf 85' lang='grc' dir='ltr'>λίθοις,</span> <span class='ocrx_word' id='word_1_701' title='bbox 2905 2733 3055 2787; x_wconf 85' lang='grc' dir='ltr'>οὐδὲν</span> <span class='ocrx_word' id='word_1_702' title='bbox 3081 2737 3331 2807; x_wconf 85' lang='grc' dir='ltr'>οἰήσομαι</span> <span class='ocrx_word' id='word_1_703' title='bbox 3366 2736 3644 2808; x_wconf 82' lang='grc' dir='ltr'>διαφέρειν</span> 
     </span>
    </p>
   </div>
   <div class='ocr_carea' id='block_1_92' title="bbox 2080 2817 3640 2892">
    <p class='ocr_par' dir='ltr' id='par_1_92' title="bbox 2080 2817 3640 2892">
     <span class='ocr_line' id='line_1_92' title="bbox 2080 2817 3640 2892; baseline 0.005 -23"><span class='ocrx_word' id='word_1_704' title='bbox 2080 2817 2272 2880; x_wconf 80' lang='grc' dir='ltr'>καλιᾶς</span> <span class='ocrx_word' id='word_1_705' title='bbox 2321 2817 2644 2887; x_wconf 75' lang='grc' dir='ltr'>χελιδόνωνο</span> <span class='ocrx_word' id='word_1_706' title='bbox 2684 2817 2778 2871; x_wconf 90' lang='grc' dir='ltr'>τοῦ</span> <span class='ocrx_word' id='word_1_707' title='bbox 2835 2818 2944 2891; x_wconf 79' lang='grc' dir='ltr'>γὰρ</span> <span class='ocrx_word' id='word_1_708' title='bbox 2990 2822 3256 2892; x_wconf 88' lang='grc' dir='ltr'>χειμῶνος</span> <span class='ocrx_word' id='word_1_709' title='bbox 3300 2824 3640 2887; x_wconf 85' lang='grc' dir='ltr'>ἐπιστάντος,</span> 
     </span>
    </p>
   </div>
   <div class='ocr_carea' id='block_1_93' title="bbox 2080 2904 3646 2983">
    <p class='ocr_par' dir='ltr' id='par_1_93' title="bbox 2080 2904 3646 2983">
     <span class='ocr_line' id='line_1_93' title="bbox 2080 2904 3646 2983; baseline 0.005 -26"><span class='ocrx_word' id='word_1_710' title='bbox 2080 2904 2364 2974; x_wconf 83' lang='grc' dir='ltr'>αὐτόματα</span> <span class='ocrx_word' id='word_1_711' title='bbox 2389 2905 2566 2958; x_wconf 80' lang='grc' dir='ltr'>πάντα</span> <span class='ocrx_word' id='word_1_712' title='bbox 2594 2907 2840 2959; x_wconf 85' lang='grc' dir='ltr'>πεσεῖται</span> <span class='ocrx_word' id='word_1_713' title='bbox 2866 2924 2879 2937; x_wconf 92' lang='grc'><strong>·</strong></span> <span class='ocrx_word' id='word_1_714' title='bbox 2929 2908 3170 2979; x_wconf 89' lang='grc' dir='ltr'>χειμῶνα</span> <span class='ocrx_word' id='word_1_715' title='bbox 3197 2908 3252 2962; x_wconf 84' lang='grc' dir='ltr'>δὲ</span> <span class='ocrx_word' id='word_1_716' title='bbox 3294 2908 3391 2980; x_wconf 82' lang='grc' dir='ltr'>τὴν</span> <span class='ocrx_word' id='word_1_717' title='bbox 3433 2911 3646 2983; x_wconf 85' lang='grc' dir='ltr'>ἡμέραν</span> 
     </span>
    </p>
   </div>
   <div class='ocr_carea' id='block_1_94' title="bbox 2076 2990 3647 3064">
    <p class='ocr_par' dir='ltr' id='par_1_94' title="bbox 2076 2990 3647 3064">
     <span class='ocr_line' id='line_1_94' title="bbox 2076 2990 3647 3064; baseline 0.006 -22"><span class='ocrx_word' id='word_1_718' title='bbox 2076 2992 2293 3061; x_wconf 79' lang='grc' dir='ltr'>ἐκείνην</span> <span class='ocrx_word' id='word_1_719' title='bbox 2320 2990 2483 3059; x_wconf 86' lang='grc' dir='ltr'>λέγω,</span> <span class='ocrx_word' id='word_1_720' title='bbox 2515 2990 2637 3061; x_wconf 74' lang='grc' dir='ltr'>οὐχὶ</span> <span class='ocrx_word' id='word_1_721' title='bbox 2676 2993 2810 3048; x_wconf 76' lang='grc' dir='ltr'>πᾶσι</span> <span class='ocrx_word' id='word_1_722' title='bbox 2845 2995 3111 3064; x_wconf 79' lang='grc' dir='ltr'>χειμῶνα.</span> <span class='ocrx_word' id='word_1_723' title='bbox 3157 2996 3310 3049; x_wconf 79' lang='grc' dir='ltr'>Ἐπεὶ</span> <span class='ocrx_word' id='word_1_724' title='bbox 3337 2996 3431 3049; x_wconf 74' lang='grc' dir='ltr'>καὶ</span> <span class='ocrx_word' id='word_1_725' title='bbox 3462 2999 3489 3050; x_wconf 94' lang='lat'>0</span> <span class='ocrx_word' id='word_1_726' title='bbox 3513 2997 3647 3061; x_wconf 68' lang='grc' dir='ltr'>Θεὸς</span> 
     </span>
    </p>
   </div>
   <div class='ocr_carea' id='block_1_95' title="bbox 2079 3077 3645 3152">
    <p class='ocr_par' dir='ltr' id='par_1_95' title="bbox 2079 3077 3645 3152">
     <span class='ocr_line' id='line_1_95' title="bbox 2079 3077 3645 3152; baseline 0.006 -24"><span class='ocrx_word' id='word_1_727' title='bbox 2079 3078 2247 3132; x_wconf 82' lang='grc' dir='ltr'>νύκτα</span> <span class='ocrx_word' id='word_1_728' title='bbox 2283 3095 2340 3130; x_wconf 88' lang='grc' dir='ltr'>τε</span> <span class='ocrx_word' id='word_1_729' title='bbox 2372 3077 2507 3148; x_wconf 85' lang='grc' dir='ltr'>ὁμοῦ</span> <span class='ocrx_word' id='word_1_730' title='bbox 2542 3079 2635 3131; x_wconf 75' lang='grc' dir='ltr'>καὶ</span> <span class='ocrx_word' id='word_1_731' title='bbox 2668 3079 2879 3150; x_wconf 78' lang='grc' dir='ltr'>ἡμέραν</span> <span class='ocrx_word' id='word_1_732' title='bbox 2906 3080 2995 3134; x_wconf 78' lang='grc' dir='ltr'>τὸν</span> <span class='ocrx_word' id='word_1_733' title='bbox 3023 3081 3213 3152; x_wconf 80' lang='grc' dir='ltr'>καιρὸν</span> <span class='ocrx_word' id='word_1_734' title='bbox 3234 3085 3446 3138; x_wconf 79' lang='grc' dir='ltr'>ἐκεῖνον</span> <span class='ocrx_word' id='word_1_735' title='bbox 3473 3086 3645 3149; x_wconf 86' lang='grc' dir='ltr'>καλεῖ,</span> 
     </span>
    </p>
   </div>
   <div class='ocr_carea' id='block_1_96' title="bbox 2078 3164 3647 3240">
    <p class='ocr_par' dir='ltr' id='par_1_96' title="bbox 2078 3164 3647 3240">
     <span class='ocr_line' id='line_1_96' title="bbox 2078 3164 3647 3240; baseline 0.006 -24"><span class='ocrx_word' id='word_1_736' title='bbox 2078 3164 2139 3217; x_wconf 70' lang='grc' dir='ltr'>τὸ</span> <span class='ocrx_word' id='word_1_737' title='bbox 2171 3164 2269 3233; x_wconf 73' lang='grc' dir='ltr'>μὲν</span> <span class='ocrx_word' id='word_1_738' title='bbox 2300 3166 2434 3234; x_wconf 74' lang='grc' dir='ltr'>πρὸς</span> <span class='ocrx_word' id='word_1_739' title='bbox 2476 3165 2601 3229; x_wconf 82' lang='grc' dir='ltr'>τούς</span> <span class='ocrx_word' id='word_1_740' title='bbox 2652 3167 3031 3237; x_wconf 77' lang='grc' dir='ltr'>ἁμαρτωλοὺς,</span> <span class='ocrx_word' id='word_1_741' title='bbox 3054 3168 3116 3221; x_wconf 88' lang='grc' dir='ltr'>τὸ</span> <span class='ocrx_word' id='word_1_742' title='bbox 3136 3169 3196 3222; x_wconf 73' lang='grc' dir='ltr'>δὲ</span> <span class='ocrx_word' id='word_1_743' title='bbox 3224 3170 3364 3240; x_wconf 83' lang='grc' dir='ltr'>πρὸς</span> <span class='ocrx_word' id='word_1_744' title='bbox 3394 3173 3520 3236; x_wconf 79' lang='grc' dir='ltr'>τούς</span> <span class='ocrx_word' id='word_1_745' title='bbox 3567 3173 3647 3225; x_wconf 87' lang='grc' dir='ltr'>δι-</span> 
     </span>
    </p>
   </div>
   <div class='ocr_carea' id='block_1_97' title="bbox 2079 3252 3646 3329">
    <p class='ocr_par' dir='ltr' id='par_1_97' title="bbox 2079 3252 3646 3329">
     <span class='ocr_line' id='line_1_97' title="bbox 2079 3252 3646 3329; baseline 0.006 -26"><span class='ocrx_word' id='word_1_746' title='bbox 2079 3252 2286 3315; x_wconf 83' lang='grc' dir='ltr'>καίους.</span> <span class='ocrx_word' id='word_1_747' title='bbox 2327 3252 2483 3305; x_wconf 77' lang='grc' dir='ltr'>Οὕτω</span> <span class='ocrx_word' id='word_1_748' title='bbox 2503 3252 2598 3305; x_wconf 63' lang='grc' dir='ltr'>καὶ</span> <span class='ocrx_word' id='word_1_749' title='bbox 2630 3253 2740 3322; x_wconf 88' lang='grc' dir='ltr'>ἐγὼ</span> <span class='ocrx_word' id='word_1_750' title='bbox 2771 3253 2865 3306; x_wconf 88' lang='grc' dir='ltr'>νῦν</span> <span class='ocrx_word' id='word_1_751' title='bbox 2889 3255 3133 3325; x_wconf 90' lang='grc' dir='ltr'>χειμῶνα</span> <span class='ocrx_word' id='word_1_752' title='bbox 3160 3256 3331 3329; x_wconf 84' lang='grc' dir='ltr'>αὐτὴν</span> <span class='ocrx_word' id='word_1_753' title='bbox 3355 3258 3521 3312; x_wconf 88' lang='grc' dir='ltr'>καλῶ.</span> <span class='ocrx_word' id='word_1_754' title='bbox 3550 3262 3646 3313; x_wconf 82' lang='grc' dir='ltr'>Ἀν</span> 
     </span>
    </p>
   </div>
   <div class='ocr_carea' id='block_1_98' title="bbox 2079 3338 3647 3412">
    <p class='ocr_par' dir='ltr' id='par_1_98' title="bbox 2079 3338 3647 3412">
     <span class='ocr_line' id='line_1_98' title="bbox 2079 3338 3647 3412; baseline 0.004 -21"><span class='ocrx_word' id='word_1_755' title='bbox 2079 3340 2136 3391; x_wconf 85' lang='grc' dir='ltr'>ἐν</span> <span class='ocrx_word' id='word_1_756' title='bbox 2162 3339 2238 3409; x_wconf 85' lang='grc' dir='ltr'>τῷ</span> <span class='ocrx_word' id='word_1_757' title='bbox 2260 3338 2405 3406; x_wconf 85' lang='grc' dir='ltr'>θέρει</span> <span class='ocrx_word' id='word_1_758' title='bbox 2434 3339 2510 3409; x_wconf 87' lang='grc' dir='ltr'>μὴ</span> <span class='ocrx_word' id='word_1_759' title='bbox 2544 3340 2904 3412; x_wconf 81' lang='grc' dir='ltr'>ὲκτραφῶμεν</span> <span class='ocrx_word' id='word_1_760' title='bbox 2931 3341 2958 3381; x_wconf 75' lang='lat' dir='ltr'><strong>b</strong></span> <span class='ocrx_word' id='word_1_761' title='bbox 2993 3341 3195 3408; x_wconf 88' lang='grc' dir='ltr'>καλῶς,</span> <span class='ocrx_word' id='word_1_762' title='bbox 3223 3342 3364 3398; x_wconf 84' lang='grc' dir='ltr'>ὥστε</span> <span class='ocrx_word' id='word_1_763' title='bbox 3389 3345 3647 3400; x_wconf 83' lang='grc' dir='ltr'>δύνασθαι</span> 
     </span>
    </p>
   </div>
   <div class='ocr_carea' id='block_1_99' title="bbox 2079 3426 3645 3506">
    <p class='ocr_par' dir='ltr' id='par_1_99' title="bbox 2079 3426 3645 3506">
     <span class='ocr_line' id='line_1_99' title="bbox 2079 3426 3645 3506; baseline 0.006 -26"><span class='ocrx_word' id='word_1_764' title='bbox 2079 3426 2336 3480; x_wconf 80' lang='grc' dir='ltr'>ἵπτασθαι</span> <span class='ocrx_word' id='word_1_765' title='bbox 2393 3427 2488 3481; x_wconf 91' lang='grc' dir='ltr'>τοῦ</span> <span class='ocrx_word' id='word_1_766' title='bbox 2547 3428 2816 3499; x_wconf 88' lang='grc' dir='ltr'>χειμῶνος</span> <span class='ocrx_word' id='word_1_767' title='bbox 2866 3431 3231 3497; x_wconf 85' lang='grc' dir='ltr'>ἐπιστάντος,</span> <span class='ocrx_word' id='word_1_768' title='bbox 3271 3433 3332 3486; x_wconf 88' lang='grc' dir='ltr'>οὐ</span> <span class='ocrx_word' id='word_1_769' title='bbox 3386 3434 3645 3506; x_wconf 70' lang='grc' dir='ltr'>λήψονται</span> 
     </span>
    </p>
   </div>
   <div class='ocr_carea' id='block_1_100' title="bbox 2076 3514 3647 3593">
    <p class='ocr_par' dir='ltr' id='par_1_100' title="bbox 2076 3514 3647 3593">
     <span class='ocr_line' id='line_1_100' title="bbox 2076 3514 3647 3593; baseline 0.007 -27"><span class='ocrx_word' id='word_1_770' title='bbox 2076 3515 2226 3584; x_wconf 81' lang='grc' dir='ltr'>ἡμᾶς</span> <span class='ocrx_word' id='word_1_771' title='bbox 2248 3515 2303 3566; x_wconf 87' lang='grc' dir='ltr'>αἰ</span> <span class='ocrx_word' id='word_1_772' title='bbox 2334 3515 2585 3585; x_wconf 86' lang='grc' dir='ltr'>μητέρες,</span> <span class='ocrx_word' id='word_1_773' title='bbox 2642 3514 2756 3568; x_wconf 79' lang='grc' dir='ltr'>ἀλλ’</span> <span class='ocrx_word' id='word_1_774' title='bbox 2790 3516 3010 3571; x_wconf 86' lang='grc' dir='ltr'>ἐάσουσι</span> <span class='ocrx_word' id='word_1_775' title='bbox 3057 3516 3136 3587; x_wconf 81' lang='grc' dir='ltr'>τῷ</span> <span class='ocrx_word' id='word_1_776' title='bbox 3179 3517 3323 3590; x_wconf 79' lang='grc' dir='ltr'>λιμῷ</span> <span class='ocrx_word' id='word_1_777' title='bbox 3350 3520 3647 3593; x_wconf 83' lang='grc' dir='ltr'>διαφθαρῆ-</span> 
     </span>
    </p>
   </div>
   <div class='ocr_carea' id='block_1_101' title="bbox 2078 3599 3646 3679">
    <p class='ocr_par' dir='ltr' id='par_1_101' title="bbox 2078 3599 3646 3679">
     <span class='ocr_line' id='line_1_101' title="bbox 2078 3599 3646 3679; baseline 0.006 -25"><span class='ocrx_word' id='word_1_778' title='bbox 2078 3618 2185 3666; x_wconf 89' lang='grc' dir='ltr'>ναι,</span> <span class='ocrx_word' id='word_1_779' title='bbox 2212 3600 2245 3671; x_wconf 78' lang='grc' dir='ltr'>ἡ</span> <span class='ocrx_word' id='word_1_780' title='bbox 2269 3599 2370 3669; x_wconf 91' lang='grc' dir='ltr'>τῆς</span> <span class='ocrx_word' id='word_1_781' title='bbox 2398 3601 2590 3663; x_wconf 79' lang='grc' dir='ltr'>καλιᾶς</span> <span class='ocrx_word' id='word_1_782' title='bbox 2617 3602 2887 3673; x_wconf 87' lang='grc' dir='ltr'>πεσούσης</span> <span class='ocrx_word' id='word_1_783' title='bbox 2912 3602 3226 3659; x_wconf 86' lang='grc' dir='ltr'>ἀπολέσθαι.</span> <span class='ocrx_word' id='word_1_784' title='bbox 3248 3608 3513 3679; x_wconf 86' lang='grc' dir='ltr'>Καθάπερ</span> <span class='ocrx_word' id='word_1_785' title='bbox 3538 3609 3646 3679; x_wconf 85' lang='grc' dir='ltr'>γὰρ</span> 
     </span>
    </p>
   </div>
   <div class='ocr_carea' id='block_1_102' title="bbox 2079 3686 3646 3764">
    <p class='ocr_par' dir='ltr' id='par_1_102' title="bbox 2079 3686 3646 3764">
     <span class='ocr_line' id='line_1_102' title="bbox 2079 3686 3646 3764; baseline 0.004 -25"><span class='ocrx_word' id='word_1_786' title='bbox 2079 3686 2292 3753; x_wconf 83' lang='grc' dir='ltr'>καλιὰν,</span> <span class='ocrx_word' id='word_1_787' title='bbox 2337 3686 2536 3755; x_wconf 81' lang='grc' dir='ltr'>μᾶλλον</span> <span class='ocrx_word' id='word_1_788' title='bbox 2569 3687 2627 3740; x_wconf 79' lang='grc' dir='ltr'>δὲ</span> <span class='ocrx_word' id='word_1_789' title='bbox 2655 3687 2751 3741; x_wconf 80' lang='grc' dir='ltr'>καὶ</span> <span class='ocrx_word' id='word_1_790' title='bbox 2779 3688 3144 3760; x_wconf 83' lang='grc' dir='ltr'>εὐκολώτερον</span> <span class='ocrx_word' id='word_1_791' title='bbox 3170 3692 3396 3764; x_wconf 76' lang='grc' dir='ltr'>ταύτης,</span> <span class='ocrx_word' id='word_1_792' title='bbox 3432 3695 3646 3748; x_wconf 76' lang='grc' dir='ltr'>ἅπαντα</span> 
     </span>
    </p>
   </div>
   <div class='ocr_carea' id='block_1_103' title="bbox 2078 3773 3647 3854">
    <p class='ocr_par' dir='ltr' id='par_1_103' title="bbox 2078 3773 3647 3854">
     <span class='ocr_line' id='line_1_103' title="bbox 2078 3773 3647 3854; baseline 0.006 -28"><span class='ocrx_word' id='word_1_793' title='bbox 2078 3773 2333 3843; x_wconf 88' lang='grc' dir='ltr'>καθαιρεῖ</span> <span class='ocrx_word' id='word_1_794' title='bbox 2349 3774 2469 3828; x_wconf 91' lang='grc' dir='ltr'>τότε</span> <span class='ocrx_word' id='word_1_795' title='bbox 2495 3776 2523 3827; x_wconf 95' lang='lat'>0</span> <span class='ocrx_word' id='word_1_796' title='bbox 2552 3774 2702 3838; x_wconf 78' lang='grc' dir='ltr'>Θεὸς,</span> <span class='ocrx_word' id='word_1_797' title='bbox 2738 3776 3121 3841; x_wconf 79' lang='grc' dir='ltr'>ἀνασκευάζων</span> <span class='ocrx_word' id='word_1_798' title='bbox 3151 3779 3243 3832; x_wconf 79' lang='grc' dir='ltr'>καὶ</span> <span class='ocrx_word' id='word_1_799' title='bbox 3272 3783 3546 3854; x_wconf 79' lang='grc' dir='ltr'>μεταρρυο</span> <span class='ocrx_word' id='word_1_800' title='bbox 3555 3786 3647 3854; x_wconf 84' lang='grc' dir='ltr'>μί-</span> 
     </span>
    </p>
   </div>
   <div class='ocr_carea' id='block_1_104' title="bbox 2080 3859 3644 3941">
    <p class='ocr_par' dir='ltr' id='par_1_104' title="bbox 2080 3859 3644 3941">
     <span class='ocr_line' id='line_1_104' title="bbox 2080 3859 3644 3941; baseline 0.006 -28"><span class='ocrx_word' id='word_1_801' title='bbox 2080 3859 2187 3925; x_wconf 80' lang='grc' dir='ltr'>ζων</span> <span class='ocrx_word' id='word_1_802' title='bbox 2217 3861 2450 3915; x_wconf 75' lang='grc' dir='ltr'>ἅπαντα.</span> <span class='ocrx_word' id='word_1_803' title='bbox 2482 3862 2545 3914; x_wconf 92' lang='grc' dir='ltr'>Οἱ</span> <span class='ocrx_word' id='word_1_804' title='bbox 2573 3862 2630 3915; x_wconf 80' lang='grc' dir='ltr'>δὲ</span> <span class='ocrx_word' id='word_1_805' title='bbox 2657 3863 2892 3934; x_wconf 86' lang='grc' dir='ltr'>άπτηνες</span> <span class='ocrx_word' id='word_1_806' title='bbox 2925 3863 3020 3917; x_wconf 75' lang='grc' dir='ltr'>καὶ</span> <span class='ocrx_word' id='word_1_807' title='bbox 3042 3865 3357 3936; x_wconf 86' lang='grc' dir='ltr'>ἀπαντῆσαι</span> <span class='ocrx_word' id='word_1_808' title='bbox 3390 3869 3540 3940; x_wconf 85' lang='grc' dir='ltr'>αὐτῷ</span> <span class='ocrx_word' id='word_1_809' title='bbox 3570 3871 3644 3941; x_wconf 81' lang='grc' dir='ltr'>μῆ</span> 
     </span>
    </p>
   </div>
   <div class='ocr_carea' id='block_1_105' title="bbox 2077 3948 3646 4029">
    <p class='ocr_par' dir='ltr' id='par_1_105' title="bbox 2077 3948 3646 4029">
     <span class='ocr_line' id='line_1_105' title="bbox 2077 3948 3646 4029; baseline 0.005 -27"><span class='ocrx_word' id='word_1_810' title='bbox 2077 3948 2364 4020; x_wconf 85' lang='grc' dir='ltr'>δυνάμενοι</span> <span class='ocrx_word' id='word_1_811' title='bbox 2390 3950 2470 4013; x_wconf 79' lang='grc' dir='ltr'>εἰς</span> <span class='ocrx_word' id='word_1_812' title='bbox 2490 3949 2581 4002; x_wconf 83' lang='grc' dir='ltr'>τὸν</span> <span class='ocrx_word' id='word_1_813' title='bbox 2610 3950 2768 4020; x_wconf 87' lang='grc' dir='ltr'>ἀέρα,</span> <span class='ocrx_word' id='word_1_814' title='bbox 2788 3950 2901 4004; x_wconf 87' lang='grc' dir='ltr'>ἀλλ’</span> <span class='ocrx_word' id='word_1_815' title='bbox 2927 3950 3068 4005; x_wconf 73' lang='grc' dir='ltr'>οὕτω</span> <span class='ocrx_word' id='word_1_816' title='bbox 3098 3952 3380 4022; x_wconf 84' lang='grc' dir='ltr'>βαναύσως</span> <span class='ocrx_word' id='word_1_817' title='bbox 3412 3959 3646 4029; x_wconf 82' lang='grc' dir='ltr'>τραφέν-</span> 
     </span>
    </p>
   </div>
   <div class='ocr_carea' id='block_1_106' title="bbox 2075 4034 3645 4108">
    <p class='ocr_par' dir='ltr' id='par_1_106' title="bbox 2075 4034 3645 4108">
     <span class='ocr_line' id='line_1_106' title="bbox 2075 4034 3645 4108; baseline 0.008 -22"><span class='ocrx_word' id='word_1_818' title='bbox 2075 4051 2187 4099; x_wconf 85' lang='grc' dir='ltr'>τες,</span> <span class='ocrx_word' id='word_1_819' title='bbox 2216 4035 2290 4098; x_wconf 76' lang='grc' dir='ltr'>ὠς</span> <span class='ocrx_word' id='word_1_820' title='bbox 2319 4035 2392 4105; x_wconf 86' lang='grc' dir='ltr'>μὴ</span> <span class='ocrx_word' id='word_1_821' title='bbox 2417 4034 2502 4105; x_wconf 81' lang='grc' dir='ltr'>ἔχε</span> <span class='ocrx_word' id='word_1_822' title='bbox 2513 4052 2559 4088; x_wconf 88' lang='grc' dir='ltr'>ιν</span> <span class='ocrx_word' id='word_1_823' title='bbox 2579 4034 2638 4089; x_wconf 80' lang='grc' dir='ltr'>τὸ</span> <span class='ocrx_word' id='word_1_824' title='bbox 2660 4053 2758 4089; x_wconf 86' lang='grc' dir='ltr'>πτε</span> <span class='ocrx_word' id='word_1_825' title='bbox 2769 4037 2857 4108; x_wconf 78' lang='grc' dir='ltr'>ρὸν</span> <span class='ocrx_word' id='word_1_826' title='bbox 2879 4036 3100 4107; x_wconf 81' lang='grc' dir='ltr'>κοῦφον,</span> <span class='ocrx_word' id='word_1_827' title='bbox 3127 4040 3404 4096; x_wconf 88' lang='grc' dir='ltr'>πείσονται</span> <span class='ocrx_word' id='word_1_828' title='bbox 3434 4045 3645 4100; x_wconf 79' lang='grc' dir='ltr'>ἅπαντα</span> 
     </span>
    </p>
   </div>
   <div class='ocr_carea' id='block_1_107' title="bbox 2074 4120 3640 4196">
    <p class='ocr_par' dir='ltr' id='par_1_107' title="bbox 2074 4120 3640 4196">
     <span class='ocr_line' id='line_1_107' title="bbox 2074 4120 3640 4196; baseline 0.009 -23"><span class='ocrx_word' id='word_1_829' title='bbox 2074 4120 2266 4185; x_wconf 89' lang='grc' dir='ltr'>ταῦτα,</span> <span class='ocrx_word' id='word_1_830' title='bbox 2297 4122 2438 4193; x_wconf 76' lang='grc' dir='ltr'>άπερ</span> <span class='ocrx_word' id='word_1_831' title='bbox 2471 4122 2615 4186; x_wconf 70' lang='grc' dir='ltr'>εἰκὸς</span> <span class='ocrx_word' id='word_1_832' title='bbox 2646 4123 2769 4187; x_wconf 82' lang='grc' dir='ltr'>τοὺς</span> <span class='ocrx_word' id='word_1_833' title='bbox 2807 4122 2949 4177; x_wconf 80' lang='grc' dir='ltr'>οὕτω</span> <span class='ocrx_word' id='word_1_834' title='bbox 2996 4125 3371 4196; x_wconf 86' lang='grc' dir='ltr'>διακειμένους</span> <span class='ocrx_word' id='word_1_835' title='bbox 3427 4130 3640 4187; x_wconf 87' lang='grc' dir='ltr'>παθεῖν.</span> 
     </span>
    </p>
   </div>
   <div class='ocr_carea' id='block_1_108' title="bbox 2084 4204 3644 4287">
    <p class='ocr_par' dir='ltr' id='par_1_108' title="bbox 2084 4204 3644 4287">
     <span class='ocr_line' id='line_1_108' title="bbox 2084 4204 3644 4287; baseline 0.006 -28"><span class='ocrx_word' id='word_1_836' title='bbox 2084 4208 2150 4260; x_wconf 86' lang='grc' dir='ltr'><strong>Ἦ</strong></span> <span class='ocrx_word' id='word_1_837' title='bbox 2168 4207 2266 4279; x_wconf 84' lang='grc' dir='ltr'>μὲν</span> <span class='ocrx_word' id='word_1_838' title='bbox 2284 4204 2376 4261; x_wconf 78' lang='grc' dir='ltr'>οὖν</span> <span class='ocrx_word' id='word_1_839' title='bbox 2403 4208 2508 4262; x_wconf 90' lang='grc' dir='ltr'>τῶν</span> <span class='ocrx_word' id='word_1_840' title='bbox 2523 4209 2803 4280; x_wconf 86' lang='grc' dir='ltr'>χελιδόνων</span> <span class='ocrx_word' id='word_1_841' title='bbox 2818 4211 3051 4276; x_wconf 79' lang='grc' dir='ltr'>νεοττιά,</span> <span class='ocrx_word' id='word_1_842' title='bbox 3074 4213 3201 4267; x_wconf 84' lang='grc' dir='ltr'>ὅταν</span> <span class='ocrx_word' id='word_1_843' title='bbox 3223 4216 3527 4287; x_wconf 82' lang='grc' dir='ltr'>καταπέσῃ,</span> <span class='ocrx_word' id='word_1_844' title='bbox 3552 4234 3644 4269; x_wconf 86' lang='grc' dir='ltr'>τα-</span> 
     </span>
    </p>
   </div>
   <div class='ocr_carea' id='block_1_109' title="bbox 2071 4294 3642 4370">
    <p class='ocr_par' dir='ltr' id='par_1_109' title="bbox 2071 4294 3642 4370">
     <span class='ocr_line' id='line_1_109' title="bbox 2071 4294 3642 4370; baseline 0.006 -23"><span class='ocrx_word' id='word_1_845' title='bbox 2071 4294 2210 4365; x_wconf 85' lang='grc' dir='ltr'>χέως</span> <span class='ocrx_word' id='word_1_846' title='bbox 2227 4295 2541 4350; x_wconf 69' lang='grc' dir='ltr'>ἀπόλλυταν</span> <span class='ocrx_word' id='word_1_847' title='bbox 2568 4299 2731 4368; x_wconf 87' lang='grc' dir='ltr'>ἡμεῖς</span> <span class='ocrx_word' id='word_1_848' title='bbox 2748 4295 2972 4370; x_wconf 66' lang='grc' dir='ltr'>[55916ὲ</span> <span class='ocrx_word' id='word_1_849' title='bbox 2997 4299 3095 4353; x_wconf 89' lang='grc' dir='ltr'>οὐκ</span> <span class='ocrx_word' id='word_1_850' title='bbox 3124 4300 3485 4370; x_wconf 80' lang='grc' dir='ltr'>ἀπολούμεθα,</span> <span class='ocrx_word' id='word_1_851' title='bbox 3506 4294 3642 4356; x_wconf 75' lang='grc' dir='ltr'>άλλά</span> 
     </span>
    </p>
   </div>
   <div class='ocr_carea' id='block_1_110' title="bbox 2074 4380 3640 4461">
    <p class='ocr_par' dir='ltr' id='par_1_110' title="bbox 2074 4380 3640 4461">
     <span class='ocr_line' id='line_1_110' title="bbox 2074 4380 3640 4461; baseline 0.006 -26"><span class='ocrx_word' id='word_1_852' title='bbox 2074 4380 2412 4454; x_wconf 80' lang='grc' dir='ltr'>κολαζόμεθά</span> <span class='ocrx_word' id='word_1_853' title='bbox 2443 4383 2726 4454; x_wconf 85' lang='grc' dir='ltr'>διηνεκῶς.</span> <span class='ocrx_word' id='word_1_854' title='bbox 2766 4383 2986 4455; x_wconf 83' lang='grc' dir='ltr'>Χειμὼν</span> <span class='ocrx_word' id='word_1_855' title='bbox 3021 4385 3172 4440; x_wconf 79' lang='grc' dir='ltr'>ἔσται</span> <span class='ocrx_word' id='word_1_856' title='bbox 3200 4389 3228 4440; x_wconf 91' lang='lat'>0</span> <span class='ocrx_word' id='word_1_857' title='bbox 3266 4388 3385 4441; x_wconf 87' lang='grc' dir='ltr'>τότε</span> <span class='ocrx_word' id='word_1_858' title='bbox 3428 4389 3640 4461; x_wconf 74' lang='grc' dir='ltr'>καιρὸς,</span> 
     </span>
    </p>
   </div>
   <div class='ocr_carea' id='block_1_111' title="bbox 2075 4470 3642 4550">
    <p class='ocr_par' dir='ltr' id='par_1_111' title="bbox 2075 4470 3642 4550">
     <span class='ocr_line' id='line_1_111' title="bbox 2075 4470 3642 4550; baseline 0.006 -27"><span class='ocrx_word' id='word_1_859' title='bbox 2075 4470 2276 4540; x_wconf 80' lang='grc' dir='ltr'>μᾶλλον</span> <span class='ocrx_word' id='word_1_860' title='bbox 2300 4471 2357 4524; x_wconf 74' lang='grc' dir='ltr'>δὲ</span> <span class='ocrx_word' id='word_1_861' title='bbox 2391 4472 2657 4542; x_wconf 87' lang='grc' dir='ltr'>χειμῶνος</span> <span class='ocrx_word' id='word_1_862' title='bbox 2688 4472 3089 4543; x_wconf 87' lang='grc' dir='ltr'>χαλεπώτερος.</span> <span class='ocrx_word' id='word_1_863' title='bbox 3123 4476 3197 4529; x_wconf 87' lang='grc' dir='ltr'>Οὐ</span> <span class='ocrx_word' id='word_1_864' title='bbox 3222 4476 3330 4546; x_wconf 79' lang='grc' dir='ltr'>γάρ</span> <span class='ocrx_word' id='word_1_865' title='bbox 3355 4477 3642 4550; x_wconf 67' lang='grc' dir='ltr'>χείμαρροι</span> 
     </span>
    </p>
   </div>
   <div class='ocr_carea' id='block_1_112' title="bbox 2071 4558 3643 4632">
    <p class='ocr_par' dir='ltr' id='par_1_112' title="bbox 2071 4558 3643 4632">
     <span class='ocr_line' id='line_1_112' title="bbox 2071 4558 3643 4632; baseline 0.004 -20"><span class='ocrx_word' id='word_1_866' title='bbox 2071 4558 2470 4631; x_wconf 87' lang='grc' dir='ltr'>κατασύρονται</span> <span class='ocrx_word' id='word_1_867' title='bbox 2501 4558 2715 4626; x_wconf 79' lang='grc' dir='ltr'>ὓδατος,</span> <span class='ocrx_word' id='word_1_868' title='bbox 2746 4560 2881 4615; x_wconf 86' lang='grc' dir='ltr'>ἀλλά</span> <span class='ocrx_word' id='word_1_869' title='bbox 2915 4562 3150 4632; x_wconf 79' lang='grc' dir='ltr'>ποταμοὶ</span> <span class='ocrx_word' id='word_1_870' title='bbox 3185 4564 3375 4632; x_wconf 84' lang='grc' dir='ltr'>πυρός·</span> <span class='ocrx_word' id='word_1_871' title='bbox 3421 4565 3483 4618; x_wconf 87' lang='grc' dir='ltr'>οὐ</span> <span class='ocrx_word' id='word_1_872' title='bbox 3519 4567 3643 4619; x_wconf 78' lang='grc' dir='ltr'>σκό-</span> 
     </span>
    </p>
   </div>
   <div class='ocr_carea' id='block_1_113' title="bbox 2069 4644 3644 4721">
    <p class='ocr_par' dir='ltr' id='par_1_113' title="bbox 2069 4644 3644 4721">
     <span class='ocr_line' id='line_1_113' title="bbox 2069 4644 3644 4721; baseline 0.005 -24"><span class='ocrx_word' id='word_1_873' title='bbox 2069 4661 2160 4707; x_wconf 91' lang='grc' dir='ltr'>τος</span> <span class='ocrx_word' id='word_1_874' title='bbox 2183 4644 2289 4698; x_wconf 76' lang='grc' dir='ltr'>ἀπο</span> <span class='ocrx_word' id='word_1_875' title='bbox 2313 4644 2490 4713; x_wconf 89' lang='grc' dir='ltr'>νεφῶν</span> <span class='ocrx_word' id='word_1_876' title='bbox 2517 4644 2744 4713; x_wconf 89' lang='grc' dir='ltr'>γίνεται,</span> <span class='ocrx_word' id='word_1_877' title='bbox 2777 4646 2914 4699; x_wconf 87' lang='grc' dir='ltr'>ἀλλά</span> <span class='ocrx_word' id='word_1_878' title='bbox 2938 4647 3125 4712; x_wconf 86' lang='grc' dir='ltr'>σκότος</span> <span class='ocrx_word' id='word_1_879' title='bbox 3144 4647 3337 4704; x_wconf 83' lang='grc' dir='ltr'>ἄλυτον</span> <span class='ocrx_word' id='word_1_880' title='bbox 3363 4651 3457 4704; x_wconf 70' lang='grc' dir='ltr'>καὶ</span> <span class='ocrx_word' id='word_1_881' title='bbox 3478 4651 3644 4721; x_wconf 81' lang='grc' dir='ltr'>ἀφεγ·</span> 
     </span>
    </p>
   </div>
   <div class='ocr_carea' id='block_1_114' title="bbox 2069 4731 3639 4809">
    <p class='ocr_par' dir='ltr' id='par_1_114' title="bbox 2069 4731 3639 4809">
     <span class='ocr_line' id='line_1_114' title="bbox 2069 4731 3639 4809; baseline 0.004 -24"><span class='ocrx_word' id='word_1_882' title='bbox 2069 4732 2182 4801; x_wconf 84' lang='grc' dir='ltr'>γές,</span> <span class='ocrx_word' id='word_1_883' title='bbox 2213 4731 2353 4785; x_wconf 81' lang='grc' dir='ltr'>ὥστε</span> <span class='ocrx_word' id='word_1_884' title='bbox 2385 4733 2523 4803; x_wconf 85' lang='grc' dir='ltr'>μήτε</span> <span class='ocrx_word' id='word_1_885' title='bbox 2573 4732 2664 4786; x_wconf 82' lang='grc' dir='ltr'>τὸν</span> <span class='ocrx_word' id='word_1_886' title='bbox 2705 4734 2933 4805; x_wconf 80' lang='grc' dir='ltr'>οὐρανὸν</span> <span class='ocrx_word' id='word_1_887' title='bbox 2964 4734 3110 4796; x_wconf 76' lang='grc' dir='ltr'>ἰδεῖν,</span> <span class='ocrx_word' id='word_1_888' title='bbox 3171 4737 3310 4806; x_wconf 86' lang='grc' dir='ltr'>μήτε</span> <span class='ocrx_word' id='word_1_889' title='bbox 3343 4737 3436 4791; x_wconf 80' lang='grc' dir='ltr'>τὸν</span> <span class='ocrx_word' id='word_1_890' title='bbox 3480 4739 3639 4809; x_wconf 78' lang='grc' dir='ltr'>ἀέρα,</span> 
     </span>
    </p>
   </div>
   <div class='ocr_carea' id='block_1_115' title="bbox 2068 4818 3642 4892">
    <p class='ocr_par' dir='ltr' id='par_1_115' title="bbox 2068 4818 3642 4892">
     <span class='ocr_line' id='line_1_115' title="bbox 2068 4818 3642 4892; baseline 0.003 -18"><span class='ocrx_word' id='word_1_891' title='bbox 2068 4818 2204 4874; x_wconf 83' lang='grc' dir='ltr'>ἀλλά</span> <span class='ocrx_word' id='word_1_892' title='bbox 2242 4818 2350 4874; x_wconf 87' lang='grc' dir='ltr'>τῶν</span> <span class='ocrx_word' id='word_1_893' title='bbox 2377 4820 2458 4882; x_wconf 80' lang='grc' dir='ltr'>εἰς</span> <span class='ocrx_word' id='word_1_894' title='bbox 2487 4818 2584 4890; x_wconf 83' lang='grc' dir='ltr'>τὴν</span> <span class='ocrx_word' id='word_1_895' title='bbox 2615 4819 2718 4889; x_wconf 88' lang='grc' dir='ltr'>γῆν</span> <span class='ocrx_word' id='word_1_896' title='bbox 2756 4821 3196 4892; x_wconf 88' lang='grc' dir='ltr'>κατωρυγμένων</span> <span class='ocrx_word' id='word_1_897' title='bbox 3245 4823 3444 4890; x_wconf 80' lang='grc' dir='ltr'>μᾶλλον</span> <span class='ocrx_word' id='word_1_898' title='bbox 3474 4841 3642 4878; x_wconf 81' lang='grc' dir='ltr'>στενο·</span> 
     </span>
    </p>
   </div>
   <div class='ocr_carea' id='block_1_116' title="bbox 2070 4909 3638 4985">
    <p class='ocr_par' dir='ltr' id='par_1_116' title="bbox 2070 4909 3638 4985">
     <span class='ocr_line' id='line_1_116' title="bbox 2070 4909 3638 4985; baseline 0.003 -22"><span class='ocrx_word' id='word_1_899' title='bbox 2070 4910 2387 4982; x_wconf 85' lang='grc' dir='ltr'>χωρεῖσθαι.</span> <span class='ocrx_word' id='word_1_900' title='bbox 2434 4909 2701 4974; x_wconf 85' lang='grc' dir='ltr'>Πολλάκις</span> <span class='ocrx_word' id='word_1_901' title='bbox 2730 4909 3187 4985; x_wconf 47' lang='grc' dir='ltr'>ταῦταιλέγομεν,</span> <span class='ocrx_word' id='word_1_902' title='bbox 3218 4912 3332 4965; x_wconf 83' lang='grc' dir='ltr'>ἀλλ’</span> <span class='ocrx_word' id='word_1_903' title='bbox 3362 4913 3423 4967; x_wconf 89' lang='grc' dir='ltr'>οὐ</span> <span class='ocrx_word' id='word_1_904' title='bbox 3457 4914 3638 4967; x_wconf 85' lang='grc' dir='ltr'>πείθο-</span> 
     </span>
    </p>
   </div>
   <div class='ocr_carea' id='block_1_117' title="bbox 2072 4994 3639 5073">
    <p class='ocr_par' dir='ltr' id='par_1_117' title="bbox 2072 4994 3639 5073">
     <span class='ocr_line' id='line_1_117' title="bbox 2072 4994 3639 5073; baseline 0.002 -23"><span class='ocrx_word' id='word_1_905' title='bbox 2072 4997 2172 5067; x_wconf 90' lang='grc' dir='ltr'>μέν</span> <span class='ocrx_word' id='word_1_906' title='bbox 2195 5014 2367 5060; x_wconf 90' lang='grc' dir='ltr'>τινας.</span> <span class='ocrx_word' id='word_1_907' title='bbox 2400 4996 2512 5050; x_wconf 76' lang='grc' dir='ltr'>Καὶ</span> <span class='ocrx_word' id='word_1_908' title='bbox 2539 4996 2689 5051; x_wconf 84' lang='grc' dir='ltr'>οὐδὲν</span> <span class='ocrx_word' id='word_1_909' title='bbox 2719 4994 3048 5068; x_wconf 77' lang='grc' dir='ltr'>θαυμαστὸν,</span> <span class='ocrx_word' id='word_1_910' title='bbox 3080 5001 3135 5053; x_wconf 78' lang='lat' dir='ltr'><strong><em>el’</em></strong></span> <span class='ocrx_word' id='word_1_911' title='bbox 3157 5016 3220 5069; x_wconf 88' lang='grc' dir='ltr'>γε</span> <span class='ocrx_word' id='word_1_912' title='bbox 3251 5002 3411 5071; x_wconf 84' lang='grc' dir='ltr'>ἡμεῖς</span> <span class='ocrx_word' id='word_1_913' title='bbox 3435 5000 3639 5073; x_wconf 82' lang='grc' dir='ltr'>ἀνθρω-</span> 
     </span>
    </p>
   </div>
   <div class='ocr_carea' id='block_1_118' title="bbox 2069 5083 3638 5157">
    <p class='ocr_par' dir='ltr' id='par_1_118' title="bbox 2069 5083 3638 5157">
     <span class='ocr_line' id='line_1_118' title="bbox 2069 5083 3638 5157; baseline 0.001 -19"><span class='ocrx_word' id='word_1_914' title='bbox 2069 5101 2161 5138; x_wconf 85' lang='grc' dir='ltr'>ποι</span> <span class='ocrx_word' id='word_1_915' title='bbox 2189 5083 2427 5147; x_wconf 89' lang='grc' dir='ltr'>εὐτελεῖς</span> <span class='ocrx_word' id='word_1_916' title='bbox 2456 5083 2632 5138; x_wconf 86' lang='grc' dir='ltr'>ταῦτα</span> <span class='ocrx_word' id='word_1_917' title='bbox 2676 5084 2962 5156; x_wconf 85' lang='grc' dir='ltr'>πάσχομεν</span> <span class='ocrx_word' id='word_1_918' title='bbox 3001 5086 3142 5157; x_wconf 81' lang='grc' dir='ltr'>ὑπὲρ</span> <span class='ocrx_word' id='word_1_919' title='bbox 3172 5087 3431 5141; x_wconf 89' lang='grc' dir='ltr'>τοιούτων</span> <span class='ocrx_word' id='word_1_920' title='bbox 3464 5087 3638 5140; x_wconf 78' lang='grc' dir='ltr'>διαλε-</span> 
     </span>
    </p>
   </div>
   <div class='ocr_carea' id='block_1_119' title="bbox 2067 5171 3633 5244">
    <p class='ocr_par' dir='ltr' id='par_1_119' title="bbox 2067 5171 3633 5244">
     <span class='ocr_line' id='line_1_119' title="bbox 2067 5171 3633 5244; baseline 0.001 -20"><span class='ocrx_word' id='word_1_921' title='bbox 2067 5171 2308 5242; x_wconf 88' lang='grc' dir='ltr'>γόμενοι,</span> <span class='ocrx_word' id='word_1_922' title='bbox 2348 5171 2482 5224; x_wconf 81' lang='grc' dir='ltr'>ὅπου</span> <span class='ocrx_word' id='word_1_923' title='bbox 2517 5188 2581 5240; x_wconf 88' lang='grc' dir='ltr'>γε</span> <span class='ocrx_word' id='word_1_924' title='bbox 2611 5172 2706 5225; x_wconf 76' lang='grc' dir='ltr'>καὶ</span> <span class='ocrx_word' id='word_1_925' title='bbox 2757 5173 2808 5225; x_wconf 85' lang='grc' dir='ltr'>οἱ</span> <span class='ocrx_word' id='word_1_926' title='bbox 2856 5173 3131 5244; x_wconf 81' lang='grc' dir='ltr'>προφῆται</span> <span class='ocrx_word' id='word_1_927' title='bbox 3177 5173 3414 5244; x_wconf 79' lang='grc' dir='ltr'>ἔπασχον</span> <span class='ocrx_word' id='word_1_928' title='bbox 3444 5173 3633 5236; x_wconf 85' lang='grc' dir='ltr'>ταῦτα,</span> 
     </span>
    </p>
   </div>
   <div class='ocr_carea' id='block_1_120' title="bbox 2063 5258 3633 5332">
    <p class='ocr_par' dir='ltr' id='par_1_120' title="bbox 2063 5258 3633 5332">
     <span class='ocr_line' id='line_1_120' title="bbox 2063 5258 3633 5332; baseline 0.003 -19"><span class='ocrx_word' id='word_1_929' title='bbox 2063 5259 2159 5329; x_wconf 89' lang='grc' dir='ltr'>οὐχ</span> <span class='ocrx_word' id='word_1_930' title='bbox 2188 5258 2329 5330; x_wconf 84' lang='grc' dir='ltr'>ὐπέρ</span> <span class='ocrx_word' id='word_1_931' title='bbox 2355 5258 2612 5312; x_wconf 89' lang='grc' dir='ltr'>τοιούτων</span> <span class='ocrx_word' id='word_1_932' title='bbox 2665 5260 2824 5330; x_wconf 86' lang='grc' dir='ltr'>μόνον</span> <span class='ocrx_word' id='word_1_933' title='bbox 2858 5262 3201 5332; x_wconf 83' lang='grc' dir='ltr'>πραγμάτων</span> <span class='ocrx_word' id='word_1_934' title='bbox 3241 5260 3633 5330; x_wconf 83' lang='grc' dir='ltr'>διαλεγόμενοι.</span> 
     </span>
    </p>
   </div>
   <div class='ocr_carea' id='block_1_121' title="bbox 2062 5345 3635 5418">
    <p class='ocr_par' dir='ltr' id='par_1_121' title="bbox 2062 5345 3635 5418">
     <span class='ocr_line' id='line_1_121' title="bbox 2062 5345 3635 5418; baseline -0.001 -17"><span class='ocrx_word' id='word_1_935' title='bbox 2062 5346 2201 5401; x_wconf 86' lang='grc' dir='ltr'>ἀλλά</span> <span class='ocrx_word' id='word_1_936' title='bbox 2224 5347 2314 5399; x_wconf 72' lang='grc' dir='ltr'>καὶ</span> <span class='ocrx_word' id='word_1_937' title='bbox 2341 5345 2483 5416; x_wconf 74' lang='grc' dir='ltr'>ὑπὲρ</span> <span class='ocrx_word' id='word_1_938' title='bbox 2508 5346 2747 5417; x_wconf 86' lang='grc' dir='ltr'>πολέμου</span> <span class='ocrx_word' id='word_1_939' title='bbox 2778 5348 2871 5402; x_wconf 79' lang='grc' dir='ltr'>καὶ</span> <span class='ocrx_word' id='word_1_940' title='bbox 2911 5347 3309 5418; x_wconf 75' lang='grc' dir='ltr'>αἰχμαλωσίας.</span> <span class='ocrx_word' id='word_1_941' title='bbox 3336 5348 3446 5401; x_wconf 77' lang='grc' dir='ltr'>Καὶ</span> <span class='ocrx_word' id='word_1_942' title='bbox 3478 5347 3507 5399; x_wconf 92' lang='lat'>0</span> <span class='ocrx_word' id='word_1_943' title='bbox 3539 5348 3635 5400; x_wconf 87' lang='grc' dir='ltr'>Σε-</span> 
     </span>
    </p>
   </div>
   <div class='ocr_carea' id='block_1_122' title="bbox 2061 5434 3631 5513">
    <p class='ocr_par' dir='ltr' id='par_1_122' title="bbox 2061 5434 3631 5513">
     <span class='ocr_line' id='line_1_122' title="bbox 2061 5434 3631 5513; baseline 0 -25"><span class='ocrx_word' id='word_1_944' title='bbox 2061 5435 2245 5500; x_wconf 85' lang='grc' dir='ltr'>δεκίας</span> <span class='ocrx_word' id='word_1_945' title='bbox 2274 5434 2378 5488; x_wconf 77' lang='grc' dir='ltr'>ὐπὸ</span> <span class='ocrx_word' id='word_1_946' title='bbox 2398 5434 2494 5488; x_wconf 89' lang='grc' dir='ltr'>τοῦ</span> <span class='ocrx_word' id='word_1_947' title='bbox 2523 5434 2587 5489; x_wconf 82' lang='grc' dir='ltr'>Ἰε</span> <span class='ocrx_word' id='word_1_948' title='bbox 2597 5435 2786 5506; x_wconf 84' lang='grc' dir='ltr'>ρεμίου</span> <span class='ocrx_word' id='word_1_949' title='bbox 2807 5435 3087 5507; x_wconf 69' lang='grc' dir='ltr'>ἠλέγχετο,</span> <span class='ocrx_word' id='word_1_950' title='bbox 3110 5437 3204 5489; x_wconf 79' lang='grc' dir='ltr'>καὶ</span> <span class='ocrx_word' id='word_1_951' title='bbox 3229 5437 3329 5490; x_wconf 89' lang='grc' dir='ltr'>οὐκ</span> <span class='ocrx_word' id='word_1_952' title='bbox 3352 5436 3631 5513; x_wconf 63' lang='grc' dir='ltr'>ᾐσχύνετο.</span> 
     </span>
    </p>
   </div>
   <div class='ocr_carea' id='block_1_123' title="bbox 2061 5523 3635 5596">
    <p class='ocr_par' dir='ltr' id='par_1_123' title="bbox 2061 5523 3635 5596">
     <span class='ocr_line' id='line_1_123' title="bbox 2061 5523 3635 5596; baseline -0.001 -18"><span class='ocrx_word' id='word_1_953' title='bbox 2061 5524 2162 5578; x_wconf 82' lang='grc' dir='ltr'>Διά</span> <span class='ocrx_word' id='word_1_954' title='bbox 2187 5524 2346 5578; x_wconf 83' lang='grc' dir='ltr'>τοῦτο</span> <span class='ocrx_word' id='word_1_955' title='bbox 2374 5523 2559 5593; x_wconf 72' lang='grc' dir='ltr'>ἔλεγον</span> <span class='ocrx_word' id='word_1_956' title='bbox 2590 5526 2639 5578; x_wconf 86' lang='grc' dir='ltr'>οἱ</span> <span class='ocrx_word' id='word_1_957' title='bbox 2668 5524 2946 5596; x_wconf 82' lang='grc' dir='ltr'>προφῆται</span> <span class='ocrx_word' id='word_1_958' title='bbox 2967 5540 2981 5556; x_wconf 93' lang='grc'><strong>·</strong></span> <span class='ocrx_word' id='word_1_959' title='bbox 3045 5525 3189 5579; x_wconf 78' lang='grc' dir='ltr'>Οὐαί</span> <span class='ocrx_word' id='word_1_960' title='bbox 3228 5527 3284 5578; x_wconf 85' lang='grc' dir='ltr'>οι</span> <span class='ocrx_word' id='word_1_961' title='bbox 3323 5524 3635 5594; x_wconf 72' lang='grc' dir='ltr'>λέγοντες,</span> 
     </span>
    </p>
   </div>
   <div class='ocr_carea' id='block_1_124' title="bbox 2061 5607 3635 5685">
    <p class='ocr_par' dir='ltr' id='par_1_124' title="bbox 2061 5607 3635 5685">
     <span class='ocr_line' id='line_1_124' title="bbox 2061 5607 3635 5685; baseline -0.001 -18"><span class='ocrx_word' id='word_1_962' title='bbox 2061 5612 2350 5685; x_wconf 73' lang='grc' dir='ltr'>ἐγγισάτω</span> <span class='ocrx_word' id='word_1_963' title='bbox 2376 5611 2444 5665; x_wconf 84' lang='grc' dir='ltr'>τὸ</span> <span class='ocrx_word' id='word_1_964' title='bbox 2475 5610 2661 5680; x_wconf 84' lang='grc' dir='ltr'>τάχος</span> <span class='ocrx_word' id='word_1_965' title='bbox 2686 5610 2723 5667; x_wconf 84' lang='lat' dir='ltr'><strong><em>d</em></strong></span> <span class='ocrx_word' id='word_1_966' title='bbox 2746 5612 2987 5683; x_wconf 79' lang='grc' dir='ltr'>ποιήσει</span> <span class='ocrx_word' id='word_1_967' title='bbox 3013 5615 3047 5667; x_wconf 83' lang='grc' dir='ltr'><em>ὀ</em></span> <span class='ocrx_word' id='word_1_968' title='bbox 3072 5610 3234 5680; x_wconf 82' lang='grc' dir='ltr'>Θεὸς,</span> <span class='ocrx_word' id='word_1_969' title='bbox 3269 5607 3369 5667; x_wconf 72' lang='lat' dir='ltr'><strong><em>1m</em></strong></span> <span class='ocrx_word' id='word_1_970' title='bbox 3395 5611 3635 5682; x_wconf 73' lang='grc' dir='ltr'>ἴδωμεν,</span> 
     </span>
    </p>
   </div>
   <div class='ocr_carea' id='block_1_125' title="bbox 2123 5766 2664 5831">
    <p class='ocr_par' dir='ltr' id='par_1_125' title="bbox 2123 5766 2664 5831">
     <span class='ocr_line' id='line_1_125' title="bbox 2123 5766 2664 5831; baseline -0.004 -14"><span class='ocrx_word' id='word_1_971' title='bbox 2123 5768 2152 5809; x_wconf 77' lang='grc' dir='ltr'>ιο</span> <span class='ocrx_word' id='word_1_972' title='bbox 2175 5766 2323 5831; x_wconf 77' lang='lat' dir='ltr'>Reg.,</span> <span class='ocrx_word' id='word_1_973' title='bbox 2350 5767 2664 5831; x_wconf 73' lang='grc' dir='ltr'>έντραφῶμεν.</span> 
     </span>
    </p>
   </div>
   <div class='ocr_carea' id='block_1_126' title="bbox 3636 5877 3705 5892">
    <p class='ocr_par' dir='ltr' id='par_1_126' title="bbox 3636 5877 3705 5892">
     <span class='ocr_line' id='line_1_126' title="bbox 3636 5877 3705 5892; baseline 0 0"><span class='ocrx_word' id='word_1_974' title='bbox 3636 5877 3705 5892; x_wconf 53' lang='grc' dir='ltr'>θ’..</span> 
     </span>
    </p>
   </div>
  </div>
