4026 6148
451 400 614 462 gnam
645 393 899 441 nostram
918 382 1261 441 :J‘llictioncm
1292 391 1347 437 et
1375 382 1646 437 miseriam
1671 423 1686 443 ,
1729 390 1782 437 et
1822 380 2031 436 illorum

453 478 843 548 captivitatem.
896 473 1099 529 Deinde
1145 473 1399 541 potentiae
1442 471 1540 526 Dei
1587 469 1939 525 facilitatem:
1972 465 2041 524 Et

464 569 747 634 transmﬁt,
778 565 988 636 inquit;
1015 579 1078 618 ac
1104 563 1147 619 si
1176 563 1298 634 quis
1326 562 1548 617 militem
1577 576 1607 615 a
1637 561 1754 617 loco
1781 561 1830 615 in
1865 560 2040 615 locmu

460 664 765 717 transferat.
792 656 905 712 Non
933 654 1068 710 dixit
1088 664 1291 720 autem,
1317 651 1595 719 Traduxit,
1628 668 1820 722 neque,
1845 651 2040 706 Trans-

457 753 671 824 posuit;
714 758 879 804 totum
909 750 1053 803 enim
1102 748 1293 802 fuisset
1337 747 1453 816 ejus
1479 745 1567 817 qui
1598 754 1999 815 transposuerat
2023 785 2038 811 ,

459 860 562 901 non
609 843 725 913 ejus
774 843 862 912 qui
908 840 1195 896 transierat
1234 858 1247 893 :
1292 838 1424 907 sed,
1478 838 1796 903 Transtulit,
1852 836 2039 907 inquit.

457 932 813 1003 Quamobrem
846 941 900 988 et
932 939 1175 987 nostrum
1202 939 1306 995 est,
1334 940 1385 985 et
1414 928 1553 1000 ejus.
1587 927 1651 981 In
1680 943 1889 998 regnum
1920 925 2045 995 Filii

454 1025 739 1080 dilectionis
765 1040 891 1079 sua.
925 1022 1040 1078 Non
1069 1023 1203 1078 dixit
1233 1022 1405 1076 solum
1429 1062 1442 1085 ,
1475 1020 1718 1089 Regnum
1750 1020 2000 1073 extorum
2025 1058 2040 1081 ,

453 1117 553 1173 sed
578 1115 1001 1187 splendidiorem
1028 1126 1079 1170 et
1110 1114 1416 1184 graviorem
1446 1109 1681 1167 reddidit
1701 1111 1999 1166 orationem
2026 1150 2041 1177 ,

456 1210 644 1265 dicens
671 1225 687 1264 :
725 1207 955 1278 Regnum
986 1204 1114 1259 Filii
1135 1220 1155 1269 ;
1186 1219 1250 1260 eo
1271 1203 1414 1259 enim
1444 1217 1549 1256 non
1579 1209 1662 1256 est
1688 1199 1860 1270 majus
1877 1213 2042 1253 enco-

459 1301 630 1356 mium
656 1316 670 1353 :
698 1297 840 1370 quod
870 1298 1030 1353 etiam
1056 1296 1185 1351 dicit
1207 1295 1353 1360 alibi,
1388 1292 1450 1349 Si
1474 1293 1831 1355 sustineamus,
1854 1298 1900 1344 et
1920 1306 2045 1343 con-

460 1390 785 1463 regnabimus
815 1388 888 1460 (2.
923 1388 1054 1442 Tim.
1082 1387 1137 1440 2.
1177 1385 1287 1457 12).
1324 1383 1514 1439 Iisdem
1549 1398 1646 1437 nos
1673 1382 1920 1451 dignatus
1941 1390 2039 1443 est,

465 1486 657 1554 inquit,
689 1483 885 1554 quibus
909 1481 1103 1536 Filium
1136 1498 1148 1534 :
1180 1494 1279 1534 nec
1305 1479 1407 1532 hoc
1432 1476 1605 1531 solum
1632 1516 1651 1542 ,
1675 1474 1769 1529 sed
1796 1472 2043 1538 additur,

467 1578 749 1634 Dilectum.
779 1575 1051 1640 Inimicos,
1081 1572 1173 1642 qui
1217 1569 1549 1626 obtenebrati
1592 1576 1781 1630 erant,
1826 1575 2048 1634 repente

468 1667 735 1723 transtulit
760 1666 847 1721 ubi
877 1673 989 1721 erat
1038 1662 1208 1718 Filius
1233 1705 1248 1730 ,
1278 1672 1333 1717 ct
1363 1662 1413 1716 iu
1440 1659 1695 1715 eumdem
1733 1659 1783 1712 in
1825 1671 1931 1727 quo
1959 1657 2047 1711 ille

461 1767 581 1815 erat
606 1758 887 1812 honorem.
918 1755 1027 1810 Nec
1064 1754 1165 1809 hoc
1209 1753 1327 1807 solo
1366 1751 1463 1806 fuit
1504 1759 1824 1813 contentus;
1857 1746 1951 1803 sed
1992 1756 2050 1801 ut

466 1865 714 1920 maguum
741 1846 1051 1903 ostenderet
1077 1845 1307 1910 donum,
1343 1858 1447 1897 non
1476 1841 1606 1895 satis
1633 1839 1816 1894 habuit
1843 1839 2048 1894 dixisse

392 1964 397 1971 -
466 1955 686 2011 regnum
709 1982 725 2005 ,
754 1938 848 1993 sed
894 1936 1100 1992 addidit
1128 1937 1288 1991 etiam
1317 1975 1333 2001 ,
1380 1932 1506 1987 Filii
1530 1948 1548 1987 :
1573 1946 1673 1989 nec
1705 1931 1807 1985 hoc
1832 1930 2004 1985 solum
2030 1970 2053 1995 ,

467 2030 566 2086 sed
595 2031 777 2095 etiam,
807 2028 998 2083 Dilecti
1023 2045 1038 2093 ;
1068 2042 1166 2081 nec
1193 2025 1297 2079 hoc
1319 2032 1546 2090 tantum,
1572 2022 1665 2077 sed
1688 2021 1848 2075 etiam
1878 2020 2049 2073 hono-

470 2135 585 2177 rem
614 2128 668 2174 et
693 2119 856 2174 decus
884 2127 1108 2173 naturae.
1137 2115 1281 2184 Quid
1301 2115 1442 2170 enim
1469 2113 1595 2168 dicit
1614 2112 1649 2166 ἲ
1671 2112 1770 2178 Qui
1796 2121 1864 2166 est
1884 2110 2052 2180 imago

474 2209 573 2265 Dei
600 2208 885 2263 invisibilis.
923 2207 1031 2263 Sed
1060 2221 1166 2261 non
1191 2206 1369 2259 statim
1400 2204 1464 2259 ad
1493 2203 1544 2259 id
1572 2203 1734 2269 venit,
1767 2200 1859 2257 sed
1891 2201 2054 2255 inter-

471 2301 602 2372 jecit
630 2300 881 2355 collatum
913 2299 966 2353 in
1012 2312 1112 2352 nos
1143 2295 1478 2351 beneficium.
1510 2293 1645 2348 Nam
1679 2335 1694 2360 ,
1738 2308 1805 2346 ne
1832 2290 2054 2345 audiens

476 2391 618 2463 quod
653 2398 819 2445 totum
850 2390 919 2443 sit
960 2388 1154 2452 Patris,
1191 2387 1462 2442 existimes
1486 2393 1635 2439 extra
1658 2397 1777 2438 esse
1818 2381 2008 2436 Filium
2035 2422 2050 2445 ,

475 2484 567 2539 dat
599 2490 769 2537 totum
803 2479 938 2534 Filio
962 2522 976 2544 ,
1013 2488 1066 2533 ct
1099 2485 1267 2532 totum
1311 2475 1470 2530 Patri.
1518 2474 1650 2528 Nam
1702 2473 1791 2527 ille
1834 2470 2052 2542 quidem

475 2574 764 2639 transtulit,
796 2572 888 2626 sed
919 2571 1002 2626 hic
1030 2584 1245 2625 causam
1273 2567 1521 2638 prmbuit.
1557 2565 1693 2633 Quid
1718 2565 1860 2620 enim
1884 2563 2055 2618 dicit?

476 2665 580 2731 Qui
616 2664 804 2733 eripuit
833 2678 924 2716 nos
953 2678 1014 2715 ea:
1054 2669 1298 2730 potestate
1322 2657 1655 2711 tenebrarum.
1689 2656 1832 2711 Idem
1877 2663 2055 2708 autem

473 2755 720 2826 estquod
754 2754 883 2809 illud
913 2772 926 2808 :
958 2755 1043 2809 Μ.
1090 2753 1159 2806 In
1198 2768 1295 2818 quo
1340 2750 1579 2806 habemus
1620 2751 2052 2822 redemptionem,

476 2848 818 2902 remissionem
845 2854 1185 2916 peccatorum.
1212 2843 1268 2899 Si
1293 2843 1435 2898 enim
1478 2843 1701 2898 remissa
1732 2856 1836 2896 non
1876 2849 2059 2897 essent

479 2949 716 3010 peccata,
750 2954 854 2992 non
882 2951 1123 2993 essemus
1156 2935 1278 2990 hinc
1306 2935 1566 2989 translati.
1598 2935 1734 2988 Ecce
1762 2949 1945 2988 rursus
1971 2933 2058 2989 hic

483 3029 633 3094 illud,
660 3029 712 3082 in
738 3045 855 3099 quo.
890 3028 953 3082 Et
974 3043 1078 3082 non
1111 3027 1260 3094 dicit,
1309 3035 1532 3098 λύτρωσιν
1555 3068 1569 3094 ,
1597 3026 2016 3096 redemptionem
2042 3068 2055 3093 ,

482 3119 577 3176 sed
608 3123 947 3191 ἀπολύτρωσιν,
978 3117 1028 3173 id
1054 3129 1172 3182 est,
1206 3118 1414 3188 plenam
1443 3128 1498 3173 et
1527 3117 1814 3188 perfectam
1847 3118 2058 3173 redem-

482 3203 755 3284 ptionem;
803 3228 868 3267 ne
912 3212 1140 3281 amplius
1169 3225 1517 3276 corruamus,
1568 3226 1740 3276 neque
1766 3211 2062 3266 efﬁciamur

481 3303 759 3357 mortales.
796 3302 880 3357 15.
918 3301 1017 3367 Qui
1048 3311 1120 3356 est
1160 3303 1328 3371 imago
1364 3299 1460 3355 Dei
1496 3301 1777 3368 invisibilis,
1808 3303 2061 3373 primoge-

481 3395 614 3448 nitus
640 3393 802 3448 oium's
819 3392 1102 3447 creaturae?
1128 3392 1185 3448 lu
1215 3391 1565 3461 quiestionem
1592 3390 1875 3445 incidimus
1895 3390 2064 3446 luere-

484 3486 643 3541 ticam
673 3503 687 3540 :
724 3494 1006 3556 propterea
1052 3483 1210 3538 hodie
1239 3482 1546 3538 dilferemus
1578 3524 1592 3549 ,
1633 3491 1687 3537 et
1709 3486 1939 3538 crastina
1978 3483 2066 3538 die

486 3594 600 3633 rem
641 3577 926 3632 aﬂ‘eremus
958 3576 1153 3632 vestris
1195 3574 1446 3631 audiendi
1477 3575 1683 3646 cupidis
1722 3574 1959 3630 auribus.
2009 3575 2066 3631 Si

488 3666 618 3735 quid
646 3674 827 3720 autem
857 3674 1068 3735 oportet
1106 3664 1334 3735 amplius
1359 3665 1538 3720 dicere
1564 3707 1578 3729 ,
1612 3665 1782 3735 majus
1813 3674 1896 3720 est
1933 3680 2067 3735 opus

493 3758 633 3813 Filii.
665 3757 994 3824 Quomodo?
1026 3757 1156 3813 Illud
1184 3759 1325 3813 enim
1359 3759 1473 3814 ﬁeri
1506 3775 1611 3813 non
1646 3768 1836 3829 potest,
1865 3769 1919 3815 ut
1952 3776 2067 3815 ma-

492 3850 747 3905 nentibus
773 3849 825 3902 in
852 3848 1084 3919 peccatis
1110 3849 1197 3904 det
1226 3865 1484 3921 regnum;
1519 3850 1621 3904 hoc
1659 3859 1837 3905 autem
1866 3860 1949 3905 est
1988 3849 2067 3905 la-

490 3940 649 3996 cilius
696 3940 1088 4010 :quamohrem
1126 3940 1192 3996 ad
1235 3941 1435 3996 donum
1482 3942 1622 3995 viam
1672 3942 1885 3996 muniit.
1934 3942 2070 4010 Quid

493 4032 671 4086 dicis?
702 4031 819 4100 Ipse
849 4031 940 4087 tibi
972 4041 1187 4101 peccata
1224 4033 1466 4088 remisit:
1495 4048 1625 4102 ergo
1647 4042 1699 4088 te
1723 4048 1934 4103 quoque
1978 4033 2075 4088 ad-

487 4124 660 4177 duxit.
714 4118 834 4178 Jam
885 4132 1151 4193 tamquam
1205 4124 1603 4180 fundamentum
1646 4124 1776 4194 jecit
1840 4125 2073 4182 radicem

489 4213 777 4282 dogmatis.

561 4313 616 4366 4.
658 4312 740 4364 Ad
778 4328 988 4382 regnum
1036 4310 1159 4365 Filii
1190 4311 1285 4366 Dei
1314 4311 1481 4366 vocari
1523 4322 1766 4381 quantum
1796 4313 1861 4368 sit
1886 4313 2077 4382 bene/i-

494 4402 648 4455 cium.
672 4400 789 4455 Vita
818 4419 1041 4471 praesens
1065 4403 1209 4472 quasi
1233 4402 1403 4457 nidus.
1428 4401 1602 4458 Terra:
1628 4414 1788 4457 motus
1813 4414 1858 4457 et
1880 4404 2078 4459 urbium

499 4493 797 4547 eversiones.
824 4523 893 4533 —
923 4493 1138 4548 Interim
1193 4502 1371 4549 autem
1415 4508 1537 4548 cum
1588 4493 1718 4548 illud
1763 4493 2075 4562 dixerimus,

500 4585 659 4639 linem
692 4585 1024 4654 imponemus
1052 4583 1175 4640 huic
1195 4585 1448 4639 orationi.
1488 4584 1753 4650 Quidnam
1779 4593 1954 4640 autem
1978 4585 2080 4641 hoc

497 4678 619 4731 est?
647 4673 799 4744 Quod
830 4684 1038 4731 tantum
1064 4677 1334 4747 asseqnuti
1358 4676 1698 4739 beneﬁcium,
1725 4675 1841 4744 ejus
1864 4691 2079 4747 semper

498 4767 760 4822 debemus
790 4767 1124 4834 meminisse,
1144 4777 1204 4823 et
1220 4767 1311 4822 Dei
1337 4767 1537 4822 donum
1560 4767 1614 4821 in
1638 4767 1791 4821 nobis
1821 4777 2081 4837 perpetuo

496 4876 734 4926 versare,
783 4876 814 4915 a
862 4860 1180 4931 quibusnam
1233 4860 1480 4924 liberati,
1514 4868 1568 4915 et
1607 4875 1851 4930 quaenam
1904 4861 2081 4931 adepti

499 4968 684 5007 sumus
726 4953 1000 5023 cogitare;
1052 4961 1108 5008 ct
1149 4953 1226 5008 sic
1274 4954 1412 5023 grati
1444 4953 1674 5020 erimus,
1699 4953 1776 5007 sic
1804 4952 2080 5007 caritatem

499 5047 551 5101 in
583 5061 705 5101 cum
737 5046 1069 5115 augebimus.
1098 5045 1235 5114 Quid
1266 5044 1423 5110 dicis,
1457 5061 1489 5099 ο
1528 5044 1728 5099 homo?
1772 5055 1989 5099 vocatus
2024 5059 2083 5100 es

495 5138 575 5193 ad.
606 5129 848 5209 regnum,
881 5138 948 5192 ad
996 5153 1217 5207 regnum
1250 5137 1368 5191 Filii
1415 5135 1789 5205 Dei,.hiasque
1844 5145 1986 5190 totus
2029 5144 2083 5190 et

494 5231 711 5295 ascitas,
763 5228 1031 5299 fricasquc
1059 5239 1113 5284 et
1142 5229 1357 5298 scalpis,
1399 5238 1456 5284 et
1499 5229 1801 5298 torpeseis?
1832 5228 1887 5283 Si
1936 5228 2081 5283 enim

495 5320 578 5375 vel
602 5320 653 5374 in
674 5320 817 5375 mille
836 5329 1038 5375 mortes
1058 5331 1109 5375 te
1127 5329 1403 5390 oporteret
1420 5320 1618 5375 insilire
1632 5318 1887 5390 quotidie,
1902 5335 2080 5373 annon

500 5425 681 5469 essent
705 5415 884 5468 omnia
928 5413 1283 5468 sustinenda?
1313 5413 1415 5470 Sed
1446 5423 1504 5468 ut
1550 5414 1916 5483 magistratum
1960 5413 2082 5481 qui-

497 5507 618 5560 dem
668 5504 995 5575 assequaris,
1025 5504 1157 5558 nihil
1208 5521 1313 5559 non
1364 5504 1541 5568 facis;
1594 5503 1858 5573 Unigeniti
1904 5512 2080 5556 autem

497 5597 648 5668 regni
691 5597 903 5653 futurus
934 5596 1223 5666 particeps,
1255 5612 1363 5651 non
1411 5597 1463 5650 in
1509 5596 1654 5650 mille
1701 5586 1867 5648 enses
1891 5594 2078 5658 iusilis,

498 5704 609 5747 non
637 5689 692 5745 in
738 5689 917 5760 ignem
961 5697 1012 5745 te
1043 5688 1258 5758 injicis?
1307 5688 1370 5743 Et
1401 5686 1503 5742 hoc
1551 5687 1783 5743 nondum
1817 5685 1886 5740 ita
1916 5701 2076 5755 grave

1339 260 1411 321 ῐΝ
1447 262 1660 321 EPIST.
1707 265 1797 320 AD
1835 259 2112 319 COLOSS.
2155 260 2308 317 CAP.
2351 259 2385 315 l.
2433 261 2669 320 llOMlL.
2713 264 2779 320 ll.

3621 276 3726 332 ΞΗ

2154 392 2256 450 est,
2299 382 2566 454 sedquod
2616 385 2775 440 etiam
2807 399 3146 453 excessurus,
3181 385 3516 453 lamentaris,
3554 400 3606 442 et
3644 388 3732 445 hic.

2149 474 2395 530 lubenter
2412 476 2663 543 versaris,
2678 491 2798 530 cum
2817 476 2890 530 sis
2911 484 3117 530 amator
3136 473 3541 545 corporirs.Quid
3564 478 3731 531 vero?

2150 568 2381 622 etiamne
2411 577 2638 622 mortem
2686 581 2876 621 censes
2925 582 3045 622 esse
3095 566 3621 637 terribilemillujus
3652 569 3731 624 rei

2149 671 2311 711 eausa
2363 666 2488 712 sunt
2529 657 2735 712 deliciae
2764 667 2820 712 et
2862 660 3027 713 otium
3063 678 3074 711 :
3107 676 3226 713 Lam
3258 660 3345 728 qui
3378 660 3538 713 vitam
3584 659 3730 729 degit

2151 746 2422 811 acerbam,
2449 745 2530 800 vel
2561 746 2733 801 alatus
2760 760 2879 800 esse
2918 756 3134 817 cuperet
3173 756 3228 801 et
3258 748 3381 804 hinc
3429 746 3730 803 discedere.

2150 835 2300 890 Nunc
2326 843 2502 890 autem
2534 834 2631 889 hoc
2664 835 2835 906 ipsum
2865 836 3017 891 nobis
3047 840 3290 893 usuvcnit
3317 881 3329 901 ,
3360 837 3500 909 quod
3548 838 3731 909 pullis,

2150 925 2240 996 qui
2266 926 2457 980 molles
2487 926 2782 981 redduntur
2805 936 2858 981 et
2896 928 3063 982 teneri
3092 928 3143 982 in
3177 928 3302 981 nido
3333 929 3573 983 volentes
3617 943 3731 982 ma-

2150 1030 2281 1072 nere
2306 1024 2585 1086 perpetuo.
2619 1016 2722 1073 Sed
2752 1031 2858 1087 quo
2886 1016 3087 1072 diutius
3131 1020 3506 1089 manserimus,
3532 1033 3597 1075 eo
3623 1019 3730 1074 cri-

2152 1122 2271 1163 mus
2299 1107 2699 1163 imbecilliores.

2226 1196 2395 1254 Nidus
2421 1200 2566 1254 enim
2596 1208 2679 1255 est
2711 1202 2814 1254 vita
2845 1215 3105 1270 preesens,
3137 1201 3498 1271 conglutinata
3533 1218 3597 1257 ex
3639 1217 3735 1273 pa-

2152 1292 2250 1346 leis
2293 1300 2348 1346 et
2394 1292 2527 1346 luto.
2582 1292 2800 1346 Etiamsi
2834 1292 2960 1345 mihi
2991 1308 3208 1361 magnas
3239 1292 3383 1347 (edes
3409 1294 3734 1359 ostenderis,

2153 1391 2207 1437 ct
2239 1383 2381 1452 ipsas
2417 1383 2592 1453 regias
2615 1382 2782 1438 multo
2810 1397 2940 1438 auro
2969 1392 3020 1438 et
3047 1383 3276 1452 gemmis
3306 1382 3588 1452 fulgentes,
3619 1384 3735 1437 csi~

2154 1480 2383 1535 stimabo
2410 1495 2502 1535 cas
2529 1478 2660 1533 nihil
2688 1478 2905 1534 diﬂ‘erre
2947 1493 2975 1531 a
3008 1478 3147 1532 nidis
3200 1477 3563 1532 hirundinum.
3602 1474 3734 1530 Nam

2152 1587 2274 1627 cum
2302 1572 2475 1627 hiems
2505 1569 3002 1634 advenerit,.omnia
3035 1583 3128 1621 sua
3160 1576 3350 1639 sponte
3371 1568 3597 1623 cadent:
3623 1566 3736 1622 hie-

2155 1680 2295 1718 mem
2327 1672 2503 1719 autem
2548 1661 2761 1731 appello
2787 1661 2940 1716 illum
2969 1660 3134 1724 diem,
3163 1661 3252 1730 qui
3295 1676 3401 1715 non
3434 1670 3517 1716 cst
3560 1660 3735 1715 hiems

2153 1756 2421 1811 omnibus.
2451 1754 2584 1809 Nam
2618 1754 2758 1809 Deus
2807 1768 3021 1824 quoque
3067 1762 3276 1808 noctem
3324 1763 3380 1808 et
3432 1752 3574 1809 diem
3607 1751 3735 1807 illud

2156 1859 2366 1920 tempus
2396 1847 2650 1919 appellat,
2672 1847 2814 1902 illud
2844 1846 3082 1918 quidem,
3116 1846 3412 1915 respiciens
3451 1844 3517 1899 ad
3548 1858 3735 1914 pecea-

2158 1951 2339 2007 tores;
2367 1942 2470 1996 hoc
2496 1955 2646 2007 vero,
2671 1939 2737 1995 ad
2761 1939 2958 2010 justos.
2988 1937 3061 1992 Ita
3089 1952 3187 2008 ego
3214 1952 3355 1992 nunc
3386 1951 3595 2007 quoque
3615 1951 3736 1990 eum

2155 2048 2290 2088 voco
2322 2032 2575 2088 hiemem.
2596 2031 2650 2087 Si
2681 2039 2865 2086 aestate
2892 2044 3013 2085 non.
3037 2029 3294 2085 fuerimus
3324 2028 3460 2083 bene
3499 2025 3737 2088 enutriti,

2156 2134 2215 2179 ut
2245 2123 2511 2194 possimus
2540 2121 2723 2176 volare
2751 2135 2873 2175 cum
2906 2120 3077 2175 hiems
3121 2117 3423 2184 advenerit,
3454 2132 3560 2170 non
3590 2116 3735 2170 acci-

2157 2218 2305 2287 pient
2336 2229 2435 2269 nos
2483 2221 2705 2278 matres,
2737 2211 2832 2267 sed
2872 2226 2971 2267 nos
2999 2210 3139 2266 fame
3170 2211 3349 2265 sinent
3374 2208 3617 2275 enecari,
3649 2215 3741 2261 aut

2160 2308 2285 2363 nido
2310 2306 2537 2363 cadente
2570 2305 2813 2360 interire.
2842 2303 2973 2359 Nam
3002 2305 3139 2358 sicut
3160 2302 3364 2364 nidum,
3396 2302 3503 2355 imo
3526 2314 3653 2356 vero
3677 2315 3741 2355 eo

2159 2398 2382 2465 facilius,
2406 2397 2588 2453 omnia
2618 2411 2757 2451 nunc
2779 2403 3044 2466 expurgat
3067 2395 3227 2458 Dens,
3258 2396 3434 2447 omnia
3463 2390 3742 2447 destruens

2160 2505 2522 2561 reparansque
2546 2501 2600 2546 et
2626 2503 2973 2559 componens.
3005 2486 3316 2541 lnvolucres
3345 2493 3546 2552 autem,
3568 2494 3624 2539 et
3650 2485 3741 2551 qui

2161 2600 2267 2638 non
2297 2593 2519 2654 possunt
2545 2583 2592 2637 ei
2622 2581 2832 2637 obviam
2865 2581 3051 2636 venire
3080 2580 3130 2634 in
3158 2592 3306 2644 aere,
3335 2577 3429 2633 sed
3459 2576 3594 2632 adeo
3619 2590 3741 2632 sor-

2161 2675 2283 2731 dide
2309 2685 2365 2731 et
2390 2675 2726 2730 illiberaliter
2765 2682 2888 2729 sunt
2916 2673 3125 2729 educati
3158 2680 3213 2726 ut
3241 2670 3389 2727 leves
3417 2685 3620 2741 pennas
3652 2670 3744 2723 ha-

2162 2767 2290 2823 bere
2338 2782 2442 2822 non
2498 2767 2723 2836 possint,
2754 2780 2815 2819 ea
2864 2764 3134 2834 patientur
3160 2779 3280 2834 qua:
3324 2771 3769 2818 consentaneum

2164 2868 2245 2915 est
2275 2873 2370 2913 eos
2410 2857 2519 2928 pati
2550 2858 2639 2927 qui
2670 2857 2746 2911 sic
2776 2864 2904 2910 sunt
2942 2854 3136 2911 allecti.
3187 2857 3360 2923 Atque
3402 2851 3743 2909 hirundinum

2164 2951 2378 3021 quidem
2412 2950 2569 3004 nidus
2594 2965 2712 3003 cum
2764 2946 3045 3013 ceciderit,
3074 2947 3189 2999 cito
3212 2947 3351 3015 perit
3380 2964 3392 2999 :
3423 2962 3521 3000 nos
3567 2954 3742 2999 autem

2168 3056 2272 3095 non
2302 3040 2561 3110 perimus,
2586 3038 2680 3094 sed
2708 3048 2964 3108 perpetuo
2992 3039 3261 3107 punimur.
3284 3036 3466 3091 Hiems
3485 3037 3584 3091 erit
3604 3036 3745 3106 quod

2169 3142 2295 3187 tunc
2325 3131 2427 3186 erit
2450 3130 2823 3199 tempus,-imo
2853 3142 2982 3184 vero
3006 3127 3180 3182 hieme
3218 3126 3538 3197 gravius-ac
3576 3126 3747 3180 mole-

2168 3226 2322 3279 stius.
2346 3221 2463 3277 Non
2484 3222 2627 3277 enim
2662 3219 2945 3274 trahuntur
2976 3227 3243 3273 torrentes
3272 3232 3447 3286 aqum,
3478 3216 3573 3272 sed
3600 3216 3745 3270 ﬂuvii

2169 3315 2343 3385 ignis:
2373 3328 2481 3368 non
2513 3320 2640 3366 sunt
2668 3309 2905 3365 tenebrae
2944 3324 2973 3363 e
3005 3308 3255 3370 nubibus,
3280 3306 3373 3362 sed
3407 3306 3639 3362 tenebras
3666 3307 3748 3359 in-

2171 3405 2540 3470 dissolubiles,
2567 3414 2623 3459 et
2648 3403 2769 3457 luce
2802 3401 3012 3471 penitus
3050 3407 3332 3464 carentes;
3374 3398 3511 3454 adeo
3558 3408 3618 3453 ut
3655 3413 3752 3453 nec

2171 3500 2362 3556 cadum
2389 3497 2606 3553 videant
2643 3509 2745 3550 nec
2774 3509 2978 3560 aerem,
3010 3491 3105 3548 sed
3150 3492 3202 3546 in
3247 3490 3478 3561 majores
3505 3490 3753 3559 redigan-

2174 3601 2260 3647 tur
2305 3589 2599 3660 angustias,
2633 3601 2794 3657 quam
2824 3585 2913 3656 qui
2960 3584 3142 3639 infossi
3186 3590 3313 3639 sunt
3352 3582 3406 3636 in
3438 3589 3599 3637 terra.
3631 3580 3755 3635 Haec

2174 3699 2318 3754 saepe
2342 3681 2596 3747 dicimus,
2626 3677 2722 3735 sed
2771 3693 2879 3732 non
2929 3675 3316 3747 persuademus
3339 3672 3621 3743 aliquibus.
3649 3670 3757 3727 Sed

2177 3793 2284 3834 non
2315 3783 2399 3833 est
2445 3774 2661 3839 mirum,
2693 3771 2739 3827 si
2781 3769 2958 3835 nobis,
2986 3768 3076 3839 qui
3108 3781 3291 3822 sumus
3336 3765 3467 3821 viles
3493 3764 3754 3826 homines,

2176 3865 2619 3924 concionantibus
2668 3864 2783 3916 brec
2811 3859 3078 3923 accidunt,
3109 3873 3230 3913 cum
3278 3856 3395 3911 haec
3425 3856 3587 3912 etiam
3614 3854 3758 3909 acci-

2178 3960 2366 4017 derent
2407 3954 2708 4029 prophetis,
2739 3965 2845 4005 non
2873 3949 2939 4003 de
2981 3950 3065 4002 his
3094 3948 3268 4002 solum
3300 3945 3460 4000 rebus
3480 3946 3759 4000 disseren-

2181 4053 2346 4117 tibus,
2378 4049 2473 4106 sed
2502 4055 2558 4103 et
2594 4044 2663 4100 de
2700 4043 2842 4098 bello
2889 4048 2945 4096 et
2994 4038 3321 4106 captivitate.
3365 4035 3433 4090 Et
3473 4034 3761 4091 Sedecliias

2182 4142 2502 4213 arguebatur
2524 4152 2553 4191 a
2583 4134 2840 4197 Jeremia,
2871 4144 2977 4185 nec
2998 4126 3329 4181 afﬁciebatur
3360 4124 3582 4195 pudore.
3626 4124 3759 4179 Pro-

2183 4247 2368 4308 pterea
2398 4230 2648 4287 dicebant
2673 4223 2947 4295 propheta:
2973 4238 2987 4274 :
3029 4217 3221 4308 Vat-qui
3248 4216 3441 4283 dicunt,
3471 4217 3761 4286 Appmpin-

2184 4307 2335 4394 quent
2361 4323 2459 4374 cito
2483 4333 2597 4389 quis
2622 4316 2772 4386 faciet
2794 4313 2950 4375 Deus,
2980 4317 3035 4362 ut
3059 4307 3333 4371 videamus,
3367 4314 3410 4358 el
3435 4307 3599 4358 ueniat
3637 4321 3762 4359 cou-

2185 4392 2357 4468 silium
2402 4408 2581 4465 Sancti
2623 4402 2897 4470 Israel,.ut
2935 4411 3298 4471 cognoscamus
3340 4392 3492 4464 (lsai.
3530 4393 3761 4464 54.19).

2186 4504 2263 4560 Ne
2291 4504 2401 4558 hoc
2438 4499 2714 4554 miremur.
2746 4493 2877 4549 Nam
2909 4499 2960 4547 et
3001 4490 3092 4561 qui
3141 4498 3294 4544 erant
3336 4495 3763 4554 temporearcte,

2190 4610 2294 4650 non
2321 4590 2639 4654 credebant,
2671 4586 2766 4643 sed
2793 4582 3151 4643 crediderunt,
3176 4577 3389 4648 quando
3420 4574 3623 4632 nullum
3652 4585 3768 4629 erat

2190 4690 2395 4744 lucrum
2444 4681 2563 4738 ﬁdei
2598 4698 2611 4735 :
2649 4692 2826 4749 neque
2855 4675 3127 4746 quierant
3179 4669 3447 4733 Sodomis,
3492 4675 3771 4736 exspecta-

2190 4788 2335 4845 runt,
2376 4776 2472 4832 sed
2516 4775 2615 4846 ipsi
2651 4785 2864 4841 quoque
2891 4766 3255 4829 crediderunt,
3288 4761 3500 4833 quando
3528 4758 3661 4814 nihil
3687 4760 3769 4815 eis

2192 4873 2411 4944 profuit.
2443 4870 2506 4924 Et
2551 4865 2675 4938 quid
2707 4864 2828 4919 dico
2872 4862 2939 4916 de
2969 4857 3202 4914 futuris?
3232 4856 3353 4924 quis
3407 4861 3769 4923 exspectasset

2191 4983 2254 5021 ea
2281 4979 2401 5035 qua:
2442 4976 2583 5016 nunc
2611 4960 2742 5012 tiunt
2785 4957 2837 5008 in
2868 4953 3095 5007 diversis
3124 4950 3275 5013 locis,
3311 4956 3462 5000 terra:
3494 4954 3691 5007 motus,
3719 4952 3774 4999 et

2194 5034 2402 5111 urbium
2430 5050 2739 5106 eversiones
2759 5041 2881 5115 (a)?
2935 5040 3093 5109 Atqui
3145 5037 3261 5090 haec
3291 5046 3442 5090 erant
3472 5034 3576 5089 illis
3603 5034 3772 5104 magis

2192 5144 2494 5205 credibilia,
2523 5154 2681 5208 quam
2730 5149 2876 5196 arca,
2925 5132 3162 5199 inquam.
3194 5125 3471 5182 Undenam
3518 5126 3619 5181 hoc
3644 5138 3772 5180 eon-

2191 5236 2333 5291 stat?
2363 5231 2515 5299 Quod
2562 5229 2634 5282 illi
2663 5225 2876 5295 quidem
2911 5237 3013 5275 non
3071 5219 3344 5291 potuerint
3392 5218 3534 5272 aliud
3579 5232 3771 5273 (lern-

2191 5327 2337 5396 p‘um
2365 5321 2624 5389 aspicere,
2650 5327 2820 5382 neque
2840 5310 3142 5377 Scriptnras
3157 5308 3439 5363 audierunt
3455 5326 3469 5362 :
3494 5307 3579 5361 hic
3594 5314 3769 5360 autem

2193 5427 2316 5475 sunt
2360 5405 2788 5471 innumerabilia,
2820 5415 2940 5472 qua:
2968 5410 3023 5455 ct
3068 5401 3272 5455 nostris
3313 5399 3447 5454 facta
3485 5408 3608 5452 sunt
3641 5408 3773 5452 tem-

2256 5631 2328 5688 (η)
2353 5628 2428 5677 De
2453 5632 2597 5688 terra;
2623 5620 2832 5688 motibus
2856 5623 2905 5688 et
2930 5616 3123 5688 urbium
3149 5612 3500 5688 eversionibus,
3524 5621 3631 5674 qua:
3649 5616 3763 5660 tunc

2195 5677 2491 5744 acciderunt,
2514 5684 2625 5734 vide
2647 5695 2754 5744 qua:
2778 5680 2988 5729 diximus
3012 5681 3057 5727 iu
3084 5677 3280 5727 Monito.
