4026 6148
329 265 434 321 315

330 381 554 451 poribus
603 380 660 428 et
706 367 1152 442 prtecedentibus.
1185 364 1291 418 Sed
1339 360 1603 416 undenam
1645 353 1908 451 processit

336 444 525 524 eorum
558 460 943 520 incredulitas?
983 459 1061 512 Ex
1091 455 1237 510 mol'li
1281 463 1334 509 et
1360 453 1545 523 ignava
1573 448 1748 502 anima
1778 463 1791 498 :
1823 444 1906 498 bi-

337 559 543 616 hebant
583 565 639 612 et
663 553 1036 614 comedehant,
1071 557 1124 602 et
1151 555 1438 616 propterea
1466 557 1570 596 non
1599 536 1906 594 credebam.

339 651 472 706 Nam
493 664 613 720 qua:
634 647 746 701 vult
767 643 1049 714 quispiam,
1075 653 1136 693 ea
1159 645 1214 691 et
1244 643 1412 704 putat,
1436 649 1494 688 ea
1527 641 1581 686 et
1605 634 1907 698 exspectat:

342 746 431 815 qui
463 751 636 797 autem
668 735 1069 798 contradicunt,
1097 742 1330 798 nngaces
1357 725 1636 815 habentur.

415 834 470 888 5.
509 829 615 886 Sed
646 843 711 882 nc
748 825 849 879 hoc
879 823 1036 877 nobis
1061 819 1270 874 accidat
1301 835 1314 870 :
1363 830 1468 870 non
1498 814 1638 868 enim
1671 809 1773 865 erit
1796 823 1912 862 am-

345 925 484 994 plius
512 917 792 982 diluvium,
825 928 997 984 neque
1022 911 1088 966 ad
1112 919 1337 964 mortem
1367 921 1534 976 usque
1556 901 1790 974 punitio;
1823 898 1916 994 sed

345 988 728 1080 suppliciorum
757 1005 966 1059 initium
1000 1012 1081 1056 est
1111 1013 1257 1054 mors
1285 1012 1391 1051 non
1422 995 1755 1050 credentium
1776 988 1920 1060 quod

344 1103 413 1154 sit
438 1099 719 1169 judicium.
754 1097 818 1149 Et
858 1094 998 1163 quis,
1023 1090 1209 1160 inquit,
1242 1087 1366 1143 inde
1405 1087 1623 1141 veniens
1653 1084 1771 1138 btec
1797 1097 1920 1135 nar-

349 1192 503 1255 ravit,
531 1198 586 1244 et
611 1190 726 1242 haec
752 1184 926 1239 dixit?
971 1182 1026 1238 Si
1057 1181 1244 1236 ludens
1267 1177 1482 1249 quidem
1526 1175 1640 1230 haec
1665 1173 1822 1238 dicis,
1854 1185 1922 1224 ne

347 1283 426 1338 sic
453 1281 668 1351 quidem
693 1286 877 1340 recte;
907 1289 1015 1329 non
1044 1281 1126 1328 est
1172 1270 1313 1326 enim
1345 1267 1635 1322 ludendum
1675 1264 1728 1318 in
1762 1261 1923 1317 rebus

353 1372 702 1446 huiusmodi;
748 1368 1042 1424 non-enim
1074 1364 1309 1420 ludimus
1359 1362 1411 1418 in
1463 1359 1700 1422 ludicris,
1733 1357 1829 1412 sed
1871 1355 1923 1408 in

351 1465 518 1520 rebus
547 1461 858 1532 periculosis
890 1477 902 1511 :
937 1457 982 1512 si
1031 1463 1208 1510 autem
1240 1469 1360 1508 cum
1393 1465 1582 1507 revera
1632 1449 1704 1503 ita
1751 1456 1804 1502 te
1832 1446 1926 1499 ha-

353 1553 503 1620 beas,
540 1567 645 1605 non
671 1548 945 1604 existimas
971 1554 1092 1615 post
1132 1544 1250 1598 haec
1270 1557 1390 1598 esse
1410 1539 1634 1611 aliquid,
1660 1535 1928 1608 quomodo

355 1643 490 1698 dicis
521 1649 574 1696 te
598 1654 716 1695 esse
743 1635 1146 1693 Christianum?
1189 1633 1332 1689 nulla
1355 1633 1499 1688 enim
1527 1645 1556 1684 a
1587 1643 1673 1684 me
1702 1627 1930 1682 habetur

359 1734 497 1788 ratio
523 1741 887 1787 externorum.
919 1727 1028 1782 Cur
1057 1727 1324 1781 lavacrum
1351 1723 1548 1792 accipis
1569 1723 1596 1774 ‘i
1621 1736 1718 1776 cur
1759 1719 1932 1774 eccle-

359 1826 494 1880 siam
523 1821 856 1893 ingrederis?
885 1835 1010 1876 num
1041 1819 1357 1890 pollicemur
1395 1817 1725 1887 principatus
1745 1822 1799 1869 et
1823 1828 1934 1867 ma-

360 1914 652 1985 gistratus?
683 1921 794 1968 tota
841 1926 966 1981 spes
1011 1910 1167 1966 nobis
1209 1917 1292 1964 est
1319 1910 1373 1964 in
1404 1907 1612 1962 futuris.
1646 1905 1781 1973 Quid
1809 1918 1939 1972 ergo

361 2006 591 2072 accedis,
625 2005 674 2061 si
700 2020 805 2058 non
833 2002 1009 2059 credis
1031 2001 1342 2071 Scripturis,
1365 1999 1411 2054 si
1450 2013 1556 2054 non
1590 1997 1764 2052 credis
1783 1994 1939 2050 Chri-

363 2098 488 2152 sto?
511 2096 626 2151 Non
657 2095 884 2151 dixerim
907 2109 1029 2149 eum
1059 2107 1179 2149 esse
1203 2091 1560 2146 Christianum
1584 2105 1602 2155 ;›
1627 2086 1799 2151 absit;
1843 2084 1938 2140 sed

366 2189 450 2244 vei
477 2188 703 2244 ethnicis
741 2187 1086 2242 deteriorem.
1131 2185 1244 2250 Qua
1270 2184 1339 2238 de
1372 2183 1467 2238 re?
1510 2181 1587 2236 Eo
1615 2179 1755 2250 quod
1784 2177 1940 2234 Chri-

365 2289 502 2334 stum
521 2280 834 2334 ex-istimans
855 2292 976 2332 esse
1001 2276 1188 2340 Deum,
1212 2289 1318 2328 non
1341 2273 1516 2329 credis
1542 2272 1641 2342 ipsi
1673 2280 1943 2340 tamquam

371 2372 500 2425 Deo.
548 2369 681 2424 Nam
739 2367 814 2421 illi
859 2366 1074 2436 quidem
1123 2364 1360 2434 opinioni
1413 2363 1661 2433 adjuncta
1709 2369 1792 2416 est
1839 2361 1943 2413 im-

373 2463 542 2529 pietas
575 2478 588 2512 :
629 2473 749 2514 eum
778 2460 920 2512 enim
949 2457 1040 2526 qui
1061 2455 1330 2510 Christum
1374 2471 1482 2509 non
1522 2454 1794 2508 existimat
1821 2465 1943 2507 esse

375 2553 564 2615 Deum,-
591 2563 811 2604 necesse
837 2557 920 2602 est
945 2563 1043 2601 nec
1071 2546 1292 2601 credere
1316 2563 1330 2600 :
1359 2545 1475 2600 haec
1501 2555 1675 2599 autem
1704 2545 1947 2614 impietas

374 2655 443 2695 ne
473 2639 636 2694 habet
665 2637 880 2707 quidem
908 2636 1366 2706 consequentiam,
1412 2636 1577 2689 Deum
1605 2635 1868 2700 conﬁteri,
1897 2641 1952 2688 et

375 2730 684 2786 existimare
729 2742 851 2782 eum
905 2742 1014 2782 non
1063 2741 1182 2782 esse
1213 2726 1316 2780 fide
1364 2725 1582 2796 dignum
1636 2725 1689 2778 in
1741 2726 1805 2778 iis
1833 2738 1951 2793 quae

377 2826 532 2880 dixit.
565 2822 853 2878 Ebrietatis
877 2829 1000 2876 sunt
1051 2821 1167 2875 hmo
1189 2819 1374 2884 verba,
1407 2817 1719 2873 deliciarum
1749 2827 1801 2872 et
1829 2817 1951 2871 libi-

378 2919 582 2971 dinosa:
611 2915 1037 2984 intemperantiae
1063 2930 1075 2966 :
1107 2911 1442 2966 Comedamus
1469 2920 1515 2964 et
1543 2910 1768 2964 bibamus
1792 2925 1811 2975 ;
1841 2925 1953 2964 cras

380 3009 513 3060 enim
542 3007 787 3059 morimur
811 3004 886 3074 (l.
911 3003 1033 3059 Cor.
1053 3004 1140 3058 15.
1170 3001 1284 3072 52).
1308 3001 1424 3056 Non
1452 3016 1592 3068 eras,
1620 3000 1713 3056 sed
1741 3001 1954 3071 quando

381 3101 496 3152 haec
525 3096 719 3160 dicitis,
747 3095 856 3164 jam
902 3095 1028 3150 estis
1056 3094 1270 3148 mortui.
1299 3090 1440 3146 Nihil
1471 3107 1599 3162 ergo
1643 3090 1954 3146 ditior-emus

381 3205 408 3241 a
439 3188 612 3258 porcis
643 3196 696 3242 et
716 3188 900 3253 asinis,
933 3185 1270 3255 dic,qu:cso?
1299 3183 1356 3240 Si
1383 3184 1525 3239 enim
1559 3199 1666 3238 non
1705 3193 1786 3238 est
1810 3183 1956 3253 judi-

382 3280 545 3346 cium,
575 3292 750 3347 neque
775 3291 984 3333 merces
1014 3291 1076 3330 ac
1101 3274 1484 3338 remuneratio,
1509 3288 1679 3344 neque
1705 3273 1954 3339 tribunal,

385 3384 482 3422 cur
512 3381 698 3423 sumus
724 3367 827 3421 hoc
847 3367 1020 3420 ornati
1045 3365 1207 3431 dono,
1229 3379 1426 3434 nempe
1446 3364 1674 3432 ratione,
1699 3372 1751 3418 et
1780 3363 1957 3418 omnia

385 3459 642 3512 habemus
673 3457 954 3525 subjecta?
984 3472 1080 3511 cur
1107 3471 1208 3511 nos
1237 3455 1451 3526 quidem
1491 3455 1837 3525 imperamus,
1867 3454 1958 3509 illa

384 3557 561 3600 autem
612 3547 846 3616 parent?
895 3545 1056 3599 Vides
1101 3545 1368 3614 quomodo
1417 3545 1651 3614 undique
1707 3553 1860 3614 urget
1906 3553 1962 3598 et

389 3639 573 3692 incitat
594 3637 862 3703 diabolus,
879 3644 937 3689 ut
959 3637 1113 3691 nobis
1143 3636 1458 3705 persuadeat
1479 3637 1572 3692 Dei
1595 3637 1792 3692 donum
1814 3639 1964 3707 igno-

387 3726 546 3780 rare?
575 3725 774 3780 Servos
805 3726 993 3779 miscet
1015 3740 1134 3778 cum
1158 3725 1422 3788 domin-is;
1453 3727 1588 3780 sicut
1613 3727 1825 3797 quidam
1853 3729 1965 3798 pla-

387 3818 608 3887 giarius,
660 3824 717 3869 et
764 3828 954 3868 servus
1009 3815 1285 3883 ingratus,
1327 3815 1514 3869 nititur
1565 3817 1848 3886 ingenuum
1895 3817 1964 3873 ad

389 3909 634 3964 eamdem
657 3907 924 3963 deducere
944 3908 1201 3962 vilitatem
1231 3919 1283 3964 et
1309 3909 1682 3979 abjectionem,
1715 3911 1782 3966 ad
1806 3928 1964 3983 quam

392 3999 654 4054 deductus
695 4008 777 4054 est
825 3999 870 4054 is
896 3999 984 4069 qui
1021 3998 1280 4055 offendit:
1313 4010 1367 4054 et
1408 4001 1620 4055 videtur
1646 4001 1858 4071 quidem
1900 4003 1968 4057 de

392 4091 570 4146 medio
601 4092 788 4146 tollere
829 4091 1108 4161 judicium,
1144 4090 1281 4146 tollit
1310 4101 1490 4146 autem
1518 4091 1663 4161 quod
1709 4091 1776 4146 sit
1806 4093 1960 4147 Deus.

392 4183 616 4253 Semper
642 4183 786 4238 enim
838 4183 958 4237 talis
985 4191 1064 4238 est
1091 4181 1370 4248 diabolus;
1423 4183 1698 4238 fraudibus
1727 4183 1969 4253 dolisque

393 4283 448 4329 et
477 4274 702 4340 insidiis,
727 4289 831 4329 non
856 4274 1056 4330 directe
1086 4275 1551 4345 proponitomnia,
1581 4283 1638 4328 ut
1663 4290 1964 4330 caveamus.

393 4365 448 4420 Si
480 4379 585 4419 non
614 4374 694 4420 est
717 4365 994 4434 judicium,
1028 4367 1166 4420 Deus
1197 4381 1300 4419 non
1325 4375 1407 4420 est
1429 4365 1640 4436 justus;
1673 4365 1964 4420 secundum

396 4454 664 4509 hominem
682 4455 802 4510 dico
823 4473 836 4511 :
859 4455 906 4510 si
933 4456 1073 4510 Dens
1105 4471 1207 4510 non
1233 4464 1316 4511 est
1339 4456 1535 4526 justus,
1560 4471 1660 4512 nec
1687 4466 1769 4512 est
1792 4457 1964 4513 Deus:

396 4546 442 4600 si
484 4545 622 4601 Deus
666 4562 771 4602 non
810 4557 912 4613 est,
942 4555 1145 4601 temere
1193 4547 1434 4602 feruntur
1481 4548 1690 4612 omnia,
1717 4548 1847 4602 nihil
1886 4559 1968 4603 est

397 4638 587 4704 virtus,
619 4637 750 4691 nihil
790 4638 998 4691 vitium.
1041 4637 1145 4692 Sed
1188 4638 1317 4691 nihil
1365 4638 1554 4692 horum
1584 4638 1712 4692 dicit
1761 4632 1967 4709 ape'rte.

401 4729 665 4784 Satanica:
710 4728 1048 4798 cogitationis
1090 4727 1268 4782 vidisti
1309 4729 1565 4796 animum,
1599 4730 1866 4800 quomodo
1902 4746 1968 4785 ex

393 4817 700 4874 hominibus
751 4818 881 4874 velit
927 4833 1026 4873 nos
1072 4818 1224 4872 bruta
1268 4818 1462 4884 facere,
1489 4820 1573 4874 vel
1604 4821 1780 4890 potius
1828 4820 1968 4876 feras

398 4923 461 4962 ac
487 4908 705 4975 bestias,
734 4910 842 4965 imo
868 4923 998 4965 vero
1023 4907 1336 4964 daemones?
1378 4909 1457 4966 Ne
1481 4925 1607 4981 ergo
1647 4911 1971 4980 persuadea-

401 5015 540 5053 ntur.
588 5000 682 5055 Est
725 5001 866 5056 enim
903 5000 1182 5071 judicium,
1223 5016 1256 5055 o
1295 5002 1458 5057 miser
1498 5013 1552 5058 et
1599 5003 1814 5058 infelix!
1849 5003 1970 5058 Seio

401 5091 666 5146 undenam
716 5093 899 5148 venias
929 5091 995 5147 ad
1041 5091 1157 5146 haec
1186 5092 1457 5146 dicenda:
1505 5107 1534 5145 a
1577 5101 1629 5148 te
1679 5093 1842 5146 multa
1875 5091 1971 5146 ad-

403 5181 564 5235 missa
603 5191 729 5236 sunt
772 5192 1009 5252 peccata,
1036 5182 1326 5247 oﬂ'endisti,
1373 5198 1481 5236 non
1511 5183 1716 5236 esttibi
1761 5183 1968 5238 dicendi

405 5270 624 5324 libertas
647 5279 700 5323 et
727 5271 938 5338 fiducia,
956 5273 1231 5326 existimas
1255 5287 1434 5326 rerum
1459 5282 1700 5324 naturam
1725 5273 1829 5326 tuis
1854 5287 1971 5327 esse

403 5360 582 5416 verbis
619 5372 1054 5431 consequentem.
1101 5362 1338 5428 Interim,
1373 5362 1559 5430 inquit,
1589 5377 1692 5415 non
1720 5363 1972 5417 cruciabo

401 5456 633 5507 animam
679 5452 937 5523 gehenna:
964 5455 1406 5522 exspectatione;
1438 5460 1494 5506 et
1535 5453 1578 5505 si
1619 5453 1710 5518 sit,
1743 5453 1790 5506 ci
1830 5453 1970 5522 quod

398 5556 506 5597 non
543 5543 612 5597 sit
634 5545 968 5614 persuadebo
999 5561 1011 5596 :
1058 5544 1268 5598 interim
1298 5543 1386 5597 hic
1409 5557 1494 5597 me
1523 5542 1716 5596 dedam
1743 5543 1964 5598 deliciis.

398 5631 503 5688 Cur
546 5637 778 5703 peccatis
799 5635 951 5692 addis
979 5637 1231 5705 peccata?
1273 5635 1331 5691 Si
1377 5650 1496 5690 cum
1529 5636 1760 5704 peccatis
1791 5635 1964 5693 credi-

1069 254 1126 311 S'.
1156 251 1429 310 JOANNIS
1467 239 1935 303 CllRYSOSTOMl
1971 237 2286 295 ARCIIIEP‘.
2325 235 2853 296 CONSTANTINOP‘.

3480 245 3592 301 5H}

2016 351 2160 406 deris
2187 367 2307 407 esse
2335 354 2664 422 gehennam,
2691 354 2861 408 abibis
2903 353 3056 407 luens
3083 363 3297 424 pinnam
3343 365 3593 422 peccato-

2017 458 2134 496 rum
2165 459 2179 495 :
2224 443 2311 497 sin
2348 453 2524 498 autem
2571 443 2672 498 hoc
2698 459 2910 514 quoque
2941 444 3162 514 impium
3206 443 3499 508 addideris;
3539 453 3598 500 et

2020 530 2309 602 impietatis
2335 544 2387 587 et
2415 533 2573 602 hujus
2595 533 2932 602 cogitationis
2959 533 3206 588 ultimum
3235 534 3374 588 feres
3396 535 3596 603 suppli-

2019 622 2198 688 cium;
2234 634 2290 678 et
2317 640 2434 694 quae
2465 625 2557 679 tibi
2584 625 2761 679 brevis
2797 634 2851 679 et
2879 623 3068 694 frigida
3095 625 3253 678 fuerit
3279 626 3602 690 consolatio,

2022 713 2124 766 crit
2170 712 2259 765 tibi
2308 724 2678 782 argumentum
2713 713 2956 782 perpetui
2999 714 3267 784 supplicii.
3295 714 3444 779 Esto,
3470 730 3598 785 pec-

2023 804 2187 856 casti:
2215 803 2340 872 quid
2367 804 2500 857 alios
2528 818 2740 874 quoque
2779 803 3012 858 hortaris
3047 804 3111 858 ad
3144 806 3489 874 peccandum,
3512 806 3599 861 di-

2024 907 2150 947 cens
2179 908 2284 946 non
2311 907 2430 948 esse
2457 893 2756 964 gehennam
2776 895 2801 947 ?
2828 895 2952 964 quid
2979 895 3182 965 decipis
3210 897 3603 967 simpliciores?

2025 999 2122 1039 cur
2167 985 2345 1054 populi
2397 1000 2590 1040 manus
2625 985 2877 1040 dissolvis
2921 996 2976 1040 et
3025 988 3287 1042 enervas?
3336 988 3609 1054 Quantum

2028 1073 2243 1144 quidem
2293 1076 2344 1128 in
2393 1084 2446 1130 te
2485 1085 2588 1139 est,
2622 1076 2800 1130 omnia
2849 1085 2976 1130 sunt
3023 1092 3209 1131 eversa
3244 1095 3258 1130 :
3291 1093 3466 1148 neque
3502 1081 3609 1134 viri

2032 1165 2183 1236 probi
2214 1175 2373 1220 erunt
2399 1167 2672 1232 meliores,
2706 1165 2799 1220 sed
2845 1167 3021 1238 ignavi
3048 1181 3110 1222 ac
3134 1167 3383 1234 desides;
3432 1185 3608 1243 neque

2032 1259 2158 1312 mali
2188 1258 2450 1313 desistent
2475 1273 2504 1312 a
2536 1259 2686 1312 vitio.
2719 1257 2856 1313 Num
2904 1259 2950 1314 si
2997 1259 3136 1314 alios
3179 1275 3616 1332 corrumpamus,

2033 1347 2292 1403 habemus
2321 1349 2531 1403 veniam
2557 1349 2938 1419 peccatorum?
2977 1349 3092 1405 Non
3135 1351 3314 1406 vidisti
3341 1355 3613 1424 quomodo

2034 1438 2280 1494 diabolus
2317 1453 2599 1510 aggressus
2627 1440 2698 1494 sit
2740 1451 3082 1510 prosternere
3107 1452 3162 1498 et
3187 1441 3424 1514 dejicere
3464 1446 3612 1506 Atla.-

2037 1531 2223 1584 mum?
2249 1545 2318 1584 an
2347 1530 2397 1584 ei
2424 1530 2544 1584 data
2568 1540 2648 1584 est
2665 1532 2816 1586 venia
2835 1533 2861 1586 ἵ
2881 1531 3049 1602 Major
3071 1533 3283 1604 quidem
3310 1546 3455 1590 certe
3483 1537 3616 1594 hine

2037 1620 2138 1674 {uit
2161 1621 2376 1675 occasio
2397 1621 2660 1690 supplicii.
2693 1620 2762 1676 Ut
2802 1622 2945 1676 enim
2977 1637 3082 1677 non
3115 1639 3212 1694 pro
3255 1627 3452 1682 nostris
3493 1637 3613 1683 tan-

2039 1720 2172 1776 tum,
2198 1710 2290 1765 sed
2323 1710 2480 1766 etiam
2514 1727 2610 1780 pro
2631 1711 2819 1767 alienis
2847 1713 3077 1783 peccatis
3107 1715 3411 1785 puniamur,
3435 1720 3617 1775 omnia

2041 1802 2395 1859 machinatur.
2424 1802 2498 1858 Ne
2527 1818 2654 1875 ergo
2679 1804 3061 1872 existimemus,
3079 1807 3220 1876 quod
3243 1808 3372 1861 alios
3393 1824 3590 1864 conver

2045 1906 2216 1952 tamus
2259 1897 2326 1951 ad
2375 1895 2622 1951 eumdem
2676 1897 2831 1952 nobis
2877 1908 3119 1966 paratum
3172 1899 3474 1966 interitum,
3520 1917 3625 1957 nos

2044 1989 2197 2044 nobis
2237 1987 2424 2043 mitius
2467 1987 2640 2044 facere
2679 1987 2935 2057 judicium
2971 2006 2985 2042 :
3037 1988 3141 2044 hoc
3195 1989 3369 2059 ipsum
3404 1991 3618 2061 quidem

2045 2089 2192 2136 certe
2215 2071 2373 2134 faciet
2395 2079 2611 2149 gravius
2638 2089 2692 2134 et
2721 2079 2985 2150 asperius.
3018 2079 3158 2147 Quid
3201 2095 3300 2136 nos
3326 2083 3468 2154 ipsos
3495 2097 3619 2152 ιιι-σα

2048 2171 2313 2226 trudimus
2340 2181 2395 2225 et
2441 2171 2757 2241 perdimus?
2807 2171 2919 2227 Hoc
2965 2181 3133 2228 totum
3181 2181 3268 2228 est
3306 2177 3620 2230 satanicum.

2051 2263 2240 2329 Homo,
2270 2263 2542 2332 peccasti?
2572 2263 2866 2333 Benignum
2895 2274 2953 2319 et
2979 2264 3306 2320 clementem
3338 2265 3501 2321 habes
3523 2268 3625 2322 Do»

2051 2354 2280 2420 minum,
2333 2368 2484 2422 roga,
2535 2354 2798 2423 supplica,
2851 2354 3169 2424 lacrymare,
3217 2355 3526 2428 ingemisce,
3573 2368 3626 2413 et

2053 2445 2188 2500 alios
2233 2454 2397 2508 terre,
2429 2454 2483 2499 et
2531 2455 2657 2514 pete
2701 2461 2768 2500 ne
2801 2446 2852 2499 in
2883 2446 3068 2502 eadem
3122 2446 3379 2502 incidant.
3413 2449 3466 2504 Si
3509 2450 3627 2518 quis

2054 2551 2241 2592 servus
2282 2552 2468 2592 eorum
2513 2537 2601 2607 qui
2630 2535 2904 2592 dominum
2947 2537 3306 2606 offenderunt,
3334 2539 3474 2594 dicat
3521 2541 3634 2595 tilio

2054 2642 2172 2693 suo,
2204 2621 2341 2696 ‘Fili,
2379 2643 2479 2698 ego
2520 2627 2716 2683 oti’endi
2745 2629 3019 2683 dominum
3050 2647 3063 2684 :
3099 2641 3153 2684 tu
3201 2630 3264 2685 da
3309 2646 3522 2700 operam
3571 2641 3625 2686 ut

2057 2719 2106 2773 ei
2151 2719 2385 2788 placeas,
2417 2733 2484 2773 ne
2534 2719 2720 2774 eadem
2771 2719 2866 2773 tibi
2918 2721 3197 2775 accidant:
3226 2736 3327 2774 non
3371 2721 3627 2788 aliquam,

2058 2825 2240 2880 quaeso
2267 2821 2338 2876 te,
2363 2820 2678 2880 assequetur
2707 2811 2957 2865 veniam?
3003 2827 3112 2868 non
3136 2811 3340 2881 franget
3370 2821 3424 2866 ct
3451 2811 3630 2866 ﬂectet

2059 2900 2376 2956 dominum?
2421 2901 2512 2956 Sin
2561 2912 2738 2957 autem
2795 2901 2877 2958 his
2924 2902 3100 2958 missis
3147 2902 3326 2958 verbis
3353 2903 3495 2958 dicat
3522 2903 3637 2959 fere

2063 2995 2209 3060 talia,
2236 2993 2510 3049 dominum
2534 3009 2641 3048 non
2673 3007 2770 3063 pro
2798 2995 2992 3050 merito
3038 2995 3262 3064 singulis
3308 2994 3638 3050 redditurum

2063 3100 2203 3152 esse,
2234 3085 2414 3139 omnia
2447 3093 2558 3137 tum
2609 3084 2745 3138 bona
2775 3093 2885 3139 tum
2932 3085 3066 3138 mala
3097 3085 3312 3139 misceri
3341 3095 3395 3138 et
3419 3085 3642 3140 confusa

2063 3190 2202 3240 esse,
2233 3175 2542 3244 nullamque
2568 3173 2620 3228 in
2646 3172 2753 3228 hac
2789 3174 2952 3229 domo
2995 3173 3178 3229 haberi
3217 3176 3482 3245 gratiam:
3515 3175 3643 3245 quid

2065 3269 2338 3324 existimas
2359 3266 2634 3321 dominum
2658 3267 2724 3320 de
2747 3266 2840 3320 illo
2866 3265 3106 3321 sentire?
3136 3281 3314 3321 annon
3343 3267 3428 3321 ille
3455 3281 3646 3336 pecca‘

2067 3369 2240 3414 torum
2273 3373 2492 3413 suorum
2522 3357 2756 3427 majores
2799 3357 2946 3412 dabit
2973 3359 3198 3429 ptenas?
3245 3357 3438 3414 Merito
3461 3369 3637 3414 certe:

2068 3465 2190 3505 nam
2222 3449 2330 3504 illic
2360 3448 2573 3519 quidem
2612 3449 2886 3503 excusabit
2914 3449 3075 3502 animi
3117 3459 3294 3503 motus
3333 3460 3387 3504 et
3432 3460 3640 3518 pertur-

2067 3541 2234 3606 batio,
2259 3542 2359 3596 etsi
2386 3539 2667 3604 debiliter;
2697 3539 2784 3594 hic
2811 3549 2987 3594 autem
3026 3541 3176 3594 nihil.
3200 3540 3254 3594 Si
3284 3555 3411 3610 ergo
3438 3541 3648 3594 nullum

2069 3635 2265 3700 alium,
2299 3649 2419 3689 eum
2473 3632 2687 3702 quidem
2735 3641 2884 3687 certe
2932 3633 3138 3687 imitare
3186 3631 3402 3688 divitem
3451 3634 3539 3703 qui
3591 3635 3642 3687 in

2069 3725 2311 3794 gehenna
2341 3723 2568 3788 dicebat,
2621 3721 2779 3777 Pater
2821 3724 3096 3790 Abraham,
3128 3724 3266 3776 mitte
3291 3721 3542 3777 Lazarum
3577 3725 3649 3777 ad

2070 3825 2309 3886 cognatos
2351 3830 2507 3881 meos,
2537 3830 2600 3868 ne
2638 3814 2839 3869 veniant
2875 3814 2927 3867 in
2968 3814 3101 3867 hunc
3146 3814 3311 3868 locum
3341 3814 3490 3885 (Luc.
3523 3815 3646 3882 16);

2071 3908 2318 3977 quoniam
2353 3907 2468 3975 ipse
2496 3905 2645 3960 abire
2670 3920 2776 3959 non
2802 3917 3044 3974 poterat;
3077 3920 3143 3958 ne
3165 3905 3217 3958 in
3247 3905 3335 3959 ilia
3367 3905 3477 3974 ipsa
3512 3905 3644 3960 inci-

2072 3998 2219 4054 dant.
2250 3997 2629 4052 Abstineamus
2659 3996 2726 4050 ab
2757 3996 2840 4050 his
2866 3996 3044 4051 verbis
3071 3995 3344 4051 sa'tanicis.

2143 4089 2196 4144 6.
2239 4087 2374 4154 Quid
2421 4102 2571 4156 ergo,
2623 4087 2868 4156 inquies,
2918 4085 3131 4156 quando
3177 4101 3274 4141 nos
3320 4085 3645 4156 interrogant

2073 4179 2249 4236 δι·ωεί
2275 4194 2371 4234 seu
2413 4178 2634 4244 ethnici,
2667 4177 2782 4232 Non
2829 4179 2906 4232 vis
2939 4179 3058 4232 illos
3100 4177 3328 4233 curare?
3380 4177 3482 4232 Sed
3526 4193 3645 4231 cum

2075 4271 2435 4326 Christianum
2484 4269 2736 4338 injeceris
2767 4270 2818 4323 in
2850 4270 3261 4332 dubitationem,
3301 4270 3518 4324 obtentu
3549 4284 3644 4324 oud

2077 4362 2228 4418 randi
2261 4360 2457 4426 Graeci,
2484 4361 2566 4415 vis
2594 4359 2784 4430 dogma
2817 4360 3139 4415 confirmare
3169 4361 3484 4415 satanicum.
3518 4359 3645 4413 Nam

2076 4452 2328 4523 quoniam
2360 4453 2475 4520 ipse
2504 4466 2569 4506 ex
2602 4451 2719 4505 solo
2751 4451 2976 4520 loquens
3005 4452 3185 4505 animo
3225 4450 3338 4505 haec
3383 4467 3488 4506 non
3533 4465 3651 4522 per-

2077 4544 2307 4608 suades,
2349 4543 2486 4598 alios
2531 4553 2695 4596 testes
2735 4543 2816 4596 vis
2867 4542 3154 4597 adducere.
3205 4542 3261 4597 Si
3305 4553 3480 4596 autem
3529 4557 3650 4596 cum

2077 4636 2266 4691 Graeco
2291 4645 2502 4704 oportet
2533 4633 2822 4698 disserere,
2856 4650 2960 4687 non
3015 4634 3142 4689 hinc
3185 4633 3502 4688 sumendum
3548 4635 3648 4688 ini-

2081 4726 2209 4780 tium
2233 4724 2633 4793 disputationis,
2661 4723 2756 4778 sed
2804 4738 2870 4776 an
2901 4722 3143 4777 Christus
3184 4725 3255 4776 sit
3303 4723 3441 4777 Dens
3468 4733 3522 4777 ct
3562 4722 3652 4776 Dei

2079 4815 2277 4880 Filius;
2316 4828 2384 4868 an
2423 4814 2694 4868 dannones
2720 4813 2828 4867 sint
2855 4812 2946 4883 qui
2972 4821 3096 4867 sunt
3120 4811 3259 4882 apud
3285 4812 3404 4865 illos
3437 4813 3529 4866 dii.
3561 4811 3652 4866 Sin

2080 4907 2195 4962 haec
2225 4906 2444 4977 probata
2476 4905 2709 4972 fuerint,
2752 4906 2856 4960 alia
2896 4907 3075 4960 omnia
3123 4913 3438 4975 sequuntur.
3473 4904 3654 4959 Prius-

2079 5013 2236 5069 quam
2262 5008 2438 5052 autem
2466 4997 2694 5068 positum
2725 4997 2794 5050 sit
2822 4997 3139 5067 principium
3162 5038 3176 5062 ,
3213 5010 3406 5050 vanum
3435 5007 3520 5051 est
3546 4995 3654 5049 dis-

2079 5105 2259 5146 serere
2289 5089 2356 5144 de
2385 5089 2487 5144 fine
2513 5108 2525 5142 :
2555 5091 2862 5160 priusquam
2891 5089 3061 5158 prima
3089 5089 3354 5144 elementa
3383 5088 3651 5150 didiceris,

2081 5196 2532 5253 supervacaneum
2574 5190 2630 5236 et
2659 5181 2846 5235 inutile
2883 5191 2966 5235 est
3003 5181 3069 5234 ad
3107 5181 3265 5234 finem
3297 5182 3499 5236 venire.
3542 5179 3655 5233 Non

2082 5273 2250 5330 credit
2277 5273 2493 5328 Grazcus
2520 5273 2720 5340 judicio
2740 5313 2754 5332 .
2803 5282 2856 5326 et
2886 5272 2960 5327 illi
2990 5273 3127 5327 idem
3155 5272 3297 5342 quod
3327 5273 3418 5327 tibi
3445 5269 3653 5326 accidit.

2080 5365 2212 5420 Nam
2244 5365 2358 5434 ipse
2383 5379 2594 5433 quoque
2639 5364 2832 5417 multos
2875 5363 3035 5417 habet
3079 5362 3168 5432 qui
3215 5377 3277 5417 ea
3324 5364 3393 5418 de
3437 5378 3495 5417 re
3539 5371 3660 5415 sunt

2083 5455 2475 5526 philosophati;
2507 5456 2718 5510 etiamsi
2752 5454 2853 5509 hoc
2892 5453 3118 5508 dixerint
3147 5454 3215 5508 de
3242 5469 3470 5522 corpore
3505 5469 3659 5522 sepa-

2082 5556 2197 5602 rato
2223 5547 2289 5601 ab
2318 5547 2515 5608 anima,
2549 5546 2643 5600 sed
2676 5557 2852 5600 tamen
2879 5545 3134 5614 judicium
3163 5545 3575 5601 constituerunt.
3601 5545 3662 5599 Et

2085 5655 2170 5694 res
2201 5649 2282 5694 est
2329 5649 2434 5693 tant
2467 5641 2606 5692 clara
2637 5647 2694 5691 ut
2738 5652 2894 5692 nemo
2927 5636 3038 5692 fere
3084 5635 3185 5689 hoc
3223 5637 3447 5711 ignoret.
3478 5638 3573 5692 sed
3615 5640 3664 5685 ct
