4026 6148
409 406 513 467 ⁸51⁷1
1316 400 1380 456 ΙΝ
1421 396 1634 457 ΕΡΙ-Ξτ.
1678 400 1768 455 AD
1807 391 2046 451 COLOSS

2156 389 2273 448 ΖᾹΡ.
2316 392 2356 447 1.
2401 391 2630 448 1103111..
2676 390 2763 446 ΠΙ.

419 531 592 595 poeta:
637 530 694 578 et
722 534 909 576 omnes
951 519 1090 576 inter
1119 531 1178 574 se
1202 519 1540 574 consentiant
1579 525 1634 571 et
1660 515 1727 569 de
1759 511 2008 567 tribunali

419 623 471 670 et
501 614 570 670 de
592 611 816 684 judicio.
860 611 1044 680 Itaque
1072 623 1173 665 nec
1213 609 1434 664 Gnaeus
1461 609 1575 662 suis
1617 604 1774 659 ﬁdem
1807 610 2004 671 negat,

423 720 524 760 nec
566 703 782 760 Judaeus
824 701 891 757 de
935 701 1019 756 his
1061 701 1290 767 dubitat,
1323 714 1423 755 nec
1450 698 1627 768 quivis
1658 697 1836 751 homo.
1867 693 2007 761 Quid

423 811 550 866 ergo
580 809 678 850 nos
706 794 850 864 ipsos
869 792 1208 862 decipimus?
1237 789 1362 844 Haec
1391 789 1520 843 mihi
1547 789 1680 843 dicis
1709 806 1721 840 :
1747 787 1871 856 quid
1899 785 2007 840 Deo

422 887 565 941 dices
592 884 678 954 qui
703 883 974 953 sigillatim
1019 882 1172 936 ﬁnxit
1198 881 1358 936 corda
1389 888 1591 943 nostra,
1619 879 1707 948 qui
1737 893 1855 947 qua:
1883 885 2007 929 sunt

425 978 474 1031 in
503 976 822 1044 cogitatione
851 973 1000 1028 novit
1040 973 1242 1036 omnia,
1277 971 1366 1040 qui
1397 971 1525 1024 vivit
1551 979 1604 1024 et
1629 977 1914 1037 operatur;
1949 973 2003 1020 et

422 1051 589 1136 magis
634 1064 820 1120 incidit
859 1079 1019 1135 quam
1049 1063 1224 1133 quivis
1265 1061 1472 1132 gladius
1501 1075 1696 1129 anceps
1727 1057 1908 1129 (Hebr.
1953 1059 2005 1112 4.

426 1156 556 1226 12)?
599 1155 758 1222 Nam,
799 1156 888 1211 die
928 1155 1056 1209 mihi
1090 1171 1184 1224 per
1215 1155 1518 1218 veritatem,
1549 1167 1655 1206 non
1686 1161 1741 1205 tu
1783 1150 2010 1219 teipsum

428 1255 739 1316 peccantem
768 1245 1140 1301 condemnas?
1179 1259 1245 1298 an
1277 1247 1556 1313 quisquam
1597 1241 1758 1295 homo
1803 1249 1886 1295 est
1924 1241 2014 1310 qui

433 1338 668 1405 veipsum
696 1337 931 1404 segniter
953 1345 1198 1405 agentem
1229 1351 1333 1389 IIOII
1363 1333 1760 1404 reprehendat?
1791 1333 1856 1386 Et
1882 1348 2017 1402 quo-

434 1425 595 1481 modo
644 1441 772 1480 casu
819 1435 933 1480 orta
982 1435 1063 1480 est
1111 1424 1408 1494 sapientia,
1439 1433 1496 1477 ut
1540 1424 1654 1492 ipse
1695 1423 1784 1492 qui
1837 1429 2020 1490 peccat

3589 397 3698 453 3l$

2119 509 2189 561 tia
2232 517 2284 563 et
2313 519 2456 565 metu
2486 528 2498 562 :
2527 510 2762 581 alioquin
2795 509 2938 567 enim
2967 510 3226 564 evasisset
3271 511 3585 566 imbecillior
3625 514 3694 570 ad

2115 598 2337 655 cuidem.
2363 599 2436 654 Ita
2466 609 2610 654 certe
2637 610 2688 654 et
2716 600 2804 670 qui
2833 609 3056 668 peccant
3079 602 3253 656 sciunt
3278 613 3550 672 peccatum
3580 619 3694 658 rem

2114 706 2234 745 esse
2265 691 2492 755 malam;
2526 700 2581 746 et
2610 693 2697 760 qu-i
2726 693 2961 760 quotidie
2999 692 3305 747 volutantur
3333 696 3384 747 in
3413 694 3542 764 ipsis
3577 709 3694 749 ma«

2114 782 2178 834 lis
2201 823 2214 844 ,
2245 782 2430 836 nolunt
2461 783 2599 836 scire
2619 823 2634 847 ,
2663 797 2984 851 quamquam
3009 799 3194 837 eorum
3224 785 3550 840 conscientia
3583 803 3696 840 rem

2113 873 2624 942 comprehendente.
2652 873 2755 928 Sed
2785 888 2852 926 ne
2879 874 2982 928 illis
3012 876 3384 942 attendamus;
3421 878 3521 930 erit
3555 879 3699 932 enim

2113 968 2332 1020 omnino
2367 967 2626 1036 judicium
2672 979 2726 1023 et
2771 970 3117 1036 resurrectio,
3164 985 3334 1038 neque
3385 980 3488 1023 tam
3536 972 3701 1023 multa

2115 1073 2276 1128 opera
2307 1058 2501 1113 frustra
2546 1060 2780 1114 dimittet
2821 1061 2980 1114 Deus.
3025 1059 3385 1127 Quamobrem
3425 1076 3590 1130 rogo,
3622 1064 3712 1114 ab—

2117 1149 2377 1203 stinentes
2421 1165 2450 1202 a
2497 1149 2649 1213 vitio,
2697 1150 2948 1203 virtutem
2979 1150 3389 1217 amplectamur,
3435 1161 3494 1204 ut
3523 1167 3705 1204 verum

2119 1241 2442 1310 accipiamus
2464 1256 2769 1296 sermonem
2798 1242 2850 1294 in
2869 1241 3082 1296 Christo
3103 1240 3231 1295 Jesu
3254 1241 3480 1294 Domino
3499 1252 3704 1294 nostro.

2192 1332 2314 1386 Fati
2356 1334 2527 1402 Opinio
2569 1335 2814 1402 rejicitur.
2853 1363 2923 1372 -—
2949 1332 3279 1401 Quamquam
3309 1330 3436 1400 quid
3467 1342 3550 1386 est
3577 1333 3705 1385 faci-

2122 1425 2224 1480 lius
2247 1467 2262 1489 ,
2303 1424 2658 1480 admitterene
2685 1425 2824 1493 quod
2853 1425 3050 1477 dicitur
3079 1424 3144 1478 de
3174 1423 3571 1478 resurrectione
3591 1465 3605 1489 ,
3641 1439 3709 1478 an

435 1518 668 1586 seipsum
719 1516 1076 1572 condemnet?
1103 1515 1206 1570 hoc
1250 1514 1392 1570 enim
1430 1523 1513 1569 est
1555 1528 1762 1583 magna:
1802 1512 2018 1580 sapien-

443 1610 548 1664 tiae.
576 1608 656 1664 Tu
683 1609 910 1679 teipsum
941 1609 1302 1674 condemnas;
1326 1609 1414 1678 qui
1437 1618 1616 1662 autem
1647 1606 1783 1660 hanc
1813 1606 1905 1660 tibi
1933 1605 2024 1660 dat

441 1709 673 1756 mentem
705 1711 758 1756 et
801 1702 1174 1772 cogitationem
1199 1741 1214 1767 ,
1245 1701 1386 1756 sinet
1415 1701 1590 1756 omnia
1622 1699 1745 1754 l‘erri
1778 1699 2024 1754 temere?

436 1790 515 1847 Sit
546 1806 675 1862 ergo
706 1793 820 1846 hare
848 1793 1031 1862 regula
1071 1801 1126 1846 et
1170 1791 1416 1846 deﬁnitio
1456 1793 1508 1844 in
1554 1805 1771 1861 genere,
1815 1800 1869 1844 et
1909 1791 2029 1844 uni-

444 1896 599 1937 verse
632 1900 646 1936 :
680 1883 858 1938 nullus
886 1899 951 1937 ex
979 1884 1042 1938 iis
1071 1884 1159 1953 qui
1187 1884 1370 1937 vivunt
1397 1884 1448 1936 in
1473 1882 1688 1949 virtute,
1722 1897 1826 1936 non
1855 1883 2030 1938 credit

443 1975 677 2028 sermoni
713 1973 781 2028 de
804 1974 1030 2043 judicio,
1063 1975 1272 2029 etiamsi
1301 1975 1373 2028 sit
1400 1973 1643 2039 Grmcus,
1677 1974 1884 2028 etiamsi
1917 1974 2029 2027 ha:-

445 2063 644 2119 reticus
673 2081 686 2118 :
715 2065 898 2119 nullus
933 2080 996 2120 ex
1038 2065 1104 2119 iis
1140 2065 1230 2133 qui
1263 2066 1314 2118 in
1345 2065 1516 2119 multo
1544 2073 1824 2119 versantur
1854 2066 1984 2118 vitio
2013 2105 2029 2131 ,

450 2161 645 2222 praeter
676 2169 894 2223 paucos,
925 2154 1159 2209 admittit
1187 2171 1490 2210 sermonem
1521 2156 1946 2210 resurrectionis.
1970 2157 2039 2210 Et

453 2243 556 2298 hoc
591 2253 674 2299 est
710 2245 852 2315 quod
878 2245 1006 2299 dicit
1030 2245 1476 2315 psalmographus
1511 2264 1526 2299 :
1559 2246 2036 2316 Aufernnturjudi-

457 2337 535 2390 cia
561 2346 647 2389 tua
677 2353 707 2389 a
735 2337 864 2406 [acie
907 2338 1015 2411 ejus
1060 2336 1244 2407 (Psal.
1279 2336 1333 2390 9.
1365 2337 1432 2390 27
1458 2339 1500 2406 ).
1535 2335 1746 2404 Quare?
1775 2337 2037 2403 Quoniam

458 2431 806 2502 profanautur
840 2431 941 2486 viae
971 2430 1087 2500 ejus
1125 2431 1176 2484 in
1204 2431 1347 2486 omni
1379 2441 1618 2500 tempore
1656 2449 1669 2483 :
1710 2429 2041 2486 Comedamns

459 2522 602 2576 enim
623 2561 640 2587 ,
673 2522 878 2591 inquit,
910 2531 959 2574 et
987 2521 1250 2584 bibamus;
1279 2538 1393 2576 cras
1423 2523 1556 2574 enim
1585 2523 1847 2576 morimur.
1883 2522 2042 2577 Vides

459 2610 602 2681 quod
625 2612 739 2665 haec
764 2610 946 2665 dicere
975 2611 1046 2664 sit
1073 2611 1252 2665 vilium
1285 2619 1339 2665 et
1363 2611 1692 2680 abjectorum
1717 2613 1739 2665 ?
1765 2613 1848 2667 Ab
1871 2628 1964 2666 esu
1991 2623 2044 2668 et

457 2711 584 2772 potu
624 2703 868 2756 oriuntur
895 2704 1010 2756 haec
1051 2703 1213 2756 verba
1247 2718 1366 2770 qua:
1398 2711 1650 2757 evertunt
1689 2705 2042 2759 resurrectio-

460 2800 605 2848 nem:
631 2792 748 2848 Non
793 2792 896 2848 fert
933 2794 1096 2860 enim,
1139 2809 1244 2848 non
1274 2793 1377 2849 fert
1421 2795 1596 2848 anima
1626 2795 1884 2863 judicium
1912 2812 2044 2850 con-

463 2885 734 2951 scientim;
767 2894 820 2941 et
846 2886 1066 2954 perinde
1089 2895 1172 2941 est
1197 2896 1357 2956 atque
1387 2888 1430 2940 si
1461 2887 1727 2942 homicida
1751 2904 1871 2943 cum
1900 2891 2047 2958 prius

468 2974 568 3028 sibi
595 2976 921 3044 suggesserit
941 2974 1054 3031 fore
1081 2985 1138 3030 ut
1159 2991 1264 3030 non
1291 2978 1556 3046 capiatur,
1587 2979 1780 3032 deinde
1802 2981 1878 3034 sic
1905 2982 2048 3034 occi-

472 3063 564 3117 dat
591 3081 604 3117 :
633 3078 754 3118 nam
775 3105 792 3131 ,
833 3079 952 3119 eum
992 3065 1267 3135 judicante
1307 3068 1630 3122 conscientia
1652 3109 1668 3135 ,
1698 3084 1802 3124 n0n
1827 3071 1932 3126 cito
1960 3087 2048 3127 ve-

474 3155 642 3211 nisset
668 3155 732 3211 ad
758 3156 1055 3212 audendum
1084 3159 1361 3228 suscipere
1392 3158 1616 3214 facinus.
1652 3161 1716 3215 Et
1744 3163 1846 3216 scit
1879 3177 2006 3234 ergo
2030 3206 2044 3231 ,

473 3256 528 3303 et
557 3265 664 3320 pra:
691 3265 750 3305 se
781 3249 885 3305 fert
905 3265 964 3304 se
989 3251 1256 3320 ignorare,
1287 3266 1354 3306 ne
1382 3261 1690 3321 torqueatur
1715 3269 1744 3308 a
1767 3258 2052 3312 conscien-

2125 1517 2266 1586 quod
2293 1517 2491 1572 dicitur
2517 1518 2584 1571 de
2617 1516 2762 1570 fato?
2788 1517 2900 1570 lloe
2932 1518 3145 1585 plenum
3180 1525 3261 1571 est
3291 1516 3572 1585 injustitia,
3599 1517 3711 1585 ple-

2128 1624 2253 1662 num
2277 1608 2580 1678 insipientia
2608 1619 2661 1662 et
2684 1618 2922 1677 egestate
2949 1607 3191 1674 rationis,
3222 1608 3436 1676 plenum
3461 1607 3713 1660 inhuma-

2129 1700 2295 1752 nitate
2325 1715 2340 1764 ;
2372 1698 2503 1752 illud
2533 1707 2614 1753 est
2645 1697 2857 1766 plenum
2878 1697 3105 1767 justitia,
3139 1697 3466 1752 distribuens
3494 1713 3590 1768 pro
3613 1712 3716 1752 me-

2130 1792 2286 1857 ritis;
2319 1800 2373 1846 et
2412 1800 2588 1845 tamen
2633 1791 2803 1859 ipsum
2850 1805 2954 1845 non
2999 1786 3304 1844 admittunt.
3335 1790 3504 1846 Causa
3535 1798 3712 1844 autem

2131 1892 2214 1938 est
2240 1882 2493 1952 segnities
2525 1901 2537 1935 :
2570 1882 2746 1936 nullus
2773 1883 2914 1936 enim
2942 1883 3031 1951 qui
3073 1882 3282 1950 sapiat,
3316 1881 3419 1936 hoc
3459 1881 3713 1934 admittit.

2133 1974 2268 2028 Nam
2313 1982 2368 2029 et
2412 1975 2552 2028 inter
2595 1971 2830 2036 Graecos,
2879 1974 2967 2042 qui
3012 1973 3335 2041 voluptatem
3383 1971 3718 2033 deﬁnientes,

2139 2067 2297 2121 ﬁnem
2327 2080 2446 2121 esse
2471 2067 2674 2130 dicunt,
2708 2065 2780 2119 illi
2822 2068 2993 2136 ipsum
3027 2065 3395 2120 admiserunt:
3425 2065 3510 2134 qui
3543 2073 3720 2118 autem

2138 2160 2390 2214 virtutem
2432 2167 2764 2224 amaverunt,
2813 2173 3169 2228 nequaquam,
3223 2156 3317 2211 sed
3363 2157 3720 2226 expulerunt,

2144 2261 2412 2320 tamquam
2440 2250 2582 2320 quod
2605 2259 2783 2303 careat
2806 2250 3031 2303 ratione.
3059 2249 3114 2303 Si
3142 2249 3243 2302 hoc
3263 2257 3441 2302 autem
3471 2248 3540 2300 ita
3566 2245 3728 2300 habet

2143 2343 2282 2397 inter
2307 2341 2528 2396 Grzecos
2557 2383 2571 2406 ,
2602 2340 2770 2394 multo
2799 2339 2966 2410 magis
3003 2339 3073 2392 ita
3119 2338 3280 2393 habet
3308 2340 3359 2392 in
3391 2338 3599 2391 ratione
3642 2353 3730 2390 re-

2144 2432 2512 2488 surrectionis.
2562 2431 2853 2486 Considera
2896 2439 3072 2484 autem
3121 2430 3274 2496 mihi,
3307 2428 3578 2499 quomodo
3623 2428 3730 2482 duo

2145 2523 2412 2578 contraria
2451 2522 2806 2577 introduxerit
2834 2523 3080 2576 diabolus
3123 2540 3135 2574 :
3170 2536 3363 2591 nempe
3393 2531 3449 2575 ut
3477 2523 3729 2575 virtutem

2148 2617 2500 2686 negligamus,
2547 2615 2923 2670 necessitatem
2967 2615 3202 2680 induxit;
3233 2623 3286 2670 et
3318 2624 3372 2668 ιιι
3401 2625 3649 2683 prompto
3680 2625 3733 2667 ct

2149 2709 2310 2762 alacri
2349 2707 2528 2761 animo
2565 2708 2804 2761 colamus
2845 2706 3238 2775 daemones,per
3270 2707 3376 2759 duo
3413 2706 3571 2761 etiam
3600 2720 3733 2759 con-

2151 2799 2310 2852 traria
2333 2798 2614 2868 persuasit.
2640 2798 2933 2863 Quamnam
2959 2813 3085 2866 ergo
3108 2797 3301 2864 poterit
3323 2797 3449 2851 dare
3474 2798 3734 2850 rationem

2152 2892 2242 2960 qui
2274 2907 2378 2944 non
2409 2890 2578 2945 credit
2603 2889 2679 2943 rei
2711 2890 2844 2943 adeo
2877 2889 3196 2954 admirabili,
3239 2898 3292 2943 et
3334 2889 3502 2942 credit
3546 2890 3609 2942 iis
3648 2891 3738 2958 qui

2154 2984 2242 3037 illa
2268 2992 2534 3053 nugantttr
2555 2983 2577 3035 ?
2602 2982 2680 3035 Ne
2707 2996 2857 3050 ergo,
2890 2998 2954 3036 ne
2977 2981 3093 3036 haec
3121 2992 3171 3035 te
3193 2982 3488 3035 consolatio
3518 2983 3737 3046 nutriat,

2153 3074 2296 3142 quod
2346 3075 2556 3128 veniam
2607 3075 2955 3140 consequeris
3000 3089 3013 3137 ;
3072 3071 3165 3126 sed
3221 3089 3317 3126 nos
3369 3073 3612 3125 conversi
3674 3074 3740 3126 ad

2156 3166 2408 3220 virtutem
2439 3165 2734 3220 excitemur
2757 3205 2772 3231 ,
2801 3178 2864 3217 ac
2891 3178 3016 3217 vere
3045 3163 3155 3216 Deo
3187 3162 3458 3227 vivamus;
3503 3162 3554 3215 in
3586 3162 3743 3217 Citri-

2161 3267 2266 3325 sto,
2292 3269 2397 3314 etc.

3359 3371 3740 3389 ——-—-——

1837 3439 2190 3503 HOMILIA
2232 3443 2343 3502 Ill.
2397 3477 2399 3479 -

473 3577 604 3634 CAP.
636 3579 686 3632 1.
717 3593 770 3631 v.
797 3578 882 3631 15.
929 3577 1026 3644 Qui
1069 3585 1140 3632 est
1179 3577 1344 3648 imago
1386 3576 1479 3630 Dei
1512 3578 1773 3632 invisibilis
1808 3581 2062 3652 primoge-

550 3671 685 3722 nitus
714 3671 873 3722 omnis
897 3679 1142 3722 creatura:
1174 3686 1190 3722 :
1223 3669 1306 3724 16.
1350 3671 1587 3740 quoniam
1617 3673 1670 3724 in
1708 3673 1818 3741 ipso
1859 3674 2064 3729 condita

554 3767 666 3813 sunt
715 3761 974 3824 universa,
1041 3760 1093 3812 in
1139 3761 1273 3813 cazlis
1324 3771 1371 3814 et
1422 3765 1474 3814 in
1520 3771 1687 3827 terra,
1746 3765 1960 3818 visibilia
2017 3776 2063 3820 et

555 3849 844 3915 invisibilia,
871 3850 973 3903 sive
995 3848 1189 3903 Throni
1217 3851 1316 3904 sive
1348 3849 1751 3921 Dominationes,
1781 3856 1881 3909 sive
1907 3855 2064 3910 Prin-

554 3943 750 4013 cipatns
775 3942 878 3997 sive
904 3941 1222 4010 Poteslates;
1251 3946 1421 3999 omnia
1448 3962 1537 4011 per
1559 3948 1747 4016 ipsum,
1780 3958 1826 4001 et
1873 3949 1925 4001 in
1955 3949 2066 4016 ipso

555 4044 720 4089 creata
745 4043 878 4089 sunt.
914 4037 1000 4091 17.
1034 4034 1101 4089 Ει
1153 4037 1260 4106 ipse
1288 4046 1360 4091 est
1401 4047 1519 4092 ante
1567 4041 1760 4105 omnia,
1811 4051 1857 4094 et
1898 4043 2067 4094 omnia

550 4125 606 4179 in
650 4126 762 4196 ipso
788 4135 1021 4180 constant
1054 4142 1072 4180 :
1101 4127 1186 4183 18.
1215 4137 1261 4180 et
1291 4129 1397 4198 ipse
1426 4138 1498 4182 est
1527 4140 1676 4200 caput
1708 4131 1933 4200 corporis
1960 4129 2065 4184 Ec-

553 4218 740 4271 desire.

551 4309 603 4362 1.
628 4307 707 4362 De
735 4307 860 4362 Filii
887 4308 982 4362 Dei
1005 4318 1210 4376 natura,
1234 4319 1278 4364 et
1307 4310 1442 4381 quod
1475 4326 1574 4365 non
1610 4313 1674 4366 sit
1719 4322 1967 4366 creatura.
1998 4343 2069 4354 ——

483 4394 654 4452 llodie
674 4413 894 4454 necesse
919 4408 1002 4454 est
1023 4399 1250 4454 reddere
1272 4399 1528 4467 debitum,
1543 4403 1684 4471 quod
1719 4403 1832 4457 heri
1859 4404 2062 4472 distuli,

485 4497 544 4541 ut
563 4488 614 4540 id
641 4487 876 4542 discendi
907 4489 1114 4559 cupidis
1138 4489 1334 4544 animis
1362 4493 1554 4545 vestris
1583 4501 1637 4545 et
1661 4493 2069 4562 cogitationibus

489 4576 785 4644 subjiciam.
805 4578 882 4633 De
897 4579 1012 4633 Filii
1031 4579 1286 4650 dignitate
1300 4580 1569 4636 disserens
1585 4583 1776 4636 Paulus
1791 4582 1903 4637 haec
1920 4585 2066 4650 dicit,

489 4670 625 4724 sicut
654 4669 814 4724 etiam
837 4671 1167 4727 ostendimus
1199 4689 1212 4726 :
1241 4673 1341 4738 Qui
1365 4682 1434 4727 est
1473 4674 1640 4745 imago
1673 4673 1766 4728 Dei
1789 4677 2069 4731 invisibilis.

484 4757 650 4826 Cujus
676 4774 806 4828 ergo
836 4761 914 4813 vis
939 4775 1062 4815 eum
1089 4776 1208 4816 esse
1237 4763 1564 4833 imaginem?
1610 4763 1664 4818 Si
1697 4764 1785 4818 Dei
1832 4765 2067 4834 quidem,

487 4849 743 4917 pulchre;
795 4851 936 4905 Deus
987 4853 1129 4905 enim
1161 4860 1331 4907 estet
1384 4854 1475 4908 Dei
1509 4854 1709 4920 Filius;
1764 4855 1858 4910 Dei
1897 4867 2075 4912 autem

491 4939 670 5009 imago
697 4941 980 5008 perlectam
1014 4941 1418 4999 similitudinem
1441 4945 1707 5000 ostendit:
1735 4961 1865 5016 ergo
1881 4961 2075 5001 secun-

491 5029 619 5084 dum
651 5031 752 5085 hoc
779 5033 999 5101 aequalis
1023 5043 1106 5088 est
1135 5053 1148 5088 :
1181 5036 1225 5090 si
1269 5045 1447 5091 autem
1495 5039 1669 5108 imago
1709 5040 1961 5104 hominis,
1991 5039 2077 5094 die

490 5120 643 5184 mihi,
678 5129 733 5174 et
777 5138 806 5174 a
839 5131 889 5178 te
919 5132 1188 5194 tamquam
1213 5127 1282 5180 ab
1312 5129 1501 5182 insano
1533 5129 1824 5184 discedam.
1852 5130 1960 5184 Cur
1984 5145 2078 5184 au-

489 5221 596 5266 tem
624 5227 883 5282 nusquam
903 5231 1074 5285 neque
1099 5217 1293 5286 imago,
1311 5235 1482 5288 neque
1511 5219 1648 5273 ﬁlius
1678 5221 1975 5289 appellatus
1997 5230 2079 5275 est

484 5306 742 5374 angelus,
804 5306 896 5360 sed
950 5309 1113 5362 homo
1169 5312 1490 5379 utrumque?
1544 5312 1762 5377 Quare?
1817 5312 2076 5377 Quoniam

486 5395 598 5450 illic
626 5397 840 5465 quidem
874 5407 1084 5453 natura:
1111 5401 1411 5454 sublimitas
1449 5402 1553 5456 cito
1584 5402 1778 5455 multos
1810 5402 2079 5469 injecisset

485 5487 543 5542 in
597 5486 735 5543 hanc
773 5489 1104 5559 impietatem
1137 5509 1151 5545 :
1183 5492 1269 5546 hic
1317 5502 1492 5546 autem
1543 5494 1719 5547 vilitas
1755 5501 1809 5546 et
1853 5492 2080 5561 ahjecﬁo

485 5579 718 5649 spondet
742 5596 855 5636 rem
886 5581 1006 5637 fore
1031 5583 1084 5636 in
1115 5591 1250 5652 tuto,
1279 5592 1334 5639 et
1361 5599 1425 5638 ne
1450 5585 1695 5640 volentes
1712 5584 1924 5654 quidem
1956 5585 2082 5640 sinit

489 5669 600 5724 tale
639 5670 766 5739 quid
819 5673 1103 5741 suspicari,
1135 5682 1191 5728 et
1229 5689 1532 5730 sermonem
1587 5677 1908 5745 deprimere.
1950 5676 2081 5730 Pro-

495 5771 678 5832 pterea
710 5761 800 5817 ubi
831 5764 996 5818 multa
1029 5764 1245 5835 quidem
1272 5776 1386 5822 erat
1428 5767 1718 5837 humilitas,
1753 5765 2082 5823 conﬁdenter

2168 3585 2440 3654 Scriptura
2475 3583 2621 3653 ponit
2648 3583 2906 3636 honorem
2939 3600 2950 3634 :
2985 3581 3074 3636 ubi
3104 3591 3280 3635 autem
3321 3582 3494 3651 major
3522 3591 3604 3637 est
3655 3598 3748 3637 na-

2169 3687 2303 3743 tura,
2336 3693 2441 3732 non
2470 3678 2619 3732 item.
2639 3676 2744 3731 Sed
2766 3675 2943 3746 Imago
2966 3687 3035 3729 est
3054 3675 3336 3738 invisibilis,
3361 3676 3549 3744 inquit.
3583 3675 3744 3745 Ergo,

2168 3772 2211 3826 si
2245 3772 2332 3825 ille
2363 3781 2446 3826 est
2487 3769 2765 3824 invisibilis
2785 3809 2800 3835 ,
2831 3781 2912 3822 est
2959 3768 3069 3836 ipsa
3101 3782 3310 3836 quoque
3353 3767 3633 3821 invisibilis
3653 3808 3667 3830 ,
3697 3778 3752 3821 ct

2168 3863 2414 3917 similiter
2445 3862 2760 3925 invisibilis;
2797 3860 3030 3928 alioquin
3067 3859 3242 3928 imago
3291 3873 3395 3912 non
3428 3869 3590 3912 esset.
3618 3858 3750 3912 Nam

2170 3956 2475 4024 imaginem,
2509 3963 2768 4023 quatenus
2800 3961 2882 4005 est
2909 3953 3103 4019 imago,
3137 3952 3296 4004 etiam
3319 3951 3456 4020 apud
3479 3967 3574 4006 nos
3595 3965 3754 4019 opor-

2172 4054 2246 4100 tet
2269 4060 2389 4100 csse
2418 4043 2698 4112 mqualem,
2733 4049 2786 4093 et
2809 4055 2838 4092 a
2882 4039 3280 4092 character-ibus
3304 4047 3359 4091 et
3383 4039 3751 4092 similitudine.

2171 4135 2275 4190 Sed
2298 4135 2384 4190 hic
2400 4133 2613 4203 quidem
2634 4132 2736 4185 hoc
2760 4144 3094 4199 nequaquam
3120 4138 3291 4195 potest
3320 4127 3432 4182 ﬁeri
3459 4145 3472 4193 ;
3506 4143 3593 4182 ars
3613 4130 3753 4182 enim

2173 4228 2402 4282 ltumana
2433 4241 2575 4294 saepe
2608 4240 2712 4277 non
2763 4221 3085 4289 assequitur,
3120 4220 3228 4272 imo
3272 4235 3397 4272 vero
3431 4235 3753 4289 numquam,

2173 4320 2216 4372 si
2239 4326 2487 4372 accurate
2511 4315 2785 4369 examines
2812 4331 2822 4364 :
2857 4311 2941 4364 ubi
2965 4319 3140 4363 autem
3173 4319 3256 4363 est
3283 4310 3443 4375 Deus,
3469 4325 3756 4379 tmmquam

2174 4407 2371 4461 excidit
2423 4415 2478 4458 et
2519 4405 2754 4467 aberrat,
2785 4415 2956 4469 neque
2988 4399 3124 4452 ullus
3164 4413 3412 4467 umquam
3441 4409 3524 4453 est
3557 4401 3754 4467 lapsus.

2176 4499 2230 4552 Si
2263 4507 2440 4551 autem
2470 4502 2554 4549 est
2579 4500 2846 4554 creatura,
2889 4489 3157 4558 quomodo
3199 4499 3282 4544 est
3325 4489 3499 4558 imago
3525 4488 3643 4556 ejus
3669 4491 3759 4558 qui

2176 4591 2404 4645 creavit?
2431 4603 2601 4658 neque
2627 4587 2767 4641 enim
2795 4599 2964 4652 equus
2981 4592 3060 4642 est
3084 4583 3256 4651 imago
3287 4580 3537 4636 hominis.
3563 4581 3619 4634 Si
3646 4581 3761 4649 ejus

2178 4681 2266 4751 qui
2295 4689 2375 4735 est
2403 4675 2684 4733 invisibilis
2725 4674 3124 4730 similitudinem
3153 4688 3258 4728 non
3302 4673 3536 4728 ostendit
3563 4675 3758 4740 imago,

2178 4771 2304 4840 quid
2328 4769 2576 4840 prohibet
2597 4769 2758 4822 etiam
2782 4766 3000 4836 angelos
3021 4780 3140 4820 esse
3169 4763 3490 4832 imaginem?
3519 4777 3639 4815 nam
3663 4763 3762 4830 ipsi

2179 4877 2391 4930 quoque
2438 4867 2564 4914 sunt
2612 4858 2926 4921 invisibiles,
2981 4854 3074 4910 sed
3131 4870 3237 4907 non
3295 4852 3550 4920 sibiipsis.
3589 4853 3602 4882 ¹
3635 4850 3654 4920 [
3693 4852 3764 4904 At

2181 4953 2357 5006 anima
2384 4961 2467 5008 est
2495 4949 2811 5010 invisibilis;
2859 4946 2951 5001 sed
2980 4962 3043 4999 ex
3073 4961 3138 4999 eo
3168 4942 3306 5012 quod
3337 4952 3418 4994 est
3445 4941 3758 5009 invisibilis,

2182 5053 2266 5099 est
2307 5042 2702 5113 quodammodo
2749 5041 2956 5108 imago;
2984 5048 3037 5090 at
3063 5050 3167 5088 non
3196 5035 3333 5088 sicut
3362 5033 3474 5102 ipse
3500 5041 3603 5087 est.
3645 5030 3754 5085 Pri.

2183 5137 2465 5206 ntogenitus
2494 5135 2656 5187 omnis
2683 5126 2971 5198 creaturw.]

2255 5229 2309 5279 2.
2329 5225 2464 5292 Quid
2492 5227 2644 5279 vero?
2664 5223 2863 5290 inquit;
2888 5233 3010 5271 ecce
3036 5223 3117 5269 est
3144 5215 3392 5268 creatus?
3417 5213 3568 5269 Unde
3591 5212 3638 5266 id
3665 5212 3766 5267 eol-

2187 5319 2323 5386 ligis,
2353 5314 2680 5383 dic,qu:cso?
2709 5310 2968 5376 Quoniam
3000 5306 3150 5367 dixit,
3186 5303 3573 5374 Primogenitus.
3608 5298 3798 5370 Atqui,

2190 5424 2295 5462 non
2327 5406 2479 5470 dixit,
2511 5403 2922 5460 Primocreatus,
2953 5396 3045 5450 sed
3073 5394 3466 5464 Primogenitus.
3497 5390 3696 5444 Deinde
3723 5390 3769 5442 si

2255 5592 2270 5620 ¹
2306 5594 2478 5635 Locum
2512 5582 2704 5631 uncinis
2725 5579 2937 5628 clausum
2959 5579 3030 5625 sic
3054 5576 3235 5624 habent
3257 5570 3538 5623 Commelin.
3567 5574 3618 5635 et
3638 5566 3765 5635 Reg.

2193 5627 2641 5700 19:55"?§Eiiaﬁihia
2658 5627 2927 5707 qiuoquepst
2942 5635 3188 5707 invisibilis
3207 5648 3222 5683 :
3238 5646 3354 5704 nam
3370 5645 3438 5707 ea;
3448 5627 3623 5707 comic

2189 5691 2778 5766 siut‘liitvisi—bilis,sequitur
2815 5701 2951 5766 illam
2995 5713 3095 5766 esse
3129 5691 3438 5766 imaginem?
3477 5701 3601 5766 ltum
3625 5691 3769 5739 etiam

2194 5754 2363 5836 Titinii
2376 5754 2612 5831 imagines
2629 5754 2752 5826 sunt,
2779 5765 2943 5815 eodem
2968 5763 3106 5813 modo
3129 5754 3452 5822 qno'cltristtts
3474 5754 3498 5806 2
