4026 6148
302 379 408 441 819

306 495 432 568 quis
459 481 843 563 primogenitus
857 480 958 568 est,
983 470 1128 568 illum
1153 470 1392 568 creatum
1421 442 1882 568 di

308 533 401 642 ἔθει
427 533 800 652 qliandooillum
826 560 1058 619 audieris
1080 558 1294 611 fratrem
1316 545 1533 604 vocari?
1550 533 1760 597 Etenim
1785 533 1889 589 fra-

1295 644 1309 652 .
1560 636 1597 652 ._
1628 630 1777 652 “HA
1807 641 1862 652 Μ

312 630 461 734 treniI
474 672 623 728 illum
645 668 800 719 vocat
818 655 1088 723 Scriptura
1111 644 1407 704 secundum
1429 636 1608 693 omnia
1627 630 1890 688 nobis~as-

312 718 618 822 similatunt.
646 754 859 823 Ergone
894 718 1013 800 ideo
1040 741 1187 795 illum
1203 734 1510 791 Creatorem
1529 738 1651 781 esse
1672 718 1891 790 negabi-

315 815 538 921 niu‘s,‘et
564 864 662 906 nee
687 815 944 916 dignitate
970 848 1144 905 neque
1167 831 1273 886 alio
1302 824 1550 897 quopiam
1569 815 1721 873 nobis
1742 819 1894 921 ante:-I

316 900 516 1022 pondre
543 900 916 1012 dignabimur?
936 927 1118 998 ecquis
1139 928 1318 978 mente
1348 915 1530 971 valens
1551 900 1911 965 hoedixerit‘r

1216 1012 1250 1022 ..
1330 1009 1360 1022 ,Α
1407 1015 1446 1022 ,ί
1478 1019 1503 1022 Α
1541 1010 1581 1022 Α
1614 1000 1871 1022 hum“

314 1000 629 1099 Romille
657 1022 1052 1096 Primogenitus,
1074 1031 1178 1071 non
1200 1009 1511 1083 dignitatem
1534 1010 1586 1057 et
1614 1000 1910 1056 honorem,-

314 1131 410 1189 sed
428 1084 636 1196 tempus
655 1084 861 1177 tantum
877 1105 1207 1183 exprimit.Si
1225 1116 1352 1172 ergo
1368 1092 1751 1169 primogenitus
1769 1084 1899 1139 nihil

316 1224 438 1295 plus
458 1175 621 1274 habet
640 1224 798 1284 quam
825 1219 924 1262 nos
988 1212 1147 1271 atque
1164 1196 1263 1251 hac
1287 1192 1494 1246 ratione
1505 1175 1907 1295 ‘primogepitus

317 1267 402 1371 ἔδει
427 1267 699 1370 omniurn,
721 1267 1191 1358 consubstaiilialis
1216 1286 1318 1343 erit
1345 1285 1481 1338 Deus
1505 1274 1737 1332 Verbum
1764 1267 1901 1367 lapi-

320 1406 497 1469 dibus,
526 1397 682 1470 lignis
702 1404 756 1450 et
773 1386 996 1458 reliquis
1020 1401 1034 1438 :
1068 1397 1189 1435 nam
1213 1378 1309 1441 ait,
1342 1357 1905 1439 l’rimogenilusomnis

319 1462 593 1552 creaturae:
619 1490 687 1545 At
712 1479 1098 1556 primogenitus
1119 1515 1133 1539 ,
1180 1469 1407 1540 inquies,
1437 1462 1611 1519 dictus
1638 1464 1749 1520 est;
1777 1465 1921 1520 ergo

323 1597 536 1646 creatus
560 1592 665 1639 est.
696 1550 840 1635 liene
877 1550 1121 1644 quidem,
1163 1565 1209 1619 si
1260 1575 1347 1615 res
1390 1557 1459 1611 ita
1491 1568 1551 1608 se
1579 1550 1821 1607 haberet,
1852 1550 1907 1596 et

328 1681 429 1736 nisi
459 1677 560 1731 alia
590 1670 781 1730 similia
810 1665 1067 1727 haberet,
1094 1647 1556 1724 ut,P'rimogeuitus
1586 1657 1649 1696 ea:
1670 1635 1905 1698 mortuis,

327 1727 888 1838 elrlgimogeuitusin
911 1752 1083 1808 ntultis
1107 1743 1346 1818 fratribus
1377 1736 1510 1810 (Col.
1536 1736 1587 1788 l.
1622 1730 1722 1830 18..
1751 1727 1904 1838 Rom.I

330 1814 945 1929 quaeso,
989 1814 1372 1914 primogenitus
1410 1845 1474 1885 ex
1533 1820 1757 1880 mortuis
1782 1814 1910 1886 quid

331 1949 635 2026 signiﬁcat?
656 1947 771 2002 Non
798 1939 940 2013 quod
987 1935 1190 2008 primus
1219 1922 1535 1987 resurrexit,
1571 1917 1718 1972 dices
1761 1930 1773 1965 :
1805 1923 1911 2026 nep

332 1998 473 2101 cutim
505 2040 639 2096 dixit
667 2032 981 2104 simpliciter
1004 2018 1355 2096 quorumdam
1386 2019 1741 2068 mortuorum,
1788 1998 1910 2063 sed,

337 2132 726 2204 Primogenitus
747 2141 816 2181 ex
857 2119 1081 2176 mortuis
1113 2133 1127 2169 :
1157 2123 1329 2181 neque
1352 2105 1487 2161 dixit
1534 2113 1655 2154 eum
1687 2093 1929 2167 primum»

335 2243 457 2283 eSse
490 2191 780 2278 niortnum,
808 2214 903 2269 sed
934 2203 1343 2281 primogenitum
1370 2191 1670 2251 surrexisse
1689 2201 1754 2242 ex
1775 2197 1920 2238 mor-

341 2320 465 2373 tuis.
496 2311 857 2383 Quamobrem
916 2300 1048 2357 nihil
1097 2294 1241 2350 aliud
1284 2286 1564 2359 signiﬁcat,
1606 2293 1764 2351 quam
1794 2287 1933 2330 eum-

344 2410 508 2464 i‘uisse
555 2401 818 2472 primitias
856 2384 1273 2450 resurrectionis
1297 2397 1329 2435 a
1360 2374 1605 2434 mortuis.
1638 2373 1775 2440 Ergo
1822 2380 1922 2420 nec

347 2462 434 2554 hic
457 2462 654 2565 aliquid
680 2489 951 2560 probatur.
975 2478 1176 2536 Deinde
1196 2471 1498 2544 aggreditur
1519 2462 1919 2565 ipsumdogma:

346 2593 477 2648 Nam
510 2603 578 2642 ne
607 2583 976 2639 existimarent
997 2586 1119 2627 eum
1161 2580 1281 2623 esse
1309 2560 1660 2619 recentiorem
1686 2569 1752 2609 eo
1781 2547 1935 2621 quod?

348 2675 721 2748 olim‘quidem
771 2667 1126 2724 adduceretur
1169 2673 1264 2728 per
1287 2652 1703 2723 angelos,nune
1749 2649 1939 2697 autem-

350 2787 446 2843 per
469 2737 676 2838 ipsum;
706 2756 940 2816 ostendit
968 2753 1205 2824 primum.
1226 2762 1320 2802 eos
1358 2741 1488 2797 nihil
1523 2737 1759 2810 potuisse
1783 2749 1799 2797 ;
1823 2745 1926 2785 non

351 2829 504 2917 enim'
535 2860 649 2927 ipse
691 2849 964 2907 eduxisset
1001 2859 1032 2898 e
1083 2838 1317 2897 tenebris
1350 2852 1362 2888 :
1393 2829 1681 2888 secundum
1715 2833 1927 2888 autem,

353 2952 494 3023 quod
524 2913 591 3004 sit
616 2954 737 3000 autc
783 2942 949 3012 ipsos.
998 2932 1149 3002 Quod
1177 2939 1357 2984 autem
1387 2925 1455 2978 sit
1479 2931 1603 2975 ante
1634 2919 1807 2987 ipsos,
1832 2913 1933 2965 hoc

353 3004 544 3115 prohat
588 3043 922 3109 argumento,
970 3025 1110 3098 quod
1141 3022 1240 3093 ipsi
1267 3036 1361 3090 per
1403 3030 1524 3071 eum
1579 3013 1688 3066 sint
1730 3004 1932 3063 creati:

357 3137 612 3204 Quoniam
639 3132 690 3185 in
712 3130 844 3200 ipso,
875 3121 1066 3193 inquit,
1088 3116 1294 3172 condita
1321 3118 1436 3166 sunt
1462 3106 1649 3161 omnia.

431 3226 628 3281 Paulus
646 3187 1242 3277 Sat'itosaten—usr-Quid
1258 3201 1537 3258 hicdicunt
1554 3193 1772 3250 assecla:
1788 3187 1945 3245 Pauli

357 3311 733 3377 Snnosateni?
767 3306 954 3365 Omnia
983 3304 1034 3358 in
1067 3302 1182 3370 ipso
1211 3296 1344 3351 facta
1374 3305 1495 3347 esse
1523 3305 1537 3341 :
1569 3286 1770 3341 dictum
1798 3279 1939 3337 enim

361 3411 479 3472 fuit,
496 3406 562 3461 In
587 3407 696 3475 ipso
721 3399 926 3455 condita
950 3401 1065 3449 sunt
1091 3388 1281 3444 omnia.
1305 3382 1410 3439 Sed
1431 3396 1549 3452 qua:
1577 3387 1703 3433 sunt
1725 3376 1783 3428 in
1797 3370 1943 3452 cadis

362 3513 414 3557 et
439 3514 558 3569 qme
584 3462 706 3550 sunt
726 3492 780 3545 in
806 3500 946 3544 terra
974 3484 1145 3554 primo
1172 3478 1325 3533 dixit.
1348 3475 1423 3529 De
1450 3486 1554 3543 quo
1580 3478 1693 3523 erat
1719 3462 1959 3534 qumstio-

493 3587 663 3657 primo
691 3580 859 3650 ponit.
893 3553 1094 3629 Deinde
1121 3566 1388 3636 subiungit
1407 3604 1423 3628 ,
1453 3560 1679 3615 Visibilia
1708 3566 1753 3612 et
1770 3553 1951 3608 invisi-

363 3644 510 3735 bilia:
544 3644 828 3731 invisibilia
859 3665 1094 3720 animam
1122 3660 1274 3724 dicit,
1300 3654 1548 3719 visibilia,
1571 3650 1757 3705 omnes
1778 3644 1950 3701 homi-

369 3785 487 3826 nes.
518 3767 584 3820 Et
619 3760 762 3832 quod
788 3759 839 3812 in
869 3753 1117 3809 confesso
1144 3756 1250 3814 est,
1281 3743 1565 3812 relinquit;
1602 3740 1748 3809 ponit
1773 3745 1957 3790 autem.

371 3825 424 3915 id
449 3857 517 3912 de
544 3825 654 3924 quo
672 3848 963 3905 dubitatur.
996 3841 1116 3897 Sive
1155 3835 1367 3899 Throni,
1400 3832 1593 3902 inquit,
1623 3831 1725 3883 sive
1772 3825 1949 3879 Domi-

374 3918 626 4013 natioites,
654 3943 757 3998 sive
787 3935 1138 4005 Principalus,
1182 3930 1284 3983 sive
1310 3925 1613 3980 Potcslates.
1647 3918 1797 3980 Illud,
1831 3918 1953 3980 sive,

375 4032 783 4109 comprehendit
811 4029 1141 4085 universum.
1174 4019 1403 4090 Spiritus
1431 4021 1607 4068 autem
1644 4023 1748 4063 non
1772 4021 1958 4061 nume~

375 4099 529 4188 ratur
575 4140 697 4184 eum
754 4117 1136 4180 l’otestatibns,
1196 4109 1291 4166 sed
1341 4122 1371 4161 a
1402 4104 1593 4173 majori
1643 4100 1708 4154 ad
1752 4099 1959 4154 minora

376 4216 705 4278 ostendendo
732 4209 1057 4285 proceditur.
1101 4203 1307 4264 Omnia,
1354 4199 1545 4266 inquit,
1581 4208 1669 4264 per
1697 4193 1886 4260 ipsum,
1914 4196 1960 4241 et

378 4318 432 4370 in
457 4315 567 4385 ipso
590 4281 756 4365 creato
775 4313 912 4359 sunt.
941 4300 1077 4356 Ecce
1103 4292 1251 4357 illud,
1279 4290 1343 4344 In
1369 4290 1501 4358 ipso,
1521 4292 1602 4338 est
1631 4296 1725 4352 per
1745 4281 1916 4350 ipsum
1945 4294 1961 4333 :

537 4414 659 4457 cum
686 4395 930 4457 dixisset,
957 4389 1025 4443 In
1055 4385 1188 4457 ipso,
1215 4377 1506 4450 subjunxit,
1539 4371 1639 4429 Per
1676 4373 1863 4442 ipsum.
1896 4367 1965 4421 ll.

385 4493 475 4550 Iud
497 4498 700 4554 autent,
724 4485 791 4540 In
817 4484 949 4554 ipso,
977 4476 1104 4550 quid
1126 4473 1244 4530 est?
1270 4470 1382 4525 lioe
1404 4475 1510 4533 est,
1541 4466 1594 4520 in
1618 4464 1789 4534 ipsum
1837 4474 1966 4531 pen-

385 4587 478 4642 det
500 4550 741 4638 omnium
764 4550 1085 4630 substantia.
1113 4565 1230 4621 Non
1257 4562 1431 4618 solum
1461 4559 1578 4628 ipse
1617 4570 1681 4612 ea
1705 4567 1771 4609 ex
1800 4550 1969 4607 nihilo

389 4668 459 4733 ad
489 4676 591 4731 hoc
614 4678 673 4727 ut
694 4671 878 4723 essent
906 4658 1151 4725 deduxit,
1202 4650 1300 4709 sed
1328 4652 1443 4722 ipse
1481 4660 1692 4719 quoque
1719 4657 1783 4700 ea
1830 4654 1974 4698 nunc

390 4770 668 4828 continet:
698 4759 1047 4834 quamobrem
1075 4752 1123 4809 si
1150 4756 1333 4807 essent
1367 4745 1571 4803 divulsa
1592 4743 1661 4798 ab
1702 4742 1819 4813 ejus
1844 4752 1974 4810 pron

393 4861 649 4925 videntis,
678 4828 1026 4912 interiissent.
1055 4844 1165 4903 Sed
1205 4856 1310 4898 non
1352 4839 1508 4905 dixit,
1534 4835 1804 4897 Continet,
1833 4828 1976 4903 quod

394 4922 788 5013 eraterassius;
806 4943 900 5001 sed
917 4938 1060 5013 quod
1085 4946 1169 4996 est
1195 4933 1462 4999 subtilius,
1480 4929 1535 4984 in
1560 4929 1732 4999 ipsum
1758 4922 1974 4996 pendet.

398 5047 585 5104 Solum
614 5041 681 5098 ad
708 5053 832 5097 eum
871 5046 1111 5092 annuere
1138 5037 1195 5086 et
1234 5024 1503 5091 inclinari,
1533 5019 1732 5077 sufﬁcit
1751 5016 1817 5070 ad
1844 5028 1977 5069 con-

400 5138 677 5196 tinendum
700 5144 756 5191 et
795 5122 1289 5196 constringendam.
1318 5119 1411 5174 Sic
1437 5116 1621 5180 etiam,
1659 5107 1978 5180 Primogeni-

403 5242 504 5298 tus,
532 5239 801 5298 tamquam
837 5220 1240 5278 fundamentum
1278 5210 1497 5268 dicitur.
1525 5206 1640 5262 Hoc
1667 5213 1845 5259 autem
1876 5216 1982 5256 non

403 5293 675 5393 signiﬁcat
702 5322 975 5372 creaturas
1017 5324 1140 5366 esse
1177 5303 1418 5376 ejusdem
1472 5298 1743 5362 essentim,
1788 5294 1885 5351 sed
1930 5293 1983 5348 in

405 5389 522 5485 ipso
555 5425 677 5469 esse
702 5407 884 5464 omnia
906 5445 923 5472 ,
976 5411 1032 5459 et
1059 5416 1157 5472 per
1193 5401 1389 5469 ipsum.
1424 5393 1554 5449 Nam
1586 5389 1714 5445 alibi
1741 5400 1986 5458 quoque,

406 5476 617 5575 quando
640 5501 803 5564 dicit,
833 5495 1249 5551 Fundamentum
1275 5487 1423 5558 posui
1464 5484 1551 5554 (l.
1603 5482 1723 5535 Cor.
1764 5480 1819 5533 5.
1851 5476 1988 5547 10),

409 5569 516 5647 non
562 5592 691 5647 dicit
718 5590 787 5646 de
812 5586 1070 5649 essentia,
1104 5579 1200 5635 sed
1249 5578 1317 5632 de
1359 5574 1691 5646 operatione.
1740 5569 1872 5624 Nam
1926 5580 1993 5621 ne

413 5679 684 5733 existimes
710 5679 882 5745 ipsum
912 5687 1035 5729 esse
1056 5668 1382 5728 ministrum,
1413 5663 1546 5719 dicit
1570 5663 1742 5731 ipsum
1771 5673 1835 5714 ea
1864 5671 1993 5712 con-

415 5768 617 5834 tinere,
653 5764 793 5833 quod
819 5778 924 5818 non
951 5769 1035 5816 est
1053 5759 1228 5813 minus
1247 5769 1404 5827 quam
1428 5752 1637 5808 iecisse.
1662 5748 1992 5815 Quamquam

988 357 1044 413 s;
1085 344 1360 410 manuts
1394 328 1872 399 CllBYSOSTUMl
1911 323 2226 382 AKCHIFP.
2266 310 2805 382 CONSTANTINOP.‘

2003 439 2055 494 in
2086 436 2239 494 nobis
2267 446 2349 494 est
2378 440 2538 494 etiam
2570 437 2742 509 majus
2774 455 2789 492 :
2816 451 2941 492 nam
2980 435 3111 492 illud
3135 434 3353 507 quidem
3379 451 3467 491 ars
3496 438 3584 492 in-

2000 531 2183 596 ducit,
2232 530 2335 587 boc
2374 542 2503 587 vero
2532 543 2901 600 nequaquam;
2946 541 3123 599 neque
3157 529 3303 583 enim
3345 527 3609 586 continet-

2002 622 2143 693 qnod
2172 622 2373 680 interit.
2408 621 2474 676 Et
2502 622 2616 688 ipse
2634 630 2707 675 est
2735 628 2852 674 ante
2893 633 3086 684 omnes,
3143 618 3332 690 inquit.
3367 618 3479 674 Hoc
3502 630 3588 676 est

2005 713 2115 768 Deo
2163 713 2506 769 conveniens.
2532 711 2634 769 Ubi
2681 716 2765 767 est
2809 711 3006 766 Paulus
3045 709 3468 766 Samosatenus?
3522 710 3607 765 Et“

2007 806 2179 859 ontnia
2212 805 2266 858 in
2291 806 2402 875 ipso
2427 813 2661 858 constant
2689 819 2708 857 :
2733 802 2836 857 hoc
2864 813 2970 867 est,
2999 801 3059 856 in
3092 802 3264 872 ipsum
3296 808 3422 856 sunt
3445 815 3580 856 con-

2007 896 2137 951 dita.
2168 895 2393 950 Assidue
2417 894 2605 950 eadem
2634 902 2830 960 versat,
2854 893 3142 949 verborum
3163 893 3594 957 continuatione,

2011 996 2280 1056 tamquam
2335 986 2542 1041 crebris
2594 983 2910 1055 quibusdam
2954 986 3168 1050 ictibus,
3226 985 3589 1055 [terniciosum

2010 1079 2202 1149 dogma
2227 1087 2474 1134 evertens
2505 1077 2780 1133 radicitus.
2810 1075 2942 1130 Nam
2971 1076 3015 1130 si
3044 1085 3098 1130 et
3121 1085 3225 1130 tam
3257 1074 3421 1129 multa
3449 1075 3613 1131 dicta

2010 1180 2156 1238 sunt,
2187 1178 2242 1224 et
2283 1176 2404 1239 post
2435 1175 2639 1222 tantum
2667 1176 2876 1237 tempus
2905 1174 3123 1222 exortus
3152 1163 3461 1221 est-Paulus
3489 1164 3591 1220 Sa-

2012 1270 2371 1327 rnosatenus:
2403 1270 2604 1331 quanto
2636 1260 2822 1329 ntagis,
2852 1258 3043 1315 silice
3072 1271 3176 1313 non
3208 1255 3430 1312 fuissent
3458 1271 3617 1326 puer

2012 1353 2199 1408 dicta?
2242 1350 2311 1407 Et
2366 1352 2558 1417 omnia,
2613 1350 2804 1420 inquit,
2833 1349 2897 1404 in.
2926 1359 2988 1404 eo
3028 1357 3279 1402 constant.
3313 1345 3599 1415 Quomodo

2014 1454 2260 1501 constant
2291 1446 2343 1499 in
2371 1460 2436 1501 eo
2474 1446 2564 1515 qui
2594 1459 2701 1499 non
2731 1446 2849 1501 est?
2892 1442 3251 1512 Quamobrem
3275 1451 3331 1499 et
3355 1454 3472 1513 qua:
3502 1456 3614 1512 pet"-

2016 1536 2237 1607 angelos
2259 1535 2411 1601 ﬁunt,
2438 1536 2554 1606 ejus
2572 1543 2718 1592 sunt.
2749 1534 2817 1590 Et
2841 1537 2950 1608 ipse
2973 1545 3045 1591 est
3068 1534 3474 1607 caputeormiis
3501 1534 3599 1588 Ec-

2015 1629 2217 1682 clesia’-
2243 1628 2530 1697 Postquam
2555 1627 2765 1684 dixerat
2788 1628 2856 1684 de
2880 1629 3159 1699 dignitate,
3185 1627 3439 1697 deinceps
3467 1626 3621 1682 dicit?

2018 1719 2087 1776 de
2117 1719 2478 1790 benignitate:
2503 1718 2629 1790 Ipse
2652 1729 2743 1787 est,
2772 1721 2962 1790 inquit,
2991 1729 3144 1791 caput
3164 1720 3394 1788 corporis
3421 1716 3598 1772 Eccle-

2019 1812 2128 1866 siae.
2180 1809 2296 1865 Non
2326 1810 2467 1864 dixit
2492 1820 2691 1878 autem,
2752 1810 3138 1878 Plenitudinis,
3192 1810 3334 1866 idem
3384 1809 3624 1881 quidems

2020 1900 2467 1971 signiﬁcans,.sed
2492 1901 2679 1956 volens
2702 1900 3132 1957 ostendere'eum
3163 1901 3315 1955 nobis
3338 1914 3458 1956 esse
3480 1913 3605 1953 enn-

2019 1991 2340 2062 junctio‘rem
2366 2032 2398 2057 ,Α
2426 1991 2567 2061 quod
2615 1992 2705 2062 qui
2743 2001 2797 2046 et
2825 1992 2909 2047 sic
2943 2001 3025 2047 est
3067 2006 3227 2061 supra
3274 1992 3615 2060 et‘snpcrior-

2025 2082 2298 2149 omnibus,
2331 2083 2394 2137 iis
2417 2097 2477 2138 se
2496 2083 2775 2153 conjunxit
2798 2084 2888 2153 qui
2927 2091 3050 2140 sunt
3080 2082 3212 2137 inira
3243 2084 3440 2137 omnia.
3474 2081 3605 2137 Ubi-

2027 2190 2132 2245 que
2179 2175 2321 2229 enim
2367 2174 2571 2244 primus
2625 2182 2710 2230 est
2741 2192 2755 2229 :
2788 2190 2963 2244 supra
2993 2174 3235 2244 primus,
3273 2175 3325 2228 in
3367 2170 3633 2228 Ecclesia:

2030 2264 2268 2335 primus;
2301 2273 2384 2319 est
2424 2266 2566 2319 enim
2602 2271 2795 2335 caput;
2848 2265 2901 2320 in
2943 2266 3338 2321 resurrectione
3379 2265 3628 2335 primus.-

2030 2354 2302 2410 lloc'cnim
2332 2354 2433 2411 sibi
2465 2355 2581 2410 ruit
2604 2355 2757 2423 illud,
2783 2355 2948 2412 Ursis
2977 2357 3087 2426 ipse
3111 2357 3325 2427 primus.

2102 2448 2155 2502 5.
2186 2447 2543 2515 Quamobrem
2574 2448 2626 2501 in
2663 2447 3006 2517 generatione
3034 2462 3246 2518 quoque
3275 2457 3358 2503 est
3386 2449 3607 2518 primus.

2034 2538 2233 2594 Et—hoe
2271 2546 2353 2593 est
2381 2537 2524 2608 quod
2579 2538 2774 2593 Paulus
2819 2537 3050 2593 maxime
3078 2538 3257 2593 studet
3305 2539 3608 2595 ostendere.

2036 2631 2168 2685 Nam
2211 2632 2253 2684 si
2286 2631 2388 2685 hoc
2416 2631 2570 2685 hierit
2595 2630 2895 2700 probatum,
2925 2630 3079 2701 quod
3105 2638 3249 2686 esset
3277 2639 3403 2687 ante
3428 2644 3613 2687 omnes

2037 2723 2289 2794 angelos;
2317 2722 2690 2793 iliudvquoque
2715 2721 2870 2777 simul
2892 2722 3137 2789 infertur,
3170 2738 3290 2793 qua:
3314 2732 3470 2779 erant
3502 2722 3617 2777 illo-

2042 2831 2161 2870 rum
2198 2829 2362 2884 Opora
2393 2815 2564 2884 ipsum
2605 2815 2797 2870 fecisse
2826 2817 3198 2885 imperantem.
3232 2814 3296 2870 Et
3347 2816 3488 2887 quod
3538 2825 3637 2871 est’

2041 2905 2374 2969 adnuit-abiis,
2405 2906 2456 2960 in
2482 2906 2760 2975 posteriori
2784 2906 3133 2977 generatione
3151 2906 3428 2961 contendit
3448 2907 3622 2977 ipsum

2046 2999 2274 3066 primum
2326 2998 2631 3054 ostendere.
2672 3001 3001 3069 Quamquam
3047 2998 3173 3053 alibi
3214 3000 3440 3068 primum
3496 2999 3643 3055 dicit;

2047 3086 2237 3152 Adam,
2269 3087 2413 3143 sicut-
2444 3097 2526 3143 est
2550 3104 2610 3144 re
2636 3104 2802 3155 veraq.
2822 3089 2915 3144 sed
2941 3089 3150 3159 accepit
3189 3088 3485 3145 Ecclesium
3529 3106 3647 3161 pro~

2049 3181 2299 3236 universo
2348 3195 2550 3249 genere
2581 3179 2875 3235 hominum.
2922 3180 3016 3236 Est
3061 3181 3203 3236 enim
3234 3180 3489 3238 Ecclesia!
3513 3184 3627 3255 pri-

2049 3288 2202 3339 mus;
2234 3283 2291 3328 et
2337 3272 2611 3328 hominum
2643 3273 2853 3343 quidem
2881 3278 3152 3343 tamquam
3197 3274 3485 3328 creationis
3515 3274 3628 3343 pri-

2050 3381 2170 3423 mus
2194 3377 2277 3422 est
2306 3366 2595 3421 secundum
2626 3381 2842 3422 carnem
2873 3382 2888 3420 :
2918 3375 2970 3421 et
3020 3375 3295 3435 propterea
3346 3363 3431 3418 hie
3479 3365 3644 3432 ponit

2055 3460 2487 3529 primogenitum.
2536 3456 2672 3524 Quid
2721 3464 2804 3511 est
2830 3455 2918 3511 hie
2946 3454 3359 3526 primogenitus?
3383 3452 3486 3519 Qui
3514 3453 3625 3523 pri-

2054 3559 2278 3608 mus‘cst
2298 3559 2529 3615 creatus,
2554 3558 2646 3604 aut
2669 3548 2759 3619 qui
2788 3547 3075 3612 resurrexit
3096 3555 3216 3601 ante
3240 3558 3462 3611 omnes;
3494 3545 3653 3600 sieuv

2056 3655 2112 3700 et
2155 3645 2296 3709 illic,
2347 3643 2445 3712 Qui
2485 3651 2569 3697 est
2610 3651 2737 3698 ante
2770 3657 2979 3697 onmes.
3010 3641 3077 3696 Et
3100 3639 3187 3695 hic
3214 3639 3429 3711 quidem
3459 3639 3635 3709 posuit

2060 3738 2341 3809 primitias,
2375 3735 2557 3791 dicens
2584 3737 2599 3768 ί
2634 3752 2647 3789 :
2681 3735 2781 3801 Qui
2808 3742 2880 3788 est
2920 3732 3247 3803 principium,
3281 3731 3654 3802 primogenita:-

2061 3846 2123 3885 cx
2147 3830 2379 3894 mortuis,
2411 3841 2465 3882 ut
2505 3828 2569 3883 sit
2598 3827 2651 3882 in
2698 3826 2927 3881 omnibus
2956 3824 3066 3894 ipse
3107 3824 3385 3894 primatum
3432 3832 3639 3885 tenens;

2062 3924 2352 3980 ostemlens
2379 3921 2519 3992 quod
2547 3921 2635 3975 alii
2665 3933 2876 3990 quoque
2901 3924 3033 3973 sunt
3071 3913 3334 3985 ejusmodi
3365 3931 3378 3967 :
3415 3914 3521 3969 illic
3550 3928 3643 3967 au-

2065 4027 2170 4073 tem
2195 4031 2301 4072 non
2330 4023 2413 4070 est
2439 4012 2685 4084 primitiae
2713 4018 2995 4066 creaturae.
3024 4006 3095 4062 Et
3144 4006 3254 4061 illic
3291 4004 3505 4077 quidem
3529 4013 3659 4070 est,

2065 4108 2248 4181 Imago
2280 4109 2372 4162 Dei
2397 4106 2682 4171 invisibilis,
2707 4114 2762 4160 et
2787 4111 2932 4170 tunc,
2960 4101 3360 4171 Primogenitus.
3393 4099 3481 4155 l9.
3515 4098 3644 4165 Quia

2066 4203 2119 4257 in
2142 4203 2251 4273 ipso
2272 4198 2579 4269 complacuit
2607 4211 2804 4250 omnem
2853 4193 3218 4266 plenitudinem
3259 4191 3505 4256 habitare,
3550 4189 3640 4242 20.

2068 4304 2114 4348 et
2143 4309 2232 4363 per
2256 4306 2368 4346 eum
2406 4287 2733 4343 reconciliare
2769 4286 2937 4340 omnia
2979 4285 3032 4338 in
3084 4285 3228 4355 ipso;
3257 4281 3532 4353 pacificans
3560 4293 3661 4350 per

2071 4386 2368 4455 sanguinem
2399 4382 2560 4437 crucis
2593 4380 2724 4452 ejus,
2751 4379 2853 4433 sive
2869 4392 2981 4449 quia
3014 4376 3067 4430 in
3102 4375 3269 4441 terris,
3311 4374 3413 4429 sive
3458 4387 3572 4443 quia
3599 4373 3651 4426 in

2073 4479 2209 4534 etatis
2235 4485 2370 4532 sunt.
2400 4474 2780 4543 Qumeumque,
2806 4468 2995 4540 inquit,
3026 4474 3153 4521 sunt
3175 4464 3379 4533 Patris,
3411 4478 3475 4518 ea
3517 4476 3651 4533 quo-

2074 4587 2181 4642 que
2207 4577 2333 4624 sunt
2383 4565 2525 4630 Filii,
2576 4563 2734 4634 idque
2777 4560 2965 4631 majori
2991 4551 3191 4625 studio,
3219 4555 3362 4626 quod
3401 4562 3457 4610 et
3501 4552 3657 4608 fuerit

2077 4671 2357 4727 mortuus,
2414 4667 2469 4713 et
2514 4655 2669 4711 nobis
2698 4653 2931 4722 scipsum
2979 4646 3339 4719 coniunxerit.
3388 4642 3667 4700 Primitias

2080 4764 2258 4810 autem
2287 4751 2424 4807 dixit
2448 4757 2717 4818 tamquam
2744 4743 2813 4799 de
2858 4742 3030 4797 fructu
3075 4739 3276 4808 aliquo.
3327 4734 3447 4791 Non
3485 4732 3655 4798 dixit,

2081 4842 2459 4907 Resurrectio,
2515 4838 2647 4905 sed,
2703 4834 2992 4897 Primitiae;
3048 4826 3341 4885 ostendens
3385 4823 3532 4895 quod
3562 4835 3673 4876 nos-

2084 4953 2272 4995 omnes
2292 4930 2652 4996 sonetiiicarit,
2675 4938 2730 4985 et
2756 4936 3026 4995 tamquam
3044 4918 3362 4976 sacriﬁcium
3389 4913 3661 4972 obtulerit.

2088 5029 2477 5091 Plenitudinem
2504 5025 2572 5080 de
2591 5020 2868 5078 divinitate
2894 5017 3050 5080 dixit,
3077 5014 3217 5069 sicut
3242 5009 3457 5066 dicebat
3501 5007 3661 5063 Joan-

2087 5142 2220 5184 nes:
2248 5124 2328 5179 De
2372 5116 2682 5197 plenitudine
2708 5114 2818 5183 ejus
2839 5127 2930 5165 nos
2954 5123 3125 5164 omnes
3153 5102 3438 5172 accepimus
3475 5096 3664 5168 (Joan.

2091 5222 2146 5278 ι.
2179 5218 2244 5275 l6
2266 5217 2307 5289 ).
2337 5187 2451 5271 nec
2484 5219 2587 5278 est,
2612 5208 2737 5264 Sive
2764 5205 2933 5263 Filius
2954 5208 3091 5267 erat,
3113 5199 3225 5254 sive
3254 5193 3512 5259 Verbum,
3560 5187 3668 5243 illic

2093 5359 2123 5379 ’
2159 5379 2175 5410 ¹
2200 5374 2293 5425 llic
2313 5373 2453 5422 locus
2483 5369 2552 5417 sic
2573 5365 2785 5415 habetur
2807 5356 3008 5425 in__(_1_olb.
3031 5352 3144 5425 999,
3160 5362 3288 5425 nunc
3300 5346 3669 5425 79...:

2096 5409 2221 5491 4...:
2229 5409 2756 5491 ἓιῖτᾷἓιῖῐξρἓάξῆἑιῖέᾱ
2773 5427 2819 5471 αι
2834 5418 2943 5491 gae
2962 5422 3009 5466 ει
3036 5409 3673 5491 θίςζξεέσὲἱ

2096 5462 2547 5552 fﬁciﬂﬁf'biiﬁ
2560 5462 2817 5539 ’ἓδῖὖᾶἧῖ
2834 5462 3665 5552 Ῑίῖωὸέέρἱιωλαὲωεῃςὶἱξὲἓέ

2100 5529 2287 5611 ἳῗοῗῖῖῖ
2303 5529 2409 5619 ὗιτδο
2421 5529 2634 5619 ῗίῖὲηἶξ
2648 5529 2844 5619 Ean;
2853 5529 3677 5619 ξειεειῐιιέίέτζὲοίέέιὲιηιῗέξπέἳίέῖἓὲἶ

2101 5590 2185 5675 ζἰυὲ
2200 5590 2837 5675 έῖιῗιόῗῖιῆέ,”ξᾶέρῖοξόἶιίὶ
2853 5590 2967 5652 ante
2989 5590 3503 5675 quaesiuit-rexit}:
3516 5590 3678 5675 et

2101 5647 2179 5736 ἷῖῗ
2195 5647 2510 5739 ὗῦἑῒὸἧῖἱῗ
2535 5647 2731 5731 δἰἱίνὲξί
2751 5647 3063 5718 alaeam
3080 5690 3096 5718 ,
3140 5655 3211 5709 sic
3244 5652 3391 5705 etiam
3421 5647 3503 5701 hic
3523 5647 3677 5708 ponat

2102 5736 2337 5811 primitias
2362 5736 2544 5797 dicens,
2571 5742 2663 5785 etc.
