4026 6148
339 347 448 410 εισ

330 468 682 538 πρωτότοκον
710 466 990 535 λέγεσθαι,
1034 464 1282 518 ἐκτίσθαι
1308 464 1471 519 αὐτὸν
1498 464 1627 535 φὴς,
1658 463 1712 517 τί
1740 461 1922 532 εἴπῃς.

332 551 487 626 [5M]
513 553 644 606 ὅταν
671 551 899 620 ἀδελφὺν
943 548 1106 604 αὐτὸν
1132 548 1403 620 ἀκούσητε
1440 548 1773 618 λεγόμενον;
1817 544 1926 598 Kal

332 636 445 707 7&9
471 635 702 704 ἀδελφὺν
731 633 900 686 αὐτὸν
938 631 1095 685 καλεῖ
1117 632 1151 702 ὴ
1178 631 1368 701 Γραφὴ
1407 630 1550 684 κατά
1583 629 1759 707 πάντα
1794 628 1925 697 ἡμῖν

332 705 690 788 ὁμοιωθέντα.
724 712 871 785 Ἆρα
915 708 1009 768 οὖν
1059 713 1148 767 διὰ
1182 713 1343 766 τοῦτο
1391 713 1485 765 καὶ
1512 711 1573 764 τὸ
1599 705 1738 764 εἶναι
1763 709 1925 762 αὐτὸν

331 799 663 869 δημιουργὸν
706 797 1114 866 άφαιρήσομεν,
1162 796 1259 848 καὶ
1304 793 1427 848 οὒτε
1468 792 1766 863 ἀξιώματι,
1801 790 1923 844 οὕτε

333 882 479 952 ἄλλῳ
492 882 598 935 τινὶ
621 879 872 951 προέχειν
892 878 1052 948 ἡμῶν
1073 876 1380 947 ἀξιώσομεν
1403 892 1419 942 ;
1448 877 1544 930 καὶ
1559 876 1641 938 τίς
1674 873 1745 928 ἀν
1765 872 1928 927 τοῦτο

332 963 444 1016 τῶν
473 963 593 1017 νοῦν
621 961 857 1032 ἐχόντων
882 960 1063 1025 εἰποις
1108 960 1183 1013 Τὸ
1222 959 1332 1029 7&9
1359 958 1761 1027 Πρωτότοκος,
1803 956 1926 1026 οὐχὶ

331 1046 486 1110 ἀξίας
523 1044 618 1098 καὶ
654 1044 841 1115 τιμῆς,
890 1042 1028 1097 ἀλλά
1062 1041 1256 1113 χρόνου
1312 1042 1472 1111 μόνον
1512 1041 1629 1093 ἐστί
1658 1056 1925 1110 σημαντι-

331 1128 445 1181 κόν.
487 1125 591 1180 Ἂν
631 1126 813 1181 τοίνυν
846 1125 1009 1180 πλέον
1048 1124 1211 1196 ἡμῶν
1246 1124 1402 1178 οὐδὲν
1435 1124 1557 1196 ἔχῃ.
1597 1123 1739 1193 τάχα
1780 1120 1925 1176 κατά

330 1209 519 1265 τοῦτον
590 1208 683 1262 τὸν
745 1207 909 1277 λόγον
972 1207 1193 1262 πάντων
1233 1207 1353 1260 ἐστὶ
1407 1205 1753 1276 πρωτότοκος
1773 1245 1788 1270 ,
1832 1203 1924 1257 καὶ

331 1292 617 1365 δμοσύσιος
649 1291 803 1344 ἐσται
844 1291 874 1343 6
912 1289 1048 1353 θεὸς
1087 1289 1261 1358 Λόγος
1300 1288 1399 1342 καὶ
1440 1285 1605 1341 λίθων
1630 1287 1726 1341 καὶ
1753 1286 1929 1352 ξύλων

334 1374 565 1429 καὶτῶν
594 1373 802 1427 λοιπῶν
822 1386 839 1402 '
878 1373 1257 1441 Πρωτότοκος
1303 1371 1411 1442 7&9
1431 1410 1451 1438 ,
1500 1370 1634 1440 φησὶ
1654 1410 1671 1434 ,
1719 1366 1923 1436 πάσης

333 1459 609 1524 κτίσεως.
639 1456 802 1510 Ἀλλά
846 1456 1188 1527 πρωτότοκος
1218 1455 1455 1525 εἴρηται,
1499 1451 1695 1524 φησίν⁶
1727 1450 1923 1505 οὐκοῦν

333 1540 607 1595 ἔκτισται.
644 1538 862 1603 Καλῶς,
901 1538 998 1593 ἐὰν
1021 1537 1184 1592 τοῦτο
1223 1532 1282 1611 ᾖ,
1320 1535 1413 1590 καὶ
1461 1534 1536 1606 μὴ
1574 1533 1780 1603 ἀδελφά
1804 1550 1924 1587 τινα

334 1622 438 1694 ἔχῃ
459 1623 553 1676 καὶ
568 1621 724 1687 ἀλλα,
759 1615 870 1675 οἷον
893 1620 977 1686 τὸ,
1010 1620 1393 1688 Πρωτότοκος
1408 1618 1476 1672 ἐκ
1495 1616 1743 1686 νεκρῶν,
1766 1630 1921 1684 πρω-

334 1706 581 1770 τότοκος
613 1705 685 1760 ἐν
711 1703 969 1771 πολλοῖς
994 1703 1304 1773 ἀδελφοῖς.
1348 1702 1444 1767 Τὸ,
1485 1701 1829 1773 πρωτότοκος
1858 1702 1924 1754 ἐκ

332 1787 445 1843 τῶν
475 1787 705 1860 νεκρῶν,
733 1786 877 1850 τίνος
916 1786 1035 1840 ἐστὶ
1054 1785 1376 1857 δηλωτικὸν,
1412 1784 1535 1837 εἰπέ
1567 1801 1691 1854 μοις
1722 1783 1797 1837 Οὐ
1815 1782 1922 1855 γὰρ

331 1871 451 1938 τοῦ,
483 1871 565 1925 δτι
594 1869 812 1942 πρῶτος
848 1869 1068 1940 ἀνέστη,
1096 1870 1242 1940 ἐρεῖς
1261 1885 1276 1900 ·
1301 1868 1362 1922 οὐ
1399 1867 1506 1938 7&9
1551 1863 1705 1919 εἶπεν
1736 1865 1924 1930 ἁπλῶς

333 1951 565 2025 νεκρῶν,
601 1951 739 2006 ἀλλά
788 1951 1133 2023 πρωτότοκος
1163 1953 1228 2005 ἐκ
1256 1949 1366 2006 τῶν
1403 1947 1614 2021 νεκρῶν
1639 1964 1651 1979 ’
1686 1948 1808 2002 ούδέ
1842 1947 1924 2001 ὅτι

334 2034 577 2088 ἀπέθανε
595 2033 836 2105 πρῶτος,
877 2033 993 2086 ἀλλ’
1022 2034 1107 2087 ὅτι
1132 2031 1478 2105 πρωτότοκος
1504 2032 1568 2084 ἐκ
1590 2029 1698 2083 τῶν
1715 2029 1926 2101 νεκρῶν

335 2116 562 2188 ἀνέστη.
601 2117 766 2169 Ὥστε
805 2116 957 2170 οὐδὲν
1005 2115 1193 2187 ἕτερον
1240 2115 1409 2186 δηλοῖ,
1442 2114 1476 2187 ἢ
1511 2113 1690 2177 τοῦτο,
1721 2114 1804 2166 ὅτι
1826 2112 1927 2183 τῆς

337 2199 689 2261 ἀναστάσεως
716 2199 944 2271 ἀπαρχὴ
980 2198 1223 2267 γέγονεν.
1269 2197 1479 2251 Οὐκοῦν
1513 2197 1635 2250 οὐδὲ
1668 2197 1924 2251 ἐνταῦθα.

338 2278 477 2335 Eho.
489 2280 672 2334 λοιπὸν
705 2279 954 2351 ἐμϐαίνει
975 2282 1055 2344 εἰς
1070 2280 1132 2333 τὸ
1159 2278 1336 2350 δόγμα
1386 2278 1539 2333 αὐτό.
1571 2278 1693 2333 ἰνα
1714 2278 1827 2349 7&9
1850 2278 1925 2349 μὴ

337 2363 607 2430 νομίσωσι
653 2362 920 2435 νεώτερον
946 2363 1110 2417 αὐτὸν
1134 2358 1294 2428 εἶναι,
1333 2362 1422 2416 διὰ
1451 2362 1513 2415 τὺ
1538 2362 1704 2417 πάλαι
1737 2362 1837 2432 μὲν
1860 2361 1925 2414 δι’

335 2445 591 2515 ἀγγέλων
633 2445 1030 2515 προσάγεσθαι,
1082 2443 1177 2499 νῦν
1218 2445 1277 2499 δὲ
1326 2445 1394 2498 δι’
1445 2444 1634 2509 αὐτοῦ,
1686 2445 1927 2499 δείκνυσι

335 2528 595 2601 πρῶτον,
639 2528 723 2581 ὃτι
761 2527 912 2581 οὐδὲν
951 2527 1181 2599 ἴσχυσαν
1222 2529 1454 2581 ἐκεῖνον
1495 2527 1558 2580 οὐ
1592 2526 1703 2597 γάρ
1731 2526 1798 2580 ἂν
1819 2525 1927 2579 ἀπὸ

334 2611 567 2676 σκότους
600 2604 756 2674 οὗτος
795 2610 972 2679 ἤγαγε
997 2626 1011 2640 ·
1038 2608 1311 2680 δεύτερον,
1341 2610 1424 2663 ὅτι
1470 2609 1563 2662 καὶ
1597 2607 1706 2679 πρὸ
1746 2607 1926 2663 αὐτῶν

331 2695 474 2748 ἐστι.
508 2694 620 2748 Kal
648 2695 876 2763 σημεῖον
906 2694 1140 2746 ποιεῖται
1177 2691 1273 2745 τοῦ
1327 2692 1432 2763 πρὸ
1452 2691 1633 2746 αὐτῶν
1671 2686 1834 2755 εἶναι,
1863 2691 1925 2745 τὸ

328 2778 401 2832 δι’
443 2776 611 2832 αὑτοῦ
635 2776 837 2839 αὐτοὺς
894 2774 1177 2829 ἐκτίσθαιο
1229 2776 1349 2828 Ὅτι
1389 2775 1460 2829 έν
1496 2774 1660 2840 αὐτῷ
1681 2814 1697 2842 ,
1734 2774 1919 2846 φησὶν,

329 2861 584 2928 ἐκτίσθη
607 2858 681 2913 τὰ
704 2858 925 2912 πάντα.

407 2943 475 2995 Τί
491 2943 738 3010 λέγουσιν
758 2940 991 2994 ἐνταῦθα
1020 2941 1070 2993 οἰ
1098 2939 1167 2993 τὰ
1191 2938 1401 2993 Παύλου
1420 2938 1517 2993 τοῦ
1561 2938 1925 3010 Σαμοσατέως

335 3023 699 3095 φρονοῦντεςς
743 3024 867 3077 ’Ότι
896 3023 963 3077 τά
983 3023 1163 3091 πάντα
1209 3024 1266 3075 ἐν
1310 3021 1458 3093 αύτῷ
1499 3023 1743 3090 γέγονεν.
1790 3022 1920 3076 Ἰδοὺ

332 3105 458 3176 7&9
482 3105 727 3176 εἴρηται,
780 3105 908 3161 Ὅτι
948 3104 1020 3158 ἐν
1061 3103 1223 3170 αὐτῷ
1281 3105 1526 3172 ἐκτίσθη
1587 3104 1659 3158 τὰ
1700 3102 1920 3159 πάντα.

345 3188 517 3241 Ἀλλά
539 3188 609 3242 τὰ
628 3190 687 3242 ἐν
705 3189 815 3251 τοῖς
843 3189 1111 3258 οὐρανοῖς,
1142 3187 1240 3241 καὶ
1266 3186 1336 3240 τά
1361 3188 1455 3240 ἐπὶ
1481 3189 1581 3259 τῆς
1611 3186 1715 3257 γῆς
1743 3182 1918 3241 εἶπεν.

329 3271 521 3342 Ὅπερ
541 3269 1059 3342 ἀμφισϐητούμενον
1094 3265 1184 3341 ἦν,
1230 3269 1447 3340 πρῶτον
1495 3268 1759 3323 τέθεικεν.
1785 3263 1922 3323 Εἶτα

323 3355 556 3424 ἐπάγει,
588 3353 664 3408 Τὰ
688 3354 870 3422 ὁρατὰ
885 3354 1077 3407 καὶτὰ
1107 3355 1356 3422 ἀόρατα,
1389 3353 1598 3424 ἀόρατα
1619 3353 1718 3425 τὴν
1742 3353 1920 3425 ψυχὴν

321 3436 531 3506 λέγων,
573 3436 744 3509 ὁρατά
784 3437 993 3499 πάντας
1030 3434 1373 3506 ἀνθρώπους.
1419 3435 1530 3489 Καὶ
1565 3435 1626 3489 τὸ
1667 3436 1765 3508 μὲν
1790 3438 1921 3505 ὁμο-

321 3518 662 3590 λογούμενον
693 3518 917 3589 ἀφίησι,
960 3517 1022 3571 τὸ
1069 3518 1127 3571 δέ
1159 3516 1637 3589 άμφιϐαλλόμενον
1684 3518 1915 3589 τίθησιν.

322 3598 477 3657 Εἶτά
524 3618 724 3671 φησιν,
762 3602 899 3655 Εἴτε
943 3601 1171 3669 θρόνοι,
1227 3600 1349 3654 εἴτε
1372 3601 1736 3668 κυριότητες,
1797 3602 1919 3655 εἶτε

324 3684 543 3754 ἁρχαὶ,
576 3674 695 3737 εῑτέ
721 3683 1015 3748 ἐξουσίαι.
1066 3684 1173 3750 Τὸ,
1207 3683 1365 3750 Ehe,
1401 3682 1498 3736 τοῦ
1534 3686 1918 3755 παντὸςπερι-

321 3766 607 3837 ληπτικόν
636 3768 771 3819 ἐστι.
812 3766 886 3819 T6
909 3766 967 3820 δὲ
1001 3766 1224 3837 Πνεῦμα
1255 3767 1317 3819 οὐ
1361 3766 1627 3837 μετὰτῶν
1657 3766 1916 3831 ἐξουσιῶν

315 3848 726 3923 ἀριθμοῦντος,
771 3848 907 3902 ἀλλὰ
928 3848 1036 3902 ἀπὸ
1063 3848 1170 3901 τῶν
1200 3849 1459 3919 μειζόνων
1484 3849 1578 3903 καὶ
1614 3849 1683 3903 τὰ
1711 3850 1916 3905 ἐλάττω

311 3935 648 3997 δεικνύντος
686 3932 825 3986 ἐστί.
886 3928 969 3986 Τὰ
999 3930 1217 3997 πάντα,
1253 3933 1407 4003 φησι,
1461 3932 1535 3986 δι’
1570 3933 1781 3997 αὐτοῦ,
1814 3935 1914 3988 καί

307 4021 412 4086 εἰς
434 4016 631 4071 αὐτὸν
665 4014 954 4070 ἔκτισται.
1034 4015 1165 4068 Ἰδοὺ
1194 4013 1276 4079 τὸ,
1318 4014 1415 4067 Ἑν
1439 4012 1618 4078 αὐτῷ,
1646 4014 1714 4067 δι’
1750 4014 1913 4067 αύτοῦ

290 4102 499 4162 ἐστιν.
554 4096 743 4152 Εἰπὼν
771 4098 901 4170 7&9,
932 4098 1028 4150 Ἐν
1054 4097 1235 4163 αὐτῷ,
1282 4096 1550 4166 ἐπήγαγε,
1591 4096 1673 4149 Δι’
1702 4095 1910 4151 αὐτοῦ.

305 4183 389 4237 Τὸ
443 4181 530 4246 δὲ,
576 4183 686 4247 Εἰς
729 4181 939 4245 αὑτὸν,
976 4179 1031 4231 τί
1059 4180 1208 4245 ἐστι;
1275 4177 1581 4243 Τουτέστιν,
1633 4178 1714 4242 εἰς
1753 4178 1914 4235 αὐτὸν

303 4266 610 4338 κρέμαται
634 4265 670 4334 ἠ
690 4263 907 4317 πάντων
932 4262 1251 4324 ὑπόστασις.
1279 4260 1354 4313 Ού
1388 4260 1547 4329 μόνον
1579 4260 1741 4324 αὐτὸς
1776 4261 1914 4315 αύτά

303 4353 375 4405 ἐκ
402 4349 511 4402 τοῦ
545 4348 623 4419 μὴ
662 4346 817 4410 δντος
852 4347 934 4410 εἰς
968 4344 1031 4398 τὸ
1078 4339 1222 4399 εῖναι
1263 4344 1607 4413 παρήγαγεν,
1644 4344 1780 4397 ἀλλά
1820 4346 1914 4399 καὶ

301 4431 485 4494 αὐτὸς
522 4431 667 4482 αύτά
696 4428 995 4498 συγκρατεῖ
1022 4425 1136 4481 νῦν·
1172 4427 1313 4481 ὥστε
1358 4425 1425 4480 ἂν
1456 4425 1784 4498 ἀποσπασθῇ
1814 4428 1914 4496 τῆς

300 4514 494 4567 αὐτοῦ
525 4510 802 4582 προνοίας,
832 4510 1082 4564 ἀπόλωλε
1120 4510 1217 4564 καὶ
1246 4508 1587 4579 διέφθαρται.
1631 4508 1772 4561 Ἀλλ’
1813 4510 1914 4563 οὐκ

296 4592 466 4660 εἷπε,
495 4593 805 4663 διακρατεῖ,
838 4594 976 4665 ὅπερ
998 4589 1065 4664 ἦν
1098 4592 1424 4663 παχύτερον,
1461 4591 1597 4644 ἀλλά
1633 4591 1692 4643 τὸ
1720 4591 1909 4644 λεπτό-

294 4693 502 4748 τερον,
535 4677 623 4729 ὅτι
661 4675 740 4738 εἰς
779 4674 944 4728 αὐτὸν
992 4675 1287 4746 κρέμαται.
1347 4674 1525 4727 Μόνον
1553 4672 1660 4744 7&9
1684 4672 1747 4727 τὺ
1778 4674 1913 4746 πρὸς

291 4761 479 4815 αὐτὸν
502 4757 707 4822 νεύειν,
734 4757 913 4812 ἰκανὸν
931 4757 1291 4829 διακρατῆσαι
1312 4757 1407 4809 καὶ
1428 4755 1734 4825 συσφίγξαι.
1757 4754 1914 4810 Οὕτω

292 4843 401 4897 καὶ
428 4841 521 4905 τὸ,
557 4841 965 4908 Πρωτότοκος,
998 4840 1074 4903 ὡς
1104 4840 1351 4911 θεμέλιος
1378 4838 1611 4908 λέγεται.
1658 4838 1827 4892 Τοῦτο
1854 4839 1910 4893 δὲ

286 4925 361 4979 οὗ
398 4920 572 4996 [545]
606 4920 672 4973 τὸ
708 4920 994 4991 ὁμοούσιον
1041 4920 1154 4974 τῶν
1194 4920 1533 4992 κτισμάτων,
1582 4921 1718 4976 ἀλλά
1745 4922 1805 4974 τὸ
1842 4921 1909 4975 δι’

287 5004 481 5061 αὐτοῦ
542 5001 728 5056 πάντα
772 4999 935 5069 εἶναι,
982 5004 1079 5058 καὶ
1120 5005 1178 5058 ἐν
1215 5004 1365 5074 αὑτῷ
1406 5004 1577 5074 δηλοῖ.
1611 5003 1772 5059 Οὕτω
1814 5006 1910 5058 καὶ

285 5086 561 5159 ἀλλαχοῦ
592 5087 720 5140 ὅταν
753 5086 909 5159 λέγῃ.
940 5088 1225 5157 Θεμέλιον
1254 5087 1506 5152 τέθεικα,
1544 5089 1605 5141 οὐ
1651 5087 1782 5160 περὶ
1810 5088 1910 5157 τῆς

281 5172 501 5235 οὐσίας
535 5168 729 5239 φησὶν,
763 5169 900 5224 άλλά
930 5170 1031 5241 τῆς
1053 5172 1356 5243 ἐνεργείας.
1383 5171 1500 5224 Ἵνα
1528 5170 1635 5242 γὰρ
1665 5171 1738 5241 μὴ
1764 5170 1909 5241 νομί-

283 5274 397 5329 σῃς
434 5251 741 5324 ὑπηρέτην
772 5246 913 5306 εἶναι
943 5252 1127 5316 αὑτὸν,
1180 5253 1366 5324 φησὶν,
1403 5253 1565 5307 αὑτὸν
1602 5253 1740 5306 αὐτά
1788 5252 1904 5305 δια-

276 5451 639 5530 Σαμοσάτξος
659 5448 964 5530 φρολιοῦντεςῆς
1004 5452 1064 5499 τὰ
1087 5453 1134 5501 ὲν
1155 5452 1254 5530 τοῖς
1273 5452 1503 5530 οὐρανοῖς,
1518 5452 1903 5530 ¹βπερῖάμιειισϐηο

274 5511 534 5579 τσῧμενον
554 5511 855 5579 ἦνιπρῶτσν
867 5515 1068 5579 τέθεικε,
1096 5515 1184 5579 καὶ
1203 5515 1263 5579 τὰ
1377 5520 1464 5579 τῆς
1483 5520 1584 5579 γῆς.
1610 5511 1748 5579 ιρι-ταί
1766 5515 1897 5574 φησί,

275 5573 460 5629 ’.αἶ’τά
503 5574 671 5636 ὁρατὰ
696 5574 777 5636 καὶ
819 5574 1018 5635 ἀόρατα·
1068 5574 1325 5636 οἱον-ψυχή
1373 5573 1421 5620 ἐν
1457 5573 1652 5636 ,οὖρα-ιῷ
1696 5573 1898 5636 γέγονεν·

276 5639 462 5704 ὁρατὰ,
494 5635 611 5704 οξον
642 5636 685 5680 οἰ
727 5634 1058 5704 ἄνθρωποι,ηὸ
1086 5634 1335 5704 Ἠλίας,ᾉὸ
1365 5634 1568 5689 Παῦλος.
1596 5636 1703 5704 Εἱτε
1726 5635 1896 5704 θρόνοι,

334 5703 454 5760 my,
496 5694 937 5760 εἶτε-κυριότητες.
981 5699 1136 5753 Quam
1181 5696 1445 5745 leuionem
1494 5701 1695 5744 “cutus
1739 5694 1898 5745 fuerat

303 5754 587 5811 Eénlianus
618 5754 869 5803 Henetus
891 5754 1156 5815 interpres.

1276 344 1345 406 IN
1386 343 1607 406 EPIST.
1642 343 1736 403 AD
1772 339 2061 402 COLOSS.
2093 342 2243 403 CAP.
2276 345 2316 403 1.
2352 342 2591 405 HOMIL.
2631 343 2720 405 III.

3501 354 3615 413 δεῖν

2031 464 2277 531 κρατεῖν,
2307 464 2445 536 ὅπερ
2465 464 2564 535 οὐχ
2592 458 2753 536 ἦττον
2775 460 2869 516 τοῦ
2894 463 3113 535 ποιῆσαί
3142 464 3278 519 ἐστι.
3298 464 3489 520 Καίτοι
3518 470 3573 525 ἐο

2025 546 2182 613 ἡμῶν
2214 547 2308 600 καὶ
2350 546 2567 617 μεῖζονο
2596 548 2773 601 ἐκεῖνο
2821 546 2920 617 μὲν
2959 546 3067 619 γὰρ
3095 549 3130 619 ἠ
3178 548 3340 620 τέχνη
3372 551 3609 619 εἰσάγει,

2023 626 2183 681 τοῦτο
2207 628 2264 683 δέ
2292 630 2476 684 οὐκέτι
2499 648 2513 662 ο
2547 631 2668 684 ούδέ
2703 632 2813 701 7&9
2846 629 3198 703 φθειρόμενον
3229 633 3467 705 κατέχει.
3495 636 3605 689 Kal

2025 711 2208 778 αὐτός
2231 712 2362 766 ἐστι
2383 713 2499 781 πρὸ
2528 710 2788 781 πάντων,
2814 713 2965 783 φησί.
2992 712 3162 769 Τοῦτο
3183 715 3304 785 Θεῷ
3345 716 3611 788 ἁρμόζον.

2026 792 2137 847 Ποῦ
2168 794 2381 858 Παῦλος
2411 795 2440 847 6
2468 796 2853 865 Σαμοσατεύς;
2910 796 3019 851 Kal
3043 798 3115 853 τὰ
3141 798 3339 854 πάντα
3361 801 3431 854 ἐν
3448 801 3614 867 αὺτῷ

2028 878 2392 945 συνέστηκε·
2420 880 2718 945 τουτέστιν,
2750 882 2829 943 εἰς
2855 879 3017 936 αὐτδν
3047 880 3312 937 ἔκτισται.
3362 882 3610 957 Συνεχῶς

2026 959 2168 1015 αὐτὰ
2209 961 2452 1033 στρέφει,
2496 964 2562 1032 τῇ
2601 962 2859 1035 συνεχείᾳ.
2888 962 2997 1017 τῶν
3053 967 3317 1035 ῥημάτων
3358 969 3610 1038 καθάπερ

2025 1044 2258 1106 πυκναῖς
2273 1060 2385 1097 τισι
2398 1043 2632 1115 πληγαῖς
2672 1043 2966 1118 πρόρριζον
2997 1046 3256 1101 ἀνασπῶν
3274 1048 3335 1102 τὸ
3355 1049 3529 1121 δόγμα
3552 1051 3611 1105 τὸ

2025 1123 2290 1198 ὀλέθριον.
2313 1127 2376 1180 El
2393 1127 2498 1199 7&9
2516 1127 2611 1182 καὶ
2621 1128 2859 1182 τοσαῦτα
2893 1128 3131 1201 εῖρηται,
3150 1130 3243 1183 καὶ
3262 1133 3401 1201 μετά
3418 1134 3610 1187 τοσοῦ-

2025 1224 2116 1263 τον
2132 1209 2324 1280 χρόνον
2346 1210 2515 1280 ἀνέφυ
2540 1210 2753 1275 Παῦλος
2771 1213 2797 1266 6
2822 1212 3190 1282 Σαμοσατεὺς,
3220 1214 3370 1283 πόσῳ
3388 1216 3606 1283 μᾶλλον,

2025 1293 2074 1345 εἰ
2094 1292 2169 1364 μὴ
2190 1292 2364 1347 ταῦτα
2379 1294 2672 1366 προείρητο
2688 1311 2704 1360 ;
2723 1295 2828 1350 Kal
2846 1295 2918 1350 τὰ
2936 1294 3152 1361 πάντα,
3171 1297 3353 1367 φησὶν,
3365 1298 3436 1350 ἐν
3450 1296 3617 1363 αὐτῷ·

2024 1371 2386 1439 συνέστηκε.
2414 1373 2540 1437 Πῶς
2570 1374 2899 1444 συνέστηκεν
2938 1375 2996 1428 ἐν
3025 1373 3105 1444 τῷ
3133 1377 3233 1429 οὐκ
3258 1375 3371 1430 ὄντι
3396 1394 3411 1443 ;
3444 1377 3609 1432 ’Ὥστε

2025 1453 2120 1507 καὶ
2145 1454 2215 1508 τά
2244 1454 2315 1508 δι’
2345 1455 2592 1525 ἀγγέλων
2618 1455 2783 1510 αὐτοῦ
2814 1458 2950 1510 ἐστι.
2988 1456 3101 1511 Kal
3138 1459 3321 1523 αὐτός
3364 1459 3539 1513 ἐστιν
3563 1461 3604 1528 ἡ

2023 1536 2259 1607 κεφαλὴ
2279 1538 2389 1593 τοῦ
2410 1537 2685 1609 σώματος
2706 1537 2818 1607 τῆς
2845 1538 3234 1607 Ἐκκλησίας.
3265 1540 3447 1595 Εἰπὼν
3477 1558 3544 1595 πε
3554 1543 3612 1612 pl

2022 1620 2122 1689 τῆς
2147 1618 2326 1688 ἀξίας,
2354 1620 2503 1690 λέγει
2532 1621 2718 1675 λοιπὸν
2747 1620 2841 1674 καὶ
2876 1622 3006 1691 περὶ
3037 1621 3135 1691 τῆς
3173 1621 3603 1695 φιλανθρωπίας.

2022 1703 2216 1768 Αὐτός
2259 1702 2414 1769 ἐστι,
2462 1703 2646 1774 φησὶν,
2688 1703 2727 1771 ἡ
2771 1703 3008 1773 κεφαλὴ
3044 1702 3151 1759 τοῦ
3198 1704 3471 1776 σώματος
3493 1706 3606 1777 τῆς

2038 1784 2416 1854 Ἐκκλησίας.
2448 1787 2561 1840 Ούκ
2594 1781 2738 1850 εἷπε,
2776 1786 2871 1841 τοῦ
2912 1787 3296 1859 πληρώματος,
3330 1790 3463 1844 αὐτὸ
3506 1790 3614 1861 μὲν

2025 1865 2182 1920 τοῦτο
2224 1869 2321 1922 καὶ
2362 1867 2506 1922 οὕτω
2552 1869 2747 1938 δηλῶν,
2787 1869 2956 1925 θέλων
2993 1871 3051 1925 δέ
3110 1870 3241 1943 ἡμῖν
3279 1871 3608 1944 οἰκειότερον

2025 1948 2194 2016 δεῖξαι
2224 1950 2406 2017 αὐτὸν,
2442 1953 2525 2006 ὅτι
2548 1954 2577 2007 6
2596 1950 2771 2017 οὕτως
2794 1954 2906 2009 ἀνω
2938 1954 3029 2008 καὶ
3060 1952 3279 2009 πάντων
3308 1954 3605 2027 ἀνώτερος,

2025 2035 2139 2097 τοῖς
2159 2032 2310 2088 κάτω
2330 2033 2523 2087 ἐαυτὸν
2542 2034 2769 2104 συνῆψε.
2794 2036 3074 2107 Πανταχοῦ
3096 2037 3204 2109 γάρ
3221 2037 3338 2091 ἐστι
3362 2037 3601 2107 πρῶτος·

2026 2115 2139 2170 ἀνω
2169 2116 2407 2189 πρῶτος,
2435 2119 2493 2171 ἐν
2524 2120 2590 2189 τῇ
2634 2118 2932 2191 Ἐκκλησία
2978 2120 3195 2193 πρῶτος
3214 2136 3229 2151 θ
3260 2122 3469 2195 κεφαλὴ
3494 2123 3607 2192 γάρ

2027 2199 2206 2253 ἐστιν’
2244 2200 2303 2252 ἐν
2354 2202 2421 2272 τῇ
2469 2201 2762 2256 ἀναστάσει
2813 2204 3049 2275 πρῶτος.
3096 2205 3266 2259 Τοῦτο
3298 2205 3406 2278 γάρ
3433 2207 3602 2274 ἐστιν,

2029 2281 2164 2336 Ἵνα
2190 2281 2437 2351 γένηται
2467 2282 2649 2350 αὐτὸς
2672 2286 3003 2351 πρωτεύων.

2095 2369 2165 2432 γ’.
2202 2364 2362 2417 Ὥστε
2405 2365 2499 2418 καὶ
2537 2367 2593 2419 ἐν
2619 2366 2826 2434 γενέσει
2871 2368 3108 2437 πρῶτος.
3140 2369 3247 2422 Kal
3292 2368 3450 2424 τοῦτό
3480 2374 3599 2424 ἐστι

2034 2444 2274 2516 μάλιστα
2304 2447 2365 2499 τὸ
2386 2446 2819 2518 σπουδαζόμενον
2842 2448 2920 2520 τῷ
2941 2450 3136 2522 Παύλῳ
3156 2437 3343 2517 δεῖξαι.
3370 2454 3467 2508 ’Ἂν
3487 2455 3597 2525 γὰρ

2024 2525 2180 2581 τοῦτο
2204 2529 2642 2600 κατασκευασθῇ,
2671 2530 2753 2583 ὅτι
2780 2532 2889 2606 πρὸ
2917 2533 3132 2587 πάντων
3169 2529 3238 2605 ἦν
3278 2534 3388 2590 τῶν
3421 2536 3595 2605 ἀγγέ-

2024 2607 2154 2673 λων,
2190 2610 2412 2665 κάκεῖνο
2463 2612 2863 2682 συνεισάγεται,
2916 2615 2999 2668 ὅτι
3049 2615 3118 2670 τά
3166 2617 3392 2672 ἐκείνων
3441 2620 3602 2684 αὐτὸς

2025 2691 2197 2746 ἐποίει
2257 2692 2579 2748 ἐπιτάττων.
2640 2696 2749 2749 Kal
2790 2696 2850 2751 τὸ
2896 2695 2960 2768 δὴ
3015 2697 3361 2768 θαυμαστὸν,
3425 2702 3482 2753 ἐν
3532 2704 3600 2771 τῇ

2026 2774 2230 2846 ὑστέρᾳ
2267 2776 2482 2843 γενέσει
2530 2775 2904 2848 ἐφιλονείκησε
2953 2779 3168 2850 πρῶτον
3201 2780 3360 2835 αὐτὸν
3408 2782 3600 2851 δεῖξαι.

2023 2854 2224 2939 Ις-αίτοι
2247 2874 2311 2924 γε
2356 2858 2589 2928 ἀλλαχοῦ
2620 2859 2838 2929 πρῶτόν
2890 2878 3024 2931 φησι
3052 2862 3145 2917 τὸν
3185 2862 3374 2935 Ἀδὰμ,
3412 2865 3601 2939 ὥσπερ

2023 2931 2117 2991 οὖν
2144 2938 2239 2992 καὶ
2266 2938 2413 2992 ἐστιν
2443 2958 2456 2973 ·
2493 2940 2628 2994 ἀλλά
2653 2943 2752 3012 τὴν
2795 2943 3122 3014 Ἐκκλησίαν
3144 2931 3334 2998 ἔλασεν
3357 2946 3477 3000 ἀντὶ
3503 2931 3598 3000 τοῧ

2026 3020 2227 3084 παντὸς
2268 3020 2573 3092 ἀνθρώπων
2595 3023 2805 3092 γένους.
2828 3023 2940 3094 Τῆς
2961 3025 3070 3096 7&9
3104 3024 3426 3096 Ἐκκλησίας
3446 3028 3599 3098 πρῶ-

2023 3101 2113 3166 τός
2141 3104 2278 3168 ἐστι,
2312 3106 2405 3160 καὶ
2429 3106 2539 3161 τῶν
2569 3107 2668 3178 μὲν
2693 3107 3014 3178 ἀνθρώπων,
3039 3122 3066 3151 ι
3086 3109 3337 3182 καθάπερ
3358 3110 3456 3182 τῆς
3482 3112 3600 3165 κτί-

2026 3201 2183 3249 σεως,
2226 3188 2442 3257 πρῶτος
2490 3190 2633 3241 κατά
2675 3190 2883 3259 σάρκα*
2920 3190 3012 3243 καὶ
3045 3189 3135 3243 διὰ
3163 3189 3323 3245 τοῦτο
3364 3192 3598 3246 ἐνταῦθα

2022 3269 2113 3322 τὸν
2144 3272 2492 3341 πρωτότοκον
2536 3271 2739 3341 τίθησι.
2774 3273 2838 3323 Τί
2869 3275 3014 3326 ἐστιν
3056 3273 3292 3327 ἐνταῦθα
3323 3277 3350 3328 6
3382 3278 3597 3348 πρωτό-

2022 3368 2207 3417 τοκος;
2257 3353 2314 3402 ’0
2343 3351 2557 3422 πρῶτος
2583 3353 2847 3417 κτισθείς,
2882 3354 2914 3424 ἢ
2950 3354 3053 3425 πρὸ
3087 3354 3304 3408 πάντων
3334 3357 3594 3423 ἀναστάς,

2020 3432 2207 3501 ὥσπερ
2237 3433 2332 3486 καὶ
2370 3434 2504 3498 ἐκεῖ,
2527 3435 2555 3485 ὁ
2586 3434 2693 3504 πρὸ
2721 3434 2939 3489 πάντων
2969 3434 3062 3489 ῶν.
3099 3437 3208 3490 Kal
3225 3438 3468 3493 ἐνταῦθα
3494 3441 3595 3511 μὲν

2019 3517 2278 3587 ἀπαρχὴν
2306 3516 2549 3570 τέθεικεν
2582 3517 2751 3571 εἰπών
2775 3536 2789 3549 ι
2821 3519 2928 3587 Ὅς
2947 3521 3120 3575 ἐστιν
3147 3522 3412 3591 ἀπαρχὴ,
3436 3540 3563 3593 πρω

2019 3603 2265 3665 τότοκος
2314 3600 2383 3653 ἐκ
2424 3599 2543 3654 τῶν
2576 3601 2826 3671 νεκρῶν,
2874 3603 2975 3656 ἵνα
3006 3602 3249 3672 γένηται
3289 3605 3361 3659 έν
3403 3607 3595 3663 πᾶσιν

2018 3683 2200 3749 αὐτὸς
2228 3682 2544 3749 πρωτεύων
2568 3698 2581 3713 ⁸
2608 3683 2821 3748 δεικνὺς
2849 3687 2931 3739 ὅτι
2959 3685 3053 3739 καὶ
3072 3686 3121 3738 οἱ
3145 3685 3296 3740 ἄλλοι
3318 3687 3551 3742 τοιοῦτοι
3575 3707 3592 3722 ο

2018 3766 2137 3819 ἐκεῖ
2183 3763 2240 3817 δὲ
2285 3764 2383 3816 οὐκ
2431 3765 2653 3836 ἀπαρχὴ
2700 3766 2800 3836 τῆς
2846 3766 3095 3830 κτίσεως.
3151 3767 3260 3820 Kal
3304 3768 3423 3822 ἐκεῖ
3464 3770 3587 3841 μὲν,

2012 3846 2205 3902 Εἰπὼν
2222 3846 2325 3901 τοῦ
2362 3846 2510 3900 Θεοῦ
2538 3848 2644 3902 τοῦ
2676 3848 2956 3916 ἀοράτου,
2986 3850 3079 3903 καὶ
3103 3849 3224 3903 τότε
3254 3850 3333 3916 τὸ,
3364 3853 3593 3920 Πρωτόσ

2016 3946 2210 3995 τοκος.
2245 3929 2375 3983 ὀτι
2411 3928 2482 3982 ἐν
2514 3928 2674 3993 αὐτῷ
2705 3930 3013 3998 ηὐδόκησε
3052 3930 3176 3986 πᾶν
3202 3931 3270 3984 τὸ
3298 3926 3591 4003 πλήρωμα

2016 4008 2391 4079 κατοικῆσαι,
2452 4010 2551 4064 καί
2602 4009 2675 4062 δι’
2722 4011 2909 4065 αὐτοῦ
2964 4011 3461 4078 ἀποκαταλλάξαι
3516 4016 3592 4071 τὰ

2015 4094 2212 4147 πάντα
2244 4095 2332 4158 εἰς
2374 4093 2580 4158 αὐτὸν,
2606 4094 3069 4160 εἰρηνοποιήσας
3089 4094 3187 4147 διὰ
3214 4094 3321 4147 τοῦ
3340 4097 3591 4167 αἵματος

2014 4174 2120 4228 τοῦ
2142 4174 2410 4242 σταιῬοῦ
2440 4172 2646 4238 αὐτοῦ,
2679 4174 2799 4227 sits
2836 4175 2909 4228 τὰ
2941 4173 3040 4227 ἐπὶ
3072 4174 3183 4243 τῆς
3210 4174 3343 4245 γῆς,
3366 4177 3483 4232 εἶτε
3514 4181 3589 4235 τὰ

2013 4257 2083 4311 ἐν
2117 4255 2245 4321 τοῖς
2276 4256 2574 4324 οὐρανοῖς.
2611 4256 2751 4310 Ὅσα
2797 4257 2890 4309 τοῦ
2937 4256 3168 4327 Πατρός,
3211 4261 3364 4331 φησὶ,
3415 4262 3587 4319 ταῦτα

2014 4339 2108 4393 καὶ
2140 4336 2235 4392 τοῦ
2267 4336 2421 4401 Υίοῦ,
2464 4339 2556 4390 καὶ
2605 4338 2742 4408 μετά
2778 4337 3024 4401 πλείονος
3072 4340 3331 4411 σπουδῆς,
3371 4344 3452 4397 ὄτι
3490 4346 3588 4400 καὶ

2014 4422 2207 4493 νεκρὸς
2241 4422 2456 4488 γέγονε,
2496 4419 2590 4473 καὶ
2619 4421 2829 4490 ἥνωσεν
2871 4421 3063 4474 ἐαυτὸν
3107 4422 3261 4491 ἡμῖν.
3307 4424 3590 4499 Ἀπαρχὴν

2013 4508 2069 4560 δὲ
2109 4502 2252 4569 εἷπε,
2304 4501 2557 4573 καθάπερ
2614 4503 2708 4556 ἐπὶ
2757 4502 2971 4574 καρποῦ
3025 4518 3191 4569 τινος.
3251 4505 3364 4558 Οὐκ
3410 4503 3585 4575 εἶπεν,

2013 4589 2330 4651 ἀνάστασις,
2362 4583 2519 4646 ἀλλὰ,
2555 4585 2801 4657 ἀπαρχὴ,
2836 4584 2989 4658 [546]
3022 4585 3236 4650 δεικνὺς
3258 4588 3339 4642 ὅτι
3378 4588 3586 4655 πάντας

2013 4672 2161 4742 ἡμᾶς
2199 4668 2417 4739 ἡγίασε,
2460 4666 2554 4720 καὶ
2600 4666 2789 4739 ὥσπερ
2838 4668 3031 4722 θυσίαν
3090 4671 3454 4743 προσήνεγκε.
3512 4673 3586 4726 Τὸ

2015 4755 2291 4824 πλήρωμα
2342 4748 2470 4821 περὶ
2527 4748 2626 4821 τῆς
2686 4750 2941 4822 θεότητος
2995 4752 3221 4823 εἴρηκε,
3280 4753 3585 4826 καθάπερό

2025 4837 2278 4905 Ἰωάννης
2325 4831 2510 4900 ἔλεγεν
2537 4849 2551 4863 ·
2620 4832 2713 4887 Ἐκ
2780 4833 2888 4888 τοῦ
2948 4834 3341 4904 πληρώματος
3395 4836 3585 4890 αὐτοῦ

2012 4917 2185 4988 ἡμεῖς
2205 4917 2427 4983 πάντες
2449 4915 2761 4985 ἐλάϐομεν.
2796 4915 3107 4981 Τουτέστιν,
3135 4917 3246 4969 εἴτε
3278 4912 3347 4987 ἦν
3375 4919 3403 4969 6
3433 4917 3583 4985 Υἱὸς,

2012 5000 2123 5053 εἴτε
2156 5002 2184 5054 6
2210 4999 2402 5067 Λόγος,
2438 5000 2557 5053 ἐκεῖ
2602 4998 2817 5069 ᾤκησεν
2862 4997 2982 5067 οὐχὶ
3029 4997 3278 5068 ἐνέργειά
3325 5014 3431 5060 τις,
3467 4998 3581 5052 ἀλλ’

2011 5083 2193 5138 οὐσία.
2229 5083 2345 5135 Οὐκ
2380 5082 2494 5152 ἔχει
2536 5083 2717 5136 αἰτίαν
2755 5083 2930 5133 εἰπεῖν
2980 5079 3267 5148 οὐδεμίαν,
3316 5080 3452 5135 ἀλλὰ
3487 5084 3584 5156 τὴν

2013 5167 2229 5236 θέλησιν
2274 5168 2369 5218 τοῦ
2404 5165 2541 5218 Θεοῦ
2567 5181 2582 5194 ·
2617 5163 2775 5217 τοῦτο
2818 5163 2927 5234 γάρ
2957 5162 3123 5227 ἐστιν,
3170 5165 3251 5216 ὅτι
3293 5164 3388 5217 Ἐν
3424 5167 3582 5233 αὐτῴ

2009 5250 2335 5318 ηὺδόκησε,
2394 5248 2494 5301 καί
2546 5248 2622 5301 δι’
2682 5247 2869 5302 αὐτοῦ
2947 5246 3440 5314 ἀποκαταλλάξαι
3512 5257 3583 5305 τὰ

2067 5462 2092 5489 ιι
2129 5449 2261 5498 Unus
2281 5448 2389 5497 cod.
2411 5448 2482 5496 sic
2503 5444 2760 5507 sequentia
2788 5446 2952 5505 effert,
2977 5445 3187 5508 καθάπερ
3210 5448 3288 5508 καὶ
3310 5454 3394 5505 τῆς

2004 5513 2082 5560 διὰ
2103 5510 2244 5558 τοῦτο
2268 5512 2348 5584 καὶ
2368 5509 2615 5584 ὦδερκάκεῖ
2639 5508 2938 5584 πρωτότοκος
2958 5507 3235 5584 sim-tan,“
3254 5509 3304 5556 δὲ
3329 5509 3427 5584 ἐστι
3451 5525 3581 5584 πρωῒ

2000 5574 2196 5643 τὸτοκρς
2227 5572 2384 5645 πάσης
2407 5565 2768 5645 κτίσξωςλάντὶ
2793 5565 3315 5645 τρῦ1πρῶτοςκτίστης,
3342 5565 3503 5645 ῶσπερ
3524 5571 3580 5617 τὸ

2000 5631 2303 5696 πρωτότοκος
2325 5632 2378 5677 ἐκ
2400 5632 2593 5696 νεκρῶν,
2635 5631 2735 5696 ῥιντί
2758 5627 2845 5696 τῷ
2872 5632 2898 5677 6
2918 5627 3010 5696 πρὸ
3028 5629 3233 5696 πάντων,
3283 5629 3426 5696 ἐστίν,
3466 5627 3581 5678 ἄνα-

2000 5679 2131 5747 aha;-
2168 5694 2248 5738 καὶ
2273 5692 2433 5751 ὥσπερ
2480 5679 2577 5737 ἐκεῖ
2599 5693 2777 5749 τίθησιν
2802 5692 2828 5738 ὁ
2868 5679 2966 5751 πρὸ
2981 5690 3169 5737 πάντων
3200 5690 3283 5746 ὢν,
3332 5679 3457 5737 οὕτω
3498 5694 3577 5741 καὶ

2004 5753 2196 5802 ἐνταῦθα
2213 5752 2426 5812 ἀπαρχὴν
2448 5754 2537 5800 τεθ.
