4026 6148
452 353 552 420 τοι

443 473 641 528 πάντα
688 471 777 538 είς
819 472 1027 525 αὐτόν.
1071 468 1185 521 Ἰνα
1221 467 1296 536 μὴ
1331 467 1582 538 νομίσῃς,
1625 465 1706 521 ὅτι
1738 465 2008 536 ὑπηρέτου

437 558 594 622 τάξιν
626 553 906 616 ἀνέλαϐεν,
945 553 1033 617 εἷς
1078 550 1317 612 ἑαυτὸν,
1369 551 1522 620 φησί.
1559 551 1668 604 Kal
1705 549 1808 619 μὴν
1857 546 2020 600 ἀλλα-

439 639 537 710 χοῦ
574 651 760 706 φησιν,
795 635 876 687 ὅτι
904 632 982 692 τῷ
1024 630 1142 700 Θεῷ
1167 631 1548 696 καταλλάττει,
1583 631 1834 700 καθάπερ
1868 631 1923 680 ὲν
1952 630 2018 699 τῇ

439 723 576 792 πρὸς
606 713 922 787 Κορινθίους
936 715 1222 784 Ἐπιστολῇ
1249 715 1476 784 γράιρων
1508 714 1682 782 ἔλεγε.
1711 713 1819 766 Kal
1843 711 2022 774 καλῶς

438 799 578 868 εἷπε,
613 802 692 852 Δι’
738 797 929 852 αὑτοῦ
979 797 1498 860 ἀποκαταλλάξαι.
1537 797 1676 866 Ἤδη
1727 797 1836 866 γὰρ
1881 792 2021 865 ἦσαν

440 882 896 954 κατηλλαγμένοι,
931 879 1066 934 ἀλλά
1091 878 1316 941 τελείως
1351 879 1480 939 ἔδει,
1518 881 1613 931 καὶ
1650 878 1790 932 ὥστε
1825 877 2021 948 μηκέτι

437 965 744 1038 ὲχθραίνειν
767 959 940 1033 αὐτῷ.
970 961 1095 1024 Πῶς
1119 959 1176 1014 δὲ
1197 961 1406 1028 γίνεται
1429 959 1608 1024 τοῦτο,
1631 962 1884 1028 διασαφεῖ
1915 958 2016 1010 λοι-

437 1047 558 1113 πὸν,
589 1047 650 1100 06
683 1043 844 1118 μόνον
871 1045 970 1115 τὴν
1001 1043 1370 1114 καταλλαγὴν,
1400 1044 1540 1096 ἀλλά
1570 1047 1665 1098 καὶ
1703 1044 1797 1096 τὸν
1823 1042 2023 1112 τρόπον

434 1131 535 1201 τῆς
575 1127 926 1198 καταλλαγῆς
969 1125 1320 1194 ἀναγγέλλων
1349 1143 1362 1155 ·
1396 1125 1884 1194 Εἰρηνοποιήσας
1927 1124 2023 1178 διὰ

440 1213 550 1267 τοῦ
615 1211 864 1280 αἵματος
921 1209 1028 1264 τοῦ
1077 1208 1344 1277 σταυροῦ
1390 1207 1599 1262 αὑτοῦ.
1655 1209 1728 1262 Τὸ
1774 1209 1872 1277 μὲν
1924 1207 2023 1278 τὴν

436 1295 640 1368 ἔχθραν
660 1295 898 1349 δείκνυσι
921 1293 983 1346 16
1013 1291 1365 1356 καταλλάξαι·
1394 1292 1457 1344 τὸ
1481 1291 1536 1345 δὲ
1556 1288 1646 1344 τδν
1675 1291 1927 1362 πόλεμον,
1962 1291 2023 1344 τὸ

438 1376 944 1446 Είρηνοποιήσας.
970 1375 1072 1428 Διά
1092 1375 1200 1428 τοῦ
1223 1375 1496 1444 αἳματος,
1525 1374 1680 1444 φησὶ,
1701 1374 1806 1428 τοῦ
1835 1390 2021 1426 atav-

429 1457 547 1528 ροῦ
581 1456 766 1513 αὐτοῦ
798 1457 873 1512 δι’
915 1458 1122 1522 αὐτοῦ,
1151 1457 1270 1510 εἴτε
1295 1456 1368 1510 τὰ
1395 1457 1494 1510 ἐπὶ
1520 1455 1630 1524 τῆς
1653 1454 1784 1526 γῆς,
1810 1456 1867 1509 εἴ
1873 1473 1932 1508 τε
1953 1454 2024 1508 τὰ

436 1540 510 1594 ἐν
547 1539 674 1607 τοῖς
721 1537 1015 1608 οὐρανοῖς.
1063 1539 1222 1606 Μέγα
1263 1539 1363 1609 μὲν
1392 1538 1454 1591 τὸ
1485 1535 1841 1602 καταλλάξαι,
1873 1539 1934 1590 τὸ
1965 1537 2023 1590 δὲ

436 1623 534 1676 καὶ
563 1623 630 1676 δι’
660 1623 848 1687 αὐτοῦ,
883 1621 1068 1692 μεῖζον
1094 1639 1107 1654 ο
1141 1621 1324 1676 καὶτὸ
1357 1620 1548 1674 τούτου
1587 1620 1794 1690 μεῖζον,
1844 1621 1905 1673 τὺ
1935 1619 2024 1672 διὰ

436 1705 533 1760 τοῦ
563 1706 793 1776 αἵματος
819 1704 984 1758 αὐτοῦ
1011 1721 1024 1735 ·
1063 1705 1158 1758 καὶ
1191 1705 1290 1776 οὐχ
1310 1704 1498 1768 ἁπλῶς
1531 1705 1783 1775 αἵματος,
1809 1704 1943 1758 ἀλλὰ
1963 1705 2022 1758 τὸ

439 1787 632 1844 τούτου
671 1789 874 1859 μεῖζον,
899 1787 988 1840 διὰ
1021 1787 1112 1840 τοῦ
1143 1787 1400 1858 σταυροῦ,
1437 1787 1603 1840 Ὥστε
1629 1788 1791 1840 πέντε
1819 1786 1932 1840 ἐστὶ
1954 1786 2024 1840 τὰ

439 1869 750 1942 θαυμαστὰ,
770 1867 846 1940 τῷ
859 1868 978 1939 Θεῷ
997 1869 1322 1939 κατήλλαξε,
1353 1869 1420 1923 δι’
1444 1869 1630 1936 αὐτοῦ,
1659 1869 1747 1922 διὰ
1769 1868 2018 1934 θανάτου,

436 1953 526 2007 διὰ
549 1953 804 2024 σταυροῦ.
833 1951 1026 2018 Βαὸαὶ,
1059 1952 1176 2018 πῶς
1202 1953 1425 2022 ἀνέμιξε
1453 1953 1614 2006 πάλιν
1637 1970 1652 2019 ;
1673 1952 1792 2005 Ἵνα
1810 1951 1920 2022 γὰρ
1944 1951 2020 2021 μὴ

440 2037 670 2110 νομίσῃς
695 2034 754 2088 ἓν
777 2032 938 2102 εἶναι,
961 2036 1097 2105 μηδὲ
1109 2036 1201 2089 τὸν
1223 2035 1454 2106 σταυρὸν
1468 2031 1608 2088 εἶναί
1633 2052 1684 2089 τι
1701 2035 1822 2089 καθ’
1839 2034 2020 2099 ἑαυτὸ,

435 2118 605 2188 λέγει,
634 2120 714 2172 Δι’
745 2116 986 2173 ἑαυτοῦ.
1024 2117 1148 2181 Πῶς
1171 2113 1278 2170 οἵδε
1315 2119 1458 2188 μέγα
1493 2118 1650 2170 τοῦτο
1687 2118 1778 2183 6v;
1809 2118 1930 2170 Ὀτι
1959 2117 2021 2170 06

438 2203 660 2274 ῥήματα
681 2199 872 2264 εἰπὼν,
901 2200 1018 2253 ἀλλ’
1043 2201 1236 2254 ἑαυτὸν
1253 2203 1440 2264 ἐκδοὺς
1467 2202 1604 2273 ὑπὲρ
1629 2201 1729 2271 τῆς
1755 2201 2022 2254 καταλλα-

435 2285 561 2354 γῆς,
611 2281 788 2346 οὓτως
817 2283 1035 2336 ἅπαντα
1087 2285 1400 2352 εἰργάσατο.
1441 2284 1505 2336 Τί
1548 2283 1604 2337 δέ
1658 2287 1795 2348 ἐστι,
1854 2286 1928 2338 Τὰ
1953 2285 2024 2338 ἐν

435 2366 562 2432 τοῖς
593 2364 908 2434 οὺρανοῖς;
939 2365 1007 2418 τὰ
1055 2367 1153 2436 μὲν
1179 2366 1287 2437 γὰρ
1329 2367 1423 2420 ἐπὶ
1464 2367 1564 2436 τῆς
1596 2367 1720 2436 γῆς,
1752 2369 1978 2433 εἰκότως
2003 2385 2018 2400 ο

437 2447 642 2519 ἔχθρας
677 2447 785 2518 γὰρ
819 2447 1194 2518 ἐμπέπληστο,
1224 2449 1316 2502 καὶ
1347 2449 1425 2512 εἰς
1452 2449 1621 2502 πολλὰ
1649 2450 1903 2520 διῄρητο⁹
1925 2452 2021 2504 καὶ

439 2532 580 2602 πρὸς
620 2531 812 2584 ἑαυτὸν
857 2531 1090 2594 ἕκαστος
1139 2532 1296 2601 ἡμῶν
1336 2531 1701 2598 διεστασίαζε,
1755 2534 1850 2586 κοιλ⁸
1885 2534 2022 2604 πρὸς

437 2617 567 2676 τοὺς
597 2612 827 2678 πολλούς
849 2629 863 2645 ο
913 2611 984 2666 τά
1029 2613 1086 2666 δὲ
1121 2615 1179 2666 ὲν
1223 2615 1336 2678 τοῖς
1369 2614 1614 2682 οὐρανοῖς
1649 2615 1766 2680 πῶς
1805 2617 2019 2686 εἰρηνο-

436 2696 674 2765 ποίησε;
707 2696 800 2749 καὶ
835 2697 954 2748 ἐκεῖ
992 2695 1234 2765 πόλεμος
1273 2691 1341 2765 ἦν
1400 2696 1492 2748 καὶ
1551 2697 1733 2766 μάχη;
1769 2699 1863 2751 καὶ
1903 2699 2021 2762 πῶς

435 2777 710 2849 εὐχόμεθα
741 2779 1014 2848 λέγοντες,
1042 2777 1366 2844 Γενηθήτω
1405 2779 1470 2830 τὸ
1513 2779 1746 2848 θέλημά
1775 2796 1911 2846 σου,
1939 2781 2020 2848 ὡς

434 2860 506 2914 ἐν
527 2858 780 2928 οὐρανῷ,
815 2860 915 2914 καί
951 2861 1050 2913 ἐπὶ
1096 2859 1207 2928 τῆς
1249 2859 1394 2929 γῆς
1433 2859 1487 2912 τί
1519 2857 1612 2914 οὖν
1641 2861 1786 2914 ἔστιν
1815 2864 2016 2930 εἰπεῖν;

450 2945 772 3015 Ἀπέσχιστο
793 2945 825 3014 ή
845 2943 919 3014 γῆ
947 2943 1039 2996 τοῦ
1061 2942 1316 3013 οὐρανοῦ,
1342 2943 1861 3015 ἐκπεπολεμωμένοι
1879 2941 2018 3016 ἦσαν

432 3028 485 3080 οἱ
516 3025 740 3095 ἄγγελοι
762 3026 898 3097 πρὸς
917 3027 1042 3088 τοὺς
1069 3023 1411 3094 ἀνθρώπους,
1433 3025 1525 3078 τὸν
1551 3026 1828 3097 Δεσπότην
1849 3027 2020 3098 ὀρῶν-

431 3125 527 3172 τες
581 3108 672 3162 τὸν
721 3107 898 3179 αὐτῶν
953 3108 1334 3178 ύὸριζόμενον.
1405 3109 2018 3177 Ἀνακεφαλαιώσασθαί

434 3207 568 3260 φησι
600 3190 673 3243 τὰ
697 3193 873 3245 πάντα
913 3191 972 3243 ὲν
1009 3191 1087 3261 τῷ
1122 3190 1365 3261 Χριστῷ,
1401 3190 1469 3245 τὰ
1501 3193 1559 3244 ὲν
1599 3195 1712 3256 τοῖς
1746 3193 2016 3264 οὐρανοῖς,

434 3275 530 3326 καὶ
565 3274 634 3326 τὰ
668 3274 760 3326 ἐπὶ
796 3273 896 3343 τῆς
923 3273 1049 3342 γῆς.
1095 3272 1254 3336 Πῶς;
1289 3271 1370 3325 Τὰ
1399 3273 1498 3343 μὲν
1528 3273 1586 3327 ὲν
1632 3277 1743 3338 τοῖς
1771 3277 2018 3347 οὐρανοῖς

431 3353 608 3409 οῦτωο
644 3356 979 3426 μετέστησεν
1011 3356 1128 3408 ἐκεῖ
1151 3355 1241 3408 τὸν
1273 3353 1583 3426 ἄνθρωπον,
1613 3357 1894 3429 ἀνήγαγεν
1923 3358 2016 3410 αὐ·

431 3439 545 3501 τοῖς
584 3437 675 3490 τὸν
722 3437 932 3509 ἐχθρὸν,
964 3437 1054 3490 τὸν
1103 3438 1452 3508 μισούμενον.
1485 3439 1560 3492 06
1617 3441 1777 3510 μόνον
1814 3441 1882 3494 τὰ
1923 3443 2016 3495 ἐπὶ

429 3521 534 3590 τῆς
571 3518 679 3588 γῆς
723 3519 984 3589 ἐποίησεν
1014 3520 1338 3591 εἰρηνεύειν,
1383 3521 1498 3574 ἀλλ’
1543 3521 1822 3591 ἀνήγαγεν
1851 3523 2014 3577 αὐτὸν

435 3603 572 3672 πρὸς
600 3602 816 3665 αὐτοὺς,
843 3601 933 3654 τὸν
960 3601 1154 3670 ἐχθρὸν
1187 3603 1281 3656 καὶ
1313 3605 1591 3675 πολέμιον.
1625 3607 1795 3660 Τοῦτο
1823 3609 2012 3680 εἰρήνη

436 3682 644 3753 βαθεῖα.
679 3681 935 3750 ’Λγγελοι
977 3683 1138 3736 πάλιν
1184 3683 1277 3734 ἐπὶ
1325 3685 1430 3754 γῆς
1485 3687 1766 3755 ἐφαίνοντο
1806 3688 2010 3753 λοιπὸν,

434 3765 625 3834 ἐπειδὴ
647 3765 742 3817 καὶ
775 3763 1062 3834 ἄνθρωπος
1089 3765 1146 3815 ἐν
1175 3763 1390 3834 οὐρανῷ
1415 3765 1610 3837 ἐφάνη.
1645 3773 1802 3822 Δοκεῖ
1832 3771 1887 3824 δέ
1924 3788 2013 3842 μοι

435 3846 530 3900 καὶ
557 3847 590 3917 ή
618 3847 844 3918 ἁρπαγὴ
877 3845 971 3898 τοῦ
1001 3845 1218 3898 Παύλου
1251 3847 1444 3900 τούτου
1481 3866 1540 3902 τε
1572 3851 1758 3904 ἕνεκεν
1789 3856 2014 3925 γεγενῆ-

436 3927 584 3994 σθαι,
614 3928 708 3982 καὶ
735 3927 832 3993 τοῦ
854 3927 1026 3994 δεῖξαι
1066 3929 1151 3980 ὅτι
1183 3929 1280 3982 καὶ
1310 3932 1339 3982 6
1383 3929 1508 3994 Υἰὺς
1541 3932 1661 3984 ἐκεῖ
1709 3934 2008 4006 ἀνελήφθη.

447 4009 536 4064 Ἐν
571 4011 669 4082 μὲν
702 4011 810 4084 γάρ
849 4011 919 4082 τῇ
957 4013 1029 4081 γῇ
1078 4009 1240 4080 διπλῆ
1289 4013 1322 4082 ή
1385 4013 1598 4084 είρήνη,
1635 4016 1730 4068 καὶ
1777 4018 1914 4089 πρὸς
1943 4020 2013 4074 τά

431 4092 752 4166 ιωυράνια,
808 4093 902 4147 καὶ
955 4093 1092 4162 πρὸς
1143 4095 1348 4149 ἑαυτάο
1399 4097 1458 4148 ὲν
1495 4096 1552 4149 δὲ
1596 4101 1709 4159 τοῖς
1765 4099 2010 4171 οὐρανοῖς

433 4176 602 4248 ἁπλῆ.
641 4176 706 4228 Εἰ
739 4176 849 4248 γὰρ
877 4175 971 4230 ἐπὶ
1017 4176 1098 4230 ἐνὶ
1143 4178 1456 4250 ἁμαρτωλῷ
1492 4181 1841 4250 μετανοοῦντι
1889 4185 2012 4254 χαί-

433 4275 620 4332 ρουσιν
642 4260 692 4312 οἰ
711 4258 956 4329 ἄγγελοι,
982 4259 1165 4331 πολλῷ
1183 4261 1383 4332 μᾶλλον
1400 4263 1493 4316 ἐπὶ
1510 4263 1804 4328 τοσούτοις.
1825 4267 2010 4323 Ταῦτα

429 4341 610 4396 πάντα
639 4341 672 4412 ή
697 4341 793 4395 τοῦ
836 4340 977 4394 Θεοῦ
1020 4342 1174 4412 ἰσχὺς
1207 4343 1560 4416 κατώρθωσε.
1598 4346 1664 4400 Τί
1705 4343 1798 4401 οῦν
1839 4349 2007 4420 ἀγγὲ‹

427 4423 543 4488 λοις
571 4423 850 4496 θαρρεῖτε,
885 4425 1060 4495 φησίς
1093 4426 1364 4480 Τοσοῦτον
1393 4427 1547 4502 [547]
1575 4429 1687 4502 γάρ·
1711 4431 2008 4502 ἀπέχουσιν

426 4506 624 4586 ἐκεῖνοι
657 4507 960 4577 προσάγειν
1010 4507 1178 4579 ὑμᾶς,
1219 4509 1305 4563 ὃτι
1355 4511 1450 4565 καί
1485 4513 2006 4586 ἐκπεπολεμωμένοι

423 4583 570 4660 ἦσαν
603 4589 756 4652 ποτὲ,
797 4589 914 4654 καὶ,
949 4591 998 4642 εἰ
1045 4590 1121 4660 μὴ
1154 4593 1184 4644 6
1210 4590 1340 4656 Θεὸς
1385 4593 1548 4658 αὐτὸς
1599 4583 2002 4665 ὑμᾶς’ὲκείνοις

427 4669 790 4742 κατήλλαξεν,
817 4671 916 4724 οὐκ
947 4671 1014 4726 ἂν
1048 4673 1428 4743 εἰρηνεύσατε.
1471 4676 1536 4728 Τί
1565 4677 1746 4732 τοίνυν
1775 4681 2004 4746 ἐκείνοις

427 4751 826 4834 προστρέχετες
859 4753 1050 4806 Βούλει
1085 4756 1276 4825 μαθεῖν
1308 4759 1416 4812 τῶν
1447 4759 1696 4828 ἀγγέλων
1737 4763 1799 4815 τὸ
1847 4766 2003 4834 μῖσος

423 4837 550 4889 ὅσον
579 4830 727 4904 εἶκον
761 4835 898 4906 “Pb;
933 4837 1103 4906 ἡμᾶς,
1151 4839 1244 4892 καὶ
1273 4839 1390 4904 πῶς
1439 4830 1998 4915 ἀπεστρέφοντονάεῇ

424 4916 517 4982 Et;
547 4917 821 4988 τιμωρίαν
861 4919 1176 4990 ἐπέμποντο
1223 4921 1318 4974 ἐπὶ
1351 4923 1460 4976 τῶν
1513 4925 1882 4996 Ἰσραηλιτῶν,
1911 4931 2002 4984 ἐπὶ

421 4999 516 5054 τοῦ
547 4999 729 5062 Δαυὶδ,
762 5001 856 5054 ἐπὶ
880 5000 990 5056 τῶν
1019 5003 1352 5075 Σοδομιτῶν,
1385 5005 1480 5060 ἐπὶ
1504 5007 1606 5076 τῆς
1635 5009 1878 5075 κοιλάδος
1904 5012 1998 5067 τοῦ

423 5081 806 5165 κλαυθμῶνος.
841 5082 984 5136 Ἀλλ’
1011 5086 1074 5138 06
1095 5085 1190 5138 v6v
1212 5100 1227 5117 '
1251 5086 1366 5140 ἀλλ’
1392 5087 1453 5152 ἐξ
1482 5090 1748 5156 ἐναντίας,
1779 5093 1874 5146 ἐπὶ
1895 5095 2000 5165 γῆς

421 5159 568 5248 ᾖδον-
587 5165 793 5248 σφόδρα
819 5167 1102 5238 χαίροντες
1127 5183 1142 5200 ο
1184 5169 1277 5221 καί
1298 5171 1524 5234 τούτους
1549 5173 1829 5244 κατήγαγε
1860 5159 1998 5248 πρός

421 5245 638 5310 αὐτοὺς,
669 5247 766 5300 καὶ
794 5249 922 5312 τοὺς
953 5249 1277 5320 ἀνθρώπους
1301 5253 1576 5323 ἀνήγαγεν
1610 5257 1744 5309 ἐκεῖ.

371 5340 398 5372 κ’
489 5328 554 5384 δ’.
588 5329 699 5382 Καὶ
739 5329 839 5409 θέα
880 5349 972 5401 μοι
1011 5333 1074 5385 τὸ
1103 5333 1428 5404 παράδοξον.
1469 5335 1703 5400 Τούτους
1744 5339 1995 5409 πρώτους

419 5413 732 5495 κατήγαγεν
761 5406 885 5478 ὧδε,
913 5416 1008 5468 καὶ
1028 5415 1147 5469 τότε
1175 5416 1268 5469 τὸν
1286 5417 1570 5489 ἄνθρωπον
1591 5406 1834 5490 ἀνήγαγε
1857 5425 1992 5495 πρὸς

420 5493 649 5575 αὐτούς’
684 5495 910 5568 οὐρανὸς
950 5498 984 5566 ὴ
1019 5497 1092 5566 γῆ
1135 5499 1382 5567 γέγονεν,
1423 5501 1609 5573 ἐπειδὴ
1645 5504 1712 5556 τὰ
1757 5505 1855 5574 τῆς
1887 5493 1991 5575 γῆς

419 5574 646 5655 ἔμελλεν
670 5576 900 5648 οὐρανὸς
926 5577 1197 5648 δέχεσθαι.
1226 5581 1326 5634 Διά
1356 5583 1513 5636 τοῦτο
1538 5574 1990 5655 εὐχαριστοῦντες

417 5654 681 5738 λιγρμιν,
731 5659 887 5722 Δόξα
938 5659 1008 5712 ἐν
1056 5663 1342 5730 ὑψίστοις
1375 5664 1526 5730 Θεῷ,
1584 5654 1678 5720 και
1734 5667 1833 5720 ἐπὶ
1879 5667 1992 5738 γῆς

418 5737 644 5804 εἰρήνη,
697 5741 766 5792 ἐν
800 5741 1133 5810 ἀνθρώποις
1186 5746 1450 5802 εὐδοκία.
1501 5750 1647 5816 Ἰδοὺ,
1704 5751 1856 5820 φησί,
1889 5737 1988 5806 καὶ

1175 353 1233 410 s.
1275 349 1564 408 JOANNIS
1603 341 2100 406 CHRYSOSTOMI
2143 341 2466 400 ARClll-EP.
2504 338 3062 400 comsnmmop.
3098 309 3133 384 τ’

3595 314 3712 388 322‘

2131 447 2409 532 ἄνθρωποι
2436 462 2714 534 ἐφάνησαν
2747 457 3167 532 εὐσρεστοῦντες
3199 449 3418 534 λοιπόν.-
3438 448 3512 534 ΤίΔ
3531 451 3687 534 ἐστιν,

2135 530 2398 610 Εὐδόκίας
2468 530 3070 612 Καταλλαγήίούκέτι
3138 531 3452 606 μεσότοιχόν
3479 530 3692 612 Δἐστινό

2126 608 2393 696 οὐρανός,
2429 627 2502 680 Τὸ
2549 608 2946 698 πρῶτον-κατά
2994 619 3229 692 ἀριθμὺν
3261 613 3432 668 ἐθνῶν
3475 608 3616 698 ἦσαν
3649 613 3692 698 οί

2129 709 2386 778 ἄγγελοι·
2423 710 2518 764 νῦν
2557 696 2612 764 δέ
2641 711 2700 762 οὐ
2735 708 2874 762 κατά
2909 704 3141 774 ἀριθμὸν
3180 700 3370 764 ἐθνῶν,
3408 697 3546 751 ἁλλά
3566 696 3694 749 κατὰ

2129 793 2362 864 ἀριθμὸν
2407 795 2632 848 πιστῶν.
2675 791 2848 846 Πόθεν
2875 790 3066 859 δῆλον;
3099 789 3300 838 Ἀκουε
3337 781 3429 836 τοῦ
3468 778 3694 864 Χριστοῦ

2130 861 2420 944 λέγοντος·
2482 879 2689 945 Ὁρᾶτε
2731 875 2815 944 μὴ
2867 871 3368 942 καταφρονήσητε
3417 865 3558 929 ἐνὸς
3588 861 3695 916 τῶν

2123 960 2354 1030 μικρῶν
2381 963 2485 1015 τού
2495 979 2625 1016 των.
2663 964 2726 1014 Οἱ
2752 959 2861 1030 γὰρ
2887 957 3128 1026 ἄγγελοι
3151 949 3352 1006 αὐτῶν
3379 946 3697 1030 διαπαντός.
3764 982 3768 985 -

2123 1027 2430 1108 ίβλέπουσι
2465 1045 2526 1098 τὸ
2561 1027 2890 1112 πρόσωπον
2929 1039 3036 1092 τοῦ
3067 1035 3297 1102 Πατρός
3332 1049 3445 1099 μου
3486 1027 3591 1112 τοῦ
3634 1029 3694 1081 ἐν

2129 1125 2256 1192 τοῖς
2279 1127 2576 1192 οὐρανοῖς.
2607 1127 2878 1186 Ἕκαστος
2917 1121 3026 1192 γὰρ
3070 1118 3260 1180 πιστὸς
3300 1115 3530 1182 ἄγγελον
3569 1111 3704 1182 ἔχει,

2132 1207 2257 1261 ἐπεὶ
2287 1209 2382 1260 καὶ
2410 1209 2470 1272 ἐξ
2491 1209 2665 1278 ἀρχῆς
2693 1207 2925 1268 ἕκαστος
2950 1206 3089 1274 ἀνὴρ
3121 1201 3231 1254 τῶν
3272 1196 3577 1266 εὐδοκίμων
3607 1196 3695 1262 ἅγ-

2135 1290 2288 1358 γελον
2319 1287 2429 1360 εἶχε
2459 1305 2470 1318 ⁸
2509 1289 2693 1352 καθώς
2737 1305 2902 1358 φησιν
2926 1289 2954 1340 6
2995 1283 3216 1348 Ἰακώϐ,
3289 1281 3352 1334 '0
3387 1279 3641 1348 ἅγγελος
3667 1279 3699 1330 ό

2129 1371 2364 1442 τρέφων
2381 1390 2477 1442 με,
2524 1371 2624 1426 καί
2664 1374 2697 1425 ό
2720 1370 3020 1439 ρυόμενός
3056 1384 3128 1438 με
3155 1367 3225 1420 ἐκ
3254 1363 3543 1428 νεότητός
3565 1377 3694 1430 μου.

2130 1456 2193 1508 Εἰ
2226 1456 2404 1508 τοίνυν
2427 1455 2692 1523 ἀγγέλους
2725 1454 2941 1522 ἔχομεν,
2971 1452 3252 1521 νήφωμεν,
3297 1445 3554 1514 καθάπερ
3582 1459 3698 1494 παι-

2129 1535 2391 1605 δαγωγῶν
2441 1554 2606 1590 τινων
2664 1537 2795 1606 ἡμῖν
2843 1534 3160 1605 παρόντων·
3197 1533 3430 1600 πάρεστι
3463 1524 3573 1594 γὰρ
3617 1523 3699 1576 καί

2129 1621 2359 1691 δαίμων.
2395 1621 2494 1673 Διά
2524 1617 2678 1672 τοῦτο
2715 1617 3012 1689 εὐχόμεθα,
3049 1616 3143 1668 καὶ
3173 1612 3406 1682 λέγομεν
3429 1606 3698 1691 αἰτοῦντες

2129 1689 2234 1754 τὸν
2252 1701 2485 1770 ἄγγελον
2508 1702 2608 1772 τῆς
2651 1703 2898 1772 εἰρήνης,
2933 1699 3026 1751 καὶ
3062 1693 3340 1764 πανταχοῦ
3368 1691 3593 1762 εἰρήνην
3625 1689 3700 1741 αἰ-

2128 1784 2354 1855 τοῦμεν.
2391 1784 2559 1838 Οὐδὲν
2589 1784 2700 1854 γὰρ
2735 1784 2938 1854 ταύτης
2967 1783 3080 1835 ίσον
3101 1797 3114 1812 ·
3147 1782 3205 1832 ὲν
3234 1779 3356 1840 ταῖς
3392 1772 3701 1844 ἐκκλησίαις

2129 1869 2382 1938 εἰρήνην,
2412 1869 2470 1921 ὲν
2493 1869 2613 1930 ταῖς
2638 1867 2848 1937 εὐχαῖς,
2879 1867 2938 1920 ὲν
2959 1866 3080 1928 ταῖς
3099 1863 3292 1928 λιταῖς,
3323 1861 3381 1914 ὲν
3400 1859 3522 1922 ταῖς
3544 1871 3701 1926 11900—

2134 1953 2358 2022 ρήσεσι·
2391 1952 2486 2004 καὶ
2515 1951 2680 2016 ἅπαξ,
2724 1951 2818 2004 καὶ
2849 1949 2952 2014 δὶς,
3001 1948 3096 2002 καὶ
3133 1949 3278 2017 τρὶς,
3319 1943 3416 1998 καὶ
3446 1939 3701 2002 πολλάκις

2132 2033 2304 2105 αὐτὴν
2330 2033 2547 2087 δίδωσιν
2579 2036 2608 2087 6
2635 2036 2734 2104 τῆς
2779 2033 3106 2102 Ἐκκλησίας
3149 2027 3451 2102 προεστὼς,
3483 2023 3700 2091 Εἰρήνη

2128 2115 2294 2184 ὑμῖν,
2335 2115 2628 2185 ἐπιλέγων.
2665 2115 2762 2169 Διὰ
2801 2115 2857 2168 τί
2871 2132 2886 2182 ;
2927 2115 3052 2168 Ὅτι
3089 2113 3228 2182 αὐτη
3259 2113 3440 2184 μήτηρ
3493 2105 3704 2160 πάντων

2128 2198 2239 2252 τῶν
2271 2199 2492 2269 ἀγαθῶν
2541 2201 2710 2264 ἐστιν,
2756 2197 2896 2267 αῦτη
2926 2197 3024 2268 τῆς
3074 2197 3250 2268 χαρᾶς
3303 2193 3580 2254 ὑπόθεσις.
3612 2189 3702 2242 Διά

2129 2283 2289 2338 τοῦτο
2325 2285 2418 2339 καὶ
2455 2286 2484 2338 6
2525 2283 2763 2356 Χριστὸς
2805 2283 3064 2336 εἰσιοῦσιν
3103 2283 3184 2344 εἰς
3237 2281 3336 2344 τὰς
3381 2277 3560 2339 οἰκίας
3596 2276 3702 2336 τοῖς

2129 2367 2449 2435 ἀποστόλοις
2469 2367 2628 2420 τοῦτο
2657 2365 2837 2432 λέγειν
2855 2364 3188 2436 προσέταξεν
3213 2356 3702 2426 εὐθέως,-καθάπερ

2127 2467 2181 2502 τι
2215 2450 2485 2521 σύμϐολον
2513 2449 2622 2503 τῶν
2661 2449 2884 2519 ἀγαθῶν
2909 2467 2923 2480 -
2954 2449 3384 2517 Εἰσερχόμενοι
3418 2443 3550 2514 γὰρ,
3599 2459 3701 2510 φη-

2129 2533 2237 2596 σὶν,
2268 2534 2354 2599 είς
2383 2533 2490 2598 τὰς
2514 2533 2728 2600 οἰκίας,
2756 2532 2983 2600 λέγετε,
3029 2527 3450 2598 Εἰρήνηλύμῖν.
3491 2525 3700 2592 Ταύτης

2127 2614 2236 2686 γὰρ
2276 2616 2376 2668 οὐκ
2418 2615 2604 2687 οῦσης,
2636 2617 2816 2669 πάντα
2859 2614 3112 2686 περιττά.
3139 2613 3251 2666 Καὶ
3281 2610 3442 2665 πάλιν
3467 2609 3580 2670 τοῖς
3605 2623 3703 2677 μα-

2128 2699 2319 2768 θηταῖς
2348 2697 2556 2766 ἔλεγεν,
2589 2697 2855 2766 Εἰρήνην
2883 2698 3094 2766 ἀφίημι
3125 2695 3288 2765 ὑμῖν,
3319 2693 3567 2763 εἰρήνην
3591 2687 3702 2756 τὴν

2125 2779 2283 2848 ἐμὴν
2319 2779 2528 2848 δίδωμι
2573 2779 2737 2850 ὑμῖν.
2789 2778 2936 2850 Αύτη
2982 2781 3047 2850 τῇ
3096 2778 3288 2850 ἀγάπῃ
3335 2772 3690 2847 προοδοποιεῖ.

2125 2864 2236 2916 Kal
2249 2863 2310 2916 06
2335 2863 2524 2931 λέγειό
2541 2863 2642 2933 τῆς
2657 2863 2983 2935 Ἐκκλησίας
3006 2861 3306 2934 προεστὼς,
3329 2861 3534 2931 Εἰρήνη
3557 2859 3686 2927 ὑμῖν

2127 2947 2334 3012 ἁπλῶς,
2361 2946 2499 3010 ἀλλ’,
2540 2948 2764 3016 Εἰρήνη
2793 2947 2962 3002 πᾶσι.
2991 2945 3058 2999 Τί
3089 2945 3198 3016 γὰρ
3224 2944 3438 3014 ὄφελος,
3470 2941 3536 2995 ἂν
3569 2939 3703 3008 μετά

2123 3029 2278 3084 τοῦδε
2311 3029 2409 3100 μὲν
2455 3031 2679 3101 εἰρήνην
2727 3029 2962 3100 ἔχωμεν,
3002 3028 3118 3099 μεθ’
3153 3029 3345 3098 ἐτέρου
3374 3025 3432 3079 δὲ
3474 3025 3705 3094 πόλεμον

2125 3113 2220 3167 καὶ
2255 3113 2466 3184 μάχηνς
2507 3112 2561 3165 τί
2593 3112 2654 3166 τὸ
2690 3112 2912 3183 κέρδοςς
2942 3113 3076 3164 Οὐδὲ
3105 3111 3212 3183 γὰρ
3247 3113 3308 3164 ἐν
3340 3109 3419 3180 τῷ
3465 3109 3701 3178 σώματι,

2125 3197 2192 3250 ἂν
2235 3195 2304 3248 τὰ
2347 3194 2444 3266 μὲν
2476 3194 2724 3266 ἡσυχάζῃ
2767 3193 2875 3248 τῶν
2921 3195 3221 3264 στοιχείων,
3267 3194 3335 3246 τὰ
3378 3192 3432 3246 δὲ
3479 3192 3698 3244 διαστας

2125 3277 2287 3348 σιάζῃ
2308 3317 2322 3340 ,
2357 3277 2582 3330 δυνατὸν
2629 3277 2838 3345 ὑγίειαν
2869 3277 3188 3331 συνεστάναι
3237 3277 3388 3340 ποτὲ,
3415 3275 3554 3328 ἀλλά
3605 3275 3692 3326 δεᾰι

2121 3360 2220 3431 τῆς
2256 3359 2510 3414 ἁπάντων
2540 3360 2796 3424 εὐταξίας
2825 3362 2918 3414 καὶ
2953 3362 3274 3430 συμφωνίας
3298 3359 3392 3412 καὶ
3429 3359 3654 3429 εἰρήνης
3680 3373 3695 3388 ·

2123 3443 2226 3498 κᾶν
2277 3443 2354 3513 μὴ
2387 3442 2564 3498 πάντα
2595 3443 2868 3516 ἡσυχάζῃ,
2907 3444 3003 3496 καὶ
3042 3443 3270 3496 ἐπὶτῶν
3302 3441 3518 3494 οἰκείων
3559 3441 3710 3510 ὅρων

2125 3526 2286 3598 μένῃ,
2318 3525 2498 3579 πάντα
2531 3527 2998 3597 ἀνατραπήσεται.
3035 3527 3145 3580 Καὶ
3181 3526 3237 3576 ἐν
3282 3525 3347 3593 τῇ
3395 3519 3609 3592 διανοίᾳ
3641 3523 3708 3575 δὲ

2119 3612 2187 3680 τῇ
2217 3609 2487 3680 ἡμετέρᾳ,
2517 3607 2612 3662 ἐὰν
2645 3608 2720 3679 μὴ
2747 3609 2950 3672 πάντες
2979 3607 3313 3678 ήσυχάζωσιν
3342 3606 3391 3658 οἱ
3419 3604 3703 3674 λογισμοὶ,

2121 3693 2310 3762 εἰρήνη
2343 3693 2444 3744 οὐκ
2485 3691 2662 3746 ἔσται.
2697 3690 2964 3744 Τοσοῦτόν
2993 3693 3140 3744 ἐστιν
3174 3687 3378 3758 ἀγαθὸν
3403 3688 3438 3758 ἠ
3481 3687 3702 3759 εἰρήνη,

2119 3772 2194 3836 ὠς
2215 3774 2367 3836 υίοὺς
2404 3773 2540 3826 Θεοῦ
2586 3773 2869 3827 καλεῖσθαι
2908 3774 3037 3836 τοὺς
3077 3772 3248 3843 αὐτῆς
3283 3771 3512 3842 ποιητὰς

2119 3856 2216 3908 καὶ
2259 3856 2627 3926 δημιουργούς
2656 3871 2672 3888 ο
2722 3855 2980 3918 εἰκότως’
3037 3855 3163 3907 ἐπεὶ
3203 3855 3298 3908 xal
3343 3856 3372 3908 6
3429 3853 3550 3917 Υἱὸς
3605 3853 3704 3906 τοῦ

2119 3939 2258 3992 Θεοῦ
2312 3940 2406 3993 ἐπὶ
2447 3939 2623 4011 τούτῳ
2657 3935 2823 4011 ἦλθεν
2872 3940 2953 4002 εἰς
2979 3938 3077 4010 τὴν
3109 3941 3234 4008 γῆν,
3271 3937 3706 4008 εἰρηνοποιήσων

2116 4023 2186 4075 τὰ
2221 4023 2279 4074 ὲν
2307 4023 2372 4092 τῇ
2407 4025 2503 4093 γῇ,
2539 4023 2632 4076 καὶ
2661 4023 2730 4076 τά
2759 4024 2817 4076 ὲν
2845 4024 2959 4086 τοῖς
2979 4021 3250 4094 οὐρανοῖς.
3287 4022 3350 4074 Εἰ
3377 4021 3434 4074 δὲ
3463 4022 3514 4074 οἰ
3542 4021 3702 4092 εἰρη-⁸

2117 4104 2326 4156 νοποιοί
2345 4105 2451 4157 υἱοὶ
2486 4104 2580 4158 τοῦ
2607 4104 2766 4169 Θεοῦ,
2791 4107 2841 4158 οἰ
2881 4105 3262 4174 νεωτεροποιοί
3293 4105 3396 4156 υίοὶ
3419 4103 3700 4159 διαϐόλου..

2119 4185 2185 4236 Τί
2207 4185 2419 4254 λέγεις;
2449 4186 2597 4256 ἕρεις
2635 4187 2730 4240 καὶ
2760 4189 2940 4258 μάχας
2975 4185 3298 4258 ἐμϐάλλειςς
3333 4185 3440 4238 Καὶ
3477 4184 3560 4249 τίς
3601 4187 3702 4240 06-

2115 4284 2224 4331 τως
2259 4267 2462 4332 ἄθλιος,
2503 4270 2701 4340 φησίν;
2744 4270 2868 4325 Εἰσί
2894 4269 3003 4340 γὰρ
3047 4267 3232 4322 πολλοὶ
3274 4266 3558 4338 χαίροντες
3599 4269 3706 4323 ἐπὶ

2113 4352 2228 4412 τοῖς
2259 4355 2468 4415 κακοῖς,
2504 4353 2600 4406 καὶ
2638 4354 2700 4407 τὸ
2737 4353 2898 4425 σῶμα
2933 4351 3024 4407 τοῦ
3071 4349 3306 4422 Χριστοῦ
3354 4349 3705 4416 διασπῶντες

2121 4432 2344 4502 μᾶλλον,
2375 4433 2408 4505 ἢ
2450 4435 2499 4488 οἰ
2548 4435 2875 4505 στρατιῶται
2925 4437 2992 4506 τῇ
3041 4433 3210 4506 λόγχῃ
3246 4431 3543 4502 διέτεμνον,
3580 4433 3614 4505 ἢ
3645 4434 3702 4486 οἰ

2135 4516 2376 4570 Ἰουδαῖοι
2403 4519 2514 4580 τοῖς
2537 4518 2688 4588 ἥλοις
2716 4517 2996 4587 διέκοψαν.
3033 4519 3242 4571 Ἐκεῖνο
3259 4513 3450 4568 τούτου
3473 4515 3700 4568 ἔλαττον

2111 4600 2173 4654 τὸ
2193 4601 2363 4654 κακόν
2389 4619 2402 4631 ·
2437 4603 2621 4654 ὲκεῖνα
2655 4601 3024 4672 διατμηθέντα
3057 4600 3128 4654 τὰ
3171 4599 3306 4671 μέλη
3339 4598 3501 4654 πάλιν
3535 4599 3706 4669 συνήσ-

2093 4681 2258 4751 ,φθηο
2302 4681 2476 4737 ταῦτα
2508 4682 2563 4736 δὲ
2595 4683 3038 4748 ἀποσπασθέντα,
3085 4681 3154 4736 ἂν
3201 4679 3391 4735 ἐνθάδε
3435 4680 3512 4751 μὴ
3563 4697 3699 4733 συν-

2111 4767 2282 4837 αφθῇ,
2306 4766 2490 4820 οὐκέτι
2524 4766 2949 4836 συναφθήσεται,
2983 4765 3119 4820 ἀλλά
3154 4765 3307 4835 μένει
3337 4764 3432 4818 τοῦ
3471 4765 3700 4834 πληρώ·

2111 4866 2282 4919 ματος
2308 4849 2434 4914 ἔξω.
2477 4850 2649 4903 Ὅταν
2689 4849 2852 4920 βούλῃ
2877 4849 2958 4920 τῷ
2993 4847 3210 4919 ἀδελφῷ
3239 4847 3569 4917 πολεμῆσαι,
3600 4849 3696 4900 ὲν-

2107 4930 2299 5000 νόησον
2337 4933 2421 4985 ὅτι
2453 4933 2568 4994 τοῖς
2609 4932 2798 5002 μέλεσι
2839 4931 2932 4986 τοῦ
2981 4931 3218 5001 Χριστοῦ
3273 4931 3550 4998 πολεμεῖς.
3595 4930 3698 4982 καὶ

2107 5013 2315 5067 παῦσαι
2337 5015 2437 5084 τῆς
2471 5014 2687 5086 μανίας.
2717 5015 2782 5068 Τί
2807 5015 2937 5087 γὰρ,
2979 5016 3026 5068 εί
3065 5015 3476 5086 ἀπερῤιμμένος
3515 5014 3694 5077 ἐστὶν,

2104 5098 2154 5150 εἰ
2187 5097 2450 5168 εὐτελής;
2487 5097 2538 5150 τί
2561 5098 2691 5169 γάρ,
2721 5101 2769 5152 εί
2799 5099 3306 5170 εὐκαταφρόνητος;
3347 5097 3549 5162 Οὕτως
3573 5098 3698 5150 οὐκ

2101 5179 2236 5232 ἐστι
2263 5177 2514 5247 θέλημα,
2551 5181 2738 5252 φησιν,
2769 5181 3114 5250 ἔμπροσθεν
3149 5179 3257 5234 τοῦ
3287 5180 3518 5246 Πατρός
3539 5196 3693 5244 μου,

2102 5261 2204 5314 ἵνα
2239 5261 2544 5328 ἀπόληται
2569 5259 2660 5328 εἷς
2683 5262 2808 5317 τῶν
2823 5263 3056 5332 μικρῶν
3080 5263 3308 5316 τούτων
3327 5279 3341 5293 ·
3369 5263 3464 5315 καὶ
3493 5261 3688 5314 πάλιν·

2097 5345 2162 5396 Οί
2190 5342 2431 5413 ἄγγελοι
2467 5343 2670 5400 αὐτῶν
2704 5345 3036 5412 διαπαντὸς
3057 5345 3368 5410 βλέπουσι
3393 5345 3459 5398 τὸ
3489 5348 3695 5412 πρόσ-

2099 5439 2264 5479 ωπον
2303 5425 2408 5480 τοῦ
2453 5427 2683 5494 Πατρός
2719 5444 2840 5496 μου
2873 5427 2980 5482 τοῦ
3020 5429 3092 5482 ἑν
3118 5427 3242 5494 τοῖς
3267 5426 3569 5494 οὐρανοῖς.
3625 5427 3696 5480 Ὁ

2101 5508 2232 5572 Θεὸς
2270 5509 2339 5562 δι’
2373 5508 2535 5562 αὐτὸν
2573 5509 2669 5563 καὶ
2699 5510 2885 5574 δοῦλος
2917 5513 3156 5580 ἐγένετο,
3194 5513 3290 5565 καὶ
3322 5511 3535 5581 ἐσφάγη
3565 5526 3580 5540 ·
3613 5511 3696 5563 σὺ

2097 5589 2156 5643 δὲ
2183 5591 2336 5644 οὐδὲν
2360 5591 2522 5644 αὐτὸν
2550 5587 2691 5648 εἶναι
2711 5594 2988 5663 νομίζεις;
3013 5594 3224 5649 Οὐκοῦν
3249 5595 3396 5666 μάχῃ
3421 5595 3516 5647 καὶ
3538 5593 3696 5648 κατὰ

2098 5672 2256 5726 τοῦτο
2283 5673 2364 5744 τῷ
2397 5673 2539 5745 Θεῷ,
2582 5675 2682 5739 τὰς
2724 5677 2976 5740 ἐναντίας
3018 5678 3172 5747 αὐτῷ
3210 5678 3394 5746 φέρων
3439 5675 3694 5745 ψήφους.

2102 5754 2272 5810 ’Ὅταν
2300 5757 2515 5830 εἰσέλθῃ
2553 5757 2582 5811 6
2613 5757 2711 5828 τῆς
2765 5759 3090 5830 Ἐκκλησίας
3127 5757 3426 5830 προεστὼς,
3464 5756 3687 5820 εὐθέως
