4026 6148
379 334 493 391 .331

396 445 676 510 habitavit,
721 458 827 500 non
880 441 1121 513 operatio
1169 439 1366 510 aliqua,
1413 439 1507 495 sed
1553 436 1805 493 essentia.
1858 432 1975 487 Non

395 545 571 607 potest
597 535 755 590 ullam
783 533 959 588 dicere
983 545 1222 593 causam,
1245 531 1346 586 nisi
1379 530 1470 585 Dei
1488 530 1812 584 voluntatum
1840 543 1852 579 :
1878 525 1980 578 hoc

398 631 537 682 enim
565 638 668 691 est,
700 625 766 679 In
789 625 897 691 ipso
922 622 1251 693 complacuit,
1280 631 1327 675 et
1349 637 1438 689 per
1465 637 1577 674 eum
1606 619 1776 672 omnia
1805 631 1980 670 recon-

399 717 571 771 ciliare
597 717 649 769 in
678 716 808 784 ipso.
839 712 916 766 Ne
944 712 1220 768 existimes
1248 710 1389 780 quod
1412 711 1549 765 servi
1582 720 1759 779 partes
1796 719 1980 761 susce-

399 808 554 877 perit,
585 805 649 859 In
699 806 883 875 seipse,
917 804 1108 873 inquit.
1142 802 1302 872 Atqui
1346 802 1474 856 alibi
1519 800 1648 855 dicit
1676 798 1817 869 quod
1869 798 1978 851 Deo

399 895 725 960 reconciliet,
760 897 895 949 sicut
921 894 971 947 in
1002 892 1241 963 Epistola
1269 893 1333 946 ad
1379 891 1681 947 Corinthios
1712 888 1971 955 scribens.

396 988 620 1042 dicebat.
685 986 849 1041 Recte
900 996 1077 1040 autem
1123 985 1290 1048 dixit,
1355 984 1454 1038 Per
1504 1001 1615 1038 eum
1651 983 1979 1037 reconciliare

392 1082 410 1145 (
434 1078 487 1132 2.
516 1077 636 1134 Cor.
671 1079 797 1147 15).
826 1077 942 1132 Jan:
971 1077 1113 1131 enim
1140 1086 1290 1131 erant
1320 1075 1671 1141 reconciliati,
1714 1073 1806 1129 sed
1858 1088 1978 1143 per-

391 1168 529 1223 fecte
580 1167 887 1238 oportebat,
931 1175 985 1221 ut
1015 1182 1120 1220 non
1164 1173 1346 1220 essent
1384 1164 1616 1233 amplius
1660 1163 1709 1219 ei
1755 1163 1973 1217 inimici.

394 1257 674 1327 Quomodo
704 1257 756 1311 id
787 1257 897 1320 ﬁat,
929 1256 1164 1311 declarat
1188 1263 1394 1325 postea.
1423 1253 1536 1307 Non
1571 1254 1712 1309 enim
1745 1253 1865 1307 data
1896 1259 1976 1305 est

395 1350 570 1404 solum
600 1327 994 1413 reconciliatio,
1047 1347 1138 1401 sed
1167 1347 1326 1401 etiam
1357 1346 1548 1400 modus
1576 1345 1975 1400 reconciliatio-

395 1439 499 1491 nis.
538 1436 828 1507 Paci/lcum
867 1453 955 1505 per
999 1437 1294 1507 sanguinem
1320 1437 1483 1489 crucis
1512 1437 1637 1505 ejus.
1670 1434 1975 1489 Inimicitias

397 1528 613 1597 quidem
666 1526 906 1582 ostendit.
943 1527 1092 1591 illttd,
1144 1525 1523 1591 Reconciliare;
1567 1525 1766 1580 bellum
1796 1534 1974 1579 autem

398 1619 528 1674 illud
548 1662 563 1686 ,
594 1618 905 1687 Paciﬁcans.
938 1615 1043 1671 Per
1069 1617 1365 1688 sanguinem
1387 1656 1402 1683 ,
1436 1616 1622 1686 inquit,
1673 1616 1835 1669 crucis
1866 1617 1975 1684 ejus

396 1708 447 1761 in
474 1709 604 1777 ipso,
633 1708 736 1762 sive
756 1724 869 1778 qua:
894 1709 945 1760 in
971 1708 1137 1771 terris,
1166 1709 1268 1761 sive
1293 1722 1406 1777 qua:
1426 1707 1477 1759 in
1511 1707 1648 1759 ca’lis
1695 1716 1827 1760 sunt.
1863 1704 1973 1757 Ma-

394 1814 556 1868 gnum
587 1799 800 1869 quidem
828 1807 910 1852 est
956 1796 1340 1861 reconciliare;
1398 1811 1494 1865 per
1544 1796 1715 1864 ipsum
1757 1803 1969 1858 autem,

395 1889 593 1957 majus;
620 1899 672 1944 et
701 1903 767 1943 eo
792 1888 965 1958 majus
989 1897 1091 1954 est,
1114 1901 1211 1956 per
1237 1886 1549 1956 sanguinem
1596 1885 1730 1954 ejus.
1760 1883 1827 1939 Et
1870 1900 1974 1938 non

396 1980 566 2033 solum
596 1995 692 2050 per
730 1982 1063 2049 sanguinem,
1114 1978 1210 2033 sed
1240 1978 1382 2048 quod
1412 1987 1493 2031 est
1528 1991 1593 2031 eo
1622 1977 1793 2046 majus
1815 2017 1830 2042 ,
1881 1991 1976 2046 per

397 2087 633 2126 crucem.
665 2070 1022 2139 Quamobrem
1066 2070 1300 2140 quinque
1327 2078 1454 2124 sunt
1479 2068 1832 2134 admirabilia,
1866 2068 1975 2122 Deo

396 2154 786 2225 reconciliavit,
809 2176 905 2230 per
933 2161 1190 2229 seipsum,
1215 2175 1309 2230 per
1328 2168 1578 2226 mortem,
1609 2174 1706 2229 per
1734 2174 1969 2213 crucem.

398 2254 589 2325 Paptel
618 2252 887 2324 quomodo
912 2266 1095 2306 rursus
1120 2251 1371 2307 miscuit?
1398 2251 1529 2305 Nam
1554 2267 1619 2306 ne
1646 2250 1976 2308 existimares

398 2360 562 2397 unum
590 2358 729 2407 esse,
773 2357 948 2413 neque
973 2356 1188 2397 crucem
1215 2356 1334 2396 esse
1359 2342 1555 2412 aliquid
1587 2357 1681 2411 per
1719 2356 1796 2404 se,
1825 2342 1973 2409 dicit,

398 2432 505 2486 Per
532 2434 773 2502 seipsum.
801 2431 1080 2498 Quomodo
1109 2433 1254 2486 novit
1283 2432 1382 2486 hoc
1402 2447 1520 2485 esse
1538 2447 1781 2500 magnum
1799 2434 1822 2485 '3
1842 2432 1973 2486 Cmn

392 2542 502 2582 non
526 2527 721 2592 verbis,
750 2528 844 2582 sed
891 2528 1069 2597 scipso
1092 2527 1217 2582 dato
1256 2542 1353 2598 pro
1398 2529 1848 2593 reconciliatione,
1898 2528 1976 2583 sic

386 2620 570 2674 omnia
620 2619 815 2676 ell'ecit.
867 2619 1005 2687 Quid
1058 2629 1140 2675 est
1181 2630 1356 2674 autem
1385 2621 1533 2687 illud,
1562 2620 1760 2687 Quwin
1797 2620 1975 2675 aviis?

389 2728 512 2768 nam
543 2728 660 2783 quae
689 2713 741 2767 in
768 2721 910 2769 terra
941 2712 1154 2782 quidem
1177 2722 1317 2778 sunt,
1356 2714 1579 2779 merito;
1605 2714 1803 2783 repleta
1829 2714 1969 2767 enim

383 2813 505 2859 erat
531 2804 840 2870 inimicitiis,
873 2813 928 2858 et
953 2802 1120 2857 divisa
1154 2811 1266 2857 erat
1296 2803 1347 2856 in
1377 2803 1568 2873 multa,
1604 2813 1656 2858 et
1685 2804 1971 2875 unusquis-

393 2913 495 2967 que
519 2906 756 2951 nostrum
798 2909 978 2949 secum
1029 2892 1323 2949 dissidebat
1364 2903 1562 2947 etcum
1596 2894 1777 2947 multis
1810 2911 1821 2946 :
1852 2910 1971 2963 qum

395 2996 574 3038 autem
603 2994 724 3038 sunt
753 2984 804 3038 in
855 2983 1002 3037 etelis
1031 2982 1300 3051 quomodo
1330 2983 1665 3053 paciﬁeavit?
1706 2983 1810 3036 illic
1838 2999 1969 3053 quo-

396 3093 502 3147 que
532 3086 647 3131 erat
673 3076 870 3130 bellum
916 3083 969 3129 et
999 3077 1209 3143 pugna?
1241 3084 1295 3129 et
1348 3073 1616 3143 quomodo
1636 3064 1857 3128 oramus
1886 3075 1970 3128 di-

394 3177 610 3229 centes,
644 3164 766 3218 Fiat
808 3165 1036 3219 uoluntas
1077 3175 1165 3217 tua
1205 3164 1331 3217 sicut
1375 3166 1426 3217 in
1464 3165 1589 3218 cazlo
1642 3174 1688 3217 ct
1740 3165 1792 3217 in
1838 3175 1971 3219 terra

393 3255 617 3329 (Matth.
643 3254 694 3309 6.
720 3254 824 3327 10)
849 3255 871 3308 ?
892 3254 1017 3323 quid
1045 3268 1173 3323 ergo
1201 3253 1317 3307 est?
1346 3252 1593 3307 Abscissa
1619 3264 1732 3307 erat
1773 3262 1909 3309 terra
1940 3268 1970 3307 a

390 3349 526 3403 caelo
554 3390 567 3413 ,
596 3347 793 3403 bellum
817 3346 1077 3417 gerebant
1104 3344 1274 3414 angeli
1302 3344 1554 3399 adversus
1580 3344 1824 3399 homines
1848 3386 1863 3411 ,
1894 3346 1971 3397 vi-

386 3440 578 3498 dentes
603 3457 757 3497 suum
788 3440 1066 3495 Dominum
1086 3441 1281 3509 probro
1300 3445 1353 3491 et
1371 3438 1685 3491 contumelia
1701 3436 1968 3491 allectum.

394 3534 528 3589 Dicit
552 3534 727 3588 omnia
747 3533 1024 3587 instaurari
1044 3532 1096 3585 in
1117 3532 1347 3595 Christo,
1367 3546 1483 3600 qua:
1513 3531 1705 3585 suntin
1735 3532 1896 3594 czelis,
1918 3540 1972 3586 et

395 3640 514 3695 qua:
530 3633 653 3678 sunt
673 3625 724 3676 in
754 3632 893 3677 terra
915 3622 933 3693 (
952 3621 1141 3691 Ephes.
1167 3623 1216 3676 1.
1246 3620 1375 3691 10).
1400 3620 1717 3687 Quomodo?
1747 3621 1821 3675 Ea
1853 3636 1971 3690 qua:

396 3724 524 3768 sunt
553 3714 604 3767 in
642 3713 772 3767 caelo
820 3711 897 3767 sic
936 3732 949 3767 :
1003 3711 1265 3765 transtulit
1307 3711 1433 3764 illuc
1460 3709 1753 3777 hominem,
1796 3710 1972 3764 inimi-

392 3822 518 3863 cum
541 3806 629 3876 qui
648 3805 771 3859 odio
789 3803 1082 3858 habebatur
1104 3803 1207 3857 illis
1233 3802 1483 3857 reddidit.
1515 3801 1630 3857 Non
1655 3802 1826 3857 solum
1850 3816 1969 3871 quae

394 3907 520 3953 sunt
542 3898 594 3951 in
626 3906 762 3950 terra
790 3895 913 3949 fecit
942 3909 1125 3963 pacem
1154 3908 1329 3963 agere,
1355 3893 1449 3948 sed
1478 3892 1545 3947 ad
1582 3894 1727 3963 ipsos
1755 3893 1970 3948 sustulit

390 3992 602 4046 hostem
630 3998 683 4043 et
704 3987 995 4043 inimicum.
1030 3986 1140 4041 lloc
1185 4001 1284 4055 pax
1317 3985 1598 4054 profunda.
1630 3985 1817 4055 Angeli
1844 4000 1968 4039 rure

386 4098 481 4138 sus
506 4089 797 4136 cernuntur
824 4079 875 4133 in
909 4088 1067 4143 terra,
1092 4078 1339 4147 quoniam
1380 4075 1542 4131 homo
1565 4092 1781 4146 quoque
1801 4091 1966 4145 appa-

385 4173 497 4228 ruit
521 4173 571 4225 in
603 4171 755 4224 erelo.
785 4168 912 4223 Mihi
939 4176 1116 4221 autem
1141 4166 1352 4221 videtur
1396 4180 1459 4221 ea
1504 4166 1573 4221 de
1599 4180 1760 4221 causa
1806 4166 1968 4221 fuisse

385 4272 569 4331 raptus
609 4260 828 4324 Paulus,
859 4268 913 4312 et
965 4240 1028 4312 ut.
1052 4255 1365 4311 ostenderet
1393 4256 1536 4326 quod
1566 4256 1732 4311 Filius
1757 4270 1968 4328 quoque

386 4356 513 4410 illuc
542 4355 612 4407 sit
639 4363 964 4422 assumptus.
998 4350 1126 4404 Nam
1156 4351 1211 4404 in
1241 4359 1383 4404 terra
1408 4364 1512 4420 pax
1553 4359 1636 4405 est
1665 4349 1887 4418 duplex,
1917 4359 1969 4404 et

384 4460 511 4500 cum
539 4444 858 4506 ctelesﬁbus,
890 4452 944 4498 et
965 4443 1104 4497 inter
1127 4457 1224 4507 se;
1254 4443 1306 4496 in
1339 4441 1485 4497 caelis
1513 4450 1688 4497 autem
1718 4441 1964 4510 simplex.

384 4535 524 4589 Nam
554 4536 597 4588 si
629 4545 846 4603 propter
869 4550 1029 4587 unum
1051 4542 1391 4603 peccatorem
1414 4533 1781 4602 pmnitentiam
1808 4547 1968 4602 agen-

384 4635 498 4680 tem
521 4623 768 4677 ltetantur
783 4624 975 4693 angeli,
994 4624 1164 4678 multo
1190 4625 1361 4693 magis
1378 4632 1594 4693 propter
1615 4631 1720 4677 tam
1750 4625 1963 4677 multos.

378 4716 511 4769 ειη-ο
534 4714 713 4767 omnia
744 4711 917 4767 ell'ecit
947 4713 1038 4768 Dei
1067 4714 1257 4768 virtus.
1288 4714 1394 4768 Cur
1421 4728 1570 4782 ergo,
1596 4713 1784 4783 inquit,
1809 4728 1968 4784 ange-

374 4805 446 4857 its
477 4802 744 4856 conliditis
760 4801 783 4854 ?
801 4802 1028 4856 Tantum
1051 4803 1192 4857 enim
1215 4802 1388 4868 abest,
1414 4811 1470 4857 ut
1497 4803 1568 4856 illi
1591 4818 1683 4857 vos
1702 4804 1969 4858 adducant

373 4903 439 4946 ct
469 4907 740 4946 accessum
771 4893 1065 4960 prtebeant,
1099 4902 1157 4947 ut
1182 4894 1343 4948 etiam
1369 4893 1570 4948 bellum
1596 4896 1878 4965 gesserint,
1914 4905 1967 4950 et

372 4982 487 5035 nisi
542 4995 637 5033 vos
687 4981 823 5036 Deus
871 4983 984 5051 ipse
1030 4983 1135 5037 illis
1183 4984 1601 5051 reconciliasset,
1640 5000 1822 5055 pacem
1859 5001 1964 5040 non

373 5071 615 5125 habituri
634 5071 812 5124 eratis.
837 5071 972 5138 Quid
999 5088 1127 5142 ergo
1153 5076 1218 5129 ad
1245 5075 1367 5130 illos
1389 5077 1704 5130 accurritis?
1724 5077 1813 5130 Vis
1830 5079 1965 5133 scire

367 5171 639 5231 quantum
667 5161 974 5231 angelorum
1000 5175 1144 5219 esset
1170 5166 1222 5219 in
1251 5181 1349 5220 nos
1387 5166 1585 5230 odium,
1617 5179 1670 5222 et
1697 5169 1965 5236 quomodo

364 5266 478 5308 nos
519 5266 736 5321 semper
772 5253 1194 5309 aversabantur?
1217 5255 1496 5310 Mittuntur
1536 5257 1603 5311 ad
1646 5259 1961 5328 supplicium

360 5342 633 5396 adversus
656 5341 949 5410 lsraelitas,
982 5345 1239 5400 adversus
1273 5345 1457 5412 David,
1506 5348 1761 5402 adversus
1792 5349 1965 5404 Sodo-

358 5435 553 5497 mittis,
589 5434 641 5488 in
673 5435 814 5490 valle
841 5436 1039 5491 luctus.
1071 5437 1176 5492 Sed
1224 5455 1329 5493 non
1377 5456 1548 5503 nunc;
1599 5443 1705 5495 itno
1733 5452 1916 5497 contra
1944 5484 1958 5508 ,

357 5530 421 5583 in
460 5537 600 5580 terra
630 5528 901 5582 canebant
922 5528 1083 5584 valde
1121 5529 1400 5598 laetantes;
1436 5541 1490 5586 et
1519 5532 1616 5587 hos
1645 5532 1866 5587 deduxit
1894 5532 1960 5587 ad

352 5619 540 5690 ipsos,
572 5628 627 5673 et
654 5618 907 5675 homines
937 5621 1063 5675 illuc
1090 5625 1321 5677 sustulit.

434 5709 494 5762 4.
539 5708 603 5763 In
652 5710 870 5764 decursu
916 5712 1070 5781 hujus
1110 5717 1307 5767 numeri
1334 5717 1516 5770 mentio
1542 5717 1629 5784 [iet
1667 5717 1729 5771 de
1754 5716 1958 5786 Angelis

1316 326 1383 383 1N
1420 324 1634 382 EPIST.
1678 322 1768 377 AD
1806 314 2074 376 COLOSS.
2117 315 2273 374 CAP.
2321 321 2358 374 Ι.
2392 321 2624 380 HOMIL.
2689 323 2778 378 lll.

3560 333 3666 388 322

2089 434 2417 499 custodibus;
2443 453 2545 504 pax
2566 446 2612 491 et
2636 436 2907 491 concordia
2924 439 3417 495 couttttendabuutur
3433 483 3449 506 ,
3491 445 3671 499 redar-

2087 532 2301 591 guentur
2327 526 2438 579 lites
2464 535 2510 579 et
2537 526 2767 581 dissidia.
2805 556 2875 568 -—-
2902 526 2971 582 Et
2998 529 3125 584 mihi
3154 532 3519 601 contemplare
3548 549 3664 590 rem

2086 613 2407 670 mirandam.
2460 616 2571 671 llos
2601 619 2802 687 primos
2831 621 2934 674 huc
2958 620 3211 688 deduxit;
3244 633 3297 679 et
3333 634 3461 679 tunc
3484 624 3660 681 homi-

2088 718 2210 759 nem
2240 705 2308 760 ad
2330 721 2425 761 eos
2454 710 2709 767 sustulit:
2739 711 2927 765 caelum
2959 712 3091 768 facta
3115 725 3197 770 est
3230 724 3391 780 terra,
3414 718 3666 787 quoniam

2086 809 2203 862 qua:
2223 804 2379 850 erant
2401 804 2579 863 teme,
2609 801 2797 854 caelum
2829 812 2944 857 erat
2968 808 3662 878 suscepturum.Propterea

2084 885 2282 953 gratias
2308 895 2527 954 agentes
2552 889 2778 944 dicimus
2803 906 2820 943 :
2859 890 3036 948 Gloria
3061 895 3113 948 in
3140 898 3349 951 excelsis
3380 897 3507 957 Deo,
3540 910 3586 952 et
3611 900 3665 953 in

2088 984 2219 1026 terra
2236 992 2359 1044 pax,
2390 977 2671 1034 hominibus
2693 980 2838 1036 bona:
2852 982 3351 1052 voluntatis(Lttc.9..
3372 984 3477 1056 14).
3498 988 3656 1052 Ecce,

2086 1065 2290 1135 inquit,
2341 1061 2706 1138 apparuerunt
2733 1073 2893 1126 etiam
2931 1071 3177 1129 homines
3200 1075 3267 1130 de
3297 1087 3493 1133 caztero
3523 1077 3662 1134 bene

2084 1156 2380 1224 placentes.
2436 1159 2571 1227 Quid
2609 1171 2693 1215 est
2718 1163 2852 1217 bene
2889 1164 3184 1232 placitum?
3227 1166 3655 1226 Reconciliatio:

2084 1261 2191 1300 non
2221 1255 2301 1302 est
2323 1250 2547 1320 amplius
2568 1250 2754 1306 cat-lum
2778 1254 2953 1322 paries
2978 1255 3345 1311 intermedius.
3369 1258 3549 1314 Primo
3570 1274 3659 1315 se-

2083 1333 2313 1389 cundum
2344 1353 2624 1393 numerum
2652 1342 2886 1410 gentium
2916 1353 3071 1399 erant
3115 1346 3291 1414 angeli
3341 1346 3516 1416 (Deut.
3567 1349 3658 1406 32.

2083 1425 2134 1480 8.
2161 1428 2213 1480 in
2241 1426 2480 1501 Graeco);
2540 1447 2681 1486 nunc
2705 1442 2881 1488 autem
2912 1449 3018 1489 non
3052 1437 3343 1492 secundum
3376 1455 3656 1495 numerum

2082 1517 2343 1584 gentium,
2369 1520 2463 1574 sed
2481 1522 2773 1575 secundum
2797 1540 3075 1579 numerum
3095 1525 3353 1584 ﬁdelium.
3380 1529 3535 1586 Unde
3555 1532 3656 1588 hoc

2083 1619 2294 1664 constat
2334 1612 2357 1664 ?
2383 1612 2521 1667 Audi
2549 1612 2819 1668 Christum
2849 1616 3115 1671 dicentem
3149 1638 3162 1674 :
3212 1620 3383 1675 Videte
3410 1640 3472 1677 ne
3494 1625 3662 1692 despi-

2080 1699 2225 1753 ciatis
2253 1718 2407 1755 unum
2431 1718 2493 1755 ea:
2529 1703 2639 1757 istis
2667 1705 2889 1774 pusillis.
2915 1707 3095 1778 Ληρειί
3121 1711 3251 1763 enim
3278 1729 3451 1766 eorum
3484 1731 3659 1785 perpe-

2083 1799 2168 1842 ttto
2190 1790 2355 1843 vident
2385 1792 2564 1861 faciem
2584 1791 2760 1846 Patris
2780 1796 2983 1865 mei,qui
3008 1798 3145 1851 estin
3171 1801 3307 1855 uelis
3329 1801 3539 1871 (Matth.
3569 1805 3657 1859 18.

2083 1881 2198 1951 10).
2228 1880 2605 1954 Unusquisque
2648 1885 2792 1941 enim
2822 1886 2992 1943 fidelis
3026 1890 3183 1945 habet
3213 1893 3459 1963 angelum
3491 1914 3503 1949 :
3535 1912 3656 1952 nam

2080 1972 2237 2026 etiam
2250 1973 2318 2029 ab
2331 1974 2479 2029 initio
2490 1978 2847 2048 unusquisque
2856 1979 3139 2050 virprobus
3155 1981 3382 2039 habebat
3392 1987 3658 2056 angelum,

2086 2063 2227 2118 sicut
2255 2065 2383 2119 dicit
2405 2065 2594 2123 Iacob:
2622 2069 2842 2139 Angelus
2862 2073 2948 2141 qui
2967 2074 3128 2143 pascit
3154 2091 3233 2129 me
3247 2084 3291 2129 et
3309 2076 3487 2130 liberat
3515 2095 3593 2131 me
3622 2096 3656 2133 a

2072 2156 2335 2225 iuventute
2350 2176 2457 2213 mea
2480 2159 2632 2231 (Cen.
2652 2163 2870 2234 48.16).
2892 2165 2946 2220 Si
2973 2182 3101 2237 ergo
3132 2166 3386 2224 habemus
3408 2173 3651 2242 angelos,

2080 2247 2322 2303 modeste
2350 2264 2449 2304 nos
2476 2266 2723 2321 geramus
2754 2262 3021 2326 tamquam
3057 2258 3209 2313 nobis
3238 2260 3416 2316 adsint
3440 2263 3654 2332 quidam

2082 2339 2386 2412 pmdagogi:
2419 2358 2540 2397 nam
2580 2345 2733 2400 adest
2758 2348 2917 2402 etiam
2945 2349 3176 2404 diemon.
3201 2351 3494 2423 Pmpterea
3524 2371 3653 2410 ora-

2079 2446 2218 2496 mus,
2247 2441 2302 2487 ct
2356 2432 2584 2489 dicimus
2612 2444 2853 2503 petentes
2890 2441 3137 2509 angelum
3182 2443 3349 2510 pacis,
3381 2454 3435 2498 et
3462 2445 3656 2515 ubique

2080 2538 2265 2592 pacem
2295 2526 2545 2594 petimus.
2599 2528 2737 2582 Nihil
2764 2531 2905 2585 enim
2936 2542 3111 2602 potest
3138 2535 3185 2589 ei
3208 2536 3521 2606 aequiparari
3554 2555 3568 2591 :
3602 2538 3653 2592 in

2082 2614 2335 2670 Ecclesiis
2365 2631 2570 2684 pacem,
2605 2619 2658 2672 in
2690 2620 3191 2690 supplicationibus,
3227 2625 3277 2679 in
3309 2626 3618 2682 salutationi
3632 2656 3651 2668 -

2079 2702 2210 2771 hus;
2258 2717 2311 2759 et
2354 2709 2517 2761 semel
2553 2718 2607 2763 et
2632 2708 2713 2763 bis
2747 2720 2801 2765 et
2833 2721 2944 2777 ter,
2976 2722 3029 2767 et
3059 2729 3201 2784 stupe
3227 2731 3342 2770 eam
3371 2716 3464 2771 dat
3490 2716 3535 2772 is
3563 2734 3652 2788 qut

2079 2804 2273 2863 praeest
2294 2795 2568 2863 Ecclesiae,
2592 2799 2777 2855 dicens
2802 2818 2815 2852 :
2848 2800 2964 2856 Pax
2980 2804 3131 2859 vobis.
3157 2803 3370 2872 Quare?
3389 2806 3651 2877 Quoniam

2078 2888 2191 2957 ipsa
2218 2896 2301 2943 est
2323 2899 2493 2947 mater
2516 2892 2753 2946 omnium
2782 2892 3068 2962 bonorum,
3102 2896 3212 2966 ipsa
3233 2908 3315 2952 est
3339 2900 3516 2969 gaudii
3540 2916 3655 2955 nia-

2080 2978 2208 3033 teria
2252 2988 2307 3034 ct
2352 2991 2748 3050 argumentum.
2803 2983 3091 3054 Propterea
3149 2986 3395 3044 Christus
3434 3006 3650 3062 quoque

2077 3069 2353 3137 apostolos
2375 3070 2565 3125 domos
2594 3071 2954 3141 ingredientes
2984 3075 3082 3130 hoc
3099 3076 3256 3146 jussit
3283 3080 3459 3134 statim
3478 3082 3653 3139 dicere

2078 3167 2343 3230 tamquam
2395 3161 2607 3230 aliquod
2659 3163 2919 3219 bonorum
2972 3168 3273 3237 symbolum
3320 3189 3333 3224 :
3395 3171 3653 3228 lntrantes

2077 3249 2240 3316 enim,
2262 3250 2449 3319 inquit,
2476 3251 2670 3318 domos,
2688 3253 2838 3307 dicite
2858 3270 2877 3308 :
2898 3254 3012 3308 Pax
3036 3258 3171 3311 vobis
3194 3258 3404 3329 (Matth.
3423 3262 3509 3317 10.
3539 3262 3650 3333 12).

2075 3336 2205 3391 Nam
2226 3338 2270 3392 si
2297 3353 2359 3392 ea
2378 3354 2479 3392 non
2504 3340 2592 3405 sit,
2612 3342 2786 3394 omnia
2805 3352 2928 3396 sunt
2948 3359 3363 3414 supervacanea.
3385 3350 3451 3405 Et
3467 3368 3653 3409 rursus

2075 3428 2285 3483 diccbat
2305 3429 2611 3499 discipulis:
2646 3431 2832 3486 Pacem
2860 3435 3085 3505 relinquo
3107 3439 3261 3505 vobis,
3292 3459 3463 3511 pacem
3488 3461 3650 3500 meam

2077 3521 2141 3574 do
2172 3521 2307 3574 vobis
2326 3520 2505 3590 (Joan.
2526 3524 2547 3578 l
2567 3523 2612 3578 1.
2639 3525 2874 3597 Ἠμρεα
2903 3528 3039 3583 viam
3071 3532 3242 3586 munit
3264 3532 3328 3587 ad
3352 3536 3648 3594 caritatem.

2076 3609 2144 3664 Et
2173 3624 2276 3665 non
2305 3610 2435 3680 dicit
2456 3612 2546 3681 qui
2576 3622 2771 3683 pratest
2801 3615 3076 3684 Ecclesite,
3112 3619 3219 3675 Pax
3251 3623 3419 3691 vobis,
3450 3627 3651 3682 solum-

2073 3699 2234 3755 modo
2255 3742 2269 3766 ,
2302 3700 2395 3755 sed
2422 3744 2435 3768 ,
2483 3701 2602 3757 Pax
2648 3705 2894 3761 onmibus.
2925 3708 3060 3775 Quid
3111 3711 3277 3780 enim,
3330 3715 3373 3769 si
3403 3732 3521 3772 cum
3550 3717 3652 3775 hoc

2074 3792 2287 3861 quidem
2317 3807 2499 3863 pacem
2524 3794 2845 3864 habeamus,
2875 3814 2995 3854 cum
3024 3800 3115 3856 illo
3145 3813 3322 3860 autem
3355 3809 3554 3864 bellum
3593 3822 3649 3866 et

2076 3896 2328 3952 pugnam,
2373 3884 2501 3954 quid
2546 3885 2680 3941 lucri
2708 3888 3045 3943 referemus?
3079 3891 3262 3963 Neque
3283 3898 3423 3950 enim
3448 3900 3498 3953 in
3526 3916 3645 3956 coro

2075 3988 2240 4043 pore,
2292 3975 2337 4029 si
2366 3991 2431 4031 ex
2460 3976 2742 4032 elementis
2784 3979 2885 4032 alia
2927 3981 3141 4049 quidem
3173 3987 3490 4056 quiescant,
3544 3995 3645 4048 alia

2073 4080 2205 4122 vero
2230 4068 2548 4123 seditionem
2573 4070 2799 4140 agitent,
2821 4072 2930 4125 ﬁeri
2961 4083 3135 4141 potest
3163 4088 3219 4131 ut
3249 4093 3496 4150 umquam
3526 4099 3654 4139 eon-

2072 4160 2225 4211 sistat
2275 4159 2509 4225 sanitas,
2565 4160 2657 4214 sed
2704 4176 2800 4231 per
2828 4162 3025 4217 bonum
3056 4167 3292 4223 omnium
3324 4171 3566 4228 ordinem
3599 4181 3653 4231 et

2073 4264 2395 4305 consensum
2427 4259 2480 4305 et
2504 4267 2690 4321 pacem
2716 4271 2729 4305 :
2776 4262 2830 4307 et
2858 4255 2901 4307 si
2932 4270 3037 4309 non
3065 4260 3241 4313 omnia
3272 4262 3565 4332 quiescant,
3596 4277 3653 4322 et

2073 4339 2126 4394 in
2158 4341 2268 4395 suis
2297 4342 2527 4410 propriis
2556 4352 2808 4396 maneant
2836 4345 3098 4408 terminis,
3125 4351 3301 4402 omnia
3320 4364 3646 4411 cvertentur.

2073 4430 2128 4485 lu
2161 4440 2338 4485 nostra
2361 4446 2573 4501 quoque
2603 4442 2781 4486 mente
2810 4435 2907 4487 nisi
2933 4449 3119 4490 omnes
3145 4439 3424 4507 quiescant
3451 4445 3651 4513 cogita-

2074 4524 2268 4588 tiones,
2297 4536 2396 4590 pax
2427 4536 2532 4575 non
2578 4523 2698 4577 erit.
2733 4523 2960 4578 Tantum
2990 4527 3188 4581 bonum
3211 4540 3294 4585 est
3323 4546 3444 4601 pax,
3478 4545 3534 4589 ut
3557 4537 3648 4590 lilii

2073 4616 2168 4670 Dei
2191 4624 2449 4670 vocentur
2476 4615 2593 4685 ejus
2614 4615 2895 4673 cﬂ‘ectores
2937 4629 2984 4673 et
3028 4622 3400 4681 conciliatores
3429 4626 3645 4697 (Matth.

2072 4708 2124 4762 ὕ.
2157 4707 2251 4775 45)
2283 4724 2295 4758 :
2326 4715 2381 4762 ct
2402 4708 2613 4762 merito.
2642 4707 2773 4762 Nam
2807 4709 2899 4763 Dei
2927 4710 3093 4765 Filius
3121 4713 3240 4767 ideo
3260 4729 3473 4784 quoque
3501 4719 3646 4773 venit

2073 4797 2125 4851 in
2147 4805 2340 4853 terram
2360 4797 2727 4867 paciﬁcaturus
2749 4814 2866 4863 quae
2896 4800 2947 4853 in
2977 4811 3142 4868 terra,
3175 4813 3230 4858 et
3259 4820 3376 4873 qua:
3406 4806 3459 4859 in
3479 4808 3641 4862 caelis.

2073 4887 2129 4944 Si
2153 4899 2328 4944 autem
2358 4888 2563 4958 paciﬁci
2595 4898 2718 4942 sunt
2748 4888 2843 4943 ﬁlii
2875 4891 2997 4956 Dei,
3055 4893 3143 4961 qui
3169 4908 3255 4948 res
3279 4909 3443 4949 novas
3470 4898 3643 4952 moliri

2073 4979 2288 5034 student
2317 4987 2441 5033 sunt
2469 4979 2561 5033 ﬁlii
2588 4979 2806 5034 diaboli.
2835 4980 2971 5047 Quid
3001 4981 3173 5036 dicis?
3216 4981 3336 5038 lites
3362 4995 3416 5039 et
3442 5000 3644 5057 pugnas

2071 5071 2351 5126 immittis?
2381 5070 2448 5125 Et
2473 5071 2591 5139 quis
2618 5079 2735 5134 est,
2790 5071 2996 5140 inquies
3019 5113 3032 5137 ,
3063 5072 3197 5127 adeo
3233 5073 3457 5130 infelix?
3502 5079 3639 5134 Sunt

2069 5165 2210 5218 enim
2242 5163 2393 5217 multi
2433 5162 2673 5216 [tutantes
2702 5163 2889 5224 malis,
2932 5173 2986 5216 et
3023 5163 3218 5219 Christi
3252 5180 3448 5236 corpus
3474 5172 3641 5241 magis

2072 5255 2464 5324 discerpentes,
2494 5268 2650 5321 quam
2680 5254 2876 5307 milites
2904 5253 2954 5307 id
2981 5254 3163 5309 lancea
3194 5254 3555 5326 dissecabant,
3587 5274 3643 5316 et

2067 5346 2234 5401 Judtei
2278 5345 2443 5399 clavis
2485 5344 2868 5398 dissolvebant.
2925 5344 3054 5400 lllttd
3090 5345 3191 5402 hoc
3212 5349 3388 5404 minus
3415 5362 3498 5406 est
3526 5367 3642 5406 nta-

2070 5439 2215 5492 lum:
2267 5437 2353 5491 illa
2400 5436 2637 5490 membra
2669 5435 2896 5489 dissecta
2935 5452 3123 5492 rursus
3150 5440 3496 5507 coaluerunt;
3528 5442 3643 5497 hmo

2070 5541 2245 5583 autem
2273 5527 2478 5590 avulsa,
2514 5527 2611 5579 nisi
2645 5525 2731 5579 hic
2762 5542 2946 5582 rursus
2975 5529 3170 5585 iuerint
3199 5533 3506 5601 conjuncta,
3536 5549 3642 5588 non

2070 5622 2460 5688 conjungentur
2488 5617 2746 5687 amplius,
2799 5619 2893 5673 sed
2939 5632 3158 5676 manent.
3192 5636 3344 5678 extra
3393 5625 3644 5680 Ecclesia:

2073 5713 2475 5785 plenitudinem.
2520 5710 2742 5777 Quando
2790 5713 2937 5767 voles
2979 5729 3097 5769 cum
3130 5714 3293 5771 fratre
3322 5715 3519 5772 bellum
3543 5732 3638 5787 ge-
