4026 6148
442 340 556 397 3‘25

463 469 604 520 rere,
633 452 806 523 cogita
832 459 883 506 te
913 445 1110 505 bellum
1145 460 1334 518 gerere
1359 459 1480 499 cum
1515 441 1773 497 membris
1798 440 2030 502 Christi,

448 559 509 605 et
543 546 727 604 desine
757 543 952 597 furere.
981 538 1121 607 Quid
1146 537 1312 600 enim,
1342 535 1384 593 si
1409 535 1453 588 is
1482 542 1564 589 est
1585 533 1846 602 abjectus,
1877 531 1921 585 si
1949 531 2030 586 vi-

448 639 542 701 lis,
573 637 617 690 si
644 630 1090 689 contemnendus?
1120 627 1241 683 Non
1265 637 1355 692 est,
1390 626 1580 697 inquit,
1602 626 1838 678 voluntas
1863 636 2035 675 coram

455 729 613 782 Patre
640 743 748 780 meo
770 766 785 793 ,
818 735 873 778 ut
903 733 1075 794 pereat
1115 739 1246 777 unus
1270 738 1332 776 ex
1361 722 1439 776 Itis
1467 719 1669 791 pusillis
1694 717 1907 787 (Matth.
1943 715 2031 770 18.

453 822 542 889 Η)
567 836 581 884 ;
615 827 666 873 et
704 832 886 872 rursus
912 858 927 883 ,
984 815 1165 886 Angeli
1191 831 1362 869 eorum
1390 825 1632 883 perpetuo
1660 810 1827 864 vident
1855 809 2032 880 faciem

457 910 629 964 Patris
656 911 781 976 mei,
814 910 900 978 qui
937 909 990 962 in
1013 908 1152 964 atriis
1179 917 1251 962 est
1274 906 1383 975 (Ib.
1417 923 1462 958 v.
1491 904 1600 975 10).
1652 903 1792 958 Deus
1816 913 2033 972 propter

445 1003 625 1072 ipsum
657 1011 712 1056 et
749 1015 938 1057 servus
966 1000 1139 1055 factus
1162 1041 1177 1065 .
1233 1008 1288 1053 et
1324 997 1532 1052 occisus
1576 1003 1696 1050 est:
1759 1003 1812 1048 ιιι
1851 1003 2030 1048 autem

442 1109 572 1148 cum
617 1093 750 1148 nihil
779 1107 899 1147 esse
932 1091 1245 1146 existimas?
1278 1090 1419 1159 Ergo
1446 1089 1498 1142 in
1527 1086 1629 1142 hoc
1662 1099 1873 1157 quoque
1907 1099 2029 1137 cum

448 1186 560 1241 Deo
590 1199 812 1254 pugnas,
842 1183 1166 1239 contrariam
1192 1182 1241 1237 ei
1278 1183 1456 1236 ferens
1499 1179 1844 1234 sententiam.
1892 1177 2026 1232 Cum

450 1281 723 1350 ingressus
751 1277 912 1332 fuerit
940 1277 984 1332 is
1015 1277 1103 1347 qui
1129 1283 1324 1346 prmest
1349 1272 1622 1338 Ecclesia;
1656 1270 1834 1326 statim
1863 1268 2027 1334 dicit,

451 1369 570 1424 Pax
594 1370 862 1434 omnibus;
920 1367 1131 1439 quando
1156 1381 1463 1422 sermonem
1490 1363 1618 1418 facit
1643 1377 1706 1417 ac
1733 1377 1833 1416 con
1845 1361 2027 1414 cinna-

451 1469 553 1524 tur,
591 1459 706 1515 Pax
730 1459 998 1523 omnibus;
1026 1457 1236 1529 quando
1278 1455 1562 1519 benedicit,
1613 1452 1731 1507 Pax
1755 1452 2024 1515 omnibus;

448 1553 660 1623 quando
697 1553 846 1622 jubet
883 1551 1137 1615 salutare,
1186 1548 1301 1603 Pax
1347 1547 1574 1602 omnibus
1599 1562 1618 1610 ,°
1647 1545 1860 1615 quando
1888 1545 2025 1614 'per-

447 1657 622 1700 actum
656 1645 816 1699 fuerit
841 1643 1158 1698 sacriﬁcium
1181 1682 1195 1707 ,
1229 1639 1346 1694 Pax
1371 1639 1641 1702 omnibus;
1669 1643 1724 1691 et
1761 1650 1946 1691 rursus
1972 1635 2023 1690 itt

446 1737 638 1801 medio,
676 1734 852 1789 Gratia
875 1734 1009 1787 vobis
1032 1742 1083 1788 et
1114 1749 1234 1804 pax.
1259 1728 1536 1798 Quomodo
1551 1743 1678 1798 ergo
1703 1742 1810 1781 non
1837 1726 2026 1780 absur-

443 1828 592 1889 dum,
626 1827 668 1880 si
691 1826 848 1880 tutics
877 1826 1154 1880 audientes
1183 1838 1280 1878 nos
1300 1823 1498 1877 habere
1526 1836 1733 1890 pacem,
1765 1819 1904 1875 inter
1925 1833 2023 1874 nos

441 1917 636 1972 bellum
671 1917 960 1971 habeamus
983 1956 996 1979 ,
1026 1925 1079 1970 et
1108 1915 1430 1985 accipientes
1458 1922 1513 1966 et
1539 1911 1824 1967 reddentes
1845 1953 1859 1978 ,
1901 1927 2022 1966 cum

441 2009 609 2079 coqui
632 2008 723 2062 dat
744 2023 931 2078 pacem
963 2008 1162 2063 bellum
1189 2007 1481 2079 geramus?
1510 2006 1654 2061 Dicis
1675 2047 1691 2074 ,
1727 2005 1791 2060 Et
1818 2007 2023 2076 spiritui

435 2114 554 2166 tuo,
612 2111 805 2157 etcum
837 2102 964 2157 foris
986 2101 1375 2157 ealumniaris?
1402 2100 1503 2155 llei
1530 2099 1660 2154 mihi
1680 2139 1697 2166 ,
1750 2113 1870 2169 qua:
1897 2106 2022 2152 sunt

435 2195 694 2250 Ecclesia:
748 2194 973 2250 honesta
1015 2209 1077 2248 ac
1108 2192 1448 2259 veneranda,
1502 2191 1640 2246 facta
1687 2199 1812 2245 sunt
1839 2190 2020 2260 figura:

439 2299 641 2343 tantum
671 2303 871 2354 rerum,
905 2287 998 2341 sed
1027 2302 1131 2340 non
1161 2287 1334 2356 aliqua
1364 2285 1564 2340 veritas
1590 2285 1603 2337 !
1638 2284 1722 2338 hei
1755 2283 1906 2350 mihi,
1931 2297 2022 2337 us-

443 2395 548 2448 que
595 2381 658 2434 ad
708 2380 869 2435 verba
923 2388 1142 2434 manent
1179 2378 1420 2449 symbolo
1465 2377 1652 2432 horum
1679 2375 2017 2432 eaStrorutn'.

439 2471 595 2524 {inde
625 2471 784 2524 etiam
826 2471 1082 2540 ignoratis
1107 2485 1204 2524 cur
1231 2470 1458 2536 dicatur,
1496 2468 1610 2524 Pax
1631 2468 1882 2522 omnibus.
1914 2467 2019 2523 Sed

437 2560 615 2614 audite
643 2559 916 2630 deinceps,
941 2560 1066 2630 quid
1087 2560 1229 2614 dicat
1256 2559 1522 2624 Christus,
1548 2559 1602 2613 ln
1628 2574 2018 2629 quamcumque

433 2662 614 2705 autem
647 2650 915 2705 civitatem
939 2659 1039 2705 aut
1056 2650 1231 2704 vicum
1253 2649 1479 2720 ingressi
1502 2648 1732 2715 fueritis,
1759 2648 2017 2703 Intrantes

437 2742 647 2795 domum
674 2741 892 2795 salutate
912 2741 1073 2808 ipsam
1107 2755 1125 2794 :
1152 2749 1197 2794 et
1227 2741 1271 2794 si
1295 2739 1474 2793 domus
1501 2736 1702 2808 quidem
1727 2739 1791 2793 sit
1822 2740 1976 2808 digna
1997 2778 2011 2804 ,

434 2835 597 2888 reniat
628 2850 731 2904 pax
758 2843 922 2888 vestra
968 2850 1118 2902 super
1148 2833 1352 2902 ipsam;
1397 2832 1474 2885 sin
1518 2841 1684 2884 autem
1711 2847 1810 2884 non
1836 2832 1900 2883 sit
1926 2832 2009 2882 di-

432 2943 564 2995 gna,
597 2942 701 2995 pax
721 2935 883 2978 vestra
909 2924 977 2978 ad
1006 2940 1090 2977 vos
1122 2933 1398 2977 revertatur
1419 2923 1438 2995 (
1459 2921 1642 2974 Matth.
1672 2920 1758 2975 10.
1785 2921 1870 2976 12.
1900 2920 2010 2989 15).

433 3023 720 3088 l'rnptcrea
744 3019 1034 3083 nescimus,
1063 3018 1184 3087 quia
1201 3017 1484 3072 verborum
1509 3013 1729 3083 figuram
1750 3012 1869 3066 haec
1895 3027 2015 3067 esse

431 3112 825 3176 existimamus,
858 3117 910 3165 et
945 3124 1050 3164 non
1079 3116 1259 3163 mente
1285 3107 1626 3161 assentimur.
1657 3104 1792 3160 Num
1817 3120 1916 3175 ego
1945 3104 2014 3158 do

429 3201 653 3270 pacem?
703 3201 947 3256 Christus
992 3209 1094 3265 est,
1151 3199 1240 3268 qui
1271 3213 1366 3268 per
1410 3213 1508 3252 nos
1542 3197 1687 3267 loqui
1739 3196 2008 3266 dignatur.

431 3296 651 3352 Etiamsi
678 3295 824 3349 omni
851 3294 958 3349 alio
987 3301 1227 3362 tempore
1256 3305 1440 3346 sumus
1463 3289 1616 3345 vacui
1646 3289 1815 3360 gratia
1834 3329 1849 3354 ,
1903 3302 2009 3342 non

429 3395 603 3441 tamen
633 3400 814 3440 sumus
848 3399 988 3441 nunc
1013 3392 1232 3454 propter
1260 3399 1377 3438 vos.
1411 3382 1542 3436 Nam
1564 3381 1609 3436 si
1641 3380 1692 3434 in
1719 3381 1928 3435 asinum
1957 3387 2011 3433 et

428 3481 479 3534 in
502 3489 677 3534 vatem
708 3488 927 3549 cperata
952 3486 1034 3533 est
1081 3477 1172 3532 Dei
1199 3477 1369 3546 gratia
1401 3483 1622 3546 propter
1647 3472 2008 3542 dispensatio-

427 3588 546 3626 nem
577 3581 626 3625 et
660 3570 1018 3624 lsraelitarum
1049 3568 1332 3621 utilitatem
1359 3606 1374 3630 ,
1424 3565 1685 3635 liquidum
1733 3574 1814 3618 est
1865 3560 2008 3632 quod

427 3677 526 3718 nec
556 3664 608 3714 in
630 3675 727 3714 nos
752 3658 1026 3713 recusabit
1050 3656 1283 3726 Operari,
1310 3655 1404 3710 sed
1429 3657 1530 3710 hoc
1554 3670 1767 3724 quoque
1789 3663 2007 3724 propter

427 3768 526 3807 nos
555 3749 860 3806 sustinebit.

499 3844 554 3898 5.
588 3841 755 3895 Nemo
781 3855 908 3910 ergo
925 3839 1087 3903 dicat,
1104 3852 1190 3892 me
1209 3852 1330 3892 esse
1350 3835 1715 3907 imperfectum
1739 3836 2004 3904 vilemque

422 3946 480 3990 ct
505 3935 773 4004 alijCClllln
826 3940 881 3987 et
927 3929 1124 3984 nullius
1153 3928 1339 3998 pretii,
1396 3937 1449 3982 et
1488 3927 1558 3980 ita
1587 3925 1715 3980 mihi
1744 3925 2000 3980 attendat.

422 4031 550 4085 Sunt
573 4027 719 4083 enim
751 4025 902 4090 talis;
931 4021 1027 4079 sed
1055 4036 1266 4091 semper
1286 4021 1424 4076 solet
1451 4019 1592 4074 Deus
1619 4028 1834 4088 propter
1863 4017 2002 4071 mul-

421 4120 702 4175 titudinem
727 4118 790 4171 iis
814 4116 976 4170 etiam
1000 4113 1189 4168 adesse
1219 4110 1312 4182 qui
1339 4119 1464 4165 sunt
1492 4107 1817 4177 hujusmodi.
1855 4107 1918 4160 Et
1946 4115 2003 4160 ut

420 4226 534 4266 rem
581 4207 760 4262 sciatis
805 4206 873 4260 ita
921 4219 979 4260 se
1019 4203 1253 4267 habere;
1307 4200 1558 4270 dignatus
1599 4206 1682 4252 est
1711 4197 1854 4266 loqui
1877 4211 1997 4251 cum

419 4303 550 4356 Cain
580 4309 794 4372 pr0pter
829 4297 999 4363 Abel,
1049 4311 1170 4350 cum
1221 4292 1434 4348 diabolo
1468 4299 1685 4360 propter
1713 4289 1842 4354 Joh,
1874 4303 1997 4345 cum

421 4395 701 4450 Pharaone
727 4399 946 4461 prepter
968 4386 1190 4456 Joscph,
1214 4400 1335 4440 cum
1363 4381 1854 4439 Nabuchodonosor
1877 4395 1998 4450 pro-

417 4497 536 4557 pter
564 4484 860 4546 Danielcm,
879 4496 1000 4534 cum
1022 4478 1304 4533 Balthasar
1323 4483 1541 4546 propter
1563 4473 1830 4530 eumdem.
1857 4472 1993 4542 Magi

415 4591 626 4646 quoque
655 4570 926 4642 assequuti
956 4576 1083 4625 sunt
1126 4567 1544 4630 revelationem;
1574 4573 1629 4620 et
1657 4564 1996 4635 prophetavit

412 4669 641 4739 Caiphas
670 4679 790 4720 cum
823 4671 964 4717 esset
985 4659 1181 4715 Christi
1211 4660 1418 4713 occisor
1437 4667 1491 4711 et
1516 4656 1785 4727 indiguus,
1823 4671 1985 4725 prop-

414 4761 820 4830 terdignitatcm
839 4754 1141 4810 sacerdotii.
1160 4753 1266 4807 Dici
1276 4762 1357 4806 tur
1375 4753 1532 4806 etiam
1550 4751 1727 4806 Aaron
1745 4761 1986 4822 propter-

409 4867 472 4906 ea
501 4867 606 4906 nnn
644 4849 806 4905 fuisse
847 4848 992 4916 lepra
1016 4843 1264 4900 infectus.
1309 4842 1441 4897 Nam
1483 4857 1610 4908 cur,
1635 4839 1748 4908 'dic,
1773 4855 1986 4910 quaiso,

415 4961 535 5001 cum
563 4943 723 4998 ambo
751 4944 1210 5000 murmurassent,
1265 4949 1419 4989 soror
1453 4934 1568 4989 sola
1589 4933 1736 4987 dedit
1764 4932 1986 5002 poenas?

409 5038 484 5094 Ne
514 5035 763 5091 mireris:
794 5047 916 5088 nam
943 5031 988 5085 si
1026 5030 1078 5083 in
1109 5026 1346 5083 externis
1371 5023 1716 5094 dignitatibus
1735 5063 1750 5088 ,
1777 5022 1986 5077 etiamsi

410 5127 877 5182 innumerabilium
968 5121 1252 5177 criminum
1333 5124 1613 5172 accusetur
1686 5113 1981 5184 quispiam,

407 5236 512 5276 non
552 5219 699 5288 prius
721 5216 929 5273 ducitur
955 5215 1004 5270 in
1033 5213 1288 5287 judicium
1309 5251 1324 5275 ,
1355 5224 1513 5280 quam
1541 5207 1848 5277 deposuerit
1872 5220 1986 5260 ma-

402 5314 710 5382 gistratum,
759 5323 825 5362 ne
850 5304 941 5362 ille
965 5306 1125 5362 simul
1151 5320 1272 5359 cum
1303 5303 1417 5372 ipso
1441 5301 1638 5370 probro
1664 5299 1929 5354 afficiatur
1965 5317 1976 5352 :

401 5403 570 5458 multo
605 5399 776 5471 magis
809 5399 861 5452 in
890 5397 1198 5466 magistratu
1239 5393 1525 5464 spirituali,
1583 5390 1903 5460 quicumque
1938 5389 1982 5442 is

399 5498 484 5561 sit,
555 5501 810 5565 Operatnr
840 5491 929 5544 Dei
958 5489 1163 5558 gratia;
1224 5485 1459 5556 alioquin
1485 5484 1664 5540 omnia
1687 5481 1925 5556 perirent
1959 5497 1972 5535 :

1159 335 1216 391 S.
1255 330 1531 389 JOANNIS
1568 324 2046 385 Cll-RYSOSTOBH
2083 327 2400 387 ARCIl‘lEP.
2443 335 2976 398 CONSTANTINOP.

3619 358 3721 415 ml

2147 443 2361 510 quando
2389 457 2566 503 autem
2598 466 2720 506 eum
2745 451 3094 526 deposuerit,
3140 459 3256 517 sive
3279 475 3400 517 cum
3431 479 3462 521 e
3494 465 3599 524 vita
3627 485 3720 527 ex-

2141 536 2388 632 cesserit,
2429 540 2542 594 sive
2581 541 2669 598 hic
2705 560 2938 617 quoque,
2973 557 3099 604 tunc
3134 555 3407 623 graviores
3431 557 3582 616 dabit
3608 577 3720 632 poe-

2142 639 2258 680 nas.
2299 627 2376 681 Ne
2398 633 2596 724 putetis
2627 633 2742 691 haec
2767 653 2797 690 a
2826 639 2978 694 nobis
3005 640 3108 696 dici
3138 661 3152 698 :
3183 645 3274 700 Dei
3301 656 3382 702 est
3411 652 3576 719 gratia
3605 627 3719 724 quae

2142 730 2402 814 operatur
2416 723 2474 814 in
2505 724 2799 795 indignum,
2830 744 2935 784 non
2969 743 3188 800 propter
3212 749 3331 802 nos,
3377 739 3469 793 sed
3501 723 3717 814 propter

2142 823 2257 863 vos.
2289 811 2482 866 Audite
2521 829 2649 885 ergo
2675 818 2800 887 quid
2840 819 2983 874 dicat
3013 822 3296 879 Christus:
3340 827 3404 882 Si
3441 811 3621 887 domus
3658 839 3719 890 sit

2134 899 2313 970 digna,
2362 906 2529 959 ueniat
2569 923 2670 975 pax
2704 919 2885 963 vestra‘
2906 913 2975 964 ad
3011 913 3194 982 ipsam.
3230 917 3518 985 Quomodo
3543 935 3714 981 autem

2140 992 2199 1046 ﬁt
2227 993 2423 1064 digna?
2461 997 2514 1051 Si
2540 1012 2654 1064 vos,
2692 1000 2888 1070 inquit,
2921 1007 3278 1075 susceperint.
3321 1009 3417 1064 Sin
3445 1023 3613 1067 autent
3636 1033 3714 1071 eos

2133 1100 2240 1138 non
2292 1089 2638 1157 susceperint,
2691 1107 2847 1160 neque
2875 1109 3155 1149 sermonem
3187 1107 3402 1152 vestrum
3430 1101 3711 1173 audierint,

2137 1191 2284 1229 amen
2309 1177 2424 1230 dico
2446 1177 2602 1246 vobis,
2646 1181 2959 1237 tolerabilius
2997 1184 3093 1238 erit
3117 1195 3268 1242 terre
3289 1188 3634 1247 Sodomorum
3668 1207 3713 1250 et

2139 1263 2584 1321 Gomorrharorum
2609 1269 2661 1322 in
2684 1270 2764 1323 die
2774 1273 2965 1341 judicii
2994 1290 3147 1342 quam
3173 1277 3255 1331 illi
3291 1279 3484 1334 civitati
3502 1281 3708 1352 (Matth.

2137 1357 2223 1412 10.
2255 1358 2366 1412 l5—
2393 1361 2459 1415 15
2490 1361 2534 1433 ).
2567 1362 2702 1430 Quid
2727 1379 2854 1435 ergo
2875 1367 3096 1437 prodest
3129 1370 3270 1440 quod
3300 1387 3399 1427 nos
3421 1377 3709 1446 suscipitis,

2133 1459 2190 1504 et
2226 1465 2331 1505 non
2371 1453 2565 1509 auditis
2604 1471 2666 1511 ea
2707 1473 2824 1527 qua:
2862 1474 2891 1513 a
2924 1461 3078 1516 nobis
3104 1462 3390 1520 dicuntur?
3418 1469 3546 1538 quid
3578 1471 3707 1526 lucri

2133 1541 2198 1595 ad
2227 1557 2320 1599 vos
2342 1544 2481 1600 redit
2510 1548 2552 1601 si
2579 1563 2688 1602 non
2713 1550 2911 1617 colitis,
2937 1563 2999 1607 et
3037 1569 3142 1609 non
3173 1559 3456 1614 attenditis
3495 1576 3557 1616 ea
3597 1578 3711 1632 quae

2133 1636 2286 1690 vobis
2315 1637 2606 1694 dicuntur?
2644 1641 2737 1697 llle
2766 1653 2849 1697 est
2879 1645 3032 1700 nobis
3059 1645 3251 1714 honor,
3291 1650 3378 1705 ille
3415 1653 3594 1708 cultus
3633 1664 3712 1709 est

2135 1727 2501 1797 admirandus,
2539 1732 2630 1800 qui
2660 1733 2814 1788 vobis
2843 1744 2897 1789 et
2932 1735 3092 1790 nobis
3116 1739 3354 1807 prodest,
3397 1742 3442 1796 si
3485 1757 3582 1798 nos
3619 1759 3711 1799 au-

2140 1817 2316 1873 diatis.
2350 1819 2543 1876 Audite
2571 1832 2626 1877 et
2651 1821 2871 1877 Paulum
2900 1823 3193 1893 dicentem,
3238 1827 3564 1898 Nesciebam,
3607 1832 3709 1886 fra-

2128 1918 2260 1976 tres,
2289 1911 2425 1981 quod
2444 1914 2510 1966 sit
2535 1914 2763 1984 pontifex
2784 1912 2922 1982 (Act.
2950 1915 3040 1970 25.
3064 1917 3097 1972 5
3122 1918 3141 1987 )
3168 1935 3180 1970 :
3213 1919 3333 1974 audi
3363 1929 3415 1974 et
3445 1921 3706 1977 Christum

2127 2004 2419 2074 dicentem,
2448 2007 2638 2062 Omnia
2663 2026 2776 2079 quae
2795 2009 3014 2063 dixerint
3033 2011 3170 2065 vobis
3190 2022 3245 2065 ut
3267 2015 3492 2082 servetis,
3522 2026 3710 2072 servate

2128 2104 2175 2148 et
2195 2096 2571 2167 facite(Matth.
2598 2099 2688 2155 25.
2709 2099 2790 2171 ὅ).
2816 2100 2928 2155 Νοη
2958 2116 3043 2156 me
3059 2088 3380 2168 contemnis,
3411 2105 3506 2160 sed
3532 2122 3707 2162 sacer-

2127 2183 2377 2241 dotium:
2417 2187 2464 2241 si
2504 2203 2590 2243 me
2628 2203 2694 2243 eo
2735 2188 2932 2245 videris
2973 2192 3248 2258 nudatum,
3293 2204 3417 2249 tunc
3457 2211 3543 2250 me
3581 2212 3706 2252 eon-

2125 2282 2309 2333 temne
2342 2296 2354 2331 :
2398 2287 2523 2333 tunc
2559 2295 2661 2334 nec
2701 2295 2800 2351 ego
2841 2281 3108 2352 imperare
3148 2300 3386 2355 pergam.
3441 2287 3702 2354 Quamdiu

2122 2378 2304 2423 autem
2337 2370 2392 2424 in
2423 2370 2525 2426 hac
2555 2370 2684 2427 sede
2704 2373 2956 2428 sedemus
2980 2415 2995 2442 ,
3035 2376 3286 2445 quamdiu
3319 2378 3701 2447 prmsidemus.

2124 2457 2387 2516 habemus
2412 2470 2466 2516 et
2494 2463 2865 2517 auctoritatem
2897 2471 2953 2518 et
2980 2464 3254 2531 virtutem,
3292 2467 3507 2522 etiamsi
3537 2470 3702 2524 simus

2127 2551 2349 2623 indigni.
2381 2553 2435 2608 Si
2464 2553 2662 2625 Moysis
2689 2554 2912 2609 thronus
2942 2563 3057 2610 erat
3086 2555 3220 2611 adeo
3248 2559 3616 2623 venerandus,
3645 2569 3699 2614 ut

2123 2654 2346 2716 prepter
2372 2645 2524 2700 illum
2563 2647 2857 2714 audiretur,
2900 2647 3069 2702 multo
3107 2649 3276 2719 magis
3313 2648 3512 2705 Christi
3554 2651 3702 2707 thro-

2121 2752 2225 2792 nus
2257 2754 2272 2791 :
2313 2737 2466 2793 illum
2489 2753 2591 2793 nos
2615 2740 2938 2810 accepimus,
2984 2740 3035 2794 in
3075 2740 3166 2795 illo
3187 2741 3476 2811 loquimur,
3510 2759 3573 2798 ex
3597 2759 3700 2814 quo

2117 2826 2369 2884 Christus
2407 2831 2460 2885 in
2501 2830 2658 2886 nobis
2693 2833 2874 2902 posuit
2913 2833 3267 2889 ministerium
3306 2837 3698 2891 reconciliatio-

2122 2920 2228 2974 nis.
2266 2919 2474 2991 Legati,
2515 2921 2839 2993 quicumque
2879 2923 2912 2977 ii
2953 2922 3172 2991 fueri-nt,
3214 2936 3437 2997 propter
3473 2927 3700 2998 dignita-

2123 3020 2229 3066 tem
2270 3011 2549 3082 legationis
2589 3014 2813 3067 multum
2854 3014 3109 3068 honorem
3149 3026 3527 3087 assequuntur.
3571 3017 3701 3074 Vide

2125 3105 2265 3157 enim
2297 3121 2308 3157 :
2339 3104 2558 3159 veniunt
2587 3105 2640 3160 in
2669 3106 2902 3162 mediam
2926 3105 3274 3162 barbarorum
3298 3111 3570 3178 regionem
3599 3112 3696 3166 soli

2121 3197 2261 3252 inter
2283 3206 2360 3252 tot
2388 3197 2610 3266 hostes;
2646 3205 2699 3252 et
2726 3199 2976 3267 quoniam
3009 3215 3258 3269 magnam
3287 3202 3390 3257 vim
3431 3200 3589 3257 habet
3611 3203 3698 3272 jus

2117 3289 2418 3361 legationis,
2441 3306 2628 3346 omnes
2655 3305 2749 3346 eos
2775 3291 3069 3358 intuentur,
3087 3307 3274 3350 omnes
3291 3310 3384 3349 eos
3407 3305 3520 3350 tuto
3536 3297 3668 3351 emit
3680 3325 3698 3338 ο

2115 3389 2255 3434 tum.
2299 3381 2366 3435 Et
2405 3396 2504 3436 nos
2543 3396 2672 3452 ergo
2703 3382 3038 3452 suscepimus
3077 3399 3269 3438 munus
3296 3385 3596 3454 legationis,
3625 3398 3684 3441 et

2113 3489 2147 3529 a
2172 3473 2283 3530 Deo
2309 3475 2553 3530 venimus
2582 3493 2593 3528 :
2637 3475 2752 3529 hrec
2789 3483 2875 3530 est
2897 3475 3036 3529 enim
3067 3476 3292 3546 dignitas
3320 3476 3682 3545 episcopatus.

2121 3565 2374 3621 Venimus
2398 3566 2464 3621 ad
2487 3581 2581 3621 vos
2603 3566 2866 3636 legatione
2897 3566 3196 3638 fungentes,
3221 3576 3468 3638 rogantes
3487 3577 3545 3622 ut
3572 3567 3695 3622 bel-

2112 3657 2166 3713 lo
2193 3657 2352 3713 finem
2379 3658 2683 3727 imponatis,
2706 3667 2760 3714 et
2781 3658 3008 3714 dicimus
3031 3659 3346 3729 quibusnam
3372 3660 3698 3715 conditioni-—

2111 3748 2232 3813 bus,
2275 3763 2381 3804 non
2426 3749 2671 3804 civitates
2709 3750 2858 3804 vobis
2890 3751 3106 3805 daturos
3135 3751 3487 3820 pollicentes,
3523 3766 3695 3822 neque

2112 3846 2192 3894 tot
2217 3848 2271 3896 et
2299 3848 2376 3894 tot
2406 3838 2659 3894 frumenti
2689 3839 2897 3894 modios
2923 3881 2938 3908 ,
2973 3855 3146 3911 neque
3172 3841 3435 3910 mancipia
3455 3883 3468 3904 ,
3521 3857 3694 3912 neque

2108 3949 2320 3999 aurum,
2343 3933 2438 3990 sed
2469 3949 2692 4004 regnum
2730 3933 2982 3988 caelorum
3002 3974 3016 3999 ,
3059 3933 3222 3987 vitam
3246 3943 3501 3990 mternam
3523 3975 3538 4000 ,
3571 3949 3690 3988 eum

2107 4024 2323 4081 Christo
2363 4027 2803 4082 consuetudinem
2831 4068 2846 4093 ,
2902 4036 2952 4081 et
3007 4027 3106 4080 alia
3131 4026 3268 4080 bona
3301 4042 3421 4096 quae
3463 4041 3634 4097 neque
3657 4040 3686 4078 a

2109 4118 2262 4172 nobis
2307 4119 2484 4173 verbis
2537 4127 2762 4189 possunt
2815 4117 3064 4187 exprimi,
3107 4132 3282 4188 neque
3323 4133 3352 4170 a
3407 4117 3557 4172 vobis
3593 4133 3689 4172 au-

2106 4208 2230 4276 diri,
2262 4209 2515 4279 quamdiu
2568 4209 2824 4266 fuerimus
2862 4210 2914 4264 in
2969 4208 3068 4262 hac
3113 4222 3275 4264 carne
3324 4216 3378 4262 et
3415 4207 3518 4261 vita
3549 4221 3690 4276 prae-

2105 4302 2262 4357 senti.
2313 4302 2601 4373 Legatione
2659 4317 2787 4373 ergo
2861 4301 3168 4373 fungimur:
3237 4300 3436 4354 honore
3500 4306 3683 4353 autem

2107 4394 2208 4450 frui
2235 4394 2501 4461 volumus,
2542 4408 2646 4449 non
2687 4403 2906 4464 prOpter
2943 4407 3064 4458 nos,
3099 4391 3272 4458 absit;
3311 4389 3511 4445 scimus
3538 4389 3687 4445 enim

2103 4499 2260 4558 quam
2293 4487 2361 4540 sit
2386 4486 2538 4550 vilis;
2579 4484 2672 4540 sed
2692 4494 2910 4554 propter
2938 4497 3054 4550 vos,
3097 4490 3157 4536 ut
3195 4497 3289 4537 vos
3311 4497 3429 4552 quae
3457 4481 3687 4537 dicimus

2101 4581 2384 4652 diligenter
2411 4579 2638 4634 audiatis
2675 4596 2687 4632 :
2728 4585 2787 4632 ut
2812 4576 3095 4630 utilitatem
3125 4575 3397 4644 accipiatis
3423 4615 3439 4640 ,
3480 4585 3538 4628 ut
3575 4588 3681 4627 non

2099 4689 2221 4729 cum
2249 4671 2491 4728 socordia
2519 4679 2574 4725 et
2599 4669 2914 4739 negligentia
2945 4682 3006 4722 ea
3045 4681 3163 4736 quae
3199 4665 3472 4732 dicuntur,
3511 4674 3686 4718 atten-

2099 4767 2260 4822 datis.
2301 4765 2416 4820 Non
2457 4763 2650 4819 videtis
2687 4760 2958 4832 quomodo
2997 4761 3200 4830 legatos
3237 4759 3419 4815 cuncti
3449 4758 3684 4812 circum-

2098 4867 2243 4913 stant
2267 4865 2322 4913 et
2341 4855 2668 4911 observant?
2697 4854 2805 4907 Nos
2830 4859 3006 4906 autem
3039 4851 3130 4905 Dei
3163 4849 3450 4920 legationis
3479 4864 3682 4904 munus

2095 4950 2307 5005 abimus
2345 4946 2484 5017 apud
2535 4945 2798 5001 homines.
2838 4943 2895 4997 Si
2945 4949 3124 4997 autem
3163 4941 3265 4996 hoc
3305 4939 3458 4997 vobis
3487 4941 3682 4994 durum

2095 5041 2344 5107 videtur;
2373 5054 2482 5094 non
2513 5053 2612 5094 nos
2639 5079 2656 5104 ,
2697 5037 2791 5093 sed
2831 5037 2946 5106 ipse
2987 5034 3374 5105 episcopatus;
3416 5047 3523 5086 non
3577 5031 3683 5084 ista

2094 5144 2187 5189 aut
2216 5138 2324 5202 illc,
2357 5135 2450 5188 sed
2478 5131 2792 5202 episcopus.
2820 5127 2992 5183 Nemo
3022 5141 3109 5180 me
3138 5124 3345 5191 audiat,
3373 5122 3471 5178 sed
3497 5121 3680 5191 digni-

2093 5236 2273 5284 tatem.
2309 5225 2499 5280 Omnia
2525 5238 2652 5292 ergo
2678 5221 2954 5285 faciamus,
2977 5228 3038 5273 ut
3064 5217 3176 5272 Deo
3207 5214 3407 5285 placet,
3437 5222 3496 5268 ut
3526 5213 3680 5266 viva-

2093 5338 2213 5377 mus
2234 5320 2298 5374 ad
2329 5319 2421 5374 Dei
2451 5317 2674 5389 gloriam
2698 5355 2714 5379 ,
2752 5322 2810 5369 et
2845 5310 2992 5382 digni
3031 5309 3327 5365 habeamur
3363 5303 3520 5360 bonis
3545 5316 3682 5372 pro-

2093 5412 2271 5469 missis
2309 5411 2372 5467 iis
2409 5411 2499 5482 qui
2541 5410 2712 5480 ipsum
2738 5405 2985 5476 diligunt,
3025 5399 3194 5474 gratia
3217 5407 3271 5455 et
3299 5390 3632 5466 benignitate
3657 5431 3681 5460 ,

2091 5518 2220 5572 ete.,
2245 5516 2349 5559 etc.
