4026 6148
731 4 1579 36 ﬂ

392 309 521 368 323

414 423 594 490 λέγει’
630 418 857 487 Είρήνη
900 415 1118 472 πᾶσιν·
1155 416 1285 470 ὅταν
1309 414 1494 485 ὁμιλῇ,
1526 414 1751 482 Εἰρήνη
1778 409 1983 466 πᾶσιν·

416 506 546 557 ὃταν
576 502 793 571 εύλογῇ,
825 498 1049 567 Εἰρήνη
1076 497 1269 553 πᾶσιν
1292 514 1307 529 °
1351 498 1479 550 ὅταν
1518 493 1860 558 ἀσπάζεσθαι
1900 508 1989 545 κε-

418 586 571 659 λεύῃ.
593 583 817 651 Ειρήνη
836 581 1025 635 πᾶσιν
1044 597 1056 612 ο
1084 581 1213 634 ὅταν
1242 583 1274 649 ἡ
1299 578 1459 632 θυσία
1486 576 1735 647 τελεσθῇ,
1768 573 1987 659 Εἰρήνη

422 657 592 724 πᾶσι.
633 668 743 722 Καὶ
778 664 979 736 μεταξὺ
1034 664 1218 724 πάλιν,
1256 662 1435 730 Χάρις
1463 661 1612 730 ’ὑμῖν
1632 660 1727 715 καί
1755 657 1985 726 εἰρήνη.

422 753 547 812 Πῶς
579 744 672 803 οῦν
707 749 806 801 οὐκ
839 748 1060 807 ἄτοπον,
1095 748 1143 799 εί
1176 744 1502 807 τοσαυτάκις
1527 742 1814 805 ἀκούοντες
1841 740 1990 810 είρή-

417 850 515 902 νην
576 832 738 901 ἔχειν,
802 826 1314 898 ἐκπεπολεμώμεθα
1374 828 1509 898 πρὸς
1562 824 1843 895 ἀλλήλους,
1895 821 1989 874 καί⁸

417 912 805 983 λαμϐάνοντες,
846 911 941 963 καὶ
971 910 1353 974 ἀντιδιδόντες,
1382 909 1460 979 τῷ
1493 907 1688 962 διδόντι
1716 906 1813 976 τὴν
1844 904 1984 975 είρή-

416 1012 513 1063 νην
563 992 945 1064 πολεμοῦμεν;
984 992 1198 1060 Δέγεις,
1251 992 1362 1046 Καὶ
1409 990 1488 1055 τῷ
1519 987 1811 1058 πνεύματί
1846 1000 1981 1049 σου,

398 1076 510 1130 καὶ
538 1076 848 1139 διαϐάλλεις
883 1076 1047 1128 αὑτὸν
1098 1075 1236 1142 ἐξω-ς
1266 1075 1446 1148 Οίμοι,
1475 1075 1559 1126 ὅτι
1586 1072 1654 1126 τὰ
1680 1069 1852 1141 σεμνά
1888 1070 1985 1139 τῆς

428 1159 778 1231 Ἐκκλησίας,
862 1159 1117 1228 σχήματα
1162 1158 1355 1225 γέγονε
1408 1154 1751 1226 πραγμάτων
1803 1150 1984 1222 μόνον,

416 1240 532 1295 ἀλλ’
563 1242 663 1293 οὐκ
695 1238 925 1309 ἀλήθειά
956 1256 1037 1303 τις
1066 1254 1080 1270 ο
1120 1240 1288 1310 οίμοι,
1323 1240 1405 1291 ὅτι
1443 1237 1604 1308 μέχρι
1635 1233 1893 1307 ῥημάτων
1917 1232 1987 1286 τὲ

418 1321 667 1393 σύμϐολα
722 1322 872 1390 μένει
912 1321 1005 1374 τοῦ
1050 1320 1409 1389 στρατοπέδου
1456 1318 1665 1371 τούτου.
1693 1315 1862 1369 Ὅθεν
1886 1313 1988 1367 καὶ

420 1404 668 1470 ἀγνοεῖτε
687 1402 775 1457 διὰ
788 1402 842 1456 τί
862 1402 1101 1470 λέγεται,
1124 1404 1167 1454 Ε
1173 1401 1346 1469 Ιρήνη
1365 1399 1573 1455 πᾶσιν.
1607 1398 1743 1451 Ἀλλ’
1762 1396 1986 1451 ἀκούετε

406 1487 531 1540 τῶν
556 1486 706 1555 ἑξῆς,
754 1485 807 1539 τί
855 1502 1017 1554 φησιν
1064 1487 1092 1538 6
1131 1483 1398 1554 Χριστός⁸
1438 1484 1520 1544 εἰς
1562 1481 1630 1552 ἡν
1659 1481 1705 1533 δ’
1737 1479 1803 1533 ἂν
1834 1478 1988 1532 πόλιν

404 1570 459 1639 ἢ
491 1569 686 1639 κώμην
723 1567 1023 1638 εἰσέλθητε,
1048 1566 1473 1634 Εἱσερχόμενοι
1502 1566 1591 1629 είς
1617 1562 1734 1629 τὴν
1766 1560 1984 1626 οἰκίαν,

398 1649 788 1705 κάσπάσασθε
823 1648 1047 1715 αὑτήν-ο
1078 1649 1175 1701 καὶ
1208 1648 1317 1701 ἐὰν
1340 1646 1457 1715 μὲν
1547 1646 1582 1712 ἠ
1625 1645 1783 1698 οιχία
1821 1642 1986 1706 ἀξία,

418 1731 642 1789 ἐλθέτω
680 1732 717 1799 ἡ
765 1731 973 1801 ειρήνη
996 1730 1165 1799 ὑμῶν
1210 1730 1305 1782 ἐπ’
1343 1728 1570 1794 αὐτὴν
1599 1728 1708 1781 ἐὰν
1731 1726 1800 1779 δὲ
1832 1725 1920 1795 μὴ
1949 1718 1992 1795 ᾖ

398 1814 583 1879 ξάξία,
603 1816 642 1883 ἠ
665 1814 872 1884 εἰρήνη
889 1814 1052 1882 ὑμῶν
1066 1811 1215 1881 πρὸς
1235 1810 1390 1881 ὑμᾶς
1419 1808 1874 1878 ἀποστραφήτω.
1893 1806 1993 1861 Διὰ

400 1894 578 1948 ’τοῦτο
595 1895 696 1951 οὐκ
724 1896 900 1965 ῑσμεν,
931 1895 1012 1950 ὅτι
1046 1893 1211 1947 τύπον
1231 1893 1492 1965 ῥημάτων
1516 1891 1806 1960 νομίζομεν
1820 1888 1992 1942 ταῦτα

422 1972 582 2041 εἶναι,
611 1977 707 2030 καὶ
735 1977 796 2029 ού
819 1974 1276 2046 συντιθέμεθαντῷ
1307 1972 1402 2044 νῷ.
1421 1972 1514 2044 Μὴ
1545 1973 1652 2043 γὰρ
1667 1970 1776 2040 ἐγὼ
1801 1971 1993 2040 δίδωμι

404 2057 522 2129 τὴν
546 2060 802 2129 είρήνην;
845 2058 903 2111 Ὀ
926 2057 1156 2127 Χριστὸς
1192 2057 1259 2109 δι’
1288 2055 1445 2127 ἡμῶν
1502 2053 1833 2124 φθέγγεσθαι
1866 2068 1996 2105 κατ-

425 2139 619 2205 αξιῶν.
652 2139 717 2194 Εἰ
750 2141 953 2194 καὶτὸν
985 2140 1368 2194 ἀλλονᾶπαντα
1390 2138 1581 2209 χρόνον
1603 2136 1750 2189 κενοὶ
1771 2135 1867 2204 τῆς
1898 2133 1996 2204 χά-

412 2226 577 2294 τριτός
613 2224 800 2292 ἐσμεν,
826 2222 941 2275 ἀλλ’
969 2223 1031 2275 οὐ
1064 2221 1159 2275 νῦν
1203 2222 1272 2274 δι’
1305 2222 1467 2290 ὑμᾶς⁴
1508 2221 1572 2273 Εἰ
1614 2218 1723 2289 γάρ
1758 2219 1836 2281 είς
1874 2218 1996 2270 ϐνον

422 2306 701 2376 ἐνήργησε
736 2306 829 2359 καὶ
857 2308 936 2369 είς
973 2304 1167 2376 μάντιν
1203 2306 1237 2374 ή
1263 2302 1355 2357 τοῦ
1382 2301 1518 2356 Θεοῦ
1555 2302 1734 2372 χάρις,
1762 2301 1827 2352 δι’
1853 2300 1997 2353 οίκο-

406 2386 621 2457 »νομίαν
655 2389 750 2441 καὶ
774 2388 872 2456 τὴν
901 2386 1009 2440 τῶν
1059 2384 1410 2455 Ἰσραηλιτῶν
1454 2384 1744 2453 ὠφέλειαν,
1776 2381 1995 2452 εὔδηλον

398 2470 511 2523 ηνϐτι
551 2469 672 2522 οὐδὲ
713 2471 795 2533 είς
830 2469 1423 2540 ’ἡμᾶς-παραιτήσεται
1456 2466 1717 2537 ἐνεργεῖν,
1763 2463 1879 2517 ἀλλ’
1903 2465 1996 2518 6w-

402 2552 612 2616 .έξεται
643 2553 737 2605 καὶ
766 2551 924 2604 τοῦτο
953 2552 1021 2604 δι’
1051 2553 1223 2623 ἡμᾶς.

493 2640 561 2690 ε’.
590 2634 795 2704 Μηδεὶς
816 2633 994 2686 τοίνυν
1019 2632 1184 2695 είποι,
1202 2632 1282 2685 ὅτι
1308 2630 1530 2700 εὐτελὴς
1555 2626 1666 2696 ἐγὼ
1695 2629 1790 2682 καὶ
1812 2645 1995 2681 ταπει-

397 2717 517 2780 wh;
543 2717 636 2769 καὶ
655 2715 870 2778 οὐδενὸς
893 2714 1042 2780 άξιος
1067 2714 1246 2781 λόγου,
1264 2715 1357 2767 καὶ
1376 2711 1518 2766 οὕτω
1542 2729 1630 2781 μοι
1654 2711 1985 2782 προσεχέτω.

411 2798 554 2869 Εἰμὶ
595 2797 704 2870 γάρ
735 2796 1012 2861 τοιοῦτος⁹
1049 2796 1165 2850 ἀλλ’
1186 2796 1279 2849 ἀεὶ
1315 2794 1435 2858 ἔθος
1466 2795 1544 2864 τῷ
1581 2792 1702 2863 Θεῷ
1746 2792 1835 2846 διά
1867 2793 1992 2855 τοὺς

412 2880 653 2943 πολλοὺς
671 2882 766 2934 καὶ
795 2881 908 2943 τοῖς
957 2879 1221 2939 τοιούτοις
1253 2876 1596 2944 ἐφίστασθαι.
1632 2874 1742 2927 Καὶ
1771 2875 1859 2927 ἵνα
1886 2875 1991 2944 μά-

388 2963 579 3032 ·θητε,
624 2962 702 3031 τῷ
752 2960 902 3032 [369]
953 2960 1092 3015 Κάῖν
1124 2959 1431 3028 κατηξίωσε
1466 2958 1698 3028 λαλῆσαι
1770 2957 1858 3010 διὰ
1900 2956 1992 3010 τὸν

416 3045 620 3109 Ἀϐελ,
650 3045 729 3114 τῷ
751 3043 981 3114 διαϐόλῳ
1012 3043 1099 3096 διὰ
1131 3043 1225 3095 τὸν
1267 3040 1408 3103 Ἰὼϐ,
1438 3040 1517 3111 τῷ
1556 3036 1754 3112 Φαραὼ
1780 3041 1869 3093 διὰ
1901 3040 1992 3092 τδν

409 3127 661 3196 ”Ιωσὴφ,
696 3125 775 3195 τῷ
801 3124 1265 3195 Ναϐουχοδονόσορ
1288 3121 1377 3177 διὰ
1400 3122 1491 3175 τὸν
1515 3123 1734 3194 Δανιὴλ,
1752 3121 1829 3192 τῷ
1855 3121 1992 3175 Βαλ-

396 3211 605 3281 -τάσαρ
653 3207 743 3261 διὰ
789 3207 880 3260 τὸν
925 3206 1106 3261 αὐτὸν.
1154 3206 1264 3259 Καὶ
1306 3205 1472 3275 μάγοι
1500 3206 1557 3259 δὲ
1599 3204 1994 3273 ἀποκαλύψεως

389 3293 637 3364 ἔτυχον,
672 3292 769 3347 καὶ
807 3291 1065 3360 Καϊάφας
1097 3289 1468 3359 προεφήτευσε
1510 3288 1886 3357 χριστοκτόνος
1918 3284 1993 3338 ὣν

399 3383 519 3437 καὶ
546 3379 784 3446 ἀνάξιος,
815 3378 901 3432 διὰ
928 3379 991 3431 τδ
1024 3379 1125 3447 τῆς
1158 3373 1457 3445 ἱερωσύνης
1489 3374 1724 3444 ἀξίωμα.
1762 3373 1993 3441 Λέγεται

400 3464 521 3519 καὶ
572 3461 786 3532 Ἀαρὼν
818 3460 904 3513 διὰ
931 3459 1092 3514 τοῦτο
1132 3458 1206 3529 μὴ
1245 3456 1615 3528 λεπρωθῆναι.
1654 3457 1752 3509 Διά
1779 3456 1833 3507 τί
1862 3455 1991 3523 γὰρ,

400 3545 553 3601 εἰπέ
591 3561 705 3616 μοι,
738 3543 1064 3612 ἀμφοτέρων
1108 3540 1624 3609 καταλαλησάντων,
1652 3537 1835 3607 ἐκείνη
1857 3536 1994 3606 μόνη

401 3628 522 3698 τὴν
555 3626 712 3694 δίκην
738 3624 901 3677 ἔδωκε
922 3642 937 3690 ;
961 3625 1053 3692 Μὴ
1080 3623 1371 3694 θαυμάσῃς
1394 3637 1407 3650 '
1444 3624 1491 3674 εἰ
1513 3620 1621 3690 γὰρ
1640 3622 1697 3673 ἐν
1726 3621 1837 3682 τοῖς
1869 3617 1997 3682 ἔξω·

406 3711 520 3763 θεν
564 3707 861 3774 ἀξιώμασι,
895 3707 995 3758 κᾶν
1024 3706 1192 3777 μυρία
1221 3723 1304 3770 τις
1339 3705 1733 3774 κατηγορῆται,
1766 3702 1828 3754 ού
1865 3701 1997 3772 πρό-

401 3806 595 3862 τερον
625 3791 704 3851 είς
730 3788 1079 3858 δικαστήριον
1104 3788 1318 3855 ἄγεται,
1354 3787 1458 3850 ἕως
1494 3788 1559 3840 ἂν
1588 3786 1860 3855 ἀπόθηται
1897 3785 1996 3854 τὴν

401 3871 633 3944 ἀρχὴν,
674 3871 763 3924 ἴνα
824 3870 898 3942 μὴ
948 3869 1043 3924 καὶ
1083 3871 1261 3942 ἐκείνη
1305 3870 1420 3941 μετ’
1465 3869 1631 3924 αὑτοῦ
1671 3867 1992 3941 ὑϐρίζηται*

398 3954 618 4024 πολλῷ
645 3954 847 4024 μᾶλλον
889 3953 983 4006 ἐπὶ
1025 3953 1126 4023 τῆς
1154 3954 1326 4025 ἀρχῆς
1364 3954 1460 4023 τῆς
1495 3953 1869 4022 πνευματικῆς
1892 3951 1996 4005 κᾶν

382 4037 686 4094 ὁστισοῦν
711 4033 764 4111 ᾖ,
801 4038 1015 4107 ἐνεργεῖ
1047 4037 1080 4106 ἡ
1111 4034 1207 4090 τοῦ
1240 4034 1376 4089 Θεοῦ
1424 4036 1585 4107 χάρις
1610 4052 1624 4065 ·
1661 4034 1784 4087 ἐπεὶ
1820 4034 1996 4087 πάντα

390 4126 477 4180 ἂν
509 4133 542 4162 ⁸
580 4118 891 4174 ἀπόλωλεν·
922 4120 1052 4173 ὅταν
1111 4119 1166 4172 δὲ
1202 4117 1374 4188 αὐτὴν
1406 4117 1701 4187 ἀπόθηται,
1738 4116 1847 4169 εἴτε
1888 4116 1992 4168 ἀπο

378 4204 503 4259 ελθ
516 4200 628 4266 ὼν,
658 4201 769 4254 εἴτε
801 4202 896 4255 καὶ
920 4200 1172 4267 ἐνταῦθα,
1203 4200 1325 4254 τότε
1355 4200 1443 4271 δὴ,
1470 4199 1590 4252 τότε
1605 4199 1995 4270 χαλεπωτέραν

380 4285 590 4341 δώσει
614 4284 714 4353 τὴν
743 4283 920 4356 δίκην.
960 4285 1052 4354 Μή
1075 4284 1140 4354 δὴ
1170 4282 1422 4354 νομίζετε
1467 4282 1598 4352 παρ’
1622 4283 1778 4352 ἡμῶν
1825 4280 1995 4336 ταῦτα

378 4366 716 4438 λέγεσθαιο
751 4368 785 4436 ή
807 4367 902 4422 τοῦ
927 4367 1064 4420 Θεοῦ
1101 4367 1262 4437 χάρις
1293 4365 1447 4420 ἐστὶν
1477 4367 1510 4436 ή
1540 4365 1636 4419 καὶ
1668 4367 1748 4429 είς
1779 4364 1996 4429 ἀνάξιον

393 4457 503 4506 ἐνε
515 4448 763 4521 ργοῦσα,
784 4450 844 4504 ού
865 4449 934 4503 δι’
955 4450 1125 4519 ἡμᾶς,
1150 4449 1285 4503 ἀλλά
1297 4448 1366 4501 δι’
1395 4448 1560 4518 ὑμᾶς.
1596 4447 1890 4501 Ἀκούσατε
1905 4441 1997 4500 οὖν

379 4535 450 4587 τί
493 4533 727 4601 φησι·ίὸ
748 4532 1000 4601 Χριστόςο
1037 4526 1229 4603 Ἐὰνῇ
1256 4532 1295 4602 ’ἡ
1320 4532 1480 4586 οἰκία
1507 4531 1668 4594 ἀξία,
1713 4529 1928 4584 ἐλθέτω
1956 4528 1996 4597 ἡ

454 4710 489 4743 ο
520 4705 627 4756 Sic
648 4704 959 4758 Coibcrlinus
982 4721 1108 4757 unus
1132 4713 1291 4759 recte.
1334 4706 1387 4756 In
1411 4704 1559 4757 editis
1580 4705 1636 4752 ἄν
1653 4704 1814 4756 deest.

1323 299 1389 355 IN
1414 298 1649 356 'EPIST.
1690 297 1782 353 ᾹΙ)
1809 294 2281 355 ΕΟΕΟΞΞΛῘᾹΡ.
2310 297 2363 351 ’1.
2405 294 2640 351 ιιολιιι.
2675 296 2762 352 Ill.

2076 407 2299 477 ἐἰρήνη
2329 409 2484 478 ὑμῶν
2510 409 2602 461 ἐπ’
2630 408 2844 474 αὑτήν.
2876 409 2999 472 Πῶς
3016 409 3071 463 δὲ
3095 410 3219 476 ἀξία
3257 413 3463 467 γίνεται
3486 433 3501 480 ;
3534 417 3659 470 Ἐάν

2088 490 2342 555 δέξωνται
2371 492 2536 561 ὑμᾶς,
2570 493 2754 561 φησίν.
2802 493 2943 545 Ἐὰν
2971 492 3039 545 δὲ
3064 495 3149 562 μὴ
3171 494 3454 558 δέξονται
3480 497 3653 566 ὑμᾶς,

2084 573 2238 642 μηδὲ
2257 575 2564 629 ἀκούσωσι
2592 575 2701 625 τὸν
2719 574 2904 642 λόγον
2921 574 3108 642 ὑμῶν,
3142 576 3304 644 ἀμὴν
3323 581 3478 646 λέγω
3496 581 3657 650 ὑμῖν,

2091 656 2480 723 ἀνεκτότερον
2507 655 2677 708 ἔσται
2697 655 2776 724 τῇ
2805 657 3085 726 Σοδόμων
3111 660 3209 713 καὶ
3242 663 3552 731 Γομόρρας
3591 666 3663 719 ἐν

2082 737 2282 804 ἡμέρᾳ
2309 738 2582 806 κρίσεως,
2608 736 2646 805 ἢ
2685 736 2761 803 τῇ
2790 739 2962 794 πόλει
2988 740 3213 811 ἐκείνῃ.
3243 742 3308 795 Τί
3331 739 3423 798 οὖν
3445 744 3659 814 ὄφελος,

2088 819 2170 874 δτι
2203 818 2422 890 δέχεσθε
2453 821 2630 889 ἡμᾶς,
2677 822 2773 873 καὶ
2804 821 2905 875 οὐκ
2933 822 3159 879 ἀκούετε
3201 825 3310 880 τῶν
3342 828 3470 900 παρ’
3504 830 3662 899 ἡμῶν

2089 900 2426 972 λεγομένωνς
2475 901 2528 954 τί
2578 901 2638 955 τὸ
2679 902 2887 974 κέρδος.
2936 904 3019 961 ὅτι
3071 906 3428 977 θεραπεύετε,
3454 912 3549 966 καὶ
3597 913 3662 965 οὐ

2087 983 2385 1053 προσέχετε
2419 985 2532 1047 τοῖς
2560 982 2878 1055 λεγομένοις
2913 988 3079 1057 ὑμῖνς
3128 989 3341 1063 Ἐκείνη
3373 992 3491 1046 ἐστὶ
3528 995 3663 1065 τιμὴ

2088 1066 2242 1135 ἡμῖν,
2274 1064 2458 1136 ἐκείνη
2489 1066 2755 1137 θεραπεία
2798 1067 3106 1140 θαυμαστὴ,
3140 1073 3174 1141 ή
3204 1074 3298 1125 καὶ
3332 1074 3479 1144 ὑμᾶς
3520 1064 3664 1144 ώφεέ-

2088 1147 2255 1201 λοῦσα
2272 1149 2361 1202 καὶ
2380 1149 2554 1222 ἡμᾶς,
2576 1150 2672 1203 ὲάν
2690 1151 2848 1220 ἡμῶν
2865 1151 3123 1223 ἀκούητε.
3167 1154 3423 1208 Ἀκούετε
3448 1158 3544 1210 καὶ
3566 1156 3661 1210 τοῦ

2078 1229 2302 1283 Παύλου
2321 1229 2591 1298 λέγοντος,
2617 1234 2738 1286 Οὐκ
2765 1232 2954 1303 ᾔδειν,
2985 1233 3223 1304 ἀδελφοὶ,
3242 1236 3332 1291 ὅτι
3356 1236 3665 1305 ἀρχιερεύς

2088 1311 2280 1365 ἐστιν.
2311 1312 2511 1366 ’Δκουε
2541 1318 2635 1368 καὶ
2658 1313 2754 1368 τοῦ
2770 1315 3009 1386 Χριστοῦ
3033 1317 3305 1386 λέγοντος,
3331 1318 3534 1372 Πάντα
3548 1319 3667 1373 ὅσα

2089 1393 2166 1447 ἂν
2200 1393 2462 1464 λέγωσιν
2483 1395 2625 1465 ὑμῖν
2651 1398 2871 1465 τηρεῖν,
2900 1399 3128 1467 τηρεῖτε
3151 1400 3251 1455 καί
3278 1401 3515 1456 ποιεῖτε.
3552 1402 3664 1455 Ούκ

2089 1473 2225 1545 ἐμοῦ
2251 1481 2635 1547 καταφρονεῖς,
2658 1479 2796 1533 ἀλλά
2817 1479 2918 1549 τῆς
2939 1480 3239 1552 ἱερωσύνης
3259 1499 3272 1511 ·
3303 1483 3370 1537 ἂν
3401 1484 3516 1554 ίδῃς
3537 1486 3665 1537 ταύ-

2090 1572 2190 1627 της
2218 1559 2444 1628 γυμνὸν,
2481 1560 2601 1613 τότε
2636 1561 2989 1631 καταφρόνει,
3024 1564 3146 1617 τότε
3178 1563 3300 1617 οὐδὲ
3328 1563 3438 1632 ἐγὼ
3472 1564 3664 1635 ἀνέχο-

2096 1658 2193 1712 μαι
2230 1643 2560 1697 ἐπιτάττειν.
2602 1645 2747 1707 Ἕως
2793 1645 2837 1699 δ’
2872 1646 2939 1700 ἂν
2980 1647 3074 1699 ἐπὶ
3118 1647 3212 1701 τοῦ
3244 1647 3435 1719 θρόνου
3473 1649 3663 1703 τούτου

2091 1725 2402 1795 καθήμεθα,
2429 1726 2535 1789 ἕως
2561 1726 2625 1780 ἂν
2652 1726 2751 1797 τὴν
2776 1728 3069 1800 προεδρίαν
3090 1730 3327 1801 ἔχωμεν,
3347 1731 3551 1803 ,ἔχομεν
3571 1732 3666 1787 καὶ

2088 1808 2187 1877 τὴν
2224 1808 2382 1872 ἀξίαν
2412 1809 2506 1861 καὶ
2538 1809 2639 1881 τήν
2671 1811 2843 1880 ίσχὺν,
2879 1812 2926 1865 εί
2960 1814 3053 1866 καὶ
3082 1813 3291 1878 ἀνάξιοί
3322 1818 3509 1884 ἐσμεν.
3546 1815 3609 1868 El
3638 1817 3667 1868 6

2090 1890 2369 1954 Μωῦσέως
2400 1889 2591 1961 θρόνος
2619 1890 2794 1955 οῦτως
2822 1888 2890 1966 ἦν
2937 1895 3237 1966 αἰδέσιμος,
3265 1896 3341 1960 ὡς
3368 1898 3434 1950 δι’
3458 1898 3666 1950 ἐκεῖνον

2091 1971 2406 2037 ἀκούεσθαι,
2458 1973 2638 2045 πολλῷ
2689 1975 2889 2046 μᾶλλον
2938 1979 2967 2031 6
3016 1977 3113 2031 τοῦ
3162 1978 3402 2049 Χριστοῦ
3454 1978 3661 2050 θρόνος.

2106 2054 2345 2109 Ἐκεῖνον
2364 2057 2525 2127 ἡμεῖς
2544 2056 2896 2127 διεδεξάμεθα
2917 2076 2931 2090 ο
2956 2060 3065 2113 ἀπὺ
3083 2061 3274 2115 τούτου
3294 2061 3665 2132 φθεγγόμεθα,

2091 2137 2186 2206 ἀφ’
2221 2132 2283 2191 οὗ
2314 2138 2407 2190 καὶ
2439 2139 2467 2190 ό
2504 2139 2739 2209 Χριστὸς
2768 2140 2920 2193 ἔθετο
2965 2140 3023 2195 ἐν
3069 2145 3203 2212 ἡμῖν
3241 2143 3343 2215 τὴν
3387 2143 3667 2197 διακονίαν

2091 2221 2191 2290 τῆς
2231 2221 2600 2292 καταλλαγῆς.
2638 2225 2700 2276 Οἱ
2751 2224 3028 2296 πρέσϐεις,
3063 2222 3272 2297 οἷοίπερ
3320 2226 3385 2281 ἀν
3419 2220 3544 2292 ὦσι,
3577 2225 3665 2280 διά

2090 2303 2154 2357 τὸ
2195 2304 2295 2373 τῆς
2323 2304 2615 2375 πρεσϐείας
2661 2305 2875 2378 ἀξίωμα
2930 2308 3132 2378 πολλῆς
3189 2308 3522 2362 ἀπολαύουσι
3559 2308 3664 2378 τῆς

2092 2386 2273 2456 τιμῆς.
2301 2386 2443 2457 Ὅρα
2471 2388 2580 2456 γάρ
2601 2405 2614 2419 ο
2639 2390 2718 2452 είς
2757 2389 2928 2459 μέσην
2963 2389 3256 2461 βαρϐάρων
3279 2390 3528 2460 ἔρχονται
3565 2390 3666 2461 τήν

2092 2470 2196 2539 γῆν
2232 2469 2403 2538 μόνοι,
2434 2471 2637 2539 μεταξὺ
2671 2471 2943 2525 τοσούτων
3000 2472 3273 2542 πολεμίων
3301 2492 3314 2505 ’
3342 2475 3435 2527 καὶ
3477 2473 3667 2542 ἐπειδὴ

2096 2550 2310 2621 μεγάλα
2371 2552 2399 2603 6
2455 2552 2557 2621 τῆς
2614 2554 2910 2624 πρεσϐείας
2969 2554 3142 2624 ίσχύει
3211 2555 3407 2625 νόμος,
3466 2555 3668 2618 πάντες

2091 2633 2292 2697 αὐτοὺς
2349 2634 2583 2703 τιμῶσι,
2642 2636 2841 2699 πάντες
2892 2638 2971 2699 είς
3027 2638 3225 2701 αὐτοὺς
3275 2638 3666 2701 ἀποϐλέπουσι,

2092 2717 2293 2780 πάντες
2354 2718 2492 2787 μετὰ
2550 2719 2851 2788 ἀσφαλείας
2908 2720 3282 2791 ἐκπέμπουσι.
3340 2724 3464 2776 Καὶ.
3508 2723 3671 2794 ἡμεῖς

2092 2799 2275 2853 τοίνυν
2324 2801 2623 2869 πρεσϐείας
2674 2801 3045 2873 ἀνεδεξάμεθα
3099 2804 3279 2874 λόγον,
3334 2807 3426 2858 καὶ
3462 2807 3672 2877 ἥκομεν

2096 2882 2245 2954 παρά
2285 2883 2380 2937 τοῦ
2427 2884 2564 2937 Θεοῦ
2592 2901 2605 2914 ·
2631 2885 2789 2938 τοῦτο
2822 2888 2931 2957 γάρ
2971 2889 3090 2940 ἐστι
3119 2888 3180 2940 τὸ
3217 2892 3317 2958 τῆς
3364 2889 3672 2957 ἐπισκοπῆς

2094 2964 2327 3035 ἀξίωμα.
2349 2966 2595 3034 Ἦκομεν
2629 2966 2761 3037 πρὸς
2789 2969 2931 3038 ὑμᾶς
2957 2969 3375 3040 πρεσϐεύοντες,
3394 2970 3672 3034 ἀξιοῦντες

2094 3047 2397 3101 καταλῦσαι
2423 3047 2572 3120 [⁸550]
2601 3049 2692 3101 τὸν
2713 3050 2973 3121 πόλεμον,
2997 3054 3091 3105 καὶ
3112 3052 3343 3121 λέγομεν
3371 3053 3463 3105 ἐπὶ
3487 3053 3627 3105 τίσιν
3655 3068 3669 3080 ·

2093 3131 2155 3182 οὐ
2188 3129 2373 3193 πόλεις
2411 3131 2868 3199 ἐπαγγελλόμενοι
2902 3131 3116 3198 δώσειν,
3151 3134 3273 3185 ούδέ
3315 3133 3465 3186 σίτου
3498 3133 3671 3203 μέτρα

2092 3210 2225 3263 τόσα
2261 3212 2356 3265 καὶ
2386 3212 2539 3276 τόσα,
2567 3212 2690 3265 οὐδὲ.
2735 3213 3061 3282 ἀνδράποδα,
3089 3216 3211 3268 οὐδὲ
3258 3215 3502 3284 χρυσίον,
3534 3215 3671 3268 ἀλλὰ

2097 3294 2371 3364 βασιλείαν
2420 3295 2701 3366 οὐρανῶν,
2746 3297 2894 3366 ζωὴν
2950 3298 3188 3361 αἰώνιον,
3232 3298 3521 3351 συνουσίαν
3573 3298 3671 3366 τὴν

2098 3378 2237 3446 μετὰ
2269 3377 2529 3447 Χριστοῦ,
2559 3377 2628 3429 τά
2659 3376 2794 3429 ἄλλα
2833 3377 3033 3444 ἀγαθά,
3063 3379 3097 3432 ἀ
3131 3380 3266 3451 μήτε
3297 3380 3470 3431 εἰπεῖν
3509 3379 3670 3433 δυνα-

2094 3459 2185 3512 τὸν
2234 3460 2387 3527 ἡμῖν,
2428 3462 2563 3529 μήτε
2609 3459 2737 3528 ὑμῖν
2789 3459 3041 3525 ἀκοῦσαι,
3072 3461 3175 3524 ἓως
3214 3461 3279 3513 ἂν
3317 3461 3373 3511 ἐν
3413 3464 3476 3533 τῇ
3509 3464 3672 3534 σαρκὶ

2093 3540 2266 3612 ταύτῃ
2323 3534 2474 3609 ὦμεν
2529 3540 2623 3593 καὶ
2675 3539 2752 3609 τῷ
2812 3541 3042 3613 παρόντι
3108 3543 3226 3613 βίῳ.
3288 3543 3671 3615 Πρεσϐεύομεν

2095 3625 2272 3676 τοίνυν
2299 3638 2311 3651 ·
2343 3622 2635 3676 ἀπολαύειν
2659 3623 2715 3676 δὲ
2746 3623 3050 3693 βουλόμεθα
3077 3626 3242 3694 τιμῆς
3273 3642 3286 3655 ·
3314 3628 3377 3679 ού
3404 3626 3469 3678 δι’
3500 3629 3667 3697 ἡμᾶς,

2099 3705 2173 3776 μὴ
2204 3704 2413 3772 γένοιτο
2446 3720 2459 3733 ’
2487 3706 2647 3775 ίσμεν
2683 3705 2794 3777 γάρ
2826 3707 2995 3777 αὐτῆς
3034 3707 3093 3760 τὸ
3127 3708 3342 3771 εὐτελές
3376 3721 3392 3738 ⁸
3430 3708 3566 3763 ἀλλά
3602 3710 3670 3762 δι’

2095 3788 2258 3857 ὑμᾶς,
2283 3788 2370 3841 ῖνα
2385 3787 2543 3857 ὑμεῖς
2568 3788 2705 3857 μετά
2724 3789 2959 3857 σπουδῆς
2980 3790 3047 3842 τά
3072 3790 3202 3861 παρ’
3225 3791 3385 3860 ἡμῶν
3410 3792 3667 3864 ἀκούητε,

2098 3872 2183 3924 ἴνα
2210 3871 2369 3941 ὑμεῖς
2393 3869 2700 3941 ώφελῆσθε,
2724 3871 2811 3923 ἵνα
2837 3872 2911 3942 μὴ
2938 3872 3075 3941 μετά
3102 3873 3376 3943 ῥᾳθυμίας
3405 3873 3437 3943 ἡ
3463 3875 3670 3945 ἀπροσ-

2096 3950 2243 4017 εξίας
2286 3952 2590 4023 προσέχητε
2640 3954 2751 4015 τοῖς
2788 3952 3122 4023 λεγομένοις.
3157 3954 3268 4023 Οὐχ
3319 3957 3481 4026 δρᾶτε
3541 3958 3669 4019 τοὺς

2097 4036 2357 4107 πρέσϐεις
2394 4034 2510 4097 πῶς
2560 4034 2761 4095 πάντες
2797 4034 2995 4096 αὐτοὺς
3047 4033 3432 4101 περιέπουσιν;
3476 4038 3669 4105 Ἡμεῖς

2100 4118 2234 4171 Θεοῦ
2264 4118 2521 4188 πρέσϐεις
2552 4115 2717 4184 ἐσμὲν
2744 4115 2877 4185 πρὸς
2906 4113 3249 4182 ἀνθρώπους.
3277 4114 3411 4169 Είδὲ
3439 4118 3671 4187 πρόσαν-

2100 4219 2191 4267 τες
2218 4203 2346 4272 ὑμῖν
2376 4200 2550 4264 τοῦτο,
2582 4200 2678 4268 οὐχ
2701 4200 2883 4269 ἡμεῖς,
2915 4195 3032 4250 ἀλλ’
3056 4196 3195 4268 αῦτη
3259 4200 3291 4267 ἡ
3330 4201 3612 4260 ἐπισκοπή
3648 4217 3661 4230 ι

2100 4286 2220 4355 οὐχὶ
2244 4286 2272 4337 6
2299 4284 2464 4345 δεῖνα,
2480 4282 2592 4335 ἀλλ’
2610 4282 2637 4333 6
2665 4282 2978 4335 ἐπίσκοπος.
2995 4278 3201 4347 Μηδεὶς
3238 4279 3371 4349 ἐμοῦ
3397 4282 3663 4347 ἀκουέτω,

2101 4366 2239 4421 ἀλλά
2280 4364 2373 4417 τοῦ
2401 4363 2727 4433 ἀξιώματος.
2760 4362 2943 4414 Πάντα
2982 4360 3161 4413 τοίνυν
3220 4360 3466 4429 ποιῶμεν
3525 4363 3667 4414 κατά

2101 4448 2161 4502 τὸ
2204 4446 2282 4517 τῷ
2334 4444 2454 4514 Θεῷ
2503 4442 2710 4507 δοκοῦν,
2746 4444 2831 4496 ἵνα
2880 4443 2958 4503 εἰς
3017 4441 3174 4505 δόξαν
3210 4442 3346 4496 Θεοῦ
3391 4442 3666 4512 ζήσωμεν,

2102 4532 2200 4586 καὶ
2248 4526 2672 4597 καταξιωθῶμεν
2698 4526 2808 4578 τῶν
2835 4523 3260 4595 ἐπηγγελμένων
3311 4523 3528 4592 ἀγαθῶν
3554 4525 3668 4587 τοῖς

2102 4612 2389 4684 ἀγαπῶσιν
2426 4610 2609 4677 αὑτὸν,
2667 4609 2849 4682 χάριτι
2879 4608 2974 4663 καὶ
3030 4606 3425 4679 φιλανθρωπίᾳ,
3465 4605 3562 4660 καὶ
3597 4606 3669 4660 τα

2103 4698 2250 4769 ἑξῆς.
