4026 6148
382 309 495 367 395

1088 302 1145 358 S.
1186 297 1469 357 JOANNIS
1507 289 1990 351 CHRYSOSTOMI
2029 289 2349 346 ARCHIEP.
2389 281 2930 345 CONSTANTINOP.

3540 281 3648 339 ⁸526

3344 442 3615 463 ’.θοῇ-Α

1868 593 2113 647 ΟΜΙΛΙΔ
2148 593 2199 642 Δ⁹

387 721 494 776 Καὶ
522 717 678 788 ὑμᾶς
704 729 847 788 ποτε
893 712 1147 788 ἐχθροὺς
1184 711 1363 788 ὄντας
1396 710 1497 763 καί
1554 709 1969 788 ἀπηλλοτριω-

453 777 681 858 μένους
697 785 786 858 τῇ-
799 777 1037 858 διανὸίζι
1148 781 1275 858 τοῖς
1291 781 1489 858 ἔργοις
1510 778 1636 843 τοῖς
1651 777 1969 858 πονηροῖς,

457 846 595 911 ῗνυνί
621 846 1219 927 *δὲξάποκατήλλαξε
1242 846 1330 915 τῷ
1353 846 1581 917 σώματι
1604 846 1715 927 τῇς
1747 846 1973 927 σαρκός

454 925 648 980 αὐτοῦ
714 923 811 976 διὰ
868 921 976 976 τοῦ
1044 921 1338 982 θανάτου,
1389 919 1973 986 παραστῆσαιᾼύμᾷς

455 996 666 1065 ἁγίους
695 992 806 1065 καί
830 990 1112 1061 ἀμώμους
1147 989 1245 1043 καί
1272 984 1682 1057 ἀνεγκλήτους
1709 984 1803 1038 καί
1828 984 1973 1037 ἐνώ-

458 1061 600 1117 πιον
626 1061 831 1117 αὐτοῦ.

460 1237 530 1283 a'.
590 1225 856 1281 Ἐνταῦθα
895 1224 1081 1278 λοιπὸν
1118 1223 1418 1281 δείκνυσιν,
1459 1220 1543 1273 ὅτι
1579 1218 1674 1272 καὶ
1726 1216 1978 1281 ἀναξίους

392 1314 554 1376 ὂντας
578 1307 932 1377 καταλλαγῆς
959 1305 1287 1376 κατήλλαξε.
1312 1303 1386 1356 Τὸ
1419 1303 1517 1373 μὲν
1539 1301 1648 1372 γὰρ
1676 1303 1871 1363 εἰπεῖν.
1897 1303 1979 1353 ὅτι

396 1395 502 1448 ὑπὸ
533 1394 633 1463 τὴν
665 1390 915 1456 ἐξουσίαν
965 1388 1059 1442 τοῦ
1110 1388 1333 1449 σκότους
1374 1381 1537 1454 ἦσαν,
1582 1384 1823 1437 δείκνυσι
1880 1383 1980 1452 τὴν

397 1475 705 1547 συμφορὰν,
731 1475 788 1527 ἐν
882 1468 1043 1543 ἦσαν.
1079 1470 1220 1523 Ἀλλ’
1246 1469 1332 1522 ἴνα
1362 1469 1436 1539 μὴ
1468 1466 1707 1530 ἀκούσας
1737 1465 1981 1548 ἐξουσίαν

399 1546 648 1623 σκότους,
682 1546 930 1626 ἀνάγκην
968 1553 1195 1626 νομίσῃς
1220 1548 1381 1616 εἶναι,
1405 1550 1602 1619 ἐπάγει
1643 1566 1657 1582 ·
1694 1550 1802 1605 Καὶ
1831 1546 1979 1618 ὑμᾶς

400 1642 580 1706 ὄντας
605 1635 1210 1706 ἀπηλλοτριωμένους
1236 1651 1248 1664 ·
1278 1633 1420 1687 ὥστε
1451 1633 1600 1685 δοκεῖ
1633 1631 1734 1701 μὲν
1766 1631 1828 1683 τὸ
1854 1630 1985 1683 αὐτὸ

399 1723 596 1792 λέγειν,
623 1722 722 1775 οὐκ
751 1720 866 1773 ἐστι
893 1720 951 1772 δέ
977 1736 990 1748 ·
1015 1718 1076 1770 ού
1108 1716 1216 1786 γάρ
1242 1717 1390 1769 ἐστιν
1416 1715 1529 1768 ἴσον
1553 1715 1768 1787 ἀνάγκῃ
1799 1712 1986 1777 κακῶς

400 1805 665 1867 παθόντα,
692 1804 788 1856 καὶ
827 1801 1023 1855 έκόντα
1070 1798 1229 1853 τοῦτο
1264 1798 1638 1866 ὑπομείναντα
1680 1796 1988 1861 ἀπαλλάξαι

401 1887 512 1941 τῶν
546 1884 757 1939 δεινῶν.
801 1885 1040 1946 Ἐκεῖνος
1068 1883 1166 1952 μὲν
1195 1879 1304 1950 γάρ
1341 1878 1605 1932 ἐλεεῖσθαι
1639 1877 1808 1943 ἄξιος,
1838 1874 1989 1941 οὗτος

401 1970 461 2025 δὲ
496 1968 793 2040 μισεῖσθαι.
839 1965 982 2020 Ἀλλ’
1018 1966 1167 2035 ὅμως
1196 1964 1363 2032 ὑμᾶς,
1389 1962 1577 2032 φησὶν,
1607 1962 1730 2032 οὐχὶ
1757 1962 1990 2024 ἄκοντας

403 2051 525 2105 οὐδὲ
571 2048 1072 2118 ἀναγκαζομένους,
1126 2045 1242 2099 ἀλλ’
1291 2044 1517 2107 ἑκόντας
1562 2043 1657 2096 καὶ
1706 2043 1851 2113 μετὰ
1895 2043 1990 2097 τοῦ

408 2133 699 2206 βούλεσθαι
738 2130 1139 2201 ἀποπηδῶντας
1174 2127 1363 2191 αὐτοῦ,
1404 2128 1502 2181 καί
1541 2127 1795 2193 ἀναξίους
1835 2126 1994 2189 ὄντας

406 2215 705 2288 ἀπήλλαξε.
726 2215 839 2268 Καὶ
869 2211 1057 2283 ἐπειδὴ
1084 2211 1192 2264 τῶν
1226 2211 1285 2264 ἐν
1313 2212 1426 2273 τοῖς
1454 2210 1702 2280 οὐρανοῖς
1724 2208 1991 2280 ἐμνήσθη,

407 2300 678 2355 δείκνυσιν
708 2298 790 2350 ὅτι
831 2298 864 2366 ἡ
889 2294 1057 2365 ἔχθρα
1096 2294 1246 2346 πᾶσα
1267 2290 1515 2345 ἐντεῦθεν
1539 2288 1652 2360 εἶχε
1674 2292 1774 2362 τὴν
1796 2292 1992 2364 ἀρχὴν,

410 2384 509 2437 οὐκ
554 2381 784 2435 ἐκεῖθεν.
822 2379 1052 2433 Ἐκεῖνοι
1084 2375 1183 2447 μὲν
1220 2376 1330 2445 γὰρ
1363 2374 1530 2428 πάλαι
1572 2373 1873 2438 ἐϐούλοντο,
1904 2372 1996 2426 καὶ

412 2469 443 2519 ὁ
468 2466 599 2528 Θεός
620 2481 633 2495 ⁸
668 2465 826 2534 ὑμεῖς
856 2461 913 2515 δὲ
953 2461 1054 2513 οὑκ
1072 2458 1394 2530 ¹ἰιθελήσατε.
1417 2457 1527 2510 Kal
1557 2456 1732 2510 διόλου
1758 2457 1995 2511 δείκνυσι

410 2551 538 2612 τοὺς
568 2547 830 2616 ἀγγέλους
868 2543 1032 2616 μηδὲν
1070 2541 1403 2611 ἰσχύσαντας
1434 2541 1493 2592 ἐν
1533 2542 1645 2603 τοῖς
1687 2541 1838 2593 κάτω
1869 2540 1996 2610 χρό-

415 2648 553 2695 νοις,
585 2632 638 2685 εί
669 2646 731 2697 γε
763 2628 953 2699 έμενον
981 2625 1185 2696 ἐχθροὶ,
1224 2623 1319 2676 καὶ
1352 2621 1474 2675 οὔτε
1509 2624 1693 2695 πεῖσαι
1715 2622 1995 2691 ἠδύναντο,

417 2714 546 2768 οὔτε
592 2711 918 2773 πεισθέντας
957 2707 1268 2773 ἀπαλλάξαι
1296 2704 1389 2758 τοῦ
1429 2703 1694 2757 διαϐόλου.
1726 2704 1859 2758 Οὐδὲ
1891 2703 2000 2772 γὰρ

417 2799 482 2855 τὸ
515 2802 701 2853 πεῖσαι
732 2793 847 2866 εἶχέ
878 2812 932 2847 τι
976 2793 1190 2863 κέρδος,
1224 2789 1318 2843 τοῦ
1348 2787 1670 2858 κατέχοντος
1705 2787 1778 2859 μὴ
1824 2787 2001 2841 δεθέν-

418 2899 510 2945 τος
544 2900 557 2914 ·
590 2880 712 2934 οὐδέ
746 2879 807 2932 τὸ
835 2878 1055 2945 δεθῆναι
1084 2869 1200 2943 εἶχέ
1230 2891 1285 2925 τι
1314 2870 1526 2941 κέρδος,
1558 2870 1664 2923 τῶν
1702 2870 2000 2940 κατεχομέ-

422 2981 530 3020 νων
565 2963 641 3034 μὴ
665 2960 1005 3031 βουλομένων
1035 2954 1370 3008 ἐπανελθεῖν.
1403 2952 1542 3005 Ἀλλ’
1565 2952 1847 3024 ἀμφότερα
1873 2952 2001 3013 ἔδει,

421 3040 496 3100 ὧν
527 3048 724 3099 ἐκεῖνοι
771 3041 869 3112 μὲν
906 3040 1082 3102 οὐδὲν,
1105 3036 1254 3108 [551]
1289 3037 1319 3089 ὁ
1366 3034 1598 3106 Χριστὸς
1626 3034 1682 3087 δὲ
1722 3034 2005 3104 ἀμφότερα

422 3128 743 3196 πεποίηκεν.
782 3123 944 3176 Ὥστε
970 3120 1064 3174 τοῦ
1104 3119 1193 3173 τὸν
1223 3117 1449 3172 θάνατον
1494 3115 1652 3170 λῦσαι
1691 3115 2005 3186 θαυμασιώ-

421 3229 579 3283 τερον
607 3209 669 3262 τὸ
701 3209 909 3265 πεῖσαι.
951 3205 1156 3258 Ἐκεῖνο
1186 3203 1286 3274 μὲν
1317 3201 1426 3274 γὰρ
1450 3200 1569 3254 ὅλον
1595 3200 1758 3254 αὐτοῦ
1788 3196 1877 3271 ἦν,
1908 3200 2005 3254 καὶ

426 3295 591 3359 αὐτὸς
631 3293 793 3365 μόνος
829 3289 1016 3362 κύριος
1040 3285 1108 3360 ἦν
1130 3303 1144 3318 ·
1177 3286 1369 3341 τούτου
1398 3286 1454 3339 δὲ
1490 3284 1610 3355 οὐχί
1640 3284 1799 3346 αὐτὸς
1824 3283 2004 3365 μόνος,

426 3378 562 3432 ἀλλά
598 3359 694 3432 καὶ
720 3376 879 3447 ήμεῖς
904 3359 925 3402 -ο
962 3359 1328 3443 εὐκολώτερον
1360 3368 1417 3422 δὲ
1450 3367 1626 3421 ταῦτα
1654 3365 1908 3435 ἀνύομεν,
1930 3359 2005 3418 ὧν

426 3463 583 3517 αὐτοὶ
614 3459 792 3531 κύριοί
827 3458 1014 3527 ἐσμεν.
1046 3455 1181 3509 "Are
1210 3449 1302 3507 οὖν
1335 3452 1426 3505 καὶ
1453 3450 1638 3522 μεῖζον
1667 3448 1745 3514 ὃν,
1781 3448 2006 3520 ὕστερον

427 3545 561 3598 αὐτὸ
589 3542 794 3611 τίθησι.
827 3540 938 3592 Kal
979 3539 1078 3607 οὐχ
1102 3537 1286 3600 ἁπλῶς
1317 3532 1490 3596 εἶπεν,
1527 3535 2003 3601 Ἐχθραίνοντας,

429 3625 587 3689 ἀλλά,
621 3616 1260 3688 Ἀπηλλοτριωμένους,
1292 3617 1320 3668 ὃ
1343 3616 1542 3684 πολλῆς
1583 3616 1783 3685 ἔχθρας
1824 3615 1967 3667 ἐστίν
1991 3628 2004 3641 ·

429 3707 554 3760 οὐδὲ
607 3703 1074 3773 ὴλλοτριωμένους
1101 3736 1116 3760 ,
1177 3698 1314 3750 ἀλλά
1393 3698 1525 3768 μηδὲ
1595 3696 2008 3764 προσδοκῶντας

432 3783 772 3841 ἐπανελθεῖν.
831 3780 941 3833 Καὶ
996 3778 1248 3850 ἐχθροὺς,
1302 3780 1463 3847 φησὶ,
1519 3779 1584 3847 τῇ
1638 3776 1868 3846 διανοίᾳ,
1922 3774 2011 3827 διὰ

433 3867 624 3924 τούτου
656 3862 855 3934 δηλῶν,
874 3864 954 3916 ὅτι
974 3862 1094 3932 ούχί
1131 3861 1293 3932 μέχρι
1320 3861 1421 3928 τῆς
1452 3861 1821 3930 προαιρέσεως
1851 3860 2010 3931 μόνον

434 3953 470 4023 ἡ
526 3946 879 4019 ἀλλοτρίωσις
931 3939 1000 4016 ἢν
1055 3944 1275 3999 αὐτῶν·
1305 3944 1439 3997 ἀλλὰ
1477 3944 1562 4023 τίς
1595 3945 1703 3997 Kal
1763 3945 1836 3998 ἐν
1888 3944 2012 4010 τοῖς

432 4036 628 4103 ἔργοις
648 4029 772 4096 τοῖς
804 4027 1110 4098 πονηροῖς.
1152 4027 1261 4081 Kal
1293 4027 1476 4097 ἐχθροὶ
1504 4022 1624 4096 ἦτε,
1657 4026 1810 4097 φησὶ,
1829 4027 1923 4080 καὶ
1947 4028 2011 4081 τὰ

433 4117 544 4170 τῶν
597 4111 806 4184 ἐχθρῶν
852 4111 1171 4182 ἐπράττετε.
1204 4110 1357 4164 Νυνί
1397 4110 1466 4162 δὲ
1511 4109 2014 4175 ἀποκατήλλαξεν

434 4200 506 4254 ἐν
531 4196 612 4262 τῷ
638 4195 864 4263 σώματι
895 4194 1004 4262 τῆς
1026 4194 1254 4262 σαρκὸς
1271 4193 1457 4247 αὑτοῦ
1486 4191 1584 4246 διὰ
1600 4192 1703 4246 τοῦ
1732 4192 2010 4259 θανάτου,

439 4278 823 4351 παραστῆσαι
858 4276 1013 4346 ὑμᾶς
1039 4277 1246 4346 ἁγίους
1276 4276 1372 4329 καί
1402 4273 1677 4344 ἀμώμους
1705 4275 1801 4329 καί
1837 4276 2013 4343 ἀνεγ-

439 4367 704 4434 κλήτους
740 4361 1108 4418 κατενώπιον
1151 4361 1357 4415 αὐτοῦ.
1396 4360 1659 4415 Ἐνταῦθα
1698 4360 1882 4431 τίθησι
1922 4360 2014 4414 καὶ

438 4454 530 4506 τὸν
568 4452 765 4524 τρόπον
809 4452 909 4521 τῆς
949 4449 1314 4517 καταλλαγῆς,
1349 4449 1433 4502 ὅτι
1465 4448 1524 4502 ἐν
1549 4447 1627 4518 τῷ
1656 4447 1888 4519 σώματι,
1920 4447 2014 4501 καὶ

438 4540 521 4593 ὃτι
551 4539 649 4607 οὐχ
679 4536 864 4598 ἁπλῶς
894 4535 1143 4606 πληγεὶς,
1172 4535 1290 4587 οὐδέ
1317 4536 1700 4604 μαστιγωθεὶς,
1726 4536 1847 4588 οὐδὲ
1874 4550 2017 4604 πρα-

441 4624 577 4688 θεὶς,
617 4621 754 4675 ἀλλὰ
779 4621 872 4674 καὶ
907 4620 1192 4674 ἀποθανὼν
1223 4620 1300 4688 τῷ
1336 4622 1604 4692 αἰσχίστῳ
1634 4621 1868 4692 θανάτῳ.
1900 4619 2017 4674 Πά-

441 4711 525 4765 λιν
555 4709 649 4763 τοῦ
675 4706 909 4776 σταυροῦ
940 4707 1232 4777 μέμνηται,
1268 4707 1362 4759 xal
1389 4708 1550 4761 πάλιν
1584 4709 1774 4780 ἑτέραν
1806 4707 2018 4778 τίθησιν

442 4795 777 4869 εὐεργεσίαν.
835 4794 908 4847 Οὐ
964 4794 1073 4864 γὰρ
1116 4793 1393 4863 ἀπήλλαξε
1444 4795 1637 4864 μόνον,
1684 4794 1818 4848 ἀλλά
1849 4795 1943 4847 καὶ
1990 4794 2018 4847 ὅ

445 4901 609 4956 φησιν
632 4883 913 4952 ἀνωτέρω,
948 4881 1031 4944 Τῷ
1056 4879 1415 4933 ἱκανώσαντι
1444 4879 1621 4948 ἡμᾶς,
1646 4880 1804 4932 τοῦτο
1833 4880 1890 4933 δὲ
1924 4879 2019 4933 καὶ

447 4970 681 5027 ἐνταῦθα
716 4969 1030 5023 αἰνίττεται.
1064 4968 1169 5021 Διὰ
1196 4967 1301 5021 τοῦ
1333 4967 1593 5020 θανάτου
1625 4967 1833 5029 αὑτοῦ,
1863 4967 2016 5036 φησί,

447 5059 833 5129 παραστῆσαι
866 5054 1023 5127 ὑμᾶς
1053 5057 1257 5126 ἁγίους
1293 5055 1391 5111 καί
1418 5053 1694 5125 ἀμώμους
1718 5054 1815 5107 καί
1849 5056 2020 5124 ἀνεγ-

455 5148 718 5212 κλήτους
756 5142 1121 5198 κατενώπιον
1149 5142 1356 5197 αὐτοῦ.
1391 5142 1465 5195 Οὐ
1494 5142 1600 5213 γάρ
1631 5141 1694 5213 δή
1721 5141 1878 5211 μόνον
1912 5141 2021 5196 τῶν

455 5233 866 5303 ἁμαρτημάτων
910 5229 1219 5301 ἀπήλλαξεν
1240 5268 1255 5291 ,
1296 5227 1431 5282 ἀλλά
1457 5228 1551 5281 καί
1576 5229 1634 5280 ἐν
1659 5229 1771 5291 τοῖς
1809 5228 2021 5281 εὐδοκι-

454 5318 653 5392 μηκόσι
686 5317 1037 5387 κατέστησεν.
1062 5317 1133 5369 Οὐ
1161 5316 1267 5385 γὰρ
1291 5314 1377 5367 ἵνα
1401 5314 1588 5368 κακῶν
1613 5313 1892 5385 ἀπαλλάξῃ
1927 5316 2022 5385 μό-

453 5425 541 5461 νον
564 5403 803 5459 τοσαῦτα
825 5403 1046 5469 ἔπαθεν,
1074 5403 1186 5456 ἀλλ’
1216 5402 1304 5456 ῖνα
1328 5402 1422 5456 καί
1450 5403 1556 5455 τῶν
1582 5404 1811 5472 πρώτων
1838 5404 2024 5457 ἐπιτύ-

453 5507 637 5563 χωμεν
660 5505 674 5519 ο
715 5489 902 5559 ῶσπερ
940 5489 1005 5542 ἂν
1055 5490 1107 5541 εἰ
1153 5505 1239 5550 τις
1274 5488 1563 5542 κατάδικον
1611 5490 1686 5559 μὴ
1723 5489 1884 5559 μόνον
1923 5491 2022 5561 τῆς

453 5576 720 5649 τιμωρίας
753 5574 1112 5646 ἐλευθερώσῃ,
1153 5574 1286 5627 ἀλλά
1320 5575 1414 5628 καί.
1447 5577 1524 5638 εἰς
1551 5575 1714 5647 τιμὴν
1749 5578 2018 5647 ἀναγάγῃ.

459 5665 568 5717 Kal
593 5666 702 5725 τοῖς
729 5662 879 5715 οὐδὲν
921 5661 1292 5732 ἡμαρτηκόσιν
1331 5662 1657 5729 ἐγκατέτσξε
1687 5682 1700 5695 ·
1739 5664 1936 5735 μᾶλλον
1968 5665 2022 5717 δέ

2076 706 2137 758 οὐ
2165 707 2277 767 τοῖς
2309 702 2384 775 μὴ
2411 702 2757 774 ἡμαρτηκόσι
2783 700 2942 771 μόνον
2963 737 2978 761 ,
3009 694 3146 752 ἀλλά
3170 696 3265 750 καὶ
3296 693 3409 760 τοῖς
3442 709 3656 768 κατωρσ

2080 789 2278 843 θωκόσι
2301 790 2368 842 τά
2399 789 2632 858 μέγιστα
2653 803 2667 820 δ
2700 787 2795 839 καὶ
2816 785 2883 838 ςτδ
2901 785 2965 855 δὴ
2996 782 3200 856 μεῖζον,
3233 783 3317 836 ὅτι
3346 782 3657 854 ἁγιωσύνην

2077 876 2176 946 τὴν
2231 874 2568 928 κατενώπιον
2607 871 2774 926 αὐτοῦ
2813 871 3035 925 δέδωκε.
3074 870 3147 923 Τὸ
3190 870 3248 923 δὲ
3295 869 3656 941 ἀνέγκλητον,

2081 965 2329 1026 ἐπίτασις
2360 962 2454 1016 τοῦ
2482 961 2717 1033 ἀμώμου
2743 975 2756 989 °
2783 959 3115 1030 ἀνέγκλητον
3144 958 3252 1031 γὰρ
3279 958 3399 1011 τότε
3422 958 3656 1027 λέγεται,

2080 1051 2209 1104 ὅταν
2254 1049 2389 1120 μηδέ
2435 1049 2597 1119 μέχρι
2630 1045 3058 1115 καταγνώσεως,
3096 1045 3231 1115 μηδὲ
3268 1044 3431 1115 μέχρι
3460 1043 3659 1115 ἐγκλή-

2085 1133 2314 1209 ματοςῇ
2354 1153 2405 1187 τι
2434 1133 2820 1203 πεπραγμένον
2854 1134 3006 1202 ἡμῖν.
3047 1132 3187 1184 Ἀλλ’
3214 1130 3406 1201 ἐπειδὴ
3442 1130 3505 1184 τὸ
3539 1131 3658 1184 ὅλον

2085 1223 2249 1276 αὑτοῦ
2272 1221 2513 1274 τέθεικεν
2534 1218 2722 1283 εἰπὼν,
2750 1220 2832 1272 ὅτι
2856 1217 2943 1270 διὰ
2956 1217 3049 1271 τοῦ
3078 1217 3307 1271 θανάτου
3328 1216 3502 1270 ταῦτα
3530 1231 3662 1271 κατ·

2084 1307 2371 1380 ώρθωσεν,
2412 1307 2498 1359 ἵνα
2550 1307 2623 1376 μή
2677 1323 2765 1367 τις
2798 1305 2947 1378 εἴπῃ,
2978 1303 3185 1358 Οὐκοῦν
3226 1303 3438 1367 οὐδενὸς
3469 1302 3663 1373 χρῄζο-

2091 1412 2210 1467 μεν,
2247 1393 2336 1446 διά
2363 1391 2522 1446 τοῦτο
2556 1393 2835 1462 ἐπήγαγεν
2858 1407 2872 1421 ·
2915 1390 2989 1445 Εἰ
3017 1407 3085 1459 γε
3122 1389 3431 1460 ἐπιμένετε
3464 1389 3540 1459 τῇ
3572 1390 3663 1444 πί-

2086 1497 2219 1538 στει
2251 1478 2736 1549 τεθεμελιωμένοι
2766 1477 2865 1531 καί
2902 1476 3155 1545 ἑδραῖοι,
3185 1475 3281 1530 καί
3310 1476 3396 1546 μὴ
3428 1493 3664 1546 μετακι-

2089 1569 2368 1637 νούμενοι
2396 1565 2512 1620 ἀπὸ
2554 1565 2668 1634 τῆς
2702 1564 2953 1630 ἐλπίδος
2992 1563 3100 1617 τοῦ
3128 1564 3519 1633 Εὐαγγελίου.
3555 1562 3663 1634 Τὴν

2091 1655 2366 1728 ρᾳθυμίαν
2402 1654 2579 1708 αὐτῶν
2609 1652 2840 1706 ἐνταῦθα
2874 1652 3179 1705 ἐπικύπτει.
3214 1652 3325 1705 Kal
3350 1650 3448 1722 οὑχ
3478 1650 3663 1714 ἁπλῶς

2093 1739 2265 1805 εἶπεν,
2309 1738 2643 1810 Ἑπιμένετε
2662 1756 2675 1771 ⁸
2708 1738 2821 1791 ἐστι
2847 1737 2958 1809 γάρ
2979 1738 3258 1809 ἐπιμένειν
3285 1738 3663 1808 σαλευόμενον,

2092 1831 2190 1884 καὶ
2218 1827 2635 1900 διχοστατοῦντα
2657 1841 2672 1854 ’
2700 1826 2846 1879 ἐστιν
2869 1827 3090 1880 ἑστάναι
3115 1827 3206 1879 καὶ
3234 1827 3416 1897 μένειν
3437 1840 3665 1897 περιφε-

2098 1918 2344 1988 ρόμενον.
2365 1916 2439 1970 Et
2459 1931 2523 1984 γε
2542 1913 2868 1983 ἐπιμένετε,
2894 1914 3044 1983 φησί,
3069 1911 3548 1982 τεθεμελιωμένοι
3571 1910 3670 1967 καί

2091 2003 2333 2072 ἑδραῖοι,
2364 2002 2462 2056 καί
2482 2000 2567 2070 μὴ
2597 1999 3109 2069 μετακινούμενοι.
3153 1997 3349 2063 Βαϐαῖ,
3387 1998 3551 2071 ήλίκῃ
3588 2000 3671 2052 κέ-

2091 2107 2290 2161 χρηται
2313 2090 2488 2160 τροπῇ
2509 2126 2524 2142 .
2547 2088 2608 2140 οὐ
2633 2087 2794 2157 μόνον
2825 2085 2900 2156 μὴ
2927 2084 3299 2155 σαλευόμενοι,
3325 2086 3512 2157 φησὶν,
3539 2083 3671 2138 ἀλλά

2095 2177 2231 2248 μηδέ
2256 2174 2404 2230 κινού
2414 2191 2582 2246 μενοι,
2602 2173 2713 2227 Kal
2739 2172 2839 2242 δρα
2862 2188 2875 2202 ⁸
2907 2170 3058 2226 οὐδὲν
3080 2174 3336 2242 φορτικὸν
3359 2172 3497 2237 τέως
3521 2173 3674 2244 τίθηο

2096 2281 2199 2327 σιν,
2233 2263 2353 2316 οὐδὲ
2388 2262 2662 2324 ἐπίπονον,
2703 2258 2838 2312 ἀλλὰ
2885 2257 3067 2310 πίστιν
3117 2259 3210 2312 καὶ
3247 2256 3454 2313 ἐλπίδα.
3504 2258 3671 2311 Τουτ-

2098 2350 2284 2415 ἐστιν,
2329 2350 2424 2402 ἐὰν
2463 2347 2659 2418 μένητε
2696 2344 3063 2409 πιστεύοντες,
3095 2345 3177 2398 ὅτι
3213 2345 3419 2417 ἀληθὴς
3445 2347 3479 2417 ή
3520 2345 3675 2408 ἐλπὶς

2095 2435 2204 2489 τῶν
2251 2434 2573 2506 μελλόντων.
2629 2429 2896 2486 Ἐνταῦθα
2934 2430 3033 2501 μὲν
3059 2429 3166 2502 γάρ
3201 2431 3455 2487 δυνατόντ
3488 2432 3581 2484 ἐπὶ
3617 2430 3672 2483 δὲ

2095 2524 2197 2594 τῆς
2226 2523 2424 2595 ἀρετῆς
2450 2521 2551 2574 οὐκ
2572 2519 2652 2573 ἐνι
2679 2519 2753 2591 μὴ
2786 2517 3277 2589 μετασαλευθῆναι,
3307 2520 3410 2573 κᾶν
3432 2521 3632 2590 μικρόν
3657 2536 3670 2551 υ

2097 2608 2269 2672 οῦτως
2304 2607 2405 2661 οὐκ
2438 2606 2586 2659 ἐστιν
2606 2605 2864 2675 ἐπαχθές.
2911 2604 3055 2658 Ἀπὸ
3085 2604 3193 2673 τῆς
3222 2606 3489 2673 ἐλπίδος,
3518 2608 3672 2676 φησὶ,

2103 2695 2210 2749 τοῦ
2236 2693 2602 2763 Εὐαγηέλίου
2622 2733 2636 2759 ,
2667 2687 2739 2748 οὗ
2767 2691 3099 2760 ἠκούσατε,
3132 2690 3239 2745 τοῦ
3268 2694 3673 2761 κηρυχθέντος

2099 2783 2170 2836 ἐν
2199 2781 2366 2849 πάσῃ
2398 2782 2589 2834 κτίσει
2612 2779 2687 2848 τῇ
2720 2779 2836 2834 ὑπὸ
2867 2778 2976 2833 τὸν
3005 2781 3283 2848 οὐρανόν.
3317 2782 3412 2845 Τίς
3440 2782 3496 2834 δέ
3526 2782 3674 2834 ἐστιν

2102 2871 2136 2940 ἡ
2165 2868 2317 2930 ἐλπὶς
2336 2867 2431 2920 τοῦ
2462 2865 2611 2938 [552]
2636 2865 2990 2939 Εὑαγγελίου,
3019 2866 3135 2920 ἀλλ’
3166 2866 3199 2937 ἢ
3226 2868 3254 2919 ό
3281 2867 3512 2937 Χριστὸς
3532 2884 3547 2933 ;
3568 2854 3695 2925 A53,

2101 2955 2193 3017 τὸς
2231 2955 2339 3024 γάρ
2372 2955 2518 3006 ἐστιν
2556 2953 2590 3023 ἡ
2631 2953 2822 3022 εἰρήνη
2863 2952 3049 3022 ὴμῶν,
3085 2952 3178 3005 καὶ
3213 2953 3388 3006 πάντα
3431 2951 3604 3007 ταῦτα
3647 2954 3679 3006 ὁ

2104 3033 2502 3113 ἐργασάμενοςῖ
2536 3039 2698 3091 ’Ὥστε
2733 3041 2761 3092 ό
2784 3040 2990 3109 ἑτέροις
3016 3036 3356 3109 ἐπιγρδάφων,
3393 3040 3651 3111 μετακεκί
3676 3047 3696 3113 -έ

2104 3094 2507 3198 θηται-’πάντα
2548 3124 2658 3196 γὰρ
2707 3094 3008 3192 ἀπώλέσεν,
3185 3094 3260 3198 μή
3305 3094 3503 3190 εῖςθτδν
3540 3094 3697 3198 Χρι-ι

2114 3214 2238 3267 στδν
2266 3210 2516 3282 πιστεύῃ.
2546 3210 2898 3277 Ἠκούσατε,
2928 3213 3084 3281 φησί.
3111 3213 3279 3267 Πάλιν
3306 3214 3500 3276 αὐτοὺς
3523 3214 3680 3283 φέρει

2116 3301 2399 3373 μάρτυρας
2418 3340 2433 3366 ,
2464 3294 2583 3352 εἶτα
2611 3297 2710 3369 τὴν
2738 3299 3067 3369 οἰκουμένην
3100 3299 3338 3355 ἃπασαν.
3381 3299 3457 3351 Οὐ
3496 3298 3699 3367 λέγει,⁴

2110 3388 2204 3441 τοῦ
2243 3387 2645 3459 κηρυττομένου
2668 3424 2683 3450 ,
2725 3386 2860 3451 ἀλλ’,
2896 3385 2996 3457 ἤδη
3036 3386 3414 3450 πιστευθέντος
3441 3386 3535 3440 καὶ
3568 3391 3682 3454 Kn-

2105 3475 2437 3545 ρυχθέντος
2456 3491 2471 3507 ο
2500 3476 2636 3547 ὅπερ
2672 3475 2766 3528 καὶ
2795 3474 3094 3545 ἀρχόμενος
3127 3475 3402 3545 ἐποίησεν,
3443 3475 3551 3529 ἀπὸ
3580 3475 3682 3545 τῆς

2112 3563 2220 3615 τῶν
2251 3562 2459 3615 πολλῶν
2487 3560 2788 3633 μαρτυρίας
2823 3560 2915 3613 καλ⁵
2939 3560 3161 3624 τούτους
3188 3564 3383 3632 στῆσαι
3419 3560 3683 3632 βουλόμε-

2114 3666 2219 3712 νος.
2253 3644 2336 3704 Οὗ
2361 3649 2654 3719 ἐγενόμην
2678 3646 2791 3717 ἐγὼ
2816 3646 3054 3713 Παῦλος
3073 3646 3368 3714 διάκονος.
3399 3649 3509 3701 Kal
3528 3648 3685 3701 τοῦτο

2115 3738 2195 3800 εἰς
2237 3736 2299 3788 τὸ
2345 3734 2653 3800 ἀξιόπιστον
2701 3732 2960 3786 συντελεῖ.
3006 3734 3181 3801 Ἐγὼ,
3229 3734 3396 3803 φησὶ,
3441 3734 3684 3800 Παῦλος

2115 3822 2414 3889 διάκονος.
2468 3821 2627 3888 Μέγα
2678 3819 2786 3890 γὰρ
2836 3819 3000 3874 αὐτοῦ
3048 3815 3116 3889 ἦν
3153 3819 3213 3872 τὺ
3252 3820 3466 3891 ἀξίωμα
3498 3821 3683 3874 λοιπὸν

2117 3908 2395 3980 πανταχοῦ
2437 3907 2720 3980 ᾀδομένου,
2755 3907 2971 3971 καὶτῆς
3007 3906 3328 3977 οἰκουμένης
3363 3908 3516 3973 ὄντος
3538 3908 3684 3962 διδα-

2119 3996 2339 4051 σκάλου.
2381 3995 2512 4050 Νῦν
2548 3994 2730 4064 χαίρω
2772 3993 2841 4047 ἐν
2872 3993 2996 4059 τοῖς
3030 3992 3339 4063 παθήμασί
3380 4013 3500 4063 μου
3535 3995 3688 4064 ὑπὲρ

2117 4081 2304 4151 ὑμῶν,
2339 4080 2439 4135 καί
2459 4078 2895 4149 ἀνταναπληρῶ
2920 4078 2993 4132 τὰ
3015 4079 3391 4148 ὑστερήματα
3416 4080 3530 4133 τῶν
3558 4083 3689 4135 θλί-

2117 4172 2283 4238 ψεων
2314 4169 2420 4223 τοῦ
2444 4168 2700 4235 Χριστοῦ
2722 4168 2792 4220 ἐν
2819 4167 2892 4236 τῇ
2912 4168 3093 4235 σαρκί
3108 4185 3230 4236 μου
3261 4168 3409 4235 ὑπὲρ
3430 4167 3536 4223 τοῦ
3561 4168 3690 4223 σώ-

2113 4272 2303 4324 ματος
2331 4253 2519 4307 αὐτοῦ
2538 4293 2552 4319 ,
2594 4253 2628 4306 ὅ
2656 4254 2829 4307 ἐστιν
2859 4255 2898 4323 η
2944 4255 3287 4322 Ἐκκλησία.

2174 4357 2239 4427 β’.
2260 4359 2368 4410 Καὶ
2385 4357 2514 4409 ποία
2531 4356 2667 4428 αῦτη
2684 4356 2998 4423 ἀκολουθίας
3020 4358 3177 4410 Δοκεῖ
3196 4358 3296 4427 μὲν
3314 4358 3688 4429 ἀπηρτῆσθαι,

2122 4446 2321 4516 πολλὴν
2349 4446 2405 4498 δέ
2439 4445 2551 4515 ἔχει
2577 4446 2674 4514 τὴν
2707 4446 3046 4500 ἀκολουθίαν.
3079 4447 3209 4512 Καὶ,
3241 4447 3546 4513 Διάκονος,
3579 4462 3691 4515 φη-

2118 4536 2230 4589 σιν’
2255 4535 2375 4588 ἀντὶ
2392 4530 2508 4597 τοῦ,
2540 4534 2690 4586 οὐδὲν
2716 4535 2844 4604 παρ’
2879 4533 3115 4602 ἐμαυτοῦ
3140 4534 3431 4606 εἰσφέρων,
3458 4522 3592 4587 ἀλλδά
3616 4534 3691 4586 τὰ

2116 4621 2302 4691 ἐτέρου
2321 4621 2727 4690 καταγγέλλων.
2747 4620 2902 4675 Οῦτω
2922 4622 2979 4674 δέ
3001 4621 3259 4688 πιστεύω,
3279 4623 3363 4675 ὅτι
3381 4623 3478 4676 καὶ
3494 4622 3694 4692 πάσχω

2117 4710 2256 4780 ὑπὲρ
2284 4708 2448 4764 αὐτοῦ
2470 4727 2481 4740 ·
2520 4711 2612 4763 καί
2660 4712 2720 4763 ού
2769 4710 2961 4782 πάσχω
3002 4712 3183 4781 μόνον,
3216 4711 3352 4765 ἀλλά
3385 4712 3480 4765 καί
3518 4711 3703 4782 χαίρω

2118 4797 2373 4867 πάσχων,
2411 4794 2547 4866 πρὸς
2585 4795 2683 4864 τὴν
2725 4795 2917 4850 ἐλπίδα
2954 4798 3052 4867 τὴν
3089 4797 3387 4866 μέλλουσαν
3431 4796 3695 4868 ἀφορῶν·

2119 4886 2215 4940 καὶ
2248 4888 2441 4956 πάσχω
2472 4885 2570 4953 οὐχ
2594 4884 2733 4955 ὑπὲρ
2761 4884 3019 4954 ἐμαυτοῦ,
3053 4885 3168 4938 ἀλλ’
3204 4885 3341 4955 ὑπὲρ
3368 4886 3540 4956 ὑμῶν.
3584 4885 3703 4939 Καὶ

2118 4970 2574 5040 ἀνταναπληρῶ,
2599 4971 2752 5041 φησί,
2781 4971 2852 5024 τά
2881 4973 3261 5041 ὑστερήματα
3285 4970 3403 5025 τῶν
3428 4972 3706 5039 θλίψεων

2118 5059 2227 5113 τοῦ
2244 5058 2503 5126 Χριστοῦ
2528 5059 2595 5111 ἐν
2611 5056 2685 5126 τῇ
2710 5058 2895 5126 σαρκί
2908 5076 3048 5127 μου.
3079 5060 3238 5112 Δοκεῖ
3260 5058 3359 5128 μὲν
3382 5059 3526 5128 μέγα
3554 5054 3707 5110 εἶναι

2120 5151 2255 5220 ὅπερ
2291 5146 2620 5216 ἐφθέγξατο,
2677 5146 2794 5199 ἀλλ’
2827 5147 2927 5200 οὐκ
2966 5146 3114 5200 ἔστιν
3160 5146 3452 5213 ἀπονοίας,
3488 5148 3563 5217 μὴ
3608 5147 3713 5214 γέ-

2120 5251 2290 5299 νοιτο,
2339 5232 2476 5286 ἀλλά
2508 5232 2601 5285 καί
2643 5231 2843 5301 πολλῆς
2888 5232 3268 5304 φιλοστοργίας
3307 5232 3408 5302 τῆς
3441 5233 3568 5303 περί
3610 5231 3716 5284 τὸν

2121 5320 2353 5392 Χριστὸν
2377 5334 2391 5349 ·
2431 5320 2493 5370 οὺ
2529 5319 2636 5389 γὰρ
2668 5318 2914 5387 βούλεται
2943 5319 3109 5372 αὐτοῦ
3147 5315 3307 5381 εἶναι,
3340 5319 3457 5373 ἀλλ’
3486 5319 3716 5371 ἐκείνου

2121 5407 2192 5461 τὰ
2212 5406 2377 5473 πάθη.
2412 5405 2569 5459 Οῦτω
2593 5406 2648 5458 δέ
2674 5403 2813 5471 εἶπε,
2844 5405 3064 5468 τούτους
3094 5407 3371 5460 οἰκειῶσαι
3400 5405 3550 5477 αὐτῷ
3573 5405 3720 5476 ﬂou-

2122 5495 2368 5565 λόμενος.
2415 5494 2525 5546 Kal
2547 5492 2581 5546 ἃ
2611 5493 2721 5561 ἐγὼ
2758 5493 2970 5563 πάσχω,
3004 5492 3073 5546 δι’
3109 5493 3319 5547 ἐκεῖνον
3348 5493 3562 5563 πάσχω,
3595 5509 3724 5563 φη-

2127 5585 2209 5635 σίν
2233 5600 2246 5612 ·
2279 5581 2418 5634 ῶστε
2457 5580 2532 5648 μὴ
2565 5581 2687 5648 ἐμοὶ
2736 5580 2896 5648 χάριν
2938 5578 3251 5649 ὁμολογεῖτε
3273 5620 3287 5645 ,
3327 5579 3442 5633 ἀλλ’
3465 5580 3672 5649 ἐκείνῳ
3693 5595 3718 5611 ·

2126 5668 2287 5729 αὐτὸς
2312 5666 2420 5740 γὰρ
2451 5667 2645 5736 πάσχει
2671 5667 2862 5721 ταῦτα.
2896 5666 3110 5736 ’Ὥσπερ
3147 5666 3214 5720 ἀν
3236 5666 3291 5721 εῐ
3313 5684 3398 5731 τις
3420 5665 3727 5737 πεμφθεὶς
