4026 6148
361 367 472 429 ’5211

1280 355 1349 412 IN
1389 353 1602 414 EPIST.
1643 351 1734 409 AD
1772 350 2046 408 COLOSS.
2085 349 2238 408 CAP.
2279 351 2322 408 1.
2358 347 2586 408 ΗΟΜΙΙ..
2622 347 2710 404 IV.

3530 344 3636 404 ωδ

373 515 3622 547 _____________________________________________________

1751 585 2099 648 HOMILIA
2141 584 2248 646 IV.

365 737 496 794 Csr.
539 738 584 789 1.
629 752 680 788 v.
716 733 805 788 2i.
839 732 908 786 Et
949 747 1035 786 vos
1064 747 1178 785 cum
1213 731 1383 787 essetis
1423 728 1700 798 aliquando
1733 729 1942 784 alienati

438 837 484 881 et
518 825 708 880 inimici
745 839 897 879 sensu
925 823 978 876 in
1013 821 1249 890 operibus
1285 819 1454 886 malis,
1497 821 1590 876 2‘2.
1622 837 1755 874 nunc
1779 829 1948 874 autem

437 917 772 972 reconciliavit
800 915 854 968 in
879 929 1090 984 corpore
1115 912 1284 967 carnis
1303 912 1410 980 ejus
1432 926 1520 982 per
1544 919 1773 976 mortem,
1799 911 1948 964 exhi-

434 1008 546 1063 bere
573 1023 657 1060 vos
689 1017 892 1059 sanctos
933 1014 980 1058 et
1019 1001 1371 1057 inmaculatos
1411 1011 1460 1056 et
1487 1000 1948 1071 irrepreltensibiles

433 1115 602 1154 coram
623 1100 756 1169 ipso.

435 1193 488 1246 1.
539 1192 635 1247 llic
679 1190 935 1259 deinceps
975 1185 1234 1253 ostendit,
1261 1183 1402 1256 quod
1425 1185 1588 1242 etiam
1617 1199 1739 1240 cum
1765 1192 1949 1240 essent

365 1283 566 1354 indigni
589 1281 1047 1344 reconciliatione,
1069 1292 1165 1334 eos
1182 1276 1570 1334 reconciliavit.
1590 1275 1782 1331 Dicere
1801 1275 1946 1331 enim

362 1373 506 1446 quod
550 1380 732 1428 essent
772 1372 872 1426 sub
899 1377 1161 1441 potestate
1189 1366 1552 1434 tenebrarum,
1585 1364 1820 1420 ostendit
1854 1380 1947 1418 ca-

365 1465 656 1521 lamitatem
698 1464 750 1517 in
791 1477 893 1533 qua
922 1469 1094 1517 erant.
1121 1460 1230 1516 Sed
1258 1474 1347 1526 ne,
1373 1473 1497 1513 cum
1527 1457 1762 1512 audieris
1793 1466 1946 1527 pote-

363 1566 558 1611 statem
611 1553 948 1610 tenebrarum
978 1592 994 1617 ,
1047 1551 1322 1607 existimes
1367 1563 1489 1604 esse
1534 1547 1944 1609 necessitatem,

363 1645 643 1713 subjunxit
677 1662 691 1699 :
724 1644 788 1696 Et
831 1659 916 1698 vos
953 1659 1066 1696 cum
1106 1643 1276 1696 essetis
1310 1639 1540 1694 alienati.
1588 1639 1945 1706 Quamobrem

364 1734 574 1790 videtur
596 1734 811 1805 quidem
853 1732 994 1787 idem
1032 1732 1235 1796 dicere,
1277 1745 1383 1785 non
1423 1736 1508 1785 est
1547 1736 1727 1784 autem
1759 1727 1898 1783 idem
1931 1748 1944 1782 :

364 1838 469 1878 non
497 1833 622 1880 sunt
665 1824 808 1879 enim
841 1822 1009 1893 paria,
1054 1836 1176 1876 eum
1225 1821 1315 1891 qui
1358 1834 1427 1875 ex
1466 1819 1786 1874 necessitate
1825 1832 1950 1888 pcr-

365 1927 552 1985 pessus
575 1921 678 1978 est,
706 1921 763 1968 et
789 1927 908 1968 eum
936 1911 1027 1981 qui
1057 1925 1153 1965 sua
1181 1917 1374 1979 sponte
1415 1916 1472 1964 et
1511 1907 1698 1962 volens
1720 1915 1804 1960 est
1828 1919 1947 1974 pas-

365 2019 456 2061 sus
479 2045 493 2068 ,
531 2019 561 2057 a
606 2004 763 2060 malis
803 2004 1077 2058 liberasse.
1106 2000 1238 2056 Nam
1283 2000 1373 2056 ille
1402 1999 1615 2069 quidem
1641 1999 1832 2069 dignus
1865 2007 1948 2054 est

369 2094 774 2160 misericordia;
807 2093 892 2148 hic
917 2101 1097 2146 autem
1139 2092 1330 2161 dignus
1360 2099 1450 2145 est
1478 2091 1566 2158 qui
1595 2089 1720 2144 odio
1748 2087 1948 2144 habea-

369 2195 476 2240 tur.
504 2184 611 2240 Sed
645 2195 821 2239 tamen
848 2198 964 2248 vos,
1003 2183 1192 2252 inquit,
1238 2197 1346 2238 non
1378 2183 1597 2249 invitos,
1629 2197 1729 2236 nec
1759 2195 1948 2238 neces-

369 2279 526 2332 sitate
555 2277 882 2347 compulsos,
914 2275 1008 2330 sed
1049 2275 1293 2330 iubentes
1320 2283 1377 2332 et
1409 2274 1705 2330 voluntarie
1740 2274 1808 2330 ab
1834 2274 1950 2345 ipso

369 2369 690 2436 resilientes,
709 2384 829 2424 cum
851 2368 1041 2424 essetis
1063 2367 1286 2438 indigni,
1313 2367 1578 2422 liberavit.
1607 2365 1673 2420 Et
1695 2367 1948 2436 quoniam

369 2462 614 2516 meminit
639 2476 827 2516 eorum
864 2475 983 2531 qua:
1012 2468 1136 2514 sunt
1177 2459 1230 2514 in
1269 2459 1444 2525 caelis,
1493 2457 1725 2514 ostendit
1763 2472 1950 2514 omnes

368 2553 675 2608 inimicitias
703 2553 848 2617 hinc,
876 2567 981 2605 non
1010 2550 1158 2604 illinc
1187 2549 1413 2604 duxisse
1444 2549 1672 2604 initium.
1703 2548 1834 2603 Nam
1873 2549 1948 2604 illi

361 2643 470 2714 jam
502 2644 628 2698 olim
656 2644 924 2709 volebant,
949 2652 1004 2698 et
1032 2642 1171 2697 Deus
1198 2642 1404 2706 voluit;
1437 2657 1531 2696 vos
1560 2651 1738 2696 autem
1769 2641 1947 2706 nolui-

365 2734 481 2789 stis.
518 2734 582 2788 Et
607 2734 827 2789 omnino
851 2733 1088 2788 ostendit
1116 2731 1253 2801 fore,
1287 2742 1343 2786 ut
1370 2733 1421 2786 in
1452 2732 1792 2820 inferioribus
1814 2742 1949 2789 tem-

367 2825 583 2894 poribus
626 2824 753 2879 nihil
790 2833 1009 2894 possent
1037 2825 1231 2896 angeli,
1275 2825 1319 2879 si
1352 2823 1676 2880 mansissent
1705 2825 1944 2891 inimici;

368 2924 420 2969 et
448 2931 619 2986 neque
663 2924 883 2987 possent
912 2916 1254 2987 persuadere,
1289 2931 1462 2987 neque
1490 2931 1776 2987 persuasos
1807 2916 1946 2971 libe-

372 3020 488 3060 rare
510 3021 540 3060 a
564 3005 800 3062 diabolo.
840 3007 1024 3078 Neque
1049 3007 1193 3063 enim
1235 3007 1568 3078 persuasisse
1595 3006 1798 3078 aliquid
1823 3023 1948 3078 pro-

372 3099 578 3166 fuisset,
624 3101 670 3155 si
709 3101 799 3172 qui
839 3100 1109 3156 detinebat
1138 3116 1245 3154 non
1295 3099 1484 3155 fuisset
1503 3100 1734 3170 ligatus;
1776 3114 1949 3170 neque

371 3203 492 3244 esse
519 3189 736 3258 ligatum
775 3189 973 3260 aliquid
1006 3189 1332 3260 profuisset,
1383 3190 1426 3245 si
1459 3189 1547 3259 qui
1575 3189 1946 3245 detinebantur

370 3281 577 3336 nollent
605 3282 801 3338 redire.
830 3281 938 3338 Sed
965 3290 1250 3351 utrumque
1277 3280 1584 3350 oportebat,
1617 3295 1844 3351 quorum
1869 3279 1948 3334 illi

367 3371 579 3441 quidem
609 3372 764 3436 nihil,
792 3371 1040 3427 Christus
1073 3383 1250 3426 autem
1279 3370 1402 3426 fecit
1433 3379 1736 3440 utrumque.
1767 3369 1948 3438 Itaque

368 3462 660 3517 mirabilius
691 3470 808 3517 erat
852 3463 1208 3531 persuadere,
1247 3475 1414 3531 quam
1457 3468 1682 3515 mortem
1714 3459 1946 3515 solvere.

369 3552 498 3607 Nam
528 3553 654 3608 illud
693 3552 906 3623 quidem
954 3562 1124 3608 totum
1180 3562 1299 3608 erat
1347 3553 1398 3607 in
1443 3551 1558 3622 ejus
1598 3551 1764 3606 solius
1794 3559 1946 3620 pote-

370 3651 536 3704 state;
568 3643 672 3698 hoc
696 3650 872 3697 autem
919 3659 1025 3697 non
1071 3644 1125 3698 in
1162 3643 1280 3712 ejus
1317 3643 1482 3696 solius
1528 3650 1812 3712 potestate,
1852 3639 1948 3696 sed

373 3731 534 3787 etiam
561 3740 679 3787 erat
704 3733 758 3787 in
786 3741 966 3788 nostra
1000 3749 1013 3786 :
1044 3732 1248 3788 facilius
1271 3743 1449 3789 autem
1467 3732 1728 3787 efficimus
1744 3747 1805 3786 ea
1829 3746 1950 3801 qua:

373 3831 501 3880 ςιιιιι
530 3824 582 3879 in
625 3832 812 3879 nostra
857 3833 1140 3894 potestate.
1184 3825 1321 3895 Ergo
1364 3833 1632 3895 tamquam
1675 3824 1864 3894 majus,
1897 3823 1950 3878 id

373 3917 524 3986 ponit
552 3917 839 3986 posterius.
901 3915 1083 3986 Neque
1121 3916 1292 3971 solum
1318 3917 1466 3982 dixit,
1495 3915 1622 3973 Cum
1654 3917 1847 3970 inimici
1870 3933 1950 3970 es-

372 4007 507 4071 setis,
537 4005 631 4061 sed
657 4005 842 4073 etiam,
873 4005 1094 4059 Alienati
1117 4021 1136 4060 :
1163 4005 1303 4076 quod
1335 4021 1581 4076 magnam
1612 4005 1827 4077 prmfert
1852 4005 1952 4060 ini-

370 4095 666 4150 micitiam:
700 4109 875 4165 neque
915 4096 1086 4149 solum
1126 4094 1372 4162 alienati,
1416 4096 1509 4150 sed
1546 4111 1720 4164 neque
1754 4109 1953 4164 exspe-

370 4195 579 4240 ctantes
607 4186 823 4241 reverti.
859 4184 929 4240 Et
959 4185 1207 4241 inimicos
1235 4184 1364 4240 dicit
1402 4201 1562 4240 sensu
1604 4201 1700 4241 seu
1735 4187 1948 4252 animo;

374 4276 495 4330 hinc
521 4276 800 4332 declarans
825 4291 1013 4331 eorum
1048 4277 1425 4332 alienationem
1458 4294 1561 4331 non
1595 4278 1648 4333 in
1679 4280 1953 4349 proposito

374 4374 575 4421 tantum
601 4368 842 4431 stetisse;
885 4367 978 4421 sed
1007 4366 1177 4436 quid?
1218 4365 1283 4419 Et
1324 4367 1377 4420 in
1419 4368 1652 4437 operibus
1690 4370 1857 4423 malis.
1891 4370 1949 4423 Et

376 4455 598 4520 inimici,
643 4458 834 4526 inquit,
860 4459 1055 4522 eratis;
1097 4467 1150 4512 et
1187 4458 1424 4527 agebatis
1454 4475 1572 4528 qua:
1613 4469 1738 4514 sunt
1780 4461 1954 4515 inimi-

377 4561 580 4600 corum.
609 4546 760 4600 Nunc
787 4558 950 4602 autem
979 4549 1320 4602 reconciliavit
1342 4552 1393 4602 in
1420 4566 1630 4619 corpore
1651 4551 1819 4604 carnis
1848 4553 1956 4622 ejus

378 4653 466 4704 per
506 4648 741 4703 mortem,
788 4638 1018 4693 exhibere
1065 4656 1150 4694 vos
1191 4650 1390 4694 sanctos
1425 4651 1472 4694 et
1517 4642 1867 4697 inmaculatos
1910 4655 1956 4697 et

378 4727 835 4794 irrepreltensibiles
867 4730 1188 4800 coramipso.
1232 4730 1327 4784 llic
1350 4731 1498 4800 ponit
1541 4731 1700 4785 etiam
1741 4733 1955 4787 modum

378 4818 828 4873 reconciliationis
858 4834 875 4876 :
904 4820 1046 4891 quod
1095 4821 1145 4874 in
1197 4835 1423 4891 corpore
1471 4837 1574 4876 non
1621 4822 1794 4877 solum
1836 4840 1956 4892 per-

377 4923 584 4975 cussus,
615 4908 919 4979 ﬂagellatus
942 4921 996 4965 et
1024 4913 1293 4977 venditus,
1321 4913 1414 4968 sed
1466 4914 1626 4968 ctiam
1654 4916 1955 4986 turpissima

379 5008 551 5052 tttul’le
579 5009 816 5055 mortuus
842 5003 930 5056 sit.
961 5001 1165 5057 Rursus
1187 5004 1435 5058 meminit
1458 5006 1660 5071 crucis;
1690 5015 1744 5059 et
1776 5021 1959 5061 rursus

377 5089 521 5143 aliud
553 5091 700 5159 ponit
746 5091 1083 5148 beneficium.
1138 5095 1254 5150 Non
1302 5096 1472 5151 solum
1503 5097 1644 5150 enim
1694 5098 1953 5161 liberavit,

376 5180 474 5234 sed
518 5180 678 5234 etiam
708 5180 849 5252 quod
887 5184 1136 5253 superius
1179 5183 1329 5249 dicit,
1367 5184 1461 5250 Qui
1491 5201 1582 5239 nos
1609 5188 1726 5256 fecit
1753 5186 1959 5240 idoneos

376 5281 423 5324 et
445 5271 761 5342 suﬁcientes,
793 5273 879 5329 hic
900 5289 1114 5344 quoque
1141 5276 1296 5330 tacite
1317 5275 1598 5346 significat.
1623 5276 1726 5331 Per
1750 5290 1962 5333 mortem

377 5364 508 5433 ejus,
537 5364 728 5434 inquit,
757 5365 990 5420 exhibere
1023 5383 1106 5421 vos
1130 5376 1331 5422 sanctos
1363 5378 1408 5422 et
1433 5368 1783 5424 immaculatos
1812 5382 1857 5424 ct
1883 5372 1960 5424 ir-

377 5453 791 5521 reprehensibiles
817 5471 990 5508 coram
1020 5457 1153 5526 ipso.
1194 5457 1309 5512 Non
1337 5459 1510 5512 solum
1546 5459 1687 5515 enim
1720 5460 1963 5515 liberavit

378 5559 406 5598 a
439 5545 692 5612 peccatis,
723 5545 818 5600 sed
849 5547 1009 5601 etiam
1056 5546 1108 5604 in
1141 5549 1428 5619 proborum
1460 5563 1524 5604 ac
1567 5549 1826 5604 bonorum
1859 5565 1963 5604 nu-

382 5653 588 5690 merum
621 5637 825 5692 retulit.
865 5637 986 5693 Non
1025 5640 1168 5695 enim
1192 5649 1336 5695 tanta
1362 5656 1550 5711 passus
1587 5650 1667 5696 est
1703 5642 1873 5695 solum
1907 5651 1965 5696 ut

386 5741 484 5780 nos
510 5727 771 5790 liberaret
809 5741 838 5779 a
889 5729 1066 5794 malis,
1113 5729 1208 5784 sed
1250 5731 1409 5785 etiam
1457 5741 1512 5785 ut
1544 5733 1742 5800 primas
1783 5741 1966 5804 partes

384 5834 800 5890 assequerotuur
830 5836 842 5870 :
877 5827 933 5872 ut
988 5818 1031 5870 si
1059 5818 1176 5886 quis
1205 5832 1353 5872 reum
1385 5837 1486 5876 non
1516 5821 1687 5880 solum
1715 5826 1968 5882 liberaret

713 5932 985 5993 l’nnos.
1031 5933 1148 5994 (in.
1202 5929 1388 5994 LXII.

2053 743 2083 782 a
2111 729 2396 800 supplicio,
2426 727 2520 784 sed
2547 728 2709 784 etiam
2734 728 2800 784 ad
2832 729 3090 786 honorem
3139 732 3414 792 eveheret.
3449 735 3624 792 Etra-

2056 819 2173 874 tulit
2195 819 2246 874 in
2275 835 2577 886 numerum,
2606 835 2714 874 non
2751 821 2924 876 solum
2954 837 3140 878 eorum
3165 826 3256 894 qui
3282 825 3415 882 nihil
3443 840 3636 898 pecca-

2051 919 2198 976 runt,
2221 908 2315 964 sed
2340 908 2501 964 etiam
2529 923 2714 964 eorum
2741 910 2829 978 qui
2865 925 2955 966 res
2977 921 3262 982 gesserunt
3289 916 3550 972 maximas
3571 925 3630 971 et

2053 997 2495 1069 praeclarissimas
2524 1016 2538 1052 :
2566 1006 2622 1054 et
2662 998 2804 1069 quod
2842 999 3014 1070 majus
3043 1012 3147 1068 est,
3178 1003 3326 1060 dedit
3371 1008 3630 1062 sanctita-

2054 1095 2159 1141 tem
2183 1102 2304 1157 quae
2331 1096 2415 1143 est
2439 1102 2620 1143 coram
2651 1089 2788 1160 ipso.
2815 1088 2949 1144 lllud
2989 1100 3192 1160 autem,
3241 1094 3635 1165 irreprebensi-

2052 1176 2238 1243 bilem,
2265 1177 2439 1247 majus
2477 1185 2579 1244 est,
2625 1193 2786 1250 quam
2827 1179 3200 1250 inculpatum:
3242 1183 3630 1254 irreprehensi-

2052 1266 2185 1323 biles
2211 1267 2354 1323 enim
2391 1267 2650 1334 dicimur,
2689 1269 2902 1340 quando
2944 1285 3045 1326 nec
3083 1271 3500 1341 reprehensione
3531 1290 3634 1332 nec

2051 1359 2426 1416 criminatione
2451 1359 2672 1431 dignum
2709 1362 2837 1433 quid
2863 1363 3105 1419 fecimus.
3131 1363 3236 1420 Sed
3258 1367 3510 1437 quoniam
3545 1377 3632 1422 to-

2052 1459 2163 1506 tum
2189 1451 2239 1506 ei
2263 1452 2526 1520 attribuit,
2558 1453 2764 1520 dicens,
2791 1455 2932 1524 quod
2964 1470 3060 1525 per
3097 1466 3327 1513 mortem
3359 1459 3475 1514 haec
3508 1475 3633 1530 ges-

2051 1543 2206 1610 serit,
2233 1559 2299 1598 ne
2320 1545 2441 1616 quis
2466 1544 2629 1610 dicat,
2661 1544 2812 1601 Nulla
2841 1561 2968 1616 ergo
2994 1561 3053 1600 re
3079 1562 3318 1616 egemus,
3346 1558 3632 1620 propterea

2050 1633 2325 1702 subjunxit
2354 1651 2367 1686 :
2401 1633 2490 1689 23.
2521 1633 2582 1689 Si
2609 1642 2776 1688 tamen
2805 1637 3109 1706 permanetis
3132 1639 3186 1691 in
3215 1638 3316 1706 fide
3340 1639 3560 1708 fundati,
3587 1651 3634 1695 et

2049 1724 2272 1792 stabiles,
2296 1737 2342 1781 et
2371 1726 2647 1782 immobiles
2663 1745 2696 1782 a
2716 1744 2806 1798 spe
2822 1731 3090 1801 evangelii.
3113 1731 3309 1787 Eorum
3329 1734 3630 1788 socordiam

2051 1812 2138 1869 hic
2167 1816 2516 1887 perstringit:
2545 1825 2602 1873 et
2625 1834 2732 1873 non
2763 1819 2937 1874 solum
2965 1821 3119 1888 dixit,
3155 1821 3471 1878 Perntanetis
3492 1840 3512 1879 :
3539 1839 3634 1894 po-

2052 1912 2158 1961 test
2205 1907 2346 1960 enim
2393 1920 2510 1963 esse
2548 1915 2606 1963 ut
2642 1920 2953 1979 permaneat
3001 1911 3189 1967 labans
3219 1921 3273 1968 et
3314 1913 3631 1988 seditionem

2048 1993 2298 2066 agitans;
2328 2004 2505 2068 potest
2531 1999 2692 2054 etiam
2716 2015 2836 2057 esse
2867 2010 2922 2056 ut
2950 2013 3056 2058 stet
3083 2012 3137 2059 et
3156 2013 3372 2061 maneat
3401 2005 3632 2062 circum—

2047 2095 2198 2141 actus
2231 2105 2243 2141 :
2279 2086 2342 2144 Si
2369 2097 2534 2144 tamen
2581 2094 2903 2161 permanetis,
2947 2094 3135 2165 inquit,
3189 2096 3391 2166 fundati
3435 2106 3484 2150 et
3523 2106 3633 2151 sta-

2051 2177 2194 2245 biles,
2224 2187 2269 2231 et
2291 2176 2587 2236 immobiles.
2617 2181 2804 2253 Papae!
2836 2192 3032 2254 quanta
3056 2199 3182 2240 usus
3210 2195 3294 2241 est
3317 2185 3631 2257 metaphora

2049 2282 2113 2324 ac
2141 2269 2521 2327 translatione!
2561 2273 2677 2328 Non
2723 2276 2918 2344 solum,
2966 2277 3175 2348 inquit,
3219 2293 3324 2334 non
3366 2280 3628 2343 labantes.

2051 2360 2144 2415 sed
2172 2375 2240 2416 ne
2263 2362 2390 2416 moti
2418 2363 2653 2432 quidem.
2677 2363 2812 2421 Vide
2835 2377 3051 2433 autem;
3083 2367 3214 2423 nihil
3242 2369 3453 2425 interim
3483 2373 3632 2442 ponit

2049 2464 2214 2519 grave
2244 2466 2341 2506 nec
2367 2453 2715 2520 laboriosum,
2759 2455 2854 2511 sed
2885 2457 3041 2511 ﬁdem
3072 2467 3127 2512 et
3160 2474 3331 2525 spem.
3375 2460 3489 2517 Hoc
3524 2473 3628 2524 est.

2050 2538 2106 2594 Si
2153 2543 2414 2596 maneatis
2452 2543 2735 2600 credentes
2787 2545 2930 2616 quod
2971 2562 3096 2602 vera
3126 2548 3196 2603 sit
3240 2563 3364 2618 spes
3410 2548 3630 2604 futuro-

2051 2647 2190 2688 rum.
2221 2633 2351 2688 Nam
2381 2634 2466 2690 hic
2495 2637 2710 2708 quidem
2738 2647 2912 2708 potest
2951 2638 3096 2705 fieri;
3130 2640 3181 2696 in
3224 2641 3419 2697 virtute
3451 2651 3628 2698 autem

2052 2740 2157 2780 non
2181 2726 2305 2782 licet
2336 2743 2404 2784 ne
2440 2730 2526 2784 vel
2552 2745 2737 2800 parum
2769 2731 2980 2802 quidem
3007 2736 3330 2790 commoveri
3361 2752 3373 2788 :
3407 2736 3478 2789 ita
3523 2751 3629 2790 non

2051 2827 2134 2872 est
2166 2834 2345 2888 grave.
2373 2819 2415 2872 Α
2441 2836 2548 2890 spe,
2579 2821 2769 2890 inquit,
2790 2824 3054 2895 evangelii,
3076 2825 3210 2892 quod
3233 2826 3465 2891 audistis,
3495 2827 3630 2894 quod

2052 2907 2384 2978 praedicatum
2412 2922 2486 2966 est
2511 2913 2563 2966 in
2588 2916 2820 2967 uniuersa
2845 2927 3076 2970 creatura
3117 2933 3230 2988 qua:
3257 2918 3347 2972 sub
3385 2918 3508 2973 mlo
3535 2930 3631 2974 est.

2051 2998 2306 3065 Quaenam
2338 3011 2419 3057 est
2445 3010 2626 3058 autem
2653 3004 2756 3058 alia
2803 3019 2928 3075 spes
2966 3007 3251 3077 evangelii,
3281 3024 3440 3078 quam
3479 3009 3630 3064 Chri-

2050 3090 2208 3145 stus?
2237 3090 2351 3160 ipse
2377 3093 2519 3147 enim
2550 3101 2634 3149 est
2671 3107 2797 3162 spes
2835 3105 3042 3164 nostra,
3088 3107 3143 3152 et
3171 3097 3260 3168 qui
3301 3099 3416 3153 haec
3454 3105 3633 3152 omnia

2051 3189 2136 3236 est
2161 3192 2434 3251 operatus.
2460 3183 2822 3252 Quamobrem
2851 3185 2942 3255 qui
2965 3201 3082 3240 eam
3107 3188 3225 3243 aliis
3251 3188 3524 3252 adscribit,
3550 3199 3635 3244 est

2054 3281 2382 3329 transutotus
2417 3289 2480 3330 ac
2525 3284 2948 3330 transmtttatus:
2981 3278 3160 3331 omnia
3197 3278 3340 3333 enim
3382 3278 3630 3348 perdidit,

2052 3363 2155 3416 nisi
2200 3363 2384 3418 credat
2426 3363 2480 3418 in
2509 3363 2806 3418 Christum.
2833 3365 3127 3432 .Audivistis,
3160 3367 3351 3437 inquit.
3383 3369 3488 3424 Eos
3513 3385 3635 3423 rur-

2053 3469 2143 3508 sus
2173 3456 2302 3508 citat
2329 3463 2515 3518 testes,
2552 3455 2750 3512 deinde
2778 3465 2944 3512 totum
2973 3457 3160 3514 orbem
3191 3470 3366 3515 terra.
3407 3459 3523 3516 Non
3549 3463 3636 3517 di.

2052 3547 2144 3614 cit,
2171 3546 2324 3613 Quod
2357 3546 2695 3617 praedicatur,
2744 3547 3017 3616 sed,Quod
3056 3560 3129 3604 est
3151 3550 3262 3621 jam
3289 3550 3549 3608 creditum
3581 3567 3637 3608 et

2055 3639 2400 3708 prwdicalttm,
2434 3638 2576 3710 quod
2605 3639 2766 3694 etiam
2796 3638 2922 3696 fecit
2951 3641 3004 3695 in
3038 3643 3302 3712 principio
3339 3661 3352 3697 :
3381 3660 3410 3699 a
3440 3646 3638 3700 multo-

2055 3746 2172 3785 rum
2205 3731 2512 3786 testimonio
2539 3746 2633 3787 eos
2660 3733 2844 3787 Valens
2863 3732 3122 3790 stabilire.
3149 3734 3309 3807 Cujus
3336 3740 3501 3808 factus
3525 3755 3638 3792 sum

2054 3836 2145 3892 ego
2175 3819 2373 3877 Paulus
2400 3823 2644 3878 minister.
2692 3824 2756 3878 Et
2793 3823 2896 3880 hoc
2935 3840 3146 3897 quoque
3176 3827 3381 3884 confert
3421 3830 3487 3885 ad
3537 3831 3639 3886 huc

2057 3921 2114 3967 ut
2136 3913 2206 3967 sit
2233 3912 2337 3968 fide
2374 3913 2585 3983 dignus.
2623 3913 2751 3985 Ego,
2783 3916 2971 3984 inquit,
3007 3914 3206 3971 Paulus
3235 3919 3478 3972 minister.
3513 3922 3642 3976 Erat

2056 4005 2198 4058 enim
2225 4018 2413 4074 magna
2449 4004 2567 4074 ejus
2607 4005 2918 4070 auctoritas,
2946 4014 3003 4059 ut
3027 4006 3117 4075 qui
3150 4006 3342 4077 ubique
3360 4009 3469 4076 jam
3501 4015 3639 4065 celo-

2057 4095 2300 4150 braretur
2326 4105 2381 4150 et
2405 4106 2547 4150 esset
2589 4094 2779 4150 doctor
2807 4095 2954 4149 orbis
3001 4104 3178 4150 terrae.
3209 4096 3299 4151 24.
3333 4095 3486 4151 Nunc
3514 4117 3642 4168 gau-

2058 4186 2150 4239 deo
2176 4187 2227 4240 in
2252 4186 2567 4256 passionibus
2591 4201 2681 4253 pro
2709 4186 2865 4252 vobis,
2891 4196 2937 4238 et
2964 4185 3219 4254 adimpleo
3239 4205 3299 4242 ea
3323 4206 3436 4260 qua!
3458 4192 3639 4246 desunt

2059 4277 2352 4346 passionum
2375 4275 2566 4331 Christi
2586 4277 2638 4329 itt
2671 4291 2818 4330 carne
2856 4291 2966 4329 mea
2999 4291 3092 4346 pro
3117 4293 3328 4349 corpore
3351 4283 3481 4350 ejus,
3506 4289 3642 4354 quod

2057 4379 2130 4421 est
2162 4367 2410 4422 Ecclesia.

2131 4458 2184 4510 2.
2219 4458 2285 4511 Et
2311 4471 2557 4526 quamam
2586 4465 2669 4511 est
2695 4455 2810 4512 haec
2833 4456 3217 4526 consequentia
3241 4458 3263 4511 'l
3290 4457 3507 4515 Videtur
3525 4465 3644 4533 qui-

2060 4548 2181 4602 dem
2219 4547 2540 4616 sejunctum,
2573 4547 2666 4602 sed
2699 4562 2943 4617 magnam
2975 4547 3138 4603 habet
3176 4555 3637 4621 consequentiam.

2067 4637 2412 4705 Et,Minisler,
2455 4637 2655 4709 inquit;
2685 4638 2734 4692 id
2765 4648 2868 4706 est,
2907 4638 3048 4693 Nihil
3090 4656 3122 4696 a
3162 4657 3248 4697 me
3270 4642 3518 4706 alierens.
3548 4647 3640 4699 sed

2063 4745 2180 4800 qua:
2208 4738 2332 4783 sunt
2360 4729 2582 4784 alterius
2609 4732 2953 4786 annuntians.
2985 4731 3058 4786 lta
3087 4734 3250 4789 credo
3285 4736 3428 4806 quod
3466 4745 3521 4789 et
3548 4753 3645 4806 pro

2064 4821 2179 4890 ipso
2221 4821 2426 4890 patior;
2455 4829 2509 4875 et
2552 4837 2658 4877 non
2705 4822 2880 4877 solum
2912 4825 3118 4894 patior,
3158 4824 3252 4881 sed
3284 4827 3444 4882 etiam
3486 4822 3644 4884 laetor

2067 4914 2293 4980 patiens,
2322 4913 2390 4967 ad
2421 4928 2572 4984 spem
2616 4916 2846 4970 futuram
2894 4917 3198 4985 aspiciens;
3239 4928 3295 4973 et
3338 4919 3510 4988 patior
3538 4936 3646 4979 non

2066 5018 2164 5072 pro
2194 5021 2299 5072 me,
2328 5006 2422 5060 sed
2453 5023 2548 5077 pro
2576 5008 2746 5062 vobis.
2787 5006 2854 5061 Et
2882 5008 3156 5078 adimpleo,
3195 5009 3383 5079 inquit,
3414 5027 3529 5079 qua:
3559 5014 3648 5066 de-

2065 5107 2180 5150 sunt
2206 5099 2503 5167 passionum
2534 5099 2720 5154 Cltristi
2760 5101 2811 5153 in
2844 5116 2996 5154 carne
3022 5117 3151 5153 utea.
3185 5101 3404 5157 Videtur
3428 5104 3644 5173 quidem

2068 5202 2314 5259 magnum
2344 5204 2466 5244 esse
2492 5191 2634 5259 quod
2663 5201 2745 5245 est
2776 5191 3046 5260 loquutus,
3096 5190 3189 5246 sed
3234 5208 3338 5247 non
3370 5205 3454 5250 est
3497 5211 3649 5250 arru-

2067 5281 2278 5349 gantize,
2303 5280 2462 5345 absit,
2486 5281 2577 5334 sed
2607 5296 2812 5350 magna:
2842 5282 2892 5335 in
2923 5282 3194 5336 Christum
3223 5284 3604 5344 benevolentiu-
3630 5308 3644 5342 :

2071 5385 2174 5424 non
2201 5371 2344 5424 enim
2369 5371 2475 5424 vult
2504 5385 2627 5425 esse
2652 5386 2795 5435 suas,
2817 5372 2909 5426 sed
2935 5373 3078 5426 illius
3106 5379 3399 5443 passiones.
3427 5378 3497 5432 lta
3518 5396 3648 5434 vero

2070 5458 2321 5529 loquutus
2347 5468 2449 5524 est,
2481 5474 2575 5514 eos
2614 5460 2712 5528 ipsi
2741 5461 2924 5517 volens
2951 5464 3257 5519 conciliare.
3292 5466 3355 5520 Et
3383 5483 3500 5536 quae
3525 5484 3647 5539 ego,

2072 5551 2262 5622 inquit,
2297 5552 2488 5620 patior,
2518 5563 2738 5621 propter
2763 5552 2911 5607 illum
2942 5556 3114 5624 patior
3135 5574 3147 5610 :
3167 5559 3516 5626 quamobrem
3542 5575 3648 5616 non

2072 5641 2220 5705 mihi,
2247 5641 2340 5695 sed
2363 5641 2438 5696 illi
2458 5641 2647 5696 habete
2669 5643 2898 5712 gratias;
2920 5644 3034 5713 ipse
3053 5646 3192 5701 enim
3214 5647 3325 5701 haec
3345 5649 3562 5718 patitur.
3581 5649 3652 5706 lit

2075 5735 2116 5788 si
2139 5735 2256 5804 quis
2275 5735 2465 5787 missus
2483 5733 2546 5787 ad
2569 5735 2798 5803 aliquem
2816 5735 2999 5802 alium,
3019 5748 3168 5805 roget
3189 5738 3396 5806 dicens,
3410 5741 3558 5814 Rege
3577 5755 3647 5805 te,

2076 5840 2172 5896 pro
2195 5839 2279 5879 mc
2297 5824 2358 5878 ad
2395 5824 2541 5879 illum
2569 5823 2698 5881 vade
2751 5825 2939 5883 deinde
2972 5828 3060 5883 ille
3081 5827 3484 5902 dicat.i’r0ptcr
3510 5832 3651 5887 hunc

3241 5918 3312 5980 ‘21
