4026 6148
415 301 516 356 3'27

416 413 539 468 haec
559 412 714 468 facio.
732 411 1086 479 Quamobrem
1113 424 1218 465 non
1243 409 1508 466 erubescit
1529 409 1625 464 has
1648 424 1862 481 quoque
1877 409 1992 480 ejus

419 503 694 573 appellare
743 502 1038 573 passiones.
1067 499 1180 554 Non
1232 500 1404 555 solum
1444 502 1584 556 enim
1615 516 1712 571 pro
1739 503 1891 556 nobis
1913 511 1998 556 est.

421 603 684 660 mortuus,
716 592 810 647 sed
833 593 992 646 etiam
1027 600 1306 660 postquam
1347 590 1445 645 fuit
1486 601 1747 658 mortuus,
1779 603 1997 661 paratus

415 684 510 738 fuit
541 699 638 753 pro
663 682 816 736 nobis
843 679 1449 752 aﬂliginContenditque
1471 692 1524 737 et
1551 683 1748 738 acriter
1769 691 1995 737 conatur

413 774 696 830 ostendere
739 773 911 844 ipsum
938 787 1153 844 quoque
1178 788 1321 828 nunc
1349 775 1646 844 periculum
1686 775 1867 829 subire
1899 789 1996 844 pro

412 865 650 922 Ecclesia
673 879 768 935 per
789 865 1062 934 proprium
1079 879 1276 935 corpus
1293 881 1308 930 ;
1328 873 1385 919 et
1406 865 1530 920 illuc
1551 866 1769 936 respicit
1787 866 1987 930 dicens,

413 957 530 1013 Non
557 972 651 1027 per
671 971 770 1012 nos
789 956 1113 1012 adducimini
1135 966 1189 1010 et
1213 971 1490 1011 accessum
1521 958 1748 1022 habetis,
1771 956 1864 1013 sed
1900 971 1994 1027 per

409 1050 606 1118 ipsum,
631 1049 838 1104 etiamsi
861 1063 960 1103 nos
986 1048 1100 1103 haec
1118 1047 1422 1103 faciamus:
1453 1064 1557 1103 non
1579 1050 1723 1104 enim
1753 1061 1989 1104 nostrum

407 1157 542 1212 opus
565 1142 920 1212 suscepimus,
943 1141 1034 1195 sed
1058 1155 1194 1210 opus
1216 1141 1376 1196 illius.
1403 1141 1466 1196 Et
1488 1143 1708 1210 perinde
1732 1152 1836 1207 est,
1867 1145 1988 1198 utsi

405 1234 673 1304 quispiam
697 1233 988 1298 exercitus,
1021 1235 1108 1288 cui
1151 1233 1432 1303 obtigisset
1460 1233 1568 1288 dux
1600 1235 1723 1288 belli
1750 1235 1837 1304 qui
1865 1250 1986 1289 eum

403 1325 718 1383 defenderet
737 1341 800 1381 ac
825 1334 1152 1397 protegeret,
1177 1327 1229 1381 in
1256 1325 1398 1381 bello
1417 1336 1582 1381 staret
1607 1343 1621 1392 ;
1650 1325 1842 1382 deinde
1865 1341 1986 1382 cum

405 1421 498 1476 ille
517 1421 858 1485 excessisset,
879 1419 998 1489 ejus
1010 1419 1152 1474 vices
1168 1432 1362 1489 gerens
1380 1417 1587 1488 legatus
1606 1418 1748 1472 illius
1767 1418 1983 1474 vulnera

403 1512 722 1582 susciperet,
742 1509 1205 1582 donec2peractum
1229 1519 1372 1564 esset
1385 1508 1602 1563 bellum.
1624 1507 1824 1562 Deinde
1842 1508 1981 1579 quod

403 1611 622 1674 propter
651 1602 824 1672 ipsum
853 1601 954 1656 hoc
980 1601 1154 1665 faciat,
1189 1600 1345 1657 audi:
1375 1599 1478 1655 Pro
1505 1616 1716 1670 corpore
1741 1602 1873 1670 ejus,
1903 1602 1982 1656 in-

399 1693 537 1764 quit;
554 1691 657 1748 hoc
674 1691 858 1748 volens
873 1692 1075 1767 dicere,
1091 1690 1209 1746 Non
1235 1691 1382 1746 vobis
1402 1690 1692 1761 gratiﬁcer,
1711 1690 1806 1745 sed
1827 1690 1982 1746 Chri-

393 1797 481 1840 sto
502 1804 515 1840 :
539 1799 661 1840 nam
682 1800 800 1856 quin
817 1785 962 1840 illum
984 1783 1263 1853 Oportebat
1283 1785 1410 1853 pati,
1426 1797 1525 1853 ego
1543 1783 1767 1852 proipso
1782 1783 1976 1852 patior.

397 1876 530 1933 Vide
568 1892 727 1949 quam
767 1879 934 1932 multa
963 1877 1151 1948 probet
1176 1889 1227 1931 et
1257 1876 1556 1932 confirmet.
1587 1873 1836 1930 Ostendit
1860 1890 1977 1929 ma-

391 1983 552 2037 guum
589 1983 860 2032 amorem;
892 1970 1029 2023 sicut
1069 1970 1119 2023 in
1163 1967 1394 2023 secunda
1437 1967 1669 2036 Epistula
1699 1965 1763 2020 ad
1791 1967 1979 2022 Corin-

391 2061 532 2115 thios
581 2059 838 2115 dicebat:
873 2059 937 2114 In
984 2061 1126 2114 nobis
1172 2061 1340 2130 posuit
1379 2060 1711 2114 ministerium
1756 2061 1976 2112 reconci-

389 2153 646 2208 liationis.’
671 2151 737 2207 Et
773 2167 960 2207 rursus
985 2193 1000 2219 ,
1049 2168 1140 2222 pro
1173 2150 1386 2208 Christo
1421 2151 1670 2222 legatione
1711 2153 1974 2221 fungimur

387 2257 644 2308 tamquam
687 2242 796 2298 Deo
839 2245 1072 2298 hortante
1114 2259 1203 2313 per
1244 2259 1336 2298 nos
1363 2239 1436 2313 (2.
1465 2242 1582 2298 Cor.
1616 2243 1666 2300 5.
1703 2243 1788 2298 18.
1831 2241 1924 2311 20)
1955 2261 1968 2310 ;

387 2336 487 2389 hoc
511 2334 598 2388 hic
623 2349 838 2405 queque
867 2334 1017 2401 dicit,
1044 2333 1150 2388 Pro
1179 2333 1298 2405 ipso
1330 2333 1524 2402 patior,
1552 2344 1608 2387 ut
1635 2334 1779 2402 ipsos
1805 2336 1972 2404 magis

385 2426 699 2481 attraheret.
734 2425 846 2480 Hoc
869 2436 971 2494 est,
1001 2427 1208 2481 etiamsi
1242 2427 1287 2481 is
1314 2427 1404 2496 qui
1429 2425 1580 2480 vobis
1607 2426 1788 2492 debet,
1817 2427 1966 2489 abiit,

383 2534 482 2589 ego
511 2528 687 2574 tamen
735 2517 924 2573 reddo.
957 2519 1249 2590 Propterea
1278 2518 1420 2573 enim
1457 2516 1582 2571 dicit
1615 2517 1806 2581 etiam,
1844 2517 1972 2584 Qua:

383 2611 606 2674 desunt;
639 2619 696 2664 ut
725 2610 974 2664 ostendat
1002 2619 1186 2679 putare
1226 2623 1285 2663 se
1313 2609 1487 2679 ipsum
1525 2607 1758 2662 nondum
1790 2616 1967 2661 totum

381 2717 481 2772 pro
522 2701 673 2755 nobis
719 2714 838 2755 esse
870 2716 1107 2771 passum.
1137 2699 1274 2754 Dicit
1298 2699 1456 2754 etiam
1488 2713 1612 2753 eum
1664 2707 1782 2768 post
1823 2711 1969 2751 mor-

385 2803 492 2846 tem
522 2790 924 2863 pati,siquidcm
955 2791 1128 2845 adhuc
1158 2797 1468 2845 manserunt
1497 2804 1615 2858 qua:
1641 2788 1837 2844 desint.
1857 2787 1966 2843 Hoc

378 2885 434 2938 in
452 2883 685 2953 Epistula
707 2884 772 2940 ad
803 2885 1072 2938 Romanos
1096 2881 1252 2937 aliter
1279 2880 1420 2944 facit,
1447 2880 1631 2934 dicens
1656 2899 1670 2936 :
1699 2881 1800 2947 Qui
1815 2882 1965 2934 etiam

376 2973 667 3043 interpellat
709 2991 802 3043 pro
842 2975 984 3028 nobis
1023 2970 1201 3038 (Rom.
1248 2973 1302 3027 8.
1337 2971 1468 3042 5i);
1510 2971 1802 3026 ostendens
1842 2988 1962 3027 eum

376 3078 484 3119 non
514 3065 625 3119 sola
669 3075 844 3120 morte
884 3065 1046 3119 fuisse
1082 3071 1390 3118 contentum
1415 3104 1433 3129 ,
1471 3063 1562 3118 sed
1594 3063 1751 3118 etiam
1781 3073 1960 3133 postea

376 3158 548 3213 facere
592 3157 1024 3214 innumerabilia.
1075 3155 1192 3212 Non
1245 3170 1374 3225 ergo
1419 3157 1653 3224 scipsum
1701 3156 1963 3211 extollens

375 3246 488 3303 haec
514 3247 663 3314 dicit,
696 3249 788 3303 sed
815 3249 999 3303 volens
1027 3246 1315 3303 ostendere
1342 3245 1614 3300 Christum
1645 3261 1835 3300 corum
1865 3247 1958 3300 ad-

375 3342 478 3395 huc
501 3357 684 3396 curam
710 3356 924 3412 gerere.
955 3342 1020 3396 Et
1047 3356 1161 3396 rem
1191 3341 1313 3395 facit
1344 3339 1446 3395 fide
1469 3339 1705 3409 dignam,
1737 3340 1958 3408 subjun-

371 3435 565 3502 gendo,
603 3434 706 3488 I’ro
731 3451 942 3504 corpore
967 3438 1096 3504 ejus.
1127 3432 1259 3488 Nam
1285 3432 1425 3501 quod
1459 3432 1526 3485 ita
1559 3445 1617 3486 se
1651 3431 1842 3485 habeat
1862 3472 1877 3497 ,
1907 3439 1960 3485 et

372 3539 482 3579 non
513 3525 582 3579 sit
612 3524 984 3593 improbabile,
1011 3534 1091 3578 est
1125 3523 1460 3592 perspicuum
1491 3537 1558 3577 ex
1588 3536 1653 3575 eo
1679 3521 1818 3590 quod
1845 3521 1958 3576 haec

312 3625 318 3631 ‘
373 3617 503 3669 liant
532 3631 629 3685 pro
657 3629 882 3683 corpore
921 3613 1061 3682 ejus.
1094 3613 1227 3667 Vide
1263 3612 1534 3683 quomodo
1569 3627 1667 3666 nos
1697 3612 1795 3667 sibi
1824 3628 1955 3666 con-

367 3706 572 3773 junxit.
596 3703 703 3758 Cur
725 3718 853 3773 ergo
883 3707 934 3757 in
952 3702 1191 3756 medium
1216 3703 1430 3771 angelos
1457 3702 1767 3755 adducitis?
1797 3701 1957 3770 Cujus

372 3801 538 3868 factus
566 3813 678 3851 sum
705 3813 815 3866 ego,
850 3795 1041 3865 inqttit,
1074 3795 1322 3848 minister.
1360 3793 1494 3862 Quid
1526 3794 1660 3848 alios
1682 3836 1697 3857 ,
1749 3794 1917 3863 inquit
1937 3834 1952 3861 ,

374 3887 712 3944 introducitis
752 3887 1016 3956 angelos?
1045 3900 1143 3955 ego
1170 3899 1286 3939 sum
1318 3884 1582 3938 minister.
1635 3883 1832 3938 Deinde
1862 3898 1954 3937 os-

371 3979 540 4035 tendit
570 3995 626 4035 se
667 3979 796 4034 nihil
841 3978 1072 4044 fecisse,
1113 3977 1371 4047 siquidem
1413 3984 1499 4030 est.
1544 3973 1808 4029 minister.
1858 3975 1949 4029 25.

369 4073 548 4142 Cujus,
580 4073 781 4143 inquit,
815 4072 980 4141 factus
1006 4087 1118 4124 sum
1167 4085 1258 4140 ego
1297 4069 1526 4122 minister
1566 4065 1839 4120 secundum
1875 4067 1953 4119 di-

367 4166 736 4236 spensalionem
763 4163 858 4218 Dei
921 4179 1032 4233 qua?
1059 4163 1179 4215 dum
1205 4171 1276 4216 est
1308 4161 1427 4214 mihi
1472 4160 1524 4214 in
1558 4160 1714 4223 vobis,
1758 4170 1810 4213 ut
1854 4162 1951 4213 im-

369 4259 535 4324 pleam
573 4256 775 4310 verbum
823 4254 936 4309 Dei.
988 4253 1452 4321 Dispensationem.
1505 4253 1610 4306 Aut
1650 4251 1753 4305 hoc
1780 4252 1947 4318 dit-it,

366 4347 507 4418 quod
536 4336 809 4402 sic-voluit
836 4362 957 4402 cum
991 4347 1104 4415 ipse
1129 4345 1347 4399 abiisset
1371 4385 1387 4410 ,
1419 4359 1516 4399 nos
1556 4343 1829 4414 suscipere
1869 4343 1951 4399 di-

364 4440 782 4508 spensationem,
807 4453 875 4493 ne
904 4437 1245 4493 cfﬁceremini
1277 4446 1548 4506 tamquam
1577 4435 1805 4501 deserti;
1835 4436 1949 4506 ipse

365 4531 506 4584 enim
538 4540 620 4585 est
643 4529 733 4599 qui
756 4543 832 4583 cst
864 4544 1072 4597 passus,
1108 4528 1220 4595 ipse
1247 4527 1334 4598 qui
1365 4525 1629 4596 legatione
1659 4527 1898 4597 fungitur
1930 4544 1944 4580 :

362 4631 453 4678 aut
483 4623 583 4676 hoc
612 4621 739 4675 dicit
767 4638 780 4674 :
810 4619 892 4675 Me
929 4621 1017 4688 qui
1046 4620 1283 4673 omnium
1324 4619 1552 4674 maxime
1583 4636 1728 4675 eram
1761 4635 1948 4690 perse-

360 4723 590 4782 qnntor,
623 4721 903 4782 propterea
944 4711 1070 4764 sivit
1100 4711 1379 4780 persequi,
1419 4721 1475 4765 ut
1507 4714 1804 4782 praedicans
1844 4712 1944 4768 sim

367 4803 468 4857 Iide
498 4803 728 4873 dignus:
761 4812 850 4856 aut
878 4801 1000 4855 dicit
1035 4801 1488 4870 dispensationem
1511 4843 1528 4868 ,
1556 4803 1806 4872 quoniam
1838 4805 1968 4858 non

309 4913 313 4917 ·
361 4896 607 4963 quaesivit
633 4911 795 4964 opera
818 4936 831 4955 ,
863 4909 1034 4964 neque
1065 4895 1300 4948 aetiones
1325 4935 1340 4960 ,
1372 4909 1545 4964 neque
1583 4895 1836 4961 prmclara
1871 4893 1946 4948 fa—

361 4991 544 5041 cinora
568 5030 580 5049 ,
612 4987 704 5042 sed
738 4987 894 5040 fidem
923 4997 979 5041 et
1015 4986 1298 5056 baptisma.
1328 4984 1444 5040 Non
1481 4987 1620 5040 enim
1648 4987 1801 5040 aliter
1827 5003 1946 5042 ver-

361 5080 484 5132 bum
508 5079 901 5147 suscepissetis.
936 5077 998 5131 In
1027 5079 1184 5138 robis.
1213 5077 1406 5146 inquit,
1431 5087 1484 5130 ut
1512 5077 1721 5147 impleat
1741 5078 1942 5131 verbum

365 5167 477 5220 llei.
517 5168 654 5223 Dicit
681 5169 746 5223 de
783 5170 1028 5239 gentibus
1050 5212 1062 5231 ,
1093 5169 1382 5224 ostendens
1410 5184 1506 5223 eos
1527 5169 1701 5224 adhuc
1727 5169 1909 5225 labare
1927 5212 1941 5234 ,

359 5256 608 5322 dicendo,
643 5255 710 5312 Ut
737 5260 997 5328 impleant.
1024 5259 1154 5314 Nam
1187 5260 1328 5330 quod
1365 5270 1551 5330 gentes
1573 5260 1812 5329 disjectze
1843 5276 1941 5331 po-

359 5347 558 5403 tuerint
584 5348 889 5420 dogmatum
917 5360 1114 5405 tantam
1141 5351 1416 5420 suscipere
1446 5353 1804 5417 altitudinem,
1835 5368 1937 5407 non

358 5451 473 5494 erat
501 5440 669 5505 Pauli,
700 5441 792 5514 sed
827 5441 918 5495 Dei
940 5441 1355 5509 dispensationis
1385 5460 1398 5496 :
1428 5442 1559 5496 Nam
1591 5458 1712 5512 ego,
1744 5444 1936 5512 inquit,

359 5545 464 5583 non
498 5532 807 5599 potuissem.
837 5532 971 5586 Cum
1008 5542 1188 5586 autem
1215 5533 1559 5600 ostendisset,
1592 5533 1731 5605 quod
1766 5535 1938 5603 majus

357 5629 437 5668 est
464 5658 478 5674 .
521 5634 644 5673 suas
691 5623 1064 5688 perpessioncs
1099 5637 1220 5676 esse
1263 5623 1508 5688 Christi,
1553 5634 1677 5678 tunc
1703 5626 1939 5694 apertius

358 5708 662 5779 subjungit,
697 5711 794 5766 hoe
841 5727 1053 5780 quoque
1079 5729 1198 5769 esse
1238 5714 1373 5783 Dei,
1425 5717 1567 5786 quod
1617 5720 1837 5772 verbum
1884 5720 1933 5773 in

1071 299 1128 354 S.
1166 292 1442 354 JOANNIS
1475 294 1950 354 CIIRTSOSTOMI
1993 297 2310 357 ARCHIEP.
2351 300 2881 364 CONSTANTINOP.

3587 317 3688 372 338

2103 413 2183 467 eis
2212 413 2536 484 impleverit.
2565 416 2632 472 Et
2655 419 2738 474 hic
2771 419 3038 490 ostendlt,
3077 423 3202 480 licet
3229 441 3334 481 non
3367 430 3681 499 manifeste,

2102 501 2203 558 hoc
2231 519 2470 576 quoque,
2503 508 2644 577 quod
2670 509 2871 566 dictum
2897 523 3000 578 est,
3033 531 3196 584 quum
3227 517 3412 574 audire
3439 525 3682 590 potestis,

2099 607 2163 648 ex
2196 594 2595 665 dispensatione
2628 615 2749 656 esse
2771 643 2787 668 ,
2822 618 2928 657 non
2959 614 3138 660 autem
3179 623 3244 663 ex
3295 611 3501 666 incuria
3527 654 3543 679 ,
3591 617 3683 669 sed

2088 693 2157 740 ἰιι
2183 687 2299 741 sitis
2325 704 2567 759 capaces.
2586 692 2741 747 'iDeus
2767 695 2910 748 enim
2940 711 3049 750 non
3077 694 3301 762 repente
3329 701 3457 757 facit
3481 706 3678 769 omnia,

2098 775 2193 829 sed
2221 779 2386 832 utitur
2420 781 2500 834 sui
2531 782 2854 838 demissioue
2889 797 3107 858 propter
3134 805 3378 861 magnam
3405 809 3555 850 suam
3589 796 3684 851 hu-

2098 868 2427 923 manitatem.
2461 871 2540 925 ’Et
2569 873 2686 927 lucc
2711 885 2795 929 est
2823 890 2981 931 causa
3006 919 3020 942 ,
3070 881 3212 949 quod
3257 898 3399 937 nunc
3439 886 3680 942 Christus

2097 957 2392 1023 advenerit,
2425 977 2529 1016 non
2557 965 2707 1019 olim.
2729 965 3008 1024 Sic-etiam
3039 972 3276 1027 ostendit
3307 975 3358 1028 in
3386 975 3678 1048 Evangelio

2094 1051 2235 1119 quod
2269 1067 2453 1108 servos
2482 1056 2687 1111 miserit
2724 1058 2960 1126 primos,
3006 1077 3073 1116 ne
3099 1062 3165 1117 ad
3187 1065 3387 1120 cuidem
3417 1067 3506 1122 filii
3535 1073 3680 1124 veni-

2085 1151 2232 1196 rent.
2260 1142 2315 1198 Si
2333 1143 2476 1198 enim
2500 1159 2568 1198 ne
2587 1143 2778 1204 Filium
2808 1151 3022 1220 quidem
3055 1153 3144 1208 Dei
3164 1165 3298 1210 sunt
3325 1160 3561 1224 reveriti,
3587 1165 3673 1232 qni

2095 1241 2212 1300 post
2243 1247 2430 1289 servos
2447 1248 2714 1306 evenerat,
2748 1242 2917 1296 multo
2951 1245 3120 1314 magis
3149 1256 3303 1302 antea
3335 1267 3348 1303 :
3379 1250 3423 1303 si
3472 1252 3673 1308 minora

2085 1334 2355 1393 «prmeepta
2399 1339 2504 1380 nou
2545 1328 2866 1397 audierunt,
2900 1335 3170 1402 quomodo
3201 1338 3402 1406 majora
3428 1343 3672 1396 audivis-

2090 1415 2252 1468 seut?
2275 1416 2412 1482 Quid
2443 1433 2572 1488 ergo
2596 1419 2767 1475 dicit?
2792 1425 2986 1478 Annon
3017 1439 3141 1479 sunt
3169 1443 3321 1484 stunc
3345 1447 3557 1502 quinque
3583 1433 3671 1488 Ju-

2089 1502 2187 1556 ὡιεί
2213 1515 2266 1558 et
2286 1504 2457 1561 Graeci
2486 1508 2847 1579 imperfectius
2867 1512 3041 1569 affecti
3065 1516 3088 1568 ?
3111 1517 3185 1572 Ea
3211 1533 3340 1574 vero
3359 1533 3442 1576 est
3462 1537 3670 1579 summa

2087 1594 2331 1650 socordia
2362 1614 2374 1650 :
2408 1612 2528 1652 nam
2543 1611 2675 1669 ipost
2705 1611 2909 1657 tantum
2952 1613 3202 1675 tempus,
3242 1620 3362 1678 post
3393 1621 3469 1666 tot
3508 1612 3673 1668 docu-

2089 1697 2288 1753 menta,
2319 1689 2493 1745 adhuc
2519 1707 2737 1748 manere
2768 1694 3107 1766 imperfectos
3125 1739 3142 1765 ,
3167 1710 3246 1754 est
3270 1716 3487 1774 magna:
3508 1704 3670 1760 hebe-

2086 1775 2301 1834 tudiniS.

2154 1869 2208 1924 5.
2256 1871 2482 1936 Quando
2515 1891 2653 1946 ergo
2678 1877 2911 1935 dixerint
2946 1882 3121 1938 Grteci
3149 1928 3165 1951 ,
3192 1887 3303 1944 Cur
3342 1903 3485 1943 nunc
3521 1893 3668 1947 venit

2081 1959 2372 2018 Christus?
2413 1981 2480 2021 ne
2508 1969 2745 2025 sinamus
2782 1988 2877 2028 cos
2899 1973 3003 2030 hoc
3026 1977 3206 2033 dicere
3231 2021 3247 2046 ,
3289 1980 3387 2035 sed
3415 1998 3666 2051 rogemus

2082 2069 2208 2108 num
2233 2065 2380 2110 recte
2406 2073 2465 2112 se
2480 2062 2735 2128 gesserit.
2766 2062 2842 2119 Ut
2871 2066 3011 2120 enim
3037 2067 3082 2122 si
3112 2071 3352 2126 venisset
3379 2073 3449 2126 ab
3468 2074 3621 2128 iuit-in
3648 2119 3660 2133 .

2083 2155 2136 2202 et
2163 2161 2221 2201 se
2247 2167 2355 2206 non
2384 2159 2531 2206 recte
2560 2153 2816 2222 gessisset
2843 2197 2858 2222 ,
2891 2171 2997 2211 non
3030 2158 3330 2216 suﬂ'ecisset
3364 2173 3575 2234 tempus
3599 2171 3664 2219 ad

2070 2245 2482 2300 excusationem
2517 2261 2532 2301 :
2564 2245 2634 2299 ita
2663 2248 2916 2316 quoniam
2944 2263 3003 2303 se
3033 2263 3184 2306 recte
3211 2253 3420 2321 gessit,
3454 2270 3562 2309 non
3585 2269 3664 2310 est

2078 2347 2288 2403 aequum
2332 2345 2388 2389 ut
2435 2338 2690 2407 temporis
2727 2352 2756 2390 a
2796 2338 2951 2392 nobis
2981 2341 3234 2410 exigatur
3275 2345 3432 2398 ratio.
3481 2346 3665 2418 Neque

2076 2425 2218 2478 enim
2240 2441 2268 2479 a
2299 2426 2505 2482 medico
2533 2431 2620 2498 qui
2650 2430 2894 2484 morbum
2918 2433 3138 2499 curarit,
3165 2445 3220 2488 et
3245 2436 3460 2491 sanitati
3489 2455 3661 2507 κτεινο-

2077 2524 2186 2569 tum
2216 2518 2532 2584 restituerit,
2555 2519 2722 2589 exigit
2742 2521 3007 2589 quispiam
3039 2524 3301 2579 rationem
3327 2529 3656 2590 curationis;

2074 2619 2248 2674 neque
2281 2605 2470 2662 ducem
2515 2611 2788 2664 exercitus
2831 2610 3050 2666 victoria
3085 2614 3314 2680 potitum
3339 2617 3610 2671 examinat
3638 2661 3652 2678 ,

2069 2709 2167 2749 cur
2204 2694 2254 2748 in
2284 2695 2386 2750 hoc
2415 2705 2690 2765 tempore,
2718 2709 2773 2754 et
2814 2715 2911 2754 cur
2950 2701 3004 2754 in
3054 2703 3146 2756 illo
3196 2706 3398 2760 vicerit.
3445 2705 3576 2761 Nam
3610 2712 3678 2763 si'

2069 2802 2176 2839 non
2217 2801 2327 2841 rem
2384 2797 2526 2842 recte
2569 2789 2862 2858 gessisset,
2895 2803 3010 2846 erat
3059 2793 3505 2866 interrogandus;
3533 2813 3657 2854 cuni

2069 2885 2246 2930 autem
2298 2893 2410 2932 rem
2461 2891 2608 2933 recte
2658 2881 2932 2950 gesserit,
2975 2897 3096 2937 cum
3159 2884 3319 2940 laude
3368 2896 3451 2942 est
3499 2893 3656 2943 exci-

2070 2969 2313 3037 piendus.
2357 2969 2486 3036 Quae
2523 2981 2609 3026 est
2645 2977 2786 3026 enirn
2809 3015 2823 3038 ,
2867 2973 2976 3034 dic.
3007 2991 3191 3046 quanto
3217 3019 3232 3042 ,
3264 2979 3371 3032 fide
3400 2978 3612 3049 dignior
3634 3020 3652 3042 .

2072 3070 2231 3114 tuane
2260 3061 2600 3116 ratiocinatio
2629 3071 2686 3117 et
2711 3065 2998 3127 calumnia,
3032 3081 3098 3118 au
3125 3066 3201 3120 rei
3228 3067 3496 3136 perfectio
3521 3069 3545 3121 7
3570 3073 3651 3122 vi-

2067 3150 2464 3219 citnc,arinon?
2487 3153 2588 3208 hoc
2628 3155 2852 3209 ostende
2886 3172 2898 3208 :
2933 3155 3261 3224 Superiorne
3289 3158 3391 3212 fuit
3426 3162 3653 3214 annon?

2065 3246 2132 3299 ad
2161 3245 2390 3300 ﬂuemne
2420 3246 2669 3316 perduxit
2692 3262 2812 3317 qua:
2834 3247 2988 3313 dixit,
3023 3249 3246 3304 annon?
3277 3250 3405 3305 llaec
3429 3262 3554 3306 sunt
3581 3254 3651 3308 de

2064 3338 2256 3409 quibus
2285 3339 2555 3394 reddenda
2587 3347 2670 3394 est
2701 3341 2856 3393 ratio.
2897 3341 2990 3394 Dic
3019 3341 3147 3395 mihi
3172 3382 3188 3407 ,
3233 3343 3399 3397 Deum
3431 3345 3652 3401 omnino

2065 3431 2248 3486 fateris
2277 3447 2414 3497 esse,
2451 3433 2494 3486 si
2519 3448 2627 3486 non
2654 3433 2926 3488 Christum
2945 3433 2970 3488 ‘I
2989 3450 3056 3488 ex
3083 3445 3134 3490 te
3161 3444 3340 3492 autem
3366 3438 3648 3494 sciscitor:

2065 3522 2275 3577 lleusue
2300 3533 2384 3577 est
2424 3524 2542 3578 sine
2587 3525 2892 3594 principio?
2924 3525 3079 3580 Dices
3104 3569 3119 3593 ,
3148 3527 3313 3583 Sane.
3347 3529 3440 3585 Dic
3469 3543 3646 3584 autem

2064 3612 2192 3666 mihi
2214 3630 2233 3666 .'
2266 3613 2375 3667 Cur
2397 3631 2501 3668 nou
2524 3624 2647 3669 ante
2667 3614 2848 3670 decies
2871 3616 3016 3671 mille
3037 3633 3207 3672 annos
3235 3621 3356 3674 fecit
3379 3621 3648 3677 homines?

2063 3704 2318 3758 vixissent
2356 3704 2496 3758 enim
2537 3705 2766 3774 longiori
2799 3715 3058 3775 tempore.
3099 3707 3230 3762 Nam
3258 3711 3302 3764 si
3332 3711 3532 3765 bonum
3565 3723 3649 3766 est

2061 3808 2202 3858 esse,
2231 3796 2398 3847 multo
2429 3794 2594 3863 magis
2622 3810 2740 3850 esse
2759 3796 2983 3851 diutius.
3002 3796 3153 3851 Nunc
3169 3809 3347 3854 autem
3365 3799 3646 3854 damnum-

2062 3898 2128 3936 ne
2151 3893 2471 3952 acceperunt
2492 3883 2609 3954 ejus
2628 3884 2890 3955 temporis
2907 3901 3018 3956 quo
3039 3902 3143 3941 non
3168 3886 3404 3949 fuerunt.
3425 3905 3601 3944 annon
3622 3893 3645 3944 ?

2060 3973 2165 4028 Sed
2191 3973 2446 4028 damnum
2481 3991 2586 4029 nou
2617 3987 2970 4046 acceperunt:
2996 3979 3268 4048 quomodo
3294 3990 3492 4044 autem,
3529 3981 3644 4049 ipse

2057 4065 2158 4119 scit
2182 4066 2268 4134 qui
2303 4064 2471 4120 fecit?
2502 4066 2707 4121 Rursus
2736 4082 2806 4121 ex
2837 4077 2888 4122 te
2913 4083 3099 4138 quzcro
3129 4111 3143 4134 ,
3177 4083 3274 4122 cur
3304 4084 3410 4122 non
3452 4085 3642 4124 omnes

2059 4165 2278 4224 repente
2321 4168 2374 4211 et
2411 4157 2568 4211 simul
2599 4157 2760 4213 fecit?
2788 4169 2843 4213 et
2871 4159 3016 4212 illius
3044 4157 3255 4229 quidem
3284 4160 3375 4228 qui
3420 4161 3626 4227 primus

2057 4255 2137 4302 est
2164 4257 2340 4313 natus,
2373 4249 2572 4313 anima,
2609 4259 2686 4303 tot
2711 4250 3081 4313 habetannos,
3112 4248 3278 4303 altera
3307 4259 3484 4303 autem
3511 4263 3636 4304 cum

2056 4339 2292 4394 nondum
2334 4342 2404 4395 sit
2456 4339 2595 4395 facta
2623 4382 2639 4406 ,
2676 4342 2852 4397 minus
2882 4342 3039 4398 habet
3066 4342 3090 4396 ‘i
3118 4357 3212 4395 cur
3243 4340 3390 4395 illum
3417 4342 3634 4412 quidem

2056 4435 2307 4504 primum,
2333 4432 2472 4488 hunc
2495 4450 2625 4489 vero
2651 4437 3002 4505 posteriorem
3029 4438 3079 4492 in
3109 4435 3249 4490 hunc
3275 4435 3530 4490 mundum
3559 4437 3638 4490 in-

2054 4525 2202 4580 duxit
2228 4524 2252 4578 ?
2281 4525 2346 4579 Et
2377 4524 2490 4580 hinc
2520 4526 2733 4596 quidem
2772 4541 2898 4582 vere
2939 4525 3100 4597 digna
3130 4537 3257 4581 sunt
3285 4568 3300 4593 ,
3332 4527 3401 4582 de
3443 4527 3638 4597 quibus

2053 4625 2343 4687 qna-ratur,
2369 4627 2424 4672 at
2445 4633 2550 4671 non
2578 4632 2697 4687 quae
2727 4618 2940 4672 curiose
2980 4617 3303 4688 indagentur
3335 4637 3348 4673 :
3382 4634 3502 4673 nam
3532 4617 3636 4673 hoc

2055 4723 2122 4762 ne
2150 4710 2467 4777 estquidem
2497 4711 2866 4779 qumrendum.
2900 4711 3011 4780 Ego
3035 4711 3177 4764 enim
3207 4711 3382 4765 dicam
3414 4725 3633 4766 causam

2053 4817 2210 4870 quam
2256 4802 2402 4857 dixi:
2434 4817 2571 4871 pone
2608 4803 2736 4856 mihi
2779 4802 2996 4872 quidem
3053 4804 3341 4859 humanam
3385 4813 3631 4858 naturain

2052 4907 2172 4945 esse
2197 4892 2356 4946 veluti
2382 4891 2664 4961 quamdam
2695 4900 2904 4946 aetatem
2929 4911 2942 4961 ;
2973 4904 3025 4949 et
3052 4894 3238 4963 primis
3262 4893 3474 4964 quidem
3503 4905 3638 4948 teut-

2053 4984 2269 5052 poribus
2303 4983 2661 5039 adolescentis
2702 4984 2876 5038 locum
2913 4984 3111 5039 habere
3143 4993 3388 5038 nostrum
3416 4999 3628 5054 genus;

2052 5075 2114 5127 iis
2140 5084 2318 5129 autem
2349 5076 2438 5144 qui
2466 5085 2787 5146 sequuntur,
2837 5076 3051 5145 juvenis
3081 5092 3093 5139 ;
3129 5075 3192 5128 iis
3219 5084 3348 5128 vero
3382 5075 3470 5144 qui
3508 5084 3632 5127 sunt

2049 5180 2214 5234 prepe
2235 5166 2646 5230 senium,senis.
2666 5167 2783 5222 Jam
2814 5181 2942 5221 vero
2969 5182 3090 5221 cum
3125 5168 3175 5220 in
3204 5165 3338 5220 llore
3365 5177 3418 5219 et
3447 5166 3633 5234 vigore

2049 5260 2204 5312 fuerit
2226 5257 2423 5323 anima,
2442 5258 2632 5312 laxatis
2659 5258 2911 5312 membris
2928 5259 3193 5326 corporis,
3219 5258 3432 5312 etbello
3457 5256 3628 5320 finito,

2049 5360 2170 5404 tunc
2199 5350 2340 5403 ducti
2369 5365 2551 5404 sumus
2577 5349 2642 5403 ad
2671 5349 3085 5418 philosophiam.
3119 5349 3278 5417 Atqui
3305 5356 3518 5409 contra,
3553 5348 3632 5398 in-

2045 5443 2214 5512 quies,
2248 5457 2335 5496 res
2364 5456 2422 5496 se
2448 5440 2608 5496 habet
2640 5459 2654 5495 :
2685 5457 2779 5497 eos
2802 5442 2890 5511 qui
2923 5449 3049 5496 sunt
3076 5441 3444 5494 adolescentes
3469 5437 3632 5491 doce-

2047 5549 2186 5600 mus,
2217 5535 2308 5589 scd
2343 5550 2447 5588 non
2477 5549 2666 5604 magna
2693 5534 2970 5604 dogmata,
3003 5549 3190 5589 verum
3221 5531 3543 5587 rhetoricam
3575 5536 3630 5581 et

2046 5627 2256 5680 dicendi
2292 5614 2599 5681 facultatem
2634 5644 2647 5690 ;
2683 5627 2796 5680 haec
2821 5642 2952 5680 vero
2978 5625 3195 5696 quando
3222 5624 3416 5681 ﬂorent
3445 5630 3626 5675 aetate.

2051 5717 2179 5774 \‘idc
2208 5727 2382 5773 autem
2419 5718 2582 5774 llcum
2625 5732 2836 5788 quoque
2869 5717 2983 5773 hcce
3016 5717 3190 5773 facere
3222 5713 3359 5798 apud
3387 5711 3628 5768 Iudaeos.
