4026 6148
507 381 612 440 529

503 498 706 555 Iudaeis
735 496 878 551 enim
925 503 1189 564 tamquam
1236 489 1414 561 pueris
1455 488 1596 544 Deus
1642 487 1842 543 Mosem
1884 485 2079 555 priefe-

507 591 583 645 cit
626 587 736 643 ludi
784 585 1118 656 magistrum,
1147 591 1202 638 et
1243 590 1300 637 ut
1329 581 1509 654 pueris
1550 580 1666 636 lucc
1695 577 1819 633 fecit
1847 578 1952 642 ille,
1985 576 2084 632 ad-

507 678 764 734 umbratis
788 679 925 731 sicut
953 689 1052 729 nos
1080 674 1344 729 elementa
1375 691 1388 726 :
1423 671 1664 727 Umbram
1690 670 1822 723 enim
1847 708 1861 730 ,
1893 670 2081 738 inquit,

508 767 693 821 habens
714 767 796 821 (ea:
822 764 1113 833 futurorum
1134 762 1379 816 bonorum
1402 803 1418 827 ,
1447 777 1548 814 non
1577 760 1744 830 ipsam
1771 775 1939 814 rerum
1959 760 2087 811 ima-

506 860 670 927 ginem
709 857 730 929 (
757 856 916 911 Hebr.
944 857 1032 912 10.
1067 857 1093 912 ι
1127 855 1170 927 ).
1221 854 1370 911 Sicut
1397 868 1494 910 nos
1522 853 1703 924 pueris
1730 863 1784 907 et
1813 853 2092 922 placentas-

503 953 750 1017 euiimus,
781 960 836 1007 et
861 951 1168 1006 nummulos
1197 951 1388 1006 damus
1412 991 1428 1013 ,
1461 965 1622 1004 unum
1653 949 1722 1004 ab
1750 949 1828 1004 eis
1857 949 2076 1017 exigen~

504 1051 583 1097 tes
603 1050 662 1095 ut
683 1056 824 1096 nunc
850 1051 975 1096 eant
1002 1041 1068 1096 ad
1098 1040 1279 1096 ludum
1307 1040 1645 1097 literarium:
1677 1041 1746 1094 ita
1783 1039 1920 1093 Deus
1963 1049 2087 1093 tunc

503 1149 718 1204 quoque
760 1142 815 1189 et
865 1133 1077 1190 divitias
1103 1134 1263 1190 dedit'
1284 1144 1340 1190 et
1382 1134 1598 1189 delicias
1624 1175 1639 1199 ,
1681 1133 1844 1188 multa
1887 1146 2084 1186 conce-

502 1224 682 1280 dendo
701 1240 864 1280 uinum
887 1225 955 1279 ab
983 1226 1067 1280 eis
1084 1239 1292 1289 emens,
1315 1234 1372 1279 ut
1400 1225 1647 1279 audirent
1676 1224 1931 1295 Moysem.
1956 1223 2090 1278 Pro-

505 1327 689 1386 pterea
741 1316 900 1371 dedit
933 1331 1029 1373 eos
1075 1317 1283 1372 ductori
1332 1333 1396 1372 ac
1445 1317 1706 1386 magistro
1732 1358 1747 1382 ,
1796 1331 1864 1370 ne
1912 1316 2084 1385 ipsum

507 1406 888 1474 despicerent,
920 1405 1013 1462 sed
1057 1415 1114 1460 ut
1155 1415 1362 1479 patrem
1403 1405 1722 1460 benevolum
1751 1404 2082 1474 exciperent.

509 1492 929 1561 Vide-quomodo
954 1495 1098 1550 illum
1127 1497 1298 1552 solum
1327 1494 1750 1552 timuerint.Non
1777 1494 1918 1549 enim
1937 1493 2089 1548 dixe-

507 1593 651 1650 runt,
686 1583 783 1640 tibi
825 1593 909 1640 est
948 1585 1088 1640 Deus
1112 1627 1127 1653 ,
1155 1585 1290 1649 sed,
1321 1585 1420 1642 Ubi
1469 1596 1552 1641 est
1599 1585 1808 1656 Moyses
1830 1585 1936 1638 ?‘et
1963 1597 2086 1637 cum

506 1674 678 1730 salum
705 1674 938 1742 adesset,
957 1687 1072 1732 erat
1098 1677 1374 1733 terribilis.
1407 1676 1632 1745 Quando
1661 1677 1825 1747 igitur
1845 1675 1985 1729 male
2013 1675 2087 1728 fe-

505 1775 693 1820 cerunt
716 1808 732 1832 ,
765 1766 885 1822 vide
912 1767 1182 1837 quomodo
1206 1783 1300 1824 eos
1326 1770 1514 1838 puniit.
1543 1767 1674 1823 Nam
1707 1769 1846 1822 Dens
1871 1765 2085 1838 quidem

505 1857 715 1912 volebat
757 1872 852 1913 eos
890 1859 1140 1915 abdicare
1165 1901 1181 1926 ,
1214 1861 1328 1930 ipse
1359 1875 1488 1916 vero
1514 1874 1620 1914 non
1651 1859 1944 1929 permittit:
1980 1859 2088 1913 imo

507 1963 633 2001 vero
656 1955 823 2002 totum
851 1949 947 2003 fuit
970 1950 1084 2017 Dei,
1108 1950 1196 2004 illo
1220 1960 1489 2020 tamquam
1513 1957 1665 2018 patre
1690 1950 1946 2013 minante,
1970 1964 2083 2002 ma-

505 2041 674 2108 gistro
702 2048 880 2094 autem
903 2050 1125 2110 rogante
1150 2056 1214 2096 ac
1233 2041 1562 2111 deprecante
1583 2041 1925 2108 dicenteque,
1959 2040 2086 2095 Mihi

510 2128 778 2196 condona,
808 2141 862 2186 et
886 2130 952 2186 ab
979 2131 1104 2186 inde
1127 2132 1177 2185 in
1199 2147 1286 2187 me
1310 2132 1568 2201 suscipio.
1595 2131 1685 2187 Sic
1706 2132 1973 2187 desertum
1993 2130 2090 2186 fuit

513 2219 670 2275 Indus
700 2221 982 2277 literarius.
1013 2222 1079 2276 Et
1107 2223 1245 2278 sicut
1272 2223 1417 2292 pueri
1445 2237 1565 2277 cum
1597 2224 1651 2277 in
1693 2222 1818 2277 ludo
1848 2222 2089 2278 literario

511 2309 710 2364 fuerint
737 2309 897 2381 longo
923 2320 1186 2382 tempore,
1218 2315 1402 2368 volunt
1427 2313 1688 2369 recedere
1713 2331 1726 2366 :
1761 2313 1830 2368 ita
1859 2313 1932 2368 illi
1959 2327 2090 2382 quo-

511 2412 617 2467 que
644 2407 770 2455 tunc
809 2401 1023 2455 assidue
1047 2403 1360 2471 quaerebant
1387 2401 1680 2474 Egyptum
1706 2443 1723 2469 ,
1753 2412 1808 2458 et
1852 2403 2085 2469 flebant,

511 2489 754 2546 dicentes
783 2531 799 2557 ,
841 2491 1136 2558 Periimus,
1171 2497 1471 2566 consumpti
1504 2511 1689 2550 sumus
1714 2536 1732 2562 ,
1764 2495 2084 2552 interiimus.

511 2581 577 2635 Et
606 2581 835 2637 tabulam
861 2598 1047 2638 eorum
1077 2587 1329 2640 contrivit
1353 2586 1582 2658 Moyses.
1612 2602 1732 2642 cum
1762 2589 1918 2642 veluti
1943 2602 2090 2658 qua:-

507 2671 629 2726 dam
653 2676 867 2728 nomina
896 2673 976 2729 eis
1006 2676 1333 2745 scripsisset.
1367 2677 1519 2744 Quod
1564 2679 1732 2732 etiam
1759 2679 1941 2734 fecerit
1969 2694 2084 2734 Ina-

506 2763 691 2832 gister,
711 2777 834 2818 cum
860 2774 1076 2835 accepta
1103 2765 1273 2820 tabula
1299 2768 1631 2823 eamsvidcrit
1651 2769 1790 2824 male
1811 2770 2082 2839 scriptam,

509 2851 695 2919 ipsam
723 2869 934 2926 quoque
968 2855 1100 2926 jacit
1141 2857 1376 2912 tabulam
1401 2898 1417 2924 ,
1447 2874 1692 2930 magnam
1740 2860 1872 2915 iram
1904 2861 2090 2915 volens

512 2944 836 3011 ostendere;
874 2956 928 3002 et
967 2946 1013 3001 si
1051 2947 1421 3018 confregerit,
1473 2959 1624 3021 pater
1667 2965 1772 3005 non
1819 2951 2082 3008 irascitur.

513 3033 645 3089 Nam
675 3035 785 3105 ipse
811 3036 1020 3107 quidem
1047 3037 1096 3093 ei
1120 3039 1418 3094 scribenda:
1441 3039 1788 3108 incubuerat;
1815 3043 1887 3096 illi
1909 3053 2086 3098 autem

515 3141 620 3179 non
644 3127 710 3180 ad
746 3142 865 3182 eum
897 3131 1238 3198 aSpicientcs,
1274 3131 1371 3187 sed
1390 3132 1505 3186 'ali‘o
1531 3136 1796 3198 conversi,
1820 3151 1877 3190 se
1896 3136 2088 3192 immo~

510 3216 660 3272 deste
677 3227 730 3272 et
760 3219 1050 3276 insolenter
1075 3223 1358 3292 gerebant:
1379 3231 1433 3278 et
1457 3223 1594 3278 sicut
1624 3224 1676 3279 in
1706 3224 1830 3280 ludo
1852 3227 2117 3285 literario-

511 3310 661 3378 pueri
691 3311 1000 3368 seinvicem
1030 3313 1271 3384 pulsant,
1301 3315 1370 3370 ita
1424 3323 1547 3370 tunc
1576 3331 1785 3388 quoque
1811 3319 1968 3388 jussit
1992 3337 2093 3376 eos

513 3414 571 3453 se.
589 3411 776 3456 mutuo
800 3402 1080 3460 verberare
1096 3414 1147 3458 et
1167 3405 1490 3462 interimere.
1507 3407 1572 3462 Et
1588 3425 1771 3463 rursus
1797 3411 1934 3466 sicut
1957 3413 2108 3468 dans.

511 3489 839 3560 disciplinas,
868 3494 1060 3549 deinde
1089 3496 1327 3565 exigens,
1358 3506 1411 3551 et
1438 3515 1542 3553 non
1572 3502 1872 3566 inveniens,
1895 3502 1963 3556 ita
1997 3519 2089 3572 pu-

514 3580 710 3634 niebat.
754 3581 822 3638 Ut
859 3584 1002 3638 verbi
1046 3587 1211 3654 gratia
1245 3601 1259 3644 :
1305 3587 1468 3642 litera:
1495 3599 1646 3658 erant
1677 3590 1768 3646 Dei
1801 3594 2114 3660 potentiam-

516 3671 809 3727 iudicantes
834 3689 951 3743 qua:
995 3677 1046 3729 in
1073 3677 1302 3748 Egypto
1327 3689 1471 3748 gesta
1518 3691 1658 3736 sunt.
1694 3682 1854 3748 Sane,
1885 3685 2083 3754 inquit;

516 3759 609 3815 sed
652 3762 756 3816 illa:
796 3763 961 3819 litera:
999 3767 1361 3836 significabant
1392 3771 1590 3842 plagas.
1622 3772 1726 3828 Sed
1749 3777 1960 3844 etquod
1993 3792 2091 3846 pu-

517 3853 626 3907 niat
669 3854 946 3921 inimicos;
976 3866 1206 3914 et'erant
1244 3861 1320 3916 eis
1364 3862 1516 3918 ludus
1562 3865 2088 3921 literariusaccura-

516 3951 618 3997 tus.
647 3945 782 4013 Quid
809 3949 950 4003 enim
978 3959 1092 4004 erat
1116 3951 1256 4006 aliud
1279 3954 1487 4021 punitio
1514 3956 1888 4024 ii’iimiCOrnm,
1926 3975 2084 4028 quam

511 4042 744 4089 vestrum
776 4036 1134 4094 beneficium?
1158 4041 1366 4113 Alioqui
1397 4053 1576 4099 autem
1607 4061 1702 4100 vos
1731 4064 1941 4117 quoque
1964 4050 2084 4103 affi-

509 4125 682 4179 ciebat
705 4125 1000 4195 beneficio;
1023 4140 1077 4185 et
1103 4132 1326 4201 perinde
1355 4133 1557 4200 fuit,.ut
1582 4137 1625 4190 si
1658 4137 1917 4207 quispiam
1944 4139 2085 4195 dicat

508 4217 718 4285 quidem
743 4233 802 4274 se
829 4235 986 4276 nosse
1015 4222 1217 4288 literas,
1243 4227 1469 4294 sparsim
1492 4236 1668 4282 autem
1702 4229 2083 4300 interrogatus,

463 4367 471 4375 ,
508 4322 612 4360 non
635 4309 903 4376 inveniat,
938 4320 991 4366 et
1022 4313 1352 4369 verberetur.
1379 4316 1453 4371 Ita
1485 4317 1561 4372 illi
1593 4334 1807 4389 quoque
1832 4321 2086 4378 dicebant

507 4399 721 4466 quidem
753 4415 813 4456 se
833 4417 991 4458 nosse
1019 4404 1108 4459 Dei
1138 4407 1462 4474 potentiam;
1489 4410 1531 4462 si
1559 4412 1783 4480 Sparsim
1814 4422 1989 4468 autem
2018 4415 2086 4471 ab

509 4487 588 4540 eis
613 4489 913 4558 exigeretur
942 4494 1052 4561 ipsa
1079 4498 1315 4565 cognitio
1339 4539 1352 4561 ,
1392 4514 1458 4552 ne
1484 4501 1785 4567 praebebant
1815 4503 2032 4572 quidem
2066 4544 2080 4568 ,

512 4583 566 4629 et
593 4576 712 4632 ideo
745 4581 1183 4640 verberabantur.
1219 4587 1412 4643 Vidisti
1451 4592 1678 4660 aquam?
1706 4591 1872 4646 debes
1904 4609 2084 4649 recor-

515 4665 623 4720 dari
653 4683 803 4739 aqua?
833 4687 949 4742 quae
974 4674 1072 4729 fuit
1101 4678 1151 4731 in
1183 4678 1440 4748 Egypto.
1473 4681 1604 4734 Nam
1631 4683 1718 4751 qui
1746 4698 1808 4736 ex
1842 4699 1974 4753 aqua
2010 4685 2084 4740 fe-

508 4757 574 4810 cit
598 4762 906 4831 sanguinem
929 4805 944 4829 ,
979 4768 1171 4835 poterit
1201 4770 1314 4838 ipse
1340 4787 1552 4841 quoque
1581 4773 1680 4826 hoc
1705 4774 1900 4828 facere.
1935 4778 2081 4832 Sicut

508 4866 604 4905 nos
631 4868 772 4922 sanie
803 4855 1031 4914 dicimus
1058 4861 1234 4928 pueris
1260 4903 1274 4926 ,
1317 4861 1448 4917 Cum
1479 4863 1681 4920 videris
1709 4866 1760 4920 in
1795 4866 1931 4921 libro
1972 4869 2082 4924 ele-

507 4952 764 5009 mentum,
785 4947 849 5010 Α,
872 4949 1157 5006 recordare
1183 4952 1322 5022 quod
1342 4953 1392 5007 id
1416 4953 1648 5009 habebas
1677 4956 1726 5010 in
1758 4955 1971 5011 tabella.
1994 4957 2084 5012 Vi-

507 5029 643 5084 disti
683 5033 911 5090 famem?
943 5039 1229 5094 recordare
1277 5042 1418 5112 quod
1462 5044 1504 5097 is
1532 5045 1645 5112 ipse
1685 5053 1803 5100 erat
1845 5047 1931 5114 qui
1959 5062 2080 5116 ger-

506 5121 646 5174 mina
697 5125 944 5192 perdidit.
976 5128 1162 5184 Vidisti
1197 5131 1377 5186 bella?
1423 5134 1703 5190 recordare
1755 5135 1954 5191 diluvii.
1990 5136 2081 5191 Vi-

503 5209 625 5265 disti
655 5228 873 5284 magnos
903 5232 1022 5275 esse
1063 5221 1150 5290 qui
1179 5230 1374 5277 terram
1399 5223 1693 5278 habitant?’
1709 5227 1802 5280 sed
1834 5241 1939 5280 non
1971 5242 2081 5280 ma-

498 5299 642 5370 jores
666 5302 953 5376 Egyptiis.
975 5309 1074 5376 Qui
1093 5325 1160 5365 ex
1181 5326 1366 5365 eorum
1391 5313 1568 5368 n'tedio
1589 5323 1640 5368 te
1662 5315 1880 5378 exemit,
1901 5331 2078 5370 annon

501 5393 670 5446 multo
709 5398 877 5465 magis
917 5407 968 5452 te
1009 5413 1129 5454 cum
1177 5402 1251 5456 sis
1299 5404 1937 5460 extra-servaveritt‘Sed
1969 5422 2076 5460 non

503 5494 694 5538 norant
723 5503 780 5542 se
799 5489 866 5544 de
893 5493 1094 5559 sparsis
1125 5493 1441 5562 interrogari
1469 5497 1792 5561 elementis;
1826 5507 2078 5566 propter

501 5591 562 5629 ea
603 5578 1045 5637 verberabantur.
1077 5583 1442 5642 Comederunt
1471 5597 1526 5643 et
1550 5587 1801 5642 biberunt
1829 5597 1883 5642 et
1911 5589 2079 5642 recal-

500 5668 776 5724 citrarunt.
797 5670 1089 5742 Oportebat
1116 5677 1168 5731 in
1202 5693 1394 5732 manna
1427 5694 1530 5733 non
1559 5693 1797 5748 quarrerc
1833 5679 2077 5749 volupta-

503 5769 607 5815 tem
636 5801 654 5830 ,
679 5776 801 5818 cum
835 5764 959 5821 inde
1002 5776 1178 5825 ortum
1218 5770 1415 5827 malum
1449 5771 1773 5830 didicissent:
1810 5775 1874 5831 Et
1918 5776 2055 5831 idem

1418 372 1482 428 ΙΝ
1522 370 1735 428 ΕΡΙδτ.
1777 364 2185 426 Αυ-ωιοεε.
2225 366 2382 424 CAP.
2423 368 2465 423 I.
2507 367 2738 423 HOMIL.
2781 367 2870 424 IV.

3669 378 3774 436 350

2211 480 2478 537 faciebant
2507 480 2647 550 quod
2679 496 2809 550 puer
2834 480 3097 551 ingenuus
3126 481 3322 538 missus
3345 483 3413 540 ad
3439 483 3619 543 ludum
3650 489 3774 545 lite-

2193 575 2393 627 rarium
2419 612 2434 636 ,
2460 573 2550 641 qui
2579 581 2786 642 quierat
2822 570 3018 641 degere
3055 587 3176 628 cum
3202 573 3399 640 servis,
3424 584 3480 633 et
3508 577 3586 632 eis
3613 579 3776 634 mini-

2194 672 2396 727 strare;
2420 673 2616 718 etcum
2643 665 2975 719 necessarios
3000 678 3063 720 ae
3088 664 3322 736 ingenuo
3336 665 3521 739 dignos
3541 668 3690 725 cibos
3721 671 3774 725 in

2193 768 2377 807 mensa
2395 753 2575 822 patris
2594 751 2791 808 sedens
2816 769 3030 811 sumere
3058 755 3247 825 possit,
3283 757 3434 812 malit
3463 757 3562 813 frui
3591 758 3772 815 ftetida

2192 854 2246 899 et
2272 844 2503 898 tumultu
2537 859 2601 900 ac
2644 843 3049 914 perturbatione
3071 847 3228 914 plena
3260 862 3536 904 servorum
3561 865 3766 906 mensa.

2195 934 2268 988 ita
2300 944 2354 989 et
2385 935 2457 988 illi
2487 934 2781 1005 Egyptum
2811 937 3143 1004 qua‘rebant.
3179 937 3244 992 Et
3285 938 3538 994 dicebant
3562 939 3727 1013 Moysi
3754 979 3771 1007 ,

2193 1023 2355 1090 Certe,
2380 1023 2598 1080 Domine
2625 1042 2644 1080 :
2671 1027 2841 1081 omnia
2867 1043 3193 1097 quwcumque
3216 1029 3407 1084 dixeris
3435 1032 3697 1100 faciemus,
3726 1042 3774 1087 ct

2191 1115 2456 1170 audiemus
2489 1119 2508 1188 (
2535 1116 2706 1173 Exod.
2738 1117 2831 1173 24.
2858 1119 2888 1172 7
2915 1119 2956 1189 ).
2990 1117 3056 1173 Et
3086 1130 3140 1174 ut
3169 1130 3320 1189 patre
3353 1121 3774 1180 inemendabiles

2193 1206 2331 1262 filios
2353 1208 2664 1264 interimere
2695 1210 2950 1276 volente,
2982 1211 3242 1280 magister
3266 1212 3482 1268 assidue
3505 1213 3768 1284 depreca-

2193 1309 2298 1364 tur,
2327 1301 2378 1355 id
2409 1312 2534 1357 tunc
2555 1317 2700 1373 sa'pe
2731 1302 2928 1357 factum
2959 1311 3062 1357 est.

2263 1391 2455 1446 LCur
2479 1392 2594 1448 inec
2621 1407 2652 1446 a
2681 1392 2836 1447 nobis
2863 1392 3004 1447 dicta
3027 1400 3154 1446 sunt
3169 1392 3197 1446 ?.
3219 1392 3368 1459 Quod
3397 1409 3425 1447 a
3461 1396 3642 1465 pueris
3685 1396 3770 1452 ni-

2192 1478 2265 1533 hil
2304 1480 2636 1536 diferamus.
2671 1481 2764 1536 Vis
2799 1481 2988 1538 audire
3027 1497 3217 1538 eorum
3262 1499 3474 1554 quoque
3518 1485 3772 1557 dogmata

2193 1585 2480 1639 puerorum
2507 1586 2628 1627 esse
2643 1569 2913 1626 l—Oeulum
2937 1613 2952 1634 ,
2985 1572 3158 1641 inquit
3183 1612 3199 1638 ,
3227 1590 3322 1643 pro
3337 1575 3496 1630 oculo
3521 1617 3536 1641 ,
3565 1587 3612 1631 et
3642 1579 3772 1632 den-

2192 1669 2290 1713 tem
2322 1678 2414 1729 pro
2436 1663 2586 1717 dente
2625 1663 2642 1731 (
2671 1661 2792 1716 Lee.
2823 1662 2915 1717 26.
2938 1662 3010 1719 20
3101 1662 3291 1720 Merito
3320 1679 3334 1720 :
3359 1667 3493 1722 nihil
3523 1669 3664 1724 enim
3703 1670 3774 1724 ad

2193 1753 2449 1809 ultionem
2489 1769 2642 1824 asque
2669 1754 2941 1810 incitatur
2976 1765 3137 1826 atque
3179 1759 3331 1828 pueri
3369 1760 3600 1816 animus.
3638 1761 3778 1817 Nam

2191 1845 2444 1913 quoniam
2473 1845 2696 1902 rationis
2726 1857 2941 1917 egestas
2965 1859 3050 1903 est
3075 1857 3130 1904 et
3159 1850 3322 1904 animi
3344 1860 3522 1907 motus
3548 1867 3613 1908 ac
3641 1867 3765 1921 per-

2193 1936 2444 2004 turbatio,
2475 1953 2664 2010 magna
2694 1949 2872 1994 autem
2899 1944 3110 2012 egestas
3138 1943 3360 1998 rationis
3389 1954 3442 2000 et
3468 1946 3772 2001 considera-

2195 2027 2355 2082 tiouis
2397 2037 2480 2084 est
2528 2029 2581 2084 in
2632 2030 2720 2084 illa
2764 2039 2961 2097 :ctate,
2990 2033 3182 2088 merito
3227 2033 3295 2089 ab
3346 2035 3440 2090 ira:
3488 2039 3772 2107 tyrannide

2193 2118 2524 2185 opprimitnr-
2551 2135 2717 2189 puer;
2757 2129 2998 2176 ettanta
3032 2123 3347 2194 tyrannide,
3377 2135 3434 2180 ut
3461 2140 3602 2196 saepe
3649 2144 3770 2184 cum

2192 2210 2259 2265 ad
2280 2220 2478 2266 terram
2500 2227 2568 2268 se
2595 2213 3240 2282 alliseritv'et'surrexerit,
3265 2226 3357 2273 aut
3378 2219 3612 2276 irascens
3629 2237 3768 2291 genu

2193 2303 2391 2372 pulset,
2421 2313 2513 2358 aut
2536 2305 2825 2361 scabetlum
2853 2317 3077 2372 evertat,
3109 2318 3162 2365 et
3190 2309 3259 2365 ita
3280 2311 3519 2366 dolorem
3544 2315 3697 2373 sedet
3718 2324 3774 2371 et

2193 2394 2324 2449 iram
2356 2397 2678 2468 exstinguat.
2699 2397 2830 2455 Tale
2856 2399 2984 2470 quid
3012 2402 3173 2456 etiam
3207 2402 3347 2458 Deus
3365 2403 3510 2472 fecit,
3548 2407 3765 2462 oculum

2194 2499 2290 2553 pro
2314 2486 2469 2542 Oculo
2493 2487 2625 2544 dans
2645 2489 3083 2559 exsculpendum,
3112 2499 3167 2546 et
3195 2491 3411 2548 dentem
3439 2509 3536 2563 pro
3561 2495 3723 2552 dente
3748 2539 3764 2558 .

2193 2584 2247 2631 et
2275 2574 2556 2648 Egyptios
2598 2580 2890 2648 perimens,
2921 2597 3131 2637 necnon
3161 2583 3483 2640 Amalecitas
3512 2588 3600 2656 qui
3627 2588 3774 2658 ipsos

2194 2665 2438 2721 molestia
2467 2666 2781 2724 affecerant.
2809 2670 2873 2725 Et
2898 2671 3025 2727 talia
3052 2673 3131 2728 eis
3155 2674 3416 2743 promittit
3444 2717 3458 2740 ,
3491 2687 3546 2732 ut
3573 2677 3616 2733 si
3646 2681 3767 2750 quis

2193 2753 2337 2810 dicat
2373 2774 2387 2810 :
2419 2757 2596 2824 Pater,
2627 2760 2716 2815 ille
2744 2777 2831 2817 me
2861 2765 3163 2832 percussit;
3187 2766 3382 2842 deinde
3406 2767 3548 2824 dicat
3578 2779 3729 2840 pater
3753 2814 3768 2838 ,

2195 2847 2287 2903 ille
2317 2847 2478 2905 homo
2504 2852 2678 2908 malus
2699 2863 2782 2909 est
2808 2895 2824 2921 ,
2854 2855 3002 2911 illum
3027 2855 3317 2915 habeamus
3337 2860 3481 2915 odio.
3511 2860 3584 2918 ita
3612 2865 3774 2920 etiam

2196 2939 2337 2996 Deus
2370 2958 2382 2994 :
2412 2941 2504 2996 Eis
2527 2943 2616 3012 qui
2651 2943 2745 2999 tibi
2768 2957 2892 3000 sunt
2920 2947 3118 3002 inimici
3146 2963 3239 3003 ero
3267 2949 3530 3012 inimicus.
3557 2953 3768 3024 inquit,

2195 3040 2366 3087 et‘eos
2397 3035 2484 3104 qui
2516 3045 2566 3090 te
2580 3035 2818 3102 oderint,
2837 3038 3002 3093 odero
3024 3037 3219 3108 (Exod.
3242 3039 3332 3096 25.
3360 3041 3472 3112 22).
3498 3043 3564 3098 Et
3589 3061 3774 3101 rursus

2194 3124 2408 3193 quando
2446 3128 2764 3196 precabatur
2794 3129 3009 3184 Balaam
3033 3173 3048 3194 ,
3081 3132 3297 3200 puerilis
3335 3143 3451 3188 erat
3488 3150 3607 3204 qute
3646 3137 3773 3206 ipsis

2196 3215 2340 3271 facta
2360 3219 2924 3274 est-animi'demissio.
2941 3221 3093 3276 Sicut
3113 3223 3254 3277 enim
3285 3224 3454 3292 pueri,
3473 3239 3592 3280 cum
3619 3229 3774 3298 quid.

2198 3307 2335 3374 piam
2365 3323 2470 3362 non
2512 3309 2846 3364 formidabile
2885 3310 3065 3365 vident
3096 3351 3113 3376 ,
3163 3321 3220 3366 ut
3250 3312 3425 3368 lanam
3454 3325 3508 3370 et
3537 3316 3725 3374 similia
3752 3361 3770 3386 ,

2195 3398 2372 3451 statim
2395 3399 2618 3462 timent;
2653 3407 2886 3469 tuncque
2907 3416 2974 3457 ne
3005 3407 3192 3457 timere
3222 3415 3461 3474 pergant,
3492 3407 3542 3462 id
3571 3409 3636 3463 ad
3659 3425 3772 3465 ma-

2197 3503 2296 3541 nus
2323 3487 2532 3542 illorum
2561 3488 2877 3544 adducimus
2901 3533 2916 3558 ,
2963 3499 3016 3547 et
3043 3493 3276 3548 nutrices
3298 3495 3552 3564 jubemus
3580 3507 3767 3555 osten-

2195 3576 2324 3632 dere
2366 3577 2492 3647 quid
2538 3579 2654 3632 sit:
2687 3579 2938 3635 ita-etiam
2967 3581 3261 3638 fecit=Deus
3292 3587 3583 3656 :quoniam
3623 3599 3772 3646 vates

2194 3676 2310 3722 erat
2341 3668 2594 3725 terribilis
2618 3712 2633 3736 ,
2668 3673 2918 3726 timorem
2949 3671 3054 3728 illis
3079 3676 3438 3732 convertibiu
3471 3679 3766 3745 audaciam.

2196 3745 2444 3814 Et'sicut'
2467 3760 2696 3818 infantes
2734 3763 2823 3833 qui
2861 3763 3199 3822 ablactantur
3225 3809 3242 3834 ,
3271 3769 3449 3824 omnia
3481 3768 3678 3828 habent
3716 3773 3768 3830 in

2193 3852 2380 3920 parvis
2395 3851 2615 3907 calathis
2645 3871 2658 3908 :
2690 3854 2760 3908 ita
2788 3855 2896 3911 illis
2919 3873 3131 3928 quoque
3152 3859 3313 3915 dabat
3331 3861 3537 3930 omnia,
3554 3865 3771 3920 etmul-

2196 3953 2275 3997 tas
2305 3943 2546 4001 delicias.
2589 3945 2696 4000 Sed
2727 3950 2864 4002 sicut
2893 3948 3066 4004 infans
3091 3951 3311 4020 requirit
3338 3968 3627 4010 mammam
3650 3995 3664 4020 ,
3697 3957 3766 4011 ita

2195 4036 2280 4090 isti
2308 4052 2522 4107 quoque
2546 4037 2860 4109 Aﬁgyptum,
2888 4048 2943 4093 et
2962 4055 3082 4108 quae
3113 4041 3220 4096 illic
3241 4051 3398 4098 erant
3423 4058 3634 4100 carnes.

2263 4125 2399 4181 Laus
2441 4127 2652 4199 Moysis.
2683 4127 2787 4181 Cur
2814 4128 3041 4183 Christus
3076 4133 3128 4182 in
3171 4131 3412 4185 mundum
3453 4136 3646 4190 tardius
3689 4154 3764 4192 ve-

2193 4220 2341 4272 nerit.
2361 4219 2803 4286 --Quamobrem
2835 4234 2938 4271 non
2961 4219 3307 4286 aberraverit,
3332 4224 3420 4290 qui
3449 4223 3684 4296 Moyscm
3713 4238 3767 4284 et

2191 4310 2466 4364 doctorem
2506 4319 2561 4364 et
2595 4311 2819 4364 altorem
2861 4319 2915 4365 et
2942 4310 3286 4381 paedagogum
3315 4317 3682 4386 appellaverit,
3714 4329 3769 4377 et

2191 4401 2307 4470 ejus
2334 4416 2576 4470 magnam
2607 4400 2796 4457 dixerit
2825 4417 2944 4458 esse
2971 4405 3304 4472 sapientiam.
3339 4406 3452 4462 Non
3481 4420 3604 4465 sunt
3623 4413 3765 4467 enim

2193 4491 2336 4560 paria
2368 4492 2494 4545 viris
2519 4492 2628 4560 jam
2667 4491 2995 4562 philoSOphis
3021 4510 3273 4564 praeesse,
3305 4505 3358 4552 et
3387 4499 3563 4566 pueris
3593 4500 3765 4570 impc-

2191 4597 2331 4645 rarc,
2363 4581 2568 4636 ratione
2593 4583 2766 4638 minus
2793 4584 3043 4653 praeditis.
3072 4586 3156 4651 Et,
3187 4587 3230 4641 si
3261 4588 3402 4643 aliud
3428 4606 3638 4661 quoque
3658 4595 3768 4648 vul~

2193 4675 2260 4727 tis
2286 4673 2489 4739 audire,
2524 4675 2661 4729 sicut
2692 4675 2867 4730 nutrix
2900 4676 3030 4731 dicit
3057 4677 3267 4745 infanti,
3299 4679 3521 4746 Quando
3550 4697 3616 4735 es
3638 4699 3764 4752 ege-

2190 4777 2390 4829 sturus,
2425 4774 2597 4820 vestes
2626 4773 2745 4820 tuas
2773 4766 2964 4835 collige
3000 4776 3056 4822 et
3093 4782 3377 4838 compone,
3421 4780 3478 4834 et
3511 4774 3763 4842 quamdiu

2189 4855 2490 4912 considebis
2515 4873 2529 4912 :
2552 4857 2804 4912 ita-etiam
2835 4857 3314 4929 faciebat-Moyses.
3338 4859 3404 4913 Et
3424 4860 3559 4915 sicut
3577 4878 3766 4919 omnes

2188 4950 2352 5005 animi
2381 4960 2557 5006 motus
2585 4960 2657 5006 etv
2680 4951 3110 5024 perturbationes
3151 4952 3480 5022 tyrannidem
3512 4965 3768 5011 exercent

2188 5038 2240 5092 in
2287 5039 2465 5108 pueris
2508 5040 2767 5111 (nondum
2817 5041 2959 5093 enim
3012 5039 3208 5094 habent
3255 5040 3537 5112 aurigam).
3590 5044 3764 5099 inanis

2187 5130 2375 5199 gloria,
2416 5131 2696 5200 cupiditas,
2749 5130 2971 5183 rationis
3001 5137 3229 5200 egestas,
3272 5131 3371 5196 ira,
3419 5132 3614 5187 invidia
3647 5150 3662 5188 :
3692 5134 3760 5188 ita

2187 5220 2346 5273 etiam
2377 5220 2429 5272 in
2461 5219 2660 5273 Judzeis
2699 5219 2812 5273 lucc
2840 5219 3015 5273 omnia
3045 5218 3374 5274 dominatum
3403 5223 3706 5280 obtinebant
3744 5243 3758 5278 :

2187 5310 2554 5379 conspuebant
2582 5311 2838 5380 Moysem,
2869 5311 3242 5366 verberabant.
3272 5311 3340 5367 Et
3364 5313 3496 5368 sicut
3519 5331 3652 5384 puer
3673 5331 3761 5370 ac-

2187 5400 2315 5470 cipit
2340 5399 2586 5468 lapidein,
2619 5409 2674 5453 et
2701 5414 2887 5454 omnes
2916 5399 3227 5465 clamamus,
3262 5403 3306 5457 Ο
3331 5418 3397 5459 ne
3425 5403 3617 5474 ieceris
3644 5421 3659 5460 :
3688 5407 3758 5461 ita

2186 5494 2259 5546 illi
2298 5507 2507 5561 quoque
2553 5491 2754 5560 lapides
2782 5492 3062 5562 capiebant
3101 5492 3357 5549 adversus
3396 5506 3638 5563 patrem;
3671 5497 3759 5551 illo.

2187 5599 2314 5637 vero
2345 5583 2594 5652 fugiebat.
2618 5583 2685 5636 Et
2704 5585 2840 5637 sicut
2867 5583 2912 5637 si
2935 5593 3306 5639 ornamentum
3333 5585 3546 5655 aliquod
3569 5585 3758 5642 habeat

2188 5685 2358 5745 pater,
2389 5675 2456 5728 ab
2485 5690 2549 5729 eo
2576 5675 2704 5744 petit
2731 5689 2861 5744 puer
2880 5674 3178 5730 ornamenti
3205 5676 3426 5748 cupidus
3454 5695 3466 5730 :
3500 5676 3568 5733 ita
3595 5679 3756 5735 etiam

2191 5771 2425 5828 iecerunt
2457 5769 2657 5826 Dathau
2691 5779 2742 5826 et
2773 5769 2994 5835 Abiron,
3027 5770 3358 5841 insurgentes
3384 5771 3637 5830 adversus
3667 5793 3752 5830 sa»
