4026 6148
283 353 379 410 '53!

285 459 579 521 cerd0tium
611 461 798 536 (Nam.
829 462 940 529 16).
969 460 1136 514 Erant
1160 467 1338 512 autem
1375 455 1614 511 omnium
1644 454 1874 509 maxime

287 556 473 622 invidi,
514 555 686 610 rixosi
723 562 777 608 et
809 549 1103 621 imperfecti
1145 548 1199 603 in
1237 546 1508 602 omnibus.
1541 544 1692 600 Tunc
1718 558 1870 613 ergo,

286 649 375 704 dic
415 647 568 712 mihi,
598 658 800 716 quaeso,
841 640 1078 713 oportuit
1104 638 1376 696 Christum
1414 650 1707 706 apparere;
1750 642 1876 688 tunc

289 741 404 794 lure
448 743 713 809 praecepta
753 732 882 789 dare
924 730 1316 802 philosOphica,
1365 726 1580 798 quando
1630 725 1877 781 furebant

290 830 525 894 libidine,
573 825 790 898 quando
815 834 968 882 erant
997 823 1121 894 equi
1166 823 1219 878 in
1260 821 1485 876 feminas
1519 819 1872 884 insanientes,

289 919 500 990 quando
528 918 836 974 serviebant
869 915 1106 986 pecunia:
1135 923 1190 970 et
1226 912 1396 968 i‘entri
1417 912 1441 966 ?
1463 909 1568 966 Sed
1599 909 1876 964 ell‘udiSset

289 1014 606 1068 documenta
635 1007 991 1080 philosophiae
1016 1005 1289 1061 disserens
1308 1017 1430 1058 cum
1464 1000 1870 1070 insipientibus;

286 1113 340 1157 ct
371 1114 543 1170 neque
571 1098 710 1164 lucc,
752 1112 926 1168 neque
961 1097 1050 1152 illa
1077 1094 1389 1151 didicissent
1418 1109 1431 1144 :
1461 1098 1518 1147 et
1541 1093 1680 1146 sicut
1710 1091 1754 1144 is
1783 1088 1874 1159 qui

287 1202 413 1249 ante
437 1193 704 1248 elementa
750 1190 908 1246 docet
950 1188 1150 1258 legere,
1195 1199 1483 1255 numquam
1514 1196 1580 1237 ne
1608 1181 1874 1237 elementa

289 1283 506 1353 quidem
536 1281 785 1345 docebit;
833 1280 901 1335 ita
945 1287 1072 1334 tunc
1113 1289 1346 1347 quoque.
1394 1271 1502 1329 Sed
1542 1287 1648 1327 non
1683 1284 1824 1326 nunc
1857 1287 1872 1324 :

292 1389 416 1429 nam
447 1389 542 1444 per
585 1371 682 1428 Dei
724 1371 949 1441 gratiam
993 1369 1158 1424 multa
1207 1363 1562 1421 mansuetudo
1609 1369 1666 1418 et
1710 1361 1874 1416 multa

291 1468 458 1521 \irtns
488 1463 682 1535 ubique
705 1471 788 1518 est
824 1461 1080 1533 plantata.
1109 1459 1214 1514 Pro
1243 1456 1495 1512 omnibus
1523 1468 1653 1524 ergo
1677 1451 1876 1522 gratias

292 1570 530 1626 agamus,
573 1563 629 1610 et
670 1569 738 1610 ne
780 1553 950 1608 simus
993 1551 1213 1606 nimium
1242 1547 1462 1604 curiosi.
1493 1545 1626 1601 Nam
1667 1552 1876 1612 tempus

292 1664 392 1703 nos
419 1649 706 1711 nescimus,
748 1644 842 1700 sed
871 1644 972 1699 scit
1020 1642 1254 1698 Elfector
1285 1638 1567 1709 temporis,
1599 1644 1654 1691 et
1687 1632 1877 1704 Opifex

291 1743 628 1795 sarcinarum.
653 1738 730 1793 0.:
757 1738 912 1791 nibus
937 1751 1069 1806 ergo
1092 1735 1164 1790 illi
1188 1733 1441 1789 cedamus
1464 1749 1476 1784 :
1503 1729 1606 1785 hoc
1631 1737 1712 1783 est
1734 1725 1876 1781 enim

290 1873 670 1888 .—__———-

1013 349 1070 404 S.
1109 343 1383 404 JOANNIS
1417 339 1894 399 CHRYSOSTOHI
1929 337 2248 398 ARClllEP.
2270 339 2801 398 CONSTANTINOP.

3469 344 3573 400 53‘!

1982 451 2150 508 Deum
2200 451 2528 523 gloriﬁcare,
2572 455 2640 511 de
2685 456 2748 510 iis
2795 472 2915 526 qua:
2959 455 3104 525 facit,
3155 457 3416 518 rationem
3466 474 3572 515 non

1979 543 2215 613 exigere.
2249 543 2338 601 Sic
2381 556 2438 601 et
2475 547 2743 604 Abraham
2787 547 2932 605 dedit
2983 551 3210 618 gratiam
3246 551 3356 605 Deo
3389 568 3403 603 :
3438 551 3572 606 Per-

1977 651 2182 689 suasum
2214 637 2424 705 habens,
2468 638 2656 708 inquit,
2700 641 2837 708 quod
2877 641 2932 694 id
2966 641 3102 712 quod
3134 643 3366 712 promisit
3397 652 3575 714 potrns

1980 735 2054 778 est
2083 727 2235 782 etiam
2265 731 2432 800 facere
2462 728 2641 802 (Rom.
2671 733 2726 786 4.
2751 731 2869 803 21).
2913 732 3007 788 llle
3043 749 3110 789 ne
3140 733 3207 788 de
3237 734 3416 790 futuro
3450 737 3568 807 qni-

1977 814 2098 870 dem
2136 826 2220 872 est
2243 819 2548 876 sciscitatus
2579 837 2592 874 :
2625 835 2723 877 nos
2765 832 2944 877 autem
2986 825 3146 878 etiam
3185 822 3252 879 de
3286 826 3575 896 praeteritis

1979 907 2242 962 rationem
2271 909 2613 980 inquirimus.
2649 913 2782 968 Vide
2803 927 3000 984 quanta
3028 915 3099 970 sit
3125 917 3381 982 amentia,
3405 935 3575 987 quan-

1980 1005 2090 1051 tum
2118 998 2308 1069 ingrati
2335 1001 2500 1058 animi
2530 1003 2738 1058 vitium.
2765 1004 2870 1061 Sed
2899 1007 2967 1061 de
2986 1015 3183 1062 cretero
3203 1006 3529 1063 desistamns
3554 1027 3571 1063 :

1982 1089 2112 1143 nihil
2159 1090 2302 1146 enim
2349 1108 2413 1148 ex
2468 1109 2534 1150 eo
2576 1094 2710 1151 lucri
2738 1097 3018 1168 accipitur,
3049 1098 3145 1154 sed
3187 1114 3436 1170 magnum
3474 1100 3572 1155 da-

1979 1197 2162 1236 mnum
2194 1202 2207 1238 :
2237 1193 2294 1240 et
2319 1195 2472 1255 grato
2501 1188 2670 1245 simus
2699 1191 2876 1245 animo
2909 1191 2960 1245 in
2994 1199 3234 1246 nostrum
3264 1192 3571 1260 Dominum,

1980 1279 2034 1326 et
2063 1271 2172 1326 Deo
2199 1272 2425 1342 gloriam
2448 1279 2775 1344 emittamus,
2808 1290 2864 1335 ut
2890 1295 2988 1350 pro
3010 1281 3260 1338 omnibus
3285 1281 3574 1340 otferentes

1979 1361 2274 1430 gratiarum
2327 1366 2618 1434 actionem,
2667 1370 2785 1439 ejus
2833 1372 3202 1428 misericordia
3252 1373 3571 1444 dignemur,

1979 1451 2151 1519 gratia
2194 1461 2250 1508 et
2296 1454 2623 1526 benignitate
2671 1460 2878 1515 Domini
2929 1462 3097 1516 nostri
3153 1462 3280 1518 Jesn
3330 1464 3572 1531 Christi,

1981 1555 2100 1602 cum
2132 1558 2240 1613 quo
2281 1545 2424 1602 Patri
2458 1550 2722 1620 simulque
2753 1565 2940 1607 sancto
2981 1553 3202 1622 Spiritui
3243 1556 3437 1626 gloria,
3476 1559 3571 1612 im-

1982 1633 2213 1702 perium,
2244 1634 2438 1706 honor,
2469 1655 2611 1696 nunc
2649 1652 2704 1697 et
2746 1658 2979 1714 semper,
3011 1654 3065 1700 et
3095 1646 3146 1699 in
3174 1648 3368 1702 Siccula
3397 1663 3571 1704 sarcu-

1984 1725 2182 1784 lorum.
2215 1731 2407 1788 Amen.

1685 1931 2032 1996 HOMILIA
2070 1937 2147 1997 V.

291 2091 404 2146 Car
466 2095 520 2149 i.
569 2107 619 2143 v.
660 2091 751 2144 26.
796 2089 1120 2159 Mysterium,
1161 2084 1298 2155 quod
1339 2083 1434 2154 fuit
1472 2080 1820 2135 absconditum
1851 2096 1884 2132 α

365 2183 566 2238 sa'culis
593 2194 639 2238 et
667 2180 1098 2252 generationibus,
1142 2194 1274 2232 nunc
1309 2185 1476 2229 autem
1500 2173 1880 2242 manifestatum

364 2285 441 2330 est
469 2273 656 2328 sanctis
681 2274 812 2342 ejus,
848 2271 942 2325 27.
973 2269 1152 2340 quibus
1181 2266 1340 2322 voluit
1371 2264 1508 2319 Deus
1540 2273 1684 2317 notas
1717 2264 1883 2332 facere

361 2367 565 2424 diuitias
591 2365 770 2436 gloria:
794 2361 1097 2418 sacramenti
1119 2361 1272 2429 hujus
1293 2358 1346 2412 in
1371 2354 1622 2427 gentibus,
1647 2352 1782 2424 quod
1809 2358 1884 2405 est

367 2460 598 2514 Christus
624 2457 677 2510 in
707 2454 848 2508 nobis
873 2469 986 2521 spes
1017 2451 1196 2522 gloria:
1225 2465 1245 2503 :
1267 2447 1356 2503 28.
1385 2461 1533 2516 quem
1559 2461 1650 2500 nos
1677 2459 1879 2496 annun-

366 2551 570 2612 tiamus,
616 2544 946 2614 corripientes
994 2556 1192 2598 onmem
1239 2538 1512 2602 hominem,
1551 2544 1596 2589 et
1649 2534 1884 2588 docentes

364 2656 562 2696 onmem
590 2637 845 2693 hominem
888 2635 940 2689 in
971 2633 1109 2688 omni
1144 2630 1414 2700 sapientia,
1459 2637 1512 2681 ut
1559 2625 1883 2680 exhibeamus

364 2750 566 2789 omnem
586 2729 838 2785 hominem
861 2727 1142 2799 perfectum
1169 2724 1222 2777 in
1252 2721 1454 2776 Christo
1481 2718 1630 2772 Jesu.

371 2827 422 2879 i.
460 2823 595 2878 Cum
624 2820 850 2876 dixisset
872 2835 932 2873 ea
955 2832 1075 2887 qum
1096 2827 1281 2870 sumus
1301 2809 1596 2879 aSsequnti,
1626 2816 1677 2861 et
1699 2814 1880 2860 osten-

295 2919 464 2971 disset
495 2914 587 2970 Dei
617 2910 1002 2982 benignitatem
1030 2916 1085 2963 et
1114 2906 1398 2969 honorem,
1425 2916 1492 2956 ex
1519 2896 1884 2970 magnitudine

294 3020 484 3060 eorum
523 3018 642 3074 qua:
681 3003 804 3056 data
831 3009 974 3062 sunt,
1006 3009 1192 3051 rursus
1214 2992 1430 3048 adducit
1453 2990 1614 3046 aliam
1641 2986 1878 3058 ampliti-

293 3099 583 3161 rationem,
620 3106 814 3162 netnpe
854 3089 998 3159 quod
1044 3101 1146 3143 nec
1174 3093 1300 3140 ante
1327 3098 1425 3138 nos
1464 3079 1729 3150 quispiam
1758 3091 1879 3133 eum

297 3190 463 3244 novit.
495 3186 647 3254 Quod
673 3185 836 3240 etiam
869 3183 995 3236 facit
1021 3180 1072 3234 in
1110 3176 1347 3247 Epistula
1377 3172 1445 3228 ad
1480 3171 1760 3242 Ephesios,
1803 3168 1877 3223 tli-

295 3294 424 3335 cens
454 3299 468 3334 :
495 3277 678 3348 Neque
711 3273 906 3344 angeli,
947 3286 1122 3342 neque
1168 3267 1524 3336 Principatus,
1565 3276 1737 3331 neque
1777 3259 1882 3314 ulla

295 3373 400 3427 alia
430 3379 606 3426 creata
637 3369 828 3433 virtus,
856 3365 951 3421 sed
981 3365 1128 3418 solus
1168 3360 1263 3416 Dei
1289 3358 1456 3414 Filius
1486 3354 1634 3410 novit
1665 3350 1879 3423 (Ephcs.

297 3466 350 3518 5.
383 3463 458 3531 ii).
491 3462 615 3516 Ideo
649 3475 754 3515 non
785 3459 959 3512 solum
999 3455 1158 3520 dixit,
1206 3451 1514 3516 Conditum,
1559 3446 1655 3502 sed
1697 3445 1880 3511 etiam,

298 3552 702 3611 Abseonditum;
731 3557 785 3606 et.
814 3545 956 3615 quod
986 3544 1198 3598 etiamsi
1239 3556 1383 3597 nunc
1421 3540 1620 3595 factum
1665 3537 1756 3604 sit,
1800 3545 1885 3591 est

301 3655 477 3696 tamen
505 3648 696 3700 vetns;
739 3646 796 3690 et
834 3632 978 3702 quod
1010 3633 1150 3686 Dens
1185 3629 1300 3685 haec
1338 3629 1407 3684 ab
1455 3629 1606 3683 initio
1651 3626 1881 3685 volebat.

299 3748 352 3788 et
379 3732 458 3785 sic
483 3739 598 3784 erat
621 3726 968 3781 constitutum
991 3739 1006 3788 ;
1031 3737 1126 3776 cur
1154 3729 1354 3784 autem,
1382 3719 1619 3773 nondum
1658 3717 1808 3773 dicit.
1839 3719 1880 3769 Α

301 3819 520 3882 “oculis,
570 3815 760 3886 inquit,
809 3813 872 3868 ab
911 3812 1074 3866 initio.
1119 3811 1184 3864 Et
1222 3809 1534 3880 mysterium
1575 3808 1697 3878 jure
1730 3815 1885 3860 vocat

299 3913 440 3982 quml
469 3925 626 3966 nemo
654 3915 874 3963 noverat
904 3905 1005 3960 nisi
1043 3904 1206 3960 Deus.
1246 3902 1311 3957 Et
1341 3901 1430 3956 ubi
1471 3897 1883 3956 absconditum?

302 4006 370 4060 In
398 4004 597 4060 Christo
626 4017 645 4056 :
675 4001 814 4058 sicut
840 3998 972 4055 dicit
1003 3996 1238 4068 Epistola
1265 3993 1331 4050 ad
1359 3993 1624 4064 Ephesios
1662 3990 1878 4063 (Ephes.

299 4106 356 4157 ’5.
376 4100 476 4171 9);
506 4107 598 4153 aut
621 4097 761 4152 sicut
794 4093 1009 4166 quando
1037 4091 1170 4147 dicit
1209 4088 1470 4161 propheta
1501 4108 1513 4143 :
1542 4087 1586 4140 Α
1624 4084 1811 4141 saxulo
1836 4093 1882 4138 et

299 4205 456 4259 usque
481 4190 534 4244 in
561 4186 803 4243 steculum
825 4196 879 4239 tu
908 4201 960 4240 es
990 4181 1160 4255 (Psal.
1183 4180 1273 4237 89.
1299 4179 1378 4249 2).
1407 4176 1559 4232 Nunc
1578 4186 1748 4231 autent
1767 4190 1879 4228 ma-

301 4286 590 4355 nifestatum
617 4289 690 4335 est
711 4278 896 4334 sanctis
921 4279 1054 4348 ejus,
1093 4273 1280 4344 inquit.
1309 4269 1670 4340 Quamobrem
1709 4275 1881 4323 totum

300 4385 382 4430 est
410 4375 501 4430 Dei
530 4370 963 4444 dispensationis.
994 4367 1146 4424 Nunc
1177 4377 1344 4421 autem
1370 4364 1751 4435 manifestatum
1783 4369 1878 4426 est,

302 4465 491 4536 inquit.
525 4464 638 4520 Non
663 4463 816 4527 dix't,
851 4460 1073 4517 Factum
1109 4467 1212 4521 est,
1244 4456 1360 4518 sed,
1395 4455 1780 4526 Manifestatum
1808 4461 1880 4506 est

299 4557 489 4613 sanctis
513 4556 644 4628 ejus.
685 4555 867 4622 Itaque
895 4567 1038 4608 nunc
1061 4564 1272 4621 quoque
1301 4547 1478 4602 adhuc
1510 4543 1876 4610 absconditur,

300 4648 564 4720 siquidem
592 4643 986 4701 manifestatum
1011 4641 1108 4695 fuit
1137 4640 1267 4696 solis
1292 4639 1509 4694 sanctis.
1535 4637 1613 4693 Ne
1648 4637 1720 4692 illi
1751 4649 1880 4704 ergo

299 4755 394 4795 vos
415 4738 686 4808 decipiant
715 4753 728 4789 :
761 4735 1004 4790 nesciunt
1029 4732 1173 4787 enim
1197 4746 1292 4786 cur
1312 4731 1440 4786 solis
1463 4731 1546 4798 iis,
1573 4729 1766 4796 Quibus
1793 4745 1878 4784 vo-

297 4833 414 4898 luit,
435 4829 625 4900 inquit.
652 4825 783 4881 Vide
803 4822 1072 4894 quomodo
1094 4822 1288 4892 ubique
1321 4820 1566 4891 reprimit
1585 4835 1769 4876 eorum
1798 4819 1878 4876 in-

298 4923 708 4994 terrogationes.
727 4918 920 4988 Quibus
945 4916 1097 4972 voluit
1121 4913 1282 4982 Deus,
1305 4914 1496 4985 inquit,
1516 4922 1662 4966 notas
1693 4915 1874 4984 facere.

302 5015 432 5082 Ejus
458 5021 634 5070 autem
660 5012 907 5067 voluntas
935 5025 1042 5064 non
1069 5017 1217 5063 caret
1243 5007 1469 5062 ratione.
1502 5004 1614 5059 Hoc
1636 5019 1766 5060 vero
1793 5003 1874 5058 di-

299 5110 395 5169 xit,
413 5118 507 5159 eos
531 5104 715 5174 gratiae
735 5102 904 5172 magis
927 5099 1158 5156 reddens
1181 5098 1466 5164 obnoxios,
1488 5111 1648 5167 quam
1665 5096 1710 5150 si
1733 5096 1877 5164 ipsos

295 5197 498 5250 sineret
533 5193 602 5249 de
643 5193 800 5249 rebus
827 5207 858 5246 ιι
888 5205 948 5247 se
977 5200 1121 5247 recte
1145 5189 1308 5260 gestis
1345 5186 1582 5258 gloriari.
1618 5186 1876 5252 Quidnam

295 5290 394 5342 sint
422 5283 612 5339 divitiae
629 5283 806 5354 gloria:
827 5283 1051 5354 mystcrii
1090 5282 1243 5352 hujus
1278 5281 1330 5333 in
1355 5277 1606 5350 gentibus.
1629 5279 1876 5334 Graviter

294 5381 429 5434 dixit
448 5387 503 5435 ct
531 5376 878 5448 prasclare,et
902 5391 967 5432 es
998 5391 1191 5446 magno
1210 5373 1400 5429 alfectu
1431 5373 1637 5442 pondus
1653 5371 1872 5436 addidit,

294 5469 766 5542 atnplilieationum
813 5483 1061 5537 quaerens
1107 5466 1587 5536 ampliﬁcationes:
1619 5473 1700 5520 est
1733 5465 1874 5518 enim

296 5562 398 5615 hoc
427 5573 639 5630 quoque
662 5557 1091 5628 amplilicationis
1120 5555 1392 5611 indeﬁnite
1417 5554 1598 5610 dicere
1622 5595 1636 5618 ,
1675 5552 1877 5608 Divina:

293 5653 472 5722 gloria
495 5653 719 5723 mysterii
737 5652 887 5720 hujus
909 5651 960 5703 in
985 5649 1231 5720 gentibus.
1251 5648 1380 5702 Nam
1403 5650 1634 5704 maxime
1656 5656 1876 5719 apparet

293 5747 346 5797 in
384 5739 655 5812 gentibus,
688 5742 826 5796 sicut
866 5741 1024 5798 etiam
1063 5741 1191 5796 dicit
1217 5740 1364 5810 alibi,
1399 5741 1581 5822 Ccn'tes
1607 5759 1700 5822 pro
1729 5742 1872 5799 misc-

1991 2081 2213 2136 ricortlia
2237 2083 2530 2154 gloriﬁcare
2560 2084 2724 2140 Deum
2748 2086 2924 2156 (Rom.
2960 2090 3045 2143 l3.
3077 2087 3148 2159 9)
3173 2109 3186 2145 :
3209 2100 3424 2161 apparet
3448 2107 3584 2149 vero

1989 2172 2149 2227 etiam
2178 2172 2230 2228 in
2260 2175 2398 2242 aliis,
2437 2177 2606 2232 multo
2638 2178 2806 2248 magis
2831 2188 3011 2235 autem
3041 2179 3092 2235 in
3126 2181 3208 2235 his
3239 2197 3426 2252 magna
3457 2185 3578 2254 glo-

1989 2261 2064 2316 ria
2104 2265 2366 2334 mysterii.
2417 2264 2674 2323 Homines
2713 2268 2858 2324 enim
2898 2284 3061 2325 sensu
3107 2271 3285 2326 minus
3324 2273 3582 2342 prmditos

1989 2366 2145 2420 quam
2177 2355 2400 2424 lapides,
2431 2367 2652 2430 repente
2677 2358 2965 2416 deduxisse
2985 2361 3051 2416 ad
3079 2361 3389 2434 dignitatem
3417 2380 3581 2437 ange-

1991 2441 2188 2512 lorum,
2235 2446 2577 2503 solummodo
2619 2465 2718 2520 per
2746 2451 2885 2506 nuda
2921 2453 3080 2507 verba
3111 2464 3166 2509 et
3195 2453 3354 2510 ﬁdem
3385 2458 3578 2523 solam.

1989 2534 2190 2606 absque
2215 2540 2359 2594 omni
2385 2542 2719 2610 operatione,
2760 2559 2944 2600 revera
2990 2555 3072 2601 est
3099 2548 3268 2616 gloria
3296 2559 3347 2604 et
3375 2550 3573 2608 divitia:

1989 2628 2249 2696 mystcrii.
2284 2628 2350 2685 Ut
2386 2633 2430 2685 si
2456 2633 2578 2702 quis
2603 2649 2792 2689 canem
2837 2634 2976 2691 fame
3001 2645 3056 2691 et
3082 2638 3261 2693 scabie
3289 2639 3580 2710 perditura,

1990 2725 2200 2786 turpem
2229 2728 2284 2774 et
2317 2721 2635 2791 deformem,
2663 2734 2717 2780 et
2740 2727 2828 2796 qui
2858 2742 2925 2781 ne
2960 2729 3165 2785 moveri
3202 2731 3419 2800 quidem
3452 2748 3583 2804 pos-

1988 2818 2091 2873 set,
2124 2811 2218 2867 sed
2255 2813 2482 2883 jaceret,
2527 2828 2750 2888 repente
2785 2829 2840 2874 et
2878 2819 3150 2877 hominem
3192 2827 3399 2892 fecerit,
3429 2835 3484 2881 et
3525 2827 3579 2882 in

1989 2898 2115 2954 sede
2146 2903 2288 2972 regia
2319 2905 2631 2961 ostenderit.
2665 2907 2797 2962 Vide
2840 2924 3069 2980 namque
3101 2928 3115 2965 :
3149 2911 3356 2982 lapides
3390 2914 3582 2969 adora-

1987 2989 2115 3044 bant
2145 3000 2201 3046 et
2238 2999 2434 3048 terram
2458 3011 2473 3059 ;
2500 2995 2801 3052 didicerunt
2828 3001 2969 3069 quod
2996 3009 3051 3056 et
3084 3003 3219 3058 caelo
3247 3013 3301 3058 et
3330 3006 3444 3062 sole
3471 3009 3582 3062 sint

1989 3081 2276 3147 meliores,
2319 3093 2374 3139 et
2413 3085 2698 3142 universus
2747 3090 2979 3145 mundus
3029 3091 3108 3146 eis
3147 3094 3392 3148 serviat:
3424 3105 3582 3152 erant

1989 3172 2207 3241 captivi,
2231 3181 2287 3228 et
2311 3174 2365 3228 in
2395 3175 2622 3232 vinculis
2647 3177 2844 3234 diaboli
2872 3197 2890 3246 ;
2920 3193 3142 3252 repente
3171 3185 3382 3240 luerunt
3412 3203 3576 3256 supra

1989 3270 2146 3329 caput
2191 3262 2327 3332 ejus,
2375 3265 2532 3335 eique
2573 3267 2908 3337 imperabant
2948 3279 3003 3326 et
3049 3287 3174 3327 eum
3215 3272 3576 3343 ﬂagellabant.

1987 3351 2120 3406 Cum
2142 3353 2442 3410 daemonum
2467 3369 2646 3413 essent
2666 3360 2858 3429 captivi
2882 3371 2935 3416 et
2956 3363 3122 3430 servi,
3145 3379 3336 3434 corpus
3362 3365 3574 3423 Domini

1987 3443 2300 3513 angelorum
2326 3455 2379 3501 et
2406 3447 2851 3518 archangelorum
2883 3449 3004 3506 facti
3039 3464 3164 3507 sunt
3192 3470 3206 3506 :
3236 3455 3324 3525 qui
3349 3471 3417 3511 ne
3446 3457 3578 3528 quid

1988 3545 2133 3589 esset
2160 3534 2377 3606 quidem
2409 3536 2549 3594 Deus
2574 3539 2836 3608 sciebant,
2865 3558 2988 3597 mox
3016 3543 3068 3598 in
3095 3543 3286 3600 eodem
3316 3563 3436 3602 cum
3469 3549 3582 3605 Deo

1990 3624 2184 3679 throno
2212 3625 2589 3682 consederunt.
2615 3628 2708 3684 Vis
2729 3631 2917 3687 videre
2943 3632 3361 3692 iuntnnerahiles
3380 3638 3578 3708 gradus

1987 3731 2148 3796 supra
2193 3733 2327 3788 quos
2373 3720 2724 3777 cxsilieruntl
2759 3722 3047 3794 Oportebat
3099 3727 3329 3797 primum
3368 3729 3577 3786 discere

1987 3807 2128 3876 quod
2151 3809 2357 3880 lapides
2385 3827 2493 3866 non
2524 3813 2632 3868 sint
2655 3813 2751 3882 dii,
2785 3817 3021 3872 secundo
3049 3828 3251 3885 autem,
3285 3821 3426 3892 quod
3469 3838 3575 3879 non

1988 3902 2161 3955 solum
2194 3917 2298 3958 non
2334 3902 2441 3958 sint
2483 3904 2582 3972 dii,
2617 3907 2712 3962 sed
2747 3909 2908 3964 etiam
2941 3911 3180 3968 minores
3227 3914 3572 3981 hominibus;

1989 3993 2168 4058 tertio,
2195 3994 2336 4065 quod
2364 4005 2417 4050 et
2445 3995 2612 4052 brutis
2641 3999 2916 4067 minores;
2939 4012 3152 4073 quarto,
3183 4005 3325 4075 quod
3349 4015 3404 4062 et
3423 4007 3574 4078 plan-

1990 4082 2056 4137 tis
2080 4100 2094 4148 ;
2117 4084 2322 4155 quinto,
2367 4086 2510 4156 quod
2542 4097 2780 4144 extrema
2819 4091 2981 4146 simul
3016 4093 3381 4164 collegerunt;
3429 4099 3571 4167 quod

1988 4189 2096 4230 non
2122 4176 2292 4230 solum
2321 4177 2545 4247 lapides,
2573 4181 2668 4236 sed
2697 4197 2796 4238 nec
2826 4193 2986 4248 terra,
3016 4200 3117 4241 nec
3144 4188 3454 4258 animantia,
3477 4206 3572 4247 ne—

1986 4282 2092 4337 que
2119 4266 2331 4336 plantae,
2361 4283 2462 4324 nec
2491 4271 2673 4338 homo,
2701 4288 2801 4329 nec
2837 4274 3026 4331 caelum
3049 4293 3064 4343 ;
3087 4278 3194 4346 vel,
3216 4279 3360 4350 quod
3388 4282 3573 4337 excel-

1986 4359 2100 4413 sius
2119 4367 2219 4424 est,
2239 4359 2378 4430 quod
2402 4375 2507 4415 non
2531 4363 2757 4432 lapides,
2790 4381 2896 4420 non
2918 4367 3192 4435 anima!ia,
3223 4385 3328 4426 non
3350 4372 3570 4441 plantte,

1987 4464 2092 4504 non
2120 4450 2404 4518 elementa,
2429 4467 2536 4507 non
2563 4467 2816 4523 superna,
2845 4472 2950 4512 non
2975 4457 3202 4524 inferna,
3238 4475 3345 4517 non
3385 4461 3568 4531 homo,

1988 4556 2094 4597 non
2125 4540 2416 4608 daemones,
2453 4557 2557 4598 non
2597 4545 2794 4615 angeli,
2829 4562 2936 4602 non
2962 4547 3290 4621 archangeli,
3329 4567 3435 4607 non
3472 4553 3571 4608 ali-

1984 4647 2085 4703 qua
2113 4632 2214 4686 alia
2241 4648 2304 4687 ex
2330 4635 2575 4702 supernis
2606 4635 2713 4692 illis
2753 4636 3132 4707 Potestatibus,
3175 4641 3336 4698 debet
3363 4643 3466 4698 coli
3499 4644 3572 4699 ab

1985 4725 2214 4779 humana
2241 4736 2451 4781 natura.
2491 4726 2783 4799 Tamquam
2811 4745 2876 4786 ex
2918 4733 3182 4802 profundo
3218 4735 3402 4806 aliquo
3430 4734 3568 4790 han-

1983 4818 2182 4875 rientcs
2212 4819 2421 4876 discere
2449 4822 2753 4893 oportebat,
2783 4824 2925 4895 quod
2957 4827 3046 4896 qui
3081 4836 3164 4883 est
3190 4829 3430 4884 omnium
3459 4830 3566 4885 Do-

1983 4911 2180 4977 minus,
2212 4913 2255 4968 is
2284 4923 2366 4969 est
2395 4915 2534 4971 Deus
2559 4933 2573 4982 ;
2601 4917 2742 4988 quod
2769 4933 2890 4974 eum
2923 4921 3099 4976 solum
3124 4932 3336 4992 oportet
3362 4925 3565 4989 colere,

1981 5001 2126 5072 quod
2155 5018 2240 5058 res
2271 5004 2488 5074 pulchra
2519 5015 2574 5062 et
2603 5007 2742 5064 bona
2768 5009 2838 5064 sit
2863 5009 3173 5066 admiranda
3200 5013 3323 5069 vita:
3356 5014 3570 5070 institu-

1984 5097 2095 5161 tio;
2127 5095 2268 5166 qnod
2299 5111 2444 5152 mors
2470 5113 2704 5168 przesens
2731 5115 2836 5156 non
2861 5103 2932 5157 sit
2952 5118 3114 5168 mors,
3149 5105 3294 5176 quod
3325 5107 3429 5161 vita
3459 5122 3565 5162 non

1982 5187 2123 5253 vita;
2147 5188 2288 5260 quod
2317 5203 2516 5258 corpus
2543 5200 2804 5262 resurgat,
2843 5193 2985 5262 quod
3018 5195 3422 5266 incorruptibile
3449 5198 3564 5264 liat,

1979 5280 2123 5351 quod
2149 5281 2403 5337 ascendat
2429 5281 2482 5335 in
2513 5283 2696 5349 cados,
2723 5283 2865 5353 quod
2906 5296 3226 5356 asseqnatur
3253 5287 3568 5342 immortali-

1983 5382 2163 5438 tatem,
2203 5374 2346 5443 qnod
2385 5382 2491 5430 stet
2520 5389 2642 5430 cum
2670 5375 2896 5446 angelis,
2939 5378 3082 5447 quod
3111 5379 3235 5434 illnc
3275 5379 3568 5435 transfers.

1921 5539 1939 5554 ι
1982 5473 2085 5518 tur.
2116 5464 2220 5520 Sed
2253 5466 2394 5520 hunc
2425 5466 2518 5536 qni
2547 5464 2655 5520 illic
2681 5477 2799 5523 erat
2828 5469 2881 5523 in
2913 5469 3041 5536 imo,
3073 5484 3194 5524 cum
3241 5469 3357 5526 Ita-c
3382 5469 3564 5524 omnia

1982 5565 2288 5624 superasset
2336 5565 2393 5612 et
2445 5557 2818 5626 transiliisset,
2871 5561 3121 5629 superius
3171 5561 3454 5616 collocavit
3507 5560 3563 5614 in

1983 5647 2179 5703 throno
2214 5665 2227 5702 :
2258 5648 2406 5704 illum
2433 5649 2522 5719 qui
2550 5659 2666 5724 erat
2688 5649 2828 5705 infra
2861 5651 3084 5720 lapides,
3116 5650 3297 5706 etTecit
3317 5654 3565 5720 superio-

1985 5758 2098 5800 rcm
2128 5743 2330 5814 angelis
2359 5752 2414 5800 et
2443 5741 2776 5814 archangelis
2806 5750 2860 5798 et
2889 5741 3122 5799 Thronis
3146 5750 3202 5800 et
3231 5740 3564 5799 Domitiano-
