4026 6148
321 263 431 322 333

314 371 656 448 μυστηρίου
694 371 929 427 τούτου.
970 381 996 410 ι

320 460 610 531 φιλόσοφον
647 456 910 527 ἐξαίφνης
941 454 1133 520 δείξειε
1154 470 1170 486 ·
1204 452 1407 525 μᾶλλον
1434 452 1493 507 δὲ
1528 453 1629 506 ὅσα
1652 453 1717 507 ἂν
1754 454 1897 507 εἴποι

318 566 430 613 τις,
452 546 605 602 οὐδὲν
637 545 756 617 ὲρεῖ
778 561 793 576 ⁸
823 544 916 597 καὶ
941 542 1050 613 γάρ
1079 542 1264 597 καὶτὰ
1293 539 1390 595 τοῦ
1416 539 1637 617 Παύλου
1665 539 1899 611 ἀόριστά

320 640 457 691 ἔστι.
497 635 593 700 Τίς
622 634 657 687 ό
679 630 966 696 πλοῦτος,
993 629 1148 699 φησὶ,
1182 626 1295 697 τῆς
1321 627 1509 696 δόξης
1533 627 1642 681 τοῦ
1662 643 1900 696 μυστη-

315 724 454 794 ρίου
481 721 694 776 τούτου
730 717 803 772 ἐν
830 716 956 783 τοῖς
990 717 1255 781 ἔθνεσιν,
1283 716 1352 782 ὅς
1389 715 1522 769 ἐστι
1546 713 1799 784 Χριστός
1827 714 1899 767 ἐν

318 810 483 879 ὑμῖν.
529 806 699 862 Πάλιν
728 805 837 859 ἔδει
891 803 1105 875 μαθεῖν,
1154 803 1236 856 ὅτι
1266 804 1296 855 ὁ
1330 802 1549 856 πάντων
1598 798 1894 871 ἀνώτερος,

319 898 415 951 καὶ
439 892 687 962 ἀγγέλων
723 890 930 962 άρχων,
958 890 1055 944 καὶ
1103 888 1213 943 τῶν
1242 888 1420 943 ἄλλων
1466 887 1697 941 ἀπασῶν
1735 886 1896 940 δυνά-

320 998 467 1053 μεων
494 979 735 1053 κρατῶν,
772 976 980 1048 κατέϐη
1011 977 1182 1042 κάτω,
1228 975 1323 1030 καὶ
1357 975 1646 1046 ἄνθρωπος
1676 974 1893 1044 γέγονε,

315 1070 415 1124 καὶ
443 1067 612 1141 μυρία
640 1067 832 1132 ἔπαθε,
862 1067 956 1120 καὶ
985 1064 1190 1135 ἀνέστη
1225 1065 1321 1117 καὶ
1347 1061 1647 1132 ἀνελήφθη.

390 1159 456 1229 β’,
474 1155 663 1211 Ταῦτα
697 1156 879 1209 πάντα
905 1152 1209 1224 μυστηρίου
1230 1147 1320 1222 ἦν,
1346 1152 1442 1205 καὶ
1469 1150 1588 1221 μετ’
1616 1151 1893 1221 ὲγκωμίου

311 1246 496 1316 τίθησι
523 1243 721 1313 λέγων,
753 1240 859 1307 ’ος
879 1240 1010 1295 ἐστι
1039 1239 1293 1308 Χριστός
1329 1239 1399 1291 ἐν
1431 1236 1594 1307 ὑμῖν.
1633 1238 1697 1291 El
1739 1238 1797 1291 δὲ
1834 1242 1893 1292 έν

315 1336 448 1405 ὑμῖν
481 1336 622 1398 εστι,
654 1327 708 1385 τί
757 1329 1026 1399 ἀγγέλους
1074 1326 1289 1398 ζητεῖτε
1343 1326 1729 1393 διδασκάλους;
1782 1324 1894 1382 Τοῦ

309 1420 651 1491 μυστηρίου
689 1418 930 1473 τούτου.
968 1417 1124 1470 Ἐστι
1150 1415 1261 1485 γάρ
1293 1415 1388 1467 καὶ
1409 1413 1538 1468 ἀλλο
1569 1415 1889 1485 μυστήριον.

329 1507 491 1562 Ἀλλά
514 1504 678 1560 τοῦτο
702 1506 873 1568 ὅντως
916 1504 1241 1574 μυστήριον,
1258 1501 1286 1555 ὃ
1310 1499 1486 1565 οὐδεὶς
1513 1495 1677 1567 οἶδεν,
1714 1501 1743 1554 ὃ
1775 1502 1892 1556 ἐστι

317 1594 654 1668 θαυμαστὸν,
684 1593 714 1648 ὃ
751 1592 902 1664 παρά
928 1592 1027 1663 τὴν
1056 1591 1244 1662 κοινὴν
1283 1588 1638 1661 προσδοκίαν,
1666 1588 1695 1642 δ
1729 1589 1893 1661 ἐκρύ-

316 1701 501 1739 πτετο.
535 1684 644 1750 ὀς
686 1682 817 1736 ἐστι
854 1680 1108 1749 Χριστὸς
1132 1679 1203 1733 ἐν
1230 1678 1395 1748 ὑμῖν,
1423 1677 1612 1749 φησὶν,
1639 1677 1678 1745 ή
1716 1677 1894 1744 ἐλπίς

317 1770 430 1841 τῆς
462 1768 748 1842 δόξης,δν
769 1766 941 1838 ἡμεῖς
973 1766 1477 1837 καταγγέλλομεν,
1501 1764 1710 1820 ἀνωθεν
1729 1765 1895 1818 αὐτὸν

316 1859 584 1929 φέροντες
605 1872 623 1889 ο
657 1855 717 1909 ὃν
741 1857 927 1927 ἡμεῖς,
953 1855 1054 1908 οὐκ
1084 1853 1309 1923 ἄγγελοι
1332 1869 1347 1884 ο
1369 1851 1766 1918 διδάσκοντες
1794 1850 1893 1907 καί

315 1944 764 2010 νουθετοῦντες,
786 1943 886 1997 οὐκ
909 1941 1281 2005 ἐπιτακτικῶς
1302 1940 1424 1995 οὐδὲ
1452 1939 1591 2012 μετά
1613 1939 1859 2009 ἀνάγκης
1875 1955 1892 1969 ⁶

315 2035 547 2108 καὶγὰρ
575 2034 670 2089 καὶ
710 2033 870 2087 τοῦτο
901 2031 1003 2102 τῆς
1050 2030 1146 2085 τοῦ
1190 2027 1328 2083 Θεοῦ
1364 2028 1797 2100 φιλανθρωπίας,
1831 2028 1895 2082 τὸ

1046 370 1262 439 Ὠσπερ
1286 368 1353 421 ἀν
1381 367 1538 432 εἴτις
1570 366 1751 438 μωρόν
1773 383 1896 421 τινα

316 2124 393 2196 μὴ
412 2120 756 2196 τυραννικῶς
772 2118 1171 2194 προσάγεσθαι.
1210 2115 1429 2189 Ἐπειδὴ
1452 2114 1534 2182 τὸ,
1572 2114 1894 2171 Διδάσκον-

312 2229 435 2278 τες,
483 2211 630 2283 μέγα
669 2205 760 2283 ἦν,
814 2208 1088 2279 ἐπήγαγε,
1137 2203 1612 2270 Νουθετοῦντες,
1646 2203 1785 2274 ὅπερ
1825 2198 1895 2273 ἦν

315 2298 522 2370 μᾶλλον
568 2297 803 2370 πατρὸς,
843 2294 878 2367 ἢ
929 2292 1277 2349 διδασκάλου.
1346 2293 1450 2344 Ὃν
1500 2290 1691 2360 ἡμεῖς,
1734 2290 1893 2361 φησι,

311 2385 821 2456 καταγγέλλομεν,
850 2380 1281 2446 νουθετοῦντες
1308 2377 1507 2432 πάντα
1553 2377 1891 2445 ἄνθρωπον,

313 2472 410 2526 καί
439 2470 837 2535 διδάσκοντες
852 2468 1048 2521 πάντα
1068 2465 1383 2534 ἄνθρωπον
1406 2465 1476 2519 ὲν
1492 2463 1661 2533 πάσῃ
1683 2464 1893 2533 σοφίᾳ*

312 2557 584 2619 τουτέστι,
611 2555 752 2626 μετά
777 2554 959 2624 πάσης
990 2552 1183 2621 σοφίας
1213 2551 1306 2604 καὶ
1330 2551 1617 2617 συνέσεως,
1651 2550 1684 2622 ἢ
1715 2551 1894 2605 πάντα

315 2648 375 2698 ἐν
409 2645 572 2716 σοφίᾳ
597 2642 871 2711 λέγοντες.
905 2640 1068 2694 Ὥστε
1100 2637 1294 2708 σοφίας
1323 2639 1406 2692 δεῖ
1446 2638 1628 2704 πάσης
1650 2653 1666 2670 ο
1696 2637 1758 2691 τὸ
1785 2636 1895 2709 γάρ

312 2734 384 2787 τά
406 2733 634 2789 τοιαῦτα
648 2731 943 2802 δυνηθῆναι
975 2729 1186 2800 μαθεῖν,
1217 2729 1280 2782 οὐ
1301 2728 1411 2781 τῶν
1432 2728 1706 2799 τυχόντων
1723 2726 1893 2779 ἐστίν.

315 2820 453 2874 Ἵνα
489 2816 970 2887 παραστήσωμεν
996 2815 1192 2870 πάντα
1219 2814 1535 2883 ἄνθρωπον
1563 2814 1799 2867 τέλειον
1825 2812 1898 2866 ἐν

315 2905 549 2977 Χριστῷ
585 2905 802 2974 Ἰησοῦ.
831 2905 898 2958 Τί
929 2904 1129 2974 λέγεις,
1164 2902 1369 2958 Πάντα
1387 2902 1702 2969 ἄνθρωπον
1720 2916 1740 2965 ;
1761 2893 1891 2965 Ναί,

313 2995 473 3066 φησι,
513 2992 675 3048 τοῦτο
705 2991 1101 3064 σπουδάζομεν.
1134 2990 1201 3045 Τί
1235 2989 1379 3061 γάρ;
1409 2990 1458 3043 εί
1483 2989 1580 3043 καὶ
1624 2988 1699 3060 μὴ
1739 2989 1894 3058 γίνεο

313 3101 406 3138 ται
455 3082 617 3138 τοῦτο
639 3125 657 3150 ,
714 3081 979 3136 ἔσπευδεν
1028 3081 1058 3134 ό
1114 3079 1387 3152 μακάριος
1431 3077 1646 3141 Παῦλος
1686 3076 1897 3131 τέλειον

315 3172 561 3243 ποιῆσαι.
602 3173 746 3241 Ἀρα
791 3169 952 3224 τοῦτο
998 3168 1305 3239 τελειότης,
1341 3168 1518 3221 έκεῖνο
1554 3165 1611 3219 δὲ
1655 3165 1847 3229 ἀτελές
1876 3176 1894 3195 ⁸

312 3258 455 3312 ῶστε
485 3258 588 3313 κάν
619 3259 696 3329 μὴ
731 3255 912 3311 πᾶσάν
950 3273 1035 3320 τις
1068 3255 1168 3328 ἔχῃ
1196 3257 1296 3326 τὴν
1325 3253 1475 3327 [560]
1516 3254 1732 3322 σοφίαν,
1765 3254 1895 3308 ἀτε-

313 3346 413 3419 λής
443 3347 582 3402 ἐστι.
619 3344 954 3405 Τέλειονὲν
985 3340 1218 3413 Χριστῷ
1261 3341 1476 3410 Ἰησοῦ.
1509 3340 1625 3396 Οὐκ
1655 3342 1713 3395 ὲν
1747 3340 1897 3412 νόμῳ

313 3435 434 3488 οὐδὲ
460 3437 519 3489 ὲν
551 3434 808 3504 ἀγγέλοις
836 3451 851 3466 ο
877 3435 1056 3488 έκεῖνο
1080 3433 1192 3503 γάρ
1217 3432 1280 3484 οὐ
1325 3431 1556 3488 τέλειον.
1615 3430 1719 3486 Ἔν
1763 3432 1898 3500 Χρι-

313 3523 462 3589 στῷ,
491 3521 792 3586 τουτέστιν,
822 3521 881 3574 ὲν
907 3523 975 3592 τῇ
1002 3518 1204 3589 γνώσει
1235 3517 1330 3573 τοῦ
1364 3517 1628 3591 Χριστοῦ.
1661 3516 1722 3570 ὐ
1741 3516 1898 3582 εἰδὼς

314 3611 369 3665 τί
409 3609 667 3680 εποίησεν
697 3610 727 3662 ὁ
755 3607 1015 3679 Χριστὸς,
1066 3607 1252 3677 μεῖζον
1301 3608 1567 3677 φρονήσει
1621 3605 1895 3675 ἀγγέλων.

326 3698 432 3752 Ἐν
473 3694 708 3766 Χριστῷ
756 3694 985 3762 Ἰησοῦ·
1012 3693 1101 3758 είς
1130 3691 1162 3745 δ
1196 3692 1295 3746 καὶ
1323 3691 1512 3746 κοπιῶ
1552 3690 1898 3762 ἀγωνιῶμε-

314 3802 443 3849 νος.
477 3783 591 3851 Οὐχ
617 3779 804 3843 ἁπλῶς
834 3776 1142 3844 σπουδάζω,
1175 3778 1363 3849 φησὶν,
1399 3776 1522 3830 οὐδὲ
1568 3778 1643 3841 ὡς
1682 3778 1895 3849 ἔτυχεν,

315 3868 478 3936 ἀλλά,
507 3865 709 3922 Κοπιῶ
731 3862 1181 3937 ἀγωνιζόμενος,
1214 3863 1354 3935 μετὰ
1379 3863 1581 3936 πολλῆς
1605 3865 1706 3935 τῆς
1732 3883 1899 3920 σπου-

315 3958 434 4028 δῆς,
463 3954 732 4015 τουτέστι,
778 3953 919 4025 μετά
949 3951 1156 4023 πολλῆς
1186 3951 1289 4023 τῆς
1320 3952 1653 4023 ἀγρυπνίας.
1690 3953 1755 4006 Et
1788 3952 1898 4019 ἐγὼ

318 4044 460 4115 ὑπὲρ
480 4042 591 4096 τῶν
626 4041 910 4112 ὑμετέρων
941 4039 1164 4109 ἀγαθῶν
1197 4038 1372 4104 οὕτως
1402 4038 1689 4111 ἀγρυετνῶ,
1718 4039 1899 4111 πολλῷ

320 4129 521 4202 μᾶλλον
554 4130 714 4200 ὑμεῖς
743 4128 1008 4198 ὀφείλετε.
1047 4123 1183 4182 Εἶτα
1211 4127 1374 4182 πάλιν
1409 4127 1624 4191 δεικνὺς
1654 4126 1795 4180 θεῖον
1815 4127 1897 4193 ὃν,

316 4219 483 4273 Κατὰ
515 4215 630 4284 τὴν
642 4214 949 4285 ἐνέργειαν
971 4214 1180 4280 αὐτοῦ,
1209 4214 1366 4284 φησὶ,
1392 4213 1507 4282 τὴν
1545 4214 1899 4284 ἐνεργουμέ-

315 4321 440 4372 νην
478 4303 549 4357 ἐν
600 4302 729 4372 ἐμοί
771 4304 842 4357 ἐν
872 4302 1144 4372 δυνάμει.
1186 4301 1470 4356 Δείκνυσιν
1512 4301 1596 4354 ὅτι
1624 4300 1720 4354 τοῦ
1762 4301 1899 4356 Θεοῦ

315 4390 477 4446 τοῦτο
510 4389 673 4463 ἔργον
709 4390 880 4445 εστίν.
924 4391 984 4442 '0
1023 4389 1208 4443 τοίνυν
1250 4389 1472 4461 ἰσχυρόν
1504 4405 1572 4458 με
1610 4387 1781 4443 ποιῶν
1818 4390 1901 4453 εἰς

316 4480 495 4546 τοῦτο,
534 4478 696 4551 δῆλον
731 4479 814 4534 ὅτι
846 4479 1004 4533 τοῦτο
1043 4477 1294 4548 βούλεται
1319 4494 1333 4509 ο
1364 4476 1446 4532 διδ
1475 4479 1569 4531 καὶ
1596 4476 1900 4549 ἀρχόμενός

316 4584 472 4639 φησι,
503 4567 607 4622 Διά
628 4565 963 4637 θελήματος
995 4565 1164 4619 Θεοῦ.
1193 4565 1357 4617 ’Ὥστε
1386 4565 1447 4618 οὐ
1477 4565 1638 4636 μόνον
1672 4566 1898 4637 μετριά-

318 4655 429 4719 ζων
443 4653 577 4709 αὐτὸ
597 4652 866 4720 τέθεικεν,
893 4652 1031 4707 ἀλλά
1047 4653 1143 4707 καὶ
1160 4651 1515 4723 ὲπαληθεύων
1534 4650 1612 4722 τῷ
1625 4652 1790 4724 λόγῳ,
1803 4652 1902 4706 καὶ

318 4740 774 4813 ἀγωνιζόμενος.
815 4741 990 4796 Τοῦτο
1035 4740 1230 4803 είπὼν,
1275 4739 1549 4794 δείκνυσιν
1596 4740 1680 4794 ὃτι
1717 4739 1902 4793 πολλοὶ

319 4831 585 4902 μάχονται
600 4830 740 4903 πρὸς
755 4830 939 4884 αὐτόν.
956 4825 1091 4883 Εἶτα
1109 4830 1143 4899 ἡ
1166 4828 1514 4900 φιλοστοργία
1532 4827 1720 4900 πολλή·
1741 4826 1902 4881 Θέλω

318 4919 430 4990 ⁸μὰρ
456 4919 614 4990 ὑμᾶς
635 4920 855 4975 είδέναι
885 4919 1105 4988 ἡλίκον
1129 4917 1332 4989 ἀγκῶνα
1377 4917 1497 4987 ἔχω
1544 4917 1676 4985 περὶ
1712 4913 1899 4984 ὑμῶν,

318 5008 418 5061 καί
442 5007 647 5063 τῶνέν
678 5008 1021 5076 Λαοδικείᾳ.
1059 5002 1193 5060 Εἶτα
1226 5005 1315 5059 ῖνα
1341 5004 1417 5077 μὴ
1437 5002 1568 5076 δόξῃ
1594 5003 1693 5072 τῆς
1718 5000 1901 5055 αὐτῶν

317 5094 605 5159 ἀσθενείας
637 5091 779 5150 εἶναι
807 5094 989 5157 τοῦτο,
1017 5093 1223 5166 συνῆψε
1255 5096 1351 5146 καὶ
1403 5089 1648 5161 ἐτέρους,
1688 5088 1782 5142 καὶ
1810 5088 1903 5143 οὐ-

318 5182 468 5237 δέπω
508 5182 775 5252 κατέγνω.
812 5184 921 5238 Καὶ
964 5182 1098 5238 ὅσοι
1142 5183 1257 5251 οὐχ
1301 5176 1598 5247 ἑωράκασι
1623 5176 1689 5230 τό
1715 5176 1903 5244 πρόσ-

317 5269 485 5323 ωπόν
520 5285 642 5339 μου
708 5270 779 5324 ἐν
838 5269 1043 5339 σαρκί.
1090 5267 1263 5339 Θείως
1316 5265 1592 5320 δείκνυσιν
1639 5262 1898 5326 ἐνταῦθα,

318 5359 400 5413 δτι
432 5357 461 5398 δ
494 5355 682 5429 ἑώρων
710 5356 948 5429 συνεχῶς
976 5358 1035 5410 έν
1059 5355 1358 5426 πνεύματι.
1391 5352 1682 5424 Μαρτυρεῖ
1712 5349 1771 5405 δὲ
1800 5351 1901 5405 αὺ-

381 5554 407 5583 ι
431 5540 521 5591 llic
536 5554 633 5591 non
667 5553 822 5602 pauc;
838 5537 1013 5588 omissa
1037 5544 1153 5588 sunt
1178 5536 1230 5587 in
1258 5530 1489 5589 versione
1513 5529 1747 5585 Gentiani
1771 5528 1903 5581 Her-

317 5611 447 5665 νειι,
464 5616 578 5665 ηοω
595 5599 686 5652 noé
704 5599 1034 5665 τοοιίιμιιηιις.

359 5664 411 5733 ηδ
432 5653 575 5737 μεμε
595 5672 647 5714 οι
662 5676 816 5725 marg.
838 5662 1012 5720 εει-ιι..
1034 5660 1157 5715 ξένον
1178 5675 1223 5707 τι
1245 5658 1479 5709 δείκνυσιν
1521 5653 1737 5706 ἐνταῦθα.
1764 5653 1902 5714 Λέγει

320 5738 409 5788 γαρ
431 5738 529 5772 στι.

1064 255 1120 310 S.
1160 250 1445 310 JOANNIS
1483 247 1976 309 CHRYSOSTOMI
2014 251 2334 311 ARCHIEP.
2376 254 2924 316 CONSTANTINOP.

3480 261 3587 319 338

2015 370 2132 433 τοῖς
2155 369 2380 441 ἀγάπην
2401 372 2605 443 πολλὴν
2623 388 2638 402 ο
2673 374 2755 429 διδ
2776 374 2873 428 καὶ
2897 372 3183 446 ἐπήγαγεν
3205 390 3218 404 ·
3253 372 3380 428 ’Ἰνα
3399 389 3591 445 παρα-

2002 454 2314 523 κληθῶσιν
2341 460 2402 512 αί
2431 458 2669 528 καρδίαι
2697 461 2918 528 αὐτῶν,
2950 461 3487 531 συμϐιϐασθέντων
3510 462 3585 519 ἐν

2000 543 2226 614 ἀγάπῃ,
2263 546 2361 600 καί
2388 550 2477 613 είς
2497 547 2696 603 πάντα
2729 549 2999 605 πλοῦτον
3023 548 3138 618 τῆς
3169 551 3584 620 πληροφορίας

2001 629 2116 699 τῆς
2143 632 2478 700 συνέσεως,
2497 637 2584 701 είς
2605 636 2936 706 ἐπίγνωσιν
2967 637 3078 691 τοῦ
3112 638 3453 706 μυστηρίου
3474 639 3583 693 τοῦ

2005 719 2155 773 Θεοῦ
2180 721 2414 790 Πατρός
2446 723 2547 776 καί
2574 723 2684 778 τοῦ
2706 724 2998 792 Χριστοῦ·
3026 725 3097 779 ἐν
3127 717 3178 792 ᾧ
3205 726 3329 778 εισι
3358 723 3585 793 πάντες

2001 808 2057 859 οί
2076 809 2368 877 θησαυροί
2392 808 2504 879 τῆς
2524 811 2749 881 σοφίας
2771 811 2872 865 καί
2895 810 3006 879 τῆς
3032 809 3310 881 γνώσεως
3327 812 3586 881 ἀπόκρυο

1999 908 2122 958 φοι.
2160 894 2300 966 Ἤδη
2323 893 2510 949 λοιπὸν
2544 897 2768 951 σπεύδει
2803 898 2898 951 καὶ
2919 898 3101 951 ὠδίνει
3126 896 3384 969 ἐμϐαλεῖν
3420 899 3501 964 είς
3519 899 3585 952 τδ

2000 977 2198 1052 δόγμα,
2216 980 2341 1035 οὔτε
2364 983 2709 1055 κατηγορῶν,
2732 983 2857 1038 οὔτε
2885 984 3244 1038 ἀπαλλάττων
3263 984 3461 1049 αὐτοὺς
3482 986 3584 1057 τῆς

1916 1068 1929 1081 ‘
2001 1069 2359 1140 κατηγορίας.
2390 1070 2825 1140 ’Δγῶνα,φησὶν,
2844 1070 2972 1143 ἔχω.
2994 1071 3446 1144 Ἶνατίγένηταις
3465 1072 3582 1127 Ἵνα

2002 1155 2491 1229 συμϐιϐασθῶμεν.
2531 1160 2596 1212 Ὃ
2617 1158 2673 1213 δὲ
2699 1158 2871 1227 λέγει,
2902 1157 3062 1213 τοῦτό
3088 1160 3237 1214 ἐστιν
3259 1176 3273 1191 ’
3297 1159 3388 1214 ἵνα
3413 1160 3581 1215 στῶσι

2002 1240 2213 1312 βέϐαιοι
2249 1245 2309 1299 έν
2353 1247 2421 1317 τῇ
2455 1247 2660 1303 πίστει.
2704 1247 2845 1301 Ἀλλ’
2870 1247 2932 1301 οὐ
2976 1247 3192 1318 τίθησιν
3236 1246 3433 1314 οὕτως,
3463 1248 3582 1303 ἀλλ’

2001 1330 2366 1401 ὑποτέμνεται
2394 1332 2463 1387 τά
2486 1334 2586 1403 τῆς
2613 1334 2967 1407 κατηγορίας.
3000 1334 3311 1398 Τουτέστιν,
3335 1334 3423 1389 ῖνα
3445 1337 3582 1390 ἑνω-

2001 1413 2137 1471 θῶσι
2172 1418 2311 1488 μετά
2342 1419 2587 1491 ἀγάπης,
2630 1420 2751 1474 οὐδὲ
2798 1420 2938 1490 μετά
2968 1419 3237 1492 ἀνάγκης,
3288 1421 3410 1475 οὐδὲ
3443 1421 3584 1493 μετά

2002 1503 2149 1573 βίας.
2183 1505 2362 1578 Ὅπερ
2385 1506 2494 1579 γάρ
2523 1503 2697 1572 εἷπον,
2741 1507 3082 1580 Ἀνεπαχθής
3103 1510 3251 1562 ἐστιν
3279 1508 3367 1563 ἀεὶ
3400 1510 3584 1574 αὐτοῖς

2000 1592 2338 1664 ἐπιτρέπων,
2355 1595 2449 1649 καὶ
2464 1594 2552 1648 διὸ⁸
2562 1593 2721 1648 τοῦτό
2737 1612 2810 1666 φη
2818 1611 2921 1649 σιν·
2953 1595 3218 1664 Ἀγωνιῶ,
3240 1595 3429 1668 ἐπειδὴ
3444 1596 3585 1667 μετά

1999 1679 2243 1752 ἀγάπης,
2276 1680 2372 1734 καὶ
2406 1682 2632 1746 ἑκόντας
2681 1680 2964 1753 βούλομαι.
2993 1680 3067 1734 οὐ
3113 1681 3224 1753 γάρ
3268 1681 3456 1747 ἁπλῶς
3484 1685 3587 1756 τὴν

2002 1767 2326 1840 συναγωγὴν
2340 1766 2603 1838 βούλομαι
2621 1767 2887 1837 γίνεσθαι,
2905 1768 3003 1838 οὐχ
3027 1767 3214 1833 ἀπλῶς
3235 1768 3314 1840 τῷ
3331 1769 3589 1840 στόματι,

1998 1852 2116 1907 ἀλλ’
2147 1853 2237 1908 ἵνα
2271 1855 2328 1908 αί
2372 1855 2590 1925 καρδίαι
2619 1854 2799 1907 αὐτῶν
2829 1853 3243 1927 παρακληθῶσι.
3293 1858 3585 1926 Συμδιδα·

2000 1940 2274 1997 σθέντων
2292 1942 2363 1996 ἐν
2386 1941 2589 2013 ἀγάπῃ
2607 1944 2694 2009 είς
2711 1941 2907 1997 πάντα
2935 1942 3202 1998 πλοῦτον
3222 1941 3333 2012 τῆς
3359 1946 3586 2013 πληροο

1999 2030 2217 2098 φορίας
2244 2030 2355 2099 τῆς
2380 2032 2710 2097 συνέσεως.
2741 2029 3053 2096 Τουτέστιν,
3086 2029 3173 2084 ῖνα
3188 2031 3329 2102 ὑπὲρ
3354 2030 3587 2102 μηδενὸς

1999 2117 2434 2189 ἀμφιϐάλλωσιν,
2478 2119 2547 2175 ἵν’
2585 2117 2728 2191 ὑπὲρ
2769 2112 2987 2175 πάντων
3030 2118 3584 2192 πεπληροφορημένοι

2000 2197 2125 2260 ὦσι.
2156 2206 2537 2279 Πληροφορίαν
2563 2207 2620 2260 δὲ
2645 2203 2766 2261 εἶπε
2788 2206 2885 2279 τὴν
2907 2206 2995 2262 διὰ
3026 2206 3262 2272 πίστεως
3283 2224 3300 2241 ο
3330 2206 3446 2261 εστι
3472 2206 3584 2278 γὰρ

2002 2292 2350 2364 πληροφορία
2381 2294 2476 2347 καὶ
2501 2295 2535 2363 ἡ
2565 2292 2656 2347 διά
2685 2293 2985 2365 λογισμῶν,
3026 2293 3142 2349 ἀλλ’
3181 2293 3398 2358 οὐδενὸς
3422 2293 3584 2363 λόγου

2001 2379 2184 2451 εκείνη
2214 2374 2360 2444 όίξία.
2386 2375 2539 2446 Οἶδα,
2568 2381 2753 2451 φησὶν,
2779 2379 2863 2434 ὅτι
2882 2379 3189 2446 πιστεύετε,
3214 2380 3353 2434 ἀλλά
3376 2380 3587 2451 πληρο-

2002 2466 2311 2539 φορηθῆναι
2332 2468 2477 2537 ὑμᾶς
2500 2466 2783 2538 βούλομαι,
2809 2468 2909 2522 οὐκ
2930 2468 3009 2530 είς
3028 2467 3121 2521 τὸν
3145 2466 3376 2521 πλοῦτον
3399 2467 3581 2538 μόνον,

2006 2553 2124 2608 ἀλλ’
2158 2556 2266 2619 Είς
2293 2553 2494 2608 πάντα
2529 2555 2639 2608 τὸν
2668 2554 2958 2621 πλοῦτον,
2986 2554 3073 2608 ἵνα
3103 2555 3199 2614 καὶ
3231 2555 3291 2607 έν
3318 2555 3452 2607 πᾶσι
3490 2556 3586 2609 καὶ

2001 2640 2404 2711 ἐπιτεταμένως
2454 2641 3004 2712 πεπληροφορημένοι
3044 2634 3166 2711 ἦτε.
3217 2640 3333 2694 Καὶ
3361 2639 3462 2694 θέα
3482 2639 3583 2711 τὴν

2004 2726 2221 2781 σύνεσιν
2245 2727 2339 2780 τοῦ
2377 2728 2652 2800 μακαρίου
2681 2729 2895 2783 τούτου.
2922 2729 3037 2783 Οὐκ
3062 2723 3237 2793 εἶπεν,
3270 2728 3354 2782 ὃτι
3383 2729 3583 2790 Κακῶς

2004 2818 2230 2878 ποιεῖτε,
2260 2814 2343 2869 δτι
2376 2817 2451 2869 Οὐ
2488 2816 3002 2888 πεπληροφόρησθε,
3038 2816 3133 2870 καὶ
3162 2816 3542 2888 κατηγόρησεν
3565 2829 3579 2845 ’

2002 2901 2142 2963 ἀλλ’,
2157 2901 2271 2956 Οὐκ
2287 2902 2401 2956 ῖστε
2418 2902 2538 2966 πῶς
2554 2904 2860 2969 σπουδάζω,
2874 2903 2961 2957 ἵνα
2975 2902 3082 2973 πλη
3090 2902 3431 2975 ροφορηθῆτε
3448 2901 3590 2974 μετά

2004 2989 2295 3057 συνέσεως,
2307 2991 2402 3043 καὶ
2420 2991 2519 3061 οὐχ
2535 2990 2744 3055 ἀπλῶς.
2769 2991 2987 3062 Ἐπειδὴ
2998 2991 3107 3062 γὰρ
3128 2986 3249 3044 εἷπε
3266 2989 3470 3054 πίστιν,
3491 2989 3583 3060 Μὴ

2002 3077 2284 3148 νομίσητε,
2309 3077 2462 3150 [561]
2485 3078 2672 3150 φησὶν,
2691 3079 2773 3133 ὃτι
2794 3077 2983 3142 ἀπλῶς
2996 3078 3093 3131 καὶ
3116 3078 3394 3141 ἀνονήτως
3410 3072 3583 3142 εἷπον,

2003 3165 2144 3220 ἀλλά
2175 3167 2317 3237 μετὰ
2344 3166 2633 3231 συνέσεως,
2666 3166 2804 3236 μετά
2845 3166 3087 3236 ἀγάπης.
3121 3168 3226 3233 Είς
3254 3165 3585 3234 ἐπίγνωσιν

2002 3253 2113 3308 τοῦ
2140 3255 2482 3323 μυστηρίου
2526 3253 2634 3308 τοῦ
2686 3253 2836 3309 Θεοῦ
2878 3253 3130 3323 Πατρός,
3177 3252 3276 3307 καί
3308 3253 3415 3308 τοῦ
3449 3255 3589 3321 Χρι-

2004 3340 2177 3395 στοῦ.
2211 3342 2374 3395 ’Ὥστε
2393 3341 2488 3394 τοῦ
2513 3340 2650 3396 Θεοῦ
2675 3341 2834 3395 τοῦτό
2857 3343 2975 3394 ἐστι
2998 3340 3059 3394 τὸ
3077 3340 3395 3412 μυστήριον,
3414 3339 3476 3394 τὺ
3493 3339 3585 3393 διὰ.

2002 3429 2097 3484 τοῦ
2123 3429 2253 3485 Υἱοῦ
2283 3430 2677 3502 προσάγεσθαι.
2727 3430 2838 3485 Καὶ
2862 3429 2970 3484 τοῦ
2995 3428 3279 3499 Χριστοῦ,
3308 3423 3444 3498 ἐνῷ
3464 3431 3586 3484 είσι

2003 3518 2228 3587 ,πάντες
2253 3523 2308 3574 οί
2333 3520 2625 3589 θησαυροί
2650 3518 2761 3589 τῆς
2787 3521 3010 3589 σοφίας
3039 3518 3137 3573 καὶ
3171 3517 3277 3588 τῆς
3307 3518 3584 3588 γνώσεως

2003 3606 2365 3677 ἀπόκρυφοι.
2395 3608 2460 3661 Εἰ
2485 3607 2544 3661 δὲ
2564 3609 2622 3661 έν
2650 3606 2802 3676 αὐτῷ
2824 3609 2983 3672 εἰσιν,
3013 3605 3123 3678 ἀρα
3157 3606 3340 3676 σοφῶς
3370 3607 3467 3660 καὶ
3487 3604 3585 3660 νῦν

2003 3690 2156 3764 ἦλθε.
2183 3695 2342 3758 Τίνος
2365 3690 2460 3749 οὖν
2475 3694 2664 3749 ἕνεκεν
2694 3693 2989 3762 έγκαλοῦσί
3003 3710 3148 3754 τινες
3168 3694 3278 3748 τῶν
3296 3695 3541 3764 ἀνοήτων
3563 3708 3579 3757 ς

2008 3782 2153 3853 Ὅρα
2179 3781 2295 3846 πῶς
2326 3784 2438 3847 τοῖς
2462 3782 2852 3853 ἁπλουστέροις
2880 3781 3190 3850 διαλέγεται
3207 3796 3223 3812 ⁸
3260 3782 3364 3836 Ἔν
3387 3775 3436 3849 ᾧ
3467 3783 3584 3835 είσι

2005 3869 2230 3934 πάντες
2259 3871 2314 3924 οι
2338 3871 2654 3939 θησαυροί.
2688 3870 2859 3933 Αὐτὸς
2884 3868 3061 3922 πάντα
3097 3863 3260 3923 οἶδεν.
3308 3869 3584 3936 Ἀπόκρυ-

2004 3974 2125 4026 φοι.
2166 3957 2257 4028 Μή
2296 3956 2404 4030 γὰρ
2434 3957 2498 4030 δὴ
2532 3957 2790 4029 νομίσητε
2839 3957 2940 4028 ἢδη
2975 3956 3038 4011 τὸ
3070 3958 3179 4010 πᾶν
3225 3955 3406 4027 ἔχειν·
3447 3955 3586 4009 ἀπό-

2006 4044 2206 4116 κρυφοί
2228 4046 2334 4098 είσι
2368 4047 2464 4099 καὶ
2495 4045 2605 4100 ἀπὸ
2635 4044 2907 4114 ἀγγέλων,
2934 4044 3034 4097 οὐκ
3063 4044 3157 4113 ἀφ’
3187 4043 3343 4115 ὑμῶν
3387 4044 3582 4113 μόνον·

2005 4131 2147 4185 ὥστε
2176 4132 2307 4204 παρ’
2346 4132 2510 4187 αὐτοῦ
2539 4133 2622 4186 δεῖ
2647 4134 2823 4187 πάντα
2851 4133 3054 4186 αἰτεῖν
3085 4132 3247 4197 αὐτὸς
3286 4131 3468 4185 δίδωσι
3498 4147 3584 4184 σο-

2007 4218 2137 4289 φίαν
2174 4221 2269 4273 καὶ
2303 4219 2525 4290 γνῶσιν.
2558 4216 2651 4291 Τῷ
2675 4219 2774 4291 μὲν
2797 4213 2910 4284 οὖν,
2946 4218 3269 4288 Θησαιιροί,
3302 4218 3495 4282 εἰπεῖν,
3524 4219 3585 4272 τὸ

2009 4305 2143 4360 πολὺ
2169 4304 2443 4359 δείκνυσι·
2471 4305 2549 4377 τῷ
2592 4305 2668 4371 δὲ,
2705 4303 2954 4372 Πάντες,
2983 4305 3044 4358 τὸ
3078 4304 3215 4376 μηδὲ
3235 4303 3478 4373 ἀγνοεῖνο
3508 4302 3585 4374 τῷ

2005 4394 2084 4459 δὲ,
2121 4394 2496 4464 Ἀπόκρυφοι,
2538 4393 2600 4448 τὸ
2639 4394 2800 4465 μόνος
2831 4383 3049 4447 εἰδέναι.
3083 4392 3261 4447 Τοῦτο
3303 4388 3374 4444 δὲ
3408 4389 3582 4459 λέγω,

2007 4481 2109 4535 ἵνα
2165 4482 2252 4551 μή
2311 4498 2402 4548 τις
2461 4479 2614 4551 ὑμᾶς
2677 4478 3146 4551 παραλογίζηται
3205 4477 3277 4532 ἐν
3344 4482 3588 4533 πιθανο-

2006 4572 2205 4641 λογίᾳ.

2080 4663 2150 4726 7'.
2167 4655 2330 4727 Ὁρᾷς
2359 4656 2441 4711 ὅτι
2477 4655 2566 4710 διά
2592 4654 2753 4709 τοῦτο
2788 4652 2963 4720 εἷπον,
2986 4653 3146 4726 φησὶ,
3180 4652 3379 4720 ταῦτα,
3403 4652 3492 4707 ἵνα
3514 4651 3587 4723 μὴ

2008 4744 2161 4818 παρά
2184 4744 2488 4818 ἀνθρώπων
2521 4743 2742 4817 ζητῆτε.
2772 4742 3265 4815 Παραλογίζηται,
3298 4742 3486 4813 φησὶν,
3517 4739 3588 4795 ἐν

2008 4833 2419 4902 πιθανολογίᾳ.
2451 4833 2518 4886 Τί
2549 4833 2680 4904 γάρ,
2708 4833 2756 4886 εί
2791 4830 3030 4895 πιθανῶς
3055 4830 3241 4900 λέγεις
3278 4830 3348 4883 El
3376 4828 3486 4899 τὰρ
3511 4824 3586 4895 τῇ

2008 4919 2189 4989 σαρκί
2224 4918 2445 4990 ἄπειμι,
2477 4920 2641 4975 ἀλλά
2670 4918 2751 4985 τῷ
2777 4919 3071 4989 πνεύματι
3108 4917 3232 4974 σὺν
3271 4917 3419 4987 ὑμῖν
3446 4918 3583 4985 sint.

2008 5008 2083 5061 Τὸ
2108 5006 2399 5061 ἀκόλουθον
2430 5006 2590 5061 τοῦτο
2618 5002 2685 5080 ἦν
2714 5007 2914 5062 είπεῖνο
2940 5007 3004 5060 Et
3033 5005 3142 5078 γάρ
3167 5005 3263 5061 καὶ
3302 5007 3370 5076 τῇ
3419 5001 3585 5073 σαρκὶ

2008 5098 2224 5168 ἄπειμι,
2259 5096 2372 5151 ἀλλ’
2405 5097 2555 5168 ὅμως
2585 5091 2705 5150 οἶδα
2746 5096 2875 5161 τοὺς
2899 5095 3256 5159 ἀπατεῶνας
3288 5093 3385 5147 νῦν
3416 5092 3475 5146 δὲ
3508 5093 3587 5155 είς

2009 5182 2286 5254 ἐγκώμιον
2317 5182 2602 5253 κατέληξε.
2625 5182 2858 5251 Χαίρων
2885 5182 2983 5236 καί
3000 5180 3257 5247 ,βλέπων
3276 5177 3448 5250 ὑμῶν
3476 5176 3589 5244 τὴν

2009 5270 2185 5336 τάξιν
2206 5270 2302 5325 καί
2351 5269 2418 5325 τὸ
2458 5270 2764 5340 στερέωμα
2789 5268 2898 5338 τῆς
2930 5271 3018 5334 είς
3051 5268 3311 5338 Χριστὸν
3328 5264 3589 5330 πίστεως

2008 5355 2198 5427 ὑμῶν.
2216 5358 2329 5429 Τὴν
2347 5358 2522 5425 τάξιν,
2549 5358 2648 5430 τὴν
2663 5356 2939 5424 εὐταξίαν,
2965 5355 3120 5428 φησί.
3150 5354 3257 5409 Καί
3285 5350 3590 5420 στερέωμα

2010 5444 2119 5512 τῆς
2154 5446 2244 5512 είς
2267 5444 2525 5513 Χριστὸν
2552 5444 2830 5511 πίστεως.
2855 5442 3040 5497 Ταῦτα
3070 5440 3364 5511 ἐγκωμίων
3391 5436 3589 5509 μᾶλλόν

2012 5533 2151 5588 ἐστι,
2179 5531 2290 5585 Καὶ
2315 5532 2416 5586 οὐκ
2436 5526 2580 5596 εἷπε,
2609 5531 2711 5603 τὴν
2738 5532 2945 5593 πίστιν,
2975 5529 3131 5593 ἀλλὰ,
3160 5526 3232 5582 Τὸ
3264 5523 3587 5594 στερέωμα,

2013 5615 2265 5687 καθάπερ
2311 5613 2449 5684 πρὸς
2510 5613 2851 5685 στρατιώτας
2883 5612 3162 5674 εὐτάκτως
3201 5607 3449 5670 ἑστῶτας
3495 5606 3589 5660 καὶ

2017 5700 2269 5773 βεῦαίως.
2321 5702 2395 5757 Τὸ
2436 5701 2660 5774 στερρὸν
2685 5701 2785 5755 οὐκ
2813 5698 3019 5771 ἀπάτη,
3054 5698 3115 5753 οὐ
3140 5693 3446 5769 πειρασμὸς
3472 5691 3591 5747 διοι-
