4026 6148
372 287 480 344 333

373 407 554 461 nibus.
601 400 814 458 Revera
850 395 991 454 bene
1036 389 1195 455 dixit,
1250 389 1379 458 Qua
1423 389 1526 442 sint
1562 385 1752 439 divitia
1785 381 1962 453 gloria

377 497 530 565 hujus
576 491 822 564 mysterii.
863 488 940 542 Ac
977 484 1024 540 si
1067 483 1188 554 quis
1232 478 1609 551 philosophum
1656 474 1962 565 quempiam

378 563 600 643 stultum
631 599 750 640 esse
787 579 966 636 statim
1005 574 1317 632 ostenderet
1353 590 1366 626 :
1401 572 1513 626 imo
1549 584 1680 624 vero
1705 563 1962 637 quidquid

379 671 599 744 dureris,
631 675 760 731 nihil
792 673 943 727 dices
972 687 986 724 :
1021 667 1171 723 Pauli
1215 677 1447 731 namque
1489 659 1649 715 verba
1688 656 1962 712 indelinita

382 783 545 829 sunt:
582 769 708 836 ορατ
733 766 832 820 sint
860 762 1068 822 diuitiae,
1109 759 1302 828 inquit,
1333 755 1510 826 glorite
1552 749 1774 822 mysterii
1810 747 1965 816 hujus

383 866 434 918 in
465 859 705 934 gentibus,
736 854 872 927 quod
899 861 970 907 est
995 851 1224 905 Christus
1249 848 1302 900 in
1333 845 1486 901 vobis.
1515 843 1718 897 Rursus
1742 846 1963 934 oporte-

383 930 655 1014 hat'scire,
701 945 842 1018 quod
872 942 959 1012 qui
990 949 1073 996 est
1111 938 1357 1009 superior
1385 935 1633 991 omnibus
1659 941 1712 986 et
1741 930 1968 999 imperat

380 1043 602 1114 angelis,
628 1049 684 1096 et
713 1039 765 1092 in
792 1036 928 1092 alias
954 1045 1143 1088 omnes
1169 1036 1461 1100 potestates
1487 1025 1694 1081 obtinet
1724 1020 1968 1076 domina-

382 1147 518 1201 tum,
539 1128 818 1188 descendit
856 1124 1017 1188 intra,
1061 1129 1118 1178 et
1146 1121 1315 1176 factus
1355 1127 1439 1174 est
1482 1116 1665 1178 homo,
1697 1120 1750 1166 et
1779 1122 1969 1179 passus

381 1237 466 1282 est
494 1218 924 1282 innumerabilia,
953 1225 1006 1270 et
1034 1209 1328 1268 resurrexit
1348 1217 1402 1262 et
1426 1214 1509 1261 est
1533 1214 1858 1278 assumptus.

452 1314 508 1369 ‘2.
551 1313 677 1368 Haec
691 1309 868 1366 omnia
885 1314 1037 1364 erant
1053 1305 1192 1360 illius
1216 1299 1452 1373 mysterii
1478 1315 1492 1352 :
1514 1306 1702 1351 etcum
1721 1290 1969 1350 encomio

385 1407 438 1461 id
456 1405 608 1475 ponit
630 1403 836 1465 dicens,
863 1397 1013 1464 Quod
1030 1405 1103 1452 est
1119 1394 1348 1450 Christus
1368 1391 1420 1444 in
1439 1388 1592 1442 vobis.
1613 1386 1669 1441 Si
1690 1392 1774 1439 est
1792 1393 1969 1438 autem

389 1499 443 1552 in
473 1495 649 1560 vobis,
674 1507 771 1548 cur
797 1490 1012 1560 angelos
1038 1485 1278 1558 quaritis
1293 1477 1588 1538 doctores?
1616 1475 1848 1547 Mysterii
1875 1475 1972 1526 hu-

379 1589 473 1658 jus
490 1603 509 1642 :
525 1593 606 1641 est
621 1582 763 1639 enim
792 1579 932 1636 aliud
948 1591 1162 1649 quoque
1180 1572 1513 1646 mysterium.
1531 1567 1634 1624 Sed
1655 1567 1754 1621 hoc
1783 1572 1867 1658 est
1882 1578 1978 1658 re-

388 1655 512 1733 vera
529 1674 862 1749 mysterium,
877 1669 1017 1743 quod
1033 1683 1190 1726 nemo
1205 1665 1372 1729 novit,
1386 1661 1528 1734 quod
1540 1669 1622 1717 est
1636 1655 1974 1749 admirabile,

388 1767 529 1840 quod
548 1744 630 1823 est
646 1772 844 1836 praeter
857 1773 1195 1817 communem
1218 1753 1691 1825 exspectationem,
1714 1746 1856 1818 quod
1877 1744 1974 1800 ab-

389 1839 768 1915 scondebatnr.
780 1853 929 1923 Quod
943 1862 1036 1918 est,
1056 1849 1248 1920 inquit,
1265 1846 1494 1902 Christus
1508 1844 1561 1897 in
1578 1841 1853 1909 uobis,spes
1867 1839 1978 1909 glo-

391 1953 500 2016 riae,
528 1965 672 2020 quem
699 1963 791 2001 nos
828 1943 1208 2007 annuntiamus,
1241 1955 1269 1993 a
1298 1937 1509 2008 superis
1535 1950 1657 1990 eum
1691 1931 1926 1986 ferentes
1955 1947 1971 1984 :

398 2055 557 2110 quem
603 2053 723 2104 nos,
767 2050 874 2089 non
899 2032 1075 2104 angeli
1104 2048 1118 2084 :
1151 2031 1388 2084 docentes
1411 2037 1458 2082 et
1489 2025 1837 2094 corripientes,
1873 2035 1977 2076 non

395 2130 736 2202 imperando,
761 2142 934 2198 neque
957 2141 1079 2181 cum
1107 2122 1425 2179 necessitate
1453 2137 1467 2174 :
1493 2134 1617 2174 nam
1643 2118 1746 2173 hoc
1767 2131 1981 2187 quoque

397 2234 481 2279 est
510 2223 605 2278 Dei
635 2218 999 2290 benignitatis,
1041 2231 1147 2272 non
1175 2213 1365 2269 adduci
1391 2212 1685 2284 tyrannice.
1719 2209 1981 2278 Quoniam

399 2313 554 2378 illud,
584 2311 850 2374 Docentes,
873 2319 1274 2378 eratmagnum,
1298 2303 1593 2372 subiunxit,
1623 2300 1981 2371 Corripieutes,

399 2403 542 2472 quod
584 2401 753 2472 magis
795 2407 912 2456 erat
950 2398 1115 2470 patris
1145 2412 1304 2467 quam
1349 2394 1585 2450 doctoris
1622 2404 1676 2448 et
1718 2393 1980 2464 magistri.

401 2496 564 2559 Quem
590 2509 701 2557 nos,
750 2491 942 2561 inquit,
987 2489 1372 2552 annuntiamus,
1415 2486 1742 2555 corripientes
1787 2501 1984 2538 omnem

399 2588 670 2651 hominem,
704 2597 749 2638 et
773 2583 1005 2638 docentes
1032 2597 1232 2636 omnem
1261 2579 1513 2633 hominem
1543 2578 1594 2631 in
1623 2577 1758 2631 omni
1778 2577 1984 2645 sapien-

398 2685 468 2735 tia
497 2697 516 2735 :
549 2679 600 2734 id
641 2685 746 2745 est,
785 2691 905 2732 cum
946 2675 1091 2730 omni
1136 2671 1395 2743 sapientia
1432 2680 1486 2726 et
1536 2669 1812 2740 prudentia
1843 2685 1857 2732 ;
1900 2667 1984 2723 vel

398 2771 576 2826 omnia
607 2770 661 2824 in
689 2767 949 2838 sapientia
997 2764 1258 2820 dicentes.
1309 2762 1492 2830 Itaque
1532 2760 1678 2815 omni
1724 2758 1984 2828 sapientia

400 2873 485 2916 est
509 2877 643 2931 Opus
673 2877 689 2914 :
721 2859 847 2914 talia
877 2857 1020 2914 enim
1051 2870 1210 2926 posse
1238 2853 1448 2909 discere
1478 2869 1585 2908 non
1613 2861 1698 2909 est
1730 2866 1987 2922 quorum-

403 2957 504 3010 vis.
537 2952 602 3010 Ut
622 2951 940 3008 exhibeamus
965 2965 1160 3004 onmem
1190 2947 1444 3002 hominem
1473 2951 1748 3017 pet-fectum
1766 2945 1818 2999 in
1839 2945 1990 3000 Chrio

404 3056 482 3099 sto
509 3045 655 3099 Jesu.
683 3043 818 3110 Quid
847 3041 1001 3108 dicis,
1035 3039 1248 3096 Omnem
1270 3038 1561 3092 hominem?
1587 3039 1764 3102 Certe,
1794 3037 1985 3107 inquit,

407 3148 650 3194 nostrum
679 3136 910 3192 studium
938 3135 988 3188 in
1014 3149 1080 3190 eo
1107 3132 1373 3203 ponimus.
1401 3129 1537 3196 Quid
1567 3129 1751 3185 enim?
1778 3129 1986 3184 etiamsi

405 3232 509 3287 hoc
536 3247 640 3286 non
664 3231 773 3296 fiat,
806 3228 1006 3285 studuit
1036 3235 1214 3282 tamen
1252 3225 1439 3280 beatus
1468 3222 1663 3278 Paulus
1695 3221 1987 3291 perfectum

407 3326 603 3380 facere.
642 3322 806 3394 Igitur
832 3321 935 3376 hoc
971 3330 1054 3374 est
1095 3318 1388 3388 perfectio;
1425 3314 1554 3370 illud
1584 3323 1762 3368 autem
1796 3327 1882 3368 res
1907 3321 1990 3366 est

408 3414 758 3484 imperfecta:
791 3427 898 3483 quo
937 3411 995 3464 lit
1041 3419 1099 3464 ut
1145 3409 1190 3463 si
1234 3408 1352 3478 quis
1398 3423 1504 3462 non
1537 3421 1752 3460 omnem
1797 3404 1990 3458 habeat

407 3504 746 3574 sapientiam,
790 3503 858 3556 sit
886 3517 972 3556 res
1001 3497 1330 3569 imperfecta.
1366 3497 1656 3568 Perfectum
1698 3498 1750 3550 in
1791 3495 1989 3550 Christo

410 3595 560 3646 Jesu.
592 3593 708 3647 Non
735 3593 788 3646 in
816 3592 954 3661 lege.
981 3605 1155 3660 neque
1195 3590 1248 3642 in
1278 3589 1482 3658 angelis
1508 3606 1520 3642 :
1551 3587 1676 3642 illud
1708 3589 1850 3642 enim
1882 3601 1988 3640 non

413 3685 731 3755 perlectum.
766 3683 834 3737 In
854 3682 1091 3746 Christo;
1118 3681 1218 3736 hoc
1239 3691 1340 3744 est,
1370 3683 1420 3734 in
1442 3679 1748 3750 cognitione
1768 3678 1987 3733 Christi.

413 3782 514 3848 Qui
540 3780 641 3835 scit
665 3778 790 3850 quid
814 3778 1058 3834 Christus
1084 3777 1290 3845 iecerit,
1315 3777 1432 3848 plus
1452 3779 1592 3848 sapit
1611 3793 1769 3848 quam
1792 3777 1988 3846 angeli.

412 3872 482 3926 lu
511 3872 712 3927 Christo
753 3869 924 3937 Iesu;
959 3867 1049 3926 29.
1077 3871 1128 3924 in
1157 3886 1254 3941 quo
1280 3880 1328 3924 et
1367 3869 1540 3926 laboro
1582 3871 1840 3925 certando.
1875 3870 1989 3925 Non

411 3965 604 4019 leviter
651 3977 750 4018 nec
795 3961 1312 4033 quomodocumque,
1365 3962 1570 4032 inquit,
1609 3961 1830 4027 studeo,
1872 3961 1987 4028 sed,

407 4055 610 4110 Laboro
635 4054 898 4120 certando,
926 4069 1044 4108 cum
1078 4054 1244 4108 multo
1273 4052 1473 4118 studio,
1508 4052 1558 4106 id
1587 4063 1688 4116 eet,
1720 4069 1842 4107 eum
1865 4053 1991 4113 mulo

409 4149 477 4201 tis
506 4147 722 4217 vigiliis.
746 4145 803 4201 Si
830 4159 930 4216 ego
955 4159 1054 4214 pro
1072 4143 1265 4199 vestris
1294 4144 1448 4198 bonis
1467 4143 1602 4198 adeo
1624 4144 1802 4212 vigilo,
1827 4143 1992 4196 multo

409 4236 578 4306 magis
615 4251 712 4291 vos
741 4234 969 4291 debetis.
1013 4233 1215 4289 Deinde
1249 4249 1438 4288 rursus
1466 4233 1699 4288 ostendit
1725 4249 1838 4288 rem
1875 4248 1992 4288 esse

409 4326 642 4380 divinam
677 4343 692 4380 :
725 4325 1019 4380 Secundum
1056 4325 1396 4395 operationem
1437 4325 1568 4395 ejus,
1606 4341 1717 4394 qute
1755 4333 1994 4394 operatur

411 4416 464 4467 in
488 4432 564 4470 me
588 4417 641 4468 in
667 4417 862 4469 virtute.
891 4415 1137 4471 Ostendit
1164 4415 1265 4470 hoc
1287 4429 1406 4470 csse
1428 4432 1562 4486 opus
1593 4416 1704 4470 Dei.
1734 4417 1832 4484 Qui
1864 4431 1994 4486 ergo

417 4523 503 4561 me
527 4507 591 4560 ad
621 4507 724 4563 hoc
749 4506 870 4562 facit
899 4507 1087 4563 fortem
1118 4518 1172 4562 et
1201 4508 1500 4572 robustum,
1533 4507 1707 4577 palam
1735 4515 1817 4562 est
1852 4507 1992 4578 quod

422 4597 524 4650 hoc
552 4597 695 4652 velit.
737 4595 804 4651 Et
845 4597 964 4652 ideo
1003 4596 1132 4652 dicit
1176 4595 1348 4660 initio,
1397 4594 1501 4649 Per
1538 4594 1842 4649 voluntatem
1874 4595 1989 4650 Dei.

414 4686 774 4753 Quamobrem
805 4702 908 4742 non
940 4687 1111 4741 solum
1157 4685 1260 4741 hoc
1307 4687 1482 4756 posuit
1525 4694 1682 4740 utens
1710 4686 1992 4753 modestia,

409 4778 506 4831 sed
534 4787 588 4832 et
622 4793 750 4833 vere
777 4778 984 4844 dicens,
1030 4776 1305 4833 Certando.
1351 4777 1463 4831 lloc
1511 4777 1716 4840 dicens,
1758 4775 1997 4832 ostendit

410 4884 533 4923 esse
561 4870 757 4924 multos
781 4869 871 4940 qui
901 4885 1023 4924 eum
1050 4885 1117 4925 eo
1144 4877 1400 4939 pugnant.
1435 4867 1636 4922 Deinde
1671 4884 1856 4924 rursus
1879 4884 1995 4923 ma-

409 4977 514 5029 gna
537 4969 623 5015 est
651 4960 1018 5016 benevolentia
1050 4979 1063 5014 :
1100 4961 1250 5033 (Cap.
1284 4955 1360 5023 2.)
1379 4961 1425 5016 l.
1452 4958 1580 5014 Volo
1603 4962 1733 5015 enim
1760 4978 1845 5015 vos
1871 4963 1999 5015 scire

411 5052 615 5120 qualem
643 5053 1034 5108 sollicitudinem
1060 5054 1273 5108 habeam
1310 5069 1402 5124 pro
1447 5053 1600 5116 vobis,
1633 5062 1680 5106 et
1707 5069 1798 5121 pro
1823 5053 1885 5105 iis
1912 5053 1997 5122 qui

407 5152 528 5198 sunt
553 5141 839 5198 Laodicea.
882 5143 1103 5210 Deinde,
1147 5159 1215 5199 ne
1257 5144 1360 5199 hoc
1395 5143 1640 5198 videatur
1667 5159 1786 5198 esse
1811 5159 1995 5199 corum

407 5233 811 5300 imbecillitatis,
836 5233 1116 5303 conjunxit
1147 5234 1307 5288 etiam
1352 5233 1507 5300 alios,
1550 5241 1604 5288 et
1645 5233 1876 5288 nondum
1909 5250 1998 5290 re-

408 5323 718 5393 prehendit.
753 5323 817 5376 Et
839 5325 1142 5394 quicumque
1166 5341 1267 5378 non
1290 5324 1521 5379 viderunt
1543 5325 1724 5397 [aciem
1755 5343 1916 5379 nteant
1946 5326 1999 5378 in

406 5427 586 5466 carne.
617 5412 806 5468 Divine
847 5413 936 5468 hic
976 5413 1207 5468 ostendit
1246 5428 1304 5469 se
1344 5429 1439 5469 eos
1482 5415 1695 5470 assidue
1733 5415 1914 5470 videre
1943 5417 1998 5470 in

407 5501 624 5570 spiritu.
654 5500 767 5556 Suo
793 5511 970 5558 autem
1004 5505 1312 5560 testimonio
1341 5505 1420 5560 eis
1448 5506 1630 5560 tribuit
1669 5507 1886 5562 multam
1913 5507 1998 5562 di-

408 5592 742 5656 lectionem;
770 5591 995 5664 ideoque
1039 5594 1200 5650 infert
1230 5613 1243 5649 :
1272 5596 1328 5650 ‘2.
1375 5595 1443 5650 Ut
1483 5597 1803 5652 consolentur
1845 5600 1999 5654 corda

413 5682 669 5754 ipsorum,
707 5682 938 5740 instructi
965 5687 1016 5742 iu
1043 5687 1270 5755 caritate,
1313 5696 1357 5741 et
1383 5687 1434 5742 iu
1466 5705 1635 5747 omnes
1662 5689 1860 5747 divitias
1885 5691 1996 5762 plc-

1297 273 1365 329 lN
1401 270 1618 330 EPlS‘I'.
1659 269 1752 326 ΑΙ)
1789 263 2066 324 COLOSS.
2106 262 2260 322 CAP.
2303 263 2367 323 II.
2410 265 2646 327 HOMIL;
2686 269 2753 326 γ.

3547 255 3746 338 sat"

2069 381 2318 436 nitudinis
2342 383 2629 458 intellectus
2668 385 2720 438 in
2745 383 3002 456 agnitione
3028 386 3255 458 mysterii
3281 385 3382 444 Dei
3410 391 3583 446 Patris
3610 413 3658 449 e.

2069 471 2258 526 Christi
2281 471 2406 528 Jesu
2431 489 2452 528 :
2481 476 2534 530 5.
2566 475 2619 528 in
2662 492 2760 545 quo
2800 485 2919 530 sunt
2945 491 3117 532 omnes
3146 479 3370 534 thesauri
3393 483 3660 552 sapientiae

2066 569 2114 614 et
2143 561 2366 616 scientia:
2403 563 2703 618 absconditi.
2744 565 2865 620 Jam
2904 565 3098 638 dogma
3135 571 3352 640 aggredi
3380 575 3658 630 contendit

2067 659 2121 704 et
2150 651 2404 718 enititur;
2435 669 2611 722 neque
2655 670 2933 719 accusans,
2982 673 3156 729 neque
3184 675 3280 717 eos
3309 662 3545 718 liberans
3588 665 3658 720 ab

2069 744 2431 799 accusatione.
2461 744 2770 810 Certamen,
2804 746 2996 815 inquit,
3029 747 3222 817 habeo,
3254 767 3350 807 seu
3389 754 3657 810 contendo

2069 841 2124 886 et
2155 832 2356 888 laboro.
2405 834 2624 902 Quare?
2671 836 2738 892 Ut
2775 823 2882 893 sint
2909 828 3198 912 compacti.
3246 843 3357 901 Hoc
3395 856 3480 902 est
3514 847 3656 916 quod

2069 923 2200 978 dicit
2233 942 2247 977 :
2280 936 2338 980 ut
2365 936 2506 980 stout
2537 927 2672 982 ﬁrmi
2705 939 2759 984 et
2782 930 3002 988 stabiles
3040 934 3094 988 in
3132 934 3255 990 lide.
3303 936 3408 993 Sed
3447 954 3552 994 non
3581 941 3658 995 sic

2073 1019 2245 1088 ponit,
2275 1033 2462 1074 verum
2487 1031 2693 1077 resecat
2715 1039 2835 1094 quae
2855 1034 2979 1080 sunt
3003 1029 3394 1094 accusationis;
3423 1031 3525 1088 hoc
3553 1041 3653 1097 est,

2075 1116 2132 1162 ut
2155 1109 2266 1164 sint
2307 1111 2439 1165 uniti
2467 1126 2588 1166 cum
2631 1115 2890 1180 caritate;
2935 1132 3112 1188 neque
3148 1135 3271 1174 cum
3316 1125 3656 1192 inecessitate,

2074 1217 2247 1272 neque
2269 1217 2390 1258 cum
2413 1203 2686 1260 violentia.
2711 1207 2843 1262 Nam
2867 1209 3004 1264 sicut
3029 1210 3162 1275 dixi,
3187 1213 3389 1282 absque
3413 1217 3660 1274 molestia

2075 1295 2195 1350 illos
2238 1312 2453 1367 semper
2497 1296 2778 1365 hortatur;
2821 1311 2877 1357 et
2920 1311 3203 1371 propterea
3245 1304 3419 1360 dicit:
3453 1309 3658 1376 Angor,

2073 1385 2198 1455 quia
2245 1401 2370 1441 eum
2421 1387 2731 1456 dilectione,
2765 1399 2822 1444 et
2871 1390 3119 1446 iubentes
3158 1409 3318 1463 agere
3365 1395 3507 1448 volo.
3541 1397 3658 1453 Non

2075 1491 2172 1533 ore
2214 1479 2409 1546 solum,
2450 1496 2623 1551 neque
2650 1490 2851 1538 temere
2875 1492 2929 1538 et
2958 1484 3350 1544 inconsiderate
3389 1488 3504 1545 ﬁeri
3538 1493 3661 1546 volo

2076 1570 2566 1639 congregationem,
2599 1573 2692 1626 sed
2727 1581 2783 1626 ut
2821 1573 2981 1628 corda
3016 1589 3201 1630 eorum
3236 1578 3500 1648 accipiant
3527 1594 3662 1634 con-

2078 1658 2396 1715 solationem
2428 1677 2442 1712 :
2471 1658 2842 1715 lustructorum
2895 1661 2948 1717 in
3000 1665 3210 1721 caritate
3260 1667 3313 1721 in
3362 1683 3533 1722 omnes
3576 1669 3660 1722 di-

2078 1750 2226 1806 uitias
2255 1751 2587 1820 plenitudinis
2611 1753 2916 1808 intellectus.
2946 1753 3058 1811 Hoc
3083 1764 3186 1822 est,
3229 1766 3286 1812 ut
3312 1773 3417 1813 non
3456 1758 3524 1814 de
3558 1759 3660 1814 ulla

2079 1857 2140 1897 re
2159 1841 2423 1908 dubitent,
2457 1851 2516 1899 ut
2537 1842 2604 1900 de
2633 1845 2880 1901 omnibus
2909 1846 3014 1902 sint
3055 1847 3224 1918 plene.
3245 1851 3506 1920 persuasi.
3541 1851 3660 1906 Ple-

2081 1933 2377 1990 nitudinem
2418 1944 2597 1992 autem
2623 1936 2757 1991 dixit
2785 1952 2904 1992 eam
2943 1954 3062 2009 qua:
3099 1949 3180 1995 est
3218 1956 3311 2010 per
3351 1941 3508 1996 tidem
3535 1960 3548 1995 :
3577 1951 3662 1998 est

2083 2027 2226 2084 enim
2256 2029 2428 2082 etiam“
2460 2029 2738 2099 persuasio
2775 2045 2870 2101 per
2912 2031 3211 2099 ratiocinia,
3255 2034 3349 2089 sed
3396 2035 3483 2090 illa
3513 2035 3664 2091 nihili

2084 2130 2167 2178 est
2196 2121 2530 2176 aestimanda.
2577 2121 2702 2178 Scio
2730 2139 2824 2178 vos
2848 2124 3093 2190 credere,
3135 2126 3230 2182 sed
3263 2127 3384 2182 volo
3424 2143 3516 2182 vos
3545 2144 3666 2185 esse

2083 2211 2241 2282 plene
2267 2228 2592 2283 persuasos;
2625 2230 2731 2270 non
2763 2216 2814 2270 in
2844 2215 3054 2272 divitias
3078 2219 3274 2285 solum,
3309 2219 3426 2284 sed,
3455 2219 3519 2274 In
3553 2237 3666 2274 om-

2086 2320 2173 2359 nes
2198 2305 2399 2360 divitias
2420 2320 2442 2370 ,'
2486 2315 2542 2360 ut
2578 2308 2697 2362 sitis
2736 2307 2789 2362 in
2833 2309 3082 2364 omnibus
3128 2320 3182 2364 et
3220 2311 3374 2379 plene
3406 2313 3664 2380 persuasi.

2088 2393 2222 2449 Vide
2249 2404 2424 2450 autem
2456 2396 2595 2452 beati
2630 2398 2784 2467 hujus
2812 2400 3170 2470 prudentiam.
3195 2399 3311 2456 Non
3342 2401 3496 2468 dixit,
3534 2403 3669 2458 Male

2087 2486 2260 2542 facitis
2289 2489 2429 2558 quod
2462 2505 2566 2544 non
2596 2491 2809 2560 plenam
2856 2491 3064 2547 habetis
3101 2495 3528 2563 persuasionem,
3570 2510 3670 2551 nec

2088 2591 2183 2632 eos
2209 2579 2518 2646 accusavit;
2559 2581 2676 2647 sed,
2718 2579 2947 2636 Nescitis
2993 2583 3263 2652 quomodo
3301 2583 3564 2648 studeam,
3611 2594 3671 2640 ut

2087 2667 2245 2739 plene
2272 2685 2585 2740 persuasum
2618 2671 2858 2728 habeatis
2896 2687 3016 2729 cum
3045 2674 3413 2744 intelligentia,
3443 2691 3549 2731 non
3585 2685 3668 2731 te-

2089 2775 2239 2816 mere
2268 2777 2368 2817 nec
2393 2761 2601 2818 leviter.
2634 2762 2767 2818 Nam
2799 2765 3050 2833 quoniam
3080 2765 3212 2819 dixit
3247 2765 3426 2833 tidem,
3457 2766 3534 2821 Ne
3556 2767 3672 2822 exi-

2087 2854 2338 2919 stimetis,
2387 2856 2575 2926 inquit,
2607 2856 2750 2926 quod
2794 2865 2995 2913 temere
3025 2858 3251 2914 dixerim
3293 2868 3346 2914 ct
3390 2858 3669 2928 inutiliter,

2089 2944 2186 3000 sed
2215 2959 2336 3000 cum
2367 2946 2738 3016 intelligentia,
2772 2963 2894 3003 cum
2921 2951 3163 3005 caritate.
3193 2949 3254 3004 In
3282 2951 3537 3020 agnitione
3564 2969 3674 3021 mg-

2090 3036 2229 3090 sterii
2261 3035 2354 3090 Dei
2391 3037 2560 3090 Patris
2585 3047 2630 3091 et
2661 3037 2867 3094 Christi.
2915 3039 3272 3106 Quamobrem
3319 3040 3416 3093 hoc
3457 3049 3541 3095 est
3581 3041 3673 3096 Dei

2091 3130 2426 3200 mysterium,
2461 3146 2554 3200 per
2582 3131 2773 3186 Filium
2804 3131 3014 3186 adduci.
3051 3133 3116 3186 Et
3134 3131 3340 3194 Christi,
3360 3133 3412 3186 in
3436 3149 3535 3202 quo
3555 3142 3674 3186 sunt

2090 3237 2261 3274 omnes
2289 3221 2512 3275 thesauri
2549 3222 2810 3291 sapientia:
2849 3233 2896 3275 et
2921 3224 3143 3278 scicntia:
3170 3222 3469 3276 absconditi.
3500 3223 3554 3278 Si
3582 3238 3677 3277 au-

2093 3318 2199 3364 tem
2243 3321 2368 3364 sunt
2408 3311 2460 3364 in
2501 3311 2638 3379 ipso,
2661 3311 2932 3380 sapienter
2972 3327 3183 3382 quoque
3212 3328 3349 3365 nunc
3376 3315 3537 3367 venit.
3567 3315 3674 3370 Cur

2092 3415 2221 3470 ergo
2264 3401 2411 3455 stulti
2453 3400 2668 3470 quidam
2699 3401 3092 3455 criminantur?
3131 3401 3262 3456 Vide
3291 3403 3558 3472 quomodo
3597 3406 3674 3460 lo-

2093 3493 2274 3563 quitur
2311 3507 2434 3547 cum
2477 3490 2889 3560 simplicioribus
2924 3511 2937 3546 :
2967 3491 3033 3546 In
3067 3510 3166 3563 quo
3206 3505 3324 3548 sunt
3351 3513 3519 3551 onmes
3562 3499 3674 3551 the-

2093 3587 2252 3642 sauri.
2284 3585 2401 3656 Ipse
2431 3587 2795 3641 novitomnia.
2824 3587 3134 3643 Absconditi.
3163 3589 3295 3644 Nam
3327 3605 3394 3646 ne
3418 3591 3526 3662 jam
3564 3593 3677 3646 exi-

2094 3679 2325 3735 stimetis
2355 3694 2449 3733 vos
2477 3678 2674 3734 habere
2698 3679 3004 3734 universum
3031 3697 3044 3734 :
3069 3689 3193 3735 sunt
3213 3681 3355 3736 enim
3377 3683 3676 3740 absconditi

2093 3771 2255 3828 etiam
2295 3772 2362 3826 ab
2408 3771 2637 3841 angelis,
2684 3786 2790 3825 non
2835 3787 2865 3826 a
2915 3773 3067 3827 vobis
3109 3772 3285 3827 solis:
3325 3774 3674 3843 quamobrem

2095 3873 2222 3919 sunt
2258 3863 2328 3918 ab
2367 3879 2432 3919 eo
2472 3865 2649 3919 omnia
2687 3865 2916 3935 petenda
2948 3882 2961 3917 :
2991 3866 3107 3934 ipse
3149 3866 3242 3920 dat
3278 3869 3592 3936 sapientiam
3622 3878 3678 3924 et

2094 3955 2474 4025 cognitionem.
2509 3955 2743 4008 Dieendo
2765 3969 2915 4023 ergo,
2944 3954 3248 4021 Thesauros,
3277 3958 3510 4011 ostendit
3535 3960 3674 4013 mul-

2096 4045 2416 4112 titudinem;
2463 4045 2691 4100 dicendo
2735 4059 2885 4106 vero,
2930 4045 3134 4109 Omnes,
3178 4061 3300 4100 eum
3348 4047 3480 4102 nihil
3531 4049 3664 4117 igno-

2096 4153 2254 4203 rare;
2296 4137 2525 4194 dicendo
2565 4147 2764 4204 autem,
2806 4137 3118 4204 Absconditi,
3161 4137 3303 4207 quod
3345 4141 3489 4194 solus
3520 4141 3673 4195 sciat.

2095 4231 2151 4286 4.
2186 4229 2300 4284 Hoc
2327 4239 2495 4284 autem
2522 4231 2656 4295 dico,
2684 4237 2738 4283 ut
2775 4246 2917 4284 nemo
2943 4245 3028 4283 vos
3055 4228 3273 4299 decipiat
3299 4231 3351 4284 in
3376 4229 3677 4286 sublimitate

2095 4337 2401 4376 sermonum.

2171 4414 2222 4468 5.
2270 4412 2465 4478 Vides,
2499 4411 2708 4482 inquit,
2739 4427 2826 4468 me
2874 4411 2990 4467 haec
3039 4411 3258 4477 dixisse,
3305 4427 3374 4467 ne
3425 4413 3677 4483 quzeratis

2099 4504 2167 4559 ab
2188 4504 2514 4558 hominibus.
2544 4503 2796 4574 Decipiat,
2826 4504 3018 4575 inquit,
3049 4505 3101 4558 in
3139 4504 3443 4558 sublimitate
3482 4519 3676 4558 sermo-

2101 4595 2199 4649 nis.
2230 4594 2366 4661 Quid
2400 4603 2508 4649 tum
2535 4596 2701 4660 enim,
2731 4596 2774 4650 si
2813 4595 2943 4651 dicit
2969 4595 3354 4666 probabiliter?
3383 4595 3436 4650 5.
3468 4593 3605 4649 Nam
3630 4604 3678 4648 et

2099 4687 2145 4741 si
2183 4686 2236 4740 in
2262 4701 2473 4756 corpore
2515 4685 2694 4741 absens
2735 4703 2868 4752 sum,
2897 4686 2987 4741 sed
3033 4688 3216 4757 spiritu
3255 4687 3506 4742 uobiscum
3544 4702 3677 4739 sum.

2101 4778 2448 4850 Consequens
2474 4790 2590 4834 erat
2616 4780 2796 4836 dicere
2829 4799 2842 4834 :
2872 4781 3003 4835 Nam
3031 4780 3076 4835 si
3106 4795 3267 4835 carne
3316 4779 3523 4839 absum.
3559 4779 3680 4833 novi

2103 4880 2280 4926 tamen
2306 4871 2656 4942 deceptores;
2689 4887 2831 4928 nunc
2868 4882 3046 4928 autem
3074 4872 3234 4927 desiit
3274 4871 3325 4925 in
3355 4871 3677 4926 eneomium.

2103 4961 2340 5017 Gaudeas
2367 4972 2414 5016 et
2442 4963 2614 5018 videns
2653 4963 2881 5016 ordinem
2928 4973 3164 5028 uestrum,
3214 4970 3262 5014 et
3312 4961 3684 5029 ﬁrmamentum

2103 5055 2231 5122 ejus,
2258 5070 2373 5124 qua:
2415 5055 2466 5108 in
2495 5054 2694 5109 Christo
2721 5065 2814 5115 est,
2847 5053 2968 5121 ﬁdei
3005 5062 3197 5106 vestra.
3238 5050 3515 5115 Ordinem,
3549 5051 3686 5106 bene

2103 5149 2454 5201 constitutum
2480 5147 2609 5202 dicit
2634 5145 2897 5201 ordinem.
2932 5145 2996 5200 Et
3022 5147 3395 5212 ﬁrmamentum
3411 5145 3550 5214 ﬁdei,
3573 5160 3686 5214 qutr

2103 5238 2157 5292 in
2187 5237 2387 5291 Christo
2408 5246 2500 5291 est.
2534 5237 2661 5291 Haec
2686 5236 2856 5305 magis
2882 5245 3006 5290 sunt
3037 5235 3207 5289 laudis
3235 5253 3248 5289 :
3273 5245 3328 5290 et
3372 5251 3476 5291 nou
3505 5236 3638 5291 dixit
3665 5276 3683 5303 ,

2106 5327 2316 5392 Fidem,
2349 5327 2464 5392 sed,
2495 5328 2921 5393 Firmamentum,
2947 5336 3216 5398 tamquam
3248 5329 3506 5385 militibus
3531 5329 3682 5382 ordi-

2107 5425 2229 5471 nate
2260 5416 2585 5487 lirmiterque
2617 5415 2898 5470 stantibus.
2931 5416 3081 5481 Quod
3104 5426 3186 5471 est
3227 5416 3438 5471 ﬁrmum
3469 5432 3531 5471 ac
3554 5418 3687 5473 soli-

2106 5506 2233 5560 dum
2257 5521 2361 5560 non
2391 5506 2548 5561 dolus
2577 5505 2877 5570 labefactat,
2925 5522 3030 5561 non
3059 5513 3300 5562 tentatto.
3332 5507 3448 5561 Non
3489 5507 3686 5572 solum,

2109 5599 2296 5668 inquit,
2333 5612 2438 5652 non
2469 5595 2758 5658 cecidistis,
2790 5595 2884 5651 sed
2909 5613 3006 5652 nec
3029 5597 3270 5653 ordinem
3295 5606 3530 5652 vestrum
3561 5611 3689 5651 eon-

2111 5688 2246 5747 ludit
2274 5687 2482 5758 aliquis.
2515 5687 2585 5744 Sc
2618 5686 2744 5757 ipsis
2773 5686 2905 5743 stitit
2931 5697 2984 5744 et
3024 5686 3267 5745 exhibuit
3292 5729 3307 5758 ,
3340 5698 3396 5744 ut
3437 5688 3686 5743 timerent
