4026 6148
379 308 485 367 335

383 431 652 492 tamquam
699 421 1160 492 praesentcmmic
1206 419 1348 475 enim
1391 426 1635 473 servatur
1679 413 1835 469 ordo.
1883 412 1960 468 Ex

385 518 720 572 ﬁrmamento
742 515 980 585 sequitur
1002 511 1260 568 densitas.
1293 511 1384 566 Sic
1411 511 1553 565 enim
1582 508 1639 562 ﬁt
1669 507 1964 562 ﬁrmamen-

385 614 521 669 tum,
550 604 761 676 quando
803 603 965 658 multa
1007 610 1193 659 coacta
1240 617 1304 656 ae
1351 607 1668 669 congregata
1712 595 1879 650 dense
1907 599 1963 646 et

385 696 646 752 indivulse
673 693 1145 765 conglutinaveris,
1186 703 1246 748 ut
1278 692 1335 746 ﬁt
1359 692 1415 746 in
1439 704 1612 744 muro.
1643 687 1755 742 lloe
1782 695 1958 740 autem

381 797 467 841 est
491 801 623 856 Opus
636 786 874 840 caritatis
903 802 918 840 :
949 799 1039 841 eos
1057 785 1199 840 enim
1220 784 1308 854 qui
1336 781 1478 850 apud
1501 796 1560 835 se
1587 789 1728 841 sunt,
1749 773 1961 847 quando

384 886 574 932 exacte
603 877 981 947 conglutinavit
1004 889 1067 930 ac
1094 873 1446 942 eonjunxerit,
1480 870 1654 925 fortes
1689 866 1864 923 reddit
1897 875 1960 918 ac

383 969 609 1024 solidos.
636 967 792 1024 Fides
816 981 1033 1038 quoque
1056 979 1239 1021 rursus
1269 963 1369 1019 hoc
1391 963 1560 1032 ipsum
1584 959 1729 1024 Facit,
1749 953 1973 1027 quando

383 1075 492 1114 non
521 1058 647 1112 sinit
677 1057 884 1129 ingredi
911 1055 1208 1112 ratiocinia.
1243 1053 1374 1108 Nam
1413 1051 1549 1106 sicut
1571 1047 1846 1105 ratiocinia
1873 1044 1960 1098 di-

379 1148 566 1204 vidunt
591 1159 646 1204 et
671 1148 1005 1210 concutiunt,
1039 1146 1112 1202 ita
1141 1143 1438 1201 consolidat
1469 1140 1599 1196 ﬁdes
1634 1147 1688 1194 et
1717 1134 1958 1194 conden-

378 1252 481 1299 sztt.
511 1243 644 1310 Quia
673 1242 817 1297 enim
849 1241 988 1296 Deus
1010 1255 1108 1294 nos
1130 1236 1421 1306 majoribus
1447 1232 1622 1288 affecit
1660 1227 1964 1294 beneﬁciis,

378 1348 538 1402 quam
559 1349 679 1403 qua:
704 1331 871 1402 possit
893 1330 1121 1384 humana
1153 1327 1289 1382 ratio
1319 1323 1553 1394 assequi,
1580 1319 1772 1375 merito
1800 1317 1958 1372 ﬁdem

382 1424 696 1479 introduxit.
732 1423 871 1478 Fieri
893 1422 1034 1477 enim
1064 1434 1170 1474 non
1201 1424 1372 1487 potest
1394 1425 1446 1470 ut
1469 1414 1538 1470 sit
1577 1413 1759 1467 ﬁrmus
1783 1425 1847 1465 ac
1866 1423 1957 1463 so»

381 1515 541 1579 li.lus,
573 1514 662 1583 qui
689 1513 852 1583 exigit
879 1510 1135 1567 rationes.
1169 1508 1305 1587 Ecce
1333 1505 1472 1559 enim
1493 1519 1612 1573 qua:
1639 1501 1879 1572 graviora
1905 1508 1966 1556 et

379 1603 584 1674 majora
612 1613 735 1658 sunt
781 1602 920 1673 apud
952 1616 1068 1666 nos,
1098 1595 1384 1653 ratiociniis
1431 1609 1598 1648 vacua
1624 1593 1722 1648 soli
1761 1591 1960 1645 adlue—

380 1707 500 1752 rent
550 1695 714 1750 ﬁdei:
747 1694 1014 1764 Nusquam
1050 1699 1131 1746 est
1173 1691 1332 1754 Deus,
1363 1696 1417 1742 et
1453 1694 1535 1741 est
1581 1684 1794 1754 ubique.
1821 1681 1957 1750 Quid

377 1798 462 1841 est
495 1789 594 1844 hoc
624 1787 792 1856 magis
817 1802 845 1838 a
874 1785 1078 1838 ratione.
1101 1782 1334 1838 alienum
1359 1778 1383 1833 ?
1409 1775 1832 1845 Unumquodque
1859 1788 1958 1844 per

377 1895 437 1934 se
480 1890 564 1936 est
603 1879 911 1950 perplexum
954 1885 1008 1930 et
1050 1873 1309 1930 refertum
1353 1868 1704 1924 hmsitatioue.
1733 1865 1848 1920 Non
1875 1873 1960 1921 est

376 1973 517 2027 enim
542 1972 595 2025 iri
618 1971 767 2035 loco;
796 1983 967 2038 neque
982 1975 1064 2021 est
1084 1966 1220 2021 ullus
1247 1965 1298 2018 iu
1322 1976 1428 2034 quo
1456 1960 1525 2016 sit
1551 1960 1718 2014 locus.
1739 1957 1854 2012 Non
1877 1966 1962 2014 est

377 2064 606 2134 genitus,
632 2078 738 2118 non
768 2063 1002 2130 seipsum
1031 2059 1176 2123 fecit,
1209 2072 1316 2112 non
1344 2055 1505 2125 coepit
1530 2067 1669 2109 esse.
1703 2052 1966 2119 Quaenam

379 2157 516 2212 ratio
541 2155 655 2211 haec
682 2154 1002 2224 susceperit,
1031 2153 1075 2207 si
1107 2166 1213 2208 non
1241 2151 1308 2204 sit
1333 2147 1502 2204 ﬁdes?
1541 2161 1718 2200 annon
1750 2144 1962 2200 videtur

377 2262 498 2303 esse
519 2245 820 2310 ridiculum,
848 2252 903 2298 et
945 2242 1150 2298 nullum
1183 2241 1380 2296 habere
1409 2240 1568 2293 ﬁnem
1604 2235 1772 2305 magis
1797 2249 1957 2305 quam

377 2339 642 2408 aenigma?
669 2340 839 2407 Atque
868 2334 1009 2404 quod
1039 2334 1110 2388 sit
1143 2332 1260 2386 sine
1309 2328 1573 2402 principio
1611 2335 1665 2382 et
1695 2327 1962 2396 ingenitus

377 2442 430 2484 et
471 2427 962 2496 incircumscriptus
1004 2433 1058 2480 ει
1101 2423 1378 2485 inﬁnitus,
1426 2421 1496 2475 ita
1525 2427 1608 2474 est
1653 2417 1871 2472 dubium
1905 2426 1962 2474 et

382 2522 693 2591 perplexum
723 2517 902 2589 :quod
947 2516 1017 2572 sit
1062 2523 1240 2569 autem
1285 2513 1653 2581 incorporeus,
1684 2508 1960 2565 videamus

382 2629 506 2667 num
521 2613 787 2682 possimus
805 2608 1056 2677 indagare
1081 2605 1308 2660 ratione.
1338 2604 1477 2658 Deus
1489 2610 1573 2656 est
1589 2601 1966 2670 incorporeus.

381 2704 518 2772 Quid
543 2712 626 2758 est
655 2700 1044 2771 incorporeus?
1081 2697 1263 2754 Solum
1288 2695 1507 2750 verbum
1535 2692 1779 2746 nudum:
1809 2706 1960 2747 mens

381 2799 525 2852 ειιίιιι
556 2795 689 2850 nihil
719 2792 971 2862 suscepit,
1005 2804 1178 2860 neque
1229 2787 1328 2842 sibi
1377 2787 1596 2857 ﬁguram
1643 2783 1958 2854 impressit:

384 2903 507 2942 nam
537 2887 582 2941 si
610 2885 832 2957 ﬁguram
863 2879 1215 2953 impresserit,
1255 2878 1402 2933 venit
1427 2876 1492 2931 ad
1521 2885 1786 2936 naturam.
1816 2885 1871 2928 et
1896 2888 1962 2929 ea

382 2996 501 3052 qua:
535 2977 869 3034 constituunt
910 2987 1125 3041 corpus.
1174 2970 1532 3038 Quamobrem
1572 2967 1702 3023 dicit
1745 2965 1971 3037 quidem

382 3086 496 3137 ore,
526 3069 619 3126 sed
649 3067 773 3139 quid
799 3066 944 3121 dicat
986 3079 1092 3119 non
1141 3063 1294 3118 novit
1332 3061 1604 3132 cogitatio,
1653 3058 1754 3113 nisi
1799 3073 1970 3112 unum-

384 3163 578 3223 solum,
604 3173 795 3228 nempe
822 3155 962 3229 quod
985 3171 1090 3211 non
1116 3155 1187 3209 sit
1214 3169 1432 3224 corpus,
1465 3151 1567 3207 boc
1595 3152 1766 3206 solum
1793 3151 1961 3205 novit.

386 3255 454 3310 Et
500 3251 627 3324 quid
669 3250 792 3307 dico
822 3249 890 3305 de
920 3249 1070 3304 Deo?
1115 3247 1166 3301 in
1196 3246 1370 3300 anima
1405 3245 1547 3300 enim
1596 3243 1722 3314 quid
1750 3251 1832 3298 est
1877 3242 1964 3298 in-

384 3359 726 3415 corporeum,
757 3357 876 3413 qua:
903 3349 982 3397 est
1013 3339 1173 3405 facta,
1201 3352 1319 3408 qum
1344 3336 1568 3402 inclusa,
1600 3351 1719 3406 qua:
1745 3335 1967 3389 circum-

384 3435 675 3490 scribitur?
711 3432 830 3498 dic,
867 3429 1109 3486 ostende.
1152 3427 1256 3483 Sed
1303 3442 1408 3481 non
1458 3434 1630 3496 potes.
1699 3425 1795 3480 Est
1833 3424 1966 3480 aer?

383 3525 490 3582 Sed
541 3540 634 3580 aer
671 3531 755 3576 est
802 3536 1018 3590 corpus,
1072 3518 1278 3574 etiamsi
1327 3533 1432 3572 non
1474 3517 1746 3582 solidum,
1800 3525 1857 3571 et
1898 3529 1965 3571 ex

386 3620 568 3674 multis
587 3623 795 3671 constat
821 3614 960 3682 quod
985 3613 1053 3667 sit
1078 3626 1271 3681 corpus
1301 3611 1496 3665 laxum.
1541 3609 1681 3679 Ignis
1705 3618 1784 3664 est
1803 3607 1829 3661 ?
1859 3606 1966 3664 Sed

388 3711 524 3780 ignis
564 3716 648 3762 est
697 3719 891 3774 corpus
915 3701 1191 3771 ,operatio
1231 3707 1406 3754 autem
1448 3700 1639 3754 animae
1682 3708 1764 3753 est
1789 3698 1966 3753 incor-

386 3815 570 3871 porca.
619 3795 828 3864 Quare?
871 3792 1144 3864 Siquidem
1173 3792 1349 3845 omnia
1390 3789 1650 3860 pervadit.
1702 3788 1758 3845 Si
1789 3799 1966 3844 autem

391 3893 508 3963 ipsa
529 3899 611 3946 est
639 3902 858 3958 corpus,
897 3887 950 3941 in
994 3885 1113 3941 loco
1137 3891 1220 3940 est
1261 3884 1634 3952 incorporeum
1663 3898 1676 3934 :
1709 3897 1835 3952 ergo
1859 3882 1969 3936 cir-

391 3980 802 4045 cumscribitur;
833 3977 974 4048 quod
1005 3985 1180 4030 autem
1218 3973 1690 4037 circumscribitur,
1713 3982 1790 4027 est
1822 3973 1874 4028 iu
1902 3973 1966 4027 ﬁ-

389 4091 549 4148 gnra;
581 4073 761 4145 ﬁgura-
791 4081 969 4127 autem
999 4085 1066 4124 ex
1095 4069 1230 4124 linea
1256 4085 1272 4134 ;
1303 4068 1459 4124 linere
1485 4075 1661 4121 autem
1692 4075 1815 4120 sunt
1843 4080 1969 4121 cor-

391 4181 598 4237 porum.
642 4164 846 4220 Rursus
889 4161 1028 4234 quod
1065 4168 1153 4216 est
1193 4174 1388 4228 expers
1429 4159 1633 4227 ﬁgurae,
1682 4171 1966 4227 quamnam

391 4257 550 4312 habet
587 4254 898 4310 notionem?
925 4251 1039 4308 Non
1082 4250 1244 4307 habet
1287 4249 1531 4320 ﬁguram,
1571 4263 1677 4302 non
1717 4247 1966 4312 formam,

392 4363 496 4404 non
540 4348 739 4403 locum.
785 4345 948 4401 Vides
988 4342 1257 4415 quomodo
1291 4357 1442 4397 mens
1489 4340 1725 4411 caligat?
1765 4340 1969 4396 Rursus

391 4451 576 4495 natura
603 4438 691 4493 illa
720 4451 827 4492 non
849 4445 931 4491 est
949 4449 1113 4504 capax
1135 4434 1392 4488 malorum
1423 4449 1437 4487 :
1467 4432 1561 4488 sed
1586 4441 1640 4489 et
1667 4448 1760 4487 sua
1777 4442 1969 4503 sponte

390 4533 652 4604 quispiam
682 4538 767 4586 est
788 4533 958 4584 bonus
985 4545 1001 4582 :
1029 4543 1160 4598 ergo
1180 4535 1264 4583 est
1287 4542 1475 4597 capax.
1496 4526 1602 4583 Sed
1634 4526 1736 4582 dici
1761 4543 1864 4581 non
1885 4543 1971 4594 po-

389 4632 528 4687 test;
558 4621 717 4678 absit.
745 4620 951 4676 Rursus
977 4618 1042 4673 ad
1073 4618 1173 4673 hoc
1214 4626 1272 4672 ut
1299 4627 1462 4682 esset,
1495 4619 1680 4673 volens
1709 4617 1968 4673 deductus

386 4722 492 4778 est,
521 4728 589 4766 an
617 4710 847 4766 nolens?
874 4709 980 4766 Sed
1007 4723 1108 4764 nec
1144 4708 1246 4763 hoc
1269 4708 1372 4764 dici
1403 4717 1599 4779 potest.
1631 4709 1836 4764 Rursus
1865 4709 1970 4764 cir-

388 4803 698 4860 cumscribit
719 4803 902 4858 orbem
925 4808 1104 4866 teme,
1121 4816 1296 4856 annon
1313 4802 1338 4855 ?
1354 4801 1408 4857 Si
1429 4817 1534 4856 non
1557 4802 1969 4868 circumscribit,

390 4900 506 4967 ipse
532 4895 992 4953 circumscribitur
1021 4913 1035 4946 ς
1062 4894 1107 4950 si
1134 4904 1310 4950 autem
1343 4895 1752 4962 cireumscribit,
1775 4906 1858 4951 est
1885 4895 1968 4950 in-

391 4988 572 5043 ﬁnitus
623 4995 834 5042 natura.
897 4985 1102 5041 Rursus
1147 4985 1540 5041 circumscribit
1591 4987 1865 5055 seipsum?
1914 4986 1968 5041 Si

387 5077 782 5134 circumscribit
809 5077 1067 5148 seipsum,
1096 5092 1202 5132 non
1229 5087 1311 5134 est
1335 5093 1462 5148 ergo
1489 5076 1587 5131 sibi
1635 5079 1751 5132 sine
1781 5077 1970 5149 princi-

391 5169 502 5240 pio,
532 5169 626 5224 sed
655 5169 809 5225 nobis
837 5185 852 5221 :
885 5185 992 5224 non
1015 5177 1098 5225 est
1145 5183 1276 5239 ergo
1325 5177 1511 5222 natura
1539 5167 1656 5222 sine
1683 5169 1967 5240 principio.

393 5257 601 5328 Ubique
633 5268 845 5329 oportet
873 5259 1002 5316 dare
1029 5261 1319 5315 contraria.
1358 5259 1517 5314 Vides
1542 5268 1736 5330 quanta
1767 5261 1838 5315 sit
1874 5276 1968 5315 ca-

391 5349 519 5420 ligo,
549 5358 603 5405 et
627 5350 768 5418 quod
798 5351 994 5420 ubique
1021 5366 1156 5421 opus
1187 5352 1258 5404 sit
1297 5351 1441 5405 ﬁde?
1468 5350 1583 5420 ipsa
1618 5361 1702 5406 est
1730 5352 1880 5407 ﬁrma
1909 5368 1973 5408 ac

389 5440 584 5495 solida.
614 5440 720 5495 Sed
742 5441 786 5496 si
809 5442 990 5506 vultis,
1025 5443 1301 5496 veniamus
1331 5441 1394 5496 ad
1429 5443 1510 5496 his
1535 5443 1764 5497 minora.
1802 5443 1973 5498 liabet

389 5533 757 5602 operationem
781 5532 870 5587 illa
899 5534 1154 5588 essentia.
1181 5531 1246 5586 Et
1267 5533 1391 5602 quid
1415 5542 1498 5588 est
1528 5532 1579 5588 in
1610 5549 1676 5589 eo
1693 5535 1972 5603 operatio?

392 5632 641 5677 motusue
670 5622 915 5698 \aiiquis?
962 5621 1077 5677 Non
1123 5633 1206 5678 est
1252 5639 1380 5692 ergo
1424 5623 1770 5680 immutabilis
1804 5641 1817 5677 :
1849 5640 1970 5680 nam

391 5713 532 5779 quod
565 5703 826 5782 moretur,
873 5731 977 5769 non
1005 5725 1084 5770 est
1128 5715 1456 5771 immutabile
1486 5733 1496 5768 :
1533 5732 1653 5772 nam
1681 5734 1742 5773 ex
1777 5718 1966 5774 immo-

1085 307 1143 365 S.
1181 304 1457 364 JOANNIS
1493 273 1960 360 CIIRYSOSTUMI
2000 275 2313 355 AliCilll-IP.
2351 277 2876 360 (ΣΟΝΞΤᾹΝΓῘΝΟΡ.

3545 311 3651 369 33ιῖ

2067 409 2273 466 bilitate
2316 423 2579 469 movetur.
2623 415 2729 471 Sed
2771 428 2945 474 tamen
2973 429 3234 486 movetur,
3263 431 3318 477 et
3357 439 3662 494 numquam.

2065 509 2190 556 stat.
2238 501 2479 570 Quonam
2525 515 2703 561 autem
2737 518 2907 575 motu,
2951 510 3303 580 dic,qu:eso?
3354 516 3493 585 apud
3547 535 3646 574 nos

2063 591 2206 645 enim
2239 601 2364 647 sunt
2406 603 2635 663 septem,
2671 611 2919 664 sursum,
2959 598 3232 667 deorsum,
3275 603 3432 670 intra,
3481 605 3657 674 foras,

2064 682 2274 737 sinistra
2299 724 2314 749 ,
2341 683 2547 752 dextra,
2579 687 2906 746 circulariter
2930 703 2944 740 :
2969 701 3060 746 aut
3101 693 3145 748 si
3197 710 3302 750 non
3349 695 3470 765 hoc,
3518 715 3646 770 aug-

2063 783 2300 829 mentum
2327 817 2342 841 ,
2373 775 2652 833 diminutio
2674 819 2690 844 ,
2717 791 2867 836 ortus
2888 823 2902 845 ,
2934 781 3176 839 interitus
3200 828 3213 851 ,
3246 787 3508 844 alteratio.
3535 792 3660 848 Sed.

2064 863 2211 918 nullo
2236 863 2447 930 horum,
2481 883 2666 946 verum
2710 885 2775 924 eo
2813 881 2958 926 motu
3002 889 3108 944 quo
3151 892 3597 946 meus,_ntovetur
3622 887 3664 939 ?'

2065 951 2171 1007 Sed
2216 969 2319 1010 nec
2343 953 2444 1010 hoc
2487 943 2740 1026 quidem;
2773 960 2948 1015 absit:
2983 943 3034 1017 in
3077 966 3257 1022 multis
3301 943 3442 1024 enim
3480 974 3643 1028 etiam

2063 1043 2290 1101 absurde
2312 1062 2470 1102 meus
2487 1061 2764 1105 movetur.~
2780 1051 2931 1108 Velie
2950 1064 3035 1110 est
3053 1063 3261 1126 cperari
3280 1059 3515 1120 ?'omnes
3547 1081 3645 1120 au-

2065 1141 2168 1188 tem
2211 1135 2453 1192 homines
2483 1140 2596 1193 vult
2634 1138 2758 1197 esse
2804 1141 2975 1198 bonos
3021 1156 3078 1202 et
3116 1149 3336 1207 salvos:
3372 1157 3662 1224 quomodo.

2063 1242 2169 1318 non
2197 1227 2256 1281 ﬁt
2279 1228 2428 1284 ?-Sed
2459 1231 2600 1286 aliud
2620 1243 2703 1288 est
2728 1236 3045 1302 velle,.aliud
3069 1245 3322 1310 operari?
3351 1247 3433 1302 Ad
3455 1263 3644 1318 Opera-

2064 1316 2773 1408 ﬁonem-ergonomsul’ﬁcit
2817 1328 2954 1383 velle
2986 1347 3010 1384 ε.
3031 1329 3329 1397 Quomodo
3359 1316 3644 1408 ergo—dicit

2061 1407 2355 1480 Scriptura,
2388 1411 2571 1467 Omina
2599 1431 2920 1484 quacumque
2946 1419 3102 1474 voluit
3130 1423 3249 1492 fecit
3279 1424 3298 1498 (
3326 1407 3474 1484 Psal.
3519 1431 3654 1487 “3..

2065 1501 2123 1555 Η
2147 1500 2205 1571 )?
2229 1511 2283 1557 et
2328 1519 2513 1560 rursus
2542 1505 2939 1576 icprosnsvdicit
2967 1511 3198 1580 Christe,-
3232 1517 3306 1573 δε.
3331 1521 3470 1587 velis,
3503 1533 3655 1594 potes-

2062 1609 2139 1646 me
2167 1595 2412 1649 mundare
2427 1595 2636 1666 (Matth.
2663 1599 2717 1655 8.
2742 1599 2800 1671 Ξ)
2822 1601 3033 1660 iVuitis
3051 1607 3191 1662 aliud
3213 1625 3424 1680 quoque
3442 1613 3644 1670 dicant?

2061 1681 2339 1749 Quomodo
2357 1701 2434 1740 ex.
2452 1687 2514 1740 iis
2535 1704 2652 1757 qua:
2683 1705 2788 1744 non
2814 1701 2987 1757 erant,
3016 1694 3152 1750 facta
3184 1709 3304 1753 sunt
3331 1717 3451 1772 qua:
3477 1714 3601 1758 sunt
3620 1706 3657 1757 ?-

2061 1775 2404 1844 quomodoin
2437 1779 2659 1835 nihilum
2687 1782 3094 1843 dissolvuntur?
3121 1789 3258 1858 Quid
3286 1804 3367 1849 est
3407 1799 3539 1851 curio
3565 1799 3645 1853 al-

2063 1867 2209 1960 tius?
2243 1867 2332 1924 illo
2362 1879 2546 1926 autem
2590 1873 2750 1930 altius
2776 1876 2902 1945 quid
2923 1878 3034 1934 ?'et‘
3073 1881 3368 1951 illoquid?
3412 1897 3468 1943 et
3515 1891 3641 1960 quid

2063 1968 2180 2029 post
2201 1959 2371 2016 illud?
2397 1971 2450 2017 ct
2469 1961 2572 2018 hoc
2593 1966 2645 2019 iu
2677 1965 2963 2022 inﬁnitum.
2989 1969 3122 2039 Quid
3144 1973 3278 2029 infra
3308 1987 3502 2033 terram
3525 1959 3658 2034 est?

2060 2064 2211 2107 mare
2239 2066 2256 2106 :
2279 2059 2334 2107 et
2355 2062 2473 2122 post
2495 2054 2666 2126 ipsum
2698 2057 2868 2128 quid?
2905 2070 2960 2116 et
2988 2077 3171 2118 rursus
3197 2075 3326 2136 post
3344 2068 3471 2124 illud
3493 2071 3516 2124 ?
3536 2070 3657 2128 Sed.

2061 2141 2114 2196 in
2156 2143 2390 2201 dexteris
2419 2154 2480 2201 et
2520 2146 2750 2204 sinistris
2779 2165 2959 2209 nonne
3007 2156 3194 2212 eadem
3233 2169 3315 2215 est
3340 2161 3600 2221 dubitatio
3619 2167 3656 2222 ἳ-

2131 2239 2181 2292 4.
2226 2236 2330 2292 Sed
2374 2237 2490 2294 haec
2536 2240 2752 2311 quidem
2802 2245 2902 2299 sub
2951 2258 3225 2318 aspectum
3274 2268 3397 2309 non-
3424 2255 3654 2314 cadunt..

2062 2326 2234 2383 Vultis
2260 2329 2312 2383 in
2340 2329 2406 2385 iis
2450 2345 2570 2401 quae
2605 2342 2898 2390 cernuntur
2921 2337 3251 2396 deducamus
3280 2344 3590 2408 orationem
3617 2350 3659 2401 ?'

2063 2418 2114 2473 in
2142 2419 2205 2474 iis
2225 2436 2344 2492 qua:
2365 2421 2475 2491 jam
2503 2436 2798 2481 evenerunt
2818 2427 2962 2484 ?‘Dic
3001 2430 3430 2504 mihi,quomodo
3470 2438 3657 2495 bellua.

2061 2509 2249 2566 Jonam
2274 2512 2502 2569 habebat
2543 2515 2604 2569 in
2627 2527 2836 2584 ventre,
2863 2527 2929 2574 et.
2965 2520 3009 2576 is
3049 2538 3157 2578 non
3189 2525 3436 2592 peribat?
3465 2545 3649 2585 annon

2065 2600 2128 2656 id.
2147 2618 2338 2674 expers
2365 2613 2447 2660 est
2477 2607 2738 2661 rationis?
2766 2622 2944 2664 annon
2976 2619 3178 2669 temere
3199 2619 3482 2688 movetur?
3512 2636 3641 2687 quov

2064 2693 2224 2747 modo
2250 2693 2394 2763 justo
2418 2698 2696 2766 pepercit?
2725 2701 3000 2769 quomodo
3023 2703 3168 2758 calor
3189 2719 3294 2758 non
3322 2721 3443 2761 eum
3475 2709 3641 2764 snﬁ'o-

2063 2785 2243 2839 cavit»?
2270 2786 2540 2854 quomodo
2571 2804 2678 2844 non
2715 2791 3034 2860 putrel‘ecit?
3066 2793 3198 2850 Nam
3229 2797 3272 2850 si
3305 2798 3658 2868 improlundo-

2066 2876 2236 2931 solum
2275 2891 2416 2939 esse.
2446 2880 2804 2948 periculosum
2852 2891 2974 2950 est;
3005 2899 3124 2941 esse
3155 2887 3314 2942 etiam
3345 2889 3396 2943 iu
3427 2891 3643 2946 visceri-

2065 2966 2187 3031 bus,
2213 2968 2348 3023 etin
2388 2968 2480 3023 illo
2519 2971 2722 3038 calore,
2755 2973 2911 3044 longe
2952 2975 3328 3045 periculosius.
3363 2979 3664 3047 Quomodo

2068 3055 2216 3111 illinc
2241 3058 2473 3128 spirabat
2501 3075 2681 3116 aerem
2702 3062 2734 3115 ?-
2761 3064 3033 3133 quomodo
3056 3066 3273 3124 duobus
3288 3072 3646 3128 animantibus

2067 3147 2365 3204 sniﬁeiebat
2401 3151 2682 3220 respiratio
2701 3151 3015 3222 l'quomodo
3041 3165 3218 3212 autem
3260 3173 3380 3213 eum
3411 3162 3662 3216 evomuit

2069 3238 2291 3293 illmsum
2313 3241 2338 3293 ?
2363 3242 2632 3309 quomodo
2663 3253 2717 3297 et
2747 3243 3109 3314 loquebatur?
3135 3249 3400 3318 quomodo
3427 3259 3480 3305 et
3503 3252 3646 3321 apud

2068 3343 2127 3384 se
2151 3339 2267 3386 erat
2293 3340 2346 3386 et
2371 3333 2728 3400 precabatur?
2748 3351 2926 3391 annon
2963 3349 3086 3394 sunt
3129 3337 3241 3396 haec
3268 3341 3596 3398 incredibilia
3621 3343 3663 3397 τ

2069 3423 2425 3490 Incredibilia,
2455 3425 2499 3481 si
2544 3427 2747 3483 ratione
2793 3430 3170 3500 exquiramus;
3212 3431 3255 3486 si
3289 3441 3468 3488 autem
3519 3435 3644 3498 ﬁde.

2068 3517 2223 3572 valde
2266 3515 2567 3573 credibilia.
2619 3519 2804 3575 Dicam
2834 3530 2891 3575 et
2937 3523 3083 3592 quod.
3124 3535 3209 3579 est
3246 3523 3347 3580 hoc
3389 3526 3661 3599 amplius?

2071 3607 2418 3664 Frumentum
2449 3610 2502 3664 in
2531 3610 2652 3666 sinu
2683 3620 2840 3668 terra:
2886 3616 3248 3685 corrumpitur
3292 3626 3349 3672 et
3394 3619 3642 3690 resurgit.

2071 3699 2202 3757 Vide
2232 3702 2486 3758 miracula
2531 3705 2828 3771 contraria,
2861 3712 2916 3761 et
2949 3722 3067 3776 quas
3109 3708 3335 3764 alterum
3377 3710 3446 3766 ab
3484 3712 3665 3768 altero

2072 3793 2396 3849 vincuntur:
2425 3804 2509 3850 est
2549 3794 2850 3851 mirandmn
2895 3797 3172 3868 quod-non
3201 3802 3536 3871 putruerint;
3569 3813 3666 3860 ess

2073 3883 2374 3939 mirandum
2401 3886 2542 3954 quod
2572 3885 2865 3955 putrefacta
2895 3891 3308 3947 resurrexerint.

2141 3972 2331 4030 Contra
2353 3991 2439 4030 eos
2464 3977 2550 4046 qui
2571 3979 2983 4033 resurrectionem
3011 3981 3277 4051 negabant.
3309 4011 3380 4023 —
3405 3983 3506 4040 Ubi
3531 3993 3665 4040 sunt

2073 4067 2161 4136 qui
2207 4081 2312 4122 non
2357 4067 2583 4122 credunt
2627 4071 3029 4138 resurrectioni,
3079 4084 3133 4128 et
3179 4072 3404 4130 dicunt:
3437 4076 3550 4131 Hoc
3591 4093 3660 4132 os

2073 4159 2340 4226 quomodo
2381 4158 2504 4214 huic
2542 4161 2978 4231 conglutinatur?
3019 4172 3072 4219 et
3112 4164 3375 4233 ejusmodi
3415 4165 3654 4223 fabulosa

2075 4248 2440 4303 introducunt.
2479 4249 2571 4304 Dic
2614 4251 2765 4317 mihi,
2810 4251 2958 4308 Elias
2996 4255 3267 4324 quomodo
3311 4258 3553 4312 ascendit
3600 4259 3668 4313 in.

2074 4355 2233 4395 curru
2275 4340 2411 4410 ignis
2440 4341 2534 4410 (ὁ.
2558 4340 2688 4410 Reg.
2726 4341 2781 4396 2.
2813 4343 2872 4398 ll
2908 4341 2976 4415 j?
3007 4344 3144 4415 Ignis
3167 4349 3304 4402 solet
3337 4363 3513 4413 urere,
3545 4364 3652 4402 non

2073 4447 2284 4487 sursum
2323 4433 2529 4488 tollere.
2569 4434 2850 4501 Quomodo
2892 4437 3018 4492 vivit
3059 4447 3260 4492 tantum
3296 4441 3554 4511 tempus?
3599 4439 3661 4494 in

2073 4538 2179 4593 quo
2220 4530 2304 4577 est
2340 4523 2500 4577 loco?
2528 4539 2692 4593 quare
2741 4525 2842 4580 hoc
2883 4524 3081 4581 factum
3120 4528 3255 4582 est?
3301 4528 3418 4596 Quo
3468 4537 3660 4584 autem.

2078 4616 2362 4670 translatus
2387 4625 2470 4672 est
2497 4615 2726 4671 Euoeh?
2769 4633 2903 4674 eone
2945 4621 3070 4675 cibo
3099 4621 3333 4676 vescitur
3361 4636 3468 4690 quo
3510 4637 3608 4675 nos
3635 4621 3660 4672 ?

2076 4708 2279 4778 etquid
2309 4718 2452 4764 vetat
2476 4710 2761 4780 quominus
2789 4711 2860 4765 sit
2883 4710 3010 4767 hic?
3057 4713 3128 4766 At
3171 4729 3278 4766 non
3307 4712 3577 4767 vescitur?
3607 4722 3662 4766 et-

2077 4815 2173 4854 cur
2202 4799 2301 4854 fuit
2347 4801 2681 4855 translatus?
2719 4801 2850 4857 Vide
2881 4801 3046 4856 Deum
3093 4803 3346 4872 paulatim
3389 4819 3487 4858 nos
3532 4817 3660 4857 eruo

2077 4892 2333 4947 dieutcm.
2371 4891 2662 4946 Transtulit
2705 4892 2886 4948 Enoch
2913 4910 2926 4945 :
2956 4892 3058 4948 hoc
3101 4909 3206 4946 non
3253 4901 3337 4948 cst
3382 4908 3654 4964 magnum.

2079 4983 2191 5037 lloc
2215 4997 2312 5037 nos
2340 4981 2522 5036 docuit
2557 4983 2609 5036 in
2653 4982 2780 5037 Elia:
2811 4983 2865 5038 in
2896 4983 3062 5038 altqu
3091 4983 3391 5038 evectione.
3425 4983 3655 5038 Rursqu

2078 5077 2290 5133 inclusit
2318 5076 2430 5133 Noe
2454 5077 2506 5132 in
2536 5092 2660 5132 arca
2688 5093 2898 5149 :ncque
2919 5079 3020 5133 hoc
3047 5088 3128 5134 est
3154 5079 3223 5134 ita
3247 5092 3517 5148 magnum.
3548 5075 3659 5130 lloc

2078 5184 2177 5224 nos
2203 5169 2380 5224 docuit
2408 5168 2459 5222 in
2484 5170 2758 5238 prepltetaa
2781 5169 3078 5225 inclusione
3107 5170 3157 5223 in
3185 5178 3332 5224 ceto.
3357 5169 3447 5223 Sic
3475 5177 3655 5222 vetera

2077 5275 2288 5329 quoque
2338 5259 2762 5328 praecursoribus
2803 5275 2938 5330 opus
2989 5259 3291 5314 habuerunt
3340 5270 3399 5313 et
3450 5257 3653 5326 ﬁguris.

2077 5350 2224 5405 Sicut
2245 5349 2388 5404 enim
2417 5349 2469 5403 in
2493 5349 2652 5404 scalis
2684 5349 2890 5418 primus
2907 5349 3106 5420 gradus
3133 5346 3445 5403 transmittit
3470 5346 3542 5400 ad
3567 5361 3655 5399 sc-

2077 5443 2342 5506 cundum;
2369 5456 2399 5494 a
2429 5442 2602 5512 primo
2638 5451 2816 5496 autem
2847 5457 2953 5502 non
2998 5441 3123 5495 licet
3172 5440 3355 5494 venire
3389 5438 3454 5492 ad
3497 5453 3656 5508 quar-

2078 5543 2214 5602 tum,
2238 5541 2293 5587 et
2318 5533 2416 5589 iste
2441 5532 2507 5586 ad
2540 5533 2713 5597 illum,
2749 5541 2809 5586 ut
2837 5533 2925 5588 ille
2954 5533 3020 5586 ad
3049 5533 3207 5586 istum
3245 5533 3315 5585 sit
3339 5531 3456 5594 via;
3484 5544 3656 5598 neque

2079 5633 2202 5680 ante
2233 5625 2458 5696 primum
2499 5624 2611 5679 ﬁeri
2658 5635 2832 5694 potest
2864 5634 2922 5680 ut
2947 5624 3190 5681 veniatur
3217 5622 3284 5677 ad
3313 5621 3607 5678 secundum
3640 5638 3652 5672 :

2081 5719 2149 5778 ita
2172 5716 2256 5772 hic
2285 5731 2512 5788 quoque.
2549 5717 2612 5772 Et
2655 5717 2774 5772 vide
2819 5717 2963 5788 signa
3008 5717 3277 5788 signoruni
3315 5732 3328 5772 :
3359 5725 3412 5771 et
3452 5713 3653 5768 videbas
