4026 6148
410 252 518 309 357

409 367 555 433 τέρω
585 363 884 435 ἀγάγωμεν
913 365 1004 418 τὸν
1028 365 1185 434 λόγον
1208 384 1221 398 ·
1275 367 1380 421 ἔδει
1415 369 1791 440 πιστευθῆναι,
1819 369 1899 422 ὅτι
1922 367 1983 434 ἐξ

411 447 608 500 αὐτοῦ’
649 447 702 500 τί
727 443 859 514 οὗν;
891 446 1103 500 Γίνεται
1151 447 1330 513 τοῦτο,
1366 451 1622 521 ἀμυδρῶς
1649 453 1768 522 μέν,
1802 453 1898 504 ἅτε
1927 453 1985 504 ἐν

411 529 569 601 τύπῳ
592 530 684 582 καὶ
717 530 862 598 σκιᾷ,
885 528 1024 597 πλὴν
1047 530 1256 598 γίνεται
1273 549 1287 562 ο
1321 533 1417 587 καὶ
1437 532 1628 603 προϊὸν
1652 531 1986 602 σαφέστερόν

413 628 533 675 πως
561 613 792 682 γίνεται.
825 611 912 678 Ἐξ
960 613 1250 683 ἀνθρώπου
1289 615 1452 685 μόνου
1501 616 1662 686 γυνὴ,
1705 617 1796 670 καί¹
1833 615 1991 686 μένει·

413 698 619 759 ἐκεῖνος
644 695 956 766 ὁλόκληρος.
995 693 1165 751 Πάλιν
1191 699 1288 768 τῆς
1327 701 1391 752 ὲκ
1430 699 1708 770 Παρθένου
1738 701 1991 768 κυήσεως

413 780 519 833 εδει
550 779 803 848 γενέσθαι
833 795 885 832 τι
912 780 1230 850 τεκμήριον.
1263 782 1450 835 Τίκτει
1484 782 1788 853 στεῖραούχ
1816 781 1984 847 ἅπαξ,

412 861 550 916 ἀλλά
606 861 698 914 καὶ
751 861 1002 931 δεύτερον
1046 863 1140 915 καί
1185 863 1368 932 τρίτον
1416 865 1512 917 καὶ
1546 863 1827 927 πολλάκις.
1875 863 1987 934 Τῆς

414 946 514 1014 μὲν
545 939 637 999 οὖν
665 947 727 998 ἐκ
759 945 1036 1014 Παρθένου
1067 949 1378 1016 γεννήσεως
1400 945 1617 1019 τύποςὴ
1643 951 1854 1018 στεῖρα’
1893 949 1988 1001 καϊ

411 1024 550 1095 αὕτη
577 1025 724 1098 [566]
750 1027 1111 1098 παραπέμπει
1135 1030 1202 1097 τῇ
1242 1029 1422 1082 πίστει
1453 1030 1552 1095 τὴν
1581 1029 1842 1083 διάνοιαν.
1880 1030 1990 1084 Πά-

412 1107 496 1161 λιν
519 1107 677 1161 τοῦτο
702 1109 872 1172 τύπος
899 1109 1114 1176 ἐγένετο
1146 1109 1238 1163 τοῦ
1269 1111 1428 1180 μόνον
1449 1110 1707 1165 δύνασθαι
1731 1113 1988 1182 γεννῆσαι

412 1189 506 1242 τὸν
539 1189 692 1244 Θεόν.
741 1189 804 1244 Εἰ
834 1191 943 1261 γὰρ
971 1190 1306 1264 κυριώτερον
1350 1193 1656 1264 ἄνθρωπος,
1690 1195 1783 1248 καὶ
1818 1195 1990 1265 χωρὶς

415 1271 607 1325 τούτου
638 1272 906 1338 τίκτεται,
961 1273 1140 1344 πολλῷ
1180 1274 1381 1344 μᾶλλον
1421 1276 1486 1328 ἐκ
1526 1275 1621 1328 τοῦ
1652 1277 1988 1346 κυριωτέρου

415 1357 692 1425 γεννᾶται.
717 1357 871 1410 Ἔστι
903 1359 998 1410 καὶ
1027 1357 1162 1426 άλλη
1191 1358 1445 1429 γέννησις
1489 1361 1588 1430 τῆς
1618 1359 1872 1430 ἀληθείας
1898 1358 1991 1411 τύ·

420 1453 543 1504 πος,
570 1440 602 1510 ὴ
631 1439 873 1510 ἡμετέρα
904 1435 948 1509 ’ἠ
1001 1441 1070 1492 ἐκ
1104 1441 1438 1511 Πνεύματος.
1497 1441 1715 1512 Ταύτης
1767 1441 1928 1496 πάλιν
1956 1442 1998 1512 ἥ¹

421 1523 610 1591 στεῖρα
639 1523 829 1587 τύπος,
883 1524 965 1576 ὅτι
993 1523 1092 1575 οὐκ
1120 1521 1180 1587 ἐξ
1222 1524 1502 1593 αἱμάτων·
1543 1523 1683 1593 αῦτη
1732 1523 1830 1593 τῆς
1880 1524 1997 1578 ἀνω

421 1605 746 1676 γεννήσεως.
783 1605 847 1658 Ἦ
881 1605 983 1673 μὲν
1015 1601 1108 1660 οὖν
1141 1607 1312 1677 αὐτῆς
1351 1607 1410 1659 τὸ
1443 1605 1652 1670 ἀπαθὲς
1693 1606 1986 1671 δείκνυσιν,

422 1687 456 1756 ἡ
485 1687 543 1739 δὲ
575 1686 637 1740 τὸ
669 1689 732 1739 ἐκ
768 1687 930 1758 μόνου
953 1686 1212 1742 δύνασθαι
1239 1687 1551 1756 γεννᾶσθαι.
1577 1689 1732 1740 Ἔστι
1758 1688 1993 1758 Χριστὸς

421 1769 533 1823 ἀνω
565 1771 781 1825 πάντων
802 1771 1021 1841 κρατῶν
1039 1788 1054 1801 ο
1085 1771 1191 1824 ἔδει
1219 1771 1568 1840 πιστευθῆναι
1587 1770 2000 1825 τοῦτονΓίνεταιι

421 1852 578 1906 τοῦτο
601 1855 659 1907 ἐν
683 1857 748 1925 τῇ
785 1857 854 1926 γῇ
895 1855 986 1909 ἐπὶ
1015 1854 1108 1908 τοῦ
1139 1853 1449 1926 ἀνθρώπου.
1484 1853 1838 1923 Ποιήσωμεν
1861 1853 1992 1926 γὰρ,

424 1937 610 2007 φησὶν,
641 1936 955 2004 ἄνθρωπον
982 1935 1110 1991 κατ’
1159 1939 1369 1989 εἰκόνα
1413 1935 1512 1988 καὶ
1543 1937 1673 1990 καθ’
1714 1937 2000 2005 ὁμοίωσιν

423 2019 734 2088 ἡμετέραν,
777 2019 872 2073 καὶ
915 2019 1240 2072 καθίσταται
1270 2019 1364 2070 ἐπὶ
1399 2019 1496 2086 τῆς
1517 2019 1693 2089 ἀρχῆς
1728 2019 1839 2072 τῶν
1868 2019 1995 2073 ἀλό-

423 2119 537 2170 γων
559 2103 795 2157 πάντων.
828 2100 1016 2165 Οῦτως
1043 2101 1103 2155 οὐ
1126 2101 1215 2155 διά
1247 2101 1528 2171 ῥημάτων,
1561 2101 1698 2155 ἀλλὰ
1728 2101 1817 2156 διά
1851 2120 1998 2175 πρασ-

423 2185 648 2254 γμάτων
676 2184 821 2254 ὑμᾶς
851 2183 1160 2237 ἐπαίδευσε.
1195 2183 1268 2236 T6
1303 2183 1730 2254 ἀνακεχωρηκδς
1762 2187 1861 2256 τῆς
1891 2185 1994 2253 φύ-

427 2286 563 2330 σεως
613 2270 643 2322 6
696 2266 1025 2337 παράδεισος
1088 2265 1307 2336 ἐδήλου,
1355 2267 1449 2318 καὶ
1503 2266 1564 2318 τὺ
1601 2266 1818 2319 πάντων
1856 2263 1997 2322 εῖναι

428 2349 785 2420 βελτιὼτατον
821 2352 910 2402 τὸν
954 2348 1265 2420 ἄνθρωπον.
1297 2349 1563 2420 Ἐμελλεν
1599 2350 1919 2404 ἀνίστασθαι
1968 2353 1998 2406 6

425 2437 692 2506 Χριστός-
733 2436 833 2506 ὅρα
885 2435 1068 2490 λοιπὸν
1114 2435 1257 2488 πόσα
1306 2434 1547 2488 τοιούτου
1596 2437 1914 2507 τεκμήρια*
1968 2440 1998 2492 6

439 2520 632 2590 Ἑνὼχ,
658 2521 687 2572 6
727 2519 929 2588 Ἠλίας,
958 2521 987 2574 6
1023 2520 1228 2584 Ἰωνᾶς,
1260 2519 1331 2573 τά
1354 2520 1411 2572 ἐν
1443 2523 1509 2592 τῇ
1539 2519 1774 2590 καμίνῳ,
1804 2521 1866 2574 τδ
1904 2521 1998 2576 ἐπὶ

1115 252 1171 307 S.
1212 252 1493 309 JOANNIS
1529 252 2016 311 CHRYSOSTOMI
2049 248 2373 313 ARCHIEP.
2414 251 2965 312 CONSTANTINOP.

3551 258 3662 316 538

2085 374 2178 429 τοῦ
2207 376 2328 431 Νῶε
2370 377 2432 432 τὸ
2483 377 2786 447 βάπτισμα,
2821 372 2889 426 τά
2944 369 3257 442 σπέρματα,
3295 369 3366 424 τά
3413 372 3578 440 φυτὰ,
3627 375 3666 443 ἡ

2085 457 2338 530 γέννησις
2367 461 2401 530 ἡ
2449 459 2716 531 ἡμετέρα,
2756 458 2804 526 ἠ,
2837 454 2944 507 τῶν
2977 451 3134 517 ζώων
3176 453 3416 507 πάντων.
3447 455 3685 528 Ἐπειδὴ,

2087 539 2195 610 γάρ
2234 543 2290 594 έν
2327 543 2500 612 τούτῳ
2557 540 2734 594 πάντα
2782 535 3174 602 ἐκινδυνεύετο,
3230 535 3389 590 τοῦτο
3427 537 3668 607 μάλιστα.

2087 622 2304 678 πάντων
2336 625 2563 687 πολλοὺς
2595 623 2720 692 ἔσχε
2753 619 2880 682 τοὺς
2911 617 3136 682 τύπους.
3168 618 3291 672 ’Ότι
3339 621 3438 673 οὐκ
3494 623 3672 693 ἀπρο-

2086 705 2255 775 νόητα
2294 707 2362 761 τά
2411 707 2589 760 πάντα
2622 704 2792 768 ἐστὶν,
2828 701 2945 756 άπδ.
2964 701 3072 754 τῶν
3108 700 3239 772 παρ’
3269 703 3405 772 ἡμῖν
3435 701 3668 757 δυνατὸν

2089 788 2484 856 στοχάσασθαι·
2517 787 2670 841 οὐδέν
2701 786 2809 855 γάρ
2839 783 3175 854 ἀπρονόητον
3209 784 3381 854 μένει,
3413 784 3549 838 ἀλλά
3571 786 3680 838 καὶί

2087 869 2278 937 ἀγέλαι
2308 870 2491 925 καὶτὰ
2526 871 2658 924 ἄλλα
2691 869 2869 922 πάντα
2891 867 3062 937 ἀρχῆς
3083 866 3278 921 δεῖται.
3311 867 3427 920 Καὶ
3458 868 3539 922 ὅτι
3566 870 3683 922 οὑκτ

2088 953 2372 1023 αύτόματα
2419 954 2606 1023 γέγονε
2652 955 2721 1007 τὰ
2773 952 2970 1014 πάντα,
3020 949 3295 1002 δείκνυσιν
3354 951 3402 1021 η’
3445 948 3690 1017 γέεννα,-

2088 1034 2256 1099 ἔδειξε
2285 1035 2345 1089 δέ
2369 1038 2404 1089 όζ
2424 1034 2806 1106 κατακλυσμὸς
2830 1036 2857 1087 6
2889 1033 2980 1086 ἐπὶ
3006 1032 3248 1099 Νῶε,.τδ
3270 1031 3401 1103 πῦρ,
3441 1035 3470 1086 6
3505 1051 3671 1088 κατα·

2090 1119 2384 1189 ποντισμὸς
2408 1119 2436 1172 6
2466 1119 2575 1172 τῶν
2614 1118 2951 1188 Αἰγυπτίων,
2977 1117 3051 1170 τά’
3078 1117 3136 1168 ἐν
3177 1118 3243 1186 τῇ
3271 1115 3483 1187 ἐρήμῳ.
3518 1117 3669 1172 Ἔδει

2090 1201 2184 1253 καὶ
2209 1200 2302 1253 τοῦ
2335 1200 2713 1273 βαπτίσματος,
2735 1199 2907 1254 πολλὰ
2933 1196 3352 1270 προηγήσασθαι
3373 1213 3387 1225 ⁸
3421 1198 3685 1266 γέγονεν,

2089 1285 2191 1336 ὅσα
2227 1283 2284 1336 ἐν
2311 1282 2485 1346 ὕδατι,
2512 1283 2605 1337 καὶ
2633 1283 2799 1354 μυρία
2827 1281 2984 1346 ἀλλα,
3009 1277 3119 1334 οἷον
3150 1281 3220 1332 τὰ
3248 1280 3304 1333 ἐν
3334 1282 3400 1348 τῇ
3433 1280 3666 1350 Παλαιᾷ,

2089 1366 2158 1418 τά
2195 1368 2252 1419 ἐν
2278 1367 2344 1436 τῇ
2376 1363 2754 1436 κολυμϐήθρᾳ,
2797 1364 2866 1418 τὸ·
2888 1363 2978 1416 τὸν
3018 1363 3093 1434 μὴ
3126 1361 3440 1430 ὑγιαίνοντα
3471 1361 3668 1415 καθαί-

2095 1448 2304 1521 ρεσθαι,
2326 1448 2486 1511 αὐτὸς
2507 1449 2536 1500 6
2566 1446 2972 1517 κατακλυσμδς.
2999 1446 3062 1498 τδ
3082 1445 3374 1516 βάπτισμα
3398 1445 3667 1500 Ἰωάννου.

2096 1532 2243 1584 Ἔδει
2277 1530 2629 1601 πιστευθῆναι
2686 1530 2768 1584 ὅτι
2797 1529 2888 1583 τὸν
2921 1529 3049 1582 Υἰδν
3093 1526 3260 1581 αὐτοῦ
3312 1526 3594 1581 ἐκδίδωσιν
3643 1530 3687 1580 6'

2094 1613 2226 1677 Θεός
2249 1629 2263 1644 ·
2307 1612 2594 1683 προλαϐὼν
2616 1613 2840 1685 ἐποίησε
2863 1611 3029 1668 τοῦτο·
3045 1609 3348 1678 ἄνθρωπος.
3367 1608 3463 1671 Τίς
3491 1603 3685 1674 οὗτος

2107 1695 2360 1767 Ἀϐραάμ
2389 1697 2418 1750 6
2444 1695 2810 1767 πατριάρχης.
2844 1695 3066 1749 Πάντων
3090 1688 3185 1747 οὖν
3210 1690 3411 1744 τούτων
3439 1689 3686 1753 τύπους,.

2099 1779 2164 1834 ἂν
2196 1778 2462 1849 θέλωμεν,
2515 1779 2845 1851 εὑρήσομεν,
2879 1777 2944 1832 ἂν
2983 1775 3239 1848 ζητῶμεν
3260 1776 3320 1829 ἐν
3354 1777 3420 1845 τῇ
3451 1774 3669 1844 Γραφῇ.

2112 1861 2270 1916 ’Ᾱλλά
2294 1861 2371 1932 μὴ
2392 1862 2791 1934 ἀποκάμωμεν,
2821 1861 2937 1917 ἀλλ’
2985 1863 3043 1914 ἐν
3073 1859 3285 1923 τούτοις
3315 1856 3686 1928 ρυθμίζωμεν-

2100 1943 2350 2007 ἑαυτούς·
2389 1944 2622 2016 στερρὰν
2652 1933 2868 2016 ἔχωμεν
2895 1945 2996 2015 τὴν
3035 1942 3238 2005 πίστιν,
3261 1941 3356 1995 καὶ
3384 1938 3686 2010 ἀκρίϐειαν.

2100 2023 2374 2091 πολιτείας
2399 2027 2819 2098 ἐπιδειξὼμεθα,
2849 2028 2938 2082 ἵνα
2968 2027 3072 2082 διὰ-
3091 2027 3310 2081 πάντων
3342 2022 3674 2092 εὐχαριστή-

2101 2126 2290 2173 σαντες
2337 2109 2411 2180 τῷ
2445 2108 2586 2180 Θεῷ,
2625 2109 3055 2181 καταξιωθῶμεν
3103 2109 3212 2162 τῶν
3244 2104 3677 2177 ἐπηγγελμένων

2099 2191 2321 2261 ἀγαθῶν
2353 2194 2466 2255 τοῖς
2498 2192 2788 2260 ἀγαπῶσιν
2823 2192 3004 2257 αύτδν,
3032 2191 3217 2263 χάριτι
3246 2191 3341 2245 καὶ
3373 2187 3690 2260 φιλανθρωι

2103 2276 2210 2346 πίᾳν
2252 2274 2344 2328 τοῦ
2386 2275 2591 2345 Κυρίου
2632 2276 2787 2346 ἡμῶν
2822 2275 2999 2346 Ἰησοῦ
3048 2272 3310 2346 Χριστοῦ,
3341 2269 3476 2342 μεθ’·
3503 2263 3567 2323 οὗ
3593 2268 3675 2338 τῷ

2103 2359 2280 2429 Πατρὶ
2309 2357 2426 2426 ἃιμα
2478 2358 2557 2430 τῷ
2595 2359 2738 2430 ἀγίῳ
2767 2359 3049 2429 Πνεύματι
3075 2356 3223 2424 δόξα,
3252 2355 3479 2425 κράτος,
3510 2352 3687 2422 τιμὴ,.

2102 2443 2197 2496 νῦν
2241 2444 2336 2496 καὶ
2389 2443 2506 2509 ἀεὶ,
2562 2443 2669 2498 καὶ·
2708 2445 2788 2508 εἰς
2840 2444 2968 2507 τοὺς
3025 2441 3234 2504 αἰῶνας.
3277 2437 3390 2493 τῶν
3435 2434 3688 2490 αἰώνων..

2117 2524 2324 2596 ’Ἀμήνι

1895 2987 2144 3043 OMIAIA-
2181 2989 2274 3055 G'.

768 3142 880 3203 οὖν
919 3149 1282 3222 παρελάβετε
1317 3149 1423 3204 τόν
1465 3148 1733 3222 Χριστόν
1758 3143 2000 3222 tina-059'

502 3213 609 3289 τὸν
642 3219 878 3289 Κύριον.
907 3221 977 3273 ἐν
997 3213 1175 3286 ⁷αὐτῷ
1215 3221 1614 3289 περιπατεῖτε,
1635 3213 2001 3289 ὲρῤςζωμένοι

503 3285 602 3340 καὶ
629 3283 1190 3357 ἐποικοδομούμενοι
1217 3283 1491 3353 ἐνάὺτῲ.
1522 3287 1620 3341 κιιί
1649 3283 2001 3350 βεϐαιούμε-

501 3356 694 3426 νοιγέν
737 3355 820 3425 τῇ
855 3355 1074 3420 πίστει,
1120 3360 1315 3425 καθὼς
1369 3357 1750 3426 ἐδιδάχθητε,
1793 3366 2000 3421 περισ-

504 3425 786 3493 σεύοντες
816 3427 885 3481 ἐν
920 3427 1074 3497 αὐτῇ
1095 3429 1165 3482 ἐν
1191 3425 1560 3498 εὐχαριστίᾳ.

506 3579 576 3626 α’.
594 3573 763 3626 Πάλιν
777 3573 972 3636 αὐτοὺς
987 3577 1052 3643 τῇ
1073 3575 1247 3646 οἰκείᾳ
1272 3572 1779 3644 προκαταλαμϐάνει
1806 3587 2005 3641 μαρτυ-

439 3659 550 3729 ρεᾳ,
581 3658 752 3725 λέγων
769 3697 784 3720 ,
819 3659 917 3723 Ὧς
946 3654 1059 3712 οὖν
1087 3659 1465 3724 παρελάϐετε.
1498 3658 1664 3712 Οὐδὲν
1692 3658 1839 3722 ξένον
1859 3697 1872 3718 ,
1900 3673 2003 3725 φη-

440 3744 560 3801 σὶν,
609 3741 974 3810 ἐπεισάγομεν
1000 3759 1012 3771 ·
1054 3743 1249 3796 οὐκοῦν
1301 3744 1434 3813 μηδέ
1479 3744 1656 3811 ὑμεῖς.
1710 3743 1808 3794 Ἐν
1841 3740 2003 3806 αὐτῷ

437 3827 810 3895 περιπατεῖτε
833 3843 846 3857 ·
884 3829 1042 3891 αὐτὸς
1072 3829 1178 3898 γάρ
1210 3831 1356 3882 ἐστιν
1383 3830 1415 3899 ἡ
1447 3828 1564 3890 ὁδὸς
1589 3830 1622 3898 ὴ
1656 3827 2006 3897 προσάγουσα

439 3917 518 3977 εἰς
555 3913 645 3967 τὸν
683 3915 897 3982 Πατέρα
916 3933 930 3947 ο
961 3916 1033 3988 μὴ
1060 3918 1116 3968 ὲν
1137 3918 1248 3980 τοῖς
1277 3916 1530 3984 ἀγγέλοις
1550 3931 1563 3945 ·
1592 3915 1651 3968 ού
1677 3913 1828 3982 φέρει
1865 3913 2001 3984 αῦτη

436 4002 470 4071 ὴ
502 4000 614 4063 ὁδὸς
642 4001 776 4054 ἐκεῖ.
811 4000 1197 4072 Ἐρῤιζωμένοι
1218 4021 1230 4033 ·
1254 4003 1519 4063 τουτέστι,
1549 4000 1856 4069 πεπηγότες
1880 4016 1894 4031 ο
1927 4000 2002 4070 μὴ

439 4088 567 4141 ποτὲ
593 4088 692 4159 μὲν
715 4087 936 4160 ταύτην,
966 4089 1095 4142 ποτὲ
1124 4089 1178 4141 δὲ
1202 4089 1435 4159 ἐκείνην,
1465 4088 1579 4142 ἀλλ’
1611 4086 1966 4158 ἐρριζωμένοι
1986 4102 2000 4116 ’

439 4175 498 4227 τὸ
521 4173 575 4226 δέ
603 4174 964 4246 ἐρῤιζωμένον
995 4177 1095 4229 οὐκ
1123 4175 1188 4229 ἀν
1217 4192 1348 4228 ποτε
1373 4173 1694 4245 μετασταίη.
1721 4174 1861 4243 Ὅρα
1887 4173 2004 4237 πῶς

442 4261 633 4330 κυρίας
661 4261 758 4324 τάς
802 4261 973 4327 λέξεις
1007 4261 1204 4332 τίθησι.
1264 4265 1372 4316 Καὶ
1406 4261 2000 4331 ἐποικοδομούμενοι,

440 4347 606 4418 φησί·
639 4348 903 4410 τουτέστι,
928 4352 993 4420 τῇ
1019 4349 1224 4422 διανοίᾳ
1255 4349 1546 4418 φθάνοντες
1577 4349 1655 4412 εἰς
1681 4347 1862 4400 αὐτόν.
1893 4346 2004 4400 Καὶ

432 4437 845 4505 ,ϐεϐαιούμενοι
869 4437 926 4488 ἐν
947 4436 1093 4506 αύτῷ
1110 4451 1123 4464 ·
1155 4437 1400 4488 τουτέστι
1418 4477 1433 4501 ,
1460 4435 1779 4506 κατέχοντες
1807 4433 1969 4486 αὐτὸν
1987 4472 2002 4496 ,

438 4522 531 4576 καὶ
552 4522 626 4585 ὼς
647 4522 738 4575 ἐπὶ
759 4521 1002 4592 θεμέλιον
1026 4521 1485 4592 οἰκοδομούμενοι.
1508 4523 1787 4575 Δείκνυσιν
1810 4520 2007 4580 αὐτοὺς

439 4607 875 4670 καταπεσόντας·
915 4608 976 4660 τὸ
1007 4607 1134 4679 γὰρ,
1170 4607 1681 4678 Οἰκοδομούμενοι,
1722 4605 1882 4659 τοῦτο
1916 4605 2010 4674 δη-

437 4696 535 4750 λοῖ.
570 4694 840 4765 Οἰκοδομὴ
882 4694 989 4765 γάρ
1022 4697 1166 4749 ἐστιν
1187 4696 1354 4758 ὅντως
1381 4697 1414 4766 ἡ
1451 4696 1652 4761 πίστις,
1683 4695 1776 4747 καὶ
1807 4693 1888 4746 δεῖ
1916 4692 2008 4745 καὶ

436 4785 531 4839 τοῦ
570 4783 818 4855 θεμελίου
847 4783 1088 4856 ἰσχυροῦ,
1113 4784 1209 4837 καὶ
1237 4784 1338 4855 τῆς
1367 4784 1675 4854 οἰκοδομίας
1708 4781 2004 4850 ἀσφαλοῦς.

442 4875 542 4927 "Av
565 4890 622 4927 τε
647 4870 754 4945 γάρ
783 4872 857 4943 μὴ
890 4873 975 4926 ἐπ’
1004 4871 1273 4943 ἀσφαλείᾳ
1305 4888 1388 4934 τις
1410 4871 1758 4940 οἰκοδομήσῃ,
1789 4869 2011 4922 σαλεύε-

437 4975 526 5012 ut
551 4975 562 4987 '
612 4959 678 5014 ἀν
710 4977 769 5012 τε
809 4959 897 5011 ἐπ’
931 4957 1229 5026 ἀσφαλείας
1252 4996 1267 5021 ,
1300 4957 1392 5010 καὶ
1437 4958 1510 5026 μὴ
1548 4957 1753 5026 ἑστήκῃ
1777 4998 1790 5018 ,
1825 4955 2008 5009 οὐκέτι

437 5049 672 5102 ἵσταται.
713 5047 916 5114 Καθὼς
939 5047 1310 5116 ἐδιδάχθητε.
1348 5045 1515 5099 Πάλιν
1543 5044 1622 5107 τὸ,
1661 5041 1883 5110 Καθὼς,
1912 5045 2007 5114 δη-

436 5135 664 5190 λωτικόν
682 5137 795 5188 ἐστι
823 5134 916 5188 τοῦ
935 5133 1101 5205 μηδὲν
1124 5134 1308 5188 καινόν
1327 5149 1381 5185 τι
1399 5132 1596 5200 λέγειν.
1617 5131 2012 5198 Περισσεύον-

438 5239 572 5287 τες,
609 5223 807 5292 φησὶν,
844 5221 914 5275 ἐν
959 5219 1114 5289 αὐτῇ
1155 5221 1226 5273 ἐν
1261 5218 1632 5288 εὐχαριστίᾳ.
1680 5217 1850 5271 Τοῦτο
1899 5217 2008 5288 γὰρ

437 5310 796 5380 εὐγνωμόνων
812 5327 827 5342 °
859 5311 920 5364 οὐ
949 5310 1092 5378 λέγω
1116 5308 1302 5372 ἁπλῶς
1328 5309 1688 5379 εὐχαριστεῖν,
1712 5306 1848 5362 ἀλλά
1873 5307 2010 5377 μετά

438 5397 644 5468 πολλῆς
672 5397 773 5467 τῆς
799 5397 1124 5466 παρουσίας,
1165 5397 1326 5451 πλέον
1363 5396 1396 5466 ἢ
1429 5395 1679 5464 ἐμάθετε,
1710 5394 1758 5446 εἰ
1792 5389 1902 5447 οἶόν
1924 5409 2005 5456 τε,

441 5485 584 5556 μετά
615 5485 812 5554 πολλῆς
849 5483 948 5553 τῆς
980 5483 1307 5552 φιλοτιμίας.
1342 5480 1600 5536 Βλέπετε
1622 5479 1706 5549 μή
1739 5497 1828 5545 τις
1856 5479 2010 5550 ὑμᾶς

437 5574 607 5624 ἔσται
655 5574 688 5624 ὁ
734 5567 1125 5637 συλαγιιηοῶν.
1187 5566 1350 5636 Ὁρᾷς
1396 5567 1515 5630 πῶς
1556 5565 1722 5631 ἔδειξε
1770 5564 2008 5634 κλέπτην

443 5656 591 5720 ύντα,
630 5658 722 5710 καὶ
749 5655 1046 5725 ἀλλότριον,
1078 5653 1170 5707 καὶ
1193 5654 1375 5723 ἡρέμα
1406 5651 1746 5718 ἐπεισιόντα;
1775 5651 1870 5723 ἤδη
1901 5651 2008 5722 γάρ

2108 3141 2448 3214 παρέστησεν
2490 3139 2651 3194 αὗτὸν
2688 3139 2942 3192 εἰσιόντα.
2975 3137 3088 3192 Καϊ
3125 3136 3304 3199 καλῶς
3331 3131 3470 3194 εἰπε.
3511 3136 3678 3187 Σιλϐ-

2105 3227 2370 3296 αγωγῶν.
2405 3227 2614 3298 Ὥσπερ
2640 3225 2706 3279 ἀν
2720 3242 2803 3288 τις
2827 3223 2988 3295 χῶμα
3013 3223 3256 3277 κάτωθεν
3283 3218 3570 3289 διορύττων
3595 3218 3676 3288 μὴ

2108 3314 2322 3386 παρέχῃ
2357 3311 2636 3383 αἴσθησιν,
2658 3312 2720 3364 τὸ
2746 3311 2804 3365 δὲ
2831 3312 3116 3364 ὑπονοστεῖ
3133 3328 3148 3344 ο
3178 3308 3318 3363 οὕτω
3349 3309 3442 3359 καὶ
3468 3307 3677 3367 ἐκεῖνος

2107 3402 2268 3454 ποιεῖ.
2301 3400 2535 3452 Βλέπετε
2561 3395 2654 3453 οὗν
2673 3415 2686 3429 ·
2711 3397 2868 3452 τοῦτο
2889 3397 2997 3469 γάρ
3026 3397 3188 3468 ἔργον
3220 3394 3412 3464 ἐκείνῳ
3447 3391 3508 3446 τὸ
3541 3391 3678 3462 μηδὲ

2106 3486 2356 3556 αἴσθησιν
2404 3485 2684 3556 παρέχειν.
2746 3484 2850 3538 Διὰ
2902 3481 3010 3550 τῆς
3065 3481 3448 3551 φιλοσοφίας.
3507 3475 3672 3542 Εῐτα,

2108 3573 2295 3644 ἐπειδὴ
2322 3572 2468 3624 δοκεῖ
2495 3571 2692 3642 σεμνὸν
2723 3569 2863 3624 εἶναι
2901 3570 2961 3623 τὸ
3002 3569 3102 3639 τῆς
3135 3567 3474 3637 φιλοσοφίας,
3507 3581 3676 3635 προσ-

2108 3658 2301 3726 έθηκε,
2357 3659 2467 3710 Καὶ
2509 3655 2694 3724 κενῆς
2742 3657 2998 3724 ἀπάτης.
3045 3655 3206 3708 Ἔστι
3253 3653 3362 3725 γάρ
3393 3652 3489 3706 καὶ
3535 3651 3675 3722 καλὴ

2108 3745 2292 3814 ἀπάτη
2315 3786 2330 3808 ,
2379 3746 2498 3798 οἵαν
2540 3745 2898 3816 ἠπατήθησαν
2933 3743 3156 3809 πολλοὶ,
3197 3745 3262 3812 ἢν
3295 3742 3417 3795 οὐδὲ
3460 3741 3676 3807 ἀπάτην

2107 3831 2186 3884 δεῖ
2210 3833 2394 3885 καλεῖν
2419 3849 2435 3866 ο
2472 3833 2597 3898 περὶ
2622 3827 2690 3903 ἦς
2719 3847 2882 3901 φησιν
2925 3833 2953 3884 6
2995 3829 3293 3900 Ἰερεμίας⁶
3335 3822 3678 3895 Ἠπάτησάς

2104 3937 2208 3988 με,
2256 3920 2462 3985 Κύριε,
2509 3918 2605 3972 καί
2640 3916 2973 3985 ἠπατήθην.
3020 3916 3093 3968 Τδ
3125 3915 3234 3987 γὰρ
3270 3912 3508 3968 τοιοῦτον
3557 3912 3672 3965 οίδὲ

2109 4005 2327 4074 ἀπάτην
2355 4005 2435 4058 δεῖ
2466 4005 2648 4058 καλεῖν
2669 4019 2682 4033 °
2713 4004 2835 4056 ἐπεὶ
2860 4003 2954 4056 καὶ
2978 4003 3082 4054 τὸν
3105 4001 3316 4070 πατέρα
3341 4001 3620 4071 ἠπάτησεν
3647 3999 3686 4051 6‘

2121 4090 2337 4151 Ἰακὼϐ,
2365 4092 2478 4145 ἀλλ’
2501 4093 2600 4145 οὐκ
2629 4090 2832 4160 ἀπάτη,
2871 4089 2986 4144 ἀλλ’
3019 4088 3296 4159 οἰκονομία
3319 4083 3407 4157 ἦν.
3435 4087 3540 4140 Διὰ
3565 4085 3676 4154 τῆς

2109 4178 2492 4246 φιλοσοφίας,
2533 4177 2684 4247 φησί,
2728 4177 2824 4229 καί
2853 4174 3035 4243 κενῆς
3081 4175 3335 4241 ἀπάτης,
3375 4173 3525 4226 κατὰ
3563 4171 3678 4239 τῆν

2110 4264 2444 4332 παράδοσιν
2476 4264 2593 4319 τῶν
2615 4262 2938 4331 ἀνθρώπων
2957 4305 2971 4328 ,
2999 4262 3148 4316 κατὰ
3173 4264 3246 4316 τὰ
3272 4260 3547 4328 στοιχεῖα
3572 4258 3675 4313 τοῦ

2111 4354 2360 4419 κόσμου,
2395 4351 2491 4404 καὶ
2522 4352 2594 4405 οὐ
2618 4350 2767 4404 κατὰ
2808 4349 3076 4418 Χριστόν.

2177 4441 2326 4503 Τέως
2355 4438 2448 4492 τοῦ
2477 4438 2695 4508 ἐλέγχου
2731 4437 2960 4491 ἅπτεται
2991 4437 3089 4506 τῆς
3113 4435 3220 4489 τῶν
3247 4433 3470 4506 ἡμερῶν
3500 4450 3675 4502 παρα-

2105 4528 2388 4598 τηρήσεως
2414 4568 2428 4590 ,
2475 4528 2709 4595 στοιχεῖα
2744 4525 2949 4595 κόσμου
2987 4524 3136 4594 ἥλιον
3185 4527 3277 4576 καὶ
3320 4523 3549 4591 σελήνην
3591 4521 3676 4574 λέ-

2106 4630 2219 4683 γων
2242 4654 2256 4676 ,
2299 4613 2548 4682 καθάπερ
2583 4613 2676 4665 καὶ
2708 4613 2766 4664 ἐν
2790 4614 2854 4682 τῇ
2893 4611 3029 4681 πρὸς
3059 4609 3302 4671 Γαλάτας
3325 4608 3478 4675 ἔλεγε
3497 4623 3510 4637 ·
3548 4605 3676 4671 Πῶς

2106 4699 2293 4754 πάλιν
2311 4700 2692 4770 ἐπιστρέφετε
2711 4698 2808 4753 ἐπὶ
2832 4698 2901 4752 τὰ
2923 4695 3320 4769 [3661άσθενῆ
3350 4695 3448 4749 καί
3474 4695 3676 4763 πτωχὰ

2106 4787 2412 4856 στοιχεῖα;
2454 4789 2561 4840 Καὶ
2595 4788 2694 4840 οὐκ
2726 4781 2898 4848 εἶπεν,
2927 4783 3177 4854 Ἢμερῶν
3226 4783 3681 4854 παρατηρήσεις,

2108 4873 2242 4927 ἀλλά
2271 4874 2346 4925 Δι’
2375 4874 2496 4926 ὅλου
2524 4872 2616 4926 τοῦ
2648 4871 2852 4942 κόσμου
2889 4869 2979 4924 τοῦ
3009 4870 3294 4940 παρόντος,
3329 4869 3418 4922 ἴνα
3436 4870 3498 4922 τὸ
3526 4869 3674 4920 εὐτε-

2107 4958 2198 5023 λές
2242 4957 2426 5031 δείξῃο
2467 4960 2514 5012 εἰ
2573 4959 2681 5028 γάρ
2727 4960 2754 5011 6
2788 4957 2989 5028 κόσμος
3018 4957 3202 5022 οὐδὲν,
3252 4954 3430 5026 πολλῴ
3480 4955 3681 5026 μᾶλλον

2109 5043 2249 5116 [καὶ]
2285 5046 2353 5098 τά
2385 5048 2639 5115 στοιχεῖα.
2672 5042 2858 5108 Δείξας
2888 5038 2978 5096 οὖν
3010 5042 3223 5110 πρῶτον
3254 5042 3354 5094 ὃσα
3386 5041 3675 5110 εὐεργετή-

2110 5131 2301 5200 θησαν,
2341 5131 2441 5184 ὅσα
2474 5127 2531 5184 εὖ
2563 5129 2784 5194 ἔπαθον,
2810 5129 2931 5182 τότε
2961 5129 3154 5197 ἐπάγει
3177 5128 3276 5195 την
3306 5128 3638 5198 κατηγορίαν
3657 5164 3675 5187 ,

2111 5217 2198 5272 ἵνα
2248 5217 2468 5287 μείζονα
2491 5216 2640 5289 δείξῃ
2661 5257 2675 5280 ,
2728 5218 2821 5268 καὶ
2853 5215 2948 5287 ἕλῃ
2983 5217 3110 5279 τοὺς
3153 5213 3473 5278 ἀκούοντας.
3510 5215 3682 5267 Τοῦτο

2111 5304 2202 5358 καὶ
2232 5305 2281 5356 οἰ
2315 5304 2588 5374 προφῆται
2621 5302 2863 5356 ποιοῦσιν
2886 5303 2972 5355 ἀεί
2993 5318 3007 5334 ο
3043 5301 3311 5372 πρότερον
3329 5301 3430 5363 τὰς
3456 5301 3682 5369 εὐεργε-

2110 5389 2231 5455 σίας
2271 5389 2574 5443 δεικνύουσι
2593 5431 2608 5454 ,
2638 5390 2731 5444 καὶ
2770 5389 2886 5442 τότε
2915 5391 3011 5452 τάς
3041 5389 3378 5459 κατηγορίας
3412 5386 3635 5453 αὔξουσι
3658 5425 3673 5448 ,

2108 5476 2357 5546 καθάπερ
2401 5477 2430 5528 6
2491 5477 2718 5538 Ἡσαΐας
2763 5477 2962 5547 φησίν·
3025 5478 3194 5543 Υῑοίνς
3240 5477 3540 5550 ἐγέννησα
3578 5473 3675 5527 καὶ

2109 5565 2361 5632 ὒψωσα,
2392 5565 2558 5618 αὐτοὶ
2587 5563 2654 5617 δέ
2685 5582 2759 5631 με
2785 5565 3090 5631 ἠθέτησαν
3109 5581 3122 5594 '
3167 5566 3260 5618 καὶ
3295 5564 3480 5626 πάλιν,
3521 5564 3674 5628 Λαός

2103 5669 2244 5722 μου,
2277 5652 2334 5706 τί
2358 5647 2614 5718 ἐποίησὰ
2642 5665 2763 5719 σοι,
2788 5650 2824 5719 ἢ
2845 5651 2902 5704 τί
2925 5651 3204 5721 ἐλύπησά
3229 5667 3322 5719 σε,
3365 5650 3400 5719 ἦ
3443 5651 3500 5705 τί
3536 5664 3676 5720 παρ·
