4026 6148
304 330 406 390 337

309 443 411 499 hoc
437 442 492 497 in
514 439 656 496 scala
685 449 845 509 quam
863 431 999 488 vidit
1025 427 1229 486 Iacob:
1261 426 1520 498 Superius
1540 425 1780 498 quidem,
1805 425 1889 480 in—

310 533 445 604 quit,
475 531 662 586 ﬁrmus
691 537 747 583 et
769 525 974 581 stabilis
995 521 1170 576 stabat
1202 519 1494 584 Dominus;
1525 517 1751 572 inferius
1791 531 1892 571 au-

312 634 420 679 tem
451 620 624 691 angeli
652 615 1011 673 ascendebant
1036 622 1091 666 et
1129 608 1546 666 descendebant.
1573 607 1896 678 Prophetice

315 712 660 770 nuntiabatur
683 707 823 779 quod
872 705 1069 761 Filium
1113 701 1338 756 haberet
1388 699 1585 754 Pater:
1615 697 1898 768 oportebat

314 806 419 862 hoc
448 803 613 859 credi.
649 800 925 857 [ludentum
972 797 1053 850 vis
1089 792 1372 849 ostendam
1417 792 1561 846 illius
1601 790 1789 860 signa?
1827 789 1898 846 ab

314 895 422 949 alto
457 893 611 956 infra,
639 892 708 946 ab
747 891 855 944 ἱιιιο
908 885 1105 956 supra?
1139 882 1549 938 Ostendendum
1594 889 1710 936 erat
1754 877 1896 948 quod

312 991 490 1055 gignat
520 979 884 1051 impatihiliter
918 996 931 1032 :
959 983 1244 1048 propterea
1270 974 1451 1044 genuit
1478 972 1707 1041 primum
1737 969 1899 1026 steri-

311 1077 397 1130 lis.
428 1075 534 1129 lmo
565 1089 691 1129 vero
730 1074 800 1127 ab
839 1071 948 1126 alto
989 1068 1211 1140 petitum
1263 1066 1520 1121 ducamus
1548 1078 1899 1120 sermonem:

309 1169 454 1223 credi
486 1166 793 1237 oportebat,
824 1161 966 1234 quod
989 1177 1063 1217 ex
1094 1162 1210 1231 ipso
1243 1177 1257 1214 :
1286 1158 1411 1227 quid
1456 1155 1625 1227 ergo?
1671 1155 1783 1210 lloc
1819 1156 1897 1220 lit,

310 1259 408 1313 sed
436 1259 686 1320 obscure,
719 1265 902 1326 utpote
946 1253 998 1307 in
1028 1251 1214 1308 umbra
1255 1258 1312 1303 et
1349 1249 1553 1319 ﬁgura;
1589 1247 1684 1301 sed
1715 1247 1774 1300 fit
1804 1263 1819 1301 :
1846 1253 1902 1300 et

311 1349 656 1420 procedendo
686 1348 743 1402 lit
770 1343 1164 1417 quodammodo
1191 1341 1545 1397 manifestius.
1577 1339 1653 1394 Ex
1686 1339 1904 1393 homine

309 1441 434 1497 solo
459 1451 542 1495 est
583 1441 796 1505 mulier,
828 1448 882 1494 et
907 1437 996 1492 ille
1041 1443 1222 1490 manet
1260 1435 1486 1503 integer.
1518 1431 1723 1486 Rursus
1768 1445 1904 1484 con-

314 1532 585 1603 ceptionis
613 1548 677 1586 ex
707 1530 924 1601 Virgine
950 1528 1234 1599 Oportebat
1275 1541 1394 1581 esse
1425 1523 1640 1594 aliquod
1667 1523 1898 1593 signum.

313 1624 467 1679 Parit
489 1623 708 1689 sterilis,
739 1637 843 1676 non
875 1621 1061 1685 semel,
1098 1619 1192 1674 sed
1234 1618 1314 1672 his
1335 1626 1390 1672 et
1415 1625 1494 1672 ter
1521 1627 1572 1670 et
1598 1630 1762 1685 smpe.
1795 1613 1904 1669 Ge-

311 1716 610 1769 nerationis
635 1729 764 1784 ergo
789 1729 855 1768 ex
888 1712 1104 1782 Virgine
1128 1710 1328 1766 sterilis
1354 1708 1453 1764 fuit
1479 1707 1696 1779 quidem
1719 1717 1902 1777 typus,

311 1816 368 1861 ct
416 1806 505 1859 illa
560 1816 793 1860 tuentem
852 1803 1165 1858 transmittit
1207 1800 1274 1856 ad
1332 1801 1513 1855 fidem.
1570 1799 1680 1852 lloc
1719 1812 1906 1852 rursus

313 1897 416 1951 fuit
463 1905 629 1967 typus
677 1893 819 1966 quod
859 1895 1007 1948 solus
1044 1893 1182 1948 Deus
1217 1891 1387 1962 possit
1415 1892 1652 1960 gignere.
1679 1888 1733 1943 Si
1763 1889 1905 1943 enim

309 1987 458 2058 quod
491 1995 573 2042 est
601 1986 938 2055 praestantius
970 1985 1149 2048 homo,
1175 1983 1336 2038 etiam
1360 1981 1561 2049 absque
1577 1995 1643 2035 eo
1668 1979 1906 2049 paritur;

312 2076 492 2132 multo
530 2077 696 2144 magis
718 2083 1008 2143 generatur
1033 2089 1098 2127 ex
1125 2087 1195 2126 eo
1231 2070 1376 2142 quod
1405 2080 1487 2124 est
1515 2069 1608 2124 illo
1649 2077 1912 2140 ιιι-πειθη-

321 2168 459 2220 tius.
508 2166 612 2220 Est
655 2165 766 2218 alia
829 2179 1041 2234 quoque
1103 2163 1378 2232 generatio
1425 2170 1583 2232 typus
1633 2157 1910 2222 veritatis;

313 2271 520 2325 nempe
561 2264 742 2308 nostra
794 2270 861 2308 ex
904 2254 1128 2323 Spiritu.
1175 2252 1342 2321 Hujus
1391 2265 1577 2306 rursus
1628 2260 1785 2322 typus
1831 2258 1913 2304 est

312 2350 546 2413 sterilis,
573 2349 826 2418 quoniam
854 2362 959 2401 non
990 2362 1056 2400 ex
1089 2345 1437 2414 sanguinibus
1467 2360 1482 2396 :
1513 2344 1626 2397 ha-c
1663 2355 1913 2412 superna:

312 2441 689 2514 generationis
735 2452 890 2510 typus
929 2449 1034 2495 est.
1076 2441 1251 2508 Atque
1291 2438 1378 2492 illa
1417 2436 1633 2505 quidem
1677 2434 1914 2490 ostendit

311 2534 445 2602 ejus
477 2532 965 2601 inipatibilitatem;
995 2528 1110 2584 hare
1137 2543 1266 2584 vero
1291 2541 1356 2582 ex
1391 2527 1510 2581 sole
1553 2540 1710 2596 posse
1749 2540 1915 2595 gene-

308 2625 455 2681 rari.
507 2625 603 2678 Est
654 2623 898 2678 Christus
947 2636 1182 2691 superne
1235 2621 1288 2675 in
1336 2633 1529 2674 omnes
1584 2617 1914 2673 dominatum

306 2718 573 2773 obtinens
605 2735 620 2773 :
650 2716 933 2786 oportebat
985 2713 1087 2769 hoe
1121 2713 1294 2768 credi.
1326 2712 1412 2767 Fit
1454 2711 1557 2766 hoc
1602 2711 1654 2765 in
1689 2721 1828 2766 terra
1861 2711 1913 2765 in

306 2810 540 2866 homine
571 2827 583 2864 :
615 2807 895 2862 Faciamus
920 2806 1197 2870 hominem,
1231 2804 1422 2875 inquit,
1462 2803 1532 2856 ad
1563 2803 1830 2874 imaginem
1863 2811 1915 2857 et

306 2905 701 2961 similitudinem
730 2911 952 2956 nostram
975 2899 1127 2970 (Gen.
1164 2900 1214 2954 l.
1238 2898 1358 2968 26),
1381 2907 1438 2951 ut
1468 2898 1641 2952 brutis
1664 2897 1912 2952 omnibus

309 3001 581 3068 imperet.
607 2996 682 3050 lta
711 3010 813 3048 non
841 2993 1040 3056 verbis,
1071 2990 1162 3046 sed
1189 2989 1350 3044 rebus
1375 2989 1538 3044 etiam
1577 3004 1674 3042 nos
1698 2987 1904 3042 docuit.

306 3089 546 3143 Naturae
574 3087 962 3154 separationem
992 3081 1254 3151 signiﬁcat
1279 3080 1580 3151 paradisus,
1605 3090 1659 3135 et
1675 3079 1912 3134 omnium

1185 312 1257 370 ΙΝ
1287 310 1510 370 ΕΡΙΒΤ.
1552 311 1644 368 AD
1673 309 1956 370 COLOSS.
1992 311 2149 369 CAP.
2189 309 2254 369 ll.
2295 311 2526 368 HOMIL.
2569 310 2652 368 Vl.

1993 425 2253 496 optimum
2279 435 2333 482 et
2353 425 2849 498 praestantissimum
2865 440 2986 483 esse
3006 427 3300 487 hominem.
3333 431 3578 491 Christus

1995 528 2115 576 erat
2159 530 2582 576 resurrecturus.
2630 519 2766 575 Vide
2806 520 2914 590 jam
2963 529 3093 592 quot
3111 521 3261 592 signa
3303 541 3318 578 :
3367 523 3572 591 Enoeh,

1995 611 2162 676 Elias,
2187 611 2374 674 Jonas,
2392 627 2518 683 quae
2545 613 2678 667 facta
2705 621 2830 667 sunt
2846 613 2899 666 in
2927 610 3161 680 fornace,
3195 631 3314 686 qua!
3337 625 3578 686 tempore

1997 702 2111 758 Noe
2152 702 2289 757 facta
2311 711 2400 757 est
2441 702 2740 766 inundatio,
2773 703 2999 770 semina,
3028 705 3242 773 plantae,
3271 719 3450 761 nostra
3523 718 3579 762 et

1998 794 2237 850 omnium
2264 793 2573 848 animalium
2605 794 2903 862 generatio.
2937 793 3067 848 Nam
3093 796 3345 865 quoniam
3390 798 3442 852 in
3477 796 3580 853 hoc

1999 887 2179 942 onmis
2204 884 2686 955 periclitabantur,
2720 885 2822 941 hoc
2849 885 3080 940 maxime
3117 887 3356 942 omnium
3388 889 3582 944 multas

2004 979 2185 1034 habuit
2208 977 2427 1048 ﬁguras.
2452 975 2604 1042 Quod
2629 977 2806 1031 omnia
2834 991 2942 1031 non
2969 977 3086 1030 sine
3109 979 3444 1046 providentia
3483 995 3578 1050 ge-

2002 1079 2208 1133 rantur,
2237 1083 2302 1122 ex
2334 1067 2398 1122 iis
2419 1082 2633 1138 quoque
2653 1083 2771 1136 quae
2796 1067 2934 1137 apud
2965 1081 3062 1123 nos
3090 1068 3222 1122 ﬁunt
3246 1079 3424 1138 potest
3449 1087 3581 1124 con-

1998 1161 2092 1230 jici
2116 1177 2130 1213 :
2160 1159 2362 1214 nullum
2385 1160 2528 1214 enim
2554 1174 2740 1214 eorum
2769 1158 2888 1214 sine
2904 1159 3232 1230 providentia
3259 1170 3456 1214 manet.
3475 1159 3580 1214 Sed

2003 1261 2058 1306 et
2082 1266 2292 1322 greges,
2319 1260 2372 1306 et
2397 1251 2501 1305 alia
2527 1251 2707 1304 omnia
2739 1265 2876 1320 Opus
2907 1249 3105 1304 habent
3129 1260 3182 1303 ut
3209 1261 3482 1319 regantur.
3521 1251 3585 1304 Et

2003 1343 2146 1414 quod
2172 1357 2304 1398 casu
2351 1357 2457 1398 non
2495 1344 2632 1398 facta
2680 1343 2786 1398 sint
2815 1343 3014 1408 omnia,
3037 1342 3272 1398 ostendit
3316 1343 3583 1412 gehenna,

2005 1432 2238 1488 ostendit
2258 1434 2418 1487 etiam
2436 1433 2692 1488 diluvium
2719 1432 2859 1502 quod
2890 1433 2986 1487 fuit
3013 1442 3253 1503 tempore
3273 1433 3405 1499 Noe,
3427 1434 3584 1504 ignis,

2005 1525 2278 1580 demersio
2305 1525 2703 1598 Egyptiorum,
2733 1541 2853 1595 quae
2901 1523 3040 1580 facta
3082 1533 3206 1580 sunt
3249 1525 3300 1579 in
3348 1524 3583 1580 deserto.

2007 1613 2296 1684 Oportebat
2322 1615 2710 1685 etbaptismum
2741 1615 2906 1668 multa
2927 1613 3232 1684 przeeedcre
3265 1631 3278 1668 :
3311 1614 3445 1668 facta
3463 1622 3589 1669 smit

2007 1708 2120 1774 illa,
2161 1722 2510 1778 quaecumque
2554 1708 2606 1761 in
2633 1722 2765 1776 aqua
2787 1749 2801 1772 ,
2832 1715 2992 1777 atque
3017 1707 3120 1761 alia
3152 1705 3585 1773 innumerabilia,

2010 1810 2068 1855 ut
2097 1815 2216 1868 qute
2241 1799 2378 1854 facta
2396 1809 2518 1854 sunt
2538 1799 2590 1854 in
2617 1798 2818 1866 Veteri,
2849 1815 2968 1871 qua-
2992 1801 3043 1854 in
3068 1801 3302 1870 piscina;
3332 1799 3472 1867 quod
3499 1800 3587 1871 qui

2009 1906 2172 1946 sanus
2188 1907 2293 1946 non
2318 1899 2432 1946 erat
2455 1890 2824 1959 mundaretur,
2840 1892 3010 1962 ipsum
3033 1891 3309 1959 diluvium,
3329 1893 3589 1963 baptisma

2011 1982 2254 2038 Joannis.
2284 1983 2579 2052 Oportebat
2626 1983 2793 2048 credi,
2832 1983 2972 2053 quod
3018 1982 3208 2038 Filium
3239 1997 3394 2038 suum
3421 1983 3594 2038 tradat

2017 2075 2155 2129 Deus
2181 2091 2197 2127 :
2228 2073 2328 2128 hoc
2357 2073 2506 2142 prius
2532 2072 2661 2128 fecit
2689 2073 2870 2128 homo.
2895 2073 3025 2142 Quis
3051 2074 3178 2129 ille?
3205 2073 3472 2129 Abraham
3500 2090 3594 2145 pa-

2017 2163 2270 2219 triarcha.
2302 2163 2504 2218 llorum
2535 2178 2666 2235 ergo
2689 2165 2926 2219 omnium
2958 2177 3136 2237 typos,
3168 2167 3211 2220 si
3239 2166 3483 2231 velimus,
3512 2168 3596 2219 iu-

2015 2258 2309 2320 veniemus,
2333 2257 2376 2310 si
2409 2272 2710 2325 qutcramus
2731 2258 2783 2312 in
2805 2257 3098 2327 Scriptura.
3119 2257 3222 2313 Sed
3250 2274 3316 2313 ne
3338 2257 3595 2327 defatige-

2019 2363 2158 2412 tnur,
2182 2363 2364 2402 verum
2393 2348 2446 2402 in
2478 2347 2561 2402 his
2588 2364 2686 2404 nos
2711 2362 3115 2418 componamus.
3144 2348 3376 2403 Firmam
3406 2359 3461 2404 et
3481 2357 3595 2403 sta-

2017 2439 2180 2496 bilem
2233 2439 2524 2494 habeamus
2585 2439 2744 2494 ﬁdem
2795 2456 2809 2493 :
2858 2451 3097 2494 exactam
3170 2448 3226 2494 et
3290 2447 3594 2494 accuratam

2018 2529 2364 2584 ostendamus
2389 2531 2513 2584 vita:
2562 2538 2761 2584 nostrze
2808 2530 3241 2596 institutionem;
3275 2537 3334 2584 ut
3359 2544 3479 2584 cum
3505 2544 3600 2599 per

2019 2623 2200 2676 omnia
2229 2621 2338 2677 Deo
2374 2623 2571 2691 gratias
2598 2623 2886 2693 egerimus,
2915 2623 3194 2692 promissis
3222 2624 3386 2678 etiam
3418 2622 3483 2676 iis
3508 2621 3599 2692 qui

2019 2715 2242 2784 diligunt
2289 2729 2410 2768 eum
2451 2715 2735 2785 dignemur
2762 2716 2934 2781 bonis,
2976 2715 3143 2786 gratia
3184 2725 3238 2770 et
3276 2714 3602 2785 benignitate

2023 2808 2233 2864 Domini
2255 2808 2425 2863 nostri
2447 2807 2575 2862 Jesu
2596 2807 2816 2873 Christi,
2847 2822 2970 2862 cum
2999 2823 3105 2878 quo
3143 2807 3309 2875 Patri,
3337 2806 3602 2876 simulque

2021 2911 2206 2957 sancto
2230 2900 2448 2971 Spiritui
2470 2902 2660 2970 gloria,
2683 2910 2940 2970 potestas,
2972 2900 3166 2968 honor,
3199 2915 3338 2956 nunc
3375 2910 3430 2956 et
3457 2913 3603 2954 sem-

2023 3006 2140 3061 per,
2171 3000 2225 3047 et
2245 2992 2297 3046 in
2321 2993 2516 3047 saecula
2542 2991 2881 3047 saeculorum.
2903 2994 3096 3048 Amen.

304 3203 3598 3234 Mm

1655 3303 2002 3366 HOMILIA
2044 3305 2151 3369 VI.

298 3461 443 3516 CAP.
478 3457 537 3512 2.
570 3472 622 3510 v.
646 3455 697 3510 6.
733 3453 880 3510 Sicut
900 3469 1018 3524 ergo
1044 3450 1307 3521 accepistis
1327 3448 1504 3504 Iesum
1520 3447 1782 3503 Christum
1803 3447 1917 3502 Do-

377 3551 596 3603 minum
643 3557 891 3611 nostrunt,
937 3546 989 3597 in
1032 3544 1144 3613 ipso
1187 3540 1460 3606 ambulate,
1511 3540 1565 3594 7.
1616 3538 1831 3592 radicati
1871 3547 1916 3592 et

381 3638 800 3704 superwdiﬁcati
841 3637 894 3690 in
924 3637 1056 3705 ipso,
1084 3644 1136 3687 et
1164 3633 1454 3702 conﬁrmati
1479 3632 1532 3684 in
1560 3631 1682 3700 ﬁde,
1715 3632 1844 3684 sicut
1871 3639 1919 3683 ct

382 3729 678 3791 didicistis,
706 3727 1017 3780 abundantes
1045 3726 1099 3778 in
1128 3723 1220 3778 illa
1243 3725 1296 3778 in
1321 3723 1598 3794 gratiarum
1625 3726 1844 3776 actione.

381 3822 410 3875 1
427 3861 444 3873 .
498 3818 662 3873 Prius
685 3817 804 3872 illos
826 3817 1040 3887 proprio
1065 3816 1325 3887 praevenit
1353 3815 1685 3876 testimonio,
1708 3813 1916 3880 dicens,

292 3914 474 3970 Sicut
503 3911 798 3980 accepistis.
822 3909 964 3964 Nihil
990 3909 1243 3974 alienum,
1273 3909 1461 3979 inquit,
1493 3906 1916 3972 introducimus;

287 4024 446 4078 ergo
494 4019 680 4071 neque
721 4017 834 4057 vos.
875 4001 945 4056 In
973 4017 1031 4056 eo
1054 4001 1350 4055 ambulate:
1381 4001 1494 4070 ipse
1519 4001 1662 4055 enim
1712 4007 1795 4054 est
1834 3999 1920 4052 via

285 4114 428 4170 quae
458 4095 698 4150 adducit
726 4093 790 4147 ad
838 4093 1048 4148 Patrem
1083 4108 1225 4148 :non
1267 4093 1320 4147 in
1363 4093 1595 4162 angdis;
1637 4107 1744 4145 non
1793 4090 1922 4145 illuc

287 4193 459 4246 ducit
496 4189 624 4243 lucc
645 4187 750 4240 via.
783 4186 1052 4246 Radicati;
1078 4184 1180 4240 hoc
1207 4195 1309 4250 est,
1342 4185 1429 4239 fixi
1450 4199 1514 4239 ac
1540 4186 1780 4250 stabiles,
1813 4201 1919 4238 non

286 4277 619 4350 aliquando
665 4277 880 4346 quidem
933 4275 1090 4342 hanc,
1136 4274 1422 4344 aliquando
1461 4290 1588 4329 vero
1624 4275 1791 4341 illam,
1823 4274 1917 4329 sed

287 4369 548 4426 radicati
577 4385 591 4419 :
621 4365 765 4436 quod
792 4375 877 4421 est
907 4375 1086 4420 autem
1113 4366 1408 4419 radicatam
1430 4380 1524 4419 seu
1553 4366 1692 4435 quod
1719 4365 1923 4420 radices

2025 3453 2138 3519 quis
2167 3469 2252 3508 vos
2281 3455 2522 3524 decipiat.
2553 3454 2715 3510 Vides
2745 3453 3014 3525 quomodo
3041 3452 3334 3508 ostenderit
3373 3466 3492 3508 esse
3520 3450 3571 3506 fu
3590 3479 3605 3492 -

2026 3559 2160 3610 rem,
2196 3555 2249 3598 et
2273 3546 2527 3613 alienum,
2557 3556 2610 3601 et
2636 3547 2833 3601 sensim
2880 3545 3302 3616 ingredientem?
3325 3546 3432 3614 jam
3461 3547 3604 3600 enim

2024 3636 2208 3690 statuit
2225 3636 2236 3690 i
2245 3652 2395 3706 psum
2423 3637 2829 3707 ingredientem.
2850 3637 2909 3691 Et
2933 3637 3154 3708 pulchre
3170 3635 3604 3701 ἀίκίισυὶανωγῶ),

2027 3727 2398 3784 suffurantem.
2423 3728 2493 3784 Ut
2520 3729 2565 3785 si
2594 3730 2857 3800 quispiam
2899 3744 3147 3800 aggerem
3198 3727 3407 3783 inferne
3436 3727 3604 3782 sulfo~

2025 3818 2200 3884 diens,
2231 3819 2310 3873 sui
2333 3833 2549 3874 sensum
2591 3837 2695 3874 non
2728 3821 2981 3890 praebeat,
3035 3818 3163 3874 illud
3206 3835 3332 3875 vero
3361 3817 3604 3873 labatur:

2027 3912 2106 3966 sic
2128 3911 2214 3966 ille
2246 3911 2390 3966 facit.
2421 3912 2605 3966 Videte
2630 3927 2793 3981 ergo:
2825 3911 2908 3966 hae
2942 3921 3061 3966 sunt
3093 3911 3235 3965 enim
3262 3911 3401 3964 illius
3431 3922 3608 3978 partes

2028 4019 2095 4059 ne
2123 4019 2338 4061 sensum
2368 4006 2581 4076 quidem
2627 4005 2707 4057 sui
2761 4005 3019 4072 prrehere.
3057 4001 3160 4056 Per
3203 4001 3604 4072 philosophiam.

2031 4096 2253 4161 Deinde,
2272 4098 2522 4166 quoniam
2552 4093 2854 4149 veneranda
2883 4093 3091 4146 videtur
3107 4106 3226 4145 esse
3250 4090 3606 4161 philosophia,

2029 4189 2268 4248 addidit;
2300 4189 2364 4242 Et
2390 4189 2590 4241 inanem
2615 4186 2895 4257 fallaciam.
2926 4183 3023 4238 Est
3053 4183 3197 4236 enim
3229 4182 3365 4234 bona
3397 4194 3610 4251 quoque

2030 4279 2276 4349 dect-ptio
2298 4287 2352 4332 et
2378 4278 2551 4332 benus
2571 4277 2742 4340 dolus,
2763 4291 2869 4345 quo
2888 4273 3035 4328 multi
3057 4280 3180 4325 sunt
3199 4272 3430 4340 decepti,
3449 4286 3609 4340 quem

2033 4389 2138 4426 non
2171 4371 2427 4424 fallaciam
2459 4370 2672 4438 quidem
2719 4375 2810 4420 ant
2858 4363 3233 4432 deceptionem
3263 4369 3474 4431 oportet
3513 4377 3610 4413 vo-

287 4461 442 4530 egit,
473 4471 599 4510 non
621 4455 816 4524 poterit
838 4455 1216 4509 transmoveri.
1256 4453 1388 4508 Vide
1415 4469 1574 4523 quam
1603 4455 1845 4524 proprias
1871 4463 1926 4509 et

289 4547 614 4617 appositas
644 4545 794 4612 ponit
835 4544 1120 4599 dictiones.
1156 4543 1222 4596 Et
1248 4543 1662 4611 superandi/irati,
1721 4542 1924 4612 inquit;

2032 4478 2189 4516 care:
2220 4462 2286 4516 de
2326 4475 2427 4529 qua
2479 4459 2607 4514 dicit
2652 4457 2932 4520 Jeremias,
2966 4453 3214 4522 Decepisti
3245 4469 3341 4518 me,
3372 4449 3612 4517 Domine,

2035 4567 2078 4609 et
2105 4557 2340 4624 deceptus
2368 4569 2476 4606 sum
2513 4550 2644 4620 (Jer.
2676 4549 2767 4604 20.
2795 4549 2872 4619 7).
2898 4547 3028 4602 Nam
3057 4546 3198 4617 quod
3225 4557 3307 4601 est
3335 4545 3613 4613 hujusmo-

2033 4647 2109 4711 di,
2135 4663 2200 4702 ne
2229 4646 2472 4714 dect-ptio
2498 4645 2710 4714 quidem
2737 4642 3018 4696 dicendum
3044 4650 3144 4696 est.
3166 4639 3296 4694 Nam
3324 4650 3376 4693 et
3408 4645 3612 4707 patrem

2036 4752 2188 4790 suum
2218 4736 2429 4806 decepit
2467 4733 2654 4798 Jacoh,
2689 4733 2781 4788 sed
2815 4748 2917 4786 non
2951 4741 3066 4786 erat
3110 4731 3375 4800 deceptio,
3424 4742 3612 4781 verum

2037 4828 2384 4897 dispensatio.
2423 4825 2522 4880 Per
2543 4813 2937 4895 philosOphiam,
2965 4823 3155 4893 inquit,
3173 4831 3220 4874 et
3241 4822 3442 4874 inanem
3463 4818 3619 4888 falla-

2037 4921 2188 4982 ciam,
2217 4917 2492 4972 sccundum
2522 4918 2846 4970 traditionem
2892 4916 3172 4974 hominum,
3214 4910 3488 4964 secundum
3518 4907 3620 4960 ele-

2039 5019 2206 5062 menta
2228 5009 2424 5074 mundi,
2451 5019 2494 5061 et
2519 5024 2620 5060 non
2647 5005 2919 5060 secundum
2948 5004 3222 5057 Christum.

2115 5099 2494 5153 Observationes
2521 5099 2734 5151 dierum.
2761 5125 2834 5135 —
2855 5095 2972 5148 Jam
3003 5093 3216 5161 attingit
3245 5090 3620 5160 reprehensio-

2042 5206 2166 5245 nem
2193 5193 2401 5246 dierum
2428 5186 2816 5243 observationis
2837 5185 2932 5254 (a),
2955 5185 3218 5238 elementa
3239 5180 3420 5235 mundi
3438 5179 3624 5235 dicens

2043 5282 2213 5335 solem
2245 5292 2297 5336 et
2326 5283 2542 5334 lunam:
2587 5279 2725 5331 sicut
2766 5276 2925 5329 etiam
2967 5274 3179 5327 dicz-hat
3207 5273 3259 5325 in
3291 5271 3526 5342 Epistula
3553 5270 3622 5327 ad

2046 5370 2288 5426 Galatas:
2317 5368 2580 5434 Quomodo
2629 5364 2978 5418 convertimini
3021 5362 3089 5414 ad
3136 5361 3339 5430 inﬁrma
3375 5371 3423 5414 et
3467 5377 3620 5432 egena

287 4641 412 4696 hnc
444 4643 566 4697 est,
606 4643 788 4687 mente
807 4635 872 4688 ad
901 4635 1075 4704 ipsum
1108 4636 1494 4704 pertingentes.
1539 4633 1607 4687 Et
1637 4636 1926 4703 conﬁrmati

278 4734 347 4786 in
385 4732 558 4798 ipso;
599 4724 705 4779 hoc
749 4735 852 4791 est,
900 4726 1072 4795 ipsum
1126 4735 1388 4789 tenentes,
1448 4736 1716 4794 tamquam
1766 4740 1929 4795 super

283 4821 748 4877 {trudamenlum
788 4817 1054 4872 mdilicati.
1087 4816 1333 4871 Ostendit
1359 4832 1454 4871 eos
1479 4818 1738 4871 cecidisse
1771 4835 1784 4871 :
1829 4818 1930 4872 hoc

281 4916 455 4970 cutim
496 4909 718 4964 indicat
745 4907 894 4974 illud,
919 4906 1214 4976 zEdi/icoti.
1242 4909 1446 4961 Revera
1475 4909 1616 4962 enim
1647 4907 1928 4963 aedilicium

281 5012 384 5059 cst
419 5000 581 5054 ﬁdes
607 5015 622 5050 :
658 5006 711 5050 et
732 5011 865 5065 Opus
896 5006 978 5052 est
1006 4996 1126 5050 l‘orti
1168 4996 1540 5065 fundamento,
1567 4997 1848 5068 Stahilique
1878 5007 1932 5054 et

281 5110 418 5152 tuta
453 5087 865 5147 aediﬁcatione.
891 5089 1020 5143 Nam
1053 5090 1096 5143 si
1125 5089 1244 5159 quis
1271 5090 1322 5142 in
1353 5100 1465 5142 tuto
1496 5105 1600 5143 non
1629 5090 1932 5143 aediﬁcave-

278 5191 383 5252 rit,
425 5179 717 5242 labascit;
745 5188 798 5233 et
842 5181 886 5234 si
927 5181 979 5232 iu
1022 5189 1154 5245 tuto,
1184 5188 1366 5234 etnon
1397 5182 1657 5242 firmetur,
1693 5195 1798 5234 non
1830 5188 1934 5233 stat

275 5277 585 5348 arriplius.
626 5267 781 5324 Sicut
821 5278 866 5322 el
894 5269 1164 5322 didicistis.
1199 5268 1425 5335 Rursus,
1470 5269 1636 5334 Sicut,
1672 5268 1934 5338 signiﬁcat

277 5370 433 5426 nihil
465 5374 699 5419 novum
727 5359 855 5413 dici.
883 5359 1234 5425 Abundantes,
1265 5360 1453 5430 inquit,
1484 5362 1535 5414 in
1562 5361 1652 5415 illa
1673 5361 1723 5414 in
1745 5362 1935 5431 gratia-

274 5481 412 5520 rum
450 5456 707 5513 actione.
754 5451 864 5503 lloc.
892 5461 975 5504 est
1002 5453 1143 5505 enim
1174 5467 1361 5506 eorum
1399 5453 1486 5520 qui
1516 5462 1639 5506 sunt
1671 5467 1938 5506 memores

277 5548 576 5612 beneficii
625 5566 642 5596 :
685 5556 788 5595 non
832 5543 1030 5608 solum,
1081 5543 1320 5611 inquam,
1364 5543 1560 5612 gratias
1609 5557 1788 5612 agere,
1843 5540 1938 5594 sed

277 5665 422 5706 cum
458 5648 694 5708 magna
726 5632 1068 5698 abundantia,
1104 5634 1222 5704 plus
1260 5649 1416 5704 quam
1441 5634 1724 5699 didicistis,
1751 5633 1793 5686 si
1827 5633 1940 5688 fieri

279 5746 515 5814 potest,
559 5739 709 5784 cum
744 5738 932 5794 magna
973 5725 1138 5781 animi
1181 5725 1544 5782 contentione.
1581 5725 1632 5781 8.
1674 5724 1846 5782 Videte
1879 5741 1938 5780 ne

2111 5549 2181 5607 (ιι)
2209 5546 2282 5594 De
2306 5546 2491 5593 dierum
2515 5541 2952 5607 observationibus,
2972 5553 3089 5607 quae
3111 5549 3283 5599 magna
3309 5535 3531 5607 fuitolim
3555 5547 3634 5607 suo

2049 5595 2286 5672 peisiitio,
2308 5607 2440 5672 eiad
2466 5604 2626 5672 iulium
2653 5614 2807 5672 usque
2841 5595 3029 5672 secula
3050 5595 3287 5672 protr-icta
3332 5599 3440 5672 fuit,
3482 5595 3634 5672 multa

2046 5658 2174 5720 ihs-ta
2212 5658 2324 5716 sunt
2363 5669 2410 5715 in
2455 5658 2806 5726 Supplemento
2829 5665 2887 5711 ad
2922 5658 3266 5726 Antiquitatetn
3293 5658 3630 5723 explanatam:

2048 5745 2157 5796 quae
2180 5731 2320 5779 adeat
2352 5729 2434 5790 qui
2462 5727 2685 5776 voluerit.
