  <div class='ocr_page' id='page_1' title='image "/cluster/home/n/w/nwhite01/storage/ocr_20150623/62/mdp.39015008622626/345.png"; bbox 0 0 4026 6148; ppageno 0'>
   <div class='ocr_carea' id='block_1_1' title="bbox 453 275 560 333">
    <p class='ocr_par' dir='ltr' id='par_1_1' title="bbox 453 275 560 333">
     <span class='ocr_line' id='line_1_1' title="bbox 453 275 560 333; baseline 0 0"><span class='ocrx_word' id='word_1_1' title='bbox 453 275 560 333; x_wconf 70' lang='grc' dir='ltr'>ω</span> 
     </span>
    </p>
   </div>
   <div class='ocr_carea' id='block_1_2' title="bbox 459 388 2034 462">
    <p class='ocr_par' dir='ltr' id='par_1_2' title="bbox 459 388 2034 462">
     <span class='ocr_line' id='line_1_2' title="bbox 459 388 2034 462; baseline -0.002 -16"><span class='ocrx_word' id='word_1_2' title='bbox 459 392 635 446; x_wconf 84' lang='lat' dir='ltr'><strong>mundi</strong></span> <span class='ocrx_word' id='word_1_3' title='bbox 655 392 897 447; x_wconf 76' lang='lat' dir='ltr'><strong>elementa</strong></span> <span class='ocrx_word' id='word_1_4' title='bbox 920 391 1060 462; x_wconf 82' lang='lat' dir='ltr'><strong>(Gal.</strong></span> <span class='ocrx_word' id='word_1_5' title='bbox 1085 392 1137 445; x_wconf 74' lang='grc' dir='ltr'>ι.</span> <span class='ocrx_word' id='word_1_6' title='bbox 1166 389 1264 457; x_wconf 83' lang='lat'><strong>9)?</strong></span> <span class='ocrx_word' id='word_1_7' title='bbox 1292 389 1359 444; x_wconf 85' lang='lat' dir='ltr'><strong>Et</strong></span> <span class='ocrx_word' id='word_1_8' title='bbox 1381 403 1486 444; x_wconf 90' lang='lat' dir='ltr'><strong>non</strong></span> <span class='ocrx_word' id='word_1_9' title='bbox 1514 388 1665 454; x_wconf 74' lang='lat' dir='ltr'><strong>dixit,</strong></span> <span class='ocrx_word' id='word_1_10' title='bbox 1699 388 1911 443; x_wconf 85' lang='lat' dir='ltr'><strong>Dierum</strong></span> <span class='ocrx_word' id='word_1_11' title='bbox 1937 388 2034 443; x_wconf 70' lang='lat' dir='ltr'><strong>obo</strong></span> 
     </span>
    </p>
   </div>
   <div class='ocr_carea' id='block_1_3' title="bbox 460 478 2032 548">
    <p class='ocr_par' dir='ltr' id='par_1_3' title="bbox 460 478 2032 548">
     <span class='ocr_line' id='line_1_3' title="bbox 460 478 2032 548; baseline -0.005 -10"><span class='ocrx_word' id='word_1_12' title='bbox 460 485 809 547; x_wconf 73' lang='lat' dir='ltr'><strong>sort/stiones,</strong></span> <span class='ocrx_word' id='word_1_13' title='bbox 836 482 930 537; x_wconf 85' lang='lat' dir='ltr'><strong>sed</strong></span> <span class='ocrx_word' id='word_1_14' title='bbox 956 481 1175 535; x_wconf 84' lang='lat' dir='ltr'><strong>omnino</strong></span> <span class='ocrx_word' id='word_1_15' title='bbox 1204 479 1384 533; x_wconf 90' lang='lat' dir='ltr'><strong>mundi</strong></span> <span class='ocrx_word' id='word_1_16' title='bbox 1426 478 1723 548; x_wconf 68' lang='lat' dir='ltr'><strong>praesentis,</strong></span> <span class='ocrx_word' id='word_1_17' title='bbox 1758 486 1816 531; x_wconf 93' lang='lat' dir='ltr'><strong>ut</strong></span> <span class='ocrx_word' id='word_1_18' title='bbox 1844 486 2032 532; x_wconf 78' lang='lat' dir='ltr'><strong>osten-</strong></span> 
     </span>
    </p>
   </div>
   <div class='ocr_carea' id='block_1_4' title="bbox 458 569 2036 645">
    <p class='ocr_par' dir='ltr' id='par_1_4' title="bbox 458 569 2036 645">
     <span class='ocr_line' id='line_1_4' title="bbox 458 569 2036 645; baseline -0.004 -15"><span class='ocrx_word' id='word_1_19' title='bbox 458 576 552 631; x_wconf 63' lang='grc' dir='ltr'>«ιλιι</span> <span class='ocrx_word' id='word_1_20' title='bbox 576 591 732 645; x_wconf 90' lang='lat' dir='ltr'><strong>quam</strong></span> <span class='ocrx_word' id='word_1_21' title='bbox 763 575 832 628; x_wconf 91' lang='lat' dir='ltr'><strong>sit</strong></span> <span class='ocrx_word' id='word_1_22' title='bbox 857 588 940 626; x_wconf 86' lang='lat' dir='ltr'><strong>res</strong></span> <span class='ocrx_word' id='word_1_23' title='bbox 969 573 1086 627; x_wconf 84' lang='lat' dir='ltr'><strong>vilis</strong></span> <span class='ocrx_word' id='word_1_24' title='bbox 1106 590 1118 625; x_wconf 93' lang='lat'><strong>:</strong></span> <span class='ocrx_word' id='word_1_25' title='bbox 1138 587 1258 626; x_wconf 88' lang='lat' dir='ltr'><strong>nam</strong></span> <span class='ocrx_word' id='word_1_26' title='bbox 1279 572 1321 625; x_wconf 91' lang='lat' dir='ltr'><strong>si</strong></span> <span class='ocrx_word' id='word_1_27' title='bbox 1342 571 1571 626; x_wconf 89' lang='lat' dir='ltr'><strong>mundus</strong></span> <span class='ocrx_word' id='word_1_28' title='bbox 1591 570 1719 625; x_wconf 82' lang='lat' dir='ltr'><strong>nihil</strong></span> <span class='ocrx_word' id='word_1_29' title='bbox 1737 578 1840 635; x_wconf 86' lang='lat' dir='ltr'><strong>est,</strong></span> <span class='ocrx_word' id='word_1_30' title='bbox 1868 569 2036 623; x_wconf 89' lang='lat' dir='ltr'><strong>multo</strong></span> 
     </span>
    </p>
   </div>
   <div class='ocr_carea' id='block_1_5' title="bbox 459 659 2035 736">
    <p class='ocr_par' dir='ltr' id='par_1_5' title="bbox 459 659 2035 736">
     <span class='ocr_line' id='line_1_5' title="bbox 459 659 2035 736; baseline -0.006 -13"><span class='ocrx_word' id='word_1_31' title='bbox 459 667 627 736; x_wconf 78' lang='lat' dir='ltr'><strong>magis</strong></span> <span class='ocrx_word' id='word_1_32' title='bbox 651 668 933 720; x_wconf 88' lang='lat' dir='ltr'><strong>elementa.</strong></span> <span class='ocrx_word' id='word_1_33' title='bbox 965 663 1096 719; x_wconf 86' lang='lat' dir='ltr'><strong>Cum</strong></span> <span class='ocrx_word' id='word_1_34' title='bbox 1127 678 1255 733; x_wconf 75' lang='lat' dir='ltr'><strong>ergo</strong></span> <span class='ocrx_word' id='word_1_35' title='bbox 1294 662 1614 717; x_wconf 65' lang='lat' dir='ltr'><strong>Ostendisset</strong></span> <span class='ocrx_word' id='word_1_36' title='bbox 1655 676 1812 730; x_wconf 88' lang='lat' dir='ltr'><strong>quam</strong></span> <span class='ocrx_word' id='word_1_37' title='bbox 1856 659 2035 714; x_wconf 87' lang='lat' dir='ltr'><strong>multis</strong></span> 
     </span>
    </p>
   </div>
   <div class='ocr_carea' id='block_1_6' title="bbox 457 751 2031 821">
    <p class='ocr_par' dir='ltr' id='par_1_6' title="bbox 457 751 2031 821">
     <span class='ocr_line' id='line_1_6' title="bbox 457 751 2031 821; baseline -0.007 -8"><span class='ocrx_word' id='word_1_38' title='bbox 457 759 631 813; x_wconf 70' lang='lat' dir='ltr'><strong>allecti</strong></span> <span class='ocrx_word' id='word_1_39' title='bbox 675 758 871 811; x_wconf 79' lang='lat' dir='ltr'><strong>fuerint</strong></span> <span class='ocrx_word' id='word_1_40' title='bbox 909 756 1219 821; x_wconf 74' lang='lat' dir='ltr'><strong>beneﬁciis,</strong></span> <span class='ocrx_word' id='word_1_41' title='bbox 1265 766 1389 809; x_wconf 89' lang='lat' dir='ltr'><strong>tunc</strong></span> <span class='ocrx_word' id='word_1_42' title='bbox 1432 754 1585 808; x_wconf 77' lang='lat' dir='ltr'><strong>aﬂert</strong></span> <span class='ocrx_word' id='word_1_43' title='bbox 1614 751 2031 817; x_wconf 86' lang='lat' dir='ltr'><strong>accusationem,</strong></span> 
     </span>
    </p>
   </div>
   <div class='ocr_carea' id='block_1_7' title="bbox 457 844 2034 916">
    <p class='ocr_par' dir='ltr' id='par_1_7' title="bbox 457 844 2034 916">
     <span class='ocr_line' id='line_1_7' title="bbox 457 844 2034 916; baseline -0.004 -15"><span class='ocrx_word' id='word_1_44' title='bbox 457 856 519 902; x_wconf 86' lang='lat' dir='ltr'><strong>ut</strong></span> <span class='ocrx_word' id='word_1_45' title='bbox 547 848 799 916; x_wconf 88' lang='lat' dir='ltr'><strong>majorem</strong></span> <span class='ocrx_word' id='word_1_46' title='bbox 826 847 1094 907; x_wconf 87' lang='lat' dir='ltr'><strong>ostendat.</strong></span> <span class='ocrx_word' id='word_1_47' title='bbox 1128 855 1182 901; x_wconf 91' lang='lat' dir='ltr'><strong>et</strong></span> <span class='ocrx_word' id='word_1_48' title='bbox 1211 855 1395 915; x_wconf 76' lang='lat' dir='ltr'><strong>arguat</strong></span> <span class='ocrx_word' id='word_1_49' title='bbox 1421 844 1712 898; x_wconf 86' lang='lat' dir='ltr'><strong>auditores.</strong></span> <span class='ocrx_word' id='word_1_50' title='bbox 1743 844 1853 897; x_wconf 87' lang='lat' dir='ltr'><strong>lloc</strong></span> <span class='ocrx_word' id='word_1_51' title='bbox 1872 844 2034 896; x_wconf 88' lang='lat' dir='ltr'><strong>etiam</strong></span> 
     </span>
    </p>
   </div>
   <div class='ocr_carea' id='block_1_8' title="bbox 456 934 2031 1007">
    <p class='ocr_par' dir='ltr' id='par_1_8' title="bbox 456 934 2031 1007">
     <span class='ocr_line' id='line_1_8' title="bbox 456 934 2031 1007; baseline -0.007 -14"><span class='ocrx_word' id='word_1_52' title='bbox 456 955 672 1006; x_wconf 81' lang='lat' dir='ltr'><strong>semper</strong></span> <span class='ocrx_word' id='word_1_53' title='bbox 698 938 899 993; x_wconf 80' lang='lat' dir='ltr'><strong>faciunt</strong></span> <span class='ocrx_word' id='word_1_54' title='bbox 930 938 1238 1007; x_wconf 70' lang='lat' dir='ltr'><strong>prophetae:</strong></span> <span class='ocrx_word' id='word_1_55' title='bbox 1267 937 1412 1006; x_wconf 85' lang='lat' dir='ltr'><strong>prius</strong></span> <span class='ocrx_word' id='word_1_56' title='bbox 1438 935 1726 991; x_wconf 61' lang='lat' dir='ltr'><strong>ostendunt</strong></span> <span class='ocrx_word' id='word_1_57' title='bbox 1754 934 2031 997; x_wconf 89' lang='lat' dir='ltr'><strong>benelicia,</strong></span> 
     </span>
    </p>
   </div>
   <div class='ocr_carea' id='block_1_9' title="bbox 454 1024 2035 1099">
    <p class='ocr_par' dir='ltr' id='par_1_9' title="bbox 454 1024 2035 1099">
     <span class='ocr_line' id='line_1_9' title="bbox 454 1024 2035 1099; baseline -0.003 -16"><span class='ocrx_word' id='word_1_58' title='bbox 454 1039 510 1083; x_wconf 89' lang='lat' dir='ltr'><strong>et</strong></span> <span class='ocrx_word' id='word_1_59' title='bbox 532 1040 655 1083; x_wconf 89' lang='lat' dir='ltr'><strong>tunc</strong></span> <span class='ocrx_word' id='word_1_60' title='bbox 683 1041 881 1099; x_wconf 80' lang='lat' dir='ltr'><strong>augent</strong></span> <span class='ocrx_word' id='word_1_61' title='bbox 906 1031 1277 1092; x_wconf 76' lang='lat' dir='ltr'><strong>accusatione;</strong></span> <span class='ocrx_word' id='word_1_62' title='bbox 1312 1029 1450 1081; x_wconf 82' lang='lat' dir='ltr'><strong>sicut</strong></span> <span class='ocrx_word' id='word_1_63' title='bbox 1494 1027 1622 1081; x_wconf 75' lang='lat' dir='ltr'><strong>dicit</strong></span> <span class='ocrx_word' id='word_1_64' title='bbox 1653 1025 1835 1091; x_wconf 87' lang='lat' dir='ltr'><strong>Isaias,</strong></span> <span class='ocrx_word' id='word_1_65' title='bbox 1870 1024 2035 1080; x_wconf 78' lang='lat' dir='ltr'><strong>Filios</strong></span> 
     </span>
    </p>
   </div>
   <div class='ocr_carea' id='block_1_10' title="bbox 455 1115 2032 1191">
    <p class='ocr_par' dir='ltr' id='par_1_10' title="bbox 455 1115 2032 1191">
     <span class='ocr_line' id='line_1_10' title="bbox 455 1115 2032 1191; baseline -0.003 -17"><span class='ocrx_word' id='word_1_66' title='bbox 455 1121 605 1191; x_wconf 80' lang='lat' dir='ltr'><strong>genui</strong></span> <span class='ocrx_word' id='word_1_67' title='bbox 634 1130 679 1173; x_wconf 81' lang='lat' dir='ltr'><strong>et</strong></span> <span class='ocrx_word' id='word_1_68' title='bbox 703 1120 946 1185; x_wconf 70' lang='lat' dir='ltr'><strong>exaltavi,</strong></span> <span class='ocrx_word' id='word_1_69' title='bbox 974 1121 1073 1188; x_wconf 86' lang='lat' dir='ltr'><strong>ipsi</strong></span> <span class='ocrx_word' id='word_1_70' title='bbox 1104 1135 1217 1173; x_wconf 78' lang='lat' dir='ltr'><strong>vero</strong></span> <span class='ocrx_word' id='word_1_71' title='bbox 1250 1136 1327 1171; x_wconf 88' lang='lat' dir='ltr'><strong>me</strong></span> <span class='ocrx_word' id='word_1_72' title='bbox 1354 1128 1647 1184; x_wconf 81' lang='lat' dir='ltr'><strong>spreverunt</strong></span> <span class='ocrx_word' id='word_1_73' title='bbox 1678 1116 1832 1189; x_wconf 87' lang='lat' dir='ltr'><strong>(lsai.</strong></span> <span class='ocrx_word' id='word_1_74' title='bbox 1865 1117 1916 1170; x_wconf 82' lang='grc' dir='ltr'><strong>Ι.</strong></span> <span class='ocrx_word' id='word_1_75' title='bbox 1935 1115 1992 1184; x_wconf 74' lang='grc'><strong>2)</strong></span> <span class='ocrx_word' id='word_1_76' title='bbox 2018 1133 2032 1180; x_wconf 91' lang='grc'><strong>;</strong></span> 
     </span>
    </p>
   </div>
   <div class='ocr_carea' id='block_1_11' title="bbox 456 1208 2037 1280">
    <p class='ocr_par' dir='ltr' id='par_1_11' title="bbox 456 1208 2037 1280">
     <span class='ocr_line' id='line_1_11' title="bbox 456 1208 2037 1280; baseline -0.003 -15"><span class='ocrx_word' id='word_1_77' title='bbox 456 1220 513 1266; x_wconf 85' lang='lat' dir='ltr'><strong>et</strong></span> <span class='ocrx_word' id='word_1_78' title='bbox 538 1227 741 1276; x_wconf 84' lang='lat' dir='ltr'><strong>rursus,</strong></span> <span class='ocrx_word' id='word_1_79' title='bbox 791 1210 988 1280; x_wconf 81' lang='lat' dir='ltr'><strong>Popule</strong></span> <span class='ocrx_word' id='word_1_80' title='bbox 1018 1227 1178 1274; x_wconf 77' lang='lat' dir='ltr'><strong>meus,</strong></span> <span class='ocrx_word' id='word_1_81' title='bbox 1219 1210 1342 1279; x_wconf 86' lang='lat' dir='ltr'><strong>quid</strong></span> <span class='ocrx_word' id='word_1_82' title='bbox 1381 1209 1477 1277; x_wconf 83' lang='lat' dir='ltr'><strong>feci</strong></span> <span class='ocrx_word' id='word_1_83' title='bbox 1522 1209 1630 1273; x_wconf 86' lang='lat' dir='ltr'><strong>tibi,</strong></span> <span class='ocrx_word' id='word_1_84' title='bbox 1661 1217 1750 1261; x_wconf 83' lang='lat' dir='ltr'><strong>aut</strong></span> <span class='ocrx_word' id='word_1_85' title='bbox 1779 1208 1831 1261; x_wconf 86' lang='lat' dir='ltr'><strong>in</strong></span> <span class='ocrx_word' id='word_1_86' title='bbox 1860 1223 1958 1275; x_wconf 83' lang='lat' dir='ltr'><strong>quo</strong></span> <span class='ocrx_word' id='word_1_87' title='bbox 1988 1217 2037 1260; x_wconf 86' lang='lat' dir='ltr'><strong>te</strong></span> 
     </span>
    </p>
   </div>
   <div class='ocr_carea' id='block_1_12' title="bbox 458 1299 2031 1371">
    <p class='ocr_par' dir='ltr' id='par_1_12' title="bbox 458 1299 2031 1371">
     <span class='ocr_line' id='line_1_12' title="bbox 458 1299 2031 1371; baseline -0.003 -15"><span class='ocrx_word' id='word_1_88' title='bbox 458 1303 632 1356; x_wconf 86' lang='lat' dir='ltr'><strong>dolore</strong></span> <span class='ocrx_word' id='word_1_89' title='bbox 648 1302 817 1369; x_wconf 82' lang='lat' dir='ltr'><strong>a/I&#39;ect&#39;,</strong></span> <span class='ocrx_word' id='word_1_90' title='bbox 851 1313 896 1355; x_wconf 85' lang='lat' dir='ltr'><strong>et</strong></span> <span class='ocrx_word' id='word_1_91' title='bbox 923 1303 1010 1356; x_wconf 82' lang='lat' dir='ltr'><strong>tibi</strong></span> <span class='ocrx_word' id='word_1_92' title='bbox 1041 1304 1276 1355; x_wconf 85' lang='lat' dir='ltr'><strong>molestus</strong></span> <span class='ocrx_word' id='word_1_93' title='bbox 1302 1302 1378 1370; x_wconf 83' lang='lat' dir='ltr'><strong>[ui</strong></span> <span class='ocrx_word' id='word_1_94' title='bbox 1403 1299 1588 1371; x_wconf 75' lang='lat' dir='ltr'><strong>(Mica.</strong></span> <span class='ocrx_word' id='word_1_95' title='bbox 1621 1299 1672 1354; x_wconf 85' lang='lat'><strong>6.</strong></span> <span class='ocrx_word' id='word_1_96' title='bbox 1706 1299 1807 1370; x_wconf 78' lang='lat'><strong>5)?</strong></span> <span class='ocrx_word' id='word_1_97' title='bbox 1841 1308 1897 1353; x_wconf 87' lang='lat' dir='ltr'><strong>et</strong></span> <span class='ocrx_word' id='word_1_98' title='bbox 1926 1299 2031 1351; x_wconf 88' lang='lat' dir='ltr'><strong>Da-</strong></span> 
     </span>
    </p>
   </div>
   <div class='ocr_carea' id='block_1_13' title="bbox 460 1389 2034 1460">
    <p class='ocr_par' dir='ltr' id='par_1_13' title="bbox 460 1389 2034 1460">
     <span class='ocr_line' id='line_1_13' title="bbox 460 1389 2034 1460; baseline -0.003 -16"><span class='ocrx_word' id='word_1_99' title='bbox 460 1392 545 1445; x_wconf 90' lang='lat' dir='ltr'><strong>vid</strong></span> <span class='ocrx_word' id='word_1_100' title='bbox 574 1403 625 1445; x_wconf 91' lang='lat' dir='ltr'><strong>ut</strong></span> <span class='ocrx_word' id='word_1_101' title='bbox 662 1392 874 1460; x_wconf 58' lang='lat' dir='ltr'><strong>quando</strong></span> <span class='ocrx_word' id='word_1_102' title='bbox 898 1391 1049 1455; x_wconf 89' lang='lat' dir='ltr'><strong>dicit,</strong></span> <span class='ocrx_word' id='word_1_103' title='bbox 1080 1391 1332 1445; x_wconf 72' lang='lat' dir='ltr'><strong>Exauditti</strong></span> <span class='ocrx_word' id='word_1_104' title='bbox 1356 1400 1403 1444; x_wconf 88' lang='lat' dir='ltr'><strong>te</strong></span> <span class='ocrx_word' id='word_1_105' title='bbox 1423 1390 1475 1443; x_wconf 91' lang='lat' dir='ltr'><strong>in</strong></span> <span class='ocrx_word' id='word_1_106' title='bbox 1515 1389 1808 1443; x_wconf 82' lang='lat' dir='ltr'><strong>abscondito</strong></span> <span class='ocrx_word' id='word_1_107' title='bbox 1839 1398 2034 1456; x_wconf 82' lang='lat' dir='ltr'><strong>tempe-</strong></span> 
     </span>
    </p>
   </div>
   <div class='ocr_carea' id='block_1_14' title="bbox 458 1479 2032 1549">
    <p class='ocr_par' dir='ltr' id='par_1_14' title="bbox 458 1479 2032 1549">
     <span class='ocr_line' id='line_1_14' title="bbox 458 1479 2032 1549; baseline -0.003 -15"><span class='ocrx_word' id='word_1_108' title='bbox 458 1482 600 1534; x_wconf 87' lang='lat' dir='ltr'><strong>statis</strong></span> <span class='ocrx_word' id='word_1_109' title='bbox 632 1481 801 1547; x_wconf 85' lang='lat' dir='ltr'><strong>(Psal.</strong></span> <span class='ocrx_word' id='word_1_110' title='bbox 834 1481 922 1536; x_wconf 92' lang='lat'><strong>80.</strong></span> <span class='ocrx_word' id='word_1_111' title='bbox 956 1482 1043 1549; x_wconf 84' lang='lat'><strong>8);</strong></span> <span class='ocrx_word' id='word_1_112' title='bbox 1073 1490 1125 1535; x_wconf 91' lang='lat' dir='ltr'><strong>ct</strong></span> <span class='ocrx_word' id='word_1_113' title='bbox 1156 1495 1360 1545; x_wconf 88' lang='lat' dir='ltr'><strong>rursus,</strong></span> <span class='ocrx_word' id='word_1_114' title='bbox 1403 1480 1554 1547; x_wconf 80' lang='lat' dir='ltr'><strong>Aperi</strong></span> <span class='ocrx_word' id='word_1_115' title='bbox 1581 1495 1636 1532; x_wconf 91' lang='lat' dir='ltr'><strong>os</strong></span> <span class='ocrx_word' id='word_1_116' title='bbox 1670 1489 1829 1543; x_wconf 86' lang='lat' dir='ltr'><strong>tuum,</strong></span> <span class='ocrx_word' id='word_1_117' title='bbox 1859 1488 1905 1531; x_wconf 91' lang='lat' dir='ltr'><strong>et</strong></span> <span class='ocrx_word' id='word_1_118' title='bbox 1933 1479 2032 1530; x_wconf 86' lang='lat' dir='ltr'><strong>itu-</strong></span> 
     </span>
    </p>
   </div>
   <div class='ocr_carea' id='block_1_15' title="bbox 464 1566 2023 1642">
    <p class='ocr_par' dir='ltr' id='par_1_15' title="bbox 464 1566 2023 1642">
     <span class='ocr_line' id='line_1_15' title="bbox 464 1566 2023 1642; baseline -0.004 -17"><span class='ocrx_word' id='word_1_119' title='bbox 464 1574 608 1642; x_wconf 85' lang='lat' dir='ltr'><strong>plebo</strong></span> <span class='ocrx_word' id='word_1_120' title='bbox 628 1572 773 1625; x_wconf 88' lang='lat' dir='ltr'><strong>illud.</strong></span> <span class='ocrx_word' id='word_1_121' title='bbox 811 1571 877 1625; x_wconf 76' lang='lat' dir='ltr'><strong>Et</strong></span> <span class='ocrx_word' id='word_1_122' title='bbox 906 1572 1099 1641; x_wconf 87' lang='lat' dir='ltr'><strong>ubique</strong></span> <span class='ocrx_word' id='word_1_123' title='bbox 1141 1571 1221 1626; x_wconf 83' lang='lat' dir='ltr'><strong>sic</strong></span> <span class='ocrx_word' id='word_1_124' title='bbox 1248 1571 1507 1625; x_wconf 83' lang='lat' dir='ltr'><strong>invenies.</strong></span> <span class='ocrx_word' id='word_1_125' title='bbox 1539 1569 1680 1638; x_wconf 72' lang='lat' dir='ltr'><strong>Ergo</strong></span> <span class='ocrx_word' id='word_1_126' title='bbox 1710 1568 1913 1623; x_wconf 83' lang='lat' dir='ltr'><strong>etiamsi</strong></span> <span class='ocrx_word' id='word_1_127' title='bbox 1947 1566 2023 1620; x_wconf 91' lang='lat' dir='ltr'><strong>illi</strong></span> 
     </span>
    </p>
   </div>
   <div class='ocr_carea' id='block_1_16' title="bbox 459 1658 2033 1732">
    <p class='ocr_par' dir='ltr' id='par_1_16' title="bbox 459 1658 2033 1732">
     <span class='ocr_line' id='line_1_16' title="bbox 459 1658 2033 1732; baseline -0.002 -18"><span class='ocrx_word' id='word_1_128' title='bbox 459 1664 749 1732; x_wconf 81' lang='lat' dir='ltr'><strong>quidquam</strong></span> <span class='ocrx_word' id='word_1_129' title='bbox 778 1662 1037 1726; x_wconf 84' lang='lat' dir='ltr'><strong>dicerent,</strong></span> <span class='ocrx_word' id='word_1_130' title='bbox 1074 1676 1180 1715; x_wconf 90' lang='lat' dir='ltr'><strong>nou</strong></span> <span class='ocrx_word' id='word_1_131' title='bbox 1215 1658 1522 1731; x_wconf 81' lang='lat' dir='ltr'><strong>persuaderi</strong></span> <span class='ocrx_word' id='word_1_132' title='bbox 1557 1667 1861 1729; x_wconf 87' lang='lat' dir='ltr'><strong>oporteret;</strong></span> <span class='ocrx_word' id='word_1_133' title='bbox 1893 1671 2033 1712; x_wconf 92' lang='lat' dir='ltr'><strong>nunc</strong></span> 
     </span>
    </p>
   </div>
   <div class='ocr_carea' id='block_1_17' title="bbox 458 1749 2031 1822">
    <p class='ocr_par' dir='ltr' id='par_1_17' title="bbox 458 1749 2031 1822">
     <span class='ocr_line' id='line_1_17' title="bbox 458 1749 2031 1822; baseline -0.003 -16"><span class='ocrx_word' id='word_1_134' title='bbox 458 1765 657 1819; x_wconf 87' lang='lat' dir='ltr'><strong>autem,</strong></span> <span class='ocrx_word' id='word_1_135' title='bbox 705 1756 864 1807; x_wconf 90' lang='lat' dir='ltr'><strong>etiam</strong></span> <span class='ocrx_word' id='word_1_136' title='bbox 907 1753 1108 1822; x_wconf 84' lang='lat' dir='ltr'><strong>absque</strong></span> <span class='ocrx_word' id='word_1_137' title='bbox 1157 1752 1449 1817; x_wconf 75' lang='lat' dir='ltr'><strong>beneﬁciis,</strong></span> <span class='ocrx_word' id='word_1_138' title='bbox 1482 1751 1567 1804; x_wconf 89' lang='lat' dir='ltr'><strong>illa</strong></span> <span class='ocrx_word' id='word_1_139' title='bbox 1594 1758 1804 1819; x_wconf 78' lang='lat' dir='ltr'><strong>oportet</strong></span> <span class='ocrx_word' id='word_1_140' title='bbox 1829 1749 2031 1818; x_wconf 79' lang='lat' dir='ltr'><strong>lugere.</strong></span> 
     </span>
    </p>
   </div>
   <div class='ocr_carea' id='block_1_18' title="bbox 461 1840 2032 1901">
    <p class='ocr_par' dir='ltr' id='par_1_18' title="bbox 461 1840 2032 1901">
     <span class='ocr_line' id='line_1_18' title="bbox 461 1840 2032 1901; baseline -0.002 -3"><span class='ocrx_word' id='word_1_141' title='bbox 461 1845 524 1899; x_wconf 74' lang='lat' dir='ltr'><strong>Et</strong></span> <span class='ocrx_word' id='word_1_142' title='bbox 554 1864 651 1900; x_wconf 87' lang='lat' dir='ltr'><strong>non</strong></span> <span class='ocrx_word' id='word_1_143' title='bbox 681 1847 957 1901; x_wconf 88' lang='lat' dir='ltr'><strong>secundum</strong></span> <span class='ocrx_word' id='word_1_144' title='bbox 977 1845 1253 1901; x_wconf 95' lang='lat' dir='ltr'><strong>Christum.</strong></span> <span class='ocrx_word' id='word_1_145' title='bbox 1286 1843 1416 1899; x_wconf 88' lang='lat' dir='ltr'><strong>Nam</strong></span> <span class='ocrx_word' id='word_1_146' title='bbox 1445 1844 1546 1898; x_wconf 83' lang='lat' dir='ltr'><strong>etsi</strong></span> <span class='ocrx_word' id='word_1_147' title='bbox 1570 1844 1640 1897; x_wconf 88' lang='lat' dir='ltr'><strong>ita</strong></span> <span class='ocrx_word' id='word_1_148' title='bbox 1664 1856 1750 1897; x_wconf 87' lang='lat' dir='ltr'><strong>res</strong></span> <span class='ocrx_word' id='word_1_149' title='bbox 1776 1856 1836 1897; x_wconf 84' lang='lat' dir='ltr'><strong>se</strong></span> <span class='ocrx_word' id='word_1_150' title='bbox 1865 1840 2032 1895; x_wconf 86' lang='lat' dir='ltr'><strong>habe-</strong></span> 
     </span>
    </p>
   </div>
   <div class='ocr_carea' id='block_1_19' title="bbox 457 1933 2030 2007">
    <p class='ocr_par' dir='ltr' id='par_1_19' title="bbox 457 1933 2030 2007">
     <span class='ocr_line' id='line_1_19' title="bbox 457 1933 2030 2007; baseline -0.003 -16"><span class='ocrx_word' id='word_1_151' title='bbox 457 1947 538 1992; x_wconf 91' lang='lat' dir='ltr'><strong>ret</strong></span> <span class='ocrx_word' id='word_1_152' title='bbox 560 1949 615 1991; x_wconf 93' lang='lat' dir='ltr'><strong>ut</strong></span> <span class='ocrx_word' id='word_1_153' title='bbox 642 1940 870 2007; x_wconf 77' lang='lat' dir='ltr'><strong>possetis</strong></span> <span class='ocrx_word' id='word_1_154' title='bbox 894 1948 944 1993; x_wconf 88' lang='lat' dir='ltr'><strong>et</strong></span> <span class='ocrx_word' id='word_1_155' title='bbox 977 1938 1099 1992; x_wconf 84' lang='lat' dir='ltr'><strong>huic</strong></span> <span class='ocrx_word' id='word_1_156' title='bbox 1138 1950 1193 1993; x_wconf 90' lang='lat' dir='ltr'><strong>et</strong></span> <span class='ocrx_word' id='word_1_157' title='bbox 1234 1937 1307 1991; x_wconf 87' lang='lat' dir='ltr'><strong>illi</strong></span> <span class='ocrx_word' id='word_1_158' title='bbox 1347 1935 1571 2000; x_wconf 84' lang='lat' dir='ltr'><strong>servire,</strong></span> <span class='ocrx_word' id='word_1_159' title='bbox 1615 1950 1683 1990; x_wconf 91' lang='lat' dir='ltr'><strong>ne</strong></span> <span class='ocrx_word' id='word_1_160' title='bbox 1711 1935 1788 1989; x_wconf 85' lang='lat' dir='ltr'><strong>sic</strong></span> <span class='ocrx_word' id='word_1_161' title='bbox 1816 1933 2030 2004; x_wconf 86' lang='lat' dir='ltr'><strong>quidem</strong></span> 
     </span>
    </p>
   </div>
   <div class='ocr_carea' id='block_1_20' title="bbox 454 2025 2031 2099">
    <p class='ocr_par' dir='ltr' id='par_1_20' title="bbox 454 2025 2031 2099">
     <span class='ocr_line' id='line_1_20' title="bbox 454 2025 2031 2099; baseline -0.001 -18"><span class='ocrx_word' id='word_1_162' title='bbox 454 2040 759 2099; x_wconf 86' lang='lat' dir='ltr'><strong>oporteret:</strong></span> <span class='ocrx_word' id='word_1_163' title='bbox 787 2046 925 2084; x_wconf 86' lang='lat' dir='ltr'><strong>nunc</strong></span> <span class='ocrx_word' id='word_1_164' title='bbox 967 2038 1147 2084; x_wconf 86' lang='lat' dir='ltr'><strong>autem</strong></span> <span class='ocrx_word' id='word_1_165' title='bbox 1179 2046 1283 2083; x_wconf 90' lang='lat' dir='ltr'><strong>nun</strong></span> <span class='ocrx_word' id='word_1_166' title='bbox 1328 2028 1511 2082; x_wconf 88' lang='lat' dir='ltr'><strong>sinunt</strong></span> <span class='ocrx_word' id='word_1_167' title='bbox 1547 2025 1637 2081; x_wconf 87' lang='lat' dir='ltr'><strong>illa</strong></span> <span class='ocrx_word' id='word_1_168' title='bbox 1671 2040 1767 2081; x_wconf 82' lang='lat' dir='ltr'><strong>vos</strong></span> <span class='ocrx_word' id='word_1_169' title='bbox 1794 2040 1915 2080; x_wconf 86' lang='lat' dir='ltr'><strong>esse</strong></span> <span class='ocrx_word' id='word_1_170' title='bbox 1941 2040 2031 2080; x_wconf 84' lang='lat' dir='ltr'><strong>se—</strong></span> 
     </span>
    </p>
   </div>
   <div class='ocr_carea' id='block_1_21' title="bbox 454 2116 2035 2185">
    <p class='ocr_par' dir='ltr' id='par_1_21' title="bbox 454 2116 2035 2185">
     <span class='ocr_line' id='line_1_21' title="bbox 454 2116 2035 2185; baseline -0.002 -12"><span class='ocrx_word' id='word_1_171' title='bbox 454 2121 685 2175; x_wconf 86' lang='lat' dir='ltr'><strong>cundum</strong></span> <span class='ocrx_word' id='word_1_172' title='bbox 716 2121 983 2175; x_wconf 82' lang='lat' dir='ltr'><strong>Christum</strong></span> <span class='ocrx_word' id='word_1_173' title='bbox 1008 2138 1020 2174; x_wconf 91' lang='lat'><strong>:</strong></span> <span class='ocrx_word' id='word_1_174' title='bbox 1051 2136 1113 2174; x_wconf 91' lang='lat' dir='ltr'><strong>ea</strong></span> <span class='ocrx_word' id='word_1_175' title='bbox 1143 2135 1235 2173; x_wconf 79' lang='lat' dir='ltr'><strong>vos</strong></span> <span class='ocrx_word' id='word_1_176' title='bbox 1266 2120 1389 2173; x_wconf 90' lang='lat' dir='ltr'><strong>inde</strong></span> <span class='ocrx_word' id='word_1_177' title='bbox 1414 2117 1705 2173; x_wconf 89' lang='lat' dir='ltr'><strong>abducunt.</strong></span> <span class='ocrx_word' id='word_1_178' title='bbox 1724 2116 1856 2171; x_wconf 92' lang='lat' dir='ltr'><strong>Cum</strong></span> <span class='ocrx_word' id='word_1_179' title='bbox 1886 2116 2035 2185; x_wconf 87' lang='lat' dir='ltr'><strong>prius</strong></span> 
     </span>
    </p>
   </div>
   <div class='ocr_carea' id='block_1_22' title="bbox 455 2207 2035 2272">
    <p class='ocr_par' dir='ltr' id='par_1_22' title="bbox 455 2207 2035 2272">
     <span class='ocr_line' id='line_1_22' title="bbox 455 2207 2035 2272; baseline -0.004 -5"><span class='ocrx_word' id='word_1_180' title='bbox 455 2214 667 2267; x_wconf 84' lang='lat' dir='ltr'><strong>Cra-cas</strong></span> <span class='ocrx_word' id='word_1_181' title='bbox 696 2213 1061 2268; x_wconf 86' lang='lat' dir='ltr'><strong>labclactasset</strong></span> <span class='ocrx_word' id='word_1_182' title='bbox 1080 2212 1502 2272; x_wconf 78' lang='lat' dir='ltr'><strong>observationes,</strong></span> <span class='ocrx_word' id='word_1_183' title='bbox 1537 2219 1662 2262; x_wconf 88' lang='lat' dir='ltr'><strong>tunc</strong></span> <span class='ocrx_word' id='word_1_184' title='bbox 1687 2207 1848 2262; x_wconf 84' lang='lat' dir='ltr'><strong>etiam</strong></span> <span class='ocrx_word' id='word_1_185' title='bbox 1877 2221 2035 2261; x_wconf 83' lang='lat' dir='ltr'><strong>ever-</strong></span> 
     </span>
    </p>
   </div>
   <div class='ocr_carea' id='block_1_23' title="bbox 458 2298 2032 2368">
    <p class='ocr_par' dir='ltr' id='par_1_23' title="bbox 458 2298 2032 2368">
     <span class='ocr_line' id='line_1_23' title="bbox 458 2298 2032 2368; baseline -0.003 -11"><span class='ocrx_word' id='word_1_186' title='bbox 458 2305 520 2358; x_wconf 91' lang='lat' dir='ltr'><strong>tit</strong></span> <span class='ocrx_word' id='word_1_187' title='bbox 547 2304 807 2358; x_wconf 78' lang='lat' dir='ltr'><strong>Judaicas.</strong></span> <span class='ocrx_word' id='word_1_188' title='bbox 840 2303 972 2357; x_wconf 82' lang='lat' dir='ltr'><strong>Nam</strong></span> <span class='ocrx_word' id='word_1_189' title='bbox 1002 2314 1057 2358; x_wconf 88' lang='lat' dir='ltr'><strong>et</strong></span> <span class='ocrx_word' id='word_1_190' title='bbox 1085 2301 1258 2358; x_wconf 67' lang='grc' dir='ltr'><strong>ϐιατοἰ</strong></span> <span class='ocrx_word' id='word_1_191' title='bbox 1289 2310 1343 2355; x_wconf 90' lang='lat' dir='ltr'><strong>et</strong></span> <span class='ocrx_word' id='word_1_192' title='bbox 1368 2300 1535 2355; x_wconf 71' lang='lat' dir='ltr'><strong>Jud.ci</strong></span> <span class='ocrx_word' id='word_1_193' title='bbox 1583 2299 1730 2368; x_wconf 82' lang='lat' dir='ltr'><strong>plura</strong></span> <span class='ocrx_word' id='word_1_194' title='bbox 1772 2298 2032 2353; x_wconf 81' lang='lat' dir='ltr'><strong>observa-</strong></span> 
     </span>
    </p>
   </div>
   <div class='ocr_carea' id='block_1_24' title="bbox 457 2389 2031 2461">
    <p class='ocr_par' dir='ltr' id='par_1_24' title="bbox 457 2389 2031 2461">
     <span class='ocr_line' id='line_1_24' title="bbox 457 2389 2031 2461; baseline -0.005 -14"><span class='ocrx_word' id='word_1_195' title='bbox 457 2393 613 2457; x_wconf 88' lang='lat' dir='ltr'><strong>bant;</strong></span> <span class='ocrx_word' id='word_1_196' title='bbox 646 2395 737 2447; x_wconf 87' lang='lat' dir='ltr'><strong>sed</strong></span> <span class='ocrx_word' id='word_1_197' title='bbox 768 2394 841 2446; x_wconf 89' lang='lat' dir='ltr'><strong>illi</strong></span> <span class='ocrx_word' id='word_1_198' title='bbox 869 2392 1083 2461; x_wconf 86' lang='lat' dir='ltr'><strong>quidem</strong></span> <span class='ocrx_word' id='word_1_199' title='bbox 1111 2407 1176 2445; x_wconf 77' lang='lat' dir='ltr'><strong>ex</strong></span> <span class='ocrx_word' id='word_1_200' title='bbox 1208 2390 1563 2461; x_wconf 87' lang='lat' dir='ltr'><strong>philosophia,</strong></span> <span class='ocrx_word' id='word_1_201' title='bbox 1587 2389 1640 2443; x_wconf 91' lang='lat' dir='ltr'><strong>hi</strong></span> <span class='ocrx_word' id='word_1_202' title='bbox 1660 2403 1869 2443; x_wconf 81' lang='lat' dir='ltr'><strong>veroex</strong></span> <span class='ocrx_word' id='word_1_203' title='bbox 1892 2389 2031 2458; x_wconf 77' lang='lat' dir='ltr'><strong>lege.</strong></span> 
     </span>
    </p>
   </div>
   <div class='ocr_carea' id='block_1_25' title="bbox 460 2479 2034 2554">
    <p class='ocr_par' dir='ltr' id='par_1_25' title="bbox 460 2479 2034 2554">
     <span class='ocr_line' id='line_1_25' title="bbox 460 2479 2034 2554; baseline -0.004 -15"><span class='ocrx_word' id='word_1_204' title='bbox 460 2484 614 2539; x_wconf 80' lang='lat' dir='ltr'><strong>Prius</strong></span> <span class='ocrx_word' id='word_1_205' title='bbox 644 2500 769 2554; x_wconf 76' lang='lat' dir='ltr'><strong>ergo</strong></span> <span class='ocrx_word' id='word_1_206' title='bbox 809 2483 1015 2537; x_wconf 85' lang='lat' dir='ltr'><strong>accedit</strong></span> <span class='ocrx_word' id='word_1_207' title='bbox 1052 2482 1118 2536; x_wconf 91' lang='lat' dir='ltr'><strong>ad</strong></span> <span class='ocrx_word' id='word_1_208' title='bbox 1157 2496 1271 2544; x_wconf 86' lang='lat' dir='ltr'><strong>eos,</strong></span> <span class='ocrx_word' id='word_1_209' title='bbox 1314 2481 1453 2549; x_wconf 89' lang='lat' dir='ltr'><strong>apud</strong></span> <span class='ocrx_word' id='word_1_210' title='bbox 1492 2494 1627 2549; x_wconf 85' lang='lat' dir='ltr'><strong>quos</strong></span> <span class='ocrx_word' id='word_1_211' title='bbox 1655 2479 1853 2549; x_wconf 81' lang='lat' dir='ltr'><strong>majora</strong></span> <span class='ocrx_word' id='word_1_212' title='bbox 1879 2486 2034 2533; x_wconf 69' lang='lat' dir='ltr'><strong>erant</strong></span> 
     </span>
    </p>
   </div>
   <div class='ocr_carea' id='block_1_26' title="bbox 458 2568 2032 2642">
    <p class='ocr_par' dir='ltr' id='par_1_26' title="bbox 458 2568 2032 2642">
     <span class='ocr_line' id='line_1_26' title="bbox 458 2568 2032 2642; baseline -0.003 -14"><span class='ocrx_word' id='word_1_213' title='bbox 458 2574 776 2629; x_wconf 86' lang='lat' dir='ltr'><strong>accusanda.</strong></span> <span class='ocrx_word' id='word_1_214' title='bbox 828 2574 1126 2642; x_wconf 83' lang='lat' dir='ltr'><strong>Quomodo,</strong></span> <span class='ocrx_word' id='word_1_215' title='bbox 1178 2572 1300 2626; x_wconf 81' lang='lat' dir='ltr'><strong>Non</strong></span> <span class='ocrx_word' id='word_1_216' title='bbox 1345 2574 1616 2626; x_wconf 83' lang='lat' dir='ltr'><strong>secundum</strong></span> <span class='ocrx_word' id='word_1_217' title='bbox 1659 2570 1950 2625; x_wconf 73' lang='lat' dir='ltr'><strong>Christum?</strong></span> <span class='ocrx_word' id='word_1_218' title='bbox 1977 2568 2032 2624; x_wconf 88' lang='lat'><strong>9.</strong></span> 
     </span>
    </p>
   </div>
   <div class='ocr_carea' id='block_1_27' title="bbox 461 2662 2036 2732">
    <p class='ocr_par' dir='ltr' id='par_1_27' title="bbox 461 2662 2036 2732">
     <span class='ocr_line' id='line_1_27' title="bbox 461 2662 2036 2732; baseline -0.003 -16"><span class='ocrx_word' id='word_1_219' title='bbox 461 2664 595 2729; x_wconf 90' lang='lat' dir='ltr'><strong>Quia</strong></span> <span class='ocrx_word' id='word_1_220' title='bbox 625 2666 675 2718; x_wconf 87' lang='lat' dir='ltr'><strong>in</strong></span> <span class='ocrx_word' id='word_1_221' title='bbox 703 2666 811 2730; x_wconf 90' lang='lat' dir='ltr'><strong>ipso</strong></span> <span class='ocrx_word' id='word_1_222' title='bbox 839 2665 1027 2717; x_wconf 79' lang='lat' dir='ltr'><strong>habitat</strong></span> <span class='ocrx_word' id='word_1_223' title='bbox 1056 2663 1218 2718; x_wconf 86' lang='lat' dir='ltr'><strong>omnis</strong></span> <span class='ocrx_word' id='word_1_224' title='bbox 1249 2663 1503 2732; x_wconf 82' lang='lat' dir='ltr'><strong>plenitudo</strong></span> <span class='ocrx_word' id='word_1_225' title='bbox 1548 2662 1821 2714; x_wconf 74' lang='lat' dir='ltr'><strong>divinitatis</strong></span> <span class='ocrx_word' id='word_1_226' title='bbox 1855 2675 2036 2729; x_wconf 80' lang='lat' dir='ltr'><strong>corpo-</strong></span> 
     </span>
    </p>
   </div>
   <div class='ocr_carea' id='block_1_28' title="bbox 460 2750 2063 2824">
    <p class='ocr_par' dir='ltr' id='par_1_28' title="bbox 460 2750 2063 2824">
     <span class='ocr_line' id='line_1_28' title="bbox 460 2750 2063 2824; baseline -0.004 -14"><span class='ocrx_word' id='word_1_227' title='bbox 460 2757 672 2822; x_wconf 75' lang='lat' dir='ltr'><strong>raliter;</strong></span> <span class='ocrx_word' id='word_1_228' title='bbox 704 2755 790 2810; x_wconf 82' lang='grc' dir='ltr'><strong>ιο.</strong></span> <span class='ocrx_word' id='word_1_229' title='bbox 831 2765 879 2810; x_wconf 85' lang='lat' dir='ltr'><strong>et</strong></span> <span class='ocrx_word' id='word_1_230' title='bbox 913 2756 1030 2808; x_wconf 89' lang='lat' dir='ltr'><strong>estis</strong></span> <span class='ocrx_word' id='word_1_231' title='bbox 1057 2755 1111 2808; x_wconf 91' lang='lat' dir='ltr'><strong>in</strong></span> <span class='ocrx_word' id='word_1_232' title='bbox 1136 2754 1225 2808; x_wconf 90' lang='lat' dir='ltr'><strong>illo</strong></span> <span class='ocrx_word' id='word_1_233' title='bbox 1249 2752 1443 2824; x_wconf 81' lang='lat' dir='ltr'><strong>repleti,</strong></span> <span class='ocrx_word' id='word_1_234' title='bbox 1491 2754 1575 2822; x_wconf 78' lang='lat' dir='ltr'><strong>qui</strong></span> <span class='ocrx_word' id='word_1_235' title='bbox 1604 2761 1673 2805; x_wconf 86' lang='lat' dir='ltr'><strong>est</strong></span> <span class='ocrx_word' id='word_1_236' title='bbox 1695 2760 1846 2820; x_wconf 84' lang='lat' dir='ltr'><strong>caput</strong></span> <span class='ocrx_word' id='word_1_237' title='bbox 1874 2750 2063 2820; x_wconf 22' lang='lat' dir='ltr'><strong>omnis,</strong></span> 
     </span>
    </p>
   </div>
   <div class='ocr_carea' id='block_1_29' title="bbox 462 2846 1157 2921">
    <p class='ocr_par' dir='ltr' id='par_1_29' title="bbox 462 2846 1157 2921">
     <span class='ocr_line' id='line_1_29' title="bbox 462 2846 1157 2921; baseline -0.006 -18"><span class='ocrx_word' id='word_1_238' title='bbox 462 2850 778 2921; x_wconf 75' lang='lat' dir='ltr'><strong>principatus</strong></span> <span class='ocrx_word' id='word_1_239' title='bbox 807 2857 854 2902; x_wconf 88' lang='lat' dir='ltr'><strong>et</strong></span> <span class='ocrx_word' id='word_1_240' title='bbox 883 2846 1157 2916; x_wconf 74' lang='lat' dir='ltr'><strong>potestatis.</strong></span> 
     </span>
    </p>
   </div>
   <div class='ocr_carea' id='block_1_30' title="bbox 532 2932 2036 3008">
    <p class='ocr_par' dir='ltr' id='par_1_30' title="bbox 532 2932 2036 3008">
     <span class='ocr_line' id='line_1_30' title="bbox 532 2932 2036 3008; baseline -0.007 -11"><span class='ocrx_word' id='word_1_241' title='bbox 532 2942 586 2997; x_wconf 72' lang='grc'><strong>2.</strong></span> <span class='ocrx_word' id='word_1_242' title='bbox 631 2939 761 2995; x_wconf 78' lang='lat' dir='ltr'><strong>Vide</strong></span> <span class='ocrx_word' id='word_1_243' title='bbox 783 2938 1057 3008; x_wconf 90' lang='lat' dir='ltr'><strong>quomodo</strong></span> <span class='ocrx_word' id='word_1_244' title='bbox 1078 2938 1131 2991; x_wconf 91' lang='lat' dir='ltr'><strong>in</strong></span> <span class='ocrx_word' id='word_1_245' title='bbox 1161 2952 1348 2991; x_wconf 90' lang='lat' dir='ltr'><strong>eorum</strong></span> <span class='ocrx_word' id='word_1_246' title='bbox 1378 2935 1721 2989; x_wconf 82' lang='lat' dir='ltr'><strong>accusatione</strong></span> <span class='ocrx_word' id='word_1_247' title='bbox 1749 2932 1877 2988; x_wconf 89' lang='lat' dir='ltr'><strong>illud</strong></span> <span class='ocrx_word' id='word_1_248' title='bbox 1902 2947 2036 2987; x_wconf 66' lang='lat' dir='ltr'><strong>con-’-</strong></span> 
     </span>
    </p>
   </div>
   <div class='ocr_carea' id='block_1_31' title="bbox 464 3025 2032 3100">
    <p class='ocr_par' dir='ltr' id='par_1_31' title="bbox 464 3025 2032 3100">
     <span class='ocr_line' id='line_1_31' title="bbox 464 3025 2032 3100; baseline -0.004 -15"><span class='ocrx_word' id='word_1_249' title='bbox 464 3032 613 3096; x_wconf 88' lang='lat' dir='ltr'><strong>l&#39;odit,</strong></span> <span class='ocrx_word' id='word_1_250' title='bbox 651 3031 794 3100; x_wconf 89' lang='lat' dir='ltr'><strong>prius</strong></span> <span class='ocrx_word' id='word_1_251' title='bbox 837 3043 1041 3100; x_wconf 86' lang='lat' dir='ltr'><strong>ponens</strong></span> <span class='ocrx_word' id='word_1_252' title='bbox 1066 3028 1407 3090; x_wconf 86' lang='lat' dir='ltr'><strong>solutionem,</strong></span> <span class='ocrx_word' id='word_1_253' title='bbox 1431 3037 1478 3080; x_wconf 90' lang='lat' dir='ltr'><strong>et</strong></span> <span class='ocrx_word' id='word_1_254' title='bbox 1506 3035 1628 3080; x_wconf 88' lang='lat' dir='ltr'><strong>tunc</strong></span> <span class='ocrx_word' id='word_1_255' title='bbox 1658 3025 2032 3094; x_wconf 83' lang='lat' dir='ltr'><strong>objectionem.</strong></span> 
     </span>
    </p>
   </div>
   <div class='ocr_carea' id='block_1_32' title="bbox 464 3114 2034 3188">
    <p class='ocr_par' dir='ltr' id='par_1_32' title="bbox 464 3114 2034 3188">
     <span class='ocr_line' id='line_1_32' title="bbox 464 3114 2034 3188; baseline -0.006 -11"><span class='ocrx_word' id='word_1_256' title='bbox 464 3121 679 3177; x_wconf 78' lang='lat' dir='ltr'><strong>Minime</strong></span> <span class='ocrx_word' id='word_1_257' title='bbox 708 3120 849 3173; x_wconf 88' lang='lat' dir='ltr'><strong>enim</strong></span> <span class='ocrx_word' id='word_1_258' title='bbox 882 3127 1126 3188; x_wconf 82' lang='lat' dir='ltr'><strong>suspecta</strong></span> <span class='ocrx_word' id='word_1_259' title='bbox 1158 3126 1240 3172; x_wconf 88' lang='lat' dir='ltr'><strong>est</strong></span> <span class='ocrx_word' id='word_1_260' title='bbox 1267 3118 1381 3170; x_wconf 73' lang='lat' dir='ltr'><strong>ltmc</strong></span> <span class='ocrx_word' id='word_1_261' title='bbox 1414 3115 1629 3177; x_wconf 83' lang='lat' dir='ltr'><strong>solutio,</strong></span> <span class='ocrx_word' id='word_1_262' title='bbox 1661 3125 1713 3169; x_wconf 87' lang='lat' dir='ltr'><strong>et</strong></span> <span class='ocrx_word' id='word_1_263' title='bbox 1745 3116 1911 3184; x_wconf 78' lang='lat' dir='ltr'><strong>magis</strong></span> <span class='ocrx_word' id='word_1_264' title='bbox 1938 3114 2034 3167; x_wconf 86' lang='lat' dir='ltr'><strong>ad-</strong></span> 
     </span>
    </p>
   </div>
   <div class='ocr_carea' id='block_1_33' title="bbox 463 3204 2039 3277">
    <p class='ocr_par' dir='ltr' id='par_1_33' title="bbox 463 3204 2039 3277">
     <span class='ocr_line' id='line_1_33' title="bbox 463 3204 2039 3277; baseline -0.007 -10"><span class='ocrx_word' id='word_1_265' title='bbox 463 3213 623 3267; x_wconf 88' lang='lat' dir='ltr'><strong>mittit</strong></span> <span class='ocrx_word' id='word_1_266' title='bbox 646 3210 875 3274; x_wconf 88' lang='lat' dir='ltr'><strong>auditor,</strong></span> <span class='ocrx_word' id='word_1_267' title='bbox 907 3219 1087 3277; x_wconf 80' lang='lat' dir='ltr'><strong>utpote</strong></span> <span class='ocrx_word' id='word_1_268' title='bbox 1128 3222 1251 3261; x_wconf 91' lang='lat' dir='ltr'><strong>cum</strong></span> <span class='ocrx_word' id='word_1_269' title='bbox 1293 3207 1381 3277; x_wconf 87' lang='lat' dir='ltr'><strong>qui</strong></span> <span class='ocrx_word' id='word_1_270' title='bbox 1426 3206 1579 3268; x_wconf 78' lang='lat' dir='ltr'><strong>d.cit,</strong></span> <span class='ocrx_word' id='word_1_271' title='bbox 1615 3221 1717 3258; x_wconf 91' lang='lat' dir='ltr'><strong>nou</strong></span> <span class='ocrx_word' id='word_1_272' title='bbox 1749 3205 1814 3258; x_wconf 87' lang='lat' dir='ltr'><strong>ad</strong></span> <span class='ocrx_word' id='word_1_273' title='bbox 1848 3204 1897 3257; x_wconf 90' lang='lat' dir='ltr'><strong>id</strong></span> <span class='ocrx_word' id='word_1_274' title='bbox 1926 3214 2039 3257; x_wconf 86' lang='lat' dir='ltr'><strong>stu-</strong></span> 
     </span>
    </p>
   </div>
   <div class='ocr_carea' id='block_1_34' title="bbox 462 3295 2037 3367">
    <p class='ocr_par' dir='ltr' id='par_1_34' title="bbox 462 3295 2037 3367">
     <span class='ocr_line' id='line_1_34' title="bbox 462 3295 2037 3367; baseline -0.004 -11"><span class='ocrx_word' id='word_1_275' title='bbox 462 3304 607 3357; x_wconf 88' lang='lat' dir='ltr'><strong>dium</strong></span> <span class='ocrx_word' id='word_1_276' title='bbox 636 3299 895 3355; x_wconf 84' lang='lat' dir='ltr'><strong>conl&#39;erat.</strong></span> <span class='ocrx_word' id='word_1_277' title='bbox 926 3298 1056 3353; x_wconf 83' lang='lat' dir='ltr'><strong>Nam</strong></span> <span class='ocrx_word' id='word_1_278' title='bbox 1085 3298 1191 3352; x_wconf 89' lang='lat' dir='ltr'><strong>illic</strong></span> <span class='ocrx_word' id='word_1_279' title='bbox 1212 3298 1426 3367; x_wconf 88' lang='lat' dir='ltr'><strong>quidem</strong></span> <span class='ocrx_word' id='word_1_280' title='bbox 1457 3298 1621 3350; x_wconf 88' lang='lat' dir='ltr'><strong>etiam</strong></span> <span class='ocrx_word' id='word_1_281' title='bbox 1655 3295 1927 3349; x_wconf 87' lang='lat' dir='ltr'><strong>contendit</strong></span> <span class='ocrx_word' id='word_1_282' title='bbox 1970 3309 2037 3349; x_wconf 88' lang='lat' dir='ltr'><strong>ne</strong></span> 
     </span>
    </p>
   </div>
   <div class='ocr_carea' id='block_1_35' title="bbox 465 3384 2039 3455">
    <p class='ocr_par' dir='ltr' id='par_1_35' title="bbox 465 3384 2039 3455">
     <span class='ocr_line' id='line_1_35' title="bbox 465 3384 2039 3455; baseline -0.005 -10"><span class='ocrx_word' id='word_1_283' title='bbox 465 3394 737 3454; x_wconf 81' lang='lat' dir='ltr'><strong>vincatur;</strong></span> <span class='ocrx_word' id='word_1_284' title='bbox 769 3391 854 3444; x_wconf 92' lang='lat' dir='ltr'><strong>hic</strong></span> <span class='ocrx_word' id='word_1_285' title='bbox 878 3400 1053 3443; x_wconf 89' lang='lat' dir='ltr'><strong>autem</strong></span> <span class='ocrx_word' id='word_1_286' title='bbox 1086 3389 1323 3442; x_wconf 84' lang='lat' dir='ltr'><strong>minime.</strong></span> <span class='ocrx_word' id='word_1_287' title='bbox 1346 3387 1475 3452; x_wconf 84' lang='lat' dir='ltr'><strong>Quia</strong></span> <span class='ocrx_word' id='word_1_288' title='bbox 1493 3387 1543 3439; x_wconf 89' lang='lat' dir='ltr'><strong>in</strong></span> <span class='ocrx_word' id='word_1_289' title='bbox 1564 3388 1673 3455; x_wconf 85' lang='lat' dir='ltr'><strong>ipso</strong></span> <span class='ocrx_word' id='word_1_290' title='bbox 1696 3386 1904 3438; x_wconf 79' lang='lat' dir='ltr'><strong>habitat.</strong></span> <span class='ocrx_word' id='word_1_291' title='bbox 1928 3384 2039 3437; x_wconf 82' lang='lat' dir='ltr'><strong>lluc</strong></span> 
     </span>
    </p>
   </div>
   <div class='ocr_carea' id='block_1_36' title="bbox 462 3477 2035 3553">
    <p class='ocr_par' dir='ltr' id='par_1_36' title="bbox 462 3477 2035 3553">
     <span class='ocr_line' id='line_1_36' title="bbox 462 3477 2035 3553; baseline -0.006 -16"><span class='ocrx_word' id='word_1_292' title='bbox 462 3493 565 3547; x_wconf 83' lang='lat' dir='ltr'><strong>est,</strong></span> <span class='ocrx_word' id='word_1_293' title='bbox 590 3482 711 3553; x_wconf 84' lang='lat' dir='ltr'><strong>quia</strong></span> <span class='ocrx_word' id='word_1_294' title='bbox 745 3484 881 3535; x_wconf 83' lang='lat' dir='ltr'><strong>Deus</strong></span> <span class='ocrx_word' id='word_1_295' title='bbox 908 3482 959 3534; x_wconf 91' lang='lat' dir='ltr'><strong>iu</strong></span> <span class='ocrx_word' id='word_1_296' title='bbox 991 3481 1106 3549; x_wconf 88' lang='lat' dir='ltr'><strong>ipso</strong></span> <span class='ocrx_word' id='word_1_297' title='bbox 1134 3480 1359 3533; x_wconf 82' lang='lat' dir='ltr'><strong>habitat.</strong></span> <span class='ocrx_word' id='word_1_298' title='bbox 1389 3477 1492 3532; x_wconf 86' lang='lat' dir='ltr'><strong>Sed</strong></span> <span class='ocrx_word' id='word_1_299' title='bbox 1519 3493 1586 3531; x_wconf 91' lang='lat' dir='ltr'><strong>ne</strong></span> <span class='ocrx_word' id='word_1_300' title='bbox 1614 3477 1890 3531; x_wconf 72' lang='lat' dir='ltr'><strong>existimes</strong></span> <span class='ocrx_word' id='word_1_301' title='bbox 1913 3489 2035 3528; x_wconf 89' lang='lat' dir='ltr'><strong>eum</strong></span> 
     </span>
    </p>
   </div>
   <div class='ocr_carea' id='block_1_37' title="bbox 464 3569 2035 3638">
    <p class='ocr_par' dir='ltr' id='par_1_37' title="bbox 464 3569 2035 3638">
     <span class='ocr_line' id='line_1_37' title="bbox 464 3569 2035 3638; baseline -0.003 -11"><span class='ocrx_word' id='word_1_302' title='bbox 464 3590 584 3629; x_wconf 84' lang='lat' dir='ltr'><strong>esse</strong></span> <span class='ocrx_word' id='word_1_303' title='bbox 626 3572 936 3625; x_wconf 84' lang='lat' dir='ltr'><strong>conclusum</strong></span> <span class='ocrx_word' id='word_1_304' title='bbox 966 3581 1234 3638; x_wconf 86' lang='lat' dir='ltr'><strong>tamquam</strong></span> <span class='ocrx_word' id='word_1_305' title='bbox 1285 3571 1335 3623; x_wconf 89' lang='lat' dir='ltr'><strong>in</strong></span> <span class='ocrx_word' id='word_1_306' title='bbox 1383 3584 1627 3637; x_wconf 90' lang='lat' dir='ltr'><strong>corpore,</strong></span> <span class='ocrx_word' id='word_1_307' title='bbox 1658 3569 1822 3622; x_wconf 87' lang='lat' dir='ltr'><strong>dicit:</strong></span> <span class='ocrx_word' id='word_1_308' title='bbox 1858 3569 2035 3623; x_wconf 80' lang='lat' dir='ltr'><strong>Omnis</strong></span> 
     </span>
    </p>
   </div>
   <div class='ocr_carea' id='block_1_38' title="bbox 467 3658 2036 3731">
    <p class='ocr_par' dir='ltr' id='par_1_38' title="bbox 467 3658 2036 3731">
     <span class='ocr_line' id='line_1_38' title="bbox 467 3658 2036 3731; baseline -0.002 -17"><span class='ocrx_word' id='word_1_309' title='bbox 467 3663 725 3731; x_wconf 78' lang='lat' dir='ltr'><strong>plenitudo</strong></span> <span class='ocrx_word' id='word_1_310' title='bbox 754 3660 1027 3713; x_wconf 81' lang='lat' dir='ltr'><strong>divinitatis</strong></span> <span class='ocrx_word' id='word_1_311' title='bbox 1050 3660 1410 3726; x_wconf 81' lang='lat' dir='ltr'><strong>corporaliter;</strong></span> <span class='ocrx_word' id='word_1_312' title='bbox 1432 3668 1477 3710; x_wconf 89' lang='lat' dir='ltr'><strong>et</strong></span> <span class='ocrx_word' id='word_1_313' title='bbox 1504 3660 1619 3711; x_wconf 84' lang='lat' dir='ltr'><strong>estis</strong></span> <span class='ocrx_word' id='word_1_314' title='bbox 1645 3660 1695 3710; x_wconf 89' lang='lat' dir='ltr'><strong>in</strong></span> <span class='ocrx_word' id='word_1_315' title='bbox 1719 3658 1808 3711; x_wconf 87' lang='lat' dir='ltr'><strong>illo</strong></span> <span class='ocrx_word' id='word_1_316' title='bbox 1839 3660 2036 3726; x_wconf 76' lang='lat' dir='ltr'><strong>repleti.</strong></span> 
     </span>
    </p>
   </div>
   <div class='ocr_carea' id='block_1_39' title="bbox 467 3747 2040 3814">
    <p class='ocr_par' dir='ltr' id='par_1_39' title="bbox 467 3747 2040 3814">
     <span class='ocr_line' id='line_1_39' title="bbox 467 3747 2040 3814; baseline -0.004 -7"><span class='ocrx_word' id='word_1_317' title='bbox 467 3753 571 3807; x_wconf 78' lang='lat' dir='ltr'><strong>Alii</strong></span> <span class='ocrx_word' id='word_1_318' title='bbox 598 3753 743 3805; x_wconf 80' lang='lat' dir='ltr'><strong>aiunt</strong></span> <span class='ocrx_word' id='word_1_319' title='bbox 764 3764 885 3802; x_wconf 87' lang='lat' dir='ltr'><strong>eum</strong></span> <span class='ocrx_word' id='word_1_320' title='bbox 908 3748 1086 3802; x_wconf 87' lang='lat' dir='ltr'><strong>dicere</strong></span> <span class='ocrx_word' id='word_1_321' title='bbox 1118 3748 1407 3801; x_wconf 76' lang='lat' dir='ltr'><strong>Ecclesium</strong></span> <span class='ocrx_word' id='word_1_322' title='bbox 1427 3747 1493 3800; x_wconf 90' lang='lat' dir='ltr'><strong>ab</strong></span> <span class='ocrx_word' id='word_1_323' title='bbox 1508 3748 1623 3814; x_wconf 85' lang='lat' dir='ltr'><strong>ejus</strong></span> <span class='ocrx_word' id='word_1_324' title='bbox 1652 3749 1929 3801; x_wconf 88' lang='lat' dir='ltr'><strong>divinitate</strong></span> <span class='ocrx_word' id='word_1_325' title='bbox 1956 3765 2040 3801; x_wconf 87' lang='lat' dir='ltr'><strong>re-</strong></span> 
     </span>
    </p>
   </div>
   <div class='ocr_carea' id='block_1_40' title="bbox 469 3837 2039 3913">
    <p class='ocr_par' dir='ltr' id='par_1_40' title="bbox 469 3837 2039 3913">
     <span class='ocr_line' id='line_1_40' title="bbox 469 3837 2039 3913; baseline -0.003 -17"><span class='ocrx_word' id='word_1_326' title='bbox 469 3845 686 3913; x_wconf 84' lang='lat' dir='ltr'><strong>pletam.</strong></span> <span class='ocrx_word' id='word_1_327' title='bbox 718 3842 858 3894; x_wconf 81' lang='lat' dir='ltr'><strong>sicut</strong></span> <span class='ocrx_word' id='word_1_328' title='bbox 885 3839 1006 3893; x_wconf 86' lang='lat' dir='ltr'><strong>alibi</strong></span> <span class='ocrx_word' id='word_1_329' title='bbox 1037 3838 1185 3902; x_wconf 70' lang='lat' dir='ltr'><strong>dicit,</strong></span> <span class='ocrx_word' id='word_1_330' title='bbox 1220 3837 1317 3903; x_wconf 89' lang='lat' dir='ltr'><strong>Qui</strong></span> <span class='ocrx_word' id='word_1_331' title='bbox 1337 3838 1503 3889; x_wconf 87' lang='lat' dir='ltr'><strong>omnia</strong></span> <span class='ocrx_word' id='word_1_332' title='bbox 1533 3838 1702 3907; x_wconf 86' lang='lat' dir='ltr'><strong>implet</strong></span> <span class='ocrx_word' id='word_1_333' title='bbox 1732 3838 1781 3890; x_wconf 89' lang='lat' dir='ltr'><strong>in</strong></span> <span class='ocrx_word' id='word_1_334' title='bbox 1811 3839 2039 3891; x_wconf 81' lang='lat' dir='ltr'><strong>omnibus</strong></span> 
     </span>
    </p>
   </div>
   <div class='ocr_carea' id='block_1_41' title="bbox 468 3930 2039 4007">
    <p class='ocr_par' dir='ltr' id='par_1_41' title="bbox 468 3930 2039 4007">
     <span class='ocr_line' id='line_1_41' title="bbox 468 3930 2039 4007; baseline -0.004 -17"><span class='ocrx_word' id='word_1_335' title='bbox 468 3936 687 4007; x_wconf 74' lang='lat' dir='ltr'><strong>(Ep/tes.</strong></span> <span class='ocrx_word' id='word_1_336' title='bbox 718 3935 767 3988; x_wconf 82' lang='lat' dir='ltr'><strong>t.</strong></span> <span class='ocrx_word' id='word_1_337' title='bbox 799 3933 924 4001; x_wconf 72' lang='lat'><strong>25);</strong></span> <span class='ocrx_word' id='word_1_338' title='bbox 948 3930 1299 4001; x_wconf 67' lang='lat' dir='ltr'><strong>corporaliter</strong></span> <span class='ocrx_word' id='word_1_339' title='bbox 1326 3938 1526 3991; x_wconf 89' lang='lat' dir='ltr'><strong>autem,</strong></span> <span class='ocrx_word' id='word_1_340' title='bbox 1554 3939 1817 3998; x_wconf 89' lang='lat' dir='ltr'><strong>tamquam</strong></span> <span class='ocrx_word' id='word_1_341' title='bbox 1843 3945 2039 3996; x_wconf 78' lang='lat' dir='ltr'><strong>corpus</strong></span> 
     </span>
    </p>
   </div>
   <div class='ocr_carea' id='block_1_42' title="bbox 469 4018 2043 4096">
    <p class='ocr_par' dir='ltr' id='par_1_42' title="bbox 469 4018 2043 4096">
     <span class='ocr_line' id='line_1_42' title="bbox 469 4018 2043 4096; baseline -0.005 -15"><span class='ocrx_word' id='word_1_342' title='bbox 469 4029 521 4082; x_wconf 89' lang='lat' dir='ltr'><strong>in</strong></span> <span class='ocrx_word' id='word_1_343' title='bbox 543 4027 735 4096; x_wconf 85' lang='lat' dir='ltr'><strong>capite.</strong></span> <span class='ocrx_word' id='word_1_344' title='bbox 768 4022 1047 4091; x_wconf 85' lang='lat' dir='ltr'><strong>Quomodo</strong></span> <span class='ocrx_word' id='word_1_345' title='bbox 1077 4036 1201 4091; x_wconf 78' lang='lat' dir='ltr'><strong>ergo</strong></span> <span class='ocrx_word' id='word_1_346' title='bbox 1227 4035 1330 4073; x_wconf 88' lang='lat' dir='ltr'><strong>non</strong></span> <span class='ocrx_word' id='word_1_347' title='bbox 1359 4019 1650 4089; x_wconf 79' lang='lat' dir='ltr'><strong>subjuuxit,</strong></span> <span class='ocrx_word' id='word_1_348' title='bbox 1675 4020 1802 4086; x_wconf 69' lang='lat' dir='ltr'><strong>Quze</strong></span> <span class='ocrx_word' id='word_1_349' title='bbox 1832 4029 1913 4073; x_wconf 81' lang='lat' dir='ltr'><strong>est</strong></span> <span class='ocrx_word' id='word_1_350' title='bbox 1936 4018 2043 4073; x_wconf 84' lang='lat' dir='ltr'><strong>Ec-</strong></span> 
     </span>
    </p>
   </div>
   <div class='ocr_carea' id='block_1_43' title="bbox 465 4107 2040 4181">
    <p class='ocr_par' dir='ltr' id='par_1_43' title="bbox 465 4107 2040 4181">
     <span class='ocr_line' id='line_1_43' title="bbox 465 4107 2040 4181; baseline -0.004 -10"><span class='ocrx_word' id='word_1_351' title='bbox 465 4114 661 4172; x_wconf 83' lang='lat' dir='ltr'><strong>etesia?</strong></span> <span class='ocrx_word' id='word_1_352' title='bbox 688 4113 912 4181; x_wconf 82' lang='lat' dir='ltr'><strong>Quidam</strong></span> <span class='ocrx_word' id='word_1_353' title='bbox 943 4112 1091 4165; x_wconf 85' lang='lat' dir='ltr'><strong>aiunt</strong></span> <span class='ocrx_word' id='word_1_354' title='bbox 1120 4126 1239 4165; x_wconf 89' lang='lat' dir='ltr'><strong>cum</strong></span> <span class='ocrx_word' id='word_1_355' title='bbox 1270 4110 1335 4164; x_wconf 89' lang='lat' dir='ltr'><strong>de</strong></span> <span class='ocrx_word' id='word_1_356' title='bbox 1357 4109 1515 4164; x_wconf 80' lang='lat' dir='ltr'><strong>Patre</strong></span> <span class='ocrx_word' id='word_1_357' title='bbox 1528 4107 1728 4174; x_wconf 83' lang='lat' dir='ltr'><strong>dicere,</strong></span> <span class='ocrx_word' id='word_1_358' title='bbox 1752 4109 2040 4164; x_wconf 81' lang='lat' dir='ltr'><strong>divinitatis</strong></span> 
     </span>
    </p>
   </div>
   <div class='ocr_carea' id='block_1_44' title="bbox 470 4200 2039 4278">
    <p class='ocr_par' dir='ltr' id='par_1_44' title="bbox 470 4200 2039 4278">
     <span class='ocr_line' id='line_1_44' title="bbox 470 4200 2039 4278; baseline -0.004 -18"><span class='ocrx_word' id='word_1_359' title='bbox 470 4206 851 4278; x_wconf 84' lang='lat' dir='ltr'><strong>plenitudinem</strong></span> <span class='ocrx_word' id='word_1_360' title='bbox 874 4205 925 4257; x_wconf 90' lang='lat' dir='ltr'><strong>in</strong></span> <span class='ocrx_word' id='word_1_361' title='bbox 944 4203 1060 4271; x_wconf 91' lang='lat' dir='ltr'><strong>ipso</strong></span> <span class='ocrx_word' id='word_1_362' title='bbox 1084 4203 1348 4273; x_wconf 79' lang='lat' dir='ltr'><strong>habitare;</strong></span> <span class='ocrx_word' id='word_1_363' title='bbox 1374 4200 1463 4253; x_wconf 81' lang='lat' dir='ltr'><strong>sed</strong></span> <span class='ocrx_word' id='word_1_364' title='bbox 1489 4215 1783 4269; x_wconf 86' lang='lat' dir='ltr'><strong>perperam.</strong></span> <span class='ocrx_word' id='word_1_365' title='bbox 1808 4200 2039 4254; x_wconf 81' lang='lat' dir='ltr'><strong>l‘rimum</strong></span> 
     </span>
    </p>
   </div>
   <div class='ocr_carea' id='block_1_45' title="bbox 468 4290 2037 4371">
    <p class='ocr_par' dir='ltr' id='par_1_45' title="bbox 468 4290 2037 4371">
     <span class='ocr_line' id='line_1_45' title="bbox 468 4290 2037 4371; baseline -0.004 -18"><span class='ocrx_word' id='word_1_366' title='bbox 468 4298 702 4371; x_wconf 86' lang='lat' dir='ltr'><strong>quidem,</strong></span> <span class='ocrx_word' id='word_1_367' title='bbox 737 4297 856 4367; x_wconf 89' lang='lat' dir='ltr'><strong>quia</strong></span> <span class='ocrx_word' id='word_1_368' title='bbox 892 4296 1133 4348; x_wconf 87' lang='lat' dir='ltr'><strong>habitare</strong></span> <span class='ocrx_word' id='word_1_369' title='bbox 1165 4309 1268 4347; x_wconf 87' lang='lat' dir='ltr'><strong>non</strong></span> <span class='ocrx_word' id='word_1_370' title='bbox 1301 4293 1516 4362; x_wconf 86' lang='lat' dir='ltr'><strong>proprie</strong></span> <span class='ocrx_word' id='word_1_371' title='bbox 1546 4292 1739 4345; x_wconf 88' lang='lat' dir='ltr'><strong>dicitur</strong></span> <span class='ocrx_word' id='word_1_372' title='bbox 1777 4290 1845 4345; x_wconf 90' lang='lat' dir='ltr'><strong>de</strong></span> <span class='ocrx_word' id='word_1_373' title='bbox 1892 4294 2037 4346; x_wconf 89' lang='lat' dir='ltr'><strong>Deo:</strong></span> 
     </span>
    </p>
   </div>
   <div class='ocr_carea' id='block_1_46' title="bbox 469 4385 2039 4459">
    <p class='ocr_par' dir='ltr' id='par_1_46' title="bbox 469 4385 2039 4459">
     <span class='ocr_line' id='line_1_46' title="bbox 469 4385 2039 4459; baseline -0.005 -14"><span class='ocrx_word' id='word_1_374' title='bbox 469 4389 705 4447; x_wconf 86' lang='lat' dir='ltr'><strong>secundo</strong></span> <span class='ocrx_word' id='word_1_375' title='bbox 731 4389 850 4459; x_wconf 86' lang='lat' dir='ltr'><strong>quia</strong></span> <span class='ocrx_word' id='word_1_376' title='bbox 883 4387 1154 4457; x_wconf 89' lang='lat' dir='ltr'><strong>plenitudo</strong></span> <span class='ocrx_word' id='word_1_377' title='bbox 1182 4401 1283 4440; x_wconf 88' lang='lat' dir='ltr'><strong>non</strong></span> <span class='ocrx_word' id='word_1_378' title='bbox 1316 4394 1394 4439; x_wconf 89' lang='lat' dir='ltr'><strong>est</strong></span> <span class='ocrx_word' id='word_1_379' title='bbox 1422 4400 1539 4454; x_wconf 64' lang='lat' dir='ltr'><strong>qua:</strong></span> <span class='ocrx_word' id='word_1_380' title='bbox 1577 4385 1893 4454; x_wconf 88' lang='lat' dir='ltr'><strong>suscipitur;</strong></span> <span class='ocrx_word' id='word_1_381' title='bbox 1920 4400 2039 4438; x_wconf 88' lang='lat' dir='ltr'><strong>nam</strong></span> 
     </span>
    </p>
   </div>
   <div class='ocr_carea' id='block_1_47' title="bbox 472 4474 2041 4546">
    <p class='ocr_par' dir='ltr' id='par_1_47' title="bbox 472 4474 2041 4546">
     <span class='ocr_line' id='line_1_47' title="bbox 472 4474 2041 4546; baseline -0.004 -11"><span class='ocrx_word' id='word_1_382' title='bbox 472 4481 677 4535; x_wconf 87' lang='lat' dir='ltr'><strong>Domini</strong></span> <span class='ocrx_word' id='word_1_383' title='bbox 704 4488 773 4535; x_wconf 82' lang='lat' dir='ltr'><strong>est</strong></span> <span class='ocrx_word' id='word_1_384' title='bbox 806 4490 959 4544; x_wconf 91' lang='lat' dir='ltr'><strong>terra,</strong></span> <span class='ocrx_word' id='word_1_385' title='bbox 1003 4488 1048 4531; x_wconf 87' lang='lat' dir='ltr'><strong>et</strong></span> <span class='ocrx_word' id='word_1_386' title='bbox 1091 4477 1349 4538; x_wconf 81' lang='lat' dir='ltr'><strong>plenitudo</strong></span> <span class='ocrx_word' id='word_1_387' title='bbox 1388 4478 1495 4545; x_wconf 82' lang='lat' dir='ltr'><strong>ejus</strong></span> <span class='ocrx_word' id='word_1_388' title='bbox 1526 4474 1693 4546; x_wconf 84' lang='lat' dir='ltr'><strong>(Psal.</strong></span> <span class='ocrx_word' id='word_1_389' title='bbox 1736 4476 1827 4531; x_wconf 74' lang='lat'><strong>25.</strong></span> <span class='ocrx_word' id='word_1_390' title='bbox 1865 4477 1953 4543; x_wconf 81' lang='lat' dir='ltr'><strong>l);</strong></span> <span class='ocrx_word' id='word_1_391' title='bbox 1987 4484 2041 4529; x_wconf 90' lang='lat' dir='ltr'><strong>et</strong></span> 
     </span>
    </p>
   </div>
   <div class='ocr_carea' id='block_1_48' title="bbox 470 4566 2043 4638">
    <p class='ocr_par' dir='ltr' id='par_1_48' title="bbox 470 4566 2043 4638">
     <span class='ocr_line' id='line_1_48' title="bbox 470 4566 2043 4638; baseline -0.003 -12"><span class='ocrx_word' id='word_1_392' title='bbox 470 4585 657 4626; x_wconf 82' lang='lat' dir='ltr'><strong>rursus</strong></span> <span class='ocrx_word' id='word_1_393' title='bbox 691 4568 995 4638; x_wconf 84' lang='lat' dir='ltr'><strong>Apostolus,</strong></span> <span class='ocrx_word' id='word_1_394' title='bbox 1028 4566 1199 4619; x_wconf 85' lang='lat' dir='ltr'><strong>Donec</strong></span> <span class='ocrx_word' id='word_1_395' title='bbox 1228 4567 1488 4635; x_wconf 87' lang='lat' dir='ltr'><strong>plenitudo</strong></span> <span class='ocrx_word' id='word_1_396' title='bbox 1529 4568 1753 4636; x_wconf 83' lang='lat' dir='ltr'><strong>gentium</strong></span> <span class='ocrx_word' id='word_1_397' title='bbox 1792 4569 2043 4621; x_wconf 82' lang='lat' dir='ltr'><strong>advenerit</strong></span> 
     </span>
    </p>
   </div>
   <div class='ocr_carea' id='block_1_49' title="bbox 469 4656 2041 4732">
    <p class='ocr_par' dir='ltr' id='par_1_49' title="bbox 469 4656 2041 4732">
     <span class='ocr_line' id='line_1_49' title="bbox 469 4656 2041 4732; baseline -0.004 -16"><span class='ocrx_word' id='word_1_398' title='bbox 469 4660 642 4732; x_wconf 83' lang='lat' dir='ltr'><strong>(Rom.</strong></span> <span class='ocrx_word' id='word_1_399' title='bbox 680 4661 765 4715; x_wconf 78' lang='grc'><strong>11.</strong></span> <span class='ocrx_word' id='word_1_400' title='bbox 796 4660 912 4729; x_wconf 70' lang='grc'><strong>25).</strong></span> <span class='ocrx_word' id='word_1_401' title='bbox 944 4658 1133 4713; x_wconf 83' lang='lat' dir='ltr'><strong>Totum</strong></span> <span class='ocrx_word' id='word_1_402' title='bbox 1164 4656 1360 4711; x_wconf 90' lang='lat' dir='ltr'><strong>dicitur</strong></span> <span class='ocrx_word' id='word_1_403' title='bbox 1382 4657 1673 4727; x_wconf 86' lang='lat' dir='ltr'><strong>plenitudo.</strong></span> <span class='ocrx_word' id='word_1_404' title='bbox 1698 4658 1897 4712; x_wconf 90' lang='lat' dir='ltr'><strong>Deinde</strong></span> <span class='ocrx_word' id='word_1_405' title='bbox 1915 4657 2041 4727; x_wconf 87' lang='lat' dir='ltr'><strong>qttid</strong></span> 
     </span>
    </p>
   </div>
   <div class='ocr_carea' id='block_1_50' title="bbox 469 4750 2043 4821">
    <p class='ocr_par' dir='ltr' id='par_1_50' title="bbox 469 4750 2043 4821">
     <span class='ocr_line' id='line_1_50' title="bbox 469 4750 2043 4821; baseline -0.002 -14"><span class='ocrx_word' id='word_1_406' title='bbox 469 4754 569 4808; x_wconf 85' lang='lat' dir='ltr'><strong>sibi</strong></span> <span class='ocrx_word' id='word_1_407' title='bbox 599 4753 712 4806; x_wconf 91' lang='lat' dir='ltr'><strong>vult</strong></span> <span class='ocrx_word' id='word_1_408' title='bbox 741 4751 891 4813; x_wconf 86' lang='lat' dir='ltr'><strong>illud,</strong></span> <span class='ocrx_word' id='word_1_409' title='bbox 922 4750 1299 4821; x_wconf 78' lang='lat' dir='ltr'><strong>Corporaliter?</strong></span> <span class='ocrx_word' id='word_1_410' title='bbox 1325 4750 1472 4803; x_wconf 83' lang='lat' dir='ltr'><strong>Sicut</strong></span> <span class='ocrx_word' id='word_1_411' title='bbox 1499 4751 1550 4803; x_wconf 90' lang='lat' dir='ltr'><strong>in</strong></span> <span class='ocrx_word' id='word_1_412' title='bbox 1581 4751 1774 4819; x_wconf 86' lang='lat' dir='ltr'><strong>capite.</strong></span> <span class='ocrx_word' id='word_1_413' title='bbox 1813 4751 1921 4804; x_wconf 87' lang='lat' dir='ltr'><strong>Cttr</strong></span> <span class='ocrx_word' id='word_1_414' title='bbox 1947 4767 2043 4804; x_wconf 85' lang='lat' dir='ltr'><strong>att-</strong></span> 
     </span>
    </p>
   </div>
   <div class='ocr_carea' id='block_1_51' title="bbox 471 4838 2040 4907">
    <p class='ocr_par' dir='ltr' id='par_1_51' title="bbox 471 4838 2040 4907">
     <span class='ocr_line' id='line_1_51' title="bbox 471 4838 2040 4907; baseline -0.003 -9"><span class='ocrx_word' id='word_1_415' title='bbox 471 4856 577 4898; x_wconf 84' lang='lat' dir='ltr'><strong>tcm</strong></span> <span class='ocrx_word' id='word_1_416' title='bbox 606 4857 790 4896; x_wconf 89' lang='lat' dir='ltr'><strong>rursus</strong></span> <span class='ocrx_word' id='word_1_417' title='bbox 821 4842 957 4895; x_wconf 88' lang='lat' dir='ltr'><strong>idem</strong></span> <span class='ocrx_word' id='word_1_418' title='bbox 1009 4840 1157 4904; x_wconf 89' lang='lat' dir='ltr'><strong>dicit,</strong></span> <span class='ocrx_word' id='word_1_419' title='bbox 1192 4838 1255 4891; x_wconf 77' lang='lat' dir='ltr'><strong>Et</strong></span> <span class='ocrx_word' id='word_1_420' title='bbox 1294 4840 1408 4892; x_wconf 83' lang='lat' dir='ltr'><strong>estis</strong></span> <span class='ocrx_word' id='word_1_421' title='bbox 1446 4840 1497 4891; x_wconf 87' lang='lat' dir='ltr'><strong>in</strong></span> <span class='ocrx_word' id='word_1_422' title='bbox 1526 4840 1613 4892; x_wconf 88' lang='lat' dir='ltr'><strong>illo</strong></span> <span class='ocrx_word' id='word_1_423' title='bbox 1644 4840 1861 4906; x_wconf 80' lang='lat' dir='ltr'><strong>repleti?</strong></span> <span class='ocrx_word' id='word_1_424' title='bbox 1904 4840 2040 4907; x_wconf 88' lang='lat' dir='ltr'><strong>Quid</strong></span> 
     </span>
    </p>
   </div>
   <div class='ocr_carea' id='block_1_52' title="bbox 468 4930 2040 5003">
    <p class='ocr_par' dir='ltr' id='par_1_52' title="bbox 468 4930 2040 5003">
     <span class='ocr_line' id='line_1_52' title="bbox 468 4930 2040 5003; baseline -0.001 -15"><span class='ocrx_word' id='word_1_425' title='bbox 468 4950 599 5003; x_wconf 83' lang='lat' dir='ltr'><strong>ergo</strong></span> <span class='ocrx_word' id='word_1_426' title='bbox 630 4931 756 4987; x_wconf 88' lang='lat' dir='ltr'><strong>illttd</strong></span> <span class='ocrx_word' id='word_1_427' title='bbox 800 4932 913 4986; x_wconf 84' lang='lat' dir='ltr'><strong>eSt?</strong></span> <span class='ocrx_word' id='word_1_428' title='bbox 942 4932 1073 4999; x_wconf 81' lang='lat' dir='ltr'><strong>Quia</strong></span> <span class='ocrx_word' id='word_1_429' title='bbox 1104 4930 1231 4985; x_wconf 88' lang='lat' dir='ltr'><strong>nihil</strong></span> <span class='ocrx_word' id='word_1_430' title='bbox 1264 4931 1437 4983; x_wconf 90' lang='lat' dir='ltr'><strong>minus</strong></span> <span class='ocrx_word' id='word_1_431' title='bbox 1472 4930 1675 4983; x_wconf 88' lang='lat' dir='ltr'><strong>hahetis</strong></span> <span class='ocrx_word' id='word_1_432' title='bbox 1715 4945 1871 5000; x_wconf 87' lang='lat' dir='ltr'><strong>quam</strong></span> <span class='ocrx_word' id='word_1_433' title='bbox 1916 4932 2040 4986; x_wconf 83' lang='lat' dir='ltr'><strong>ille:</strong></span> 
     </span>
    </p>
   </div>
   <div class='ocr_carea' id='block_1_53' title="bbox 469 5019 2042 5089">
    <p class='ocr_par' dir='ltr' id='par_1_53' title="bbox 469 5019 2042 5089">
     <span class='ocr_line' id='line_1_53' title="bbox 469 5019 2042 5089; baseline -0.001 -11"><span class='ocrx_word' id='word_1_434' title='bbox 469 5026 605 5078; x_wconf 82' lang='lat' dir='ltr'><strong>sicut</strong></span> <span class='ocrx_word' id='word_1_435' title='bbox 643 5024 693 5077; x_wconf 91' lang='lat' dir='ltr'><strong>iu</strong></span> <span class='ocrx_word' id='word_1_436' title='bbox 728 5023 818 5076; x_wconf 92' lang='lat' dir='ltr'><strong>illo</strong></span> <span class='ocrx_word' id='word_1_437' title='bbox 866 5022 1146 5085; x_wconf 85' lang='lat' dir='ltr'><strong>habitavit,</strong></span> <span class='ocrx_word' id='word_1_438' title='bbox 1197 5021 1265 5073; x_wconf 91' lang='lat' dir='ltr'><strong>ita</strong></span> <span class='ocrx_word' id='word_1_439' title='bbox 1316 5020 1475 5073; x_wconf 89' lang='lat' dir='ltr'><strong>etiam</strong></span> <span class='ocrx_word' id='word_1_440' title='bbox 1522 5020 1571 5071; x_wconf 93' lang='lat' dir='ltr'><strong>in</strong></span> <span class='ocrx_word' id='word_1_441' title='bbox 1617 5019 1785 5073; x_wconf 80' lang='lat' dir='ltr'><strong>vobis.</strong></span> <span class='ocrx_word' id='word_1_442' title='bbox 1817 5019 2042 5089; x_wconf 84' lang='lat' dir='ltr'><strong>Semper</strong></span> 
     </span>
    </p>
   </div>
   <div class='ocr_carea' id='block_1_54' title="bbox 469 5107 2039 5177">
    <p class='ocr_par' dir='ltr' id='par_1_54' title="bbox 469 5107 2039 5177">
     <span class='ocr_line' id='line_1_54' title="bbox 469 5107 2039 5177; baseline -0.002 -10"><span class='ocrx_word' id='word_1_443' title='bbox 469 5115 611 5167; x_wconf 89' lang='lat' dir='ltr'><strong>enim</strong></span> <span class='ocrx_word' id='word_1_444' title='bbox 642 5110 918 5165; x_wconf 87' lang='lat' dir='ltr'><strong>contendit</strong></span> <span class='ocrx_word' id='word_1_445' title='bbox 950 5110 1143 5164; x_wconf 82' lang='lat' dir='ltr'><strong>Paulus</strong></span> <span class='ocrx_word' id='word_1_446' title='bbox 1176 5119 1230 5161; x_wconf 92' lang='lat' dir='ltr'><strong>ut</strong></span> <span class='ocrx_word' id='word_1_447' title='bbox 1276 5124 1370 5161; x_wconf 55' lang='lat' dir='ltr'><strong>nos</strong></span> <span class='ocrx_word' id='word_1_448' title='bbox 1401 5107 1627 5161; x_wconf 85' lang='lat' dir='ltr'><strong>adducat</strong></span> <span class='ocrx_word' id='word_1_449' title='bbox 1672 5122 1840 5177; x_wconf 84' lang='lat' dir='ltr'><strong>prope</strong></span> <span class='ocrx_word' id='word_1_450' title='bbox 1880 5111 2039 5164; x_wconf 78' lang='lat' dir='ltr'><strong>Chri-</strong></span> 
     </span>
    </p>
   </div>
   <div class='ocr_carea' id='block_1_55' title="bbox 471 5198 2042 5271">
    <p class='ocr_par' dir='ltr' id='par_1_55' title="bbox 471 5198 2042 5271">
     <span class='ocr_line' id='line_1_55' title="bbox 471 5198 2042 5271; baseline -0.003 -13"><span class='ocrx_word' id='word_1_451' title='bbox 471 5214 646 5258; x_wconf 86' lang='lat' dir='ltr'><strong>stum:</strong></span> <span class='ocrx_word' id='word_1_452' title='bbox 678 5211 731 5255; x_wconf 91' lang='lat' dir='ltr'><strong>ut</strong></span> <span class='ocrx_word' id='word_1_453' title='bbox 758 5203 970 5271; x_wconf 88' lang='lat' dir='ltr'><strong>quando</strong></span> <span class='ocrx_word' id='word_1_454' title='bbox 1008 5200 1154 5263; x_wconf 88' lang='lat' dir='ltr'><strong>dicit,</strong></span> <span class='ocrx_word' id='word_1_455' title='bbox 1201 5198 1639 5262; x_wconf 81' lang='lat' dir='ltr'><strong>Conresuscitavit,</strong></span> <span class='ocrx_word' id='word_1_456' title='bbox 1686 5209 1733 5251; x_wconf 90' lang='lat' dir='ltr'><strong>et</strong></span> <span class='ocrx_word' id='word_1_457' title='bbox 1773 5201 2042 5254; x_wconf 82' lang='lat' dir='ltr'><strong>consedere</strong></span> 
     </span>
    </p>
   </div>
   <div class='ocr_carea' id='block_1_56' title="bbox 471 5291 2043 5366">
    <p class='ocr_par' dir='ltr' id='par_1_56' title="bbox 471 5291 2043 5366">
     <span class='ocr_line' id='line_1_56' title="bbox 471 5291 2043 5366; baseline -0.003 -18"><span class='ocrx_word' id='word_1_458' title='bbox 471 5295 587 5364; x_wconf 74' lang='lat' dir='ltr'><strong>fecit</strong></span> <span class='ocrx_word' id='word_1_459' title='bbox 616 5293 823 5366; x_wconf 79' lang='lat' dir='ltr'><strong>(Ephes.</strong></span> <span class='ocrx_word' id='word_1_460' title='bbox 850 5294 904 5347; x_wconf 71' lang='lat'><strong>2.</strong></span> <span class='ocrx_word' id='word_1_461' title='bbox 931 5295 1017 5362; x_wconf 79' lang='lat' dir='ltr'><strong>ti);</strong></span> <span class='ocrx_word' id='word_1_462' title='bbox 1049 5302 1123 5355; x_wconf 89' lang='lat' dir='ltr'><strong>et,</strong></span> <span class='ocrx_word' id='word_1_463' title='bbox 1170 5291 1229 5346; x_wconf 84' lang='lat' dir='ltr'><strong>Si</strong></span> <span class='ocrx_word' id='word_1_464' title='bbox 1259 5291 1665 5355; x_wconf 88' lang='lat' dir='ltr'><strong>sustinuerimus,</strong></span> <span class='ocrx_word' id='word_1_465' title='bbox 1694 5300 1740 5343; x_wconf 90' lang='lat' dir='ltr'><strong>et</strong></span> <span class='ocrx_word' id='word_1_466' title='bbox 1766 5307 2043 5360; x_wconf 79' lang='lat' dir='ltr'><strong>conregna-</strong></span> 
     </span>
    </p>
   </div>
   <div class='ocr_carea' id='block_1_57' title="bbox 471 5381 2045 5455">
    <p class='ocr_par' dir='ltr' id='par_1_57' title="bbox 471 5381 2045 5455">
     <span class='ocr_line' id='line_1_57' title="bbox 471 5381 2045 5455; baseline -0.003 -16"><span class='ocrx_word' id='word_1_467' title='bbox 471 5388 633 5441; x_wconf 82' lang='lat' dir='ltr'><strong>bimus</strong></span> <span class='ocrx_word' id='word_1_468' title='bbox 672 5384 745 5455; x_wconf 68' lang='lat'><strong>(2.</strong></span> <span class='ocrx_word' id='word_1_469' title='bbox 800 5381 930 5438; x_wconf 84' lang='lat' dir='ltr'><strong>Tim.</strong></span> <span class='ocrx_word' id='word_1_470' title='bbox 976 5383 1030 5436; x_wconf 73' lang='lat'><strong>2.</strong></span> <span class='ocrx_word' id='word_1_471' title='bbox 1065 5382 1181 5451; x_wconf 67' lang='lat'><strong>12);</strong></span> <span class='ocrx_word' id='word_1_472' title='bbox 1212 5392 1285 5446; x_wconf 90' lang='lat' dir='ltr'><strong>et,</strong></span> <span class='ocrx_word' id='word_1_473' title='bbox 1321 5382 1585 5448; x_wconf 82' lang='lat' dir='ltr'><strong>Quomodo</strong></span> <span class='ocrx_word' id='word_1_474' title='bbox 1631 5398 1728 5435; x_wconf 88' lang='lat' dir='ltr'><strong>non</strong></span> <span class='ocrx_word' id='word_1_475' title='bbox 1759 5382 1906 5435; x_wconf 87' lang='lat' dir='ltr'><strong>etiam</strong></span> <span class='ocrx_word' id='word_1_476' title='bbox 1931 5398 2045 5434; x_wconf 85' lang='lat' dir='ltr'><strong>cum</strong></span> 
     </span>
    </p>
   </div>
   <div class='ocr_carea' id='block_1_58' title="bbox 467 5471 2039 5545">
    <p class='ocr_par' dir='ltr' id='par_1_58' title="bbox 467 5471 2039 5545">
     <span class='ocr_line' id='line_1_58' title="bbox 467 5471 2039 5545; baseline -0.003 -15"><span class='ocrx_word' id='word_1_477' title='bbox 467 5480 581 5545; x_wconf 84' lang='lat' dir='ltr'><strong>ipso</strong></span> <span class='ocrx_word' id='word_1_478' title='bbox 610 5477 778 5529; x_wconf 87' lang='lat' dir='ltr'><strong>omnia</strong></span> <span class='ocrx_word' id='word_1_479' title='bbox 808 5474 949 5528; x_wconf 85' lang='lat' dir='ltr'><strong>nobis</strong></span> <span class='ocrx_word' id='word_1_480' title='bbox 977 5472 1181 5525; x_wconf 72' lang='lat' dir='ltr'><strong>donabit</strong></span> <span class='ocrx_word' id='word_1_481' title='bbox 1208 5471 1381 5541; x_wconf 83' lang='lat' dir='ltr'><strong>(Rom.</strong></span> <span class='ocrx_word' id='word_1_482' title='bbox 1407 5472 1459 5527; x_wconf 91' lang='lat'><strong>8.</strong></span> <span class='ocrx_word' id='word_1_483' title='bbox 1506 5471 1595 5540; x_wconf 72' lang='grc'><strong>52)</strong></span> <span class='ocrx_word' id='word_1_484' title='bbox 1617 5478 1643 5535; x_wconf 85' lang='grc'><strong>;’</strong></span> <span class='ocrx_word' id='word_1_485' title='bbox 1663 5485 1855 5525; x_wconf 80' lang='lat' dir='ltr'><strong>vocans</strong></span> <span class='ocrx_word' id='word_1_486' title='bbox 1878 5472 2039 5525; x_wconf 87' lang='lat' dir='ltr'><strong>etiam</strong></span> 
     </span>
    </p>
   </div>
   <div class='ocr_carea' id='block_1_59' title="bbox 472 5560 2040 5633">
    <p class='ocr_par' dir='ltr' id='par_1_59' title="bbox 472 5560 2040 5633">
     <span class='ocr_line' id='line_1_59' title="bbox 472 5560 2040 5633; baseline -0.004 -14"><span class='ocrx_word' id='word_1_487' title='bbox 472 5566 785 5620; x_wconf 77' lang='lat' dir='ltr'><strong>coheredes.</strong></span> <span class='ocrx_word' id='word_1_488' title='bbox 817 5562 1015 5617; x_wconf 88' lang='lat' dir='ltr'><strong>Deinde</strong></span> <span class='ocrx_word' id='word_1_489' title='bbox 1034 5561 1102 5617; x_wconf 88' lang='lat' dir='ltr'><strong>de</strong></span> <span class='ocrx_word' id='word_1_490' title='bbox 1125 5562 1413 5633; x_wconf 79' lang='lat' dir='ltr'><strong>dignitate:</strong></span> <span class='ocrx_word' id='word_1_491' title='bbox 1439 5560 1506 5616; x_wconf 84' lang='lat' dir='ltr'><strong>Et</strong></span> <span class='ocrx_word' id='word_1_492' title='bbox 1527 5564 1633 5631; x_wconf 86' lang='lat' dir='ltr'><strong>ipse</strong></span> <span class='ocrx_word' id='word_1_493' title='bbox 1659 5572 1729 5616; x_wconf 86' lang='lat' dir='ltr'><strong>est</strong></span> <span class='ocrx_word' id='word_1_494' title='bbox 1759 5571 1909 5632; x_wconf 86' lang='lat' dir='ltr'><strong>caput</strong></span> <span class='ocrx_word' id='word_1_495' title='bbox 1933 5578 2040 5614; x_wconf 87' lang='lat' dir='ltr'><strong>om-</strong></span> 
     </span>
    </p>
   </div>
   <div class='ocr_carea' id='block_1_60' title="bbox 475 5654 2033 5726">
    <p class='ocr_par' dir='ltr' id='par_1_60' title="bbox 475 5654 2033 5726">
     <span class='ocr_line' id='line_1_60' title="bbox 475 5654 2033 5726; baseline 0.002 -21"><span class='ocrx_word' id='word_1_496' title='bbox 475 5658 553 5706; x_wconf 74' lang='lat' dir='ltr'><strong>nis</strong></span> <span class='ocrx_word' id='word_1_497' title='bbox 573 5658 885 5725; x_wconf 81' lang='lat' dir='ltr'><strong>principatus</strong></span> <span class='ocrx_word' id='word_1_498' title='bbox 903 5663 953 5707; x_wconf 82' lang='lat' dir='ltr'><strong>et</strong></span> <span class='ocrx_word' id='word_1_499' title='bbox 971 5658 1225 5723; x_wconf 82' lang='lat' dir='ltr'><strong>potestatis</strong></span> <span class='ocrx_word' id='word_1_500' title='bbox 1246 5654 1404 5725; x_wconf 78' lang='lat' dir='ltr'><strong>(Ibid.</strong></span> <span class='ocrx_word' id='word_1_501' title='bbox 1440 5671 1486 5708; x_wconf 84' lang='lat' dir='ltr'><strong>c.</strong></span> <span class='ocrx_word' id='word_1_502' title='bbox 1523 5656 1626 5726; x_wconf 83' lang='lat' dir='ltr'><strong>l7).</strong></span> <span class='ocrx_word' id='word_1_503' title='bbox 1650 5655 1747 5721; x_wconf 83' lang='lat' dir='ltr'><strong>Qui</strong></span> <span class='ocrx_word' id='word_1_504' title='bbox 1770 5666 1849 5711; x_wconf 88' lang='lat' dir='ltr'><strong>est</strong></span> <span class='ocrx_word' id='word_1_505' title='bbox 1877 5671 2033 5724; x_wconf 76' lang='lat' dir='ltr'><strong>stipe-</strong></span> 
     </span>
    </p>
   </div>
   <div class='ocr_carea' id='block_1_61' title="bbox 1197 269 2976 331">
    <p class='ocr_par' dir='ltr' id='par_1_61' title="bbox 1197 269 2976 331">
     <span class='ocr_line' id='line_1_61' title="bbox 1197 269 2976 331; baseline -0.001 -1"><span class='ocrx_word' id='word_1_506' title='bbox 1197 276 1251 330; x_wconf 85' lang='lat'><strong>8.</strong></span> <span class='ocrx_word' id='word_1_507' title='bbox 1287 274 1559 330; x_wconf 70' lang='lat' dir='ltr'><strong>JOANNIS</strong></span> <span class='ocrx_word' id='word_1_508' title='bbox 1583 271 2055 331; x_wconf 68' lang='lat' dir='ltr'><strong>CIIRYSOS‘I&#39;M</strong></span> <span class='ocrx_word' id='word_1_509' title='bbox 2094 269 2405 328; x_wconf 73' lang='lat' dir='ltr'><strong>ARCHIEP.</strong></span> <span class='ocrx_word' id='word_1_510' title='bbox 2448 271 2976 331; x_wconf 74' lang='lat' dir='ltr'><strong>CONSTANTINOP.</strong></span> 
     </span>
    </p>
   </div>
   <div class='ocr_carea' id='block_1_62' title="bbox 2143 386 3719 470">
    <p class='ocr_par' dir='ltr' id='par_1_62' title="bbox 2143 386 3719 470">
     <span class='ocr_line' id='line_1_62' title="bbox 2143 386 3719 470; baseline 0.008 -29"><span class='ocrx_word' id='word_1_511' title='bbox 2143 386 2253 441; x_wconf 88' lang='lat' dir='ltr'><strong>rior</strong></span> <span class='ocrx_word' id='word_1_512' title='bbox 2272 386 2538 451; x_wconf 86' lang='lat' dir='ltr'><strong>omnibus,</strong></span> <span class='ocrx_word' id='word_1_513' title='bbox 2557 396 2612 441; x_wconf 89' lang='lat' dir='ltr'><strong>et</strong></span> <span class='ocrx_word' id='word_1_514' title='bbox 2626 401 2785 442; x_wconf 82' lang='lat' dir='ltr'><strong>causa</strong></span> <span class='ocrx_word' id='word_1_515' title='bbox 2804 390 2981 443; x_wconf 84' lang='lat' dir='ltr'><strong>omnis</strong></span> <span class='ocrx_word' id='word_1_516' title='bbox 3000 390 3327 461; x_wconf 75' lang='lat' dir='ltr'><strong>principatus</strong></span> <span class='ocrx_word' id='word_1_517' title='bbox 3348 403 3403 447; x_wconf 86' lang='lat' dir='ltr'><strong>et</strong></span> <span class='ocrx_word' id='word_1_518' title='bbox 3422 402 3719 470; x_wconf 69' lang='lat' dir='ltr'><strong>potestatis,</strong></span> 
     </span>
    </p>
   </div>
   <div class='ocr_carea' id='block_1_63' title="bbox 2139 476 3721 544">
    <p class='ocr_par' dir='ltr' id='par_1_63' title="bbox 2139 476 3721 544">
     <span class='ocr_line' id='line_1_63' title="bbox 2139 476 3721 544; baseline 0.01 -16"><span class='ocrx_word' id='word_1_519' title='bbox 2139 490 2316 529; x_wconf 87' lang='lat' dir='ltr'><strong>annon</strong></span> <span class='ocrx_word' id='word_1_520' title='bbox 2375 485 2458 529; x_wconf 85' lang='lat' dir='ltr'><strong>est</strong></span> <span class='ocrx_word' id='word_1_521' title='bbox 2496 476 2968 532; x_wconf 84' lang='lat' dir='ltr'><strong>consubstantialis</strong></span> <span class='ocrx_word' id='word_1_522' title='bbox 2997 479 3025 532; x_wconf 82' lang='lat'><strong>?</strong></span> <span class='ocrx_word' id='word_1_523' title='bbox 3079 479 3284 535; x_wconf 88' lang='lat' dir='ltr'><strong>Deinde</strong></span> <span class='ocrx_word' id='word_1_524' title='bbox 3335 482 3721 544; x_wconf 69' lang='lat' dir='ltr'><strong>adtllll‘lbll‘lﬂ’</strong></span> 
     </span>
    </p>
   </div>
   <div class='ocr_carea' id='block_1_64' title="bbox 2139 564 3722 647">
    <p class='ocr_par' dir='ltr' id='par_1_64' title="bbox 2139 564 3722 647">
     <span class='ocr_line' id='line_1_64' title="bbox 2139 564 3722 647; baseline 0.013 -32"><span class='ocrx_word' id='word_1_525' title='bbox 2139 565 2412 633; x_wconf 79' lang='lat' dir='ltr'><strong>suhjunxit</strong></span> <span class='ocrx_word' id='word_1_526' title='bbox 2441 564 2782 631; x_wconf 77' lang='lat' dir='ltr'><strong>beneﬁcium,</strong></span> <span class='ocrx_word' id='word_1_527' title='bbox 2816 576 2870 621; x_wconf 87' lang='lat' dir='ltr'><strong>et</strong></span> <span class='ocrx_word' id='word_1_528' title='bbox 2896 569 3064 623; x_wconf 90' lang='lat' dir='ltr'><strong>multo</strong></span> <span class='ocrx_word' id='word_1_529' title='bbox 3089 569 3456 629; x_wconf 82' lang='lat' dir='ltr'><strong>admirabilius</strong></span> <span class='ocrx_word' id='word_1_530' title='bbox 3485 591 3643 647; x_wconf 84' lang='lat' dir='ltr'><strong>quam</strong></span> <span class='ocrx_word' id='word_1_531' title='bbox 3671 584 3722 636; x_wconf 91' lang='lat' dir='ltr'><strong>in</strong></span> 
     </span>
    </p>
   </div>
   <div class='ocr_carea' id='block_1_65' title="bbox 2143 654 3720 733">
    <p class='ocr_par' dir='ltr' id='par_1_65' title="bbox 2143 654 3720 733">
     <span class='ocr_line' id='line_1_65' title="bbox 2143 654 3720 733; baseline 0.011 -25"><span class='ocrx_word' id='word_1_532' title='bbox 2143 654 2374 722; x_wconf 84' lang='lat' dir='ltr'><strong>Epistula</strong></span> <span class='ocrx_word' id='word_1_533' title='bbox 2404 658 2468 711; x_wconf 88' lang='lat' dir='ltr'><strong>ad</strong></span> <span class='ocrx_word' id='word_1_534' title='bbox 2499 658 2789 713; x_wconf 78' lang='lat' dir='ltr'><strong>Romanos.</strong></span> <span class='ocrx_word' id='word_1_535' title='bbox 2822 659 2953 715; x_wconf 86' lang='lat' dir='ltr'><strong>Nam</strong></span> <span class='ocrx_word' id='word_1_536' title='bbox 3005 661 3116 716; x_wconf 90' lang='lat' dir='ltr'><strong>illic</strong></span> <span class='ocrx_word' id='word_1_537' title='bbox 3167 663 3382 733; x_wconf 91' lang='lat' dir='ltr'><strong>quidem</strong></span> <span class='ocrx_word' id='word_1_538' title='bbox 3431 668 3581 733; x_wconf 90' lang='lat' dir='ltr'><strong>dicit,</strong></span> <span class='ocrx_word' id='word_1_539' title='bbox 3611 672 3720 725; x_wconf 69' lang='lat' dir='ltr'><strong>(Sir-</strong></span> 
     </span>
    </p>
   </div>
   <div class='ocr_carea' id='block_1_66' title="bbox 2140 751 3719 831">
    <p class='ocr_par' dir='ltr' id='par_1_66' title="bbox 2140 751 3719 831">
     <span class='ocr_line' id='line_1_66' title="bbox 2140 751 3719 831; baseline 0.011 -32"><span class='ocrx_word' id='word_1_540' title='bbox 2140 751 2379 803; x_wconf 85' lang='lat' dir='ltr'><strong>cumcisio</strong></span> <span class='ocrx_word' id='word_1_541' title='bbox 2408 752 2574 803; x_wconf 82' lang='lat' dir='ltr'><strong>cordis</strong></span> <span class='ocrx_word' id='word_1_542' title='bbox 2622 752 2675 803; x_wconf 90' lang='lat' dir='ltr'><strong>in</strong></span> <span class='ocrx_word' id='word_1_543' title='bbox 2722 753 2926 819; x_wconf 88' lang='lat' dir='ltr'><strong>spiritu,</strong></span> <span class='ocrx_word' id='word_1_544' title='bbox 2975 770 3074 807; x_wconf 84' lang='lat' dir='ltr'><strong>non</strong></span> <span class='ocrx_word' id='word_1_545' title='bbox 3121 754 3264 808; x_wconf 86' lang='lat' dir='ltr'><strong>litera</strong></span> <span class='ocrx_word' id='word_1_546' title='bbox 3297 755 3471 826; x_wconf 82' lang='lat' dir='ltr'><strong>(Rom.</strong></span> <span class='ocrx_word' id='word_1_547' title='bbox 3504 758 3559 815; x_wconf 72' lang='grc'>2.</span> <span class='ocrx_word' id='word_1_548' title='bbox 3588 760 3679 831; x_wconf 69' lang='lat'><strong>29;</strong></span> <span class='ocrx_word' id='word_1_549' title='bbox 3706 782 3719 826; x_wconf 88' lang='lat'><strong>;</strong></span> 
     </span>
    </p>
   </div>
   <div class='ocr_carea' id='block_1_67' title="bbox 2142 839 3722 915">
    <p class='ocr_par' dir='ltr' id='par_1_67' title="bbox 2142 839 3722 915">
     <span class='ocr_line' id='line_1_67' title="bbox 2142 839 3722 915; baseline 0.009 -22"><span class='ocrx_word' id='word_1_550' title='bbox 2142 839 2227 893; x_wconf 91' lang='lat' dir='ltr'><strong>hic</strong></span> <span class='ocrx_word' id='word_1_551' title='bbox 2252 850 2448 901; x_wconf 89' lang='lat' dir='ltr'><strong>autem.</strong></span> <span class='ocrx_word' id='word_1_552' title='bbox 2492 841 2558 894; x_wconf 81' lang='lat' dir='ltr'><strong>la</strong></span> <span class='ocrx_word' id='word_1_553' title='bbox 2603 842 2821 897; x_wconf 83' lang='lat' dir='ltr'><strong>Christo.</strong></span> <span class='ocrx_word' id='word_1_554' title='bbox 2870 845 2958 899; x_wconf 83' lang='grc' dir='ltr'><strong>Η.</strong></span> <span class='ocrx_word' id='word_1_555' title='bbox 3002 842 3068 898; x_wconf 82' lang='grc' dir='ltr'><em>1η</em></span> <span class='ocrx_word' id='word_1_556' title='bbox 3098 861 3194 915; x_wconf 82' lang='lat' dir='ltr'><strong>quo</strong></span> <span class='ocrx_word' id='word_1_557' title='bbox 3220 857 3269 900; x_wconf 89' lang='lat' dir='ltr'><strong>et</strong></span> <span class='ocrx_word' id='word_1_558' title='bbox 3295 848 3580 904; x_wconf 76' lang='lat' dir='ltr'><strong>circumcisi</strong></span> <span class='ocrx_word' id='word_1_559' title='bbox 3606 860 3722 907; x_wconf 74' lang='lat' dir='ltr'><strong>estis</strong></span> 
     </span>
    </p>
   </div>
   <div class='ocr_carea' id='block_1_68' title="bbox 2141 931 3721 1013">
    <p class='ocr_par' dir='ltr' id='par_1_68' title="bbox 2141 931 3721 1013">
     <span class='ocr_line' id='line_1_68' title="bbox 2141 931 3721 1013; baseline 0.009 -31"><span class='ocrx_word' id='word_1_560' title='bbox 2141 931 2514 985; x_wconf 85' lang='lat' dir='ltr'><strong>circumcisione</strong></span> <span class='ocrx_word' id='word_1_561' title='bbox 2539 949 2637 986; x_wconf 86' lang='lat' dir='ltr'><strong>non</strong></span> <span class='ocrx_word' id='word_1_562' title='bbox 2666 950 2816 986; x_wconf 86' lang='lat' dir='ltr'><strong>manu</strong></span> <span class='ocrx_word' id='word_1_563' title='bbox 2842 935 2998 1003; x_wconf 76' lang='lat' dir='ltr'><strong>facta,</strong></span> <span class='ocrx_word' id='word_1_564' title='bbox 3030 936 3082 989; x_wconf 84' lang='lat' dir='ltr'><strong>in</strong></span> <span class='ocrx_word' id='word_1_565' title='bbox 3108 938 3473 1005; x_wconf 70' lang='lat' dir='ltr'><strong>exspuliatione</strong></span> <span class='ocrx_word' id='word_1_566' title='bbox 3496 947 3721 1013; x_wconf 86' lang='lat' dir='ltr'><strong>corporis</strong></span> 
     </span>
    </p>
   </div>
   <div class='ocr_carea' id='block_1_69' title="bbox 2143 1025 3721 1090">
    <p class='ocr_par' dir='ltr' id='par_1_69' title="bbox 2143 1025 3721 1090">
     <span class='ocr_line' id='line_1_69' title="bbox 2143 1025 3721 1090; baseline 0.01 -17"><span class='ocrx_word' id='word_1_567' title='bbox 2143 1031 2457 1086; x_wconf 80' lang='lat' dir='ltr'><strong>peccatorum</strong></span> <span class='ocrx_word' id='word_1_568' title='bbox 2482 1025 2670 1088; x_wconf 84' lang='lat' dir='ltr'><strong>carnis,</strong></span> <span class='ocrx_word' id='word_1_569' title='bbox 2701 1026 2788 1077; x_wconf 89' lang='lat' dir='ltr'><strong>sed</strong></span> <span class='ocrx_word' id='word_1_570' title='bbox 2826 1026 2877 1077; x_wconf 88' lang='lat' dir='ltr'><strong>in</strong></span> <span class='ocrx_word' id='word_1_571' title='bbox 2921 1027 3300 1083; x_wconf 85' lang='lat' dir='ltr'><strong>circumcisione</strong></span> <span class='ocrx_word' id='word_1_572' title='bbox 3336 1030 3544 1086; x_wconf 82' lang='lat' dir='ltr'><strong>Christi.</strong></span> <span class='ocrx_word' id='word_1_573' title='bbox 3593 1036 3721 1090; x_wconf 65' lang='lat' dir='ltr'><strong>\‘ide</strong></span> 
     </span>
    </p>
   </div>
   <div class='ocr_carea' id='block_1_70' title="bbox 2140 1113 3718 1191">
    <p class='ocr_par' dir='ltr' id='par_1_70' title="bbox 2140 1113 3718 1191">
     <span class='ocr_line' id='line_1_70' title="bbox 2140 1113 3718 1191; baseline 0.008 -29"><span class='ocrx_word' id='word_1_574' title='bbox 2140 1113 2407 1181; x_wconf 86' lang='lat' dir='ltr'><strong>quomodo</strong></span> <span class='ocrx_word' id='word_1_575' title='bbox 2430 1113 2670 1182; x_wconf 79' lang='lat' dir='ltr'><strong>proxime</strong></span> <span class='ocrx_word' id='word_1_576' title='bbox 2691 1114 2756 1167; x_wconf 88' lang='lat' dir='ltr'><strong>ad</strong></span> <span class='ocrx_word' id='word_1_577' title='bbox 2784 1129 2895 1169; x_wconf 90' lang='lat' dir='ltr'><strong>rem</strong></span> <span class='ocrx_word' id='word_1_578' title='bbox 2923 1116 3149 1170; x_wconf 83' lang='lat' dir='ltr'><strong>accedit.</strong></span> <span class='ocrx_word' id='word_1_579' title='bbox 3185 1118 3339 1183; x_wconf 74' lang='lat' dir='ltr'><strong>Dicit,</strong></span> <span class='ocrx_word' id='word_1_580' title='bbox 3367 1119 3432 1173; x_wconf 81' lang='lat' dir='ltr'><strong>In</strong></span> <span class='ocrx_word' id='word_1_581' title='bbox 3459 1125 3718 1191; x_wconf 61' lang='lat' dir='ltr'><strong>exspolia-</strong></span> 
     </span>
    </p>
   </div>
   <div class='ocr_carea' id='block_1_71' title="bbox 2141 1203 3718 1281">
    <p class='ocr_par' dir='ltr' id='par_1_71' title="bbox 2141 1203 3718 1281">
     <span class='ocr_line' id='line_1_71' title="bbox 2141 1203 3718 1281; baseline 0.009 -26"><span class='ocrx_word' id='word_1_582' title='bbox 2141 1204 2308 1266; x_wconf 87' lang='lat' dir='ltr'><strong>tione;</strong></span> <span class='ocrx_word' id='word_1_583' title='bbox 2342 1218 2444 1256; x_wconf 88' lang='lat' dir='ltr'><strong>nou</strong></span> <span class='ocrx_word' id='word_1_584' title='bbox 2472 1203 2623 1265; x_wconf 79' lang='lat' dir='ltr'><strong>dixit,</strong></span> <span class='ocrx_word' id='word_1_585' title='bbox 2652 1204 2705 1258; x_wconf 86' lang='lat' dir='ltr'><strong>In</strong></span> <span class='ocrx_word' id='word_1_586' title='bbox 2738 1206 3078 1274; x_wconf 89' lang='lat' dir='ltr'><strong>spoliatione.</strong></span> <span class='ocrx_word' id='word_1_587' title='bbox 3107 1206 3347 1279; x_wconf 87' lang='lat' dir='ltr'><strong>Corporis</strong></span> <span class='ocrx_word' id='word_1_588' title='bbox 3375 1223 3718 1281; x_wconf 83' lang='lat' dir='ltr'><strong>peccatorum:</strong></span> 
     </span>
    </p>
   </div>
   <div class='ocr_carea' id='block_1_72' title="bbox 2142 1294 3712 1369">
    <p class='ocr_par' dir='ltr' id='par_1_72' title="bbox 2142 1294 3712 1369">
     <span class='ocr_line' id='line_1_72' title="bbox 2142 1294 3712 1369; baseline 0.007 -23"><span class='ocrx_word' id='word_1_589' title='bbox 2142 1303 2376 1347; x_wconf 85' lang='lat' dir='ltr'><strong>veterem</strong></span> <span class='ocrx_word' id='word_1_590' title='bbox 2398 1294 2528 1347; x_wconf 91' lang='lat' dir='ltr'><strong>dicit</strong></span> <span class='ocrx_word' id='word_1_591' title='bbox 2554 1295 2738 1348; x_wconf 90' lang='lat' dir='ltr'><strong>vitam.</strong></span> <span class='ocrx_word' id='word_1_592' title='bbox 2774 1295 2970 1349; x_wconf 86' lang='lat' dir='ltr'><strong>Eadem</strong></span> <span class='ocrx_word' id='word_1_593' title='bbox 3014 1296 3228 1353; x_wconf 89' lang='lat' dir='ltr'><strong>assidue</strong></span> <span class='ocrx_word' id='word_1_594' title='bbox 3256 1308 3311 1353; x_wconf 92' lang='lat' dir='ltr'><strong>et</strong></span> <span class='ocrx_word' id='word_1_595' title='bbox 3339 1303 3487 1357; x_wconf 72' lang='lat' dir='ltr'><strong>Varie</strong></span> <span class='ocrx_word' id='word_1_596' title='bbox 3514 1315 3712 1369; x_wconf 85' lang='lat' dir='ltr'><strong>versat,</strong></span> 
     </span>
    </p>
   </div>
   <div class='ocr_carea' id='block_1_73' title="bbox 2139 1384 3706 1460">
    <p class='ocr_par' dir='ltr' id='par_1_73' title="bbox 2139 1384 3706 1460">
     <span class='ocr_line' id='line_1_73' title="bbox 2139 1384 3706 1460; baseline 0.006 -24"><span class='ocrx_word' id='word_1_597' title='bbox 2139 1384 2275 1436; x_wconf 87' lang='lat' dir='ltr'><strong>sicut</strong></span> <span class='ocrx_word' id='word_1_598' title='bbox 2298 1385 2540 1455; x_wconf 84' lang='lat' dir='ltr'><strong>superius</strong></span> <span class='ocrx_word' id='word_1_599' title='bbox 2565 1384 2809 1439; x_wconf 86' lang='lat' dir='ltr'><strong>diccbat:</strong></span> <span class='ocrx_word' id='word_1_600' title='bbox 2836 1385 2934 1451; x_wconf 85' lang='lat' dir='ltr'><strong>Qui</strong></span> <span class='ocrx_word' id='word_1_601' title='bbox 2960 1387 3143 1454; x_wconf 84' lang='lat' dir='ltr'><strong>eripuit</strong></span> <span class='ocrx_word' id='word_1_602' title='bbox 3174 1405 3264 1443; x_wconf 82' lang='lat' dir='ltr'><strong>nos</strong></span> <span class='ocrx_word' id='word_1_603' title='bbox 3292 1405 3323 1443; x_wconf 91' lang='lat' dir='ltr'><strong>a</strong></span> <span class='ocrx_word' id='word_1_604' title='bbox 3361 1400 3602 1460; x_wconf 83' lang='lat' dir='ltr'><strong>potestate</strong></span> <span class='ocrx_word' id='word_1_605' title='bbox 3628 1405 3706 1448; x_wconf 84' lang='lat' dir='ltr'><strong>te-</strong></span> 
     </span>
    </p>
   </div>
   <div class='ocr_carea' id='block_1_74' title="bbox 2139 1475 3717 1541">
    <p class='ocr_par' dir='ltr' id='par_1_74' title="bbox 2139 1475 3717 1541">
     <span class='ocr_line' id='line_1_74' title="bbox 2139 1475 3717 1541; baseline 0.007 -13"><span class='ocrx_word' id='word_1_606' title='bbox 2139 1475 2427 1539; x_wconf 87' lang='lat' dir='ltr'><strong>nebrarum,</strong></span> <span class='ocrx_word' id='word_1_607' title='bbox 2454 1486 2500 1528; x_wconf 89' lang='lat' dir='ltr'><strong>et</strong></span> <span class='ocrx_word' id='word_1_608' title='bbox 2524 1477 2835 1531; x_wconf 87' lang='lat' dir='ltr'><strong>abalienatos</strong></span> <span class='ocrx_word' id='word_1_609' title='bbox 2865 1479 3202 1532; x_wconf 82' lang='lat' dir='ltr'><strong>reconciliavit</strong></span> <span class='ocrx_word' id='word_1_610' title='bbox 3230 1489 3282 1533; x_wconf 86' lang='lat' dir='ltr'><strong>ut</strong></span> <span class='ocrx_word' id='word_1_611' title='bbox 3312 1497 3531 1540; x_wconf 84' lang='lat' dir='ltr'><strong>essemus</strong></span> <span class='ocrx_word' id='word_1_612' title='bbox 3555 1487 3717 1541; x_wconf 84' lang='lat' dir='ltr'><strong>sancti</strong></span> 
     </span>
    </p>
   </div>
   <div class='ocr_carea' id='block_1_75' title="bbox 2138 1566 3716 1646">
    <p class='ocr_par' dir='ltr' id='par_1_75' title="bbox 2138 1566 3716 1646">
     <span class='ocr_line' id='line_1_75' title="bbox 2138 1566 3716 1646; baseline 0.008 -28"><span class='ocrx_word' id='word_1_613' title='bbox 2138 1577 2185 1619; x_wconf 87' lang='lat' dir='ltr'><strong>et</strong></span> <span class='ocrx_word' id='word_1_614' title='bbox 2210 1566 2451 1633; x_wconf 84' lang='lat' dir='ltr'><strong>inculpati</strong></span> <span class='ocrx_word' id='word_1_615' title='bbox 2481 1566 2616 1634; x_wconf 88' lang='lat' dir='ltr'><strong>(Col.</strong></span> <span class='ocrx_word' id='word_1_616' title='bbox 2650 1568 2700 1621; x_wconf 82' lang='lat' dir='ltr'><strong>t.</strong></span> <span class='ocrx_word' id='word_1_617' title='bbox 2733 1568 2845 1635; x_wconf 75' lang='grc'><strong>13).</strong></span> <span class='ocrx_word' id='word_1_618' title='bbox 2875 1566 2990 1622; x_wconf 85' lang='lat' dir='ltr'><strong>Non</strong></span> <span class='ocrx_word' id='word_1_619' title='bbox 3021 1569 3269 1638; x_wconf 86' lang='lat' dir='ltr'><strong>amplius,</strong></span> <span class='ocrx_word' id='word_1_620' title='bbox 3301 1572 3492 1643; x_wconf 89' lang='lat' dir='ltr'><strong>inquit,</strong></span> <span class='ocrx_word' id='word_1_621' title='bbox 3524 1578 3575 1629; x_wconf 92' lang='lat' dir='ltr'><strong>in</strong></span> <span class='ocrx_word' id='word_1_622' title='bbox 3600 1576 3716 1646; x_wconf 75' lang='lat' dir='ltr'><strong>gla-</strong></span> 
     </span>
    </p>
   </div>
   <div class='ocr_carea' id='block_1_76' title="bbox 2137 1657 3715 1728">
    <p class='ocr_par' dir='ltr' id='par_1_76' title="bbox 2137 1657 3715 1728">
     <span class='ocr_line' id='line_1_76' title="bbox 2137 1657 3715 1728; baseline 0.006 -17"><span class='ocrx_word' id='word_1_623' title='bbox 2137 1657 2227 1712; x_wconf 92' lang='lat' dir='ltr'><strong>dio</strong></span> <span class='ocrx_word' id='word_1_624' title='bbox 2253 1667 2333 1711; x_wconf 83' lang='lat' dir='ltr'><strong>est</strong></span> <span class='ocrx_word' id='word_1_625' title='bbox 2357 1658 2710 1723; x_wconf 85' lang='lat' dir='ltr'><strong>circumcisio,</strong></span> <span class='ocrx_word' id='word_1_626' title='bbox 2759 1658 2852 1712; x_wconf 85' lang='lat' dir='ltr'><strong>sed</strong></span> <span class='ocrx_word' id='word_1_627' title='bbox 2900 1659 2951 1712; x_wconf 90' lang='lat' dir='ltr'><strong>in</strong></span> <span class='ocrx_word' id='word_1_628' title='bbox 2996 1658 3111 1728; x_wconf 90' lang='lat' dir='ltr'><strong>ipso</strong></span> <span class='ocrx_word' id='word_1_629' title='bbox 3144 1660 3402 1718; x_wconf 85' lang='lat' dir='ltr'><strong>Christo:</strong></span> <span class='ocrx_word' id='word_1_630' title='bbox 3436 1679 3542 1720; x_wconf 91' lang='lat' dir='ltr'><strong>non</strong></span> <span class='ocrx_word' id='word_1_631' title='bbox 3572 1670 3715 1721; x_wconf 88' lang='lat' dir='ltr'><strong>enim</strong></span> 
     </span>
    </p>
   </div>
   <div class='ocr_carea' id='block_1_77' title="bbox 2115 1749 3717 1821">
    <p class='ocr_par' dir='ltr' id='par_1_77' title="bbox 2115 1749 3717 1821">
     <span class='ocr_line' id='line_1_77' title="bbox 2115 1749 3717 1821; baseline 0.006 -18"><span class='ocrx_word' id='word_1_632' title='bbox 2115 1750 2325 1803; x_wconf 82' lang='lat' dir='ltr'><strong>manus</strong></span> <span class='ocrx_word' id='word_1_633' title='bbox 2352 1749 2532 1816; x_wconf 79' lang='lat' dir='ltr'><strong>infert,</strong></span> <span class='ocrx_word' id='word_1_634' title='bbox 2575 1750 2712 1803; x_wconf 85' lang='lat' dir='ltr'><strong>sicut</strong></span> <span class='ocrx_word' id='word_1_635' title='bbox 2742 1749 2869 1816; x_wconf 92' lang='lat' dir='ltr'><strong>illic,</strong></span> <span class='ocrx_word' id='word_1_636' title='bbox 2917 1749 3059 1805; x_wconf 92' lang='lat' dir='ltr'><strong>hanc</strong></span> <span class='ocrx_word' id='word_1_637' title='bbox 3104 1751 3589 1821; x_wconf 87' lang='lat' dir='ltr'><strong>circutncisionem,</strong></span> <span class='ocrx_word' id='word_1_638' title='bbox 3621 1760 3717 1812; x_wconf 85' lang='lat' dir='ltr'><strong>sed</strong></span> 
     </span>
    </p>
   </div>
   <div class='ocr_carea' id='block_1_78' title="bbox 2138 1839 3717 1908">
    <p class='ocr_par' dir='ltr' id='par_1_78' title="bbox 2138 1839 3717 1908">
     <span class='ocr_line' id='line_1_78' title="bbox 2138 1839 3717 1908; baseline 0.004 -14"><span class='ocrx_word' id='word_1_639' title='bbox 2138 1840 2387 1908; x_wconf 70' lang='lat' dir='ltr'><strong>spiritus:</strong></span> <span class='ocrx_word' id='word_1_640' title='bbox 2420 1854 2523 1893; x_wconf 89' lang='lat' dir='ltr'><strong>non</strong></span> <span class='ocrx_word' id='word_1_641' title='bbox 2553 1848 2779 1908; x_wconf 86' lang='lat' dir='ltr'><strong>partem,</strong></span> <span class='ocrx_word' id='word_1_642' title='bbox 2809 1839 2902 1894; x_wconf 84' lang='lat' dir='ltr'><strong>sed</strong></span> <span class='ocrx_word' id='word_1_643' title='bbox 2932 1848 3100 1894; x_wconf 90' lang='lat' dir='ltr'><strong>totum</strong></span> <span class='ocrx_word' id='word_1_644' title='bbox 3134 1842 3403 1898; x_wconf 89' lang='lat' dir='ltr'><strong>hominem</strong></span> <span class='ocrx_word' id='word_1_645' title='bbox 3429 1846 3682 1901; x_wconf 83' lang='lat' dir='ltr'><strong>circumci</strong></span> <span class='ocrx_word' id='word_1_646' title='bbox 3701 1878 3717 1888; x_wconf 86' lang='lat'><strong>-</strong></span> 
     </span>
    </p>
   </div>
   <div class='ocr_carea' id='block_1_79' title="bbox 2138 1929 3715 2001">
    <p class='ocr_par' dir='ltr' id='par_1_79' title="bbox 2138 1929 3715 2001">
     <span class='ocr_line' id='line_1_79' title="bbox 2138 1929 3715 2001; baseline 0.003 -16"><span class='ocrx_word' id='word_1_647' title='bbox 2138 1930 2235 1985; x_wconf 91' lang='lat' dir='ltr'><strong>dit.</strong></span> <span class='ocrx_word' id='word_1_648' title='bbox 2265 1931 2467 1999; x_wconf 88' lang='lat' dir='ltr'><strong>Corpus</strong></span> <span class='ocrx_word' id='word_1_649' title='bbox 2497 1938 2578 1985; x_wconf 86' lang='lat' dir='ltr'><strong>est</strong></span> <span class='ocrx_word' id='word_1_650' title='bbox 2605 1940 2659 1984; x_wconf 91' lang='lat' dir='ltr'><strong>et</strong></span> <span class='ocrx_word' id='word_1_651' title='bbox 2690 1929 2811 1997; x_wconf 90' lang='lat' dir='ltr'><strong>hoc,</strong></span> <span class='ocrx_word' id='word_1_652' title='bbox 2850 1942 2903 1985; x_wconf 89' lang='lat' dir='ltr'><strong>et</strong></span> <span class='ocrx_word' id='word_1_653' title='bbox 2932 1945 3130 2001; x_wconf 88' lang='lat' dir='ltr'><strong>corpus</strong></span> <span class='ocrx_word' id='word_1_654' title='bbox 3156 1942 3239 1986; x_wconf 90' lang='lat' dir='ltr'><strong>est</strong></span> <span class='ocrx_word' id='word_1_655' title='bbox 3268 1933 3427 2000; x_wconf 93' lang='lat' dir='ltr'><strong>illud;</strong></span> <span class='ocrx_word' id='word_1_656' title='bbox 3460 1937 3553 1993; x_wconf 81' lang='lat' dir='ltr'><strong>sed</strong></span> <span class='ocrx_word' id='word_1_657' title='bbox 3588 1938 3715 1992; x_wconf 89' lang='lat' dir='ltr'><strong>illud</strong></span> 
     </span>
    </p>
   </div>
   <div class='ocr_carea' id='block_1_80' title="bbox 2136 2020 3713 2096">
    <p class='ocr_par' dir='ltr' id='par_1_80' title="bbox 2136 2020 3713 2096">
     <span class='ocr_line' id='line_1_80' title="bbox 2136 2020 3713 2096; baseline 0.005 -23"><span class='ocrx_word' id='word_1_658' title='bbox 2136 2022 2349 2091; x_wconf 88' lang='lat' dir='ltr'><strong>quidem</strong></span> <span class='ocrx_word' id='word_1_659' title='bbox 2377 2035 2559 2084; x_wconf 90' lang='lat' dir='ltr'><strong>carne,</strong></span> <span class='ocrx_word' id='word_1_660' title='bbox 2600 2020 2702 2074; x_wconf 91' lang='lat' dir='ltr'><strong>hoc</strong></span> <span class='ocrx_word' id='word_1_661' title='bbox 2730 2034 2858 2075; x_wconf 88' lang='lat' dir='ltr'><strong>vero</strong></span> <span class='ocrx_word' id='word_1_662' title='bbox 2904 2021 3257 2091; x_wconf 87' lang='lat' dir='ltr'><strong>spiritualiter</strong></span> <span class='ocrx_word' id='word_1_663' title='bbox 3293 2024 3713 2096; x_wconf 89' lang='lat' dir='ltr'><strong>circumciditur,</strong></span> 
     </span>
    </p>
   </div>
   <div class='ocr_carea' id='block_1_81' title="bbox 2137 2110 3711 2186">
    <p class='ocr_par' dir='ltr' id='par_1_81' title="bbox 2137 2110 3711 2186">
     <span class='ocr_line' id='line_1_81' title="bbox 2137 2110 3711 2186; baseline 0.005 -20"><span class='ocrx_word' id='word_1_664' title='bbox 2137 2111 2231 2166; x_wconf 79' lang='lat' dir='ltr'><strong>sed</strong></span> <span class='ocrx_word' id='word_1_665' title='bbox 2260 2126 2365 2166; x_wconf 91' lang='lat' dir='ltr'><strong>non</strong></span> <span class='ocrx_word' id='word_1_666' title='bbox 2396 2111 2533 2164; x_wconf 88' lang='lat' dir='ltr'><strong>sicut</strong></span> <span class='ocrx_word' id='word_1_667' title='bbox 2557 2110 2725 2165; x_wconf 66' lang='lat' dir='ltr'><strong>Judari</strong></span> <span class='ocrx_word' id='word_1_668' title='bbox 2753 2128 2767 2165; x_wconf 94' lang='lat'><strong>:</strong></span> <span class='ocrx_word' id='word_1_669' title='bbox 2792 2126 2895 2165; x_wconf 89' lang='lat' dir='ltr'><strong>non</strong></span> <span class='ocrx_word' id='word_1_670' title='bbox 2928 2113 3069 2166; x_wconf 88' lang='lat' dir='ltr'><strong>enim</strong></span> <span class='ocrx_word' id='word_1_671' title='bbox 3100 2128 3341 2179; x_wconf 87' lang='lat' dir='ltr'><strong>carnem,</strong></span> <span class='ocrx_word' id='word_1_672' title='bbox 3367 2116 3460 2170; x_wconf 88' lang='lat' dir='ltr'><strong>sed</strong></span> <span class='ocrx_word' id='word_1_673' title='bbox 3494 2130 3711 2186; x_wconf 73' lang='lat' dir='ltr'><strong>peccat:</strong></span> 
     </span>
    </p>
   </div>
   <div class='ocr_carea' id='block_1_82' title="bbox 2137 2201 3714 2277">
    <p class='ocr_par' dir='ltr' id='par_1_82' title="bbox 2137 2201 3714 2277">
     <span class='ocr_line' id='line_1_82' title="bbox 2137 2201 3714 2277; baseline 0.001 -21"><span class='ocrx_word' id='word_1_674' title='bbox 2137 2201 2381 2257; x_wconf 80' lang='lat' dir='ltr'><strong>exuistis.</strong></span> <span class='ocrx_word' id='word_1_675' title='bbox 2405 2201 2628 2269; x_wconf 89' lang='lat' dir='ltr'><strong>Quando</strong></span> <span class='ocrx_word' id='word_1_676' title='bbox 2648 2209 2703 2255; x_wconf 89' lang='lat' dir='ltr'><strong>et</strong></span> <span class='ocrx_word' id='word_1_677' title='bbox 2722 2201 3025 2271; x_wconf 74' lang='lat' dir='ltr'><strong>quomodo&quot;</strong></span> <span class='ocrx_word' id='word_1_678' title='bbox 3044 2203 3099 2256; x_wconf 93' lang='lat' dir='ltr'><strong>ln</strong></span> <span class='ocrx_word' id='word_1_679' title='bbox 3124 2202 3461 2272; x_wconf 85' lang='lat' dir='ltr'><strong>baptismate.</strong></span> <span class='ocrx_word' id='word_1_680' title='bbox 3493 2206 3558 2260; x_wconf 85' lang='lat' dir='ltr'><strong>Et</strong></span> <span class='ocrx_word' id='word_1_681' title='bbox 3575 2211 3714 2277; x_wconf 82' lang='lat' dir='ltr'><strong>quod</strong></span> 
     </span>
    </p>
   </div>
   <div class='ocr_carea' id='block_1_83' title="bbox 2138 2292 3716 2363">
    <p class='ocr_par' dir='ltr' id='par_1_83' title="bbox 2138 2292 3716 2363">
     <span class='ocr_line' id='line_1_83' title="bbox 2138 2292 3716 2363; baseline 0.004 -17"><span class='ocrx_word' id='word_1_682' title='bbox 2138 2302 2292 2346; x_wconf 88' lang='lat' dir='ltr'><strong>vocat</strong></span> <span class='ocrx_word' id='word_1_683' title='bbox 2320 2292 2806 2356; x_wconf 88' lang='lat' dir='ltr'><strong>circumcisionem,</strong></span> <span class='ocrx_word' id='word_1_684' title='bbox 2836 2301 2990 2347; x_wconf 88' lang='lat' dir='ltr'><strong>vocat</strong></span> <span class='ocrx_word' id='word_1_685' title='bbox 3031 2294 3191 2348; x_wconf 89' lang='lat' dir='ltr'><strong>etiam</strong></span> <span class='ocrx_word' id='word_1_686' title='bbox 3234 2295 3560 2363; x_wconf 83' lang='lat' dir='ltr'><strong>sepulcrum.</strong></span> <span class='ocrx_word' id='word_1_687' title='bbox 3586 2298 3716 2353; x_wconf 75' lang='lat' dir='ltr'><strong>Vide</strong></span> 
     </span>
    </p>
   </div>
   <div class='ocr_carea' id='block_1_84' title="bbox 2139 2384 3717 2454">
    <p class='ocr_par' dir='ltr' id='par_1_84' title="bbox 2139 2384 3717 2454">
     <span class='ocr_line' id='line_1_84' title="bbox 2139 2384 3717 2454; baseline 0.006 -19"><span class='ocrx_word' id='word_1_688' title='bbox 2139 2384 2406 2454; x_wconf 89' lang='lat' dir='ltr'><strong>quomodo</strong></span> <span class='ocrx_word' id='word_1_689' title='bbox 2432 2400 2619 2439; x_wconf 88' lang='lat' dir='ltr'><strong>rursus</strong></span> <span class='ocrx_word' id='word_1_690' title='bbox 2650 2385 2842 2439; x_wconf 87' lang='lat' dir='ltr'><strong>transit</strong></span> <span class='ocrx_word' id='word_1_691' title='bbox 2883 2384 2949 2439; x_wconf 82' lang='lat' dir='ltr'><strong>ad</strong></span> <span class='ocrx_word' id='word_1_692' title='bbox 2987 2384 3415 2453; x_wconf 84' lang='lat' dir='ltr'><strong>justitlcationes.</strong></span> <span class='ocrx_word' id='word_1_693' title='bbox 3470 2388 3717 2445; x_wconf 76' lang='lat' dir='ltr'><strong>Peccatu-</strong></span> 
     </span>
    </p>
   </div>
   <div class='ocr_carea' id='block_1_85' title="bbox 2138 2476 3716 2548">
    <p class='ocr_par' dir='ltr' id='par_1_85' title="bbox 2138 2476 3716 2548">
     <span class='ocr_line' id='line_1_85' title="bbox 2138 2476 3716 2548; baseline 0.003 -17"><span class='ocrx_word' id='word_1_694' title='bbox 2138 2494 2271 2544; x_wconf 82' lang='lat' dir='ltr'><strong>rum,</strong></span> <span class='ocrx_word' id='word_1_695' title='bbox 2296 2478 2487 2547; x_wconf 90' lang='lat' dir='ltr'><strong>inquit,</strong></span> <span class='ocrx_word' id='word_1_696' title='bbox 2511 2478 2701 2541; x_wconf 88' lang='lat' dir='ltr'><strong>carnis,</strong></span> <span class='ocrx_word' id='word_1_697' title='bbox 2723 2493 2843 2548; x_wconf 76' lang='lat' dir='ltr'><strong>qua:</strong></span> <span class='ocrx_word' id='word_1_698' title='bbox 2872 2476 3113 2532; x_wconf 78' lang='lat' dir='ltr'><strong>iecerunt</strong></span> <span class='ocrx_word' id='word_1_699' title='bbox 3142 2478 3192 2532; x_wconf 90' lang='lat' dir='ltr'><strong>iu</strong></span> <span class='ocrx_word' id='word_1_700' title='bbox 3221 2493 3406 2535; x_wconf 86' lang='lat' dir='ltr'><strong>carne.</strong></span> <span class='ocrx_word' id='word_1_701' title='bbox 3438 2481 3579 2536; x_wconf 89' lang='lat' dir='ltr'><strong>Dicit</strong></span> <span class='ocrx_word' id='word_1_702' title='bbox 3604 2500 3716 2537; x_wconf 87' lang='lat' dir='ltr'><strong>n-a-</strong></span> 
     </span>
    </p>
   </div>
   <div class='ocr_carea' id='block_1_86' title="bbox 2136 2568 3716 2642">
    <p class='ocr_par' dir='ltr' id='par_1_86' title="bbox 2136 2568 3716 2642">
     <span class='ocr_line' id='line_1_86' title="bbox 2136 2568 3716 2642; baseline 0.001 -18"><span class='ocrx_word' id='word_1_703' title='bbox 2136 2569 2225 2641; x_wconf 83' lang='lat' dir='ltr'><strong>jus</strong></span> <span class='ocrx_word' id='word_1_704' title='bbox 2251 2568 2690 2625; x_wconf 89' lang='lat' dir='ltr'><strong>circumcisione:</strong></span> <span class='ocrx_word' id='word_1_705' title='bbox 2724 2582 2831 2622; x_wconf 91' lang='lat' dir='ltr'><strong>non</strong></span> <span class='ocrx_word' id='word_1_706' title='bbox 2872 2568 3015 2623; x_wconf 88' lang='lat' dir='ltr'><strong>enim</strong></span> <span class='ocrx_word' id='word_1_707' title='bbox 3055 2568 3305 2637; x_wconf 89' lang='lat' dir='ltr'><strong>jeceruut</strong></span> <span class='ocrx_word' id='word_1_708' title='bbox 3350 2570 3401 2625; x_wconf 91' lang='lat' dir='ltr'><strong>id</strong></span> <span class='ocrx_word' id='word_1_709' title='bbox 3448 2572 3590 2642; x_wconf 89' lang='lat' dir='ltr'><strong>quod</strong></span> <span class='ocrx_word' id='word_1_710' title='bbox 3633 2583 3716 2627; x_wconf 75' lang='lat' dir='ltr'><strong>ist</strong></span> 
     </span>
    </p>
   </div>
   <div class='ocr_carea' id='block_1_87' title="bbox 2138 2660 3712 2735">
    <p class='ocr_par' dir='ltr' id='par_1_87' title="bbox 2138 2660 3712 2735">
     <span class='ocr_line' id='line_1_87' title="bbox 2138 2660 3712 2735; baseline 0.001 -18"><span class='ocrx_word' id='word_1_711' title='bbox 2138 2662 2553 2723; x_wconf 90' lang='lat' dir='ltr'><strong>circumcisum,</strong></span> <span class='ocrx_word' id='word_1_712' title='bbox 2612 2660 2705 2715; x_wconf 91' lang='lat' dir='ltr'><strong>scd</strong></span> <span class='ocrx_word' id='word_1_713' title='bbox 2760 2661 3143 2731; x_wconf 87' lang='lat' dir='ltr'><strong>perdiderunt,</strong></span> <span class='ocrx_word' id='word_1_714' title='bbox 3196 2662 3290 2717; x_wconf 88' lang='lat' dir='ltr'><strong>sed</strong></span> <span class='ocrx_word' id='word_1_715' title='bbox 3340 2678 3712 2735; x_wconf 85' lang='lat' dir='ltr'><strong>corruperunt.</strong></span> 
     </span>
    </p>
   </div>
   <div class='ocr_carea' id='block_1_88' title="bbox 2140 2751 3716 2824">
    <p class='ocr_par' dir='ltr' id='par_1_88' title="bbox 2140 2751 3716 2824">
     <span class='ocr_line' id='line_1_88' title="bbox 2140 2751 3716 2824; baseline 0.001 -16"><span class='ocrx_word' id='word_1_716' title='bbox 2140 2752 2229 2808; x_wconf 76' lang='grc' dir='ltr'><strong>η.</strong></span> <span class='ocrx_word' id='word_1_717' title='bbox 2286 2751 2578 2818; x_wconf 86' lang='lat' dir='ltr'><strong>Consepulti</strong></span> <span class='ocrx_word' id='word_1_718' title='bbox 2626 2752 2693 2817; x_wconf 88' lang='lat' dir='ltr'><strong>ei,</strong></span> <span class='ocrx_word' id='word_1_719' title='bbox 2740 2752 2929 2820; x_wconf 87' lang='lat' dir='ltr'><strong>inquit,</strong></span> <span class='ocrx_word' id='word_1_720' title='bbox 2980 2752 3032 2805; x_wconf 88' lang='lat' dir='ltr'><strong>in</strong></span> <span class='ocrx_word' id='word_1_721' title='bbox 3078 2753 3361 2823; x_wconf 83' lang='lat' dir='ltr'><strong>baptismo,</strong></span> <span class='ocrx_word' id='word_1_722' title='bbox 3413 2755 3467 2808; x_wconf 91' lang='lat' dir='ltr'><strong>in</strong></span> <span class='ocrx_word' id='word_1_723' title='bbox 3522 2772 3620 2824; x_wconf 75' lang='lat' dir='ltr'><strong>quo</strong></span> <span class='ocrx_word' id='word_1_724' title='bbox 3672 2768 3716 2810; x_wconf 87' lang='lat' dir='ltr'><strong>et</strong></span> 
     </span>
    </p>
   </div>
   <div class='ocr_carea' id='block_1_89' title="bbox 2144 2841 3717 2916">
    <p class='ocr_par' dir='ltr' id='par_1_89' title="bbox 2144 2841 3717 2916">
     <span class='ocr_line' id='line_1_89' title="bbox 2144 2841 3717 2916; baseline 0.001 -17"><span class='ocrx_word' id='word_1_725' title='bbox 2144 2841 2526 2899; x_wconf 72' lang='lat' dir='ltr'><strong>ronsurrexistis</strong></span> <span class='ocrx_word' id='word_1_726' title='bbox 2575 2858 2666 2911; x_wconf 89' lang='lat' dir='ltr'><strong>per</strong></span> <span class='ocrx_word' id='word_1_727' title='bbox 2715 2842 2868 2907; x_wconf 74' lang='lat' dir='ltr'><strong>[idem</strong></span> <span class='ocrx_word' id='word_1_728' title='bbox 2911 2843 3215 2912; x_wconf 84' lang='lat' dir='ltr'><strong>operationis</strong></span> <span class='ocrx_word' id='word_1_729' title='bbox 3254 2844 3367 2910; x_wconf 88' lang='lat' dir='ltr'><strong>Dei,</strong></span> <span class='ocrx_word' id='word_1_730' title='bbox 3395 2846 3480 2916; x_wconf 82' lang='lat' dir='ltr'><strong>qui</strong></span> <span class='ocrx_word' id='word_1_731' title='bbox 3504 2849 3717 2900; x_wconf 79' lang='lat' dir='ltr'><strong>suscita-</strong></span> 
     </span>
    </p>
   </div>
   <div class='ocr_carea' id='block_1_90' title="bbox 2140 2933 3713 3007">
    <p class='ocr_par' dir='ltr' id='par_1_90' title="bbox 2140 2933 3713 3007">
     <span class='ocr_line' id='line_1_90' title="bbox 2140 2933 3713 3007; baseline 0.006 -18"><span class='ocrx_word' id='word_1_732' title='bbox 2140 2935 2207 2989; x_wconf 78' lang='lat' dir='ltr'><strong>vit</strong></span> <span class='ocrx_word' id='word_1_733' title='bbox 2248 2935 2442 2987; x_wconf 89' lang='lat' dir='ltr'><strong>illuma</strong></span> <span class='ocrx_word' id='word_1_734' title='bbox 2470 2935 2697 2987; x_wconf 86' lang='lat' dir='ltr'><strong>mortuis.</strong></span> <span class='ocrx_word' id='word_1_735' title='bbox 2744 2933 2848 2988; x_wconf 86' lang='lat' dir='ltr'><strong>Sed</strong></span> <span class='ocrx_word' id='word_1_736' title='bbox 2877 2951 2981 2988; x_wconf 89' lang='lat' dir='ltr'><strong>nou</strong></span> <span class='ocrx_word' id='word_1_737' title='bbox 3027 2944 3109 2989; x_wconf 87' lang='lat' dir='ltr'><strong>est</strong></span> <span class='ocrx_word' id='word_1_738' title='bbox 3151 2937 3324 2990; x_wconf 74' lang='lat' dir='ltr'><strong>stilum</strong></span> <span class='ocrx_word' id='word_1_739' title='bbox 3364 2939 3713 3007; x_wconf 85' lang='lat' dir='ltr'><strong>sepulcrum:</strong></span> 
     </span>
    </p>
   </div>
   <div class='ocr_carea' id='block_1_91' title="bbox 2140 3023 3716 3098">
    <p class='ocr_par' dir='ltr' id='par_1_91' title="bbox 2140 3023 3716 3098">
     <span class='ocr_line' id='line_1_91' title="bbox 2140 3023 3716 3098; baseline 0.003 -19"><span class='ocrx_word' id='word_1_740' title='bbox 2140 3025 2260 3079; x_wconf 89' lang='lat' dir='ltr'><strong>vide</strong></span> <span class='ocrx_word' id='word_1_741' title='bbox 2288 3025 2429 3079; x_wconf 90' lang='lat' dir='ltr'><strong>enim</strong></span> <span class='ocrx_word' id='word_1_742' title='bbox 2457 3024 2581 3093; x_wconf 90' lang='lat' dir='ltr'><strong>quid</strong></span> <span class='ocrx_word' id='word_1_743' title='bbox 2624 3024 2788 3090; x_wconf 81' lang='lat' dir='ltr'><strong>dicat,</strong></span> <span class='ocrx_word' id='word_1_744' title='bbox 2819 3023 2887 3078; x_wconf 82' lang='lat' dir='ltr'><strong>In</strong></span> <span class='ocrx_word' id='word_1_745' title='bbox 2913 3040 3014 3090; x_wconf 84' lang='lat' dir='ltr'><strong>quo</strong></span> <span class='ocrx_word' id='word_1_746' title='bbox 3041 3035 3086 3079; x_wconf 84' lang='lat' dir='ltr'><strong>et</strong></span> <span class='ocrx_word' id='word_1_747' title='bbox 3112 3029 3499 3083; x_wconf 71' lang='lat' dir='ltr'><strong>consurrexistis</strong></span> <span class='ocrx_word' id='word_1_748' title='bbox 3528 3046 3620 3098; x_wconf 84' lang='lat' dir='ltr'><strong>per</strong></span> <span class='ocrx_word' id='word_1_749' title='bbox 3649 3033 3716 3094; x_wconf 83' lang='lat' dir='ltr'><strong>li-</strong></span> 
     </span>
    </p>
   </div>
   <div class='ocr_carea' id='block_1_92' title="bbox 2141 3115 3717 3187">
    <p class='ocr_par' dir='ltr' id='par_1_92' title="bbox 2141 3115 3717 3187">
     <span class='ocr_line' id='line_1_92' title="bbox 2141 3115 3717 3187; baseline 0.003 -17"><span class='ocrx_word' id='word_1_750' title='bbox 2141 3118 2252 3171; x_wconf 83' lang='lat' dir='ltr'><strong>dent</strong></span> <span class='ocrx_word' id='word_1_751' title='bbox 2279 3117 2580 3185; x_wconf 85' lang='lat' dir='ltr'><strong>operationis</strong></span> <span class='ocrx_word' id='word_1_752' title='bbox 2608 3115 2722 3181; x_wconf 88' lang='lat' dir='ltr'><strong>Dei,</strong></span> <span class='ocrx_word' id='word_1_753' title='bbox 2754 3117 2838 3187; x_wconf 84' lang='lat' dir='ltr'><strong>qui</strong></span> <span class='ocrx_word' id='word_1_754' title='bbox 2854 3118 3112 3170; x_wconf 78' lang='lat' dir='ltr'><strong>suscitavit</strong></span> <span class='ocrx_word' id='word_1_755' title='bbox 3143 3118 3285 3171; x_wconf 84' lang='lat' dir='ltr'><strong>illum</strong></span> <span class='ocrx_word' id='word_1_756' title='bbox 3306 3136 3339 3172; x_wconf 90' lang='lat' dir='ltr'><strong>a</strong></span> <span class='ocrx_word' id='word_1_757' title='bbox 3357 3122 3586 3176; x_wconf 82' lang='lat' dir='ltr'><strong>mortuis.</strong></span> <span class='ocrx_word' id='word_1_758' title='bbox 3610 3120 3717 3176; x_wconf 73' lang='lat' dir='ltr'><strong>Re-</strong></span> 
     </span>
    </p>
   </div>
   <div class='ocr_carea' id='block_1_93' title="bbox 2140 3208 3721 3280">
    <p class='ocr_par' dir='ltr' id='par_1_93' title="bbox 2140 3208 3721 3280">
     <span class='ocr_line' id='line_1_93' title="bbox 2140 3208 3721 3280; baseline 0.003 -16"><span class='ocrx_word' id='word_1_759' title='bbox 2140 3220 2226 3264; x_wconf 89' lang='lat' dir='ltr'><strong>cte</strong></span> <span class='ocrx_word' id='word_1_760' title='bbox 2245 3209 2373 3263; x_wconf 70' lang='lat' dir='ltr'><strong>dixit</strong></span> <span class='ocrx_word' id='word_1_761' title='bbox 2395 3224 2410 3273; x_wconf 90' lang='lat'><strong>;</strong></span> <span class='ocrx_word' id='word_1_762' title='bbox 2441 3217 2607 3262; x_wconf 85' lang='lat' dir='ltr'><strong>totum</strong></span> <span class='ocrx_word' id='word_1_763' title='bbox 2630 3209 2772 3262; x_wconf 87' lang='lat' dir='ltr'><strong>enim</strong></span> <span class='ocrx_word' id='word_1_764' title='bbox 2794 3218 2880 3263; x_wconf 90' lang='lat' dir='ltr'><strong>est</strong></span> <span class='ocrx_word' id='word_1_765' title='bbox 2906 3208 3047 3263; x_wconf 77' lang='lat' dir='ltr'><strong>ﬁdei.</strong></span> <span class='ocrx_word' id='word_1_766' title='bbox 3072 3209 3383 3265; x_wconf 82' lang='lat' dir='ltr'><strong>Credidistis</strong></span> <span class='ocrx_word' id='word_1_767' title='bbox 3405 3213 3546 3280; x_wconf 86' lang='lat' dir='ltr'><strong>quod</strong></span> <span class='ocrx_word' id='word_1_768' title='bbox 3575 3214 3721 3269; x_wconf 83' lang='lat' dir='ltr'><strong>Deus</strong></span> 
     </span>
    </p>
   </div>
   <div class='ocr_carea' id='block_1_94' title="bbox 2143 3299 3716 3373">
    <p class='ocr_par' dir='ltr' id='par_1_94' title="bbox 2143 3299 3716 3373">
     <span class='ocr_line' id='line_1_94' title="bbox 2143 3299 3716 3373; baseline 0.003 -21"><span class='ocrx_word' id='word_1_769' title='bbox 2143 3309 2315 3368; x_wconf 81' lang='lat' dir='ltr'><strong>potest</strong></span> <span class='ocrx_word' id='word_1_770' title='bbox 2346 3299 2639 3364; x_wconf 90' lang='lat' dir='ltr'><strong>suscitare;</strong></span> <span class='ocrx_word' id='word_1_771' title='bbox 2664 3310 2716 3369; x_wconf 82' lang='lat' dir='ltr'><strong>et</strong></span> <span class='ocrx_word' id='word_1_772' title='bbox 2748 3299 2817 3352; x_wconf 91' lang='lat' dir='ltr'><strong>ita</strong></span> <span class='ocrx_word' id='word_1_773' title='bbox 2845 3300 3084 3353; x_wconf 85' lang='lat' dir='ltr'><strong>suscitati</strong></span> <span class='ocrx_word' id='word_1_774' title='bbox 3105 3301 3254 3354; x_wconf 82' lang='lat' dir='ltr'><strong>estis.</strong></span> <span class='ocrx_word' id='word_1_775' title='bbox 3279 3300 3477 3356; x_wconf 82' lang='lat' dir='ltr'><strong>Deinde</strong></span> <span class='ocrx_word' id='word_1_776' title='bbox 3502 3311 3554 3356; x_wconf 92' lang='lat' dir='ltr'><strong>ct</strong></span> <span class='ocrx_word' id='word_1_777' title='bbox 3572 3306 3716 3373; x_wconf 86' lang='lat' dir='ltr'><strong>quod</strong></span> 
     </span>
    </p>
   </div>
   <div class='ocr_carea' id='block_1_95' title="bbox 2141 3387 3717 3460">
    <p class='ocr_par' dir='ltr' id='par_1_95' title="bbox 2141 3387 3717 3460">
     <span class='ocr_line' id='line_1_95' title="bbox 2141 3387 3717 3460; baseline 0.003 -17"><span class='ocrx_word' id='word_1_778' title='bbox 2141 3400 2222 3444; x_wconf 88' lang='lat' dir='ltr'><strong>est</strong></span> <span class='ocrx_word' id='word_1_779' title='bbox 2248 3389 2352 3443; x_wconf 86' lang='lat' dir='ltr'><strong>ﬁde</strong></span> <span class='ocrx_word' id='word_1_780' title='bbox 2379 3388 2596 3458; x_wconf 77' lang='lat' dir='ltr'><strong>dignum</strong></span> <span class='ocrx_word' id='word_1_781' title='bbox 2622 3404 2637 3445; x_wconf 89' lang='lat'><strong>:</strong></span> <span class='ocrx_word' id='word_1_782' title='bbox 2668 3387 2768 3454; x_wconf 80' lang='lat' dir='ltr'><strong>Qui</strong></span> <span class='ocrx_word' id='word_1_783' title='bbox 2792 3389 3068 3451; x_wconf 73' lang='lat' dir='ltr'><strong>suscitavit,</strong></span> <span class='ocrx_word' id='word_1_784' title='bbox 3119 3391 3307 3460; x_wconf 86' lang='lat' dir='ltr'><strong>inquit,</strong></span> <span class='ocrx_word' id='word_1_785' title='bbox 3354 3392 3499 3445; x_wconf 89' lang='lat' dir='ltr'><strong>illum</strong></span> <span class='ocrx_word' id='word_1_786' title='bbox 3519 3411 3549 3444; x_wconf 81' lang='grc' dir='ltr'><em>α</em></span> <span class='ocrx_word' id='word_1_787' title='bbox 3578 3411 3717 3447; x_wconf 88' lang='lat' dir='ltr'><strong>mor-</strong></span> 
     </span>
    </p>
   </div>
   <div class='ocr_carea' id='block_1_96' title="bbox 2143 3478 3714 3537">
    <p class='ocr_par' dir='ltr' id='par_1_96' title="bbox 2143 3478 3714 3537">
     <span class='ocr_line' id='line_1_96' title="bbox 2143 3478 3714 3537; baseline 0.001 -2"><span class='ocrx_word' id='word_1_788' title='bbox 2143 3484 2258 3535; x_wconf 85' lang='lat' dir='ltr'><strong>tuis.</strong></span> <span class='ocrx_word' id='word_1_789' title='bbox 2284 3479 2399 3534; x_wconf 87' lang='lat' dir='ltr'><strong>.latn</strong></span> <span class='ocrx_word' id='word_1_790' title='bbox 2444 3478 2675 3532; x_wconf 86' lang='lat' dir='ltr'><strong>ostendit</strong></span> <span class='ocrx_word' id='word_1_791' title='bbox 2720 3481 3162 3535; x_wconf 82' lang='lat' dir='ltr'><strong>resutrcctioneni</strong></span> <span class='ocrx_word' id='word_1_792' title='bbox 3197 3500 3213 3535; x_wconf 90' lang='lat'><strong>:</strong></span> <span class='ocrx_word' id='word_1_793' title='bbox 3250 3483 3334 3537; x_wconf 79' lang='grc'><strong>15.</strong></span> <span class='ocrx_word' id='word_1_794' title='bbox 3372 3482 3435 3535; x_wconf 82' lang='grc' dir='ltr'>Ει</span> <span class='ocrx_word' id='word_1_795' title='bbox 3484 3500 3568 3536; x_wconf 77' lang='lat' dir='ltr'><strong>vos</strong></span> <span class='ocrx_word' id='word_1_796' title='bbox 3602 3501 3714 3537; x_wconf 86' lang='lat' dir='ltr'><strong>cum</strong></span> 
     </span>
    </p>
   </div>
   <div class='ocr_carea' id='block_1_97' title="bbox 2143 3570 3716 3641">
    <p class='ocr_par' dir='ltr' id='par_1_97' title="bbox 2143 3570 3716 3641">
     <span class='ocr_line' id='line_1_97' title="bbox 2143 3570 3716 3641; baseline 0.002 -17"><span class='ocrx_word' id='word_1_797' title='bbox 2143 3573 2327 3624; x_wconf 89' lang='lat' dir='ltr'><strong>mortui</strong></span> <span class='ocrx_word' id='word_1_798' title='bbox 2360 3570 2532 3624; x_wconf 87' lang='lat' dir='ltr'><strong>essetis</strong></span> <span class='ocrx_word' id='word_1_799' title='bbox 2559 3572 2609 3623; x_wconf 89' lang='lat' dir='ltr'><strong>in</strong></span> <span class='ocrx_word' id='word_1_800' title='bbox 2635 3571 2831 3623; x_wconf 89' lang='lat' dir='ltr'><strong>delictis</strong></span> <span class='ocrx_word' id='word_1_801' title='bbox 2856 3580 2903 3623; x_wconf 86' lang='lat' dir='ltr'><strong>et</strong></span> <span class='ocrx_word' id='word_1_802' title='bbox 2926 3573 3175 3641; x_wconf 73' lang='lat' dir='ltr'><strong>prarputio</strong></span> <span class='ocrx_word' id='word_1_803' title='bbox 3196 3575 3367 3628; x_wconf 84' lang='lat' dir='ltr'><strong>carnis</strong></span> <span class='ocrx_word' id='word_1_804' title='bbox 3392 3584 3586 3640; x_wconf 78' lang='lat' dir='ltr'><strong>restrtr,</strong></span> <span class='ocrx_word' id='word_1_805' title='bbox 3604 3592 3716 3629; x_wconf 77' lang='lat' dir='ltr'><strong>con-</strong></span> 
     </span>
    </p>
   </div>
   <div class='ocr_carea' id='block_1_98' title="bbox 2143 3659 3713 3732">
    <p class='ocr_par' dir='ltr' id='par_1_98' title="bbox 2143 3659 3713 3732">
     <span class='ocr_line' id='line_1_98' title="bbox 2143 3659 3713 3732; baseline 0.003 -18"><span class='ocrx_word' id='word_1_806' title='bbox 2143 3661 2406 3728; x_wconf 77' lang='lat' dir='ltr'><strong>viviﬁcavit</strong></span> <span class='ocrx_word' id='word_1_807' title='bbox 2436 3676 2547 3712; x_wconf 90' lang='lat' dir='ltr'><strong>cum</strong></span> <span class='ocrx_word' id='word_1_808' title='bbox 2574 3660 2681 3712; x_wconf 86' lang='lat' dir='ltr'><strong>illo.</strong></span> <span class='ocrx_word' id='word_1_809' title='bbox 2712 3659 2886 3713; x_wconf 86' lang='lat' dir='ltr'><strong>Eratis</strong></span> <span class='ocrx_word' id='word_1_810' title='bbox 2924 3661 3066 3715; x_wconf 89' lang='lat' dir='ltr'><strong>enim</strong></span> <span class='ocrx_word' id='word_1_811' title='bbox 3098 3664 3254 3716; x_wconf 83' lang='lat' dir='ltr'><strong>morti</strong></span> <span class='ocrx_word' id='word_1_812' title='bbox 3282 3664 3519 3718; x_wconf 77' lang='lat' dir='ltr'><strong>obnoxii.</strong></span> <span class='ocrx_word' id='word_1_813' title='bbox 3567 3667 3713 3732; x_wconf 88' lang='lat' dir='ltr'><strong>Quod</strong></span> 
     </span>
    </p>
   </div>
   <div class='ocr_carea' id='block_1_99' title="bbox 2143 3751 3715 3819">
    <p class='ocr_par' dir='ltr' id='par_1_99' title="bbox 2143 3751 3715 3819">
     <span class='ocr_line' id='line_1_99' title="bbox 2143 3751 3715 3819; baseline 0.001 -13"><span class='ocrx_word' id='word_1_814' title='bbox 2143 3752 2187 3807; x_wconf 91' lang='lat' dir='ltr'><strong>si</strong></span> <span class='ocrx_word' id='word_1_815' title='bbox 2216 3751 2373 3805; x_wconf 85' lang='lat' dir='ltr'><strong>etiam</strong></span> <span class='ocrx_word' id='word_1_816' title='bbox 2406 3751 2598 3805; x_wconf 90' lang='lat' dir='ltr'><strong>mortui</strong></span> <span class='ocrx_word' id='word_1_817' title='bbox 2651 3753 2865 3817; x_wconf 78' lang='lat' dir='ltr'><strong>essetis,</strong></span> <span class='ocrx_word' id='word_1_818' title='bbox 2898 3766 3003 3806; x_wconf 90' lang='lat' dir='ltr'><strong>non</strong></span> <span class='ocrx_word' id='word_1_819' title='bbox 3033 3752 3249 3819; x_wconf 77' lang='lat' dir='ltr'><strong>frustra,</strong></span> <span class='ocrx_word' id='word_1_820' title='bbox 3279 3753 3374 3808; x_wconf 85' lang='lat' dir='ltr'><strong>sed</strong></span> <span class='ocrx_word' id='word_1_821' title='bbox 3403 3756 3513 3809; x_wconf 92' lang='lat' dir='ltr'><strong>utili</strong></span> <span class='ocrx_word' id='word_1_822' title='bbox 3544 3766 3715 3809; x_wconf 90' lang='lat' dir='ltr'><strong>morte</strong></span> 
     </span>
    </p>
   </div>
   <div class='ocr_carea' id='block_1_100' title="bbox 2144 3840 3716 3915">
    <p class='ocr_par' dir='ltr' id='par_1_100' title="bbox 2144 3840 3716 3915">
     <span class='ocr_line' id='line_1_100' title="bbox 2144 3840 3716 3915; baseline 0.002 -19"><span class='ocrx_word' id='word_1_823' title='bbox 2144 3843 2333 3897; x_wconf 86' lang='lat' dir='ltr'><strong>essetis</strong></span> <span class='ocrx_word' id='word_1_824' title='bbox 2363 3843 2576 3895; x_wconf 89' lang='lat' dir='ltr'><strong>mortui.</strong></span> <span class='ocrx_word' id='word_1_825' title='bbox 2625 3840 2759 3896; x_wconf 69' lang='lat' dir='ltr'><strong>Vide</strong></span> <span class='ocrx_word' id='word_1_826' title='bbox 2786 3842 3053 3910; x_wconf 89' lang='lat' dir='ltr'><strong>quomodo</strong></span> <span class='ocrx_word' id='word_1_827' title='bbox 3094 3858 3281 3897; x_wconf 85' lang='lat' dir='ltr'><strong>rursus</strong></span> <span class='ocrx_word' id='word_1_828' title='bbox 3310 3845 3545 3898; x_wconf 73' lang='lat' dir='ltr'><strong>ostendit</strong></span> <span class='ocrx_word' id='word_1_829' title='bbox 3568 3862 3716 3915; x_wconf 81' lang='lat' dir='ltr'><strong>qua-.-</strong></span> 
     </span>
    </p>
   </div>
   <div class='ocr_carea' id='block_1_101' title="bbox 2146 3934 3714 4003">
    <p class='ocr_par' dir='ltr' id='par_1_101' title="bbox 2146 3934 3714 4003">
     <span class='ocr_line' id='line_1_101' title="bbox 2146 3934 3714 4003; baseline 0.001 -14"><span class='ocrx_word' id='word_1_830' title='bbox 2146 3950 2265 3989; x_wconf 89' lang='lat' dir='ltr'><strong>nam</strong></span> <span class='ocrx_word' id='word_1_831' title='bbox 2291 3944 2443 3988; x_wconf 85' lang='lat' dir='ltr'><strong>erant</strong></span> <span class='ocrx_word' id='word_1_832' title='bbox 2474 3934 2670 3998; x_wconf 83' lang='lat' dir='ltr'><strong>meriti,</strong></span> <span class='ocrx_word' id='word_1_833' title='bbox 2703 3950 2795 4003; x_wconf 86' lang='lat' dir='ltr'><strong>per</strong></span> <span class='ocrx_word' id='word_1_834' title='bbox 2822 3950 2883 3987; x_wconf 89' lang='lat' dir='ltr'><strong>ea</strong></span> <span class='ocrx_word' id='word_1_835' title='bbox 2912 3950 3031 4003; x_wconf 76' lang='lat' dir='ltr'><strong>quze</strong></span> <span class='ocrx_word' id='word_1_836' title='bbox 3053 3935 3359 4003; x_wconf 76' lang='lat' dir='ltr'><strong>sultjuuxit:</strong></span> <span class='ocrx_word' id='word_1_837' title='bbox 3388 3935 3596 3990; x_wconf 85' lang='lat' dir='ltr'><strong>Danaus</strong></span> <span class='ocrx_word' id='word_1_838' title='bbox 3625 3956 3714 3990; x_wconf 85' lang='lat' dir='ltr'><strong>no-</strong></span> 
     </span>
    </p>
   </div>
   <div class='ocr_carea' id='block_1_102' title="bbox 2147 4024 3718 4093">
    <p class='ocr_par' dir='ltr' id='par_1_102' title="bbox 2147 4024 3718 4093">
     <span class='ocr_line' id='line_1_102' title="bbox 2147 4024 3718 4093; baseline -0.001 -14"><span class='ocrx_word' id='word_1_839' title='bbox 2147 4026 2221 4079; x_wconf 85' lang='lat' dir='ltr'><strong>bis</strong></span> <span class='ocrx_word' id='word_1_840' title='bbox 2270 4025 2439 4078; x_wconf 86' lang='lat' dir='ltr'><strong>omnia</strong></span> <span class='ocrx_word' id='word_1_841' title='bbox 2468 4024 2670 4089; x_wconf 88' lang='lat' dir='ltr'><strong>delictu,</strong></span> <span class='ocrx_word' id='word_1_842' title='bbox 2718 4025 2804 4078; x_wconf 77' lang='grc' dir='ltr'><strong>Η.</strong></span> <span class='ocrx_word' id='word_1_843' title='bbox 2846 4026 3015 4078; x_wconf 82' lang='lat' dir='ltr'><strong>deletis</strong></span> <span class='ocrx_word' id='word_1_844' title='bbox 3043 4025 3177 4093; x_wconf 87' lang='lat' dir='ltr'><strong>quod</strong></span> <span class='ocrx_word' id='word_1_845' title='bbox 3218 4026 3459 4079; x_wconf 83' lang='lat' dir='ltr'><strong>adversus</strong></span> <span class='ocrx_word' id='word_1_846' title='bbox 3498 4043 3589 4079; x_wconf 91' lang='lat' dir='ltr'><strong>nos</strong></span> <span class='ocrx_word' id='word_1_847' title='bbox 3614 4039 3718 4079; x_wconf 85' lang='lat' dir='ltr'><strong>erat</strong></span> 
     </span>
    </p>
   </div>
   <div class='ocr_carea' id='block_1_103' title="bbox 2146 4116 3717 4186">
    <p class='ocr_par' dir='ltr' id='par_1_103' title="bbox 2146 4116 3717 4186">
     <span class='ocr_line' id='line_1_103' title="bbox 2146 4116 3717 4186; baseline -0.001 -15"><span class='ocrx_word' id='word_1_848' title='bbox 2146 4118 2532 4186; x_wconf 85' lang='lat' dir='ltr'><strong>chirographum</strong></span> <span class='ocrx_word' id='word_1_849' title='bbox 2570 4116 2774 4180; x_wconf 77' lang='lat' dir='ltr'><strong>decreti,</strong></span> <span class='ocrx_word' id='word_1_850' title='bbox 2807 4116 2943 4184; x_wconf 86' lang='lat' dir='ltr'><strong>quod</strong></span> <span class='ocrx_word' id='word_1_851' title='bbox 2968 4126 3078 4169; x_wconf 88' lang='lat' dir='ltr'><strong>erat</strong></span> <span class='ocrx_word' id='word_1_852' title='bbox 3121 4117 3431 4169; x_wconf 85' lang='lat' dir='ltr'><strong>contrarium</strong></span> <span class='ocrx_word' id='word_1_853' title='bbox 3471 4117 3643 4179; x_wconf 82' lang='lat' dir='ltr'><strong>nobis;</strong></span> <span class='ocrx_word' id='word_1_854' title='bbox 3671 4129 3717 4169; x_wconf 84' lang='lat' dir='ltr'><strong>et</strong></span> 
     </span>
    </p>
   </div>
   <div class='ocr_carea' id='block_1_104' title="bbox 2146 4206 3716 4277">
    <p class='ocr_par' dir='ltr' id='par_1_104' title="bbox 2146 4206 3716 4277">
     <span class='ocr_line' id='line_1_104' title="bbox 2146 4206 3716 4277; baseline 0 -16"><span class='ocrx_word' id='word_1_855' title='bbox 2146 4209 2308 4277; x_wconf 86' lang='lat' dir='ltr'><strong>ipsum</strong></span> <span class='ocrx_word' id='word_1_856' title='bbox 2333 4207 2444 4259; x_wconf 88' lang='lat' dir='ltr'><strong>tulit</strong></span> <span class='ocrx_word' id='word_1_857' title='bbox 2472 4206 2534 4258; x_wconf 88' lang='lat' dir='ltr'><strong>de</strong></span> <span class='ocrx_word' id='word_1_858' title='bbox 2560 4207 2741 4268; x_wconf 78' lang='lat' dir='ltr'><strong>medio,</strong></span> <span class='ocrx_word' id='word_1_859' title='bbox 2766 4206 2970 4274; x_wconf 74' lang='lat' dir='ltr'><strong>afﬁgens</strong></span> <span class='ocrx_word' id='word_1_860' title='bbox 3000 4207 3130 4259; x_wconf 90' lang='lat' dir='ltr'><strong>illud</strong></span> <span class='ocrx_word' id='word_1_861' title='bbox 3154 4208 3323 4268; x_wconf 86' lang='lat' dir='ltr'><strong>cruci;</strong></span> <span class='ocrx_word' id='word_1_862' title='bbox 3352 4207 3437 4260; x_wconf 79' lang='grc'><strong>15.</strong></span> <span class='ocrx_word' id='word_1_863' title='bbox 3464 4217 3512 4261; x_wconf 91' lang='lat' dir='ltr'><strong>et</strong></span> <span class='ocrx_word' id='word_1_864' title='bbox 3533 4222 3716 4277; x_wconf 74' lang='lat' dir='ltr'><strong>exspo-</strong></span> 
     </span>
    </p>
   </div>
   <div class='ocr_carea' id='block_1_105' title="bbox 2148 4298 3717 4370">
    <p class='ocr_par' dir='ltr' id='par_1_105' title="bbox 2148 4298 3717 4370">
     <span class='ocr_line' id='line_1_105' title="bbox 2148 4298 3717 4370; baseline -0.001 -17"><span class='ocrx_word' id='word_1_865' title='bbox 2148 4301 2277 4353; x_wconf 78' lang='lat' dir='ltr'><strong>lians</strong></span> <span class='ocrx_word' id='word_1_866' title='bbox 2303 4298 2616 4367; x_wconf 69' lang='lat' dir='ltr'><strong>principatus</strong></span> <span class='ocrx_word' id='word_1_867' title='bbox 2636 4308 2682 4349; x_wconf 83' lang='lat' dir='ltr'><strong>ct</strong></span> <span class='ocrx_word' id='word_1_868' title='bbox 2707 4308 2994 4365; x_wconf 88' lang='lat' dir='ltr'><strong>potestates,</strong></span> <span class='ocrx_word' id='word_1_869' title='bbox 3026 4298 3250 4352; x_wconf 74' lang='lat' dir='ltr'><strong>traduxit</strong></span> <span class='ocrx_word' id='word_1_870' title='bbox 3290 4300 3597 4363; x_wconf 75' lang='lat' dir='ltr'><strong>conﬁdenter</strong></span> <span class='ocrx_word' id='word_1_871' title='bbox 3622 4317 3717 4370; x_wconf 81' lang='lat' dir='ltr'><strong>pa-</strong></span> 
     </span>
    </p>
   </div>
   <div class='ocr_carea' id='block_1_106' title="bbox 2148 4385 3718 4456">
    <p class='ocr_par' dir='ltr' id='par_1_106' title="bbox 2148 4385 3718 4456">
     <span class='ocr_line' id='line_1_106' title="bbox 2148 4385 3718 4456; baseline 0 -15"><span class='ocrx_word' id='word_1_872' title='bbox 2148 4390 2271 4453; x_wconf 87' lang='lat' dir='ltr'><strong>lam,</strong></span> <span class='ocrx_word' id='word_1_873' title='bbox 2296 4388 2614 4453; x_wconf 85' lang='lat' dir='ltr'><strong>triumphans</strong></span> <span class='ocrx_word' id='word_1_874' title='bbox 2645 4387 2760 4439; x_wconf 82' lang='lat' dir='ltr'><strong>illos</strong></span> <span class='ocrx_word' id='word_1_875' title='bbox 2783 4388 2832 4439; x_wconf 87' lang='lat' dir='ltr'><strong>in</strong></span> <span class='ocrx_word' id='word_1_876' title='bbox 2858 4389 3142 4456; x_wconf 86' lang='lat' dir='ltr'><strong>semetipso.</strong></span> <span class='ocrx_word' id='word_1_877' title='bbox 3188 4385 3401 4441; x_wconf 83' lang='lat' dir='ltr'><strong>Danaus</strong></span> <span class='ocrx_word' id='word_1_878' title='bbox 3440 4389 3600 4452; x_wconf 77' lang='lat' dir='ltr'><strong>nobis,</strong></span> <span class='ocrx_word' id='word_1_879' title='bbox 3635 4390 3718 4441; x_wconf 63' lang='lat' dir='ltr'><strong>iu-</strong></span> 
     </span>
    </p>
   </div>
   <div class='ocr_carea' id='block_1_107' title="bbox 2148 4474 3715 4547">
    <p class='ocr_par' dir='ltr' id='par_1_107' title="bbox 2148 4474 3715 4547">
     <span class='ocr_line' id='line_1_107' title="bbox 2148 4474 3715 4547; baseline 0.003 -20"><span class='ocrx_word' id='word_1_880' title='bbox 2148 4479 2279 4547; x_wconf 85' lang='lat' dir='ltr'><strong>quit,</strong></span> <span class='ocrx_word' id='word_1_881' title='bbox 2309 4477 2475 4529; x_wconf 88' lang='lat' dir='ltr'><strong>omnia</strong></span> <span class='ocrx_word' id='word_1_882' title='bbox 2523 4476 2725 4528; x_wconf 79' lang='lat' dir='ltr'><strong>delicta.</strong></span> <span class='ocrx_word' id='word_1_883' title='bbox 2758 4474 3050 4542; x_wconf 75' lang='lat' dir='ltr'><strong>Quantam?</strong></span> <span class='ocrx_word' id='word_1_884' title='bbox 3076 4477 3206 4541; x_wconf 72' lang='lat' dir='ltr'><strong>Qua:</strong></span> <span class='ocrx_word' id='word_1_885' title='bbox 3245 4476 3547 4531; x_wconf 79' lang='lat' dir='ltr'><strong>efﬁciebant</strong></span> <span class='ocrx_word' id='word_1_886' title='bbox 3573 4494 3715 4531; x_wconf 80' lang='lat' dir='ltr'><strong>mor-</strong></span> 
     </span>
    </p>
   </div>
   <div class='ocr_carea' id='block_1_108' title="bbox 2150 4565 3710 4636">
    <p class='ocr_par' dir='ltr' id='par_1_108' title="bbox 2150 4565 3710 4636">
     <span class='ocr_line' id='line_1_108' title="bbox 2150 4565 3710 4636; baseline -0.003 -14"><span class='ocrx_word' id='word_1_887' title='bbox 2150 4568 2426 4622; x_wconf 87' lang='lat' dir='ltr'><strong>talitatem.</strong></span> <span class='ocrx_word' id='word_1_888' title='bbox 2460 4567 2520 4619; x_wconf 81' lang='lat' dir='ltr'><strong>Et</strong></span> <span class='ocrx_word' id='word_1_889' title='bbox 2550 4566 2707 4635; x_wconf 78' lang='lat' dir='ltr'><strong>quid?</strong></span> <span class='ocrx_word' id='word_1_890' title='bbox 2749 4565 2943 4619; x_wconf 88' lang='lat' dir='ltr'><strong>sivitue</strong></span> <span class='ocrx_word' id='word_1_891' title='bbox 2968 4581 3028 4619; x_wconf 86' lang='lat' dir='ltr'><strong>ea</strong></span> <span class='ocrx_word' id='word_1_892' title='bbox 3062 4566 3314 4619; x_wconf 82' lang='lat' dir='ltr'><strong>manere?</strong></span> <span class='ocrx_word' id='word_1_893' title='bbox 3342 4566 3710 4636; x_wconf 81' lang='lat' dir='ltr'><strong>Nequaquam,</strong></span> 
     </span>
    </p>
   </div>
   <div class='ocr_carea' id='block_1_109' title="bbox 2149 4657 3715 4725">
    <p class='ocr_par' dir='ltr' id='par_1_109' title="bbox 2149 4657 3715 4725">
     <span class='ocr_line' id='line_1_109' title="bbox 2149 4657 3715 4725; baseline -0.003 -10"><span class='ocrx_word' id='word_1_894' title='bbox 2149 4660 2242 4715; x_wconf 87' lang='lat' dir='ltr'><strong>sed</strong></span> <span class='ocrx_word' id='word_1_895' title='bbox 2272 4660 2485 4721; x_wconf 82' lang='lat' dir='ltr'><strong>delevit,</strong></span> <span class='ocrx_word' id='word_1_896' title='bbox 2517 4674 2621 4711; x_wconf 89' lang='lat' dir='ltr'><strong>non</strong></span> <span class='ocrx_word' id='word_1_897' title='bbox 2656 4658 2828 4711; x_wconf 91' lang='lat' dir='ltr'><strong>solum</strong></span> <span class='ocrx_word' id='word_1_898' title='bbox 2857 4658 3135 4725; x_wconf 67' lang='lat' dir='ltr'><strong>espuuxit,</strong></span> <span class='ocrx_word' id='word_1_899' title='bbox 3168 4657 3261 4711; x_wconf 86' lang='lat' dir='ltr'><strong>sed</strong></span> <span class='ocrx_word' id='word_1_900' title='bbox 3290 4657 3515 4724; x_wconf 80' lang='lat' dir='ltr'><strong>delevit,</strong></span> <span class='ocrx_word' id='word_1_901' title='bbox 3567 4659 3634 4711; x_wconf 90' lang='lat' dir='ltr'><strong>ita</strong></span> <span class='ocrx_word' id='word_1_902' title='bbox 3664 4668 3715 4711; x_wconf 90' lang='lat' dir='ltr'><strong>ut</strong></span> 
     </span>
    </p>
   </div>
   <div class='ocr_carea' id='block_1_110' title="bbox 2150 4749 3719 4819">
    <p class='ocr_par' dir='ltr' id='par_1_110' title="bbox 2150 4749 3719 4819">
     <span class='ocr_line' id='line_1_110' title="bbox 2150 4749 3719 4819; baseline -0.004 -12"><span class='ocrx_word' id='word_1_903' title='bbox 2150 4768 2254 4807; x_wconf 90' lang='lat' dir='ltr'><strong>non</strong></span> <span class='ocrx_word' id='word_1_904' title='bbox 2283 4760 2623 4819; x_wconf 85' lang='lat' dir='ltr'><strong>apparerent.</strong></span> <span class='ocrx_word' id='word_1_905' title='bbox 2655 4750 2709 4803; x_wconf 93' lang='lat' dir='ltr'><strong>In</strong></span> <span class='ocrx_word' id='word_1_906' title='bbox 2742 4750 2994 4810; x_wconf 86' lang='lat' dir='ltr'><strong>decretis,</strong></span> <span class='ocrx_word' id='word_1_907' title='bbox 3028 4751 3218 4819; x_wconf 83' lang='lat' dir='ltr'><strong>inquit,</strong></span> <span class='ocrx_word' id='word_1_908' title='bbox 3241 4763 3333 4803; x_wconf 85' lang='lat' dir='ltr'><strong>seu</strong></span> <span class='ocrx_word' id='word_1_909' title='bbox 3360 4749 3719 4819; x_wconf 72' lang='lat' dir='ltr'><strong>dogmatibus.</strong></span> 
     </span>
    </p>
   </div>
   <div class='ocr_carea' id='block_1_111' title="bbox 2150 4838 3718 4911">
    <p class='ocr_par' dir='ltr' id='par_1_111' title="bbox 2150 4838 3718 4911">
     <span class='ocr_line' id='line_1_111' title="bbox 2150 4838 3718 4911; baseline -0.005 -14"><span class='ocrx_word' id='word_1_910' title='bbox 2150 4844 2205 4898; x_wconf 87' lang='lat' dir='ltr'><strong>In</strong></span> <span class='ocrx_word' id='word_1_911' title='bbox 2259 4840 2607 4911; x_wconf 86' lang='lat' dir='ltr'><strong>quibusnam?</strong></span> <span class='ocrx_word' id='word_1_912' title='bbox 2640 4840 2696 4894; x_wconf 92' lang='lat' dir='ltr'><strong>ln</strong></span> <span class='ocrx_word' id='word_1_913' title='bbox 2749 4840 2869 4893; x_wconf 84' lang='lat' dir='ltr'><strong>tide.</strong></span> <span class='ocrx_word' id='word_1_914' title='bbox 2905 4838 3111 4893; x_wconf 83' lang='lat' dir='ltr'><strong>Sut‘licit</strong></span> <span class='ocrx_word' id='word_1_915' title='bbox 3155 4855 3283 4908; x_wconf 74' lang='lat' dir='ltr'><strong>ergo</strong></span> <span class='ocrx_word' id='word_1_916' title='bbox 3312 4841 3555 4893; x_wconf 87' lang='lat' dir='ltr'><strong>credere.</strong></span> <span class='ocrx_word' id='word_1_917' title='bbox 3603 4838 3718 4893; x_wconf 84' lang='lat' dir='ltr'><strong>Non</strong></span> 
     </span>
    </p>
   </div>
   <div class='ocr_carea' id='block_1_112' title="bbox 2148 4928 3740 5001">
    <p class='ocr_par' dir='ltr' id='par_1_112' title="bbox 2148 4928 3740 5001">
     <span class='ocr_line' id='line_1_112' title="bbox 2148 4928 3740 5001; baseline -0.004 -15"><span class='ocrx_word' id='word_1_918' title='bbox 2148 4932 2399 5001; x_wconf 84' lang='lat' dir='ltr'><strong>cperilms</strong></span> <span class='ocrx_word' id='word_1_919' title='bbox 2427 4945 2610 4999; x_wconf 85' lang='lat' dir='ltr'><strong>opera,</strong></span> <span class='ocrx_word' id='word_1_920' title='bbox 2644 4929 2736 4983; x_wconf 86' lang='lat' dir='ltr'><strong>sed</strong></span> <span class='ocrx_word' id='word_1_921' title='bbox 2767 4942 2929 4997; x_wconf 81' lang='lat' dir='ltr'><strong>Opera</strong></span> <span class='ocrx_word' id='word_1_922' title='bbox 2970 4928 3090 4983; x_wconf 82' lang='lat' dir='ltr'><strong>ﬁdei</strong></span> <span class='ocrx_word' id='word_1_923' title='bbox 3123 4928 3343 4983; x_wconf 87' lang='lat' dir='ltr'><strong>addidit.</strong></span> <span class='ocrx_word' id='word_1_924' title='bbox 3378 4929 3440 4982; x_wconf 84' lang='lat' dir='ltr'><strong>Et</strong></span> <span class='ocrx_word' id='word_1_925' title='bbox 3469 4930 3595 4998; x_wconf 89' lang='lat' dir='ltr'><strong>quid</strong></span> <span class='ocrx_word' id='word_1_926' title='bbox 3629 4944 3740 4997; x_wconf 82' lang='lat' dir='ltr'><strong>po-.</strong></span> 
     </span>
    </p>
   </div>
   <div class='ocr_carea' id='block_1_113' title="bbox 2149 5019 3721 5089">
    <p class='ocr_par' dir='ltr' id='par_1_113' title="bbox 2149 5019 3721 5089">
     <span class='ocr_line' id='line_1_113' title="bbox 2149 5019 3721 5089; baseline -0.004 -12"><span class='ocrx_word' id='word_1_927' title='bbox 2149 5023 2296 5077; x_wconf 78' lang='lat' dir='ltr'><strong>stea?</strong></span> <span class='ocrx_word' id='word_1_928' title='bbox 2347 5020 2669 5075; x_wconf 74' lang='lat' dir='ltr'><strong>ltemissiuui</strong></span> <span class='ocrx_word' id='word_1_929' title='bbox 2717 5034 2901 5074; x_wconf 86' lang='lat' dir='ltr'><strong>rursus</strong></span> <span class='ocrx_word' id='word_1_930' title='bbox 2946 5020 3217 5089; x_wconf 75' lang='lat' dir='ltr'><strong>subjungit</strong></span> <span class='ocrx_word' id='word_1_931' title='bbox 3260 5020 3603 5073; x_wconf 79' lang='lat' dir='ltr'><strong>deletiouetn.</strong></span> <span class='ocrx_word' id='word_1_932' title='bbox 3657 5019 3721 5071; x_wconf 62' lang='lat' dir='ltr'><strong>lit</strong></span> 
     </span>
    </p>
   </div>
   <div class='ocr_carea' id='block_1_114' title="bbox 2147 5109 3724 5182">
    <p class='ocr_par' dir='ltr' id='par_1_114' title="bbox 2147 5109 3724 5182">
     <span class='ocr_line' id='line_1_114' title="bbox 2147 5109 3724 5182; baseline -0.004 -17"><span class='ocrx_word' id='word_1_933' title='bbox 2147 5114 2334 5182; x_wconf 87' lang='lat' dir='ltr'><strong>ipsum,</strong></span> <span class='ocrx_word' id='word_1_934' title='bbox 2353 5112 2537 5179; x_wconf 83' lang='lat' dir='ltr'><strong>inquit,</strong></span> <span class='ocrx_word' id='word_1_935' title='bbox 2562 5110 2673 5162; x_wconf 90' lang='lat' dir='ltr'><strong>tulit</strong></span> <span class='ocrx_word' id='word_1_936' title='bbox 2700 5109 2763 5161; x_wconf 89' lang='lat' dir='ltr'><strong>de</strong></span> <span class='ocrx_word' id='word_1_937' title='bbox 2790 5110 2973 5162; x_wconf 87' lang='lat' dir='ltr'><strong>medio.</strong></span> <span class='ocrx_word' id='word_1_938' title='bbox 3003 5109 3066 5162; x_wconf 82' lang='lat' dir='ltr'><strong>Et</strong></span> <span class='ocrx_word' id='word_1_939' title='bbox 3096 5125 3162 5161; x_wconf 88' lang='lat' dir='ltr'><strong>ne</strong></span> <span class='ocrx_word' id='word_1_940' title='bbox 3189 5110 3264 5161; x_wconf 92' lang='lat' dir='ltr'><strong>sic</strong></span> <span class='ocrx_word' id='word_1_941' title='bbox 3290 5110 3501 5177; x_wconf 86' lang='lat' dir='ltr'><strong>quidem</strong></span> <span class='ocrx_word' id='word_1_942' title='bbox 3534 5124 3685 5164; x_wconf 84' lang='lat' dir='ltr'><strong>serva</strong></span> <span class='ocrx_word' id='word_1_943' title='bbox 3708 5137 3724 5148; x_wconf 86' lang='lat'><strong>-</strong></span> 
     </span>
    </p>
   </div>
   <div class='ocr_carea' id='block_1_115' title="bbox 2147 5200 3720 5273">
    <p class='ocr_par' dir='ltr' id='par_1_115' title="bbox 2147 5200 3720 5273">
     <span class='ocr_line' id='line_1_115' title="bbox 2147 5200 3720 5273; baseline -0.001 -17"><span class='ocrx_word' id='word_1_944' title='bbox 2147 5204 2241 5259; x_wconf 79' lang='lat' dir='ltr'><strong>vit.</strong></span> <span class='ocrx_word' id='word_1_945' title='bbox 2267 5202 2360 5257; x_wconf 87' lang='lat' dir='ltr'><strong>sed</strong></span> <span class='ocrx_word' id='word_1_946' title='bbox 2387 5212 2440 5257; x_wconf 88' lang='lat' dir='ltr'><strong>et</strong></span> <span class='ocrx_word' id='word_1_947' title='bbox 2470 5202 2518 5255; x_wconf 90' lang='lat' dir='ltr'><strong>id</strong></span> <span class='ocrx_word' id='word_1_948' title='bbox 2546 5202 2795 5271; x_wconf 83' lang='lat' dir='ltr'><strong>disrupit,</strong></span> <span class='ocrx_word' id='word_1_949' title='bbox 2824 5202 3040 5271; x_wconf 73' lang='lat' dir='ltr'><strong>Aﬁigens</strong></span> <span class='ocrx_word' id='word_1_950' title='bbox 3062 5202 3219 5253; x_wconf 78' lang='lat' dir='ltr'><strong>cruri.</strong></span> <span class='ocrx_word' id='word_1_951' title='bbox 3254 5200 3561 5271; x_wconf 71' lang='lat' dir='ltr'><strong>Exspolittns</strong></span> <span class='ocrx_word' id='word_1_952' title='bbox 3586 5204 3720 5273; x_wconf 84' lang='lat' dir='ltr'><strong>prin-</strong></span> 
     </span>
    </p>
   </div>
   <div class='ocr_carea' id='block_1_116' title="bbox 2148 5293 3725 5366">
    <p class='ocr_par' dir='ltr' id='par_1_116' title="bbox 2148 5293 3725 5366">
     <span class='ocr_line' id='line_1_116' title="bbox 2148 5293 3725 5366; baseline -0.002 -17"><span class='ocrx_word' id='word_1_953' title='bbox 2148 5299 2342 5366; x_wconf 89' lang='lat' dir='ltr'><strong>cipatus</strong></span> <span class='ocrx_word' id='word_1_954' title='bbox 2359 5305 2404 5347; x_wconf 90' lang='lat' dir='ltr'><strong>et</strong></span> <span class='ocrx_word' id='word_1_955' title='bbox 2431 5304 2717 5365; x_wconf 84' lang='lat' dir='ltr'><strong>potestates,</strong></span> <span class='ocrx_word' id='word_1_956' title='bbox 2742 5294 2968 5346; x_wconf 79' lang='lat' dir='ltr'><strong>traduxit</strong></span> <span class='ocrx_word' id='word_1_957' title='bbox 2995 5293 3303 5358; x_wconf 79' lang='lat' dir='ltr'><strong>conﬁdenter</strong></span> <span class='ocrx_word' id='word_1_958' title='bbox 3323 5296 3514 5364; x_wconf 87' lang='lat' dir='ltr'><strong>palam.</strong></span> <span class='ocrx_word' id='word_1_959' title='bbox 3541 5298 3725 5349; x_wconf 81' lang='lat' dir='ltr'><strong>trium-</strong></span> 
     </span>
    </p>
   </div>
   <div class='ocr_carea' id='block_1_117' title="bbox 2150 5383 3721 5457">
    <p class='ocr_par' dir='ltr' id='par_1_117' title="bbox 2150 5383 3721 5457">
     <span class='ocr_line' id='line_1_117' title="bbox 2150 5383 3721 5457; baseline 0 -18"><span class='ocrx_word' id='word_1_960' title='bbox 2150 5389 2311 5457; x_wconf 86' lang='lat' dir='ltr'><strong>phans</strong></span> <span class='ocrx_word' id='word_1_961' title='bbox 2340 5386 2455 5439; x_wconf 88' lang='lat' dir='ltr'><strong>illos</strong></span> <span class='ocrx_word' id='word_1_962' title='bbox 2495 5387 2546 5438; x_wconf 88' lang='lat' dir='ltr'><strong>in</strong></span> <span class='ocrx_word' id='word_1_963' title='bbox 2585 5385 2874 5454; x_wconf 83' lang='lat' dir='ltr'><strong>semetipso.</strong></span> <span class='ocrx_word' id='word_1_964' title='bbox 2907 5383 3177 5452; x_wconf 82' lang='lat' dir='ltr'><strong>Nusquam</strong></span> <span class='ocrx_word' id='word_1_965' title='bbox 3226 5384 3473 5453; x_wconf 84' lang='lat' dir='ltr'><strong>loquutus</strong></span> <span class='ocrx_word' id='word_1_966' title='bbox 3498 5396 3579 5439; x_wconf 87' lang='lat' dir='ltr'><strong>est</strong></span> <span class='ocrx_word' id='word_1_967' title='bbox 3609 5396 3721 5439; x_wconf 79' lang='lat' dir='ltr'><strong>tam</strong></span> 
     </span>
    </p>
   </div>
   <div class='ocr_carea' id='block_1_118' title="bbox 2150 5475 2447 5545">
    <p class='ocr_par' dir='ltr' id='par_1_118' title="bbox 2150 5475 2447 5545">
     <span class='ocr_line' id='line_1_118' title="bbox 2150 5475 2447 5545; baseline 0 -16"><span class='ocrx_word' id='word_1_968' title='bbox 2150 5475 2447 5545; x_wconf 71' lang='lat' dir='ltr'><strong>tnaguilice.</strong></span> 
     </span>
    </p>
   </div>
   <div class='ocr_carea' id='block_1_119' title="bbox 2220 5564 3724 5635">
    <p class='ocr_par' dir='ltr' id='par_1_119' title="bbox 2220 5564 3724 5635">
     <span class='ocr_line' id='line_1_119' title="bbox 2220 5564 3724 5635; baseline -0.001 -14"><span class='ocrx_word' id='word_1_969' title='bbox 2220 5567 2272 5621; x_wconf 79' lang='lat'><strong>3.</strong></span> <span class='ocrx_word' id='word_1_970' title='bbox 2318 5565 2475 5620; x_wconf 79' lang='lat' dir='ltr'><strong>\‘ides</strong></span> <span class='ocrx_word' id='word_1_971' title='bbox 2504 5573 2754 5635; x_wconf 87' lang='lat' dir='ltr'><strong>quantum</strong></span> <span class='ocrx_word' id='word_1_972' title='bbox 2807 5564 3041 5635; x_wconf 89' lang='lat' dir='ltr'><strong>posuerit</strong></span> <span class='ocrx_word' id='word_1_973' title='bbox 3069 5564 3301 5619; x_wconf 88' lang='lat' dir='ltr'><strong>studium</strong></span> <span class='ocrx_word' id='word_1_974' title='bbox 3346 5574 3403 5620; x_wconf 89' lang='lat' dir='ltr'><strong>ut</strong></span> <span class='ocrx_word' id='word_1_975' title='bbox 3448 5566 3724 5621; x_wconf 77' lang='lat' dir='ltr'><strong>deleretur</strong></span> 
     </span>
    </p>
   </div>
   <div class='ocr_carea' id='block_1_120' title="bbox 2150 5655 3717 5730">
    <p class='ocr_par' dir='ltr' id='par_1_120' title="bbox 2150 5655 3717 5730">
     <span class='ocr_line' id='line_1_120' title="bbox 2150 5655 3717 5730; baseline 0.002 -19"><span class='ocrx_word' id='word_1_976' title='bbox 2150 5655 2593 5725; x_wconf 80' lang='lat' dir='ltr'><strong>chirographum?</strong></span> <span class='ocrx_word' id='word_1_977' title='bbox 2618 5656 2815 5730; x_wconf 76' lang='lat' dir='ltr'><strong>Nempe</strong></span> <span class='ocrx_word' id='word_1_978' title='bbox 2856 5671 3071 5713; x_wconf 84' lang='lat' dir='ltr'><strong>eramus</strong></span> <span class='ocrx_word' id='word_1_979' title='bbox 3123 5670 3311 5712; x_wconf 87' lang='lat' dir='ltr'><strong>omnes</strong></span> <span class='ocrx_word' id='word_1_980' title='bbox 3337 5656 3554 5715; x_wconf 75' lang='lat' dir='ltr'><strong>obnoxii</strong></span> <span class='ocrx_word' id='word_1_981' title='bbox 3575 5674 3717 5723; x_wconf 66' lang='lat' dir='ltr'><strong>ncc-</strong></span> 
     </span>
    </p>
   </div>
  </div>
