4026 6148
456 353 554 409 3H

451 480 575 527 cato
602 477 658 526 et
684 481 889 540 plenae;
934 465 1048 533 ipse
1098 461 1315 533 punitus
1361 458 1526 513 solvit
1566 467 1621 513 et
1665 466 1942 526 peccatum
1986 462 2041 509 et

456 576 701 632 pmnam;
727 558 939 628 punitus
958 562 1134 609 autem
1154 552 1250 607 fuit
1276 551 1329 605 iu
1356 565 1538 605 cruce.
1569 546 1680 602 lllic
1706 561 1836 616 ergo
1862 546 2035 616 ipsum

452 653 625 709 altixit
648 671 662 707 :
684 649 878 707 deinde
907 656 964 702 ut
986 646 1076 717 qui
1105 644 1326 700 haberet
1346 649 1686 711 potestatem,
1720 638 1894 708 ipsum
1927 635 2038 690 dis-

465 745 629 812 rupit.
657 741 933 809 Quodnam
981 733 1432 807 chirographum?
1477 734 1583 786 Aut
1622 730 1674 785 id
1713 729 1865 793 dicit,
1891 726 2035 798 quod

449 837 699 892 dicebant
723 832 916 902 Moysi,
957 831 1301 898 Qucecamque
1341 826 1472 880 dixit
1514 822 1653 877 Deus
1701 823 1945 893 faciemus
1987 827 2035 873 et

452 927 719 982 audiemus
748 922 945 996 (Exod.
976 919 1064 975 ει.
1097 920 1153 988 3)
1182 936 1195 971 :
1223 927 1316 972 aut
1359 917 1405 971 si
1455 930 1562 969 non
1593 916 1716 975 hoc.
1748 911 1890 982 quod
1923 911 2033 965 Deo

449 1019 741 1075 debeamus
767 1013 1127 1072 obedientiam
1153 1029 1166 1064 :
1196 1020 1288 1065 aut
1314 1011 1359 1063 si
1387 1025 1492 1063 non
1521 1007 1645 1070 hoc,
1679 1005 1730 1060 id
1761 1003 1904 1074 quod
1954 1012 2030 1058 te-

447 1112 608 1168 nebat
622 1109 886 1174 diabolus,
906 1103 1318 1176 chirographum
1334 1100 1477 1172 quod
1500 1101 1640 1155 Deus
1658 1098 1782 1152 fecit
1800 1096 2028 1160 Adamo,

445 1205 651 1267 (licens,
683 1202 796 1268 Quo
843 1200 928 1254 die
963 1215 992 1253 e
1017 1199 1154 1269 ligno
1183 1194 1481 1259 comederis,
1534 1190 1765 1244 morieris
1793 1186 1944 1257 (Gen.
1971 1185 2026 1240 2.

448 1298 557 1367 l7).
588 1295 701 1350 Hoc
728 1309 856 1365 ergo
884 1289 1304 1361 chirographum
1352 1286 1567 1342 tenebat
1605 1282 1869 1338 diabolus.
1921 1278 2029 1334 Nec

452 1387 505 1441 id
535 1387 687 1441 nobis
712 1385 858 1440 dedit
880 1383 1146 1446 Christus,
1178 1380 1272 1435 sed
1299 1379 1415 1448 ipse
1445 1376 1496 1431 id
1526 1374 1718 1430 scidit:
1742 1371 1884 1442 quod
1910 1369 2028 1439 qui-

444 1482 567 1537 dem
595 1491 676 1536 est
702 1480 818 1550 ejus
844 1481 931 1548 qui
954 1479 1108 1533 laetus
1127 1474 1367 1530 remittit.
1389 1470 1696 1540 Exspolians
1713 1465 2026 1535 principatus

440 1585 489 1630 et
522 1585 806 1646 potestates.
842 1572 1139 1628 Diabolicas
1161 1568 1291 1624 dicit
1314 1574 1639 1637 potestates:
1673 1562 1753 1617 vel
1782 1560 1905 1630 quia
1932 1574 2025 1614 eas

440 1669 686 1722 induerat
716 1667 943 1719 humana
975 1671 1186 1726 natura,
1235 1669 1327 1715 aut
1370 1658 1622 1728 quoniam
1668 1668 1760 1709 eas
1792 1652 2025 1708 habebat

438 1769 705 1829 tamquam
736 1770 944 1819 ansam,
992 1753 1152 1807 homo
1196 1751 1369 1805 factus
1408 1746 1606 1802 amovit
1651 1758 1857 1799 ansam.
1910 1741 2024 1796 lloc

434 1853 536 1908 sibi
571 1851 680 1906 vult
709 1848 857 1914 illud,
880 1846 1155 1902 Traduxit.
1184 1844 1351 1899 Recte
1373 1841 1525 1906 dixit,
1556 1836 1809 1893 Tradnxit
1829 1852 1847 1890 :
1866 1850 2023 1889 num-

433 1959 592 2014 quam
620 1942 763 1998 enim
795 1951 903 1996 tam
930 1938 1158 2009 turpiter
1182 1947 1237 1992 et
1261 1936 1514 1991 indecore
1555 1947 1614 1987 se
1642 1932 1810 2002 gessit
1833 1928 2020 1985 diabo-

434 2038 538 2090 lus.
569 2033 701 2088 Nam
725 2048 847 2089 cum
876 2047 996 2087 eum
1024 2045 1083 2084 se
1111 2028 1416 2083 habiturum
1460 2030 1814 2094 exspectaret,
1857 2020 2018 2075 etiam

431 2136 696 2197 quotquot
716 2126 901 2180 habuit
923 2122 1152 2195 perdidit
1175 2140 1189 2176 :
1219 2130 1273 2177 et
1293 2133 1518 2189 corpore
1535 2116 1697 2173 affixo
1719 2114 1913 2169 mortui
1939 2128 2016 2168 re-

435 2221 742 2290 surgebant.
760 2218 870 2273 lilic
888 2218 1078 2271 vulnus
1095 2214 1303 2284 accepit
1322 2211 1585 2275 diabolus,
1603 2224 1723 2264 cum
1747 2207 1799 2263 id
1820 2205 2014 2261 Iethale

433 2311 732 2378 accepisset
760 2324 789 2362 a
820 2323 1045 2378 corpore
1076 2316 1308 2359 mortuo.
1333 2303 1399 2359 Et
1427 2303 1565 2359 sicut
1590 2300 1787 2355 athleta
1831 2298 2016 2353 existi-

432 2415 589 2455 mans
618 2414 676 2454 se
698 2400 1025 2470 percussisse
1051 2397 1436 2460 adversarium,
1469 2392 1629 2449 letale
1656 2391 1848 2445 vulnus
1875 2389 2015 2444 acci-

428 2492 540 2561 pit:
577 2492 645 2545 ita
670 2491 830 2546 etiam
859 2490 947 2545 hic
971 2487 1363 2558 ostenditquod
1391 2500 1579 2542 secure
1600 2495 1654 2540 et
1678 2483 2015 2539 conﬁdenter

426 2584 587 2649 mori,
617 2591 697 2637 est
714 2582 971 2652 probrum
990 2590 1044 2635 et
1060 2578 1294 2634 dedecus
1315 2577 1534 2633 diaboli.
1556 2576 1649 2631 Ille
1670 2577 1811 2631 enim
1830 2576 2010 2630 omnia

425 2675 667 2740 fecisset,
699 2673 745 2728 si
773 2673 1055 2745 potuisset,
1090 2681 1144 2727 ut
1174 2670 1521 2742 persuaderet
1552 2669 1856 2724 hominibus
1885 2684 2008 2723 eum

420 2784 531 2823 non
559 2781 680 2823 esse
707 2778 997 2821 mortuum.
1026 2765 1159 2820 Nam
1190 2765 1441 2834 quoniam
1463 2772 1631 2817 totum
1656 2760 1795 2832 quod
1825 2772 2006 2831 postea

420 2859 662 2915 futurum
683 2867 798 2915 erat
825 2867 1054 2927 tempus,
1083 2866 1201 2912 erat
1228 2856 1438 2927 signum
1466 2865 1521 2911 et
1547 2855 1799 2909 indicium
1822 2869 2006 2909 resur-

420 2953 710 3016 rectionis;
744 2952 927 3006 mortis
951 2959 1158 3016 autem,
1184 2948 1229 3004 si
1260 2963 1364 3003 non
1399 2947 1532 3002 illud
1559 2946 1765 3012 luisset,
1794 2963 1897 3000 non
1924 2945 2005 3000 fn-

419 3053 600 3097 turum
629 3051 746 3097 erat
767 3040 909 3096 aliud
941 3051 1183 3111 tempus:
1214 3050 1500 3110 pr0pterea
1532 3047 1774 3095 mortuus
1790 3038 2003 3109 quidem

417 3143 506 3189 est
535 3133 763 3203 publice,
787 3132 1039 3188 omnibus
1063 3132 1401 3193 videntibus;
1434 3145 1537 3185 non
1567 3129 1857 3186 resurrexit
1905 3147 2002 3184 au-

415 3235 525 3280 tem
559 3224 790 3294 publice,
824 3233 881 3278 ut
909 3224 997 3293 qui
1028 3224 1193 3278 sciret
1235 3232 1447 3292 tempus
1488 3222 1628 3291 quod
1676 3230 1857 3293 postea
1889 3233 2003 3277 erat

415 3317 674 3384 futurum,
719 3317 930 3371 veritati
970 3317 1200 3372 laturum
1248 3315 1632 3369 testimonium.
1681 3313 1812 3369 Nam
1858 3315 2000 3383 quod

413 3409 616 3463 numdo
654 3410 869 3463 vidente
915 3423 1071 3477 supra
1105 3410 1157 3462 in
1210 3409 1354 3478 ligno
1396 3409 1602 3463 occisus
1643 3409 1711 3462 sit
1753 3423 1996 3478 serpens,

412 3501 519 3556 hoc
547 3511 628 3556 est
657 3501 990 3555 admirabile.
1020 3499 1157 3567 Quid
1197 3501 1337 3554 enim
1365 3516 1473 3554 non
1504 3499 1632 3554 fecit
1668 3499 1913 3555 diabolus
1944 3509 2000 3554 ut

413 3591 554 3644 clam
608 3588 937 3643 moreretur?
996 3590 1130 3643 Audi
1180 3589 1403 3644 Pilatum
1447 3590 1712 3643 dicentem
1752 3607 1765 3646 :
1812 3588 2001 3644 Tollite

414 3681 585 3748 ipsum
607 3697 711 3742 vos,
741 3691 786 3732 et
812 3680 1090 3750 crueiﬁgite
1107 3696 1125 3733 :
1151 3696 1240 3750 ego
1267 3682 1397 3734 enim
1419 3681 1614 3734 nullam
1644 3680 1840 3734 inuenio
1864 3681 1916 3734 in
1942 3697 1998 3735 eo

411 3786 625 3823 causam
656 3769 834 3841 (Joan.
869 3768 957 3825 19.
984 3770 1060 3841 6).
1086 3770 1154 3825 Et
1184 3785 1368 3826 rursus
1398 3772 1497 3840 ipsi
1528 3771 1777 3827 dicebant
1801 3772 1991 3827 Judtni:

412 3861 476 3915 Si
511 3861 676 3914 Filius
704 3860 801 3916 Dei
829 3878 899 3925 es,
945 3861 1189 3916 descende
1216 3864 1278 3917 de
1307 3880 1452 3919 cruce
1480 3864 1691 3936 (.llatth.
1736 3866 1829 3919 ‘27.
1875 3865 2004 3938 40).

406 3953 528 4007 .lam
560 3967 687 4007 vero
711 3953 958 4022 quoniam
1001 3954 1159 4010 letale
1188 3955 1374 4010 vulnus
1417 3958 1645 4027 accepit,
1678 3967 1731 4011 et
1764 3975 1866 4012 non
1896 3960 1992 4015 de-

402 4044 647 4110 scendit;
693 4056 974 4115 propterea
1015 4046 1173 4100 etiam
1218 4048 1501 4103 mandatus
1543 4062 1625 4103 est
1654 4051 1989 4120 sepulturze:

399 4136 658 4204 quoniam
691 4137 805 4191 lieri
829 4145 1036 4206 poterat
1066 4147 1122 4193 ut
1143 4140 1322 4194 statim
1354 4150 1690 4211 resurgeret;
1720 4142 1813 4198 sed
1834 4153 1993 4199 utres

399 4228 735 4283 crederetur.
770 4230 926 4299 Atqui
974 4230 1025 4284 in
1058 4241 1232 4286 morte
1262 4232 1478 4301 quidem
1507 4235 1837 4304 privatorum
1868 4236 1994 4290 licet

398 4334 519 4372 eam
546 4319 811 4388 imputare
833 4322 994 4375 animi
1022 4322 1286 4394 deliquio;
1315 4323 1401 4379 hic
1415 4337 1593 4381 autem
1620 4342 1722 4381 non
1749 4329 1837 4380 ita.
1856 4327 1988 4383 Nam

400 4409 564 4462 etiam
611 4411 804 4466 milites
855 4427 962 4466 non
1015 4413 1290 4485 fregerunt
1334 4415 1450 4486 ejus
1481 4432 1655 4483 crura,
1685 4422 1823 4473 sicut
1850 4420 1988 4474 alio-

399 4516 545 4564 rmu,
578 4513 634 4556 ut
659 4504 999 4560 manifestum
1049 4517 1193 4562 esset
1235 4524 1360 4565 eum
1408 4525 1529 4565 esse
1578 4525 1867 4566 morzuum.
1920 4513 1990 4567 Et

400 4593 671 4648 manifesti
720 4606 846 4651 sunt
890 4598 1052 4653 etiam
1083 4600 1173 4669 qui
1207 4601 1322 4667 ejus
1373 4617 1569 4672 corpus
1613 4605 1983 4673 sepelierunt:

399 4696 685 4757 propterea
703 4688 802 4756 ipsi
826 4689 997 4744 Judaei
1020 4707 1139 4746 cum
1160 4693 1417 4748 militibus
1436 4696 1715 4765 obsignant
1734 4697 1983 4767 lapidem.

396 4775 510 4831 lloc
543 4778 687 4832 enim
715 4790 851 4845 erat,
897 4782 950 4836 in
993 4799 1100 4853 quo
1134 4787 1368 4840 iuaxime
1400 4788 1640 4840 onmium
1690 4790 1988 4856 ponebatur

391 4869 654 4931 studium,
684 4889 749 4926 ne
779 4873 830 4927 id
861 4874 1274 4931 adumbraretur
1310 4892 1372 4932 ac
1404 4888 1692 4948 tegeretur.
1725 4881 1791 4935 Et
1821 4890 1987 4937 testes

391 4961 461 5013 ab
492 4960 745 5027 inimicis,
794 4981 823 5017 a
865 4967 1088 5022 JudaL-is.
1135 4970 1272 5024 Audi
1317 4971 1461 5041 ipsos
1491 4972 1732 5027 dicentes
1773 4974 1983 5029 Pilato:

392 5051 542 5106 Dixit
569 5053 800 5108 seductor
842 5058 927 5111 ille
964 5059 1131 5113 adhuc
1156 5061 1342 5126 vivens,
1383 5061 1512 5117 Post
1552 5075 1649 5118 tres
1679 5065 1785 5118 dies
1812 5082 1984 5119 resur-

386 5161 530 5215 gum.
551 5142 686 5199 Jube
709 5163 828 5216 ergo
854 5166 885 5202 a
909 5152 1148 5205 militibus
1179 5154 1423 5208 custodiri
1450 5156 1738 5226 sepulcrum
1765 5156 1976 5228 (Matth.

383 5234 474 5289 9.7.
530 5237 619 5291 (i3.
664 5238 778 5305 64)
815 5259 828 5294 :
862 5243 1001 5308 quod
1036 5243 1133 5313 ipsi
1166 5244 1425 5300 fecerunt.
1471 5248 1604 5302 Audi
1655 5249 1799 5318 ipsos
1847 5266 1979 5318 quo-

382 5346 488 5400 que
533 5341 717 5401 postea
765 5333 1006 5390 dicentes
1052 5339 1349 5406 apostolis,
1400 5339 1562 5394 Vultis
1609 5342 1846 5396 inducere
1889 5360 1979 5397 su-

381 5440 476 5492 per
523 5439 618 5476 nos
660 5427 959 5497 sanguine»:
1004 5429 1101 5483 uiri
1151 5431 1305 5497 huius
1358 5430 1496 5504 (.ict.
1545 5433 1598 5487 5.
1648 5433 1765 5502 28).
1810 5433 1980 5502 Ipsius

380 5515 565 5569 crucis
590 5516 808 5571 modum
840 5535 946 5574 non
976 5521 1103 5576 sivit
1137 5525 1458 5578 contmnelia
1498 5524 1659 5579 afiici.
1690 5525 1821 5579 Nam
1846 5541 1979 5596 quo-

380 5608 526 5661 niam
554 5609 729 5677 angeli
760 5611 890 5665 nihil
918 5612 1021 5667 tale
1047 5623 1171 5667 sunt
1202 5616 1363 5684 passi,
1396 5628 1676 5687 propterea
1707 5616 1831 5670 facit
1856 5631 1977 5671 om-

378 5701 467 5754 nia
495 5700 828 5764 ;ostendens
850 5704 991 5773 quod
1016 5720 1127 5758 rem
1151 5720 1394 5775 magnam
1420 5714 1475 5761 et
1493 5707 1802 5776 prmelaram
1831 5722 1979 5762 mors

378 5793 609 5859 gesserit
639 5808 652 5847 :
682 5810 743 5848 ca
773 5796 917 5849 enim
948 5796 1048 5851 luit
1078 5807 1345 5870 tamquam
1384 5800 1650 5871 singulare
1682 5810 1974 5856 certamen.

702 5888 975 5947 PATROL.
1025 5889 1140 5948 (in.
1200 5891 1386 5951 LXII.

1311 343 1375 399 IN
1418 341 1635 398 EPIST.
1675 341 1764 396 AD
1802 337 2082 397 COLOSS.
2123 339 2273 397 CAP.
2319 343 2378 399 ll.
2425 345 2655 405 HOMIL.
2703 349 2789 406 VI.

3627 361 3732 418 διε

2146 453 2415 513 Percussit
2459 458 2734 517 Christum
2773 477 2952 532 mors;
3000 465 3094 520 sed
3146 463 3392 524 Christus
3443 483 3730 537 percussus

2145 561 2262 601 eam
2297 561 2475 618 pomea
2506 554 2761 607 sustulit:
2796 564 3009 611 mortuo
3037 572 3266 628 corpore
3294 562 3503 617 solutus
3522 574 3605 617 est
3638 566 3728 636 qui

2145 638 2427 697 videbatur
2453 658 2574 699 esse
2604 645 2921 702 immortalis
2950 665 2964 703 :
2991 659 3047 705 et
3075 649 3178 707 hoc
3207 651 3338 707 vidit
3362 654 3506 709 orbis
3545 663 3727 711 terrm.

2145 730 2211 785 Et
2241 734 2383 803 quod
2426 746 2510 791 est
2552 737 2888 806 admirabile,
2931 739 3035 796 hoc
3073 742 3229 799 alteri
3268 759 3374 800 non
3416 746 3725 811 commisit;

2141 825 2235 879 sed
2270 826 2464 882 factum
2490 838 2573 885 est
2600 846 2788 886 rursus
2825 832 2969 888 aliud
3013 835 3450 908 chirographum,
3489 855 3593 896 non
3623 842 3727 897 tale

2140 917 2297 985 quale
2322 920 2487 986 prius.

2211 1008 2261 1063 4.
2306 1008 2491 1068 Videte
2541 1027 2670 1085 ergo
2713 1030 2780 1071 ne
2819 1031 2884 1072 ex
2922 1032 2989 1073 eo
3023 1034 3310 1090 arguamur
3345 1031 3400 1079 et
3436 1025 3723 1081 convincao

2137 1113 2292 1167 mur,
2323 1112 2603 1172 postquam
2628 1104 2925 1163 dixerimus
2945 1126 2960 1155 τ
2996 1111 3457 1169 Abrenuntiamus
3499 1126 3719 1182 satanae,

2136 1201 2189 1245 et
2230 1199 2403 1248 tecum
2440 1197 2815 1268 conjungimur
2838 1240 2854 1265 ,
2896 1200 3131 1257 Christe.
3174 1203 3267 1258 Vel
3298 1206 3473 1273 potius
3500 1225 3605 1262 non
3639 1218 3722 1264 est

2138 1282 2238 1336 hoc
2266 1285 2562 1341 vocandum
2599 1289 3037 1361 chirographum,
3081 1293 3174 1346 sed
3217 1293 3389 1350 lmdus
3425 1305 3478 1351 et
3505 1307 3719 1367 pactum

2134 1390 2475 1433 conventum.
2496 1380 2590 1435 Est
2616 1383 2757 1435 enim
2784 1381 3195 1453 chirographum
3222 1385 3435 1454 quando
3453 1391 3716 1460 quispiam

2132 1479 2216 1522 est
2236 1469 2418 1524 debito
2438 1472 2740 1527 obnoxius:
2769 1473 2870 1529 hoc
2898 1485 3076 1528 autem
3099 1486 3181 1530 est
3208 1475 3381 1533 ftedus
3398 1488 3453 1534 et
3470 1491 3714 1549 pactum:

2134 1574 2238 1613 non
2256 1564 2494 1617 continet
2522 1579 2753 1633 ptenam,
2784 1581 2956 1636 neque
2982 1567 3131 1635 dicit,
3156 1569 3212 1623 Si
3234 1570 3353 1634 hoc,
3376 1572 3419 1625 si
3439 1587 3544 1627 non
3576 1573 3676 1628 hoc
3698 1591 3712 1629 :

2129 1651 2270 1719 quod
2313 1653 2448 1708 dixit
2475 1655 2684 1726 Moyses
2713 1672 3006 1729 aSpergens
3033 1662 3345 1731 sanguinem
3379 1667 3712 1732 testamenti,

2128 1756 2179 1800 et
2205 1747 2343 1802 Deus
2370 1764 2582 1819 quoque
2607 1752 2768 1806 vitam
2801 1754 3048 1823 promisit
3075 1764 3354 1811 aitet-nam.
3387 1757 3512 1814 Ηιεε
3533 1761 3713 1816 omnia

2128 1850 2251 1894 sunt
2279 1852 2488 1909 pactum
2519 1855 2866 1901 conventum.
2898 1848 3012 1903 Illic
3049 1864 3238 1904 servus
3264 1852 3372 1921 agit
3393 1867 3513 1907 cum
3540 1852 3713 1908 domi-

2128 1951 2216 2000 no,
2248 1937 2332 1990 hic
2361 1938 2563 1992 amicus
2590 1953 2710 1993 cum
2747 1941 2939 1996 amico.
2975 1940 3085 2007 Quo
3111 1942 3213 2008 die,
3237 1943 3425 2013 inquit,
3448 1945 3695 2008 comedas,

2126 2043 2224 2079 mo:
2238 2027 2354 2081 ieris
2384 2026 2535 2099 (Cen.
2559 2027 2614 2083 2.
2656 2031 2769 2101 l7).
2800 2031 2990 2087 Statim
3024 2033 3202 2088 mium.
3240 2033 3334 2089 llic
3358 2041 3537 2089 autem
3577 2034 3707 2090 nihil

2126 2120 2450 2191 bnjusmodi.
2497 2123 2593 2181 llic
2647 2125 2899 2193 nuditas,
2945 2138 2999 2182 et
3033 2126 3142 2183 illic
3171 2127 3419 2195 auditas;
3463 2128 3557 2184 sed
3595 2130 3708 2185 illic

2121 2211 2334 2281 quidem
2376 2229 2497 2268 cum
2536 2226 2830 2285 peccasset,
2881 2218 3108 2273 nudatus
3139 2218 3256 2286 fuit,
3296 2220 3546 2290 quoniam
3577 2235 3704 2290 pec—

2122 2304 2299 2367 cavit;
2337 2303 2421 2359 hic
2455 2315 2633 2360 autem
2685 2309 2914 2362 nudatur
2946 2319 3001 2363 ut
3052 2310 3327 2365 liberetur.
3375 2309 3537 2366 Exuit
3580 2321 3706 2366 tunc

2121 2393 2210 2448 ille
2238 2394 2463 2464 gloriam
2506 2413 2665 2466 quam
2715 2398 3003 2469 aliquando
3033 2399 3252 2466 habuit;
3297 2416 3439 2456 nunc
3480 2401 3566 2457 hic
3607 2418 3703 2457 ve-

2121 2494 2287 2541 terem
2319 2488 2466 2543 exuit
2504 2489 2776 2545 hominem
2799 2532 2814 2557 ,
2848 2503 2902 2545 et
2932 2492 3242 2562 priusquam
3272 2493 3564 2559 ascendat,
3592 2502 3700 2548 tam

2120 2575 2273 2633 facile
2307 2579 2455 2641 exuit
2490 2580 2638 2649 quasi
2666 2570 3007 2636 vestimenta.
3039 2582 3265 2654 Ungitur
3305 2584 3445 2638 sicut
3481 2584 3700 2639 athletm

2114 2671 2344 2726 stadium
2396 2674 2709 2743 ingressuri.
2765 2674 2934 2730 Simul
2991 2676 3133 2729 enim
3172 2676 3447 2743 nascitur,
3487 2684 3539 2730 et
3589 2690 3696 2730 non

2112 2763 2254 2817 sicut
2285 2762 2487 2832 primus
2519 2764 2608 2819 ille
2635 2765 2724 2835 qui
2757 2766 3034 2833 paulatim,
3059 2766 3154 2821 sed
3181 2767 3383 2830 statim;
3415 2782 3522 2822 non
3554 2768 3695 2823 sicut

2110 2854 2239 2908 olim
2289 2855 2597 2911 sacerdotes
2645 2858 2764 2912 S')i0
2850 2859 3062 2927 capite,
3117 2858 3226 2913 imo
3257 2873 3383 2914 vero
3432 2859 3682 2929 amplius.

2110 2946 2242 3001 Nam
2273 2948 2362 3002 ille
2392 2948 2604 3018 quidem
2637 2950 2810 3018 capite
2835 2991 2850 3015 ,
2882 2965 3012 3005 aure
3038 2950 3291 3018 dextera,
3323 2966 3480 3006 manu
3504 2993 3517 3016 ,
3551 2962 3608 3006 ut
3637 2963 3693 3008 et

2109 3037 2175 3090 ad
2217 3037 2574 3093 obedientiam
2622 3048 2677 3094 et
2721 3041 2857 3094 bona
2906 3055 3068 3110 Opera
3115 3057 3236 3096 eum
3285 3042 3694 3099 excitaretzbie

2109 3137 2286 3184 autem
2314 3138 2453 3184 totus
2484 3131 2714 3201 ungitur.
2741 3131 2853 3186 Non
2878 3133 3046 3186 solum
3073 3134 3213 3186 enim
3238 3134 3379 3189 venit
3406 3143 3467 3187 ut
3489 3133 3693 3189 docea-

2110 3233 2212 3287 tur,
2247 3224 2338 3278 sed
2386 3225 2543 3277 etiam
2576 3234 2629 3277 ut
2656 3224 2891 3278 decertet
2921 3234 2973 3278 et
3000 3234 3330 3280 exerceatur.
3364 3226 3443 3281 Ad
3468 3227 3688 3282 alteram

2108 3316 2380 3370 reducitur
2409 3326 2733 3370 creaturam.
2770 3315 2902 3369 Nam
2953 3317 3168 3386 quando
3213 3315 3693 3376 confessusduerit

2107 3407 2267 3460 vitam
2315 3417 2614 3470 aiternam,
2670 3405 2949 3460 confessus
3001 3420 3083 3461 eSt
3150 3408 3309 3462 aliam
3365 3418 3686 3465 creaturam.

2103 3498 2325 3567 Accepit
2353 3497 2624 3566 pulverem
2652 3513 2682 3552 e
2711 3507 2872 3561 terra,
2905 3508 2955 3553 et
2981 3498 3126 3552 tinxit
3161 3497 3453 3554 hominem.
3481 3499 3557 3555 De
3581 3515 3687 3555 ca:-

2105 3598 2221 3642 tero
2269 3598 2447 3642 autem
2488 3603 2596 3642 non
2629 3587 2902 3657 pulverem
2929 3629 2945 3655 ,
2978 3587 3073 3643 sed
3103 3588 3360 3658 Spiritum
3391 3599 3633 3645 sanctmn
3669 3608 3683 3645 :

2103 3678 2205 3733 hoc
2236 3677 2481 3749 fingitur,
2514 3677 2615 3733 hoc
2643 3679 3003 3748 componitur,
3052 3679 3189 3734 sicut
3219 3689 3273 3736 et
3301 3681 3415 3751 ipse
3451 3682 3501 3736 in
3529 3691 3686 3738 utero

2104 3773 2352 3844 Virginis.
2412 3772 2528 3828 Non
2587 3773 2759 3840 dixit,
2794 3771 2849 3827 lu
2907 3771 3193 3844 paradiso,
3248 3773 3364 3841 sed,
3423 3773 3478 3828 In
3527 3774 3682 3829 eicio.

2097 3863 2213 3919 Non
2270 3864 2723 3934 enim,quoniam
2781 3863 3018 3933 subjecta
3068 3874 3152 3920 est
3192 3872 3353 3932 terra,
3406 3865 3684 3920 existimes

2097 3970 2217 4012 esse
2255 3957 2306 4010 in
2360 3965 2537 4010 terra:
2588 3956 2714 4009 illuc
2766 3955 3057 4008 translatus
3102 3968 3161 4009 es
3214 3954 3266 4009 in
3316 3955 3527 4022 caelum;
3574 3957 3682 4010 illic

2099 4050 2213 4105 lucc
2267 4052 2399 4104 liunt
2450 4046 2846 4117 interangelos.
2922 4046 3146 4101 Sursum
3226 4048 3458 4101 animam
3536 4057 3681 4103 tuam

2094 4144 2254 4198 sumit
2285 4144 2446 4207 Deus,
2478 4157 2691 4197 sursum
2718 4154 2833 4195 eam
2863 4151 3190 4205 componens
3219 4146 3274 4192 et
3293 4141 3627 4195 concinnans
3654 4158 3667 4193 :

2098 4242 2149 4289 te
2189 4233 2330 4288 sistit
2367 4233 2434 4286 ad
2478 4233 2662 4287 sedem
2692 4231 2913 4300 regiam.
2963 4228 3208 4298 Fingitur
3232 4244 3295 4284 ac
3334 4230 3594 4286 formatur
3622 4233 3676 4287 in

2093 4342 2249 4396 aqua,
2292 4326 2484 4380 animm
2515 4323 2925 4393 respondentem
2947 4319 3140 4390 accipit
3196 4321 3461 4392 spiritum.
3514 4323 3675 4378 Post-

2092 4433 2251 4489 quam
2305 4427 2483 4471 autem
2537 4416 2697 4469 ilOlllO
2743 4414 2902 4468 fuerit
2954 4412 3234 4479 formatus,
3263 4429 3370 4468 non
3422 4413 3571 4470 ducit
3608 4417 3674 4469 ad

2091 4525 2213 4565 eum
2245 4506 2466 4572 bestias,
2497 4506 2591 4561 sed
2621 4505 2917 4570 daemones,
2948 4511 3001 4559 et
3027 4518 3212 4558 eorum
3252 4504 3548 4575 principem
3576 4525 3589 4560 :
3627 4516 3681 4559 el.

2090 4603 2238 4666 dicit,
2271 4600 2476 4655 Calcate
2521 4616 2671 4669 super
2697 4607 2949 4666 serpentes
2973 4605 3019 4650 et
3048 4597 3337 4666 scorpiones
3380 4595 3534 4667 (Luc.
3586 4598 3675 4652 10.

2093 4695 2204 4764 19).
2254 4693 2368 4747 Non
2418 4691 2584 4755 dicit,
2617 4689 2890 4743 Faciamus
2921 4689 3174 4742 hominem
3202 4687 3270 4741 ad
3310 4688 3582 4758 imaginem
3631 4701 3678 4742 et

2089 4789 2469 4844 similitudinem
2500 4798 2722 4842 nostram
2744 4787 2900 4857 (lien.
2931 4787 2980 4840 1.
3014 4785 3128 4856 26);
3162 4784 3254 4839 sed
3281 4783 3433 4854 quid?
3465 4782 3565 4837 Dat
3598 4783 3677 4837 eis

2092 4884 2227 4937 filios
2262 4881 2353 4936 Dei
2408 4880 2551 4934 fieri:
2584 4879 2683 4948 Qui
2713 4896 2815 4934 non
2837 4894 2901 4933 ex
2925 4876 3290 4948 sanguiuibus,
3312 4875 3404 4930 sed
3437 4891 3504 4930 ex
3538 4874 3668 4943 Deo,

2090 4974 2300 5042 inquit,
2351 4972 2459 5026 nati
2508 4980 2652 5024 sum.
2711 4967 2910 5039 Deinde
2961 4983 3028 5022 ne
3083 4965 3269 5020 audias
3311 4972 3668 5034 serpentem,

2087 5066 2266 5118 suatim
2327 5063 2538 5118 doceris
2583 5061 2809 5116 dicere:
2862 5058 3197 5113 Abrcnuntio
3244 5056 3335 5111 tibi
3374 5072 3390 5122 ;
3438 5056 3490 5112 id
3532 5066 3615 5111 est
3647 5098 3664 5123 ,

2087 5154 2351 5224 Quidquid
2381 5154 2602 5216 dixeris,
2625 5162 2675 5206 te
2707 5168 2812 5205 non
2843 5150 3074 5203 audiam.
3097 5146 3296 5203 Deinde
3319 5162 3385 5202 ne
3413 5162 3513 5219 per
3535 5147 3671 5202 alios

2088 5256 2140 5300 te
2171 5256 2439 5314 expugnet
2461 5284 2476 5303 .
2509 5244 2677 5308 dicit,
2714 5243 2780 5296 Et
2812 5256 3016 5310 pompm
3050 5249 3151 5294 tua:
3196 5250 3252 5294 et
3285 5239 3448 5293 cultui
3483 5247 3574 5293 tuo
3615 5250 3670 5293 et

2087 5337 2290 5408 angelis
2321 5337 2441 5390 tuis.
2475 5335 2660 5389 Posuit
2684 5351 2806 5388 eum
2841 5376 2854 5396 ,
2902 5347 3006 5387 non
3042 5342 3096 5385 ut
3127 5330 3423 5385 custodiret
3455 5330 3673 5400 paradi-

2086 5444 2226 5489 Sum,
2262 5427 2356 5482 sed
2384 5437 2439 5481 ut
2466 5436 2770 5480 versaretur
2799 5426 2848 5478 in
2914 5424 3067 5478 cmlo.
3095 5423 3235 5477 Cum
3265 5416 3495 5493 primum
3522 5424 3665 5477 enim

2086 5521 2409 5583 ascenderit,
2444 5519 2557 5572 lucc
2586 5518 2745 5571 verba
2791 5518 3057 5582 loluitur:
3095 5514 3250 5569 Pater
3293 5524 3463 5570 uoster
3500 5515 3589 5586 qui
3618 5531 3669 5568 es

2083 5614 2134 5667 in
2166 5613 2337 5675 oculis,
2387 5612 2477 5677 ﬁat
2534 5609 2764 5663 voluntas
2805 5618 2893 5660 tua
2948 5607 3076 5662 sicut
3105 5607 3156 5660 in
3193 5606 3316 5659 caelo
3351 5614 3397 5659 et
3437 5606 3490 5659 in
3532 5615 3668 5659 terra

2086 5704 2302 5776 (Matth.
2336 5705 2389 5759 6.
2421 5703 2475 5757 9.
2512 5701 2622 5774 10).
2653 5701 2768 5756 Non
2822 5702 2872 5755 in
2906 5700 3097 5755 faciem
3143 5698 3287 5753 cadit
3335 5713 3503 5768 puer,
3557 5711 3668 5752 non

2085 5801 2288 5870 lignum
2321 5796 2466 5855 vides
2496 5838 2506 5862 ,
2543 5811 2714 5867 neque
2757 5782 2956 5852 fontem
2987 5809 3003 5862 ;
3054 5791 3145 5848 sed
3180 5792 3353 5860 ipsum
3386 5790 3670 5846 Dominum

3242 5900 3317 5941 υς)
