  <div class='ocr_page' id='page_1' title='image "/cluster/home/n/w/nwhite01/storage/ocr_20150623/62/mdp.39015008622626/349.png"; bbox 0 0 4026 6148; ppageno 0'>
   <div class='ocr_carea' id='block_1_1' title="bbox 371 367 476 422">
    <p class='ocr_par' dir='ltr' id='par_1_1' title="bbox 371 367 476 422">
     <span class='ocr_line' id='line_1_1' title="bbox 371 367 476 422; baseline 0 0"><span class='ocrx_word' id='word_1_1' title='bbox 371 367 476 422; x_wconf 74' lang='grc' dir='ltr'><strong>5ῐὸ</strong></span> 
     </span>
    </p>
   </div>
   <div class='ocr_carea' id='block_1_2' title="bbox 370 469 1950 548">
    <p class='ocr_par' dir='ltr' id='par_1_2' title="bbox 370 469 1950 548">
     <span class='ocr_line' id='line_1_2' title="bbox 370 469 1950 548; baseline -0.011 -14"><span class='ocrx_word' id='word_1_2' title='bbox 370 479 551 534; x_wconf 83' lang='lat' dir='ltr'><strong>statim</strong></span> <span class='ocrx_word' id='word_1_3' title='bbox 598 474 957 548; x_wconf 79' lang='lat' dir='ltr'><strong>amplecteris,</strong></span> <span class='ocrx_word' id='word_1_4' title='bbox 987 469 1354 527; x_wconf 85' lang='lat' dir='ltr'><strong>commisceris</strong></span> <span class='ocrx_word' id='word_1_5' title='bbox 1396 484 1518 524; x_wconf 90' lang='lat' dir='ltr'><strong>cum</strong></span> <span class='ocrx_word' id='word_1_6' title='bbox 1539 480 1791 537; x_wconf 89' lang='lat' dir='ltr'><strong>corpore,</strong></span> <span class='ocrx_word' id='word_1_7' title='bbox 1816 477 1950 520; x_wconf 84' lang='lat' dir='ltr'><strong>con-</strong></span> 
     </span>
    </p>
   </div>
   <div class='ocr_carea' id='block_1_3' title="bbox 370 561 1951 640">
    <p class='ocr_par' dir='ltr' id='par_1_3' title="bbox 370 561 1951 640">
     <span class='ocr_line' id='line_1_3' title="bbox 370 561 1951 640; baseline -0.011 -15"><span class='ocrx_word' id='word_1_8' title='bbox 370 575 639 640; x_wconf 84' lang='lat' dir='ltr'><strong>spergeris</strong></span> <span class='ocrx_word' id='word_1_9' title='bbox 682 582 802 622; x_wconf 90' lang='lat' dir='ltr'><strong>cum</strong></span> <span class='ocrx_word' id='word_1_10' title='bbox 842 579 1089 634; x_wconf 90' lang='lat' dir='ltr'><strong>corpore,</strong></span> <span class='ocrx_word' id='word_1_11' title='bbox 1126 561 1269 633; x_wconf 89' lang='lat' dir='ltr'><strong>quod</strong></span> <span class='ocrx_word' id='word_1_12' title='bbox 1308 574 1470 631; x_wconf 83' lang='lat' dir='ltr'><strong>supra</strong></span> <span class='ocrx_word' id='word_1_13' title='bbox 1516 561 1678 613; x_wconf 85' lang='lat' dir='ltr'><strong>situm</strong></span> <span class='ocrx_word' id='word_1_14' title='bbox 1718 566 1951 626; x_wconf 88' lang='lat' dir='ltr'><strong>cst,quo</strong></span> 
     </span>
    </p>
   </div>
   <div class='ocr_carea' id='block_1_4' title="bbox 373 646 1948 715">
    <p class='ocr_par' dir='ltr' id='par_1_4' title="bbox 373 646 1948 715">
     <span class='ocr_line' id='line_1_4' title="bbox 373 646 1948 715; baseline -0.01 0"><span class='ocrx_word' id='word_1_15' title='bbox 373 660 589 715; x_wconf 83' lang='lat' dir='ltr'><strong>diabolo</strong></span> <span class='ocrx_word' id='word_1_16' title='bbox 614 671 717 714; x_wconf 87' lang='lat' dir='ltr'><strong>non</strong></span> <span class='ocrx_word' id='word_1_17' title='bbox 735 658 857 713; x_wconf 89' lang='lat' dir='ltr'><strong>licet</strong></span> <span class='ocrx_word' id='word_1_18' title='bbox 877 654 1156 712; x_wconf 76' lang='lat' dir='ltr'><strong>accedere.</strong></span> <span class='ocrx_word' id='word_1_19' title='bbox 1188 652 1305 708; x_wconf 82' lang='lat' dir='ltr'><strong>Non</strong></span> <span class='ocrx_word' id='word_1_20' title='bbox 1324 661 1404 707; x_wconf 87' lang='lat' dir='ltr'><strong>est</strong></span> <span class='ocrx_word' id='word_1_21' title='bbox 1422 650 1615 705; x_wconf 86' lang='lat' dir='ltr'><strong>mulier</strong></span> <span class='ocrx_word' id='word_1_22' title='bbox 1632 657 1691 703; x_wconf 91' lang='lat' dir='ltr'><strong>ut</strong></span> <span class='ocrx_word' id='word_1_23' title='bbox 1710 646 1948 711; x_wconf 90' lang='lat' dir='ltr'><strong>accedat,</strong></span> 
     </span>
    </p>
   </div>
   <div class='ocr_carea' id='block_1_5' title="bbox 372 739 1947 819">
    <p class='ocr_par' dir='ltr' id='par_1_5' title="bbox 372 739 1947 819">
     <span class='ocr_line' id='line_1_5' title="bbox 372 739 1947 819; baseline -0.01 -13"><span class='ocrx_word' id='word_1_24' title='bbox 372 761 432 806; x_wconf 88' lang='lat' dir='ltr'><strong>et</strong></span> <span class='ocrx_word' id='word_1_25' title='bbox 460 750 690 819; x_wconf 83' lang='lat' dir='ltr'><strong>decipiat</strong></span> <span class='ocrx_word' id='word_1_26' title='bbox 736 758 1003 818; x_wconf 86' lang='lat' dir='ltr'><strong>tamquam</strong></span> <span class='ocrx_word' id='word_1_27' title='bbox 1032 744 1438 800; x_wconf 77' lang='lat' dir='ltr'><strong>imbecilliorem</strong></span> <span class='ocrx_word' id='word_1_28' title='bbox 1466 758 1480 797; x_wconf 90' lang='lat'><strong>:</strong></span> <span class='ocrx_word' id='word_1_29' title='bbox 1518 740 1636 796; x_wconf 85' lang='lat' dir='ltr'><strong>Non</strong></span> <span class='ocrx_word' id='word_1_30' title='bbox 1683 748 1754 796; x_wconf 83' lang='lat' dir='ltr'><strong>est</strong></span> <span class='ocrx_word' id='word_1_31' title='bbox 1783 739 1947 803; x_wconf 89' lang='lat' dir='ltr'><strong>enim,</strong></span> 
     </span>
    </p>
   </div>
   <div class='ocr_carea' id='block_1_6' title="bbox 375 828 1952 910">
    <p class='ocr_par' dir='ltr' id='par_1_6' title="bbox 375 828 1952 910">
     <span class='ocr_line' id='line_1_6' title="bbox 375 828 1952 910; baseline -0.009 -14"><span class='ocrx_word' id='word_1_32' title='bbox 375 842 565 910; x_wconf 87' lang='lat' dir='ltr'><strong>inquit,</strong></span> <span class='ocrx_word' id='word_1_33' title='bbox 597 839 806 909; x_wconf 78' lang='lat' dir='ltr'><strong>femina,</strong></span> <span class='ocrx_word' id='word_1_34' title='bbox 840 855 931 892; x_wconf 82' lang='lat' dir='ltr'><strong>nec</strong></span> <span class='ocrx_word' id='word_1_35' title='bbox 961 837 1216 895; x_wconf 80' lang='lat' dir='ltr'><strong>masculus</strong></span> <span class='ocrx_word' id='word_1_36' title='bbox 1238 834 1380 908; x_wconf 79' lang='lat' dir='ltr'><strong>(Gal.</strong></span> <span class='ocrx_word' id='word_1_37' title='bbox 1416 834 1468 887; x_wconf 81' lang='grc'><strong>5.</strong></span> <span class='ocrx_word' id='word_1_38' title='bbox 1497 830 1613 904; x_wconf 76' lang='lat'><strong>28).</strong></span> <span class='ocrx_word' id='word_1_39' title='bbox 1657 831 1767 886; x_wconf 84' lang='lat' dir='ltr'><strong>Nisi</strong></span> <span class='ocrx_word' id='word_1_40' title='bbox 1800 838 1854 884; x_wconf 91' lang='lat' dir='ltr'><strong>tu</strong></span> <span class='ocrx_word' id='word_1_41' title='bbox 1885 828 1952 883; x_wconf 85' lang='lat' dir='ltr'><strong>ad</strong></span> 
     </span>
    </p>
   </div>
   <div class='ocr_carea' id='block_1_7' title="bbox 376 920 1953 1002">
    <p class='ocr_par' dir='ltr' id='par_1_7' title="bbox 376 920 1953 1002">
     <span class='ocr_line' id='line_1_7' title="bbox 376 920 1953 1002; baseline -0.008 -17"><span class='ocrx_word' id='word_1_42' title='bbox 376 933 545 1002; x_wconf 86' lang='lat' dir='ltr'><strong>ipsum</strong></span> <span class='ocrx_word' id='word_1_43' title='bbox 569 929 933 995; x_wconf 71' lang='lat' dir='ltr'><strong>descendetis,</strong></span> <span class='ocrx_word' id='word_1_44' title='bbox 958 943 1064 982; x_wconf 90' lang='lat' dir='ltr'><strong>non</strong></span> <span class='ocrx_word' id='word_1_45' title='bbox 1096 927 1291 996; x_wconf 89' lang='lat' dir='ltr'><strong>poterit</strong></span> <span class='ocrx_word' id='word_1_46' title='bbox 1317 924 1403 981; x_wconf 90' lang='lat' dir='ltr'><strong>ubi</strong></span> <span class='ocrx_word' id='word_1_47' title='bbox 1429 938 1488 978; x_wconf 91' lang='lat' dir='ltr'><strong>es</strong></span> <span class='ocrx_word' id='word_1_48' title='bbox 1529 920 1824 977; x_wconf 77' lang='lat' dir='ltr'><strong>ascendere</strong></span> <span class='ocrx_word' id='word_1_49' title='bbox 1853 936 1866 971; x_wconf 90' lang='lat'><strong>:</strong></span> <span class='ocrx_word' id='word_1_50' title='bbox 1899 929 1953 972; x_wconf 92' lang='lat' dir='ltr'><strong>tu</strong></span> 
     </span>
    </p>
   </div>
   <div class='ocr_carea' id='block_1_8' title="bbox 371 1008 1954 1089">
    <p class='ocr_par' dir='ltr' id='par_1_8' title="bbox 371 1008 1954 1089">
     <span class='ocr_line' id='line_1_8' title="bbox 371 1008 1954 1089; baseline -0.009 -12"><span class='ocrx_word' id='word_1_51' title='bbox 371 1025 513 1077; x_wconf 90' lang='lat' dir='ltr'><strong>enim</strong></span> <span class='ocrx_word' id='word_1_52' title='bbox 532 1038 592 1078; x_wconf 90' lang='lat' dir='ltr'><strong>es</strong></span> <span class='ocrx_word' id='word_1_53' title='bbox 608 1023 657 1076; x_wconf 92' lang='lat' dir='ltr'><strong>in</strong></span> <span class='ocrx_word' id='word_1_54' title='bbox 686 1022 849 1089; x_wconf 62' lang='lat' dir='ltr'><strong>ctelo;</strong></span> <span class='ocrx_word' id='word_1_55' title='bbox 882 1020 1070 1077; x_wconf 71' lang='lat' dir='ltr'><strong>caelum</strong></span> <span class='ocrx_word' id='word_1_56' title='bbox 1091 1027 1269 1074; x_wconf 89' lang='lat' dir='ltr'><strong>autem</strong></span> <span class='ocrx_word' id='word_1_57' title='bbox 1290 1032 1397 1071; x_wconf 89' lang='lat' dir='ltr'><strong>non</strong></span> <span class='ocrx_word' id='word_1_58' title='bbox 1418 1023 1563 1085; x_wconf 88' lang='lat' dir='ltr'><strong>patet</strong></span> <span class='ocrx_word' id='word_1_59' title='bbox 1581 1012 1812 1070; x_wconf 78' lang='lat' dir='ltr'><strong>diabolo.</strong></span> <span class='ocrx_word' id='word_1_60' title='bbox 1837 1008 1954 1066; x_wconf 80' lang='lat' dir='ltr'><strong>Non</strong></span> 
     </span>
    </p>
   </div>
   <div class='ocr_carea' id='block_1_9' title="bbox 370 1102 1952 1183">
    <p class='ocr_par' dir='ltr' id='par_1_9' title="bbox 370 1102 1952 1183">
     <span class='ocr_line' id='line_1_9' title="bbox 370 1102 1952 1183; baseline -0.008 -17"><span class='ocrx_word' id='word_1_61' title='bbox 370 1113 532 1169; x_wconf 88' lang='lat' dir='ltr'><strong>habet</strong></span> <span class='ocrx_word' id='word_1_62' title='bbox 556 1114 775 1183; x_wconf 82' lang='lat' dir='ltr'><strong>lignum,</strong></span> <span class='ocrx_word' id='word_1_63' title='bbox 805 1126 911 1183; x_wconf 91' lang='lat' dir='ltr'><strong>quo</strong></span> <span class='ocrx_word' id='word_1_64' title='bbox 940 1109 1191 1180; x_wconf 84' lang='lat' dir='ltr'><strong>cognosci</strong></span> <span class='ocrx_word' id='word_1_65' title='bbox 1222 1117 1397 1178; x_wconf 84' lang='lat' dir='ltr'><strong>potest</strong></span> <span class='ocrx_word' id='word_1_66' title='bbox 1423 1107 1620 1161; x_wconf 90' lang='lat' dir='ltr'><strong>bonum</strong></span> <span class='ocrx_word' id='word_1_67' title='bbox 1647 1113 1702 1159; x_wconf 92' lang='lat' dir='ltr'><strong>et</strong></span> <span class='ocrx_word' id='word_1_68' title='bbox 1727 1102 1952 1167; x_wconf 80' lang='lat' dir='ltr'><strong>ntalem,</strong></span> 
     </span>
    </p>
   </div>
   <div class='ocr_carea' id='block_1_10' title="bbox 373 1195 1958 1273">
    <p class='ocr_par' dir='ltr' id='par_1_10' title="bbox 373 1195 1958 1273">
     <span class='ocr_line' id='line_1_10' title="bbox 373 1195 1958 1273; baseline -0.008 -15"><span class='ocrx_word' id='word_1_69' title='bbox 373 1203 469 1258; x_wconf 87' lang='lat' dir='ltr'><strong>sed</strong></span> <span class='ocrx_word' id='word_1_70' title='bbox 518 1205 691 1260; x_wconf 86' lang='lat' dir='ltr'><strong>solum</strong></span> <span class='ocrx_word' id='word_1_71' title='bbox 733 1203 933 1273; x_wconf 90' lang='lat' dir='ltr'><strong>lignum</strong></span> <span class='ocrx_word' id='word_1_72' title='bbox 985 1203 1126 1257; x_wconf 64' lang='lat' dir='ltr'><strong>vitae.</strong></span> <span class='ocrx_word' id='word_1_73' title='bbox 1160 1199 1276 1254; x_wconf 84' lang='lat' dir='ltr'><strong>Non</strong></span> <span class='ocrx_word' id='word_1_74' title='bbox 1306 1197 1538 1268; x_wconf 84' lang='lat' dir='ltr'><strong>amplius</strong></span> <span class='ocrx_word' id='word_1_75' title='bbox 1585 1211 1614 1248; x_wconf 86' lang='lat' dir='ltr'><strong>a</strong></span> <span class='ocrx_word' id='word_1_76' title='bbox 1669 1195 1839 1249; x_wconf 84' lang='lat' dir='ltr'><strong>latere</strong></span> <span class='ocrx_word' id='word_1_77' title='bbox 1866 1204 1958 1247; x_wconf 92' lang='lat' dir='ltr'><strong>tuo</strong></span> 
     </span>
    </p>
   </div>
   <div class='ocr_carea' id='block_1_11' title="bbox 375 1284 1949 1358">
    <p class='ocr_par' dir='ltr' id='par_1_11' title="bbox 375 1284 1949 1358">
     <span class='ocr_line' id='line_1_11' title="bbox 375 1284 1949 1358; baseline -0.008 -10"><span class='ocrx_word' id='word_1_78' title='bbox 375 1294 590 1358; x_wconf 88' lang='lat' dir='ltr'><strong>mulier,</strong></span> <span class='ocrx_word' id='word_1_79' title='bbox 624 1293 718 1349; x_wconf 80' lang='lat' dir='ltr'><strong>sed</strong></span> <span class='ocrx_word' id='word_1_80' title='bbox 770 1308 959 1350; x_wconf 87' lang='lat' dir='ltr'><strong>omnes</strong></span> <span class='ocrx_word' id='word_1_81' title='bbox 988 1307 1152 1348; x_wconf 87' lang='lat' dir='ltr'><strong>unum</strong></span> <span class='ocrx_word' id='word_1_82' title='bbox 1202 1302 1388 1345; x_wconf 80' lang='lat' dir='ltr'><strong>sumus</strong></span> <span class='ocrx_word' id='word_1_83' title='bbox 1438 1303 1469 1342; x_wconf 94' lang='lat' dir='ltr'><strong>a</strong></span> <span class='ocrx_word' id='word_1_84' title='bbox 1524 1287 1692 1343; x_wconf 79' lang='lat' dir='ltr'><strong>latere</strong></span> <span class='ocrx_word' id='word_1_85' title='bbox 1738 1284 1949 1340; x_wconf 83' lang='lat' dir='ltr'><strong>Christi.</strong></span> 
     </span>
    </p>
   </div>
   <div class='ocr_carea' id='block_1_12' title="bbox 375 1376 1961 1457">
    <p class='ocr_par' dir='ltr' id='par_1_12' title="bbox 375 1376 1961 1457">
     <span class='ocr_line' id='line_1_12' title="bbox 375 1376 1961 1457; baseline -0.008 -16"><span class='ocrx_word' id='word_1_86' title='bbox 375 1387 509 1442; x_wconf 85' lang='lat' dir='ltr'><strong>Nam</strong></span> <span class='ocrx_word' id='word_1_87' title='bbox 536 1387 580 1442; x_wconf 91' lang='lat' dir='ltr'><strong>si</strong></span> <span class='ocrx_word' id='word_1_88' title='bbox 608 1386 699 1457; x_wconf 85' lang='lat' dir='ltr'><strong>qui</strong></span> <span class='ocrx_word' id='word_1_89' title='bbox 729 1395 856 1443; x_wconf 91' lang='lat' dir='ltr'><strong>sunt</strong></span> <span class='ocrx_word' id='word_1_90' title='bbox 888 1384 1033 1440; x_wconf 91' lang='lat' dir='ltr'><strong>uncti</strong></span> <span class='ocrx_word' id='word_1_91' title='bbox 1065 1386 1133 1439; x_wconf 87' lang='lat' dir='ltr'><strong>ab</strong></span> <span class='ocrx_word' id='word_1_92' title='bbox 1161 1380 1487 1443; x_wconf 87' lang='lat' dir='ltr'><strong>hominibus,</strong></span> <span class='ocrx_word' id='word_1_93' title='bbox 1530 1377 1658 1432; x_wconf 90' lang='lat' dir='ltr'><strong>nihil</strong></span> <span class='ocrx_word' id='word_1_94' title='bbox 1688 1376 1961 1448; x_wconf 89' lang='lat' dir='ltr'><strong>patiuntur</strong></span> 
     </span>
    </p>
   </div>
   <div class='ocr_carea' id='block_1_13' title="bbox 376 1467 1961 1550">
    <p class='ocr_par' dir='ltr' id='par_1_13' title="bbox 376 1467 1961 1550">
     <span class='ocr_line' id='line_1_13' title="bbox 376 1467 1961 1550; baseline -0.007 -17"><span class='ocrx_word' id='word_1_95' title='bbox 376 1495 406 1533; x_wconf 90' lang='lat' dir='ltr'><strong>a</strong></span> <span class='ocrx_word' id='word_1_96' title='bbox 452 1480 838 1550; x_wconf 84' lang='lat' dir='ltr'><strong>serpentibus;</strong></span> <span class='ocrx_word' id='word_1_97' title='bbox 871 1492 1046 1549; x_wconf 88' lang='lat' dir='ltr'><strong>neque</strong></span> <span class='ocrx_word' id='word_1_98' title='bbox 1076 1485 1130 1531; x_wconf 89' lang='lat' dir='ltr'><strong>tu</strong></span> <span class='ocrx_word' id='word_1_99' title='bbox 1164 1475 1382 1546; x_wconf 83' lang='lat' dir='ltr'><strong>patieris</strong></span> <span class='ocrx_word' id='word_1_100' title='bbox 1432 1471 1629 1543; x_wconf 87' lang='lat' dir='ltr'><strong>aliquid</strong></span> <span class='ocrx_word' id='word_1_101' title='bbox 1652 1509 1674 1536; x_wconf 83' lang='lat'><strong>,</strong></span> <span class='ocrx_word' id='word_1_102' title='bbox 1705 1467 1961 1540; x_wconf 78' lang='lat' dir='ltr'><strong>quamdiu</strong></span> 
     </span>
    </p>
   </div>
   <div class='ocr_carea' id='block_1_14' title="bbox 378 1559 1960 1641">
    <p class='ocr_par' dir='ltr' id='par_1_14' title="bbox 378 1559 1960 1641">
     <span class='ocr_line' id='line_1_14' title="bbox 378 1559 1960 1641; baseline -0.006 -19"><span class='ocrx_word' id='word_1_103' title='bbox 378 1568 542 1626; x_wconf 80' lang='lat' dir='ltr'><strong>tueris</strong></span> <span class='ocrx_word' id='word_1_104' title='bbox 588 1582 777 1626; x_wconf 90' lang='lat' dir='ltr'><strong>unctus</strong></span> <span class='ocrx_word' id='word_1_105' title='bbox 799 1612 814 1637; x_wconf 94' lang='lat'><strong>,</strong></span> <span class='ocrx_word' id='word_1_106' title='bbox 839 1578 898 1625; x_wconf 91' lang='lat' dir='ltr'><strong>ut</strong></span> <span class='ocrx_word' id='word_1_107' title='bbox 925 1569 1102 1641; x_wconf 89' lang='lat' dir='ltr'><strong>possis</strong></span> <span class='ocrx_word' id='word_1_108' title='bbox 1138 1576 1449 1637; x_wconf 86' lang='lat' dir='ltr'><strong>serpentem</strong></span> <span class='ocrx_word' id='word_1_109' title='bbox 1479 1573 1662 1618; x_wconf 85' lang='lat' dir='ltr'><strong>tenere</strong></span> <span class='ocrx_word' id='word_1_110' title='bbox 1713 1571 1768 1617; x_wconf 91' lang='lat' dir='ltr'><strong>et</strong></span> <span class='ocrx_word' id='word_1_111' title='bbox 1795 1559 1960 1631; x_wconf 74' lang='lat' dir='ltr'><strong>sntio-</strong></span> 
     </span>
    </p>
   </div>
   <div class='ocr_carea' id='block_1_15' title="bbox 1073 348 2874 416">
    <p class='ocr_par' dir='ltr' id='par_1_15' title="bbox 1073 348 2874 416">
     <span class='ocr_line' id='line_1_15' title="bbox 1073 348 2874 416; baseline -0.002 -1"><span class='ocrx_word' id='word_1_112' title='bbox 1073 358 1129 416; x_wconf 67' lang='grc' dir='ltr'><strong>Β.</strong></span> <span class='ocrx_word' id='word_1_113' title='bbox 1170 356 1444 415; x_wconf 69' lang='lat' dir='ltr'><strong>JOANNIS</strong></span> <span class='ocrx_word' id='word_1_114' title='bbox 1478 350 1952 412; x_wconf 76' lang='lat' dir='ltr'><strong>CllllYSOSTOMI</strong></span> <span class='ocrx_word' id='word_1_115' title='bbox 1991 348 2306 407; x_wconf 77' lang='lat' dir='ltr'><strong>ARCﬂlEP.</strong></span> <span class='ocrx_word' id='word_1_116' title='bbox 2343 349 2874 415; x_wconf 71' lang='lat' dir='ltr'><strong>CONSTANTINOP.</strong></span> 
     </span>
    </p>
   </div>
   <div class='ocr_carea' id='block_1_16' title="bbox 3540 367 3639 427">
    <p class='ocr_par' dir='ltr' id='par_1_16' title="bbox 3540 367 3639 427">
     <span class='ocr_line' id='line_1_16' title="bbox 3540 367 3639 427; baseline 0.04 -5"><span class='ocrx_word' id='word_1_117' title='bbox 3540 367 3639 427; x_wconf 70' lang='grc' dir='ltr'><strong>ειι</strong></span> 
     </span>
    </p>
   </div>
   <div class='ocr_carea' id='block_1_17' title="bbox 2060 462 3643 543">
    <p class='ocr_par' dir='ltr' id='par_1_17' title="bbox 2060 462 3643 543">
     <span class='ocr_line' id='line_1_17' title="bbox 2060 462 3643 543; baseline 0.011 -27"><span class='ocrx_word' id='word_1_118' title='bbox 2060 475 2206 529; x_wconf 85' lang='lat' dir='ltr'><strong>care,</strong></span> <span class='ocrx_word' id='word_1_119' title='bbox 2263 462 2473 518; x_wconf 84' lang='lat' dir='ltr'><strong>calcare</strong></span> <span class='ocrx_word' id='word_1_120' title='bbox 2518 479 2680 535; x_wconf 82' lang='lat' dir='ltr'><strong>super</strong></span> <span class='ocrx_word' id='word_1_121' title='bbox 2715 477 3000 538; x_wconf 78' lang='lat' dir='ltr'><strong>serpentes</strong></span> <span class='ocrx_word' id='word_1_122' title='bbox 3055 478 3109 525; x_wconf 90' lang='lat' dir='ltr'><strong>et</strong></span> <span class='ocrx_word' id='word_1_123' title='bbox 3157 472 3484 543; x_wconf 78' lang='lat' dir='ltr'><strong>scorpiones.</strong></span> <span class='ocrx_word' id='word_1_124' title='bbox 3536 478 3643 533; x_wconf 64' lang='lat' dir='ltr'><strong>Sed</strong></span> 
     </span>
    </p>
   </div>
   <div class='ocr_carea' id='block_1_18' title="bbox 2057 554 3645 637">
    <p class='ocr_par' dir='ltr' id='par_1_18' title="bbox 2057 554 3645 637">
     <span class='ocr_line' id='line_1_18' title="bbox 2057 554 3645 637; baseline 0.007 -29"><span class='ocrx_word' id='word_1_125' title='bbox 2057 554 2194 609; x_wconf 87' lang='lat' dir='ltr'><strong>sicut</strong></span> <span class='ocrx_word' id='word_1_126' title='bbox 2215 570 2400 625; x_wconf 84' lang='lat' dir='ltr'><strong>magna</strong></span> <span class='ocrx_word' id='word_1_127' title='bbox 2431 566 2555 612; x_wconf 91' lang='lat' dir='ltr'><strong>sunt</strong></span> <span class='ocrx_word' id='word_1_128' title='bbox 2582 558 2721 613; x_wconf 84' lang='lat' dir='ltr'><strong>dona</strong></span> <span class='ocrx_word' id='word_1_129' title='bbox 2738 601 2755 624; x_wconf 95' lang='lat'><strong>,</strong></span> <span class='ocrx_word' id='word_1_130' title='bbox 2789 560 2858 615; x_wconf 89' lang='lat' dir='ltr'><strong>ita</strong></span> <span class='ocrx_word' id='word_1_131' title='bbox 2885 575 3097 632; x_wconf 82' lang='lat' dir='ltr'><strong>quoque</strong></span> <span class='ocrx_word' id='word_1_132' title='bbox 3125 578 3377 635; x_wconf 85' lang='lat' dir='ltr'><strong>magnum</strong></span> <span class='ocrx_word' id='word_1_133' title='bbox 3400 579 3485 622; x_wconf 83' lang='lat' dir='ltr'><strong>est</strong></span> <span class='ocrx_word' id='word_1_134' title='bbox 3512 582 3645 637; x_wconf 83' lang='lat' dir='ltr'><strong>snp-</strong></span> 
     </span>
    </p>
   </div>
   <div class='ocr_carea' id='block_1_19' title="bbox 2058 645 3643 726">
    <p class='ocr_par' dir='ltr' id='par_1_19' title="bbox 2058 645 3643 726">
     <span class='ocr_line' id='line_1_19' title="bbox 2058 645 3643 726; baseline 0.01 -27"><span class='ocrx_word' id='word_1_135' title='bbox 2058 645 2274 715; x_wconf 84' lang='lat' dir='ltr'><strong>plicium</strong></span> <span class='ocrx_word' id='word_1_136' title='bbox 2300 664 2316 702; x_wconf 90' lang='lat'><strong>:</strong></span> <span class='ocrx_word' id='word_1_137' title='bbox 2347 663 2452 703; x_wconf 91' lang='lat' dir='ltr'><strong>non</strong></span> <span class='ocrx_word' id='word_1_138' title='bbox 2480 649 2605 706; x_wconf 90' lang='lat' dir='ltr'><strong>licet</strong></span> <span class='ocrx_word' id='word_1_139' title='bbox 2632 650 2679 704; x_wconf 91' lang='lat' dir='ltr'><strong>ei</strong></span> <span class='ocrx_word' id='word_1_140' title='bbox 2700 651 2789 721; x_wconf 89' lang='lat' dir='ltr'><strong>qui</strong></span> <span class='ocrx_word' id='word_1_141' title='bbox 2817 652 3010 708; x_wconf 76' lang='lat' dir='ltr'><strong>cecidit</strong></span> <span class='ocrx_word' id='word_1_142' title='bbox 3038 669 3070 710; x_wconf 89' lang='lat' dir='ltr'><strong>e</strong></span> <span class='ocrx_word' id='word_1_143' title='bbox 3098 656 3367 726; x_wconf 74' lang='lat' dir='ltr'><strong>paradiso,</strong></span> <span class='ocrx_word' id='word_1_144' title='bbox 3400 658 3643 716; x_wconf 75' lang='lat' dir='ltr'><strong>habitare</strong></span> 
     </span>
    </p>
   </div>
   <div class='ocr_carea' id='block_1_20' title="bbox 2057 736 3641 814">
    <p class='ocr_par' dir='ltr' id='par_1_20' title="bbox 2057 736 3641 814">
     <span class='ocr_line' id='line_1_20' title="bbox 2057 736 3641 814; baseline 0.009 -23"><span class='ocrx_word' id='word_1_145' title='bbox 2057 752 2124 791; x_wconf 78' lang='lat' dir='ltr'><strong>ex</strong></span> <span class='ocrx_word' id='word_1_146' title='bbox 2166 736 2397 795; x_wconf 84' lang='lat' dir='ltr'><strong>adverso</strong></span> <span class='ocrx_word' id='word_1_147' title='bbox 2447 741 2680 812; x_wconf 83' lang='lat' dir='ltr'><strong>paradisi</strong></span> <span class='ocrx_word' id='word_1_148' title='bbox 2710 783 2726 807; x_wconf 91' lang='lat'><strong>,</strong></span> <span class='ocrx_word' id='word_1_149' title='bbox 2770 758 2944 814; x_wconf 86' lang='lat' dir='ltr'><strong>neque</strong></span> <span class='ocrx_word' id='word_1_150' title='bbox 2975 746 3168 800; x_wconf 83' lang='lat' dir='ltr'><strong>reverti</strong></span> <span class='ocrx_word' id='word_1_151' title='bbox 3202 762 3269 802; x_wconf 90' lang='lat' dir='ltr'><strong>eo</strong></span> <span class='ocrx_word' id='word_1_152' title='bbox 3309 749 3450 804; x_wconf 87' lang='lat' dir='ltr'><strong>unde</strong></span> <span class='ocrx_word' id='word_1_153' title='bbox 3488 753 3641 807; x_wconf 64' lang='lat' dir='ltr'><strong>ext-i-</strong></span> 
     </span>
    </p>
   </div>
   <div class='ocr_carea' id='block_1_21' title="bbox 2059 830 3645 905">
    <p class='ocr_par' dir='ltr' id='par_1_21' title="bbox 2059 830 3645 905">
     <span class='ocr_line' id='line_1_21' title="bbox 2059 830 3645 905; baseline 0.008 -21"><span class='ocrx_word' id='word_1_154' title='bbox 2059 830 2254 886; x_wconf 86' lang='lat' dir='ltr'><strong>dimus.</strong></span> <span class='ocrx_word' id='word_1_155' title='bbox 2308 831 2415 887; x_wconf 86' lang='lat' dir='ltr'><strong>Sed</strong></span> <span class='ocrx_word' id='word_1_156' title='bbox 2439 833 2566 902; x_wconf 88' lang='lat' dir='ltr'><strong>quid</strong></span> <span class='ocrx_word' id='word_1_157' title='bbox 2620 836 2848 905; x_wconf 84' lang='lat' dir='ltr'><strong>postea?</strong></span> <span class='ocrx_word' id='word_1_158' title='bbox 2889 835 3142 892; x_wconf 78' lang='lat' dir='ltr'><strong>Gelu-ima</strong></span> <span class='ocrx_word' id='word_1_159' title='bbox 3193 848 3249 894; x_wconf 86' lang='lat' dir='ltr'><strong>et</strong></span> <span class='ocrx_word' id='word_1_160' title='bbox 3292 841 3493 896; x_wconf 70' lang='lat' dir='ltr'><strong>Vermis</strong></span> <span class='ocrx_word' id='word_1_161' title='bbox 3536 859 3645 897; x_wconf 77' lang='lat' dir='ltr'><strong>non</strong></span> 
     </span>
    </p>
   </div>
   <div class='ocr_carea' id='block_1_22' title="bbox 2058 919 3646 997">
    <p class='ocr_par' dir='ltr' id='par_1_22' title="bbox 2058 919 3646 997">
     <span class='ocr_line' id='line_1_22' title="bbox 2058 919 3646 997; baseline 0.007 -21"><span class='ocrx_word' id='word_1_162' title='bbox 2058 919 2333 977; x_wconf 86' lang='lat' dir='ltr'><strong>desinens.</strong></span> <span class='ocrx_word' id='word_1_163' title='bbox 2362 922 2468 978; x_wconf 89' lang='lat' dir='ltr'><strong>Sed</strong></span> <span class='ocrx_word' id='word_1_164' title='bbox 2497 923 2657 990; x_wconf 87' lang='lat' dir='ltr'><strong>absit,</strong></span> <span class='ocrx_word' id='word_1_165' title='bbox 2704 933 2763 980; x_wconf 89' lang='lat' dir='ltr'><strong>ut</strong></span> <span class='ocrx_word' id='word_1_166' title='bbox 2805 927 3070 997; x_wconf 85' lang='lat' dir='ltr'><strong>quispiam</strong></span> <span class='ocrx_word' id='word_1_167' title='bbox 3111 944 3176 983; x_wconf 71' lang='lat' dir='ltr'><strong>es</strong></span> <span class='ocrx_word' id='word_1_168' title='bbox 3231 930 3385 985; x_wconf 82' lang='lat' dir='ltr'><strong>nobis</strong></span> <span class='ocrx_word' id='word_1_169' title='bbox 3427 932 3500 986; x_wconf 88' lang='lat' dir='ltr'><strong>sit</strong></span> <span class='ocrx_word' id='word_1_170' title='bbox 3542 934 3646 987; x_wconf 87' lang='lat' dir='ltr'><strong>ob-</strong></span> 
     </span>
    </p>
   </div>
   <div class='ocr_carea' id='block_1_23' title="bbox 2062 1012 3647 1088">
    <p class='ocr_par' dir='ltr' id='par_1_23' title="bbox 2062 1012 3647 1088">
     <span class='ocr_line' id='line_1_23' title="bbox 2062 1012 3647 1088; baseline 0.006 -22"><span class='ocrx_word' id='word_1_171' title='bbox 2062 1012 2252 1068; x_wconf 80' lang='lat' dir='ltr'><strong>noxius</strong></span> <span class='ocrx_word' id='word_1_172' title='bbox 2296 1012 2422 1068; x_wconf 83' lang='lat' dir='ltr'><strong>huic</strong></span> <span class='ocrx_word' id='word_1_173' title='bbox 2457 1014 2754 1084; x_wconf 76' lang='lat' dir='ltr'><strong>supplicio;</strong></span> <span class='ocrx_word' id='word_1_174' title='bbox 2784 1016 2881 1071; x_wconf 89' lang='lat' dir='ltr'><strong>sed</strong></span> <span class='ocrx_word' id='word_1_175' title='bbox 2910 1032 2974 1072; x_wconf 77' lang='lat' dir='ltr'><strong>ex</strong></span> <span class='ocrx_word' id='word_1_176' title='bbox 3004 1018 3201 1075; x_wconf 81' lang='lat' dir='ltr'><strong>virtute</strong></span> <span class='ocrx_word' id='word_1_177' title='bbox 3230 1022 3493 1088; x_wconf 81' lang='lat' dir='ltr'><strong>viventes,</strong></span> <span class='ocrx_word' id='word_1_178' title='bbox 3533 1034 3647 1077; x_wconf 87' lang='lat' dir='ltr'><strong>stn-</strong></span> 
     </span>
    </p>
   </div>
   <div class='ocr_carea' id='block_1_24' title="bbox 2060 1106 3648 1178">
    <p class='ocr_par' dir='ltr' id='par_1_24' title="bbox 2060 1106 3648 1178">
     <span class='ocr_line' id='line_1_24' title="bbox 2060 1106 3648 1178; baseline 0.004 -17"><span class='ocrx_word' id='word_1_179' title='bbox 2060 1106 2284 1161; x_wconf 87' lang='lat' dir='ltr'><strong>deamus</strong></span> <span class='ocrx_word' id='word_1_180' title='bbox 2333 1121 2396 1162; x_wconf 87' lang='lat' dir='ltr'><strong>ea</strong></span> <span class='ocrx_word' id='word_1_181' title='bbox 2446 1122 2608 1178; x_wconf 87' lang='lat' dir='ltr'><strong>agere</strong></span> <span class='ocrx_word' id='word_1_182' title='bbox 2662 1124 2784 1178; x_wconf 82' lang='lat' dir='ltr'><strong>quae</strong></span> <span class='ocrx_word' id='word_1_183' title='bbox 2832 1109 2882 1165; x_wconf 90' lang='lat' dir='ltr'><strong>ei</strong></span> <span class='ocrx_word' id='word_1_184' title='bbox 2931 1120 3079 1166; x_wconf 68' lang='lat' dir='ltr'><strong>recte</strong></span> <span class='ocrx_word' id='word_1_185' title='bbox 3123 1111 3373 1167; x_wconf 85' lang='lat' dir='ltr'><strong>videntur</strong></span> <span class='ocrx_word' id='word_1_186' title='bbox 3417 1122 3475 1168; x_wconf 84' lang='lat' dir='ltr'><strong>et</strong></span> <span class='ocrx_word' id='word_1_187' title='bbox 3521 1127 3648 1169; x_wconf 87' lang='lat' dir='ltr'><strong>sunt</strong></span> 
     </span>
    </p>
   </div>
   <div class='ocr_carea' id='block_1_25' title="bbox 2060 1197 3646 1274">
    <p class='ocr_par' dir='ltr' id='par_1_25' title="bbox 2060 1197 3646 1274">
     <span class='ocr_line' id='line_1_25' title="bbox 2060 1197 3646 1274; baseline 0.006 -25"><span class='ocrx_word' id='word_1_188' title='bbox 2060 1205 2208 1265; x_wconf 83' lang='lat' dir='ltr'><strong>grata</strong></span> <span class='ocrx_word' id='word_1_189' title='bbox 2234 1213 2249 1251; x_wconf 92' lang='lat'><strong>:</strong></span> <span class='ocrx_word' id='word_1_190' title='bbox 2301 1197 2411 1252; x_wconf 89' lang='lat' dir='ltr'><strong>Deo</strong></span> <span class='ocrx_word' id='word_1_191' title='bbox 2441 1198 2745 1268; x_wconf 84' lang='lat' dir='ltr'><strong>placeamus</strong></span> <span class='ocrx_word' id='word_1_192' title='bbox 2776 1241 2793 1266; x_wconf 92' lang='lat'><strong>,</strong></span> <span class='ocrx_word' id='word_1_193' title='bbox 2826 1209 2882 1253; x_wconf 90' lang='lat' dir='ltr'><strong>ut</strong></span> <span class='ocrx_word' id='word_1_194' title='bbox 2911 1200 3177 1269; x_wconf 86' lang='lat' dir='ltr'><strong>possimus</strong></span> <span class='ocrx_word' id='word_1_195' title='bbox 3209 1212 3263 1257; x_wconf 87' lang='lat' dir='ltr'><strong>et</strong></span> <span class='ocrx_word' id='word_1_196' title='bbox 3290 1218 3320 1257; x_wconf 90' lang='lat' dir='ltr'><strong>a</strong></span> <span class='ocrx_word' id='word_1_197' title='bbox 3367 1205 3646 1274; x_wconf 80' lang='lat' dir='ltr'><strong>suppliciis</strong></span> 
     </span>
    </p>
   </div>
   <div class='ocr_carea' id='block_1_26' title="bbox 2063 1288 3645 1366">
    <p class='ocr_par' dir='ltr' id='par_1_26' title="bbox 2063 1288 3645 1366">
     <span class='ocr_line' id='line_1_26' title="bbox 2063 1288 3645 1366; baseline 0.005 -24"><span class='ocrx_word' id='word_1_198' title='bbox 2063 1288 2301 1355; x_wconf 90' lang='lat' dir='ltr'><strong>liberari,</strong></span> <span class='ocrx_word' id='word_1_199' title='bbox 2350 1299 2402 1343; x_wconf 91' lang='lat' dir='ltr'><strong>et</strong></span> <span class='ocrx_word' id='word_1_200' title='bbox 2447 1290 2663 1345; x_wconf 78' lang='lat' dir='ltr'><strong>:eternis</strong></span> <span class='ocrx_word' id='word_1_201' title='bbox 2702 1290 2860 1345; x_wconf 84' lang='lat' dir='ltr'><strong>bouis</strong></span> <span class='ocrx_word' id='word_1_202' title='bbox 2892 1291 3114 1361; x_wconf 82' lang='lat' dir='ltr'><strong>perfrui,</strong></span> <span class='ocrx_word' id='word_1_203' title='bbox 3157 1293 3328 1364; x_wconf 81' lang='lat' dir='ltr'><strong>gratia</strong></span> <span class='ocrx_word' id='word_1_204' title='bbox 3370 1303 3426 1349; x_wconf 83' lang='lat' dir='ltr'><strong>et</strong></span> <span class='ocrx_word' id='word_1_205' title='bbox 3457 1295 3645 1366; x_wconf 67' lang='lat' dir='ltr'><strong>benig-</strong></span> 
     </span>
    </p>
   </div>
   <div class='ocr_carea' id='block_1_27' title="bbox 2063 1380 3649 1456">
    <p class='ocr_par' dir='ltr' id='par_1_27' title="bbox 2063 1380 3649 1456">
     <span class='ocr_line' id='line_1_27' title="bbox 2063 1380 3649 1456; baseline 0.004 -22"><span class='ocrx_word' id='word_1_206' title='bbox 2063 1380 2227 1435; x_wconf 83' lang='lat' dir='ltr'><strong>nitate</strong></span> <span class='ocrx_word' id='word_1_207' title='bbox 2257 1382 2463 1436; x_wconf 85' lang='lat' dir='ltr'><strong>Domini</strong></span> <span class='ocrx_word' id='word_1_208' title='bbox 2495 1382 2664 1438; x_wconf 80' lang='lat' dir='ltr'><strong>nostri</strong></span> <span class='ocrx_word' id='word_1_209' title='bbox 2701 1381 2830 1438; x_wconf 88' lang='lat' dir='ltr'><strong>Jcsu</strong></span> <span class='ocrx_word' id='word_1_210' title='bbox 2868 1382 3089 1450; x_wconf 89' lang='lat' dir='ltr'><strong>Christi,</strong></span> <span class='ocrx_word' id='word_1_211' title='bbox 3133 1398 3256 1439; x_wconf 89' lang='lat' dir='ltr'><strong>cum</strong></span> <span class='ocrx_word' id='word_1_212' title='bbox 3289 1401 3396 1456; x_wconf 89' lang='lat' dir='ltr'><strong>quo</strong></span> <span class='ocrx_word' id='word_1_213' title='bbox 3424 1386 3563 1442; x_wconf 85' lang='lat' dir='ltr'><strong>Patri</strong></span> <span class='ocrx_word' id='word_1_214' title='bbox 3593 1401 3649 1441; x_wconf 86' lang='lat' dir='ltr'><strong>et</strong></span> 
     </span>
    </p>
   </div>
   <div class='ocr_carea' id='block_1_28' title="bbox 2064 1471 3650 1546">
    <p class='ocr_par' dir='ltr' id='par_1_28' title="bbox 2064 1471 3650 1546">
     <span class='ocr_line' id='line_1_28' title="bbox 2064 1471 3650 1546; baseline 0.005 -19"><span class='ocrx_word' id='word_1_215' title='bbox 2064 1471 2283 1542; x_wconf 88' lang='lat' dir='ltr'><strong>Spiritui</strong></span> <span class='ocrx_word' id='word_1_216' title='bbox 2314 1483 2500 1528; x_wconf 88' lang='lat' dir='ltr'><strong>sancto</strong></span> <span class='ocrx_word' id='word_1_217' title='bbox 2539 1474 2711 1545; x_wconf 83' lang='lat' dir='ltr'><strong>gloria</strong></span> <span class='ocrx_word' id='word_1_218' title='bbox 2741 1515 2756 1539; x_wconf 88' lang='lat'><strong>.</strong></span> <span class='ocrx_word' id='word_1_219' title='bbox 2807 1474 3088 1545; x_wconf 89' lang='lat' dir='ltr'><strong>imperium</strong></span> <span class='ocrx_word' id='word_1_220' title='bbox 3116 1516 3133 1543; x_wconf 94' lang='lat'><strong>,</strong></span> <span class='ocrx_word' id='word_1_221' title='bbox 3166 1476 3338 1533; x_wconf 82' lang='lat' dir='ltr'><strong>honor</strong></span> <span class='ocrx_word' id='word_1_222' title='bbox 3358 1519 3376 1546; x_wconf 91' lang='lat'><strong>,</strong></span> <span class='ocrx_word' id='word_1_223' title='bbox 3426 1494 3569 1534; x_wconf 89' lang='lat' dir='ltr'><strong>nunc</strong></span> <span class='ocrx_word' id='word_1_224' title='bbox 3595 1490 3650 1535; x_wconf 89' lang='lat' dir='ltr'><strong>et</strong></span> 
     </span>
    </p>
   </div>
   <div class='ocr_carea' id='block_1_29' title="bbox 2065 1565 3276 1632">
    <p class='ocr_par' dir='ltr' id='par_1_29' title="bbox 2065 1565 3276 1632">
     <span class='ocr_line' id='line_1_29' title="bbox 2065 1565 3276 1632; baseline 0.005 -14"><span class='ocrx_word' id='word_1_225' title='bbox 2065 1577 2302 1632; x_wconf 83' lang='lat' dir='ltr'><strong>semper,</strong></span> <span class='ocrx_word' id='word_1_226' title='bbox 2331 1574 2387 1620; x_wconf 86' lang='lat' dir='ltr'><strong>et</strong></span> <span class='ocrx_word' id='word_1_227' title='bbox 2416 1565 2467 1618; x_wconf 89' lang='lat' dir='ltr'><strong>in</strong></span> <span class='ocrx_word' id='word_1_228' title='bbox 2492 1565 2686 1620; x_wconf 70' lang='lat' dir='ltr'><strong>sazcula</strong></span> <span class='ocrx_word' id='word_1_229' title='bbox 2715 1567 3056 1623; x_wconf 68' lang='lat' dir='ltr'><strong>mulorum.</strong></span> <span class='ocrx_word' id='word_1_230' title='bbox 3083 1569 3276 1625; x_wconf 85' lang='lat' dir='ltr'><strong>Amen.</strong></span> 
     </span>
    </p>
   </div>
   <div class='ocr_carea' id='block_1_30' title="bbox 1743 1729 2354 1835">
    <p class='ocr_par' dir='ltr' id='par_1_30' title="bbox 1743 1729 2354 1835">
     <span class='ocr_line' id='line_1_30' title="bbox 1743 1729 2354 1835; baseline -0.002 0"><span class='ocrx_word' id='word_1_231' title='bbox 1743 1770 2087 1835; x_wconf 80' lang='lat' dir='ltr'><strong>HOMILIA</strong></span> <span class='ocrx_word' id='word_1_232' title='bbox 2135 1772 2272 1834; x_wconf 83' lang='lat' dir='ltr'><strong>vn.</strong></span> <span class='ocrx_word' id='word_1_233' title='bbox 2351 1729 2354 1732; x_wconf 45' lang='grc'><strong>’</strong></span> 
     </span>
    </p>
   </div>
   <div class='ocr_carea' id='block_1_31' title="bbox 381 1913 1964 1992">
    <p class='ocr_par' dir='ltr' id='par_1_31' title="bbox 381 1913 1964 1992">
     <span class='ocr_line' id='line_1_31' title="bbox 381 1913 1964 1992; baseline -0.007 -14"><span class='ocrx_word' id='word_1_234' title='bbox 381 1922 511 1978; x_wconf 79' lang='lat' dir='ltr'><strong>CAP.</strong></span> <span class='ocrx_word' id='word_1_235' title='bbox 540 1921 594 1977; x_wconf 94' lang='lat'><strong>2.</strong></span> <span class='ocrx_word' id='word_1_236' title='bbox 623 1938 678 1977; x_wconf 89' lang='lat' dir='ltr'><strong>v.</strong></span> <span class='ocrx_word' id='word_1_237' title='bbox 719 1921 805 1978; x_wconf 77' lang='lat' dir='ltr'><strong>lli.</strong></span> <span class='ocrx_word' id='word_1_238' title='bbox 860 1920 1025 1976; x_wconf 87' lang='lat' dir='ltr'><strong>Nemo</strong></span> <span class='ocrx_word' id='word_1_239' title='bbox 1051 1936 1170 1992; x_wconf 88' lang='lat' dir='ltr'><strong>ergo</strong></span> <span class='ocrx_word' id='word_1_240' title='bbox 1205 1936 1291 1974; x_wconf 82' lang='lat' dir='ltr'><strong>vos</strong></span> <span class='ocrx_word' id='word_1_241' title='bbox 1306 1916 1508 1990; x_wconf 86' lang='lat' dir='ltr'><strong>judicet</strong></span> <span class='ocrx_word' id='word_1_242' title='bbox 1537 1918 1589 1969; x_wconf 88' lang='lat' dir='ltr'><strong>in</strong></span> <span class='ocrx_word' id='word_1_243' title='bbox 1620 1915 1751 1981; x_wconf 85' lang='lat' dir='ltr'><strong>cibo,</strong></span> <span class='ocrx_word' id='word_1_244' title='bbox 1785 1921 1874 1966; x_wconf 89' lang='lat' dir='ltr'><strong>aut</strong></span> <span class='ocrx_word' id='word_1_245' title='bbox 1908 1913 1964 1967; x_wconf 89' lang='lat' dir='ltr'><strong>in</strong></span> 
     </span>
    </p>
   </div>
   <div class='ocr_carea' id='block_1_32' title="bbox 451 2004 1964 2086">
    <p class='ocr_par' dir='ltr' id='par_1_32' title="bbox 451 2004 1964 2086">
     <span class='ocr_line' id='line_1_32' title="bbox 451 2004 1964 2086; baseline -0.008 -17"><span class='ocrx_word' id='word_1_246' title='bbox 451 2024 604 2086; x_wconf 86' lang='lat' dir='ltr'><strong>potu,</strong></span> <span class='ocrx_word' id='word_1_247' title='bbox 633 2023 721 2068; x_wconf 92' lang='lat' dir='ltr'><strong>aut</strong></span> <span class='ocrx_word' id='word_1_248' title='bbox 764 2016 817 2068; x_wconf 88' lang='lat' dir='ltr'><strong>in</strong></span> <span class='ocrx_word' id='word_1_249' title='bbox 853 2024 997 2084; x_wconf 87' lang='lat' dir='ltr'><strong>parte</strong></span> <span class='ocrx_word' id='word_1_250' title='bbox 1016 2012 1115 2067; x_wconf 90' lang='lat' dir='ltr'><strong>diei</strong></span> <span class='ocrx_word' id='word_1_251' title='bbox 1145 2012 1258 2083; x_wconf 78' lang='lat' dir='ltr'><strong>festi</strong></span> <span class='ocrx_word' id='word_1_252' title='bbox 1286 2019 1374 2065; x_wconf 89' lang='lat' dir='ltr'><strong>aut</strong></span> <span class='ocrx_word' id='word_1_253' title='bbox 1412 2007 1686 2063; x_wconf 77' lang='lat' dir='ltr'><strong>neomenite</strong></span> <span class='ocrx_word' id='word_1_254' title='bbox 1731 2015 1819 2059; x_wconf 88' lang='lat' dir='ltr'><strong>aut</strong></span> <span class='ocrx_word' id='word_1_255' title='bbox 1843 2004 1964 2058; x_wconf 85' lang='lat' dir='ltr'><strong>sab-</strong></span> 
     </span>
    </p>
   </div>
   <div class='ocr_carea' id='block_1_33' title="bbox 453 2100 1965 2174">
    <p class='ocr_par' dir='ltr' id='par_1_33' title="bbox 453 2100 1965 2174">
     <span class='ocr_line' id='line_1_33' title="bbox 453 2100 1965 2174; baseline -0.006 -15"><span class='ocrx_word' id='word_1_256' title='bbox 453 2106 724 2161; x_wconf 88' lang='lat' dir='ltr'><strong>batorum:</strong></span> <span class='ocrx_word' id='word_1_257' title='bbox 779 2107 864 2161; x_wconf 80' lang='lat' dir='ltr'><strong>l7.</strong></span> <span class='ocrx_word' id='word_1_258' title='bbox 911 2119 1027 2174; x_wconf 68' lang='lat' dir='ltr'><strong>qua:</strong></span> <span class='ocrx_word' id='word_1_259' title='bbox 1048 2113 1167 2159; x_wconf 89' lang='lat' dir='ltr'><strong>sunt</strong></span> <span class='ocrx_word' id='word_1_260' title='bbox 1192 2101 1370 2157; x_wconf 87' lang='lat' dir='ltr'><strong>umbra</strong></span> <span class='ocrx_word' id='word_1_261' title='bbox 1415 2100 1706 2171; x_wconf 77' lang='lat' dir='ltr'><strong>futurorum</strong></span> <span class='ocrx_word' id='word_1_262' title='bbox 1731 2138 1747 2162; x_wconf 93' lang='lat'><strong>,</strong></span> <span class='ocrx_word' id='word_1_263' title='bbox 1779 2112 1965 2168; x_wconf 79' lang='lat' dir='ltr'><strong>corpus</strong></span> 
     </span>
    </p>
   </div>
   <div class='ocr_carea' id='block_1_34' title="bbox 451 2187 1967 2253">
    <p class='ocr_par' dir='ltr' id='par_1_34' title="bbox 451 2187 1967 2253">
     <span class='ocr_line' id='line_1_34' title="bbox 451 2187 1967 2253; baseline -0.007 -2"><span class='ocrx_word' id='word_1_264' title='bbox 451 2207 619 2251; x_wconf 80' lang='lat' dir='ltr'><strong>autem</strong></span> <span class='ocrx_word' id='word_1_265' title='bbox 676 2195 887 2253; x_wconf 78' lang='lat' dir='ltr'><strong>Christi.</strong></span> <span class='ocrx_word' id='word_1_266' title='bbox 935 2196 1022 2251; x_wconf 79' lang='grc'><strong>18.</strong></span> <span class='ocrx_word' id='word_1_267' title='bbox 1085 2193 1252 2250; x_wconf 79' lang='lat' dir='ltr'><strong>Nemo</strong></span> <span class='ocrx_word' id='word_1_268' title='bbox 1296 2209 1383 2248; x_wconf 79' lang='lat' dir='ltr'><strong>ros</strong></span> <span class='ocrx_word' id='word_1_269' title='bbox 1430 2190 1644 2246; x_wconf 77' lang='lat' dir='ltr'><strong>sedarat.</strong></span> <span class='ocrx_word' id='word_1_270' title='bbox 1693 2187 1865 2243; x_wconf 80' lang='lat' dir='ltr'><strong>uolens</strong></span> <span class='ocrx_word' id='word_1_271' title='bbox 1913 2187 1967 2240; x_wconf 90' lang='lat' dir='ltr'><strong>in</strong></span> 
     </span>
    </p>
   </div>
   <div class='ocr_carea' id='block_1_35' title="bbox 452 2272 1968 2356">
    <p class='ocr_par' dir='ltr' id='par_1_35' title="bbox 452 2272 1968 2356">
     <span class='ocr_line' id='line_1_35' title="bbox 452 2272 1968 2356; baseline -0.007 -15"><span class='ocrx_word' id='word_1_272' title='bbox 452 2272 735 2344; x_wconf 77' lang='lat' dir='ltr'><strong>humilitate</strong></span> <span class='ocrx_word' id='word_1_273' title='bbox 779 2297 827 2342; x_wconf 91' lang='lat' dir='ltr'><strong>et</strong></span> <span class='ocrx_word' id='word_1_274' title='bbox 880 2286 1125 2356; x_wconf 78' lang='lat' dir='ltr'><strong>religione</strong></span> <span class='ocrx_word' id='word_1_275' title='bbox 1177 2283 1497 2356; x_wconf 82' lang='lat' dir='ltr'><strong>angelorum,</strong></span> <span class='ocrx_word' id='word_1_276' title='bbox 1552 2295 1666 2352; x_wconf 72' lang='lat' dir='ltr'><strong>qua:</strong></span> <span class='ocrx_word' id='word_1_277' title='bbox 1708 2294 1811 2332; x_wconf 91' lang='lat' dir='ltr'><strong>non</strong></span> <span class='ocrx_word' id='word_1_278' title='bbox 1842 2275 1968 2332; x_wconf 81' lang='lat' dir='ltr'><strong>vidit</strong></span> 
     </span>
    </p>
   </div>
   <div class='ocr_carea' id='block_1_36' title="bbox 453 2369 1968 2449">
    <p class='ocr_par' dir='ltr' id='par_1_36' title="bbox 453 2369 1968 2449">
     <span class='ocr_line' id='line_1_36' title="bbox 453 2369 1968 2449; baseline -0.008 -15"><span class='ocrx_word' id='word_1_279' title='bbox 453 2380 739 2447; x_wconf 76' lang='lat' dir='ltr'><strong>ambulans,</strong></span> <span class='ocrx_word' id='word_1_280' title='bbox 774 2382 966 2449; x_wconf 76' lang='lat' dir='ltr'><strong>(rustra</strong></span> <span class='ocrx_word' id='word_1_281' title='bbox 990 2379 1200 2448; x_wconf 82' lang='lat' dir='ltr'><strong>inﬂatus</strong></span> <span class='ocrx_word' id='word_1_282' title='bbox 1229 2392 1379 2432; x_wconf 88' lang='lat' dir='ltr'><strong>sensu</strong></span> <span class='ocrx_word' id='word_1_283' title='bbox 1409 2373 1578 2428; x_wconf 88' lang='lat' dir='ltr'><strong>carnis</strong></span> <span class='ocrx_word' id='word_1_284' title='bbox 1620 2387 1727 2427; x_wconf 63' lang='lat' dir='ltr'><strong>sum</strong></span> <span class='ocrx_word' id='word_1_285' title='bbox 1748 2386 1767 2424; x_wconf 91' lang='lat'><strong><em>:</em></strong></span> <span class='ocrx_word' id='word_1_286' title='bbox 1798 2369 1885 2425; x_wconf 77' lang='lat' dir='ltr'><strong>l9.</strong></span> <span class='ocrx_word' id='word_1_287' title='bbox 1921 2376 1968 2424; x_wconf 86' lang='lat' dir='ltr'><strong>et</strong></span> 
     </span>
    </p>
   </div>
   <div class='ocr_carea' id='block_1_37' title="bbox 457 2470 1971 2546">
    <p class='ocr_par' dir='ltr' id='par_1_37' title="bbox 457 2470 1971 2546">
     <span class='ocr_line' id='line_1_37' title="bbox 457 2470 1971 2546; baseline -0.011 -15"><span class='ocrx_word' id='word_1_288' title='bbox 457 2493 557 2531; x_wconf 89' lang='lat' dir='ltr'><strong>non</strong></span> <span class='ocrx_word' id='word_1_289' title='bbox 589 2484 760 2530; x_wconf 87' lang='lat' dir='ltr'><strong>tenens</strong></span> <span class='ocrx_word' id='word_1_290' title='bbox 788 2482 962 2546; x_wconf 85' lang='lat' dir='ltr'><strong>caput:</strong></span> <span class='ocrx_word' id='word_1_291' title='bbox 989 2488 1051 2527; x_wconf 78' lang='lat' dir='ltr'><strong>ex</strong></span> <span class='ocrx_word' id='word_1_292' title='bbox 1078 2487 1175 2540; x_wconf 86' lang='lat' dir='ltr'><strong>quo</strong></span> <span class='ocrx_word' id='word_1_293' title='bbox 1201 2478 1358 2524; x_wconf 89' lang='lat' dir='ltr'><strong>totum</strong></span> <span class='ocrx_word' id='word_1_294' title='bbox 1399 2484 1582 2539; x_wconf 81' lang='lat' dir='ltr'><strong>corpus</strong></span> <span class='ocrx_word' id='word_1_295' title='bbox 1612 2483 1700 2537; x_wconf 82' lang='lat' dir='ltr'><strong>per</strong></span> <span class='ocrx_word' id='word_1_296' title='bbox 1728 2480 1885 2519; x_wconf 70' lang='lat' dir='ltr'><strong>nexus</strong></span> <span class='ocrx_word' id='word_1_297' title='bbox 1922 2470 1971 2516; x_wconf 89' lang='lat' dir='ltr'><strong>et</strong></span> 
     </span>
    </p>
   </div>
   <div class='ocr_carea' id='block_1_38' title="bbox 459 2555 1971 2637">
    <p class='ocr_par' dir='ltr' id='par_1_38' title="bbox 459 2555 1971 2637">
     <span class='ocr_line' id='line_1_38' title="bbox 459 2555 1971 2637; baseline -0.008 -17"><span class='ocrx_word' id='word_1_298' title='bbox 459 2565 840 2637; x_wconf 83' lang='lat' dir='ltr'><strong>conjunctiones</strong></span> <span class='ocrx_word' id='word_1_299' title='bbox 875 2562 1311 2618; x_wconf 83' lang='lat' dir='ltr'><strong>subministratam</strong></span> <span class='ocrx_word' id='word_1_300' title='bbox 1338 2569 1385 2615; x_wconf 87' lang='lat' dir='ltr'><strong>et</strong></span> <span class='ocrx_word' id='word_1_301' title='bbox 1428 2567 1765 2614; x_wconf 85' lang='lat' dir='ltr'><strong>constructum</strong></span> <span class='ocrx_word' id='word_1_302' title='bbox 1796 2555 1971 2610; x_wconf 84' lang='lat' dir='ltr'><strong>crescit</strong></span> 
     </span>
    </p>
   </div>
   <div class='ocr_carea' id='block_1_39' title="bbox 456 2656 1001 2729">
    <p class='ocr_par' dir='ltr' id='par_1_39' title="bbox 456 2656 1001 2729">
     <span class='ocr_line' id='line_1_39' title="bbox 456 2656 1001 2729; baseline -0.006 -16"><span class='ocrx_word' id='word_1_303' title='bbox 456 2660 509 2713; x_wconf 90' lang='lat' dir='ltr'><strong>in</strong></span> <span class='ocrx_word' id='word_1_304' title='bbox 532 2668 857 2729; x_wconf 78' lang='lat' dir='ltr'><strong>augmentum</strong></span> <span class='ocrx_word' id='word_1_305' title='bbox 883 2656 1001 2711; x_wconf 87' lang='lat' dir='ltr'><strong>Dei.</strong></span> 
     </span>
    </p>
   </div>
   <div class='ocr_carea' id='block_1_40' title="bbox 462 2823 1974 2907">
    <p class='ocr_par' dir='ltr' id='par_1_40' title="bbox 462 2823 1974 2907">
     <span class='ocr_line' id='line_1_40' title="bbox 462 2823 1974 2907; baseline -0.009 -15"><span class='ocrx_word' id='word_1_306' title='bbox 462 2838 513 2893; x_wconf 83' lang='lat' dir='ltr'><strong>l.</strong></span> <span class='ocrx_word' id='word_1_307' title='bbox 544 2837 678 2892; x_wconf 88' lang='lat' dir='ltr'><strong>Cum</strong></span> <span class='ocrx_word' id='word_1_308' title='bbox 723 2835 873 2907; x_wconf 85' lang='lat' dir='ltr'><strong>prius</strong></span> <span class='ocrx_word' id='word_1_309' title='bbox 912 2833 1135 2888; x_wconf 78' lang='lat' dir='ltr'><strong>dixisset</strong></span> <span class='ocrx_word' id='word_1_310' title='bbox 1178 2827 1529 2900; x_wconf 85' lang='lat' dir='ltr'><strong>acnigmatice,</strong></span> <span class='ocrx_word' id='word_1_311' title='bbox 1570 2824 1749 2880; x_wconf 81' lang='lat' dir='ltr'><strong>Videte</strong></span> <span class='ocrx_word' id='word_1_312' title='bbox 1775 2840 1839 2880; x_wconf 84' lang='lat' dir='ltr'><strong>ne</strong></span> <span class='ocrx_word' id='word_1_313' title='bbox 1862 2823 1974 2895; x_wconf 83' lang='lat' dir='ltr'><strong>quis</strong></span> 
     </span>
    </p>
   </div>
   <div class='ocr_carea' id='block_1_41' title="bbox 394 2918 1974 2999">
    <p class='ocr_par' dir='ltr' id='par_1_41' title="bbox 394 2918 1974 2999">
     <span class='ocr_line' id='line_1_41' title="bbox 394 2918 1974 2999; baseline -0.008 -17"><span class='ocrx_word' id='word_1_314' title='bbox 394 2940 477 2984; x_wconf 81' lang='lat' dir='ltr'><strong>vos</strong></span> <span class='ocrx_word' id='word_1_315' title='bbox 550 2927 775 2999; x_wconf 81' lang='lat' dir='ltr'><strong>decipiat</strong></span> <span class='ocrx_word' id='word_1_316' title='bbox 829 2924 1113 2989; x_wconf 72' lang='lat' dir='ltr'><strong>secundum</strong></span> <span class='ocrx_word' id='word_1_317' title='bbox 1165 2922 1489 2976; x_wconf 84' lang='lat' dir='ltr'><strong>traditionem</strong></span> <span class='ocrx_word' id='word_1_318' title='bbox 1552 2918 1868 2982; x_wconf 83' lang='lat' dir='ltr'><strong>hominum;</strong></span> <span class='ocrx_word' id='word_1_319' title='bbox 1920 2924 1974 2971; x_wconf 90' lang='lat' dir='ltr'><strong>et</strong></span> 
     </span>
    </p>
   </div>
   <div class='ocr_carea' id='block_1_42' title="bbox 393 3012 1977 3089">
    <p class='ocr_par' dir='ltr' id='par_1_42' title="bbox 393 3012 1977 3089">
     <span class='ocr_line' id='line_1_42' title="bbox 393 3012 1977 3089; baseline -0.009 -12"><span class='ocrx_word' id='word_1_320' title='bbox 393 3034 580 3077; x_wconf 90' lang='lat' dir='ltr'><strong>rursus</strong></span> <span class='ocrx_word' id='word_1_321' title='bbox 637 3018 885 3089; x_wconf 88' lang='lat' dir='ltr'><strong>superius</strong></span> <span class='ocrx_word' id='word_1_322' title='bbox 919 3058 935 3084; x_wconf 94' lang='lat'><strong>,</strong></span> <span class='ocrx_word' id='word_1_323' title='bbox 991 3016 1107 3071; x_wconf 85' lang='lat' dir='ltr'><strong>Hoc</strong></span> <span class='ocrx_word' id='word_1_324' title='bbox 1151 3025 1318 3071; x_wconf 87' lang='lat' dir='ltr'><strong>autem</strong></span> <span class='ocrx_word' id='word_1_325' title='bbox 1374 3012 1520 3077; x_wconf 84' lang='lat' dir='ltr'><strong>dico,</strong></span> <span class='ocrx_word' id='word_1_326' title='bbox 1573 3020 1629 3066; x_wconf 86' lang='lat' dir='ltr'><strong>ut</strong></span> <span class='ocrx_word' id='word_1_327' title='bbox 1695 3026 1838 3064; x_wconf 87' lang='lat' dir='ltr'><strong>nemo</strong></span> <span class='ocrx_word' id='word_1_328' title='bbox 1888 3023 1977 3063; x_wconf 76' lang='lat' dir='ltr'><strong>vos</strong></span> 
     </span>
    </p>
   </div>
   <div class='ocr_carea' id='block_1_43' title="bbox 390 3109 1978 3182">
    <p class='ocr_par' dir='ltr' id='par_1_43' title="bbox 390 3109 1978 3182">
     <span class='ocr_line' id='line_1_43' title="bbox 390 3109 1978 3182; baseline -0.008 -15"><span class='ocrx_word' id='word_1_329' title='bbox 390 3113 610 3182; x_wconf 81' lang='lat' dir='ltr'><strong>decipiat</strong></span> <span class='ocrx_word' id='word_1_330' title='bbox 660 3113 713 3165; x_wconf 90' lang='lat' dir='ltr'><strong>in</strong></span> <span class='ocrx_word' id='word_1_331' title='bbox 775 3109 1030 3182; x_wconf 76' lang='lat' dir='ltr'><strong>probabili</strong></span> <span class='ocrx_word' id='word_1_332' title='bbox 1080 3119 1362 3170; x_wconf 85' lang='lat' dir='ltr'><strong>sermone;</strong></span> <span class='ocrx_word' id='word_1_333' title='bbox 1429 3113 1484 3160; x_wconf 88' lang='lat' dir='ltr'><strong>et</strong></span> <span class='ocrx_word' id='word_1_334' title='bbox 1549 3110 1978 3175; x_wconf 58' lang='lat' dir='ltr'><strong>praeoccupasset</strong></span> 
     </span>
    </p>
   </div>
   <div class='ocr_carea' id='block_1_44' title="bbox 393 3194 1974 3269">
    <p class='ocr_par' dir='ltr' id='par_1_44' title="bbox 393 3194 1974 3269">
     <span class='ocr_line' id='line_1_44' title="bbox 393 3194 1974 3269; baseline -0.007 -11"><span class='ocrx_word' id='word_1_335' title='bbox 393 3203 678 3269; x_wconf 90' lang='lat' dir='ltr'><strong>animum,</strong></span> <span class='ocrx_word' id='word_1_336' title='bbox 734 3210 789 3257; x_wconf 90' lang='lat' dir='ltr'><strong>et</strong></span> <span class='ocrx_word' id='word_1_337' title='bbox 841 3201 1108 3256; x_wconf 76' lang='lat' dir='ltr'><strong>effecisset</strong></span> <span class='ocrx_word' id='word_1_338' title='bbox 1158 3197 1492 3261; x_wconf 86' lang='lat' dir='ltr'><strong>sollicitum;</strong></span> <span class='ocrx_word' id='word_1_339' title='bbox 1550 3195 1746 3251; x_wconf 86' lang='lat' dir='ltr'><strong>deinde</strong></span> <span class='ocrx_word' id='word_1_340' title='bbox 1808 3194 1974 3249; x_wconf 83' lang='lat' dir='ltr'><strong>inter-</strong></span> 
     </span>
    </p>
   </div>
   <div class='ocr_carea' id='block_1_45' title="bbox 394 3287 1978 3368">
    <p class='ocr_par' dir='ltr' id='par_1_45' title="bbox 394 3287 1978 3368">
     <span class='ocr_line' id='line_1_45' title="bbox 394 3287 1978 3368; baseline -0.009 -14"><span class='ocrx_word' id='word_1_341' title='bbox 394 3297 662 3368; x_wconf 87' lang='lat' dir='ltr'><strong>posuisset</strong></span> <span class='ocrx_word' id='word_1_342' title='bbox 708 3296 986 3360; x_wconf 81' lang='lat' dir='ltr'><strong>beneﬁcia,</strong></span> <span class='ocrx_word' id='word_1_343' title='bbox 1030 3303 1083 3349; x_wconf 92' lang='lat' dir='ltr'><strong>et</strong></span> <span class='ocrx_word' id='word_1_344' title='bbox 1130 3291 1180 3347; x_wconf 91' lang='lat' dir='ltr'><strong>id</strong></span> <span class='ocrx_word' id='word_1_345' title='bbox 1224 3289 1635 3360; x_wconf 79' lang='lat' dir='ltr'><strong>ampliﬁcasset:</strong></span> <span class='ocrx_word' id='word_1_346' title='bbox 1692 3298 1817 3343; x_wconf 88' lang='lat' dir='ltr'><strong>tunc</strong></span> <span class='ocrx_word' id='word_1_347' title='bbox 1853 3287 1978 3341; x_wconf 81' lang='lat' dir='ltr'><strong>sub-</strong></span> 
     </span>
    </p>
   </div>
   <div class='ocr_carea' id='block_1_46' title="bbox 389 3382 1977 3460">
    <p class='ocr_par' dir='ltr' id='par_1_46' title="bbox 389 3382 1977 3460">
     <span class='ocr_line' id='line_1_46' title="bbox 389 3382 1977 3460; baseline -0.006 -17"><span class='ocrx_word' id='word_1_348' title='bbox 389 3390 563 3460; x_wconf 85' lang='lat' dir='ltr'><strong>jungit</strong></span> <span class='ocrx_word' id='word_1_349' title='bbox 611 3389 1080 3459; x_wconf 82' lang='lat' dir='ltr'><strong>reprehensionem</strong></span> <span class='ocrx_word' id='word_1_350' title='bbox 1113 3427 1129 3454; x_wconf 94' lang='lat'><strong>,</strong></span> <span class='ocrx_word' id='word_1_351' title='bbox 1182 3395 1237 3441; x_wconf 89' lang='lat' dir='ltr'><strong>et</strong></span> <span class='ocrx_word' id='word_1_352' title='bbox 1279 3385 1453 3451; x_wconf 89' lang='lat' dir='ltr'><strong>dicit,</strong></span> <span class='ocrx_word' id='word_1_353' title='bbox 1505 3382 1670 3438; x_wconf 84' lang='lat' dir='ltr'><strong>Nemo</strong></span> <span class='ocrx_word' id='word_1_354' title='bbox 1724 3398 1842 3451; x_wconf 81' lang='lat' dir='ltr'><strong>ergo</strong></span> <span class='ocrx_word' id='word_1_355' title='bbox 1893 3396 1977 3435; x_wconf 82' lang='lat' dir='ltr'><strong>vos</strong></span> 
     </span>
    </p>
   </div>
   <div class='ocr_carea' id='block_1_47' title="bbox 388 3472 1977 3551">
    <p class='ocr_par' dir='ltr' id='par_1_47' title="bbox 388 3472 1977 3551">
     <span class='ocr_line' id='line_1_47' title="bbox 388 3472 1977 3551; baseline -0.006 -18"><span class='ocrx_word' id='word_1_356' title='bbox 388 3480 585 3551; x_wconf 81' lang='lat' dir='ltr'><strong>jndicct</strong></span> <span class='ocrx_word' id='word_1_357' title='bbox 627 3479 681 3533; x_wconf 90' lang='lat' dir='ltr'><strong>in</strong></span> <span class='ocrx_word' id='word_1_358' title='bbox 709 3481 837 3546; x_wconf 89' lang='lat' dir='ltr'><strong>cibo,</strong></span> <span class='ocrx_word' id='word_1_359' title='bbox 863 3489 950 3534; x_wconf 91' lang='lat' dir='ltr'><strong>aut</strong></span> <span class='ocrx_word' id='word_1_360' title='bbox 989 3479 1043 3533; x_wconf 89' lang='lat' dir='ltr'><strong>in</strong></span> <span class='ocrx_word' id='word_1_361' title='bbox 1086 3487 1228 3550; x_wconf 87' lang='lat' dir='ltr'><strong>potu,</strong></span> <span class='ocrx_word' id='word_1_362' title='bbox 1256 3486 1343 3531; x_wconf 91' lang='lat' dir='ltr'><strong>aut</strong></span> <span class='ocrx_word' id='word_1_363' title='bbox 1369 3477 1422 3530; x_wconf 88' lang='lat' dir='ltr'><strong>in</strong></span> <span class='ocrx_word' id='word_1_364' title='bbox 1448 3483 1589 3547; x_wconf 86' lang='lat' dir='ltr'><strong>parte</strong></span> <span class='ocrx_word' id='word_1_365' title='bbox 1618 3473 1717 3528; x_wconf 86' lang='lat' dir='ltr'><strong>diei</strong></span> <span class='ocrx_word' id='word_1_366' title='bbox 1749 3472 1862 3545; x_wconf 77' lang='lat' dir='ltr'><strong>festi</strong></span> <span class='ocrx_word' id='word_1_367' title='bbox 1892 3480 1977 3525; x_wconf 90' lang='lat' dir='ltr'><strong>aut</strong></span> 
     </span>
    </p>
   </div>
   <div class='ocr_carea' id='block_1_48' title="bbox 398 3560 1980 3638">
    <p class='ocr_par' dir='ltr' id='par_1_48' title="bbox 398 3560 1980 3638">
     <span class='ocr_line' id='line_1_48' title="bbox 398 3560 1980 3638; baseline -0.004 -14"><span class='ocrx_word' id='word_1_368' title='bbox 398 3571 677 3625; x_wconf 75' lang='lat' dir='ltr'><strong>neomenia:</strong></span> <span class='ocrx_word' id='word_1_369' title='bbox 690 3581 773 3622; x_wconf 87' lang='lat' dir='ltr'><strong>aut</strong></span> <span class='ocrx_word' id='word_1_370' title='bbox 794 3570 1130 3624; x_wconf 80' lang='lat' dir='ltr'><strong>sabbatorum.</strong></span> <span class='ocrx_word' id='word_1_371' title='bbox 1156 3567 1319 3624; x_wconf 83' lang='lat' dir='ltr'><strong>Vides</strong></span> <span class='ocrx_word' id='word_1_372' title='bbox 1339 3565 1608 3638; x_wconf 90' lang='lat' dir='ltr'><strong>quomodo</strong></span> <span class='ocrx_word' id='word_1_373' title='bbox 1618 3580 1678 3620; x_wconf 89' lang='lat' dir='ltr'><strong>ea</strong></span> <span class='ocrx_word' id='word_1_374' title='bbox 1698 3560 1980 3634; x_wconf 86' lang='lat' dir='ltr'><strong>deprimit?</strong></span> 
     </span>
    </p>
   </div>
   <div class='ocr_carea' id='block_1_49' title="bbox 397 3653 1982 3730">
    <p class='ocr_par' dir='ltr' id='par_1_49' title="bbox 397 3653 1982 3730">
     <span class='ocr_line' id='line_1_49' title="bbox 397 3653 1982 3730; baseline -0.005 -14"><span class='ocrx_word' id='word_1_375' title='bbox 397 3661 451 3716; x_wconf 88' lang='lat' dir='ltr'><strong>Si</strong></span> <span class='ocrx_word' id='word_1_376' title='bbox 482 3676 568 3726; x_wconf 90' lang='lat' dir='ltr'><strong>ea,</strong></span> <span class='ocrx_word' id='word_1_377' title='bbox 601 3660 791 3730; x_wconf 84' lang='lat' dir='ltr'><strong>inquit,</strong></span> <span class='ocrx_word' id='word_1_378' title='bbox 822 3659 1095 3728; x_wconf 87' lang='lat' dir='ltr'><strong>assequuti</strong></span> <span class='ocrx_word' id='word_1_379' title='bbox 1123 3658 1273 3722; x_wconf 87' lang='lat' dir='ltr'><strong>estis,</strong></span> <span class='ocrx_word' id='word_1_380' title='bbox 1306 3673 1401 3713; x_wconf 91' lang='lat' dir='ltr'><strong>cur</strong></span> <span class='ocrx_word' id='word_1_381' title='bbox 1426 3671 1520 3712; x_wconf 87' lang='lat' dir='ltr'><strong>vos</strong></span> <span class='ocrx_word' id='word_1_382' title='bbox 1549 3654 1728 3726; x_wconf 80' lang='lat' dir='ltr'><strong>parvis</strong></span> <span class='ocrx_word' id='word_1_383' title='bbox 1757 3653 1982 3709; x_wconf 89' lang='lat' dir='ltr'><strong>redditis</strong></span> 
     </span>
    </p>
   </div>
   <div class='ocr_carea' id='block_1_50' title="bbox 405 3745 1983 3819">
    <p class='ocr_par' dir='ltr' id='par_1_50' title="bbox 405 3745 1983 3819">
     <span class='ocr_line' id='line_1_50' title="bbox 405 3745 1983 3819; baseline -0.003 -15"><span class='ocrx_word' id='word_1_384' title='bbox 405 3751 666 3804; x_wconf 78' lang='lat' dir='ltr'><strong>obnoxios</strong></span> <span class='ocrx_word' id='word_1_385' title='bbox 686 3752 710 3801; x_wconf 72' lang='grc' dir='ltr'><strong>’ἰ</strong></span> <span class='ocrx_word' id='word_1_386' title='bbox 743 3749 809 3802; x_wconf 81' lang='lat' dir='ltr'><strong>Et</strong></span> <span class='ocrx_word' id='word_1_387' title='bbox 834 3755 1086 3804; x_wconf 79' lang='lat' dir='ltr'><strong>extenuat</strong></span> <span class='ocrx_word' id='word_1_388' title='bbox 1110 3747 1314 3813; x_wconf 89' lang='lat' dir='ltr'><strong>dicens,</strong></span> <span class='ocrx_word' id='word_1_389' title='bbox 1349 3748 1447 3801; x_wconf 81' lang='lat' dir='ltr'><strong>Aut</strong></span> <span class='ocrx_word' id='word_1_390' title='bbox 1476 3747 1529 3800; x_wconf 91' lang='lat' dir='ltr'><strong>in</strong></span> <span class='ocrx_word' id='word_1_391' title='bbox 1548 3756 1692 3819; x_wconf 85' lang='lat' dir='ltr'><strong>parte</strong></span> <span class='ocrx_word' id='word_1_392' title='bbox 1708 3745 1809 3799; x_wconf 89' lang='lat' dir='ltr'><strong>diei</strong></span> <span class='ocrx_word' id='word_1_393' title='bbox 1828 3745 1983 3816; x_wconf 80' lang='lat' dir='ltr'><strong>festi:</strong></span> 
     </span>
    </p>
   </div>
   <div class='ocr_carea' id='block_1_51' title="bbox 402 3823 1984 3908">
    <p class='ocr_par' dir='ltr' id='par_1_51' title="bbox 402 3823 1984 3908">
     <span class='ocr_line' id='line_1_51' title="bbox 402 3823 1984 3908; baseline -0.003 -12"><span class='ocrx_word' id='word_1_394' title='bbox 402 3858 507 3896; x_wconf 90' lang='lat' dir='ltr'><strong>non</strong></span> <span class='ocrx_word' id='word_1_395' title='bbox 539 3841 681 3896; x_wconf 90' lang='lat' dir='ltr'><strong>enim</strong></span> <span class='ocrx_word' id='word_1_396' title='bbox 715 3840 966 3895; x_wconf 86' lang='lat' dir='ltr'><strong>tenebant</strong></span> <span class='ocrx_word' id='word_1_397' title='bbox 1008 3823 1186 3893; x_wconf 84' lang='lat' dir='ltr'><strong>omnia</strong></span> <span class='ocrx_word' id='word_1_398' title='bbox 1212 3836 1412 3908; x_wconf 87' lang='lat' dir='ltr'><strong>priora.</strong></span> <span class='ocrx_word' id='word_1_399' title='bbox 1462 3837 1559 3891; x_wconf 83' lang='lat' dir='ltr'><strong>Aut</strong></span> <span class='ocrx_word' id='word_1_400' title='bbox 1597 3837 1870 3892; x_wconf 73' lang='lat' dir='ltr'><strong>neomeniw</strong></span> <span class='ocrx_word' id='word_1_401' title='bbox 1897 3845 1984 3891; x_wconf 79' lang='lat' dir='ltr'><strong>aut</strong></span> 
     </span>
    </p>
   </div>
   <div class='ocr_carea' id='block_1_52' title="bbox 402 3927 1987 4001">
    <p class='ocr_par' dir='ltr' id='par_1_52' title="bbox 402 3927 1987 4001">
     <span class='ocr_line' id='line_1_52' title="bbox 402 3927 1987 4001; baseline -0.003 -13"><span class='ocrx_word' id='word_1_402' title='bbox 402 3933 740 3988; x_wconf 83' lang='lat' dir='ltr'><strong>sabbatorum.</strong></span> <span class='ocrx_word' id='word_1_403' title='bbox 795 3932 912 3987; x_wconf 82' lang='lat' dir='ltr'><strong>Non</strong></span> <span class='ocrx_word' id='word_1_404' title='bbox 941 3931 1101 3997; x_wconf 79' lang='lat' dir='ltr'><strong>dixit,</strong></span> <span class='ocrx_word' id='word_1_405' title='bbox 1155 3929 1232 3987; x_wconf 86' lang='lat' dir='ltr'><strong>Ne</strong></span> <span class='ocrx_word' id='word_1_406' title='bbox 1278 3945 1408 4001; x_wconf 85' lang='lat' dir='ltr'><strong>ergo</strong></span> <span class='ocrx_word' id='word_1_407' title='bbox 1438 3930 1701 3993; x_wconf 74' lang='lat' dir='ltr'><strong>servetis;</strong></span> <span class='ocrx_word' id='word_1_408' title='bbox 1753 3928 1869 3994; x_wconf 84' lang='lat' dir='ltr'><strong>sed,</strong></span> <span class='ocrx_word' id='word_1_409' title='bbox 1906 3927 1987 3983; x_wconf 77' lang='lat' dir='ltr'><strong>Ne</strong></span> 
     </span>
    </p>
   </div>
   <div class='ocr_carea' id='block_1_53' title="bbox 404 4018 1984 4098">
    <p class='ocr_par' dir='ltr' id='par_1_53' title="bbox 404 4018 1984 4098">
     <span class='ocr_line' id='line_1_53' title="bbox 404 4018 1984 4098; baseline -0.004 -18"><span class='ocrx_word' id='word_1_410' title='bbox 404 4027 516 4098; x_wconf 84' lang='lat' dir='ltr'><strong>quis</strong></span> <span class='ocrx_word' id='word_1_411' title='bbox 544 4042 630 4079; x_wconf 85' lang='lat' dir='ltr'><strong>vos</strong></span> <span class='ocrx_word' id='word_1_412' title='bbox 645 4024 861 4096; x_wconf 84' lang='lat' dir='ltr'><strong>judicet.</strong></span> <span class='ocrx_word' id='word_1_413' title='bbox 890 4023 1135 4079; x_wconf 87' lang='lat' dir='ltr'><strong>Ostendit</strong></span> <span class='ocrx_word' id='word_1_414' title='bbox 1157 4023 1303 4092; x_wconf 90' lang='lat' dir='ltr'><strong>ipsos</strong></span> <span class='ocrx_word' id='word_1_415' title='bbox 1333 4018 1629 4090; x_wconf 81' lang='lat' dir='ltr'><strong>transgredi</strong></span> <span class='ocrx_word' id='word_1_416' title='bbox 1657 4028 1711 4073; x_wconf 89' lang='lat' dir='ltr'><strong>et</strong></span> <span class='ocrx_word' id='word_1_417' title='bbox 1735 4019 1984 4084; x_wconf 83' lang='lat' dir='ltr'><strong>solvere;</strong></span> 
     </span>
    </p>
   </div>
   <div class='ocr_carea' id='block_1_54' title="bbox 406 4111 1984 4181">
    <p class='ocr_par' dir='ltr' id='par_1_54' title="bbox 406 4111 1984 4181">
     <span class='ocr_line' id='line_1_54' title="bbox 406 4111 1984 4181; baseline -0.006 -8"><span class='ocrx_word' id='word_1_418' title='bbox 406 4120 458 4173; x_wconf 91' lang='lat' dir='ltr'><strong>in</strong></span> <span class='ocrx_word' id='word_1_419' title='bbox 478 4119 612 4172; x_wconf 89' lang='lat' dir='ltr'><strong>alios</strong></span> <span class='ocrx_word' id='word_1_420' title='bbox 629 4127 804 4172; x_wconf 85' lang='lat' dir='ltr'><strong>autem</strong></span> <span class='ocrx_word' id='word_1_421' title='bbox 828 4116 1031 4172; x_wconf 89' lang='lat' dir='ltr'><strong>crimen</strong></span> <span class='ocrx_word' id='word_1_422' title='bbox 1051 4114 1338 4170; x_wconf 86' lang='lat' dir='ltr'><strong>transtulit.</strong></span> <span class='ocrx_word' id='word_1_423' title='bbox 1357 4113 1431 4168; x_wconf 87' lang='lat' dir='ltr'><strong>Ne</strong></span> <span class='ocrx_word' id='word_1_424' title='bbox 1445 4111 1775 4177; x_wconf 85' lang='lat' dir='ltr'><strong>sustineatis,</strong></span> <span class='ocrx_word' id='word_1_425' title='bbox 1795 4111 1984 4181; x_wconf 89' lang='lat' dir='ltr'><strong>inquit,</strong></span> 
     </span>
    </p>
   </div>
   <div class='ocr_carea' id='block_1_55' title="bbox 413 4202 1988 4280">
    <p class='ocr_par' dir='ltr' id='par_1_55' title="bbox 413 4202 1988 4280">
     <span class='ocr_line' id='line_1_55' title="bbox 413 4202 1988 4280; baseline -0.005 -14"><span class='ocrx_word' id='word_1_426' title='bbox 413 4226 510 4266; x_wconf 80' lang='lat' dir='ltr'><strong>eos</strong></span> <span class='ocrx_word' id='word_1_427' title='bbox 531 4210 621 4280; x_wconf 89' lang='lat' dir='ltr'><strong>qui</strong></span> <span class='ocrx_word' id='word_1_428' title='bbox 644 4209 902 4278; x_wconf 84' lang='lat' dir='ltr'><strong>judicant.</strong></span> <span class='ocrx_word' id='word_1_429' title='bbox 933 4207 1038 4264; x_wconf 88' lang='lat' dir='ltr'><strong>Sed</strong></span> <span class='ocrx_word' id='word_1_430' title='bbox 1064 4224 1130 4263; x_wconf 90' lang='lat' dir='ltr'><strong>ne</strong></span> <span class='ocrx_word' id='word_1_431' title='bbox 1147 4208 1246 4263; x_wconf 91' lang='lat' dir='ltr'><strong>hoc</strong></span> <span class='ocrx_word' id='word_1_432' title='bbox 1267 4205 1483 4278; x_wconf 87' lang='lat' dir='ltr'><strong>quidem</strong></span> <span class='ocrx_word' id='word_1_433' title='bbox 1510 4221 1525 4270; x_wconf 88' lang='lat'><strong>;</strong></span> <span class='ocrx_word' id='word_1_434' title='bbox 1551 4218 1734 4259; x_wconf 80' lang='lat' dir='ltr'><strong>verum</strong></span> <span class='ocrx_word' id='word_1_435' title='bbox 1758 4218 1879 4258; x_wconf 90' lang='lat' dir='ltr'><strong>cum</strong></span> <span class='ocrx_word' id='word_1_436' title='bbox 1909 4202 1988 4258; x_wconf 83' lang='lat' dir='ltr'><strong>eis</strong></span> 
     </span>
    </p>
   </div>
   <div class='ocr_carea' id='block_1_56' title="bbox 410 4297 1985 4365">
    <p class='ocr_par' dir='ltr' id='par_1_56' title="bbox 410 4297 1985 4365">
     <span class='ocr_line' id='line_1_56' title="bbox 410 4297 1985 4365; baseline -0.006 -10"><span class='ocrx_word' id='word_1_437' title='bbox 410 4304 581 4356; x_wconf 82' lang='lat' dir='ltr'><strong>snlttttt</strong></span> <span class='ocrx_word' id='word_1_438' title='bbox 639 4301 899 4365; x_wconf 90' lang='lat' dir='ltr'><strong>disserit,</strong></span> <span class='ocrx_word' id='word_1_439' title='bbox 958 4300 1064 4355; x_wconf 83' lang='lat' dir='ltr'><strong>non</strong></span> <span class='ocrx_word' id='word_1_440' title='bbox 1108 4300 1186 4355; x_wconf 90' lang='lat' dir='ltr'><strong>eis</strong></span> <span class='ocrx_word' id='word_1_441' title='bbox 1239 4313 1302 4353; x_wconf 90' lang='lat' dir='ltr'><strong>os</strong></span> <span class='ocrx_word' id='word_1_442' title='bbox 1330 4297 1616 4356; x_wconf 85' lang='lat' dir='ltr'><strong>obstrncns</strong></span> <span class='ocrx_word' id='word_1_443' title='bbox 1662 4310 1725 4349; x_wconf 91' lang='lat' dir='ltr'><strong>ac</strong></span> <span class='ocrx_word' id='word_1_444' title='bbox 1775 4309 1869 4349; x_wconf 90' lang='lat' dir='ltr'><strong>eos</strong></span> <span class='ocrx_word' id='word_1_445' title='bbox 1896 4309 1985 4347; x_wconf 88' lang='lat' dir='ltr'><strong>re-</strong></span> 
     </span>
    </p>
   </div>
   <div class='ocr_carea' id='block_1_57' title="bbox 411 4386 1988 4465">
    <p class='ocr_par' dir='ltr' id='par_1_57' title="bbox 411 4386 1988 4465">
     <span class='ocr_line' id='line_1_57' title="bbox 411 4386 1988 4465; baseline -0.005 -16"><span class='ocrx_word' id='word_1_446' title='bbox 411 4395 649 4465; x_wconf 86' lang='lat' dir='ltr'><strong>primens</strong></span> <span class='ocrx_word' id='word_1_447' title='bbox 677 4436 692 4461; x_wconf 92' lang='lat'><strong>,</strong></span> <span class='ocrx_word' id='word_1_448' title='bbox 724 4393 956 4450; x_wconf 91' lang='lat' dir='ltr'><strong>dicendo</strong></span> <span class='ocrx_word' id='word_1_449' title='bbox 978 4435 995 4461; x_wconf 95' lang='lat'><strong>,</strong></span> <span class='ocrx_word' id='word_1_450' title='bbox 1024 4392 1136 4448; x_wconf 84' lang='lat' dir='ltr'><strong>Non</strong></span> <span class='ocrx_word' id='word_1_451' title='bbox 1168 4392 1377 4448; x_wconf 85' lang='lat' dir='ltr'><strong>debetis</strong></span> <span class='ocrx_word' id='word_1_452' title='bbox 1402 4389 1715 4461; x_wconf 87' lang='lat' dir='ltr'><strong>dijudicare.</strong></span> <span class='ocrx_word' id='word_1_453' title='bbox 1752 4386 1859 4443; x_wconf 88' lang='lat' dir='ltr'><strong>Sed</strong></span> <span class='ocrx_word' id='word_1_454' title='bbox 1890 4387 1988 4441; x_wconf 84' lang='lat' dir='ltr'><strong>hos</strong></span> 
     </span>
    </p>
   </div>
   <div class='ocr_carea' id='block_1_58' title="bbox 407 4478 1991 4555">
    <p class='ocr_par' dir='ltr' id='par_1_58' title="bbox 407 4478 1991 4555">
     <span class='ocr_line' id='line_1_58' title="bbox 407 4478 1991 4555; baseline -0.003 -17"><span class='ocrx_word' id='word_1_455' title='bbox 407 4502 512 4539; x_wconf 87' lang='lat' dir='ltr'><strong>non</strong></span> <span class='ocrx_word' id='word_1_456' title='bbox 569 4484 998 4555; x_wconf 88' lang='lat' dir='ltr'><strong>reprehensurus</strong></span> <span class='ocrx_word' id='word_1_457' title='bbox 1022 4492 1157 4538; x_wconf 87' lang='lat' dir='ltr'><strong>erat.</strong></span> <span class='ocrx_word' id='word_1_458' title='bbox 1207 4483 1320 4537; x_wconf 82' lang='lat' dir='ltr'><strong>Non</strong></span> <span class='ocrx_word' id='word_1_459' title='bbox 1369 4481 1524 4547; x_wconf 78' lang='lat' dir='ltr'><strong>dixit,</strong></span> <span class='ocrx_word' id='word_1_460' title='bbox 1577 4479 1632 4535; x_wconf 89' lang='lat' dir='ltr'><strong>In</strong></span> <span class='ocrx_word' id='word_1_461' title='bbox 1679 4478 1893 4535; x_wconf 87' lang='lat' dir='ltr'><strong>mundis</strong></span> <span class='ocrx_word' id='word_1_462' title='bbox 1937 4488 1991 4533; x_wconf 92' lang='lat' dir='ltr'><strong>et</strong></span> 
     </span>
    </p>
   </div>
   <div class='ocr_carea' id='block_1_59' title="bbox 409 4569 1994 4644">
    <p class='ocr_par' dir='ltr' id='par_1_59' title="bbox 409 4569 1994 4644">
     <span class='ocr_line' id='line_1_59' title="bbox 409 4569 1994 4644; baseline -0.004 -15"><span class='ocrx_word' id='word_1_463' title='bbox 409 4574 739 4639; x_wconf 87' lang='lat' dir='ltr'><strong>immundis;</strong></span> <span class='ocrx_word' id='word_1_464' title='bbox 769 4590 940 4644; x_wconf 86' lang='lat' dir='ltr'><strong>neque</strong></span> <span class='ocrx_word' id='word_1_465' title='bbox 985 4574 1140 4639; x_wconf 80' lang='lat' dir='ltr'><strong>dixit,</strong></span> <span class='ocrx_word' id='word_1_466' title='bbox 1174 4574 1228 4628; x_wconf 91' lang='lat' dir='ltr'><strong>In</strong></span> <span class='ocrx_word' id='word_1_467' title='bbox 1273 4571 1611 4642; x_wconf 71' lang='lat' dir='ltr'><strong>scenopegiis</strong></span> <span class='ocrx_word' id='word_1_468' title='bbox 1638 4579 1692 4627; x_wconf 88' lang='lat' dir='ltr'><strong>et</strong></span> <span class='ocrx_word' id='word_1_469' title='bbox 1710 4569 1911 4641; x_wconf 84' lang='lat' dir='ltr'><strong>azymis</strong></span> <span class='ocrx_word' id='word_1_470' title='bbox 1939 4578 1994 4623; x_wconf 90' lang='lat' dir='ltr'><strong>et</strong></span> 
     </span>
    </p>
   </div>
   <div class='ocr_carea' id='block_1_60' title="bbox 411 4659 1991 4736">
    <p class='ocr_par' dir='ltr' id='par_1_60' title="bbox 411 4659 1991 4736">
     <span class='ocr_line' id='line_1_60' title="bbox 411 4659 1991 4736; baseline -0.004 -18"><span class='ocrx_word' id='word_1_471' title='bbox 411 4677 756 4736; x_wconf 82' lang='lat' dir='ltr'><strong>pentecoste:</strong></span> <span class='ocrx_word' id='word_1_472' title='bbox 834 4665 926 4720; x_wconf 89' lang='lat' dir='ltr'><strong>sed</strong></span> <span class='ocrx_word' id='word_1_473' title='bbox 958 4705 974 4731; x_wconf 91' lang='lat'><strong>,</strong></span> <span class='ocrx_word' id='word_1_474' title='bbox 1033 4663 1098 4718; x_wconf 81' lang='lat' dir='ltr'><strong>In</strong></span> <span class='ocrx_word' id='word_1_475' title='bbox 1149 4673 1291 4732; x_wconf 85' lang='lat' dir='ltr'><strong>parte</strong></span> <span class='ocrx_word' id='word_1_476' title='bbox 1338 4663 1439 4717; x_wconf 81' lang='lat' dir='ltr'><strong>diei</strong></span> <span class='ocrx_word' id='word_1_477' title='bbox 1489 4663 1623 4733; x_wconf 74' lang='lat' dir='ltr'><strong>festi.</strong></span> <span class='ocrx_word' id='word_1_478' title='bbox 1678 4660 1796 4715; x_wconf 85' lang='lat' dir='ltr'><strong>Non</strong></span> <span class='ocrx_word' id='word_1_479' title='bbox 1849 4659 1991 4715; x_wconf 89' lang='lat' dir='ltr'><strong>enim</strong></span> 
     </span>
    </p>
   </div>
   <div class='ocr_carea' id='block_1_61' title="bbox 408 4751 1995 4820">
    <p class='ocr_par' dir='ltr' id='par_1_61' title="bbox 408 4751 1995 4820">
     <span class='ocr_line' id='line_1_61' title="bbox 408 4751 1995 4820; baseline -0.004 -9"><span class='ocrx_word' id='word_1_480' title='bbox 408 4760 677 4815; x_wconf 87' lang='lat' dir='ltr'><strong>audebant</strong></span> <span class='ocrx_word' id='word_1_481' title='bbox 704 4764 876 4813; x_wconf 88' lang='lat' dir='ltr'><strong>totmn</strong></span> <span class='ocrx_word' id='word_1_482' title='bbox 927 4772 1145 4812; x_wconf 90' lang='lat' dir='ltr'><strong>servare</strong></span> <span class='ocrx_word' id='word_1_483' title='bbox 1171 4773 1185 4820; x_wconf 91' lang='lat'><strong>;</strong></span> <span class='ocrx_word' id='word_1_484' title='bbox 1214 4764 1269 4810; x_wconf 91' lang='lat' dir='ltr'><strong>et</strong></span> <span class='ocrx_word' id='word_1_485' title='bbox 1288 4755 1331 4808; x_wconf 91' lang='lat' dir='ltr'><strong>si</strong></span> <span class='ocrx_word' id='word_1_486' title='bbox 1355 4754 1664 4818; x_wconf 87' lang='lat' dir='ltr'><strong>servabant,</strong></span> <span class='ocrx_word' id='word_1_487' title='bbox 1694 4767 1800 4806; x_wconf 90' lang='lat' dir='ltr'><strong>non</strong></span> <span class='ocrx_word' id='word_1_488' title='bbox 1832 4751 1902 4806; x_wconf 90' lang='lat' dir='ltr'><strong>ita</strong></span> <span class='ocrx_word' id='word_1_489' title='bbox 1934 4758 1995 4805; x_wconf 89' lang='lat' dir='ltr'><strong>ut</strong></span> 
     </span>
    </p>
   </div>
   <div class='ocr_carea' id='block_1_62' title="bbox 413 4843 1992 4921">
    <p class='ocr_par' dir='ltr' id='par_1_62' title="bbox 413 4843 1992 4921">
     <span class='ocr_line' id='line_1_62' title="bbox 413 4843 1992 4921; baseline -0.003 -18"><span class='ocrx_word' id='word_1_490' title='bbox 413 4851 605 4909; x_wconf 77' lang='lat' dir='ltr'><strong>festum</strong></span> <span class='ocrx_word' id='word_1_491' title='bbox 653 4858 894 4921; x_wconf 78' lang='lat' dir='ltr'><strong>agerent.</strong></span> <span class='ocrx_word' id='word_1_492' title='bbox 949 4847 1016 4903; x_wconf 87' lang='lat' dir='ltr'><strong>In</strong></span> <span class='ocrx_word' id='word_1_493' title='bbox 1072 4858 1233 4918; x_wconf 84' lang='lat' dir='ltr'><strong>parte,</strong></span> <span class='ocrx_word' id='word_1_494' title='bbox 1293 4844 1817 4918; x_wconf 88' lang='lat' dir='ltr'><strong>inquit;ostendcns</strong></span> <span class='ocrx_word' id='word_1_495' title='bbox 1852 4843 1992 4916; x_wconf 88' lang='lat' dir='ltr'><strong>quod</strong></span> 
     </span>
    </p>
   </div>
   <div class='ocr_carea' id='block_1_63' title="bbox 417 4936 1994 5014">
    <p class='ocr_par' dir='ltr' id='par_1_63' title="bbox 417 4936 1994 5014">
     <span class='ocr_line' id='line_1_63' title="bbox 417 4936 1994 5014; baseline -0.006 -16"><span class='ocrx_word' id='word_1_496' title='bbox 417 4958 606 5014; x_wconf 80' lang='lat' dir='ltr'><strong>magna</strong></span> <span class='ocrx_word' id='word_1_497' title='bbox 649 4959 714 4999; x_wconf 79' lang='lat' dir='ltr'><strong>ex</strong></span> <span class='ocrx_word' id='word_1_498' title='bbox 758 4952 910 5011; x_wconf 87' lang='lat' dir='ltr'><strong>parte</strong></span> <span class='ocrx_word' id='word_1_499' title='bbox 935 4941 1003 4996; x_wconf 90' lang='lat' dir='ltr'><strong>sit</strong></span> <span class='ocrx_word' id='word_1_500' title='bbox 1032 4940 1205 4996; x_wconf 85' lang='lat' dir='ltr'><strong>solum</strong></span> <span class='ocrx_word' id='word_1_501' title='bbox 1231 4958 1244 4993; x_wconf 92' lang='lat'><strong>:</strong></span> <span class='ocrx_word' id='word_1_502' title='bbox 1277 4954 1399 4994; x_wconf 85' lang='lat' dir='ltr'><strong>nam</strong></span> <span class='ocrx_word' id='word_1_503' title='bbox 1429 4939 1529 4994; x_wconf 89' lang='lat' dir='ltr'><strong>etsi</strong></span> <span class='ocrx_word' id='word_1_504' title='bbox 1556 4936 1839 4993; x_wconf 88' lang='lat' dir='ltr'><strong>sabbatum</strong></span> <span class='ocrx_word' id='word_1_505' title='bbox 1866 4950 1994 5006; x_wconf 84' lang='lat' dir='ltr'><strong>age-</strong></span> 
     </span>
    </p>
   </div>
   <div class='ocr_carea' id='block_1_64' title="bbox 414 5028 1994 5100">
    <p class='ocr_par' dir='ltr' id='par_1_64' title="bbox 414 5028 1994 5100">
     <span class='ocr_line' id='line_1_64' title="bbox 414 5028 1994 5100; baseline -0.006 -9"><span class='ocrx_word' id='word_1_506' title='bbox 414 5040 564 5100; x_wconf 86' lang='lat' dir='ltr'><strong>bant,</strong></span> <span class='ocrx_word' id='word_1_507' title='bbox 596 5053 698 5089; x_wconf 89' lang='lat' dir='ltr'><strong>non</strong></span> <span class='ocrx_word' id='word_1_508' title='bbox 723 5045 901 5090; x_wconf 87' lang='lat' dir='ltr'><strong>tamen</strong></span> <span class='ocrx_word' id='word_1_509' title='bbox 929 5041 1115 5089; x_wconf 81' lang='lat' dir='ltr'><strong>exacte</strong></span> <span class='ocrx_word' id='word_1_510' title='bbox 1140 5044 1193 5087; x_wconf 91' lang='lat' dir='ltr'><strong>ct</strong></span> <span class='ocrx_word' id='word_1_511' title='bbox 1218 5040 1486 5089; x_wconf 88' lang='lat' dir='ltr'><strong>accurate.</strong></span> <span class='ocrx_word' id='word_1_512' title='bbox 1517 5029 1646 5097; x_wconf 76' lang='lat' dir='ltr'><strong>Qua:</strong></span> <span class='ocrx_word' id='word_1_513' title='bbox 1671 5037 1788 5082; x_wconf 89' lang='lat' dir='ltr'><strong>sunt</strong></span> <span class='ocrx_word' id='word_1_514' title='bbox 1818 5028 1994 5082; x_wconf 87' lang='lat' dir='ltr'><strong>umbra</strong></span> 
     </span>
    </p>
   </div>
   <div class='ocr_carea' id='block_1_65' title="bbox 418 5119 1997 5199">
    <p class='ocr_par' dir='ltr' id='par_1_65' title="bbox 418 5119 1997 5199">
     <span class='ocr_line' id='line_1_65' title="bbox 418 5119 1997 5199; baseline -0.006 -17"><span class='ocrx_word' id='word_1_515' title='bbox 418 5132 726 5199; x_wconf 80' lang='lat' dir='ltr'><strong>futurorum.</strong></span> <span class='ocrx_word' id='word_1_516' title='bbox 775 5127 930 5194; x_wconf 83' lang='lat' dir='ltr'><strong>Novi,</strong></span> <span class='ocrx_word' id='word_1_517' title='bbox 979 5125 1171 5197; x_wconf 81' lang='lat' dir='ltr'><strong>inquit,</strong></span> <span class='ocrx_word' id='word_1_518' title='bbox 1206 5122 1549 5182; x_wconf 83' lang='lat' dir='ltr'><strong>Testamenti.</strong></span> <span class='ocrx_word' id='word_1_519' title='bbox 1584 5119 1781 5191; x_wconf 82' lang='lat' dir='ltr'><strong>Corpus</strong></span> <span class='ocrx_word' id='word_1_520' title='bbox 1831 5128 1997 5173; x_wconf 84' lang='lat' dir='ltr'><strong>autent</strong></span> 
     </span>
    </p>
   </div>
   <div class='ocr_carea' id='block_1_66' title="bbox 429 5209 1999 5289">
    <p class='ocr_par' dir='ltr' id='par_1_66' title="bbox 429 5209 1999 5289">
     <span class='ocr_line' id='line_1_66' title="bbox 429 5209 1999 5289; baseline -0.007 -14"><span class='ocrx_word' id='word_1_521' title='bbox 429 5218 635 5275; x_wconf 86' lang='lat' dir='ltr'><strong>Christi.</strong></span> <span class='ocrx_word' id='word_1_522' title='bbox 668 5219 768 5273; x_wconf 76' lang='lat' dir='ltr'><strong>Alii</strong></span> <span class='ocrx_word' id='word_1_523' title='bbox 800 5217 1015 5289; x_wconf 84' lang='lat' dir='ltr'><strong>quidem</strong></span> <span class='ocrx_word' id='word_1_524' title='bbox 1046 5217 1123 5272; x_wconf 91' lang='lat' dir='ltr'><strong>sic</strong></span> <span class='ocrx_word' id='word_1_525' title='bbox 1172 5224 1369 5285; x_wconf 87' lang='lat' dir='ltr'><strong>puncto</strong></span> <span class='ocrx_word' id='word_1_526' title='bbox 1393 5213 1727 5283; x_wconf 85' lang='lat' dir='ltr'><strong>distinguunt</strong></span> <span class='ocrx_word' id='word_1_527' title='bbox 1761 5229 1773 5263; x_wconf 88' lang='lat'><strong>:</strong></span> <span class='ocrx_word' id='word_1_528' title='bbox 1803 5209 1999 5274; x_wconf 81' lang='lat' dir='ltr'><strong>Corpus</strong></span> 
     </span>
    </p>
   </div>
   <div class='ocr_carea' id='block_1_67' title="bbox 416 5300 1997 5377">
    <p class='ocr_par' dir='ltr' id='par_1_67' title="bbox 416 5300 1997 5377">
     <span class='ocr_line' id='line_1_67' title="bbox 416 5300 1997 5377; baseline -0.007 -12"><span class='ocrx_word' id='word_1_529' title='bbox 416 5320 607 5377; x_wconf 89' lang='lat' dir='ltr'><strong>autem,</strong></span> <span class='ocrx_word' id='word_1_530' title='bbox 633 5309 855 5375; x_wconf 84' lang='lat' dir='ltr'><strong>Christi;</strong></span> <span class='ocrx_word' id='word_1_531' title='bbox 880 5307 1077 5363; x_wconf 83' lang='lat' dir='ltr'><strong>veritas</strong></span> <span class='ocrx_word' id='word_1_532' title='bbox 1100 5315 1276 5362; x_wconf 79' lang='lat' dir='ltr'><strong>autem</strong></span> <span class='ocrx_word' id='word_1_533' title='bbox 1306 5305 1359 5360; x_wconf 90' lang='lat' dir='ltr'><strong>in</strong></span> <span class='ocrx_word' id='word_1_534' title='bbox 1381 5302 1595 5359; x_wconf 88' lang='lat' dir='ltr'><strong>Christo</strong></span> <span class='ocrx_word' id='word_1_535' title='bbox 1627 5300 1724 5355; x_wconf 79' lang='lat' dir='ltr'><strong>fuit</strong></span> <span class='ocrx_word' id='word_1_536' title='bbox 1747 5317 1760 5354; x_wconf 90' lang='lat'><strong>:</strong></span> <span class='ocrx_word' id='word_1_537' title='bbox 1785 5300 1876 5355; x_wconf 87' lang='lat' dir='ltr'><strong>alii</strong></span> <span class='ocrx_word' id='word_1_538' title='bbox 1904 5314 1997 5354; x_wconf 81' lang='lat' dir='ltr'><strong>ve-</strong></span> 
     </span>
    </p>
   </div>
   <div class='ocr_carea' id='block_1_68' title="bbox 424 5393 1998 5473">
    <p class='ocr_par' dir='ltr' id='par_1_68' title="bbox 424 5393 1998 5473">
     <span class='ocr_line' id='line_1_68' title="bbox 424 5393 1998 5473; baseline -0.009 -16"><span class='ocrx_word' id='word_1_539' title='bbox 424 5418 507 5467; x_wconf 87' lang='lat' dir='ltr'><strong>ro,</strong></span> <span class='ocrx_word' id='word_1_540' title='bbox 528 5401 723 5473; x_wconf 83' lang='lat' dir='ltr'><strong>Corpus</strong></span> <span class='ocrx_word' id='word_1_541' title='bbox 744 5399 928 5455; x_wconf 83' lang='lat' dir='ltr'><strong>Christi</strong></span> <span class='ocrx_word' id='word_1_542' title='bbox 954 5400 1181 5453; x_wconf 74' lang='lat' dir='ltr'><strong>brevium</strong></span> <span class='ocrx_word' id='word_1_543' title='bbox 1213 5412 1358 5452; x_wconf 87' lang='lat' dir='ltr'><strong>nemo</strong></span> <span class='ocrx_word' id='word_1_544' title='bbox 1393 5393 1531 5449; x_wconf 83' lang='lat' dir='ltr'><strong>vobis</strong></span> <span class='ocrx_word' id='word_1_545' title='bbox 1557 5394 1867 5455; x_wconf 86' lang='lat' dir='ltr'><strong>intervertat,</strong></span> <span class='ocrx_word' id='word_1_546' title='bbox 1902 5406 1998 5446; x_wconf 86' lang='lat' dir='ltr'><strong>seu</strong></span> 
     </span>
    </p>
   </div>
   <div class='ocr_carea' id='block_1_69' title="bbox 422 5482 2001 5563">
    <p class='ocr_par' dir='ltr' id='par_1_69' title="bbox 422 5482 2001 5563">
     <span class='ocr_line' id='line_1_69' title="bbox 422 5482 2001 5563; baseline -0.008 -14"><span class='ocrx_word' id='word_1_547' title='bbox 422 5494 743 5563; x_wconf 76' lang='lat' dir='ltr'><strong>intercipiat.</strong></span> <span class='ocrx_word' id='word_1_548' title='bbox 772 5500 1229 5563; x_wconf 66' lang='grc' dir='ltr'><strong>καταϐραϐευθῆναι</strong></span> <span class='ocrx_word' id='word_1_549' title='bbox 1259 5489 1401 5544; x_wconf 89' lang='lat' dir='ltr'><strong>enim</strong></span> <span class='ocrx_word' id='word_1_550' title='bbox 1434 5487 1451 5558; x_wconf 91' lang='lat'>(</span> <span class='ocrx_word' id='word_1_551' title='bbox 1478 5501 1582 5557; x_wconf 89' lang='lat' dir='ltr'><strong>quo</strong></span> <span class='ocrx_word' id='word_1_552' title='bbox 1610 5486 1773 5539; x_wconf 79' lang='lat' dir='ltr'><strong>verbo</strong></span> <span class='ocrx_word' id='word_1_553' title='bbox 1802 5482 2001 5538; x_wconf 82' lang='lat' dir='ltr'><strong>Paulus</strong></span> 
     </span>
    </p>
   </div>
   <div class='ocr_carea' id='block_1_70' title="bbox 422 5575 1999 5655">
    <p class='ocr_par' dir='ltr' id='par_1_70' title="bbox 422 5575 1999 5655">
     <span class='ocr_line' id='line_1_70' title="bbox 422 5575 1999 5655; baseline -0.006 -18"><span class='ocrx_word' id='word_1_554' title='bbox 422 5598 473 5637; x_wconf 89' lang='lat' dir='ltr'><strong>ut</strong></span> <span class='ocrx_word' id='word_1_555' title='bbox 485 5584 609 5649; x_wconf 82' lang='lat' dir='ltr'><strong>itur)</strong></span> <span class='ocrx_word' id='word_1_556' title='bbox 624 5593 706 5640; x_wconf 90' lang='lat' dir='ltr'><strong>est</strong></span> <span class='ocrx_word' id='word_1_557' title='bbox 721 5583 934 5655; x_wconf 88' lang='lat' dir='ltr'><strong>quando</strong></span> <span class='ocrx_word' id='word_1_558' title='bbox 951 5583 1176 5636; x_wconf 85' lang='lat' dir='ltr'><strong>aliorum</strong></span> <span class='ocrx_word' id='word_1_559' title='bbox 1191 5580 1403 5649; x_wconf 83' lang='lat' dir='ltr'><strong>quidem</strong></span> <span class='ocrx_word' id='word_1_560' title='bbox 1421 5587 1503 5633; x_wconf 86' lang='lat' dir='ltr'><strong>est</strong></span> <span class='ocrx_word' id='word_1_561' title='bbox 1517 5576 1755 5638; x_wconf 81' lang='lat' dir='ltr'><strong>victoria,</strong></span> <span class='ocrx_word' id='word_1_562' title='bbox 1776 5575 1999 5629; x_wconf 88' lang='lat' dir='ltr'><strong>aliorum</strong></span> 
     </span>
    </p>
   </div>
   <div class='ocr_carea' id='block_1_71' title="bbox 421 5669 2003 5746">
    <p class='ocr_par' dir='ltr' id='par_1_71' title="bbox 421 5669 2003 5746">
     <span class='ocr_line' id='line_1_71' title="bbox 421 5669 2003 5746; baseline -0.007 -15"><span class='ocrx_word' id='word_1_563' title='bbox 421 5694 554 5733; x_wconf 78' lang='lat' dir='ltr'><strong>vero</strong></span> <span class='ocrx_word' id='word_1_564' title='bbox 581 5680 819 5733; x_wconf 73' lang='lat' dir='ltr'><strong>brat-inm</strong></span> <span class='ocrx_word' id='word_1_565' title='bbox 847 5693 940 5734; x_wconf 78' lang='lat' dir='ltr'><strong>seu</strong></span> <span class='ocrx_word' id='word_1_566' title='bbox 972 5673 1250 5746; x_wconf 76' lang='lat' dir='ltr'><strong>prann&#39;tum</strong></span> <span class='ocrx_word' id='word_1_567' title='bbox 1276 5691 1290 5735; x_wconf 87' lang='lat'><strong>;</strong></span> <span class='ocrx_word' id='word_1_568' title='bbox 1315 5671 1528 5744; x_wconf 86' lang='lat' dir='ltr'><strong>quando</strong></span> <span class='ocrx_word' id='word_1_569' title='bbox 1556 5669 1832 5725; x_wconf 85' lang='lat' dir='ltr'><strong>victoriam</strong></span> <span class='ocrx_word' id='word_1_570' title='bbox 1857 5682 2003 5722; x_wconf 86' lang='lat' dir='ltr'><strong>asse—</strong></span> 
     </span>
    </p>
   </div>
   <div class='ocr_carea' id='block_1_72' title="bbox 420 5759 1998 5838">
    <p class='ocr_par' dir='ltr' id='par_1_72' title="bbox 420 5759 1998 5838">
     <span class='ocr_line' id='line_1_72' title="bbox 420 5759 1998 5838; baseline -0.006 -16"><span class='ocrx_word' id='word_1_571' title='bbox 420 5778 584 5838; x_wconf 83' lang='lat' dir='ltr'><strong>quuto</strong></span> <span class='ocrx_word' id='word_1_572' title='bbox 621 5768 950 5836; x_wconf 82' lang='lat' dir='ltr'><strong>intercipitnr</strong></span> <span class='ocrx_word' id='word_1_573' title='bbox 993 5765 1289 5836; x_wconf 57' lang='lat' dir='ltr'><strong>taminiam.</strong></span> <span class='ocrx_word' id='word_1_574' title='bbox 1315 5764 1436 5819; x_wconf 84' lang='lat' dir='ltr'><strong>Stas</strong></span> <span class='ocrx_word' id='word_1_575' title='bbox 1462 5777 1618 5831; x_wconf 81' lang='lat' dir='ltr'><strong>supra</strong></span> <span class='ocrx_word' id='word_1_576' title='bbox 1651 5759 1919 5814; x_wconf 85' lang='lat' dir='ltr'><strong>diabolum</strong></span> <span class='ocrx_word' id='word_1_577' title='bbox 1949 5769 1998 5813; x_wconf 80' lang='lat' dir='ltr'><strong>et</strong></span> 
     </span>
    </p>
   </div>
   <div class='ocr_carea' id='block_1_73' title="bbox 2073 1918 3651 1996">
    <p class='ocr_par' dir='ltr' id='par_1_73' title="bbox 2073 1918 3651 1996">
     <span class='ocr_line' id='line_1_73' title="bbox 2073 1918 3651 1996; baseline 0.007 -27"><span class='ocrx_word' id='word_1_578' title='bbox 2073 1926 2376 1988; x_wconf 84' lang='lat' dir='ltr'><strong>peccattun;</strong></span> <span class='ocrx_word' id='word_1_579' title='bbox 2399 1918 2526 1989; x_wconf 91' lang='lat' dir='ltr'><strong>quid</strong></span> <span class='ocrx_word' id='word_1_580' title='bbox 2557 1929 2775 1990; x_wconf 85' lang='lat' dir='ltr'><strong>peccato</strong></span> <span class='ocrx_word' id='word_1_581' title='bbox 2796 1931 2847 1978; x_wconf 88' lang='lat' dir='ltr'><strong>te</strong></span> <span class='ocrx_word' id='word_1_582' title='bbox 2868 1937 3056 1978; x_wconf 87' lang='lat' dir='ltr'><strong>rursus</strong></span> <span class='ocrx_word' id='word_1_583' title='bbox 3084 1923 3342 1993; x_wconf 83' lang='lat' dir='ltr'><strong>subjicis?</strong></span> <span class='ocrx_word' id='word_1_584' title='bbox 3364 1924 3651 1996; x_wconf 83' lang='lat' dir='ltr'><strong>Propterea</strong></span> 
     </span>
    </p>
   </div>
   <div class='ocr_carea' id='block_1_74' title="bbox 2070 2005 3655 2086">
    <p class='ocr_par' dir='ltr' id='par_1_74' title="bbox 2070 2005 3655 2086">
     <span class='ocr_line' id='line_1_74' title="bbox 2070 2005 3655 2086; baseline 0.007 -25"><span class='ocrx_word' id='word_1_585' title='bbox 2070 2005 2301 2075; x_wconf 86' lang='lat' dir='ltr'><strong>dicebat,</strong></span> <span class='ocrx_word' id='word_1_586' title='bbox 2337 2009 2589 2076; x_wconf 82' lang='lat' dir='ltr'><strong>Quoniam</strong></span> <span class='ocrx_word' id='word_1_587' title='bbox 2617 2011 2808 2066; x_wconf 88' lang='lat' dir='ltr'><strong>debitor</strong></span> <span class='ocrx_word' id='word_1_588' title='bbox 2827 2024 2900 2067; x_wconf 88' lang='lat' dir='ltr'><strong>est</strong></span> <span class='ocrx_word' id='word_1_589' title='bbox 2928 2013 3080 2068; x_wconf 72' lang='lat' dir='ltr'><strong>totius</strong></span> <span class='ocrx_word' id='word_1_590' title='bbox 3109 2015 3234 2085; x_wconf 87' lang='lat' dir='ltr'><strong>legis</strong></span> <span class='ocrx_word' id='word_1_591' title='bbox 3260 2016 3565 2086; x_wconf 76' lang='lat' dir='ltr'><strong>implendte:</strong></span> <span class='ocrx_word' id='word_1_592' title='bbox 3599 2028 3655 2072; x_wconf 86' lang='lat' dir='ltr'><strong>et</strong></span> 
     </span>
    </p>
   </div>
   <div class='ocr_carea' id='block_1_75' title="bbox 2071 2098 3653 2179">
    <p class='ocr_par' dir='ltr' id='par_1_75' title="bbox 2071 2098 3653 2179">
     <span class='ocr_line' id='line_1_75' title="bbox 2071 2098 3653 2179; baseline 0.007 -26"><span class='ocrx_word' id='word_1_593' title='bbox 2071 2113 2276 2164; x_wconf 84' lang='lat' dir='ltr'><strong>rursus,</strong></span> <span class='ocrx_word' id='word_1_594' title='bbox 2327 2098 2468 2154; x_wconf 86' lang='lat' dir='ltr'><strong>Nunt</strong></span> <span class='ocrx_word' id='word_1_595' title='bbox 2508 2101 2735 2156; x_wconf 76' lang='lat' dir='ltr'><strong>inventus</strong></span> <span class='ocrx_word' id='word_1_596' title='bbox 2780 2113 2855 2158; x_wconf 87' lang='lat' dir='ltr'><strong>est</strong></span> <span class='ocrx_word' id='word_1_597' title='bbox 2893 2102 3125 2159; x_wconf 79' lang='lat' dir='ltr'><strong>Christus</strong></span> <span class='ocrx_word' id='word_1_598' title='bbox 3179 2107 3409 2163; x_wconf 84' lang='lat' dir='ltr'><strong>minister</strong></span> <span class='ocrx_word' id='word_1_599' title='bbox 3458 2112 3653 2179; x_wconf 76' lang='lat' dir='ltr'><strong>peccati</strong></span> 
     </span>
    </p>
   </div>
   <div class='ocr_carea' id='block_1_76' title="bbox 2072 2188 3657 2266">
    <p class='ocr_par' dir='ltr' id='par_1_76' title="bbox 2072 2188 3657 2266">
     <span class='ocr_line' id='line_1_76' title="bbox 2072 2188 3657 2266; baseline 0.009 -23"><span class='ocrx_word' id='word_1_600' title='bbox 2072 2188 2212 2260; x_wconf 80' lang='lat' dir='ltr'><strong>(Cal.</strong></span> <span class='ocrx_word' id='word_1_601' title='bbox 2241 2190 2293 2245; x_wconf 84' lang='lat'><strong>5.</strong></span> <span class='ocrx_word' id='word_1_602' title='bbox 2322 2191 2376 2246; x_wconf 75' lang='grc' dir='ltr'><strong>ὅ.</strong></span> <span class='ocrx_word' id='word_1_603' title='bbox 2410 2202 2455 2246; x_wconf 87' lang='lat' dir='ltr'><strong>et</strong></span> <span class='ocrx_word' id='word_1_604' title='bbox 2482 2191 2539 2245; x_wconf 80' lang='lat'><strong>2.</strong></span> <span class='ocrx_word' id='word_1_605' title='bbox 2571 2193 2699 2266; x_wconf 77' lang='lat' dir='ltr'><strong>l7)?</strong></span> <span class='ocrx_word' id='word_1_606' title='bbox 2724 2193 2867 2265; x_wconf 86' lang='lat' dir='ltr'><strong>quod</strong></span> <span class='ocrx_word' id='word_1_607' title='bbox 2893 2194 3107 2252; x_wconf 82' lang='lat' dir='ltr'><strong>dicebat</strong></span> <span class='ocrx_word' id='word_1_608' title='bbox 3133 2198 3375 2255; x_wconf 85' lang='lat' dir='ltr'><strong>scribens</strong></span> <span class='ocrx_word' id='word_1_609' title='bbox 3403 2201 3471 2256; x_wconf 86' lang='lat' dir='ltr'><strong>ad</strong></span> <span class='ocrx_word' id='word_1_610' title='bbox 3497 2199 3657 2257; x_wconf 80' lang='lat' dir='ltr'><strong>Gala-</strong></span> 
     </span>
    </p>
   </div>
   <div class='ocr_carea' id='block_1_77' title="bbox 2073 2285 3656 2363">
    <p class='ocr_par' dir='ltr' id='par_1_77' title="bbox 2073 2285 3656 2363">
     <span class='ocr_line' id='line_1_77' title="bbox 2073 2285 3656 2363; baseline 0.006 -24"><span class='ocrx_word' id='word_1_611' title='bbox 2073 2292 2174 2340; x_wconf 88' lang='lat' dir='ltr'><strong>tas.</strong></span> <span class='ocrx_word' id='word_1_612' title='bbox 2212 2285 2438 2352; x_wconf 85' lang='lat' dir='ltr'><strong>Quando</strong></span> <span class='ocrx_word' id='word_1_613' title='bbox 2477 2287 2636 2357; x_wconf 84' lang='lat' dir='ltr'><strong>igitur</strong></span> <span class='ocrx_word' id='word_1_614' title='bbox 2658 2288 2737 2344; x_wconf 85' lang='lat' dir='ltr'><strong>eis</strong></span> <span class='ocrx_word' id='word_1_615' title='bbox 2768 2290 2900 2344; x_wconf 83' lang='lat' dir='ltr'><strong>iram</strong></span> <span class='ocrx_word' id='word_1_616' title='bbox 2938 2301 3180 2347; x_wconf 86' lang='lat' dir='ltr'><strong>moverat</strong></span> <span class='ocrx_word' id='word_1_617' title='bbox 3206 2291 3469 2363; x_wconf 88' lang='lat' dir='ltr'><strong>dicendo,</strong></span> <span class='ocrx_word' id='word_1_618' title='bbox 3504 2292 3656 2349; x_wconf 71' lang='lat' dir='ltr'><strong>Prc-</strong></span> 
     </span>
    </p>
   </div>
   <div class='ocr_carea' id='block_1_78' title="bbox 2073 2377 3656 2456">
    <p class='ocr_par' dir='ltr' id='par_1_78' title="bbox 2073 2377 3656 2456">
     <span class='ocr_line' id='line_1_78' title="bbox 2073 2377 3656 2456; baseline 0.007 -26"><span class='ocrx_word' id='word_1_619' title='bbox 2073 2377 2228 2430; x_wconf 88' lang='lat' dir='ltr'><strong>mium</strong></span> <span class='ocrx_word' id='word_1_620' title='bbox 2251 2377 2570 2440; x_wconf 82' lang='lat' dir='ltr'><strong>intervertat,</strong></span> <span class='ocrx_word' id='word_1_621' title='bbox 2601 2388 2726 2434; x_wconf 89' lang='lat' dir='ltr'><strong>tunc</strong></span> <span class='ocrx_word' id='word_1_622' title='bbox 2751 2379 2935 2451; x_wconf 89' lang='lat' dir='ltr'><strong>incipit</strong></span> <span class='ocrx_word' id='word_1_623' title='bbox 2960 2397 2982 2436; x_wconf 82' lang='lat'><strong>.&#39;</strong></span> <span class='ocrx_word' id='word_1_624' title='bbox 3019 2380 3224 2451; x_wconf 71' lang='lat' dir='ltr'><strong>Valens,</strong></span> <span class='ocrx_word' id='word_1_625' title='bbox 3257 2384 3448 2456; x_wconf 89' lang='lat' dir='ltr'><strong>ittquit,</strong></span> <span class='ocrx_word' id='word_1_626' title='bbox 3478 2387 3528 2441; x_wconf 89' lang='lat' dir='ltr'><strong>in</strong></span> <span class='ocrx_word' id='word_1_627' title='bbox 3554 2388 3656 2441; x_wconf 76' lang='lat' dir='ltr'><strong>Itu-</strong></span> 
     </span>
    </p>
   </div>
   <div class='ocr_carea' id='block_1_79' title="bbox 2074 2467 3653 2544">
    <p class='ocr_par' dir='ltr' id='par_1_79' title="bbox 2074 2467 3653 2544">
     <span class='ocr_line' id='line_1_79' title="bbox 2074 2467 3653 2544; baseline 0.006 -23"><span class='ocrx_word' id='word_1_628' title='bbox 2074 2467 2288 2521; x_wconf 86' lang='lat' dir='ltr'><strong>militate</strong></span> <span class='ocrx_word' id='word_1_629' title='bbox 2313 2478 2359 2522; x_wconf 88' lang='lat' dir='ltr'><strong>et</strong></span> <span class='ocrx_word' id='word_1_630' title='bbox 2381 2469 2624 2539; x_wconf 83' lang='lat' dir='ltr'><strong>religione</strong></span> <span class='ocrx_word' id='word_1_631' title='bbox 2638 2471 2953 2543; x_wconf 73' lang='lat' dir='ltr'><strong>angelorum,</strong></span> <span class='ocrx_word' id='word_1_632' title='bbox 2971 2488 3084 2542; x_wconf 76' lang='lat' dir='ltr'><strong>qua:</strong></span> <span class='ocrx_word' id='word_1_633' title='bbox 3103 2488 3204 2528; x_wconf 80' lang='lat' dir='ltr'><strong>non</strong></span> <span class='ocrx_word' id='word_1_634' title='bbox 3226 2475 3348 2529; x_wconf 80' lang='lat' dir='ltr'><strong>vidit</strong></span> <span class='ocrx_word' id='word_1_635' title='bbox 3364 2475 3653 2544; x_wconf 85' lang='lat' dir='ltr'><strong>ambulans,</strong></span> 
     </span>
    </p>
   </div>
   <div class='ocr_carea' id='block_1_80' title="bbox 2075 2560 3657 2633">
    <p class='ocr_par' dir='ltr' id='par_1_80' title="bbox 2075 2560 3657 2633">
     <span class='ocr_line' id='line_1_80' title="bbox 2075 2560 3657 2633; baseline 0.008 -22"><span class='ocrx_word' id='word_1_636' title='bbox 2075 2563 2266 2631; x_wconf 76' lang='lat' dir='ltr'><strong>frustra</strong></span> <span class='ocrx_word' id='word_1_637' title='bbox 2294 2560 2504 2630; x_wconf 83' lang='lat' dir='ltr'><strong>inﬂatus</strong></span> <span class='ocrx_word' id='word_1_638' title='bbox 2531 2577 2681 2616; x_wconf 88' lang='lat' dir='ltr'><strong>sensu</strong></span> <span class='ocrx_word' id='word_1_639' title='bbox 2710 2563 2879 2615; x_wconf 84' lang='lat' dir='ltr'><strong>carnis</strong></span> <span class='ocrx_word' id='word_1_640' title='bbox 2903 2579 3029 2618; x_wconf 71' lang='lat' dir='ltr'><strong>sua.</strong></span> <span class='ocrx_word' id='word_1_641' title='bbox 3064 2564 3363 2633; x_wconf 80' lang='lat' dir='ltr'><strong>Quomodo,</strong></span> <span class='ocrx_word' id='word_1_642' title='bbox 3393 2565 3461 2622; x_wconf 79' lang='lat' dir='ltr'><strong>In</strong></span> <span class='ocrx_word' id='word_1_643' title='bbox 3489 2568 3657 2623; x_wconf 77' lang='lat' dir='ltr'><strong>humi-</strong></span> 
     </span>
    </p>
   </div>
   <div class='ocr_carea' id='block_1_81' title="bbox 2076 2650 3659 2724">
    <p class='ocr_par' dir='ltr' id='par_1_81' title="bbox 2076 2650 3659 2724">
     <span class='ocr_line' id='line_1_81' title="bbox 2076 2650 3659 2724; baseline 0.006 -19"><span class='ocrx_word' id='word_1_644' title='bbox 2076 2650 2258 2705; x_wconf 82' lang='lat' dir='ltr'><strong>litate?</strong></span> <span class='ocrx_word' id='word_1_645' title='bbox 2283 2661 2374 2705; x_wconf 85' lang='lat' dir='ltr'><strong>aut</strong></span> <span class='ocrx_word' id='word_1_646' title='bbox 2403 2651 2699 2721; x_wconf 89' lang='lat' dir='ltr'><strong>quomodo,</strong></span> <span class='ocrx_word' id='word_1_647' title='bbox 2732 2651 2996 2724; x_wconf 77' lang='lat' dir='ltr'><strong>lnﬂatus?</strong></span> <span class='ocrx_word' id='word_1_648' title='bbox 3039 2654 3287 2713; x_wconf 81' lang='lat' dir='ltr'><strong>Ostendit</strong></span> <span class='ocrx_word' id='word_1_649' title='bbox 3330 2665 3495 2714; x_wconf 87' lang='lat' dir='ltr'><strong>totum</strong></span> <span class='ocrx_word' id='word_1_650' title='bbox 3537 2673 3659 2715; x_wconf 86' lang='lat' dir='ltr'><strong>esse</strong></span> 
     </span>
    </p>
   </div>
   <div class='ocr_carea' id='block_1_82' title="bbox 2076 2742 3660 2822">
    <p class='ocr_par' dir='ltr' id='par_1_82' title="bbox 2076 2742 3660 2822">
     <span class='ocr_line' id='line_1_82' title="bbox 2076 2742 3660 2822; baseline 0.007 -26"><span class='ocrx_word' id='word_1_651' title='bbox 2076 2742 2250 2797; x_wconf 84' lang='lat' dir='ltr'><strong>inanis</strong></span> <span class='ocrx_word' id='word_1_652' title='bbox 2286 2742 2491 2814; x_wconf 66' lang='lat' dir='ltr'><strong>glorise.</strong></span> <span class='ocrx_word' id='word_1_653' title='bbox 2523 2744 2658 2812; x_wconf 85' lang='lat' dir='ltr'><strong>Quid</strong></span> <span class='ocrx_word' id='word_1_654' title='bbox 2690 2755 2768 2800; x_wconf 90' lang='lat' dir='ltr'><strong>est</strong></span> <span class='ocrx_word' id='word_1_655' title='bbox 2799 2754 2978 2802; x_wconf 89' lang='lat' dir='ltr'><strong>autem</strong></span> <span class='ocrx_word' id='word_1_656' title='bbox 3003 2749 3224 2804; x_wconf 86' lang='lat' dir='ltr'><strong>omnino</strong></span> <span class='ocrx_word' id='word_1_657' title='bbox 3252 2750 3395 2822; x_wconf 90' lang='lat' dir='ltr'><strong>quod</strong></span> <span class='ocrx_word' id='word_1_658' title='bbox 3422 2752 3660 2808; x_wconf 74' lang='lat' dir='ltr'><strong>dicitur?</strong></span> 
     </span>
    </p>
   </div>
   <div class='ocr_carea' id='block_1_83' title="bbox 2078 2832 3663 2913">
    <p class='ocr_par' dir='ltr' id='par_1_83' title="bbox 2078 2832 3663 2913">
     <span class='ocr_line' id='line_1_83' title="bbox 2078 2832 3663 2913; baseline 0.008 -26"><span class='ocrx_word' id='word_1_659' title='bbox 2078 2832 2246 2888; x_wconf 86' lang='lat' dir='ltr'><strong>Erant</strong></span> <span class='ocrx_word' id='word_1_660' title='bbox 2290 2833 2504 2905; x_wconf 88' lang='lat' dir='ltr'><strong>quidam</strong></span> <span class='ocrx_word' id='word_1_661' title='bbox 2553 2837 2642 2906; x_wconf 89' lang='lat' dir='ltr'><strong>qui</strong></span> <span class='ocrx_word' id='word_1_662' title='bbox 2669 2835 2910 2894; x_wconf 81' lang='lat' dir='ltr'><strong>dicerent</strong></span> <span class='ocrx_word' id='word_1_663' title='bbox 2958 2854 3063 2895; x_wconf 89' lang='lat' dir='ltr'><strong>non</strong></span> <span class='ocrx_word' id='word_1_664' title='bbox 3120 2852 3370 2912; x_wconf 86' lang='lat' dir='ltr'><strong>oportere</strong></span> <span class='ocrx_word' id='word_1_665' title='bbox 3417 2858 3516 2899; x_wconf 89' lang='lat' dir='ltr'><strong>nos</strong></span> <span class='ocrx_word' id='word_1_666' title='bbox 3568 2859 3663 2913; x_wconf 84' lang='lat' dir='ltr'><strong>per</strong></span> 
     </span>
    </p>
   </div>
   <div class='ocr_carea' id='block_1_84' title="bbox 2078 2923 3661 3000">
    <p class='ocr_par' dir='ltr' id='par_1_84' title="bbox 2078 2923 3661 3000">
     <span class='ocr_line' id='line_1_84' title="bbox 2078 2923 3661 3000; baseline 0.006 -21"><span class='ocrx_word' id='word_1_667' title='bbox 2078 2923 2347 2979; x_wconf 87' lang='lat' dir='ltr'><strong>Christum</strong></span> <span class='ocrx_word' id='word_1_668' title='bbox 2375 2924 2566 2980; x_wconf 87' lang='lat' dir='ltr'><strong>adduci</strong></span> <span class='ocrx_word' id='word_1_669' title='bbox 2588 2967 2607 2993; x_wconf 89' lang='lat'><strong>,</strong></span> <span class='ocrx_word' id='word_1_670' title='bbox 2651 2925 2746 2981; x_wconf 88' lang='lat' dir='ltr'><strong>sed</strong></span> <span class='ocrx_word' id='word_1_671' title='bbox 2787 2941 2884 2998; x_wconf 92' lang='lat' dir='ltr'><strong>per</strong></span> <span class='ocrx_word' id='word_1_672' title='bbox 2921 2929 3142 3000; x_wconf 87' lang='lat' dir='ltr'><strong>angelos</strong></span> <span class='ocrx_word' id='word_1_673' title='bbox 3171 2946 3185 2985; x_wconf 88' lang='lat'><strong>:</strong></span> <span class='ocrx_word' id='word_1_674' title='bbox 3215 2931 3343 2988; x_wconf 86' lang='lat' dir='ltr'><strong>illud</strong></span> <span class='ocrx_word' id='word_1_675' title='bbox 3371 2933 3514 2988; x_wconf 88' lang='lat' dir='ltr'><strong>enim</strong></span> <span class='ocrx_word' id='word_1_676' title='bbox 3544 2943 3661 3000; x_wconf 81' lang='lat' dir='ltr'><strong>est,</strong></span> 
     </span>
    </p>
   </div>
   <div class='ocr_carea' id='block_1_85' title="bbox 2080 3006 3662 3096">
    <p class='ocr_par' dir='ltr' id='par_1_85' title="bbox 2080 3006 3662 3096">
     <span class='ocr_line' id='line_1_85' title="bbox 2080 3006 3662 3096; baseline 0.006 -26"><span class='ocrx_word' id='word_1_677' title='bbox 2080 3015 2346 3087; x_wconf 88' lang='lat' dir='ltr'><strong>inquiunt,</strong></span> <span class='ocrx_word' id='word_1_678' title='bbox 2380 3016 2552 3088; x_wconf 86' lang='lat' dir='ltr'><strong>majus</strong></span> <span class='ocrx_word' id='word_1_679' title='bbox 2580 3033 2738 3088; x_wconf 91' lang='lat' dir='ltr'><strong>quam</strong></span> <span class='ocrx_word' id='word_1_680' title='bbox 2766 3028 2825 3074; x_wconf 89' lang='lat' dir='ltr'><strong>ut</strong></span> <span class='ocrx_word' id='word_1_681' title='bbox 2846 3021 3118 3092; x_wconf 89' lang='lat' dir='ltr'><strong>possimus</strong></span> <span class='ocrx_word' id='word_1_682' title='bbox 3146 3006 3379 3095; x_wconf 83' lang='lat' dir='ltr'><strong>assequi.</strong></span> <span class='ocrx_word' id='word_1_683' title='bbox 3404 3024 3662 3096; x_wconf 86' lang='lat' dir='ltr'><strong>Propter-</strong></span> 
     </span>
    </p>
   </div>
   <div class='ocr_carea' id='block_1_86' title="bbox 2080 3108 3662 3182">
    <p class='ocr_par' dir='ltr' id='par_1_86' title="bbox 2080 3108 3662 3182">
     <span class='ocr_line' id='line_1_86' title="bbox 2080 3108 3662 3182; baseline 0.004 -19"><span class='ocrx_word' id='word_1_684' title='bbox 2080 3122 2141 3163; x_wconf 87' lang='lat' dir='ltr'><strong>ea</strong></span> <span class='ocrx_word' id='word_1_685' title='bbox 2174 3123 2371 3178; x_wconf 90' lang='lat' dir='ltr'><strong>susque</strong></span> <span class='ocrx_word' id='word_1_686' title='bbox 2409 3108 2582 3178; x_wconf 88' lang='lat' dir='ltr'><strong>deque</strong></span> <span class='ocrx_word' id='word_1_687' title='bbox 2607 3119 2784 3165; x_wconf 87' lang='lat' dir='ltr'><strong>versat</strong></span> <span class='ocrx_word' id='word_1_688' title='bbox 2811 3126 2931 3182; x_wconf 71' lang='lat' dir='ltr'><strong>quas</strong></span> <span class='ocrx_word' id='word_1_689' title='bbox 2966 3112 3107 3169; x_wconf 85' lang='lat' dir='ltr'><strong>dicta</strong></span> <span class='ocrx_word' id='word_1_690' title='bbox 3137 3123 3261 3170; x_wconf 88' lang='lat' dir='ltr'><strong>sunt</strong></span> <span class='ocrx_word' id='word_1_691' title='bbox 3300 3115 3368 3172; x_wconf 90' lang='lat' dir='ltr'><strong>de</strong></span> <span class='ocrx_word' id='word_1_692' title='bbox 3401 3116 3616 3171; x_wconf 84' lang='lat' dir='ltr'><strong>Christo</strong></span> <span class='ocrx_word' id='word_1_693' title='bbox 3646 3134 3662 3170; x_wconf 91' lang='lat'><strong>:</strong></span> 
     </span>
    </p>
   </div>
   <div class='ocr_carea' id='block_1_87' title="bbox 2086 3197 3662 3274">
    <p class='ocr_par' dir='ltr' id='par_1_87' title="bbox 2086 3197 3662 3274">
     <span class='ocr_line' id='line_1_87' title="bbox 2086 3197 3662 3274; baseline 0.005 -22"><span class='ocrx_word' id='word_1_694' title='bbox 2086 3197 2187 3253; x_wconf 84' lang='lat' dir='ltr'><strong>Per</strong></span> <span class='ocrx_word' id='word_1_695' title='bbox 2213 3200 2508 3270; x_wconf 86' lang='lat' dir='ltr'><strong>sanguinem</strong></span> <span class='ocrx_word' id='word_1_696' title='bbox 2538 3202 2699 3256; x_wconf 86' lang='lat' dir='ltr'><strong>crucis</strong></span> <span class='ocrx_word' id='word_1_697' title='bbox 2725 3202 2837 3272; x_wconf 83' lang='lat' dir='ltr'><strong>ejus</strong></span> <span class='ocrx_word' id='word_1_698' title='bbox 2865 3203 3190 3259; x_wconf 87' lang='lat' dir='ltr'><strong>reconciliati</strong></span> <span class='ocrx_word' id='word_1_699' title='bbox 3220 3219 3405 3260; x_wconf 87' lang='lat' dir='ltr'><strong>sumus</strong></span> <span class='ocrx_word' id='word_1_700' title='bbox 3431 3205 3662 3274; x_wconf 81' lang='lat' dir='ltr'><strong>(Coloss.</strong></span> 
     </span>
    </p>
   </div>
   <div class='ocr_carea' id='block_1_88' title="bbox 2084 3291 3661 3367">
    <p class='ocr_par' dir='ltr' id='par_1_88' title="bbox 2084 3291 3661 3367">
     <span class='ocr_line' id='line_1_88' title="bbox 2084 3291 3661 3367; baseline 0.002 -20"><span class='ocrx_word' id='word_1_701' title='bbox 2084 3293 2134 3347; x_wconf 80' lang='grc'><strong>1.</strong></span> <span class='ocrx_word' id='word_1_702' title='bbox 2163 3291 2291 3364; x_wconf 84' lang='lat'><strong>20);</strong></span> <span class='ocrx_word' id='word_1_703' title='bbox 2342 3292 2475 3360; x_wconf 84' lang='lat' dir='ltr'><strong>Quia</strong></span> <span class='ocrx_word' id='word_1_704' title='bbox 2515 3309 2607 3363; x_wconf 87' lang='lat' dir='ltr'><strong>pro</strong></span> <span class='ocrx_word' id='word_1_705' title='bbox 2648 3293 2789 3348; x_wconf 87' lang='lat' dir='ltr'><strong>nobis</strong></span> <span class='ocrx_word' id='word_1_706' title='bbox 2819 3311 2998 3365; x_wconf 85' lang='lat' dir='ltr'><strong>passus</strong></span> <span class='ocrx_word' id='word_1_707' title='bbox 3025 3306 3096 3351; x_wconf 87' lang='lat' dir='ltr'><strong>est</strong></span> <span class='ocrx_word' id='word_1_708' title='bbox 3120 3295 3200 3363; x_wconf 79' lang='lat' dir='ltr'><strong>(l.</strong></span> <span class='ocrx_word' id='word_1_709' title='bbox 3240 3294 3385 3351; x_wconf 82' lang='lat' dir='ltr'><strong>Petr.</strong></span> <span class='ocrx_word' id='word_1_710' title='bbox 3427 3296 3481 3351; x_wconf 89' lang='lat'><strong>2.</strong></span> <span class='ocrx_word' id='word_1_711' title='bbox 3521 3296 3661 3367; x_wconf 72' lang='lat'><strong>2!);</strong></span> 
     </span>
    </p>
   </div>
   <div class='ocr_carea' id='block_1_89' title="bbox 2088 3382 3667 3458">
    <p class='ocr_par' dir='ltr' id='par_1_89' title="bbox 2088 3382 3667 3458">
     <span class='ocr_line' id='line_1_89' title="bbox 2088 3382 3667 3458; baseline 0.006 -23"><span class='ocrx_word' id='word_1_712' title='bbox 2088 3384 2220 3452; x_wconf 84' lang='lat' dir='ltr'><strong>Quia</strong></span> <span class='ocrx_word' id='word_1_713' title='bbox 2251 3400 2342 3438; x_wconf 90' lang='lat' dir='ltr'><strong>nos</strong></span> <span class='ocrx_word' id='word_1_714' title='bbox 2370 3384 2547 3438; x_wconf 72' lang='lat' dir='ltr'><strong>dilexit</strong></span> <span class='ocrx_word' id='word_1_715' title='bbox 2574 3382 2788 3456; x_wconf 82' lang='lat' dir='ltr'><strong>(Ephes.</strong></span> <span class='ocrx_word' id='word_1_716' title='bbox 2819 3384 2874 3440; x_wconf 87' lang='lat'><strong>2.</strong></span> <span class='ocrx_word' id='word_1_717' title='bbox 2916 3387 2994 3457; x_wconf 71' lang='grc'><strong>4).</strong></span> <span class='ocrx_word' id='word_1_718' title='bbox 3027 3386 3091 3442; x_wconf 85' lang='lat' dir='ltr'><strong>Et</strong></span> <span class='ocrx_word' id='word_1_719' title='bbox 3121 3385 3175 3442; x_wconf 90' lang='lat' dir='ltr'><strong>iu</strong></span> <span class='ocrx_word' id='word_1_720' title='bbox 3204 3391 3304 3443; x_wconf 91' lang='lat' dir='ltr'><strong>hoc</strong></span> <span class='ocrx_word' id='word_1_721' title='bbox 3332 3387 3448 3458; x_wconf 91' lang='lat' dir='ltr'><strong>ipso</strong></span> <span class='ocrx_word' id='word_1_722' title='bbox 3475 3402 3667 3445; x_wconf 77' lang='lat' dir='ltr'><strong>rursus</strong></span> 
     </span>
    </p>
   </div>
   <div class='ocr_carea' id='block_1_90' title="bbox 2084 3475 3667 3549">
    <p class='ocr_par' dir='ltr' id='par_1_90' title="bbox 2084 3475 3667 3549">
     <span class='ocr_line' id='line_1_90' title="bbox 2084 3475 3667 3549; baseline 0 -17"><span class='ocrx_word' id='word_1_723' title='bbox 2084 3476 2278 3532; x_wconf 81' lang='lat' dir='ltr'><strong>conﬁxi</strong></span> <span class='ocrx_word' id='word_1_724' title='bbox 2306 3484 2480 3531; x_wconf 82' lang='lat' dir='ltr'><strong>erant.</strong></span> <span class='ocrx_word' id='word_1_725' title='bbox 2508 3475 2619 3532; x_wconf 87' lang='lat' dir='ltr'><strong>Nec</strong></span> <span class='ocrx_word' id='word_1_726' title='bbox 2649 3476 2802 3544; x_wconf 81' lang='lat' dir='ltr'><strong>dixit,</strong></span> <span class='ocrx_word' id='word_1_727' title='bbox 2836 3476 3249 3544; x_wconf 79' lang='lat' dir='ltr'><strong>Adductionem,</strong></span> <span class='ocrx_word' id='word_1_728' title='bbox 3279 3478 3396 3545; x_wconf 84' lang='lat' dir='ltr'><strong>sed,</strong></span> <span class='ocrx_word' id='word_1_729' title='bbox 3425 3478 3667 3549; x_wconf 76' lang='lat' dir='ltr'><strong>Religio-</strong></span> 
     </span>
    </p>
   </div>
   <div class='ocr_carea' id='block_1_91' title="bbox 2086 3565 3671 3642">
    <p class='ocr_par' dir='ltr' id='par_1_91' title="bbox 2086 3565 3671 3642">
     <span class='ocr_line' id='line_1_91' title="bbox 2086 3565 3671 3642; baseline 0.003 -22"><span class='ocrx_word' id='word_1_730' title='bbox 2086 3582 2229 3620; x_wconf 80' lang='lat' dir='ltr'><strong>nem.</strong></span> <span class='ocrx_word' id='word_1_731' title='bbox 2266 3565 2394 3631; x_wconf 62' lang='lat' dir='ltr'><strong>Quae</strong></span> <span class='ocrx_word' id='word_1_732' title='bbox 2429 3582 2528 3621; x_wconf 90' lang='lat' dir='ltr'><strong>non</strong></span> <span class='ocrx_word' id='word_1_733' title='bbox 2553 3568 2675 3621; x_wconf 80' lang='lat' dir='ltr'><strong>vidit</strong></span> <span class='ocrx_word' id='word_1_734' title='bbox 2705 3567 2990 3623; x_wconf 87' lang='lat' dir='ltr'><strong>ambulans.</strong></span> <span class='ocrx_word' id='word_1_735' title='bbox 3022 3566 3136 3623; x_wconf 76' lang='lat' dir='ltr'><strong>Non</strong></span> <span class='ocrx_word' id='word_1_736' title='bbox 3164 3569 3308 3625; x_wconf 87' lang='lat' dir='ltr'><strong>enim</strong></span> <span class='ocrx_word' id='word_1_737' title='bbox 3338 3569 3469 3625; x_wconf 83' lang='lat' dir='ltr'><strong>vidit</strong></span> <span class='ocrx_word' id='word_1_738' title='bbox 3504 3586 3671 3642; x_wconf 87' lang='lat' dir='ltr'><strong>ange-</strong></span> 
     </span>
    </p>
   </div>
   <div class='ocr_carea' id='block_1_92' title="bbox 2087 3658 3673 3732">
    <p class='ocr_par' dir='ltr' id='par_1_92' title="bbox 2087 3658 3673 3732">
     <span class='ocr_line' id='line_1_92' title="bbox 2087 3658 3673 3732; baseline 0.004 -19"><span class='ocrx_word' id='word_1_739' title='bbox 2087 3658 2187 3723; x_wconf 91' lang='lat' dir='ltr'><strong>los,</strong></span> <span class='ocrx_word' id='word_1_740' title='bbox 2218 3659 2310 3714; x_wconf 89' lang='lat' dir='ltr'><strong>sed</strong></span> <span class='ocrx_word' id='word_1_741' title='bbox 2343 3659 2414 3714; x_wconf 89' lang='lat' dir='ltr'><strong>ita</strong></span> <span class='ocrx_word' id='word_1_742' title='bbox 2440 3669 2525 3715; x_wconf 88' lang='lat' dir='ltr'><strong>est</strong></span> <span class='ocrx_word' id='word_1_743' title='bbox 2550 3658 2774 3716; x_wconf 78' lang='lat' dir='ltr'><strong>all&#39;eetus</strong></span> <span class='ocrx_word' id='word_1_744' title='bbox 2799 3668 3069 3731; x_wconf 90' lang='lat' dir='ltr'><strong>tamquam</strong></span> <span class='ocrx_word' id='word_1_745' title='bbox 3093 3662 3139 3717; x_wconf 89' lang='lat' dir='ltr'><strong>si</strong></span> <span class='ocrx_word' id='word_1_746' title='bbox 3162 3661 3402 3718; x_wconf 82' lang='lat' dir='ltr'><strong>vidisset.</strong></span> <span class='ocrx_word' id='word_1_747' title='bbox 3428 3663 3673 3732; x_wconf 81' lang='lat' dir='ltr'><strong>Propter-</strong></span> 
     </span>
    </p>
   </div>
   <div class='ocr_carea' id='block_1_93' title="bbox 2087 3748 3673 3822">
    <p class='ocr_par' dir='ltr' id='par_1_93' title="bbox 2087 3748 3673 3822">
     <span class='ocr_line' id='line_1_93' title="bbox 2087 3748 3673 3822; baseline 0.003 -17"><span class='ocrx_word' id='word_1_748' title='bbox 2087 3765 2149 3805; x_wconf 89' lang='lat' dir='ltr'><strong>ea</strong></span> <span class='ocrx_word' id='word_1_749' title='bbox 2202 3749 2364 3818; x_wconf 84' lang='lat' dir='ltr'><strong>dicit,</strong></span> <span class='ocrx_word' id='word_1_750' title='bbox 2420 3748 2644 3821; x_wconf 81' lang='lat' dir='ltr'><strong>Inﬂatus</strong></span> <span class='ocrx_word' id='word_1_751' title='bbox 2686 3767 2832 3806; x_wconf 76' lang='lat' dir='ltr'><strong>sensu</strong></span> <span class='ocrx_word' id='word_1_752' title='bbox 2879 3752 3048 3807; x_wconf 75' lang='lat' dir='ltr'><strong>carnis</strong></span> <span class='ocrx_word' id='word_1_753' title='bbox 3091 3768 3202 3808; x_wconf 68' lang='lat' dir='ltr'><strong>sua</strong></span> <span class='ocrx_word' id='word_1_754' title='bbox 3245 3762 3446 3809; x_wconf 86' lang='lat' dir='ltr'><strong>temere.</strong></span> <span class='ocrx_word' id='word_1_755' title='bbox 3491 3753 3673 3822; x_wconf 77' lang='lat' dir='ltr'><strong>Neque</strong></span> 
     </span>
    </p>
   </div>
   <div class='ocr_carea' id='block_1_94' title="bbox 2072 3841 3735 3916">
    <p class='ocr_par' dir='ltr' id='par_1_94' title="bbox 2072 3841 3735 3916">
     <span class='ocr_line' id='line_1_94' title="bbox 2072 3841 3735 3916; baseline 0.001 -18"><span class='ocrx_word' id='word_1_756' title='bbox 2072 3841 2230 3898; x_wconf 78' lang='lat' dir='ltr'><strong>enim</strong></span> <span class='ocrx_word' id='word_1_757' title='bbox 2261 3850 2479 3913; x_wconf 87' lang='lat' dir='ltr'><strong>pr0pter</strong></span> <span class='ocrx_word' id='word_1_758' title='bbox 2499 3858 2609 3898; x_wconf 86' lang='lat' dir='ltr'><strong>rem</strong></span> <span class='ocrx_word' id='word_1_759' title='bbox 2638 3843 2870 3913; x_wconf 85' lang='lat' dir='ltr'><strong>aliquam</strong></span> <span class='ocrx_word' id='word_1_760' title='bbox 2895 3858 3099 3908; x_wconf 87' lang='lat' dir='ltr'><strong>veram,</strong></span> <span class='ocrx_word' id='word_1_761' title='bbox 3127 3844 3220 3899; x_wconf 91' lang='lat' dir='ltr'><strong>sed</strong></span> <span class='ocrx_word' id='word_1_762' title='bbox 3243 3855 3461 3916; x_wconf 87' lang='lat' dir='ltr'><strong>propter</strong></span> <span class='ocrx_word' id='word_1_763' title='bbox 3480 3844 3670 3916; x_wconf 76' lang='lat' dir='ltr'><strong>dogma</strong></span> <span class='ocrx_word' id='word_1_764' title='bbox 3731 3896 3735 3899; x_wconf 40' lang='grc' dir='ltr'><strong><em>τ</em></strong></span> 
     </span>
    </p>
   </div>
   <div class='ocr_carea' id='block_1_95' title="bbox 2090 3932 3674 4007">
    <p class='ocr_par' dir='ltr' id='par_1_95' title="bbox 2090 3932 3674 4007">
     <span class='ocr_line' id='line_1_95' title="bbox 2090 3932 3674 4007; baseline 0.003 -19"><span class='ocrx_word' id='word_1_765' title='bbox 2090 3932 2191 3988; x_wconf 81' lang='lat' dir='ltr'><strong>fuit</strong></span> <span class='ocrx_word' id='word_1_766' title='bbox 2217 3933 2449 3988; x_wconf 80' lang='lat' dir='ltr'><strong>inﬂatus.</strong></span> <span class='ocrx_word' id='word_1_767' title='bbox 2484 3932 2552 3988; x_wconf 88' lang='lat' dir='ltr'><strong>Et</strong></span> <span class='ocrx_word' id='word_1_768' title='bbox 2593 3933 2902 3990; x_wconf 86' lang='lat' dir='ltr'><strong>humilitatis</strong></span> <span class='ocrx_word' id='word_1_769' title='bbox 2926 3949 3038 4005; x_wconf 65' lang='lat' dir='ltr'><strong>prae</strong></span> <span class='ocrx_word' id='word_1_770' title='bbox 3074 3948 3136 3990; x_wconf 89' lang='lat' dir='ltr'><strong>se</strong></span> <span class='ocrx_word' id='word_1_771' title='bbox 3176 3933 3281 3991; x_wconf 82' lang='lat' dir='ltr'><strong>fert</strong></span> <span class='ocrx_word' id='word_1_772' title='bbox 3308 3938 3565 4007; x_wconf 82' lang='lat' dir='ltr'><strong>speciem.</strong></span> <span class='ocrx_word' id='word_1_773' title='bbox 3598 3941 3674 3992; x_wconf 77' lang='lat' dir='ltr'><strong>Ac</strong></span> 
     </span>
    </p>
   </div>
   <div class='ocr_carea' id='block_1_96' title="bbox 2090 4022 3681 4098">
    <p class='ocr_par' dir='ltr' id='par_1_96' title="bbox 2090 4022 3681 4098">
     <span class='ocr_line' id='line_1_96' title="bbox 2090 4022 3681 4098; baseline 0.001 -21"><span class='ocrx_word' id='word_1_774' title='bbox 2090 4025 2133 4078; x_wconf 92' lang='lat' dir='ltr'><strong>si</strong></span> <span class='ocrx_word' id='word_1_775' title='bbox 2174 4023 2375 4079; x_wconf 88' lang='lat' dir='ltr'><strong>diceret</strong></span> <span class='ocrx_word' id='word_1_776' title='bbox 2402 4064 2418 4086; x_wconf 87' lang='lat'><strong>.</strong></span> <span class='ocrx_word' id='word_1_777' title='bbox 2448 4022 2529 4079; x_wconf 88' lang='lat' dir='ltr'><strong>Ob</strong></span> <span class='ocrx_word' id='word_1_778' title='bbox 2558 4032 2790 4079; x_wconf 88' lang='lat' dir='ltr'><strong>mentem</strong></span> <span class='ocrx_word' id='word_1_779' title='bbox 2821 4023 3090 4079; x_wconf 84' lang='lat' dir='ltr'><strong>carnalem</strong></span> <span class='ocrx_word' id='word_1_780' title='bbox 3115 4065 3133 4093; x_wconf 97' lang='lat'><strong>,</strong></span> <span class='ocrx_word' id='word_1_781' title='bbox 3165 4041 3272 4080; x_wconf 90' lang='lat' dir='ltr'><strong>non</strong></span> <span class='ocrx_word' id='word_1_782' title='bbox 3300 4026 3627 4098; x_wconf 87' lang='lat' dir='ltr'><strong>spiritualem</strong></span> <span class='ocrx_word' id='word_1_783' title='bbox 3661 4039 3681 4094; x_wconf 72' lang='grc' dir='ltr'>ς</span> 
     </span>
    </p>
   </div>
   <div class='ocr_carea' id='block_1_97' title="bbox 2093 4115 3684 4189">
    <p class='ocr_par' dir='ltr' id='par_1_97' title="bbox 2093 4115 3684 4189">
     <span class='ocr_line' id='line_1_97' title="bbox 2093 4115 3684 4189; baseline 0.002 -20"><span class='ocrx_word' id='word_1_784' title='bbox 2093 4115 2325 4170; x_wconf 87' lang='lat' dir='ltr'><strong>humana</strong></span> <span class='ocrx_word' id='word_1_785' title='bbox 2354 4124 2437 4170; x_wconf 87' lang='lat' dir='ltr'><strong>est</strong></span> <span class='ocrx_word' id='word_1_786' title='bbox 2462 4116 2732 4186; x_wconf 84' lang='lat' dir='ltr'><strong>cogitatio.</strong></span> <span class='ocrx_word' id='word_1_787' title='bbox 2768 4115 2834 4169; x_wconf 86' lang='lat' dir='ltr'><strong>Et</strong></span> <span class='ocrx_word' id='word_1_788' title='bbox 2863 4133 2963 4171; x_wconf 86' lang='lat' dir='ltr'><strong>non</strong></span> <span class='ocrx_word' id='word_1_789' title='bbox 2993 4126 3163 4172; x_wconf 86' lang='lat' dir='ltr'><strong>tenens</strong></span> <span class='ocrx_word' id='word_1_790' title='bbox 3188 4126 3365 4189; x_wconf 84' lang='lat' dir='ltr'><strong>caput,</strong></span> <span class='ocrx_word' id='word_1_791' title='bbox 3392 4118 3581 4189; x_wconf 91' lang='lat' dir='ltr'><strong>inquit,</strong></span> <span class='ocrx_word' id='word_1_792' title='bbox 3614 4132 3684 4172; x_wconf 72' lang='lat' dir='ltr'><strong>ea:</strong></span> 
     </span>
    </p>
   </div>
   <div class='ocr_carea' id='block_1_98' title="bbox 2090 4206 3676 4277">
    <p class='ocr_par' dir='ltr' id='par_1_98' title="bbox 2090 4206 3676 4277">
     <span class='ocr_line' id='line_1_98' title="bbox 2090 4206 3676 4277; baseline 0.002 -18"><span class='ocrx_word' id='word_1_793' title='bbox 2090 4225 2189 4277; x_wconf 86' lang='lat' dir='ltr'><strong>quo</strong></span> <span class='ocrx_word' id='word_1_794' title='bbox 2216 4216 2373 4261; x_wconf 89' lang='lat' dir='ltr'><strong>totum</strong></span> <span class='ocrx_word' id='word_1_795' title='bbox 2398 4223 2600 4276; x_wconf 83' lang='lat' dir='ltr'><strong>corpus.</strong></span> <span class='ocrx_word' id='word_1_796' title='bbox 2641 4206 2696 4262; x_wconf 93' lang='lat' dir='ltr'><strong>ld</strong></span> <span class='ocrx_word' id='word_1_797' title='bbox 2723 4215 2824 4271; x_wconf 88' lang='lat' dir='ltr'><strong>est,</strong></span> <span class='ocrx_word' id='word_1_798' title='bbox 2860 4207 2984 4264; x_wconf 90' lang='lat' dir='ltr'><strong>hinc</strong></span> <span class='ocrx_word' id='word_1_799' title='bbox 3019 4208 3180 4263; x_wconf 88' lang='lat' dir='ltr'><strong>habet</strong></span> <span class='ocrx_word' id='word_1_800' title='bbox 3207 4218 3263 4263; x_wconf 90' lang='lat' dir='ltr'><strong>ut</strong></span> <span class='ocrx_word' id='word_1_801' title='bbox 3293 4210 3387 4276; x_wconf 88' lang='lat' dir='ltr'><strong>sit,</strong></span> <span class='ocrx_word' id='word_1_802' title='bbox 3418 4217 3472 4264; x_wconf 86' lang='lat' dir='ltr'><strong>et</strong></span> <span class='ocrx_word' id='word_1_803' title='bbox 3501 4218 3556 4263; x_wconf 92' lang='lat' dir='ltr'><strong>ut</strong></span> <span class='ocrx_word' id='word_1_804' title='bbox 3585 4224 3676 4262; x_wconf 87' lang='lat' dir='ltr'><strong>re-</strong></span> 
     </span>
    </p>
   </div>
   <div class='ocr_carea' id='block_1_99' title="bbox 2093 4297 3680 4371">
    <p class='ocr_par' dir='ltr' id='par_1_99' title="bbox 2093 4297 3680 4371">
     <span class='ocr_line' id='line_1_99' title="bbox 2093 4297 3680 4371; baseline -0.001 -18"><span class='ocrx_word' id='word_1_805' title='bbox 2093 4307 2178 4353; x_wconf 90' lang='lat' dir='ltr'><strong>cte</strong></span> <span class='ocrx_word' id='word_1_806' title='bbox 2211 4299 2298 4352; x_wconf 92' lang='lat' dir='ltr'><strong>sit.</strong></span> <span class='ocrx_word' id='word_1_807' title='bbox 2331 4297 2467 4363; x_wconf 84' lang='lat' dir='ltr'><strong>Quid</strong></span> <span class='ocrx_word' id='word_1_808' title='bbox 2500 4312 2628 4368; x_wconf 89' lang='lat' dir='ltr'><strong>ergo</strong></span> <span class='ocrx_word' id='word_1_809' title='bbox 2657 4297 2880 4354; x_wconf 89' lang='lat' dir='ltr'><strong>dimisso</strong></span> <span class='ocrx_word' id='word_1_810' title='bbox 2905 4300 3081 4371; x_wconf 88' lang='lat' dir='ltr'><strong>capite</strong></span> <span class='ocrx_word' id='word_1_811' title='bbox 3108 4300 3281 4355; x_wconf 70' lang='lat' dir='ltr'><strong>barres</strong></span> <span class='ocrx_word' id='word_1_812' title='bbox 3306 4298 3602 4355; x_wconf 87' lang='lat' dir='ltr'><strong>membris?</strong></span> <span class='ocrx_word' id='word_1_813' title='bbox 3634 4299 3680 4351; x_wconf 90' lang='lat' dir='ltr'><strong>si</strong></span> 
     </span>
    </p>
   </div>
   <div class='ocr_carea' id='block_1_100' title="bbox 2094 4387 3676 4462">
    <p class='ocr_par' dir='ltr' id='par_1_100' title="bbox 2094 4387 3676 4462">
     <span class='ocr_line' id='line_1_100' title="bbox 2094 4387 3676 4462; baseline -0.001 -20"><span class='ocrx_word' id='word_1_814' title='bbox 2094 4388 2241 4443; x_wconf 87' lang='lat' dir='ltr'><strong>illinc</strong></span> <span class='ocrx_word' id='word_1_815' title='bbox 2268 4387 2566 4455; x_wconf 79' lang='lat' dir='ltr'><strong>excideris,</strong></span> <span class='ocrx_word' id='word_1_816' title='bbox 2599 4388 2823 4458; x_wconf 87' lang='lat' dir='ltr'><strong>periisti.</strong></span> <span class='ocrx_word' id='word_1_817' title='bbox 2856 4387 2939 4443; x_wconf 74' lang='lat' dir='ltr'><strong>Ea:</strong></span> <span class='ocrx_word' id='word_1_818' title='bbox 2975 4405 3072 4458; x_wconf 86' lang='lat' dir='ltr'><strong>quo</strong></span> <span class='ocrx_word' id='word_1_819' title='bbox 3101 4398 3261 4443; x_wconf 88' lang='lat' dir='ltr'><strong>totum</strong></span> <span class='ocrx_word' id='word_1_820' title='bbox 3299 4405 3502 4462; x_wconf 84' lang='lat' dir='ltr'><strong>corpus.</strong></span> <span class='ocrx_word' id='word_1_821' title='bbox 3545 4387 3676 4456; x_wconf 82' lang='lat' dir='ltr'><strong>Qni-</strong></span> 
     </span>
    </p>
   </div>
   <div class='ocr_carea' id='block_1_101' title="bbox 2095 4478 3678 4550">
    <p class='ocr_par' dir='ltr' id='par_1_101' title="bbox 2095 4478 3678 4550">
     <span class='ocr_line' id='line_1_101' title="bbox 2095 4478 3678 4550; baseline 0.001 -17"><span class='ocrx_word' id='word_1_822' title='bbox 2095 4493 2321 4550; x_wconf 90' lang='lat' dir='ltr'><strong>cumque</strong></span> <span class='ocrx_word' id='word_1_823' title='bbox 2346 4478 2436 4546; x_wconf 81' lang='lat' dir='ltr'><strong>sit,</strong></span> <span class='ocrx_word' id='word_1_824' title='bbox 2466 4494 2573 4533; x_wconf 91' lang='lat' dir='ltr'><strong>non</strong></span> <span class='ocrx_word' id='word_1_825' title='bbox 2603 4479 2776 4533; x_wconf 91' lang='lat' dir='ltr'><strong>solum</strong></span> <span class='ocrx_word' id='word_1_826' title='bbox 2804 4478 2926 4534; x_wconf 90' lang='lat' dir='ltr'><strong>inde</strong></span> <span class='ocrx_word' id='word_1_827' title='bbox 2952 4478 3112 4534; x_wconf 88' lang='lat' dir='ltr'><strong>habet</strong></span> <span class='ocrx_word' id='word_1_828' title='bbox 3131 4488 3189 4535; x_wconf 90' lang='lat' dir='ltr'><strong>ut</strong></span> <span class='ocrx_word' id='word_1_829' title='bbox 3214 4480 3371 4547; x_wconf 59' lang='lat' dir='ltr'><strong>vit-at,</strong></span> <span class='ocrx_word' id='word_1_830' title='bbox 3396 4478 3491 4536; x_wconf 85' lang='lat' dir='ltr'><strong>sed</strong></span> <span class='ocrx_word' id='word_1_831' title='bbox 3516 4479 3678 4534; x_wconf 86' lang='lat' dir='ltr'><strong>etiam</strong></span> 
     </span>
    </p>
   </div>
   <div class='ocr_carea' id='block_1_102' title="bbox 2098 4569 3682 4643">
    <p class='ocr_par' dir='ltr' id='par_1_102' title="bbox 2098 4569 3682 4643">
     <span class='ocr_line' id='line_1_102' title="bbox 2098 4569 3682 4643; baseline 0.001 -20"><span class='ocrx_word' id='word_1_832' title='bbox 2098 4580 2155 4624; x_wconf 91' lang='lat' dir='ltr'><strong>nt</strong></span> <span class='ocrx_word' id='word_1_833' title='bbox 2195 4570 2268 4624; x_wconf 92' lang='lat' dir='ltr'><strong>illi</strong></span> <span class='ocrx_word' id='word_1_834' title='bbox 2313 4569 2687 4641; x_wconf 87' lang='lat' dir='ltr'><strong>conjnugatur.</strong></span> <span class='ocrx_word' id='word_1_835' title='bbox 2720 4569 2979 4627; x_wconf 84' lang='lat' dir='ltr'><strong>Universa</strong></span> <span class='ocrx_word' id='word_1_836' title='bbox 3026 4572 3262 4628; x_wconf 86' lang='lat' dir='ltr'><strong>Ecclesia</strong></span> <span class='ocrx_word' id='word_1_837' title='bbox 3291 4571 3544 4643; x_wconf 86' lang='lat' dir='ltr'><strong>quamdiu</strong></span> <span class='ocrx_word' id='word_1_838' title='bbox 3586 4571 3682 4625; x_wconf 49' lang='lat' dir='ltr'><strong>ba,</strong></span> 
     </span>
    </p>
   </div>
   <div class='ocr_carea' id='block_1_103' title="bbox 2098 4660 3682 4734">
    <p class='ocr_par' dir='ltr' id='par_1_103' title="bbox 2098 4660 3682 4734">
     <span class='ocr_line' id='line_1_103' title="bbox 2098 4660 3682 4734; baseline 0 -18"><span class='ocrx_word' id='word_1_839' title='bbox 2098 4661 2273 4716; x_wconf 87' lang='lat' dir='ltr'><strong>bucrit</strong></span> <span class='ocrx_word' id='word_1_840' title='bbox 2300 4671 2481 4732; x_wconf 88' lang='lat' dir='ltr'><strong>caput,</strong></span> <span class='ocrx_word' id='word_1_841' title='bbox 2511 4672 2756 4733; x_wconf 80' lang='lat' dir='ltr'><strong>augetur.</strong></span> <span class='ocrx_word' id='word_1_842' title='bbox 2789 4660 2905 4718; x_wconf 84' lang='lat' dir='ltr'><strong>Non</strong></span> <span class='ocrx_word' id='word_1_843' title='bbox 2936 4665 3079 4719; x_wconf 90' lang='lat' dir='ltr'><strong>enim</strong></span> <span class='ocrx_word' id='word_1_844' title='bbox 3111 4662 3432 4734; x_wconf 67' lang='lat' dir='ltr'><strong>arrogantia:</strong></span> <span class='ocrx_word' id='word_1_845' title='bbox 3452 4671 3507 4717; x_wconf 91' lang='lat' dir='ltr'><strong>et</strong></span> <span class='ocrx_word' id='word_1_846' title='bbox 3532 4677 3682 4717; x_wconf 75' lang='lat' dir='ltr'><strong>vana:</strong></span> 
     </span>
    </p>
   </div>
   <div class='ocr_carea' id='block_1_104' title="bbox 2097 4750 3683 4822">
    <p class='ocr_par' dir='ltr' id='par_1_104' title="bbox 2097 4750 3683 4822">
     <span class='ocr_line' id='line_1_104' title="bbox 2097 4750 3683 4822; baseline 0.001 -17"><span class='ocrx_word' id='word_1_847' title='bbox 2097 4752 2283 4822; x_wconf 81' lang='lat' dir='ltr'><strong>gloriae</strong></span> <span class='ocrx_word' id='word_1_848' title='bbox 2322 4760 2407 4807; x_wconf 90' lang='lat' dir='ltr'><strong>est</strong></span> <span class='ocrx_word' id='word_1_849' title='bbox 2438 4751 2671 4819; x_wconf 71' lang='lat' dir='ltr'><strong>affectio,</strong></span> <span class='ocrx_word' id='word_1_850' title='bbox 2701 4752 2975 4808; x_wconf 85' lang='lat' dir='ltr'><strong>inventum</strong></span> <span class='ocrx_word' id='word_1_851' title='bbox 3005 4751 3253 4808; x_wconf 72' lang='lat' dir='ltr'><strong>humana!</strong></span> <span class='ocrx_word' id='word_1_852' title='bbox 3289 4752 3507 4808; x_wconf 88' lang='lat' dir='ltr'><strong>mentis.</strong></span> <span class='ocrx_word' id='word_1_853' title='bbox 3545 4750 3683 4807; x_wconf 80' lang='lat' dir='ltr'><strong>Ecee</strong></span> 
     </span>
    </p>
   </div>
   <div class='ocr_carea' id='block_1_105' title="bbox 2100 4839 3681 4912">
    <p class='ocr_par' dir='ltr' id='par_1_105' title="bbox 2100 4839 3681 4912">
     <span class='ocr_line' id='line_1_105' title="bbox 2100 4839 3681 4912; baseline -0.002 -16"><span class='ocrx_word' id='word_1_854' title='bbox 2100 4840 2228 4896; x_wconf 89' lang='lat' dir='ltr'><strong>illud</strong></span> <span class='ocrx_word' id='word_1_855' title='bbox 2250 4882 2265 4906; x_wconf 93' lang='lat'><strong>,</strong></span> <span class='ocrx_word' id='word_1_856' title='bbox 2300 4839 2383 4895; x_wconf 76' lang='lat' dir='ltr'><strong>Ea:</strong></span> <span class='ocrx_word' id='word_1_857' title='bbox 2415 4857 2534 4911; x_wconf 88' lang='lat' dir='ltr'><strong>quo,</strong></span> <span class='ocrx_word' id='word_1_858' title='bbox 2564 4840 2759 4897; x_wconf 89' lang='lat' dir='ltr'><strong>dicitur</strong></span> <span class='ocrx_word' id='word_1_859' title='bbox 2786 4839 2855 4896; x_wconf 90' lang='lat' dir='ltr'><strong>de</strong></span> <span class='ocrx_word' id='word_1_860' title='bbox 2880 4841 3036 4896; x_wconf 82' lang='lat' dir='ltr'><strong>Filio.</strong></span> <span class='ocrx_word' id='word_1_861' title='bbox 3070 4840 3172 4896; x_wconf 87' lang='lat' dir='ltr'><strong>Per</strong></span> <span class='ocrx_word' id='word_1_862' title='bbox 3196 4858 3355 4897; x_wconf 72' lang='lat' dir='ltr'><strong>nexus</strong></span> <span class='ocrx_word' id='word_1_863' title='bbox 3378 4852 3427 4895; x_wconf 89' lang='lat' dir='ltr'><strong>et</strong></span> <span class='ocrx_word' id='word_1_864' title='bbox 3464 4843 3681 4912; x_wconf 82' lang='lat' dir='ltr'><strong>conjun-</strong></span> 
     </span>
    </p>
   </div>
   <div class='ocr_carea' id='block_1_106' title="bbox 2101 4931 3684 5002">
    <p class='ocr_par' dir='ltr' id='par_1_106' title="bbox 2101 4931 3684 5002">
     <span class='ocr_line' id='line_1_106' title="bbox 2101 4931 3684 5002; baseline -0.001 -17"><span class='ocrx_word' id='word_1_865' title='bbox 2101 4932 2309 4996; x_wconf 88' lang='lat' dir='ltr'><strong>ctiones,</strong></span> <span class='ocrx_word' id='word_1_866' title='bbox 2344 4931 2534 5002; x_wconf 90' lang='lat' dir='ltr'><strong>inquit,</strong></span> <span class='ocrx_word' id='word_1_867' title='bbox 2566 4931 3001 4985; x_wconf 88' lang='lat' dir='ltr'><strong>subnnnistratum</strong></span> <span class='ocrx_word' id='word_1_868' title='bbox 3026 4941 3072 4986; x_wconf 89' lang='lat' dir='ltr'><strong>et</strong></span> <span class='ocrx_word' id='word_1_869' title='bbox 3110 4942 3449 4987; x_wconf 86' lang='lat' dir='ltr'><strong>constructum</strong></span> <span class='ocrx_word' id='word_1_870' title='bbox 3468 4974 3484 4998; x_wconf 94' lang='lat'><strong>,</strong></span> <span class='ocrx_word' id='word_1_871' title='bbox 3513 4931 3684 4986; x_wconf 71' lang='lat' dir='ltr'><strong>crescit</strong></span> 
     </span>
    </p>
   </div>
   <div class='ocr_carea' id='block_1_107' title="bbox 2101 5019 3685 5093">
    <p class='ocr_par' dir='ltr' id='par_1_107' title="bbox 2101 5019 3685 5093">
     <span class='ocr_line' id='line_1_107' title="bbox 2101 5019 3685 5093; baseline -0.002 -16"><span class='ocrx_word' id='word_1_872' title='bbox 2101 5025 2155 5078; x_wconf 91' lang='lat' dir='ltr'><strong>in</strong></span> <span class='ocrx_word' id='word_1_873' title='bbox 2174 5032 2497 5093; x_wconf 88' lang='lat' dir='ltr'><strong>augmentum</strong></span> <span class='ocrx_word' id='word_1_874' title='bbox 2524 5019 2639 5076; x_wconf 86' lang='lat' dir='ltr'><strong>Dei.</strong></span> <span class='ocrx_word' id='word_1_875' title='bbox 2666 5021 2818 5089; x_wconf 86' lang='lat' dir='ltr'><strong>Quod</strong></span> <span class='ocrx_word' id='word_1_876' title='bbox 2845 5032 2927 5077; x_wconf 82' lang='lat' dir='ltr'><strong>est</strong></span> <span class='ocrx_word' id='word_1_877' title='bbox 2956 5022 3246 5078; x_wconf 88' lang='lat' dir='ltr'><strong>secundum</strong></span> <span class='ocrx_word' id='word_1_878' title='bbox 3277 5023 3465 5090; x_wconf 88' lang='lat' dir='ltr'><strong>Deum,</strong></span> <span class='ocrx_word' id='word_1_879' title='bbox 3495 5022 3685 5092; x_wconf 86' lang='lat' dir='ltr'><strong>inquit.</strong></span> 
     </span>
    </p>
   </div>
   <div class='ocr_carea' id='block_1_108' title="bbox 2103 5114 3689 5186">
    <p class='ocr_par' dir='ltr' id='par_1_108' title="bbox 2103 5114 3689 5186">
     <span class='ocr_line' id='line_1_108' title="bbox 2103 5114 3689 5186; baseline -0.003 -15"><span class='ocrx_word' id='word_1_880' title='bbox 2103 5125 2157 5171; x_wconf 90' lang='lat' dir='ltr'><strong>et</strong></span> <span class='ocrx_word' id='word_1_881' title='bbox 2185 5130 2251 5170; x_wconf 84' lang='lat' dir='ltr'><strong>ex</strong></span> <span class='ocrx_word' id='word_1_882' title='bbox 2279 5114 2480 5185; x_wconf 81' lang='lat' dir='ltr'><strong>Optimo</strong></span> <span class='ocrx_word' id='word_1_883' title='bbox 2508 5115 2629 5168; x_wconf 81' lang='lat' dir='ltr'><strong>vita:</strong></span> <span class='ocrx_word' id='word_1_884' title='bbox 2661 5115 2924 5171; x_wconf 90' lang='lat' dir='ltr'><strong>instituto.</strong></span> <span class='ocrx_word' id='word_1_885' title='bbox 2958 5115 3050 5172; x_wconf 84' lang='lat'><strong>20.</strong></span> <span class='ocrx_word' id='word_1_886' title='bbox 3085 5115 3147 5171; x_wconf 87' lang='lat' dir='ltr'><strong>Si</strong></span> <span class='ocrx_word' id='word_1_887' title='bbox 3182 5132 3301 5186; x_wconf 84' lang='lat' dir='ltr'><strong>ergo</strong></span> <span class='ocrx_word' id='word_1_888' title='bbox 3342 5116 3531 5170; x_wconf 81' lang='lat' dir='ltr'><strong>mortui</strong></span> <span class='ocrx_word' id='word_1_889' title='bbox 3570 5115 3689 5168; x_wconf 83' lang='lat' dir='ltr'><strong>estis</strong></span> 
     </span>
    </p>
   </div>
   <div class='ocr_carea' id='block_1_109' title="bbox 2105 5206 3689 5278">
    <p class='ocr_par' dir='ltr' id='par_1_109' title="bbox 2105 5206 3689 5278">
     <span class='ocr_line' id='line_1_109' title="bbox 2105 5206 3689 5278; baseline -0.001 -17"><span class='ocrx_word' id='word_1_890' title='bbox 2105 5224 2216 5262; x_wconf 84' lang='lat' dir='ltr'><strong>cum</strong></span> <span class='ocrx_word' id='word_1_891' title='bbox 2257 5206 2477 5261; x_wconf 83' lang='lat' dir='ltr'><strong>Christo.</strong></span> <span class='ocrx_word' id='word_1_892' title='bbox 2520 5206 2748 5261; x_wconf 86' lang='lat' dir='ltr'><strong>Medium</strong></span> <span class='ocrx_word' id='word_1_893' title='bbox 2781 5206 2909 5262; x_wconf 88' lang='lat' dir='ltr'><strong>illud</strong></span> <span class='ocrx_word' id='word_1_894' title='bbox 2944 5208 3128 5278; x_wconf 90' lang='lat' dir='ltr'><strong>ponit,</strong></span> <span class='ocrx_word' id='word_1_895' title='bbox 3160 5217 3215 5263; x_wconf 88' lang='lat' dir='ltr'><strong>et</strong></span> <span class='ocrx_word' id='word_1_896' title='bbox 3241 5208 3381 5277; x_wconf 81' lang='lat' dir='ltr'><strong>quod</strong></span> <span class='ocrx_word' id='word_1_897' title='bbox 3411 5217 3495 5264; x_wconf 87' lang='lat' dir='ltr'><strong>est</strong></span> <span class='ocrx_word' id='word_1_898' title='bbox 3524 5206 3689 5261; x_wconf 85' lang='lat' dir='ltr'><strong>vehe-</strong></span> 
     </span>
    </p>
   </div>
   <div class='ocr_carea' id='block_1_110' title="bbox 2106 5296 3695 5368">
    <p class='ocr_par' dir='ltr' id='par_1_110' title="bbox 2106 5296 3695 5368">
     <span class='ocr_line' id='line_1_110' title="bbox 2106 5296 3695 5368; baseline -0.003 -14"><span class='ocrx_word' id='word_1_899' title='bbox 2106 5299 2339 5355; x_wconf 88' lang='lat' dir='ltr'><strong>mentius</strong></span> <span class='ocrx_word' id='word_1_900' title='bbox 2366 5298 2650 5368; x_wconf 88' lang='lat' dir='ltr'><strong>utrimque.</strong></span> <span class='ocrx_word' id='word_1_901' title='bbox 2686 5300 2746 5354; x_wconf 88' lang='lat' dir='ltr'><strong>Si</strong></span> <span class='ocrx_word' id='word_1_902' title='bbox 2773 5299 2957 5353; x_wconf 87' lang='lat' dir='ltr'><strong>mortui</strong></span> <span class='ocrx_word' id='word_1_903' title='bbox 2984 5301 3104 5354; x_wconf 87' lang='lat' dir='ltr'><strong>estis</strong></span> <span class='ocrx_word' id='word_1_904' title='bbox 3137 5315 3250 5352; x_wconf 82' lang='lat' dir='ltr'><strong>cum</strong></span> <span class='ocrx_word' id='word_1_905' title='bbox 3276 5297 3478 5353; x_wconf 80' lang='lat' dir='ltr'><strong>Christo</strong></span> <span class='ocrx_word' id='word_1_906' title='bbox 3505 5297 3567 5350; x_wconf 88' lang='lat' dir='ltr'><strong>ab</strong></span> <span class='ocrx_word' id='word_1_907' title='bbox 3593 5296 3695 5350; x_wconf 79' lang='lat' dir='ltr'><strong>ele-</strong></span> 
     </span>
    </p>
   </div>
   <div class='ocr_carea' id='block_1_111' title="bbox 2110 5389 3693 5461">
    <p class='ocr_par' dir='ltr' id='par_1_111' title="bbox 2110 5389 3693 5461">
     <span class='ocr_line' id='line_1_111' title="bbox 2110 5389 3693 5461; baseline -0.001 -20"><span class='ocrx_word' id='word_1_908' title='bbox 2110 5389 2288 5444; x_wconf 86' lang='lat' dir='ltr'><strong>mentis</strong></span> <span class='ocrx_word' id='word_1_909' title='bbox 2314 5389 2465 5461; x_wconf 83' lang='lat' dir='ltr'><strong>Imjns</strong></span> <span class='ocrx_word' id='word_1_910' title='bbox 2496 5390 2691 5452; x_wconf 88' lang='lat' dir='ltr'><strong>mundi,</strong></span> <span class='ocrx_word' id='word_1_911' title='bbox 2724 5390 2844 5460; x_wconf 86' lang='lat' dir='ltr'><strong>quid</strong></span> <span class='ocrx_word' id='word_1_912' title='bbox 2874 5399 3130 5457; x_wconf 77' lang='lat' dir='ltr'><strong>tamquam</strong></span> <span class='ocrx_word' id='word_1_913' title='bbox 3173 5391 3389 5443; x_wconf 79' lang='lat' dir='ltr'><strong>viventes</strong></span> <span class='ocrx_word' id='word_1_914' title='bbox 3427 5390 3478 5442; x_wconf 89' lang='lat' dir='ltr'><strong>in</strong></span> <span class='ocrx_word' id='word_1_915' title='bbox 3504 5389 3693 5442; x_wconf 83' lang='lat' dir='ltr'><strong>mundo</strong></span> 
     </span>
    </p>
   </div>
   <div class='ocr_carea' id='block_1_112' title="bbox 2109 5478 3693 5550">
    <p class='ocr_par' dir='ltr' id='par_1_112' title="bbox 2109 5478 3693 5550">
     <span class='ocr_line' id='line_1_112' title="bbox 2109 5478 3693 5550; baseline -0.004 -17"><span class='ocrx_word' id='word_1_916' title='bbox 2109 5480 2373 5535; x_wconf 79' lang='lat' dir='ltr'><strong>decernitis</strong></span> <span class='ocrx_word' id='word_1_917' title='bbox 2395 5478 2552 5533; x_wconf 70' lang='lat' dir='ltr'><strong>iNon</strong></span> <span class='ocrx_word' id='word_1_918' title='bbox 2576 5479 2734 5534; x_wconf 86' lang='lat' dir='ltr'><strong>habet</strong></span> <span class='ocrx_word' id='word_1_919' title='bbox 2754 5480 3192 5550; x_wconf 77' lang='lat' dir='ltr'><strong>consequentiam</strong></span> <span class='ocrx_word' id='word_1_920' title='bbox 3215 5496 3228 5531; x_wconf 90' lang='lat'><strong>:</strong></span> <span class='ocrx_word' id='word_1_921' title='bbox 3251 5478 3531 5548; x_wconf 83' lang='lat' dir='ltr'><strong>Oportebat</strong></span> <span class='ocrx_word' id='word_1_922' title='bbox 3551 5479 3693 5532; x_wconf 85' lang='lat' dir='ltr'><strong>enim</strong></span> 
     </span>
    </p>
   </div>
   <div class='ocr_carea' id='block_1_113' title="bbox 2110 5571 3704 5642">
    <p class='ocr_par' dir='ltr' id='par_1_113' title="bbox 2110 5571 3704 5642">
     <span class='ocr_line' id='line_1_113' title="bbox 2110 5571 3704 5642; baseline -0.004 -15"><span class='ocrx_word' id='word_1_923' title='bbox 2110 5571 2309 5636; x_wconf 78' lang='lat' dir='ltr'><strong>dicere,</strong></span> <span class='ocrx_word' id='word_1_924' title='bbox 2352 5572 2631 5641; x_wconf 84' lang='lat' dir='ltr'><strong>Quomodo</strong></span> <span class='ocrx_word' id='word_1_925' title='bbox 2660 5582 2927 5642; x_wconf 80' lang='lat' dir='ltr'><strong>tamquam</strong></span> <span class='ocrx_word' id='word_1_926' title='bbox 2960 5571 3198 5626; x_wconf 84' lang='lat' dir='ltr'><strong>viventes</strong></span> <span class='ocrx_word' id='word_1_927' title='bbox 3224 5571 3547 5640; x_wconf 78' lang='lat' dir='ltr'><strong>subjicintini</strong></span> <span class='ocrx_word' id='word_1_928' title='bbox 3587 5573 3704 5623; x_wconf 80' lang='lat' dir='ltr'><strong>ele—</strong></span> 
     </span>
    </p>
   </div>
   <div class='ocr_carea' id='block_1_114' title="bbox 2113 5655 3700 5734">
    <p class='ocr_par' dir='ltr' id='par_1_114' title="bbox 2113 5655 3700 5734">
     <span class='ocr_line' id='line_1_114' title="bbox 2113 5655 3700 5734; baseline -0.004 -15"><span class='ocrx_word' id='word_1_929' title='bbox 2113 5655 2345 5719; x_wconf 75' lang='lat' dir='ltr'><strong>mentis?</strong></span> <span class='ocrx_word' id='word_1_930' title='bbox 2380 5663 2485 5719; x_wconf 90' lang='lat' dir='ltr'><strong>Sed</strong></span> <span class='ocrx_word' id='word_1_931' title='bbox 2516 5663 2618 5718; x_wconf 80' lang='lat' dir='ltr'><strong>huc</strong></span> <span class='ocrx_word' id='word_1_932' title='bbox 2642 5664 2894 5729; x_wconf 88' lang='lat' dir='ltr'><strong>dimisso,</strong></span> <span class='ocrx_word' id='word_1_933' title='bbox 2924 5663 3049 5734; x_wconf 86' lang='lat' dir='ltr'><strong>quid</strong></span> <span class='ocrx_word' id='word_1_934' title='bbox 3081 5662 3250 5716; x_wconf 77' lang='lat' dir='ltr'><strong>dicit?</strong></span> <span class='ocrx_word' id='word_1_935' title='bbox 3281 5665 3373 5718; x_wconf 71' lang='lat'><strong>2|.</strong></span> <span class='ocrx_word' id='word_1_936' title='bbox 3412 5661 3495 5717; x_wconf 77' lang='lat' dir='ltr'><strong>Ne</strong></span> <span class='ocrx_word' id='word_1_937' title='bbox 3528 5663 3700 5732; x_wconf 69' lang='lat' dir='ltr'><strong>(elige-</strong></span> 
     </span>
    </p>
   </div>
   <div class='ocr_carea' id='block_1_115' title="bbox 2115 5753 3701 5829">
    <p class='ocr_par' dir='ltr' id='par_1_115' title="bbox 2115 5753 3701 5829">
     <span class='ocr_line' id='line_1_115' title="bbox 2115 5753 3701 5829; baseline -0.004 -19"><span class='ocrx_word' id='word_1_938' title='bbox 2115 5757 2242 5824; x_wconf 76' lang='lat' dir='ltr'><strong>ritis,</strong></span> <span class='ocrx_word' id='word_1_939' title='bbox 2276 5772 2429 5828; x_wconf 75' lang='lat' dir='ltr'><strong>neque</strong></span> <span class='ocrx_word' id='word_1_940' title='bbox 2447 5757 2780 5829; x_wconf 69' lang='lat' dir='ltr'><strong>gustaret-itis,</strong></span> <span class='ocrx_word' id='word_1_941' title='bbox 2811 5771 2968 5826; x_wconf 73' lang='lat' dir='ltr'><strong>neque</strong></span> <span class='ocrx_word' id='word_1_942' title='bbox 2986 5756 3405 5809; x_wconf 70' lang='lat' dir='ltr'><strong>rontrertutteritis</strong></span> <span class='ocrx_word' id='word_1_943' title='bbox 3432 5774 3447 5813; x_wconf 67' lang='grc' dir='ltr'><strong><em>ε</em></strong></span> <span class='ocrx_word' id='word_1_944' title='bbox 3473 5753 3544 5814; x_wconf 67' lang='lat' dir='ltr'><strong>2i.</strong></span> <span class='ocrx_word' id='word_1_945' title='bbox 3591 5768 3701 5823; x_wconf 63' lang='lat' dir='ltr'><strong>gnte</strong></span> 
     </span>
    </p>
   </div>
  </div>
