4026 6148
458 367 564 425 διδ

459 489 577 534 sunt
604 476 775 532 omnia
814 476 865 527 in
896 470 1098 526 interitu
1139 466 1248 536 ipso
1278 480 1371 517 usu
1406 458 1681 515 secundum
1713 459 1961 526 prtecepta
1991 455 2036 500 et

460 571 720 626 doctrinas
747 566 1022 620 hominum.

533 663 590 717 2.
622 660 733 716 Non
760 657 909 720 estis,
944 651 1132 722 inquit,
1163 652 1216 704 in
1249 646 1449 703 mundo
1479 663 1494 699 :
1522 640 1790 714 quomodo
1817 636 2038 707 subjici-

464 752 594 807 mini
620 746 937 806 elementis?
964 741 1230 813 quomodo
1251 739 1526 794 hominum
1554 728 2040 789 observationibus?

468 846 532 900 Et
560 842 680 897 vide
705 854 861 910 quam
895 837 1015 891 illos
1042 833 1347 889 ludificetur
1380 848 1394 885 :
1426 828 1503 883 Ne
1530 837 1736 896 tangas,
1761 822 1952 892 inquit,
1975 833 2044 874 ne

463 943 800 994 contrectes,
838 944 905 984 ne
943 937 1160 998 gustes;
1190 924 1340 995 quasi
1385 922 1459 976 illi
1490 916 1806 990 quibusdam
1837 912 2042 983 magnis

463 1025 810 1079 abstinerent.
868 1020 999 1086 Quae
1042 1028 1159 1072 sunt
1200 1016 1372 1070 omnia
1420 1015 1473 1067 iu
1515 1011 1720 1064 interitu
1769 1010 1879 1076 ipso
1925 1021 2038 1057 usu.

465 1116 749 1171 Multorum
780 1112 975 1182 deiecit
1001 1119 1286 1169 tumorem,
1319 1116 1372 1161 et
1398 1102 1670 1172 subjunxit
1704 1119 1717 1155 :
1749 1096 2042 1155 Secundum

463 1216 714 1278 prterepta
755 1215 801 1259 et
845 1204 1101 1257 doctrinas
1144 1201 1421 1254 hominum.
1454 1196 1588 1263 Quid
1629 1193 1807 1247 dicis?
1833 1188 2040 1246 etiamsi

466 1299 638 1369 legem
660 1298 829 1363 dicas,
850 1310 915 1350 ea
939 1294 1048 1362 jam
1076 1301 1158 1347 est
1181 1290 1421 1346 doctrina
1451 1287 1724 1341 hominum
1759 1293 1874 1353 post
1901 1290 2041 1336 tem-

466 1406 584 1459 pus.
615 1389 721 1442 Aut
749 1386 818 1440 ita
846 1385 1013 1447 dixit,
1043 1383 1162 1453 quia
1190 1397 1306 1437 eam
1336 1378 1706 1433 adulterabant
1746 1390 1808 1430 ac
1838 1374 2038 1442 depra-

464 1481 698 1543 vahant;
725 1486 816 1531 aut
839 1477 997 1531 tacite
1021 1473 1282 1542 signiﬁcat
1310 1488 1372 1527 ea
1400 1487 1520 1541 quae
1549 1479 1671 1524 sunt
1699 1467 2032 1522 Graecorum.

467 1570 680 1633 Totum,
698 1568 885 1639 inquit,
898 1576 981 1621 est
999 1566 1189 1635 dogma
1211 1580 1302 1619 seu
1327 1563 1598 1616 decretum
1622 1560 1929 1613 lmmanum.
1948 1556 2036 1609 25.

469 1662 599 1727 Quae
612 1669 734 1715 sunt
754 1659 996 1713 rationem
1019 1657 1223 1727 quidem
1251 1654 1484 1708 [iubentia
1508 1651 1769 1722 sapientia:
1785 1652 1837 1702 in
1858 1664 2039 1716 super-

466 1752 667 1805 stitione
692 1758 740 1803 et
764 1749 1061 1809 humilitate,
1089 1755 1136 1800 et
1161 1761 1260 1800 non
1287 1745 1355 1798 ad
1380 1743 1685 1815 parcendum
1707 1740 1929 1811 corpori,
1952 1755 2043 1791 nec

464 1844 517 1896 in
548 1841 737 1895 honore
758 1820 978 1910 quodam
1000 1838 1071 1891 ad
1091 1836 1408 1891 saturitatem
1432 1834 1618 1888 carnis.
1646 1832 1932 1893 Rationem,
1957 1831 2044 1883 in-

463 1935 598 2001 quit,
618 1949 721 1988 non
741 1932 845 1986 vim
864 1948 880 1997 ;
897 1946 1026 2000 ergo
1047 1945 1147 1985 nec
1168 1928 1464 1984 veritatem.
1482 1924 1840 1994 Quamobrem
1864 1924 2045 1977 etiam-

466 2026 511 2079 si
530 2026 786 2080 rationem
807 2022 1007 2078 habeas
1026 2021 1321 2091 sapientiae,
1336 2033 1666 2073 aversamur.
1680 2016 1812 2070 Nam
1839 2014 2047 2070 videtur

468 2115 661 2185 aliquis
678 2130 797 2170 esse
815 2115 933 2185 pius
950 2124 1004 2167 et
1024 2112 1317 2177 modestus,
1335 2120 1388 2166 et
1403 2124 1598 2179 corpus
1620 2108 1923 2176 despicere;
1949 2122 2045 2161 ne-

470 2224 575 2277 que
602 2217 778 2262 tamen
802 2208 919 2261 talis
940 2214 1040 2260 est.
1060 2204 1111 2258 Ν
1114 2222 1176 2258 on
1194 2204 1246 2257 in
1265 2204 1454 2257 honore
1467 2203 1634 2272 aliqua
1650 2201 1717 2253 ad
1733 2200 2046 2253 saturitatem

471 2301 657 2352 carnis.
683 2298 819 2353 Dens
848 2297 989 2351 enim
1016 2295 1161 2351 dedit
1185 2295 1477 2358 honorem;
1510 2292 1608 2362 ipsi
1637 2300 1813 2347 autem
1838 2305 1941 2345 non
1966 2291 2044 2344 usi

472 2399 598 2443 sunt
633 2404 752 2444 cum
796 2387 1017 2443 honore.
1050 2387 1139 2442 Sic
1179 2384 1393 2456 quando
1422 2385 1578 2439 fuerit
1604 2383 1796 2453 dogma
1825 2398 1918 2437 seu
1948 2382 2047 2436 dc-

469 2488 697 2544 eretum,
731 2478 780 2533 id
818 2480 917 2534 scit
949 2494 1140 2533 vocare
1168 2477 1446 2533 honorem.
1490 2475 1760 2530 Dedecore
1782 2517 1796 2541 ,
1844 2474 2043 2545 inquit,

470 2570 707 2624 afficiunt
757 2584 971 2624 carnem
992 2613 1006 2630 .
1039 2584 1156 2624 eam
1189 2569 1459 2639 privantes
1485 2577 1539 2621 et
1570 2575 1882 2636 potestatem
1925 2565 2044 2619 adi-

469 2670 710 2725 ntentes;
745 2676 848 2714 non
893 2661 1203 2728 permittens
1245 2671 1304 2713 ut
1351 2657 1661 2713 voluntaria:
1704 2656 2045 2712 dominetur:

470 2754 612 2808 Deus
647 2768 860 2808 carnem
916 2751 1215 2808 honoravit.
1266 2750 1415 2821 (Cap.
1445 2744 1523 2814 3.)
1547 2750 1598 2807 ι.
1626 2747 1826 2821 Igitur,
1854 2749 1898 2803 si
1924 2766 2049 2803 cou-

468 2844 751 2899 surreristis
781 2860 899 2897 cum
925 2842 1148 2906 Christo,
1173 2858 1290 2913 qua:
1311 2858 1513 2897 sursum
1540 2852 1657 2896 sunt
1681 2843 1908 2912 quaerite.
1941 2841 2053 2898 Eos

473 2935 742 2997 conciliat,
768 2948 889 2988 cum
911 2933 1157 3001 superius
1184 2932 1461 3002 probasset
1476 2947 1600 2987 eum
1618 2946 1740 2987 esse
1761 2943 2048 2987 mortuum.

481 3026 760 3094 Propterea
786 3024 912 3079 dicit
945 3042 958 3077 :
990 3024 1175 3096 Igitur,
1200 3024 1246 3079 si
1271 3025 1661 3079 eonsurrexistis
1684 3041 1800 3079 cum
1827 3023 2047 3091 Christo,

477 3133 591 3187 qua
631 3134 830 3172 sursum
869 3128 984 3172 sunt
1026 3120 1252 3189 quterite.
1301 3117 1414 3173 Non
1454 3127 1540 3174 est
1580 3119 1685 3175 illic
1727 3120 2051 3176 observatio.

483 3208 610 3274 Qua:
642 3224 839 3261 sursum
878 3218 993 3262 sunt
1021 3208 1261 3278 quazrite,
1300 3207 1386 3261 ubi
1410 3207 1642 3264 Christus
1667 3220 1738 3264 est
1768 3211 1819 3264 in
1850 3212 2056 3265 dextera

481 3300 575 3352 hei
615 3299 813 3353 sedens.
859 3284 1016 3368 Papa:
1053 3301 1068 3354 i
1111 3315 1219 3369 quo
1263 3307 1496 3355 mentem
1543 3310 1777 3355 nostram
1827 3302 2057 3357 evexit?

479 3392 745 3461 quomodo
774 3405 871 3446 eos
907 3406 1103 3463 magno
1132 3391 1375 3462 implevit
1400 3391 1625 3460 spiritu!
1653 3392 1769 3447 Non
1795 3395 1924 3448 satis
1953 3393 2053 3447 ba-

479 3483 592 3535 buit
635 3482 835 3537 dixisse
876 3497 996 3552 qua:
1038 3496 1249 3536 sursum
1278 3493 1433 3548 sunt,
1480 3498 1652 3553 neque
1680 3484 1769 3538 ubi
1810 3484 2056 3540 Christus

480 3587 594 3639 est;
622 3575 715 3630 sed
744 3575 903 3645 quid?
935 3573 996 3627 In
1016 3576 1220 3630 dextera
1249 3574 1346 3629 Dei
1372 3575 1570 3630 sedens.
1603 3576 1750 3631 Illinc
1772 3576 1840 3631 de
1857 3586 2059 3633 ca'tcro

485 3666 660 3721 eﬁ’ecit
700 3674 757 3721 ut
802 3668 854 3721 in
887 3677 1082 3721 terram
1126 3683 1229 3722 non
1278 3669 1589 3738 aspiciatur.
1617 3669 1672 3723 2.
1702 3670 1831 3738 Qua:
1857 3688 2057 3726 sursum

488 3767 604 3811 sunt
644 3758 824 3827 sapite,
868 3776 969 3813 non
1005 3775 1116 3829 quae
1144 3776 1294 3828 super
1338 3771 1521 3816 terram
1553 3779 1573 3817 :
1603 3764 1656 3818 3.
1702 3765 1887 3817 mortui
1928 3765 2061 3818 enim

489 3851 642 3916 estis,
674 3860 721 3904 et
746 3851 845 3904 vita
874 3862 1034 3905 vestra
1060 3852 1350 3908 abscondita
1384 3866 1454 3908 est
1476 3871 1594 3909 cum
1624 3856 1821 3912 Christo
1847 3858 1899 3911 in
1925 3856 2058 3913 Deo.

488 3941 541 3995 4.
583 3940 709 3996 Cum
738 3952 900 3996 autem
936 3941 1164 3999 Christus
1187 3949 1499 4016 apparuerit,
1522 3948 1626 4002 vita
1656 3962 1837 4013 vestra,
1871 3960 1989 4004 tunc
2014 3959 2061 4004 et

486 4047 572 4086 vos
597 4032 906 4103 apparebitis
932 4050 1043 4087 cum
1069 4035 1178 4105 ipso
1206 4037 1258 4089 in
1297 4037 1479 4107 gloria.
1515 4038 1630 4092 Vita
1650 4080 1666 4105 ,
1710 4040 1912 4110 inquit,
1948 4040 2063 4096 hmc

485 4140 589 4180 non
612 4135 691 4181 est
722 4135 897 4180 vestra
920 4143 934 4191 ;
959 4136 1041 4181 est
1068 4126 1309 4197 quadam
1338 4131 1439 4183 alia
1471 4131 1577 4184 vita
1605 4140 1800 4185 vestra.
1828 4131 1943 4186 lam
1970 4148 2060 4185 ur-

482 4226 571 4286 get
599 4225 658 4271 ut
683 4232 775 4272 eos
802 4216 1116 4284 transferat,
1142 4228 1198 4273 et
1225 4221 1500 4274 contendit
1539 4222 1824 4277 ostendere
1848 4238 1941 4277 eos
1971 4239 2060 4277 se-

483 4310 611 4363 dere
640 4323 905 4379 superne,
938 4311 1147 4365 etiamsi
1178 4311 1284 4365 sint
1312 4313 1504 4366 mortui
1524 4354 1539 4378 ,
1569 4329 1635 4368 ex
1669 4315 1909 4384 utrisque
1939 4307 2062 4383 pro-

488 4400 617 4454 hans
666 4416 771 4454 non
813 4415 935 4456 esse
979 4401 1265 4470 qua‘renda
1297 4420 1416 4472 qua:
1463 4404 1558 4477 hic,
1593 4414 1737 4459 sunt.
1769 4406 1898 4459 Nam
1946 4409 2063 4463 sive

488 4491 681 4545 mortui
732 4494 882 4556 estis,
932 4509 1038 4546 non
1081 4494 1287 4550 debetis
1339 4512 1611 4564 qtaererc;
1668 4500 1779 4553 sive
1836 4515 2065 4568 superne

488 4581 637 4648 estis,
666 4598 768 4637 non
798 4584 1006 4639 debetis
1032 4601 1298 4654 quzerere.
1332 4587 1512 4656 Neque
1536 4599 1755 4659 apparet
1784 4591 2060 4656 Chrisms;

487 4688 615 4742 ergo
657 4689 827 4745 nequc
872 4676 978 4729 vita
1031 4687 1249 4731 vestra:
1285 4679 1335 4731 in
1370 4678 1479 4732 Deo
1520 4689 1602 4733 est
1636 4680 1774 4748 apud
1821 4699 2064 4751 superos.

491 4766 623 4831 Quid
667 4767 836 4836 ergo?
882 4768 1097 4837 quando
1126 4770 1406 4825 vivemus?
1443 4773 1575 4827 Cttm
1605 4773 1850 4830 Christus
1907 4793 2068 4845 appa—

489 4857 676 4924 ruerit,
700 4858 807 4913 vita
834 4871 1034 4927 vestra,
1060 4870 1186 4916 tunc
1210 4862 1434 4931 gloriam
1463 4865 1703 4932 qurrrite,
1730 4874 1855 4920 tunc
1878 4869 2065 4932 vitam,

490 4959 613 5004 tunc
633 4951 874 5005 delicias.
904 4952 1028 5007 llaec
1052 4962 1178 5007 sunt
1205 4955 1396 5024 quibus
1423 4955 1524 5011 iter
1553 4959 1755 5023 munit,
1785 4968 1838 5013 ut
1860 4975 1955 5015 cos
1975 4961 2069 5017 ab-

489 5041 650 5093 ducat
672 5054 703 5093 a
733 5040 938 5095 deliciis
964 5043 1182 5112 otioque
1208 5053 1264 5098 et
1293 5045 1496 5114 requie.
1530 5046 1624 5101 llic
1649 5057 1732 5103 est
1758 5064 1873 5103 mos
1909 5052 2025 5118 ejus
2048 5091 2064 5118 ,

490 5129 664 5182 utalia
700 5131 929 5198 probans
953 5142 1010 5187 et
1036 5135 1397 5198 conﬁrmans,
1436 5136 1502 5190 ad
1540 5137 1642 5192 alia
1676 5141 1981 5196 transiliat:
2010 5153 2068 5197 ut

494 5219 561 5274 de
589 5220 652 5275 iis
682 5220 906 5291 loquens
929 5224 1017 5293 qui
1045 5240 1253 5282 emuam
1291 5228 1674 5298 anticipabant,
1718 5243 1936 5302 repente
1974 5234 2068 5290 de-

492 5311 668 5380 lapsus
696 5323 779 5369 est
813 5314 879 5367 ad
907 5314 1335 5372 observationem
1380 5321 1780 5390 mysteriorum.
1817 5324 2063 5395 Magnum

484 5402 625 5456 enim
652 5404 923 5475 quidpiam
965 5408 1350 5477 reprehensio,
1383 5426 1506 5467 cum
1545 5412 1678 5467 facta
1722 5412 1885 5468 fuerit
1930 5417 2064 5471 citra

485 5494 867 5562 suspicionem.
914 5498 1222 5553 Abscondita
1266 5510 1360 5566 est,
1403 5501 1596 5571 inquit,
1636 5518 1666 5555 a
1712 5504 1882 5559 vobis.
1921 5504 2065 5560 Tunc

485 5596 569 5635 vos
592 5600 786 5654 quoque
810 5602 925 5640 eum
953 5604 1009 5642 eo
1035 5589 1361 5659 apparebitis.
1392 5592 1750 5660 Quamobrem
1782 5611 1921 5652 nunc
1955 5614 2059 5653 non

484 5676 772 5741 apparetis.
803 5676 937 5733 Vide
967 5682 1239 5748 quomodo
1265 5696 1362 5737 eos
1393 5683 1640 5739 transfert
1672 5685 1723 5738 in
1751 5685 1921 5755 ipsum
1952 5703 2062 5743 cte-

485 5762 611 5818 lum.
637 5764 768 5821 Nam
802 5767 939 5823 sicut
962 5769 1088 5837 dixi,
1123 5787 1337 5844 semper
1362 5776 1635 5832 contendit
1661 5778 1942 5834 ostendere
1967 5796 2062 5837 eos

1315 348 1379 404 IN
1418 343 1630 402 EPIST.
1673 341 1763 398 AD
1799 333 2075 395 COLOSS.
2117 330 2270 388 CAP.
2315 330 2401 387 III.
2443 332 2672 389 IIOMIL.
2719 331 2829 388 νιι.

3622 337 3724 393 386

2147 445 2334 502 eadem
2369 448 2563 505 habere
2589 467 2706 521 qua:
2734 450 3009 510 Christus:
3041 459 3095 505 et
3123 465 3214 520 per
3236 467 3420 507 omnes
3455 470 3580 509 snas
3606 461 3726 525 cpio

2146 545 2313 601 Stolas
2335 544 2435 598 hoc
2461 551 2585 613 agit,
2613 554 2669 598 ut
2691 543 2939 598 ostendat
2960 559 3052 597 eos
3078 545 3390 601 societatem
3412 558 3462 601 et
3486 564 3723 603 commu-

2145 639 2359 693 nionem
2389 653 2599 691 cum-co
2629 637 2825 692 habere
2852 636 2904 689 in
2936 636 3203 690 omnibus.
3236 637 3526 708 Drapterea
3549 650 3601 693 et
3635 656 3726 693 ca-

2144 740 2237 802 put
2267 730 2395 784 dicit
2424 736 2480 785 ct
2522 743 2745 796 corpus,
2779 738 2831 782 et
2863 725 3039 784 omnia
3083 728 3227 797 facit,
3277 740 3335 784 ut
3384 730 3485 786 hoc
3523 747 3727 802 rephe-

2144 830 2320 877 sentct
2361 830 2412 875 et
2456 819 2728 875 exhibeat.
2772 817 2827 875 Si
2873 834 3003 890 ergo
3048 830 3174 876 tunc
3216 823 3626 891 apparebimus,
3660 840 3726 878 ne

2144 914 2422 969 doleamus
2447 911 2658 983 quando
2690 910 2947 966 honorem
2989 928 3093 966 non
3123 916 3458 984 assequimur
3489 933 3503 970 :
3538 917 3583 971 si
3615 917 3726 972 lure

2143 1006 2248 1059 vita
2274 1020 2380 1059 non
2407 1013 2489 1058 est
2514 1004 2639 1067 vita,
2665 1004 2757 1058 sed
2790 1013 2874 1059 est
2901 1004 3159 1060 absconsa
3181 1048 3195 1072 ,
3231 1017 3499 1078 tamquam
3531 1019 3724 1062 mortui

2146 1098 2403 1153 debemus
2431 1098 2567 1155 hanc
2596 1098 2757 1150 vitam
2788 1097 2986 1152 vivere.
3019 1096 3160 1151 Tunc
3185 1108 3234 1152 et
3260 1115 3362 1164 ros,
3392 1101 3582 1172 inquit,
3612 1119 3725 1154 cum

2143 1191 2256 1261 ipso
2280 1189 2587 1262 apparebitis
2616 1192 2668 1244 in
2698 1191 2881 1261 gloria.
2916 1189 2982 1244 In
3011 1189 3177 1265 gloria
3206 1191 3341 1245 dixit
3366 1207 3472 1245 non
3503 1194 3599 1247 ahs
3627 1210 3684 1249 re
3708 1236 3724 1259 ,

2146 1298 2246 1339 nec
2287 1281 2698 1337 inconsiderate.
2734 1282 2865 1336 Nam
2895 1294 2949 1337 et
2974 1283 3259 1353 margarita
3305 1293 3388 1338 est
3416 1284 3678 1339 absconsa
3708 1328 3723 1351 ,

2144 1372 2398 1443 quamdiu
2437 1372 2599 1428 fuerit
2636 1373 2687 1426 in
2714 1382 2911 1427 ostreo.
2942 1371 3065 1428 Sive
3108 1387 3235 1444 ergo
3261 1375 3580 1428 contumelia
3610 1376 3716 1430 afﬁ-

2144 1466 2371 1528 ciamur,
2414 1479 2481 1519 ne
2520 1464 2831 1530 doleamus;
2874 1464 2990 1519 sive
3029 1464 3255 1533 quodvis
3283 1469 3586 1535 patiamur:
3618 1485 3720 1522 non

2144 1565 2228 1612 est
2251 1558 2393 1611 enim
2422 1566 2604 1613 nostra
2634 1559 2736 1611 vita
2765 1556 2879 1611 haec
2910 1556 3018 1611 vita
3052 1576 3066 1612 :
3104 1558 3340 1628 hospites
3368 1562 3511 1614 enim
3540 1570 3594 1615 et
3623 1576 3721 1631 pc-

2147 1649 2342 1718 regrini
2373 1662 2600 1713 sumus;
2630 1646 2826 1721 Mottui
2843 1648 3002 1715 enim,
3037 1648 3239 1719 inquit,
3266 1650 3403 1703 estis.
3434 1650 3563 1717 Quis
3590 1651 3725 1704 adeo

2147 1738 2341 1808 desipit
2371 1747 2427 1792 ut
2467 1749 2680 1793 mortuo
2707 1737 2924 1808 corpori
2965 1740 3173 1810 sepulto
3201 1750 3295 1795 aut
3333 1755 3518 1796 servos
3543 1752 3685 1797 emat
3708 1785 3723 1804 ,

2150 1841 2241 1884 aut
2272 1830 2461 1886 domos
2489 1831 2717 1886 aediﬁcet
2736 1873 2751 1898 ,
2782 1842 2873 1887 aut
2900 1835 3164 1904 pretiosas
3193 1845 3371 1890 restes
3412 1838 3728 1905 comparet?

2149 1924 2355 1979 Nullus.
2398 1924 2506 1979 Nec
2536 1939 2636 1979 nos
2663 1938 2791 1996 ergo
2816 1941 2830 1989 ;
2860 1925 2953 1980 sed
2981 1926 3119 1981 sicut
3143 1943 3304 1981 unum
3335 1927 3508 1982 solum
3539 1930 3729 1998 quaeri-

2151 2031 2286 2080 mus,
2322 2031 2388 2069 ne
2418 2016 2589 2071 simus
2618 2017 2798 2070 nudati
2834 2034 2847 2070 :
2881 2017 2948 2073 ita
2980 2017 3064 2073 hic
3089 2031 3303 2089 quoque
3329 2033 3492 2073 unum
3520 2035 3728 2088 quarta-

2148 2123 2289 2162 mus.
2315 2107 2566 2177 Sepultus
2600 2117 2683 2164 est
2723 2117 2907 2164 noster
2933 2109 3136 2178 primus
3161 2109 3346 2174 homo,
3377 2111 3620 2180 sepultus
3647 2122 3729 2165 est

2151 2214 2255 2254 non
2284 2200 2336 2254 in
2364 2207 2526 2262 terra,
2557 2199 2650 2254 sed
2679 2200 2730 2254 in
2773 2216 2945 2269 aqua;
2977 2216 3081 2255 non
3121 2212 3293 2257 morte
3333 2203 3503 2272 ipsum
3537 2203 3729 2258 dissol-

2148 2299 2325 2356 vente,
2357 2290 2449 2345 sed
2473 2306 2538 2345 eo
2562 2291 2649 2359 qui
2674 2301 2897 2345 mortem
2921 2292 3181 2357 di~solrit,
3212 2293 3383 2362 ipsum
3406 2295 3727 2363 scpcliente;

2152 2398 2258 2439 non
2288 2385 2402 2453 lege
2433 2393 2658 2448 naturae,
2694 2384 2788 2438 sed
2817 2385 2968 2453 jussu
2996 2384 3216 2440 fortiore
3248 2401 3406 2456 quam
3446 2388 3515 2441 sit
3538 2397 3594 2442 et
3633 2405 3728 2441 na-

2156 2483 2271 2529 tura
2324 2483 2379 2528 et
2423 2473 2738 2528 dominium.
2769 2474 2901 2529 Nam
2932 2491 3051 2545 quze
3091 2475 3227 2530 facta
3269 2484 3394 2530 sunt
3436 2491 3466 2529 a
3516 2488 3727 2535 natura.

2152 2565 2459 2622 dissolverit
2479 2567 2638 2621 etiam
2656 2567 2916 2638 quispiam
2939 2584 2954 2631 ;
2978 2583 3096 2637 qua:
3122 2577 3300 2622 autem
3329 2568 3398 2624 ab
3418 2558 3532 2639 ejus
3554 2570 3729 2639 jussu,

2152 2673 2510 2730 nequaquam.
2562 2660 2670 2714 Ilac
2716 2661 2991 2731 sepultura
3034 2661 3165 2716 nihil
3216 2671 3298 2716 est
3338 2661 3544 2717 beatius
3571 2705 3585 2729 ,
3629 2678 3733 2733 qua

2150 2766 2340 2808 omnes
2378 2753 2644 2817 imtantur,
2675 2762 2731 2807 et
2763 2753 2940 2823 angeli
2984 2761 3041 2810 et
3088 2753 3333 2809 homines
3375 2763 3429 2809 et
3477 2753 3734 2809 Dominus

2153 2844 2466 2915 angelorum
2496 2860 2513 2899 :
2543 2844 2667 2899 huic
2695 2844 2986 2914 sepultura:
3028 2860 3132 2899 non
3162 2861 3296 2914 opus
3335 2854 3419 2899 est
3463 2845 3696 2900 restibus
3720 2886 3734 2907 .

2154 2952 2260 2992 non
2309 2937 2506 3003 loculo,
2554 2951 2654 2992 nec
2700 2937 2806 2991 ulla
2851 2954 2910 2993 re
2954 2939 3056 2992 alia
3102 2937 3391 3006 ejusmodi.
3432 2938 3526 2992 Vis
3554 2939 3737 2994 videre

2154 3029 2459 3100 symbolum
2487 3043 2582 3084 seu
2622 3028 2877 3099 signum?
2901 3028 3190 3084 Ostendam
3234 3029 3327 3084 tibi
3370 3029 3648 3099 piscinam,
3684 3031 3735 3084 in

2154 3137 2255 3192 qua
2283 3120 2419 3176 alius
2446 3120 2659 3190 quidem
2687 3130 2769 3174 est
2801 3119 3064 3189 sepultus,
3095 3119 3228 3173 alius
3250 3134 3379 3173 vero
3408 3119 3736 3173 resurrexit:

2160 3215 2211 3269 in
2235 3214 2368 3269 mari
2396 3213 2578 3268 Rubro
2603 3212 2835 3268 demersi
2862 3221 2987 3266 sunt
3012 3210 3273 3281 Egyptii.
3306 3211 3666 3266 ascenderunt
3686 3225 3740 3265 et

2157 3314 2513 3377 pervaserunt
2546 3302 2823 3357 Israelitte.
2857 3303 2964 3357 Res
2990 3302 3177 3356 eadem
3216 3302 3375 3355 alium
3406 3301 3619 3372 quidem
3651 3317 3737 3357 se-

2158 3396 2309 3467 pelit,
2331 3396 2498 3450 alium
2519 3410 2647 3449 vero
2676 3402 2914 3464 generat.

2229 3491 2283 3544 5.
2302 3488 2379 3542 Ne
2399 3486 2631 3552 mireris,
2656 3485 2699 3539 si
2723 3494 2872 3539 ortus
2892 3494 2945 3539 et
2970 3484 3213 3539 interitus
3232 3483 3300 3538 sit
3324 3483 3375 3537 in
3398 3483 3737 3554 baptismate.

2160 3579 2290 3634 Nam
2318 3618 2333 3645 ,
2361 3578 2447 3633 dic
2475 3578 2603 3632 mihi
2628 3618 2644 3643 ,
2686 3576 2897 3632 solvere
2937 3584 2991 3631 et
3019 3576 3387 3645 conglutinare
3417 3591 3593 3631 nonne
3619 3585 3741 3630 sunt

2160 3669 2462 3728 contraria?
2504 3669 2688 3725 Cuivis
2714 3679 2799 3724 est
2828 3668 3188 3739 perspicuum.
3236 3667 3348 3722 Hoc
3394 3668 3517 3722 facit
3558 3667 3739 3738 ignis:

2161 3778 2285 3818 nam
2313 3776 2490 3817 ceram
2517 3760 2730 3832 quidem
2764 3760 3004 3816 dissolvit
3031 3768 3085 3816 et
3113 3760 3308 3831 perdit,
3345 3769 3539 3816 terram
3566 3770 3742 3815 autem

2162 3854 2479 3909 metallicam
2506 3851 2869 3923 conglutinat,
2914 3863 2965 3907 et
2997 3868 3185 3906 aurum
3220 3852 3363 3907 facit.
3396 3852 3468 3906 Ita
3500 3852 3588 3907 hic
3611 3868 3744 3923 quo-

2162 3961 2287 4016 que,
2318 3959 2526 4001 ceream
2564 3954 2791 3998 statuam
2818 3958 2937 3996 cum
2970 3943 3048 3995 vis
3080 3943 3215 4011 ignis
3242 3942 3522 4007 delcverit,
3556 3957 3652 4010 pro
3676 3957 3738 3997 ea

2163 4056 2349 4095 aurum
2381 4039 2558 4094 reddit
2590 4056 2603 4093 :
2636 4053 2851 4092 eramus
2880 4038 3023 4091 enim
3067 4035 3224 4106 plane
3266 4036 3394 4089 lutei
3442 4046 3566 4091 ante
3599 4039 3746 4091 lava-

2164 4147 2337 4196 crum,
2378 4131 2525 4185 aurei
2553 4137 2731 4183 autem
2766 4136 2970 4198 postea.
3003 4125 3157 4181 Unde
3189 4126 3289 4180 hoc
3331 4127 3590 4181 constat?
3611 4128 3745 4181 Audi

2166 4224 2338 4294 ipsum
2365 4223 2633 4278 dicentem
2668 4238 2681 4273 :
2722 4219 2923 4273 Primus
2953 4219 3100 4271 homo
3131 4234 3158 4271 e
3186 4228 3341 4283 terra,
3376 4227 3632 4285 terrenus;
3666 4237 3745 4275 se-

2166 4317 2360 4368 cundus
2405 4317 2554 4367 homo
2597 4329 2625 4366 e
2667 4312 2806 4374 creto,
2857 4310 3070 4364 ctelestis
3116 4309 3189 4378 (l.
3230 4309 3347 4363 Cor.
3377 4310 3464 4364 15.
3494 4310 3607 4381 47).
3639 4311 3747 4380 Ego

2165 4406 2380 4476 quidem
2413 4404 2521 4458 dixi
2548 4412 2802 4473 quantum
2833 4401 3046 4455 intersit
3075 4401 3215 4454 inter
3240 4400 3410 4453 lutum
3434 4410 3487 4454 et
3514 4415 3701 4454 aurum
3729 4417 3744 4464 ;

2168 4495 2343 4550 inveni
2375 4504 2553 4549 autem
2582 4493 2839 4562 majorem
2861 4490 3217 4546 differentiam
3243 4491 3474 4545 caelestis
3496 4501 3552 4545 et
3572 4500 3743 4545 terre-

2169 4590 2221 4643 ni
2250 4606 2261 4640 :
2290 4603 2395 4642 non
2424 4595 2627 4641 tantum
2654 4596 2833 4639 autem
2857 4583 3083 4638 interest
3105 4583 3243 4638 inter
3273 4582 3438 4637 lutum
3461 4592 3512 4637 et
3534 4596 3746 4643 aurum,

2170 4689 2421 4751 quantum
2453 4679 2594 4734 inter
2625 4688 2834 4734 terrena
2861 4686 2916 4732 et
2956 4677 3208 4733 caelestia.
3252 4675 3405 4731 Cerei
3443 4690 3656 4731 eramus
3698 4683 3749 4728 et

2173 4772 2300 4827 lutei
2333 4788 2347 4826 :
2380 4785 2479 4826 nos
2508 4771 2648 4824 enim
2678 4768 2947 4839 liquefecit
2984 4768 3197 4822 ﬂamma
3224 4767 3545 4836 cupiditatis,
3578 4765 3746 4818 multo

2172 4864 2339 4934 magis
2381 4877 2539 4936 quam
2571 4877 2748 4917 ceram
2793 4862 2967 4933 Ignis;
3016 4868 3071 4915 et
3111 4863 3310 4929 quaevis
3354 4872 3451 4913 nos
3488 4855 3750 4925 confregit

2173 4957 2412 5021 tentatio,
2451 4956 2614 5010 multo
2637 4954 2803 5025 magis
2825 4969 2982 5024 quam
3006 4953 3179 5007 Iuteos
3207 4952 3366 5022 lapis.
3391 4952 3474 5014 Et,
3501 4951 3544 5004 si
3564 4949 3747 5015 vultis,

2171 5049 2537 5105 describamus
2560 5050 2723 5102 vitam
2750 5048 3004 5118 priorem,
3037 5053 3095 5098 ut
3121 5043 3396 5099 videamus
3425 5059 3547 5096 num
3570 5043 3747 5095 omnia

2170 5151 2352 5196 essent
2384 5152 2521 5195 terra
2552 5150 2606 5195 et
2629 5154 2764 5210 aqua
2791 5180 2805 5203 ,
2834 5148 2890 5194 et
2927 5136 3231 5206 hujusmodi
3272 5146 3328 5190 ut
3369 5137 3537 5191 insmr
3568 5136 3747 5205 Euripi

2173 5233 2398 5287 ﬂuerent
2423 5242 2473 5286 et
2501 5231 2806 5292 retinerent,
2842 5239 3129 5298 essentque
3156 5228 3316 5282 veluti
3349 5229 3522 5298 pulvis
3545 5270 3558 5295 ,
3593 5230 3749 5298 plane

2173 5323 2435 5378 instabilia
2478 5331 2532 5376 et
2575 5320 2885 5376 diffluentia.
2940 5320 3025 5382 Et,
3075 5320 3119 5373 si
3170 5313 3346 5382 vultis,
3379 5320 3751 5373 examini-inus

2172 5433 2278 5470 non
2309 5417 2507 5485 priora,
2536 5413 2628 5468 sed
2658 5413 2955 5483 prtesentia,
2992 5428 3120 5466 num
3147 5413 3323 5465 omnia
3366 5412 3531 5468 instar
3560 5413 3753 5481 pulve-

2174 5511 2247 5565 ris
2290 5519 2342 5565 et
2379 5523 2532 5578 aquze
2560 5521 2681 5562 esse
2707 5507 3058 5576 reperiamus.
3089 5506 3226 5575 Quid
3255 5508 3395 5561 enim
3425 5508 3504 5561 vis
3544 5524 3641 5561 nos
3672 5508 3751 5560 di-

2173 5601 2338 5655 cere?
2369 5599 2710 5668 magistratus
2736 5607 2791 5652 et
2821 5596 3193 5666 principatus?
3219 5597 3353 5651 nihil
3385 5597 3524 5653 enim
3553 5597 3605 5651 in
3649 5598 3749 5652 hac

2172 5693 2275 5745 vita
2317 5690 2525 5744 videtur
2554 5703 2675 5742 esse
2707 5688 2874 5757 magis
2905 5688 3289 5742 a-niulandum.
3329 5688 3434 5743 Sed
3475 5689 3642 5759 magis
3670 5690 3750 5742 in-

2175 5781 2381 5836 veneris
2410 5779 2679 5850 pulverem
2708 5779 2759 5834 in
2787 5794 2910 5835 aere
2940 5788 3168 5835 stantem
3189 5820 3204 5848 ,
3234 5795 3391 5851 quam
3420 5779 3533 5837 hate
3557 5822 3572 5847 ,
3607 5795 3745 5834 nunc
