4026 6148
334 288 434 346 ’5ὶῖ

326 406 577 462 maxime.
604 403 702 461 Cui
741 402 887 460 enim
925 417 1032 458 non
1064 409 1189 457 sunt
1215 402 1485 472 subjecti?
1529 402 1601 458 lis
1644 403 1734 472 qui
1765 403 1911 473 ipsos

329 506 532 565 amant,
560 497 854 562 eunuchis,
886 494 953 550 iis
980 494 1069 566 qui
1101 494 1340 563 pecuniae
1369 494 1536 563 gratia
1571 493 1773 549 faciunt
1798 509 1914 548 om-

330 595 436 656 nia,
473 591 565 644 ine
592 589 809 659 populi,
842 586 1202 657 potentiorum
1254 584 1630 656 indignationi.
1661 585 1762 654 Qui
1796 584 1911 639 heri

329 682 575 738 sublimis
617 683 669 736 in
716 679 1000 741 tribunali,
1049 677 1278 734 habebat
1324 693 1600 750 praecones
1643 678 1752 733 alta
1781 693 1913 733 voce

328 776 655 836 clamantes,
700 781 753 826 et
797 771 993 826 mullos
1020 780 1445 841 praecurrentes,
1476 781 1530 827 et
1568 772 1621 827 in
1660 770 1776 827 foro
1817 787 1913 827 su—

330 865 492 934 perbe
518 874 571 920 et
599 863 832 935 gloriose
862 862 1189 927 incedentes,
1221 873 1305 919 est
1326 863 1485 919 hodie
1506 863 1644 928 vilis,
1672 862 1910 929 humilis,

326 959 588 1029 abiectus,
632 957 702 1013 ab
739 955 989 1013 omnibus
1035 956 1140 1013 illis
1179 956 1426 1013 desertus
1461 966 1516 1011 et
1557 956 1750 1023 nudus,
1780 965 1914 1012 tam-

328 1064 486 1123 quam
519 1047 692 1118 pulvis
725 1048 1065 1115 eventilatas,
1096 1056 1366 1118 tamquam
1398 1047 1536 1125 unda
1565 1064 1682 1119 quae
1720 1058 1913 1118 praete-

325 1140 418 1195 riit
443 1139 548 1212 (ιι).
578 1139 728 1195 Sicut
763 1149 943 1195 autem
984 1139 1160 1210 pulvis
1188 1139 1451 1195 excitatur
1476 1154 1507 1194 a
1537 1140 1731 1194 nostris
1765 1139 1915 1209 pedi-

326 1228 456 1299 bus,
504 1232 577 1285 ita
603 1231 767 1286 etiam
806 1230 1082 1300 pariuntur
1108 1230 1452 1301 magistratus
1477 1230 1546 1285 ab
1582 1231 1769 1302 iis-qui
1794 1247 1913 1286 ver-

325 1333 512 1379 santur
538 1322 594 1378 in
622 1322 887 1394 pecuniis,
930 1331 984 1377 et
1011 1321 1066 1377 in
1097 1330 1206 1376 tota
1239 1321 1339 1377 vita
1381 1320 1557 1376 locum
1588 1330 1641 1375 ct
1666 1320 1912 1376 ordinem

325 1416 527 1473 habent
569 1417 764 1489 pedum
798 1425 897 1473 :et
924 1416 1064 1471 sicut
1090 1415 1266 1486 pulvis
1309 1406 1522 1487 quidem
1551 1430 1671 1469 cum
1701 1414 1911 1470 extolli-

326 1520 432 1572 tur,
463 1525 707 1581 magnam
740 1517 947 1581 partem
978 1516 1125 1564 tenet
1151 1509 1312 1574 aeris,
1344 1509 1458 1579 ipse
1485 1518 1663 1564 autem
1688 1516 1772 1562 est
1798 1522 1914 1561 mo-

325 1601 479 1655 dicus
507 1618 520 1654 :
554 1601 622 1654 ita
649 1600 809 1655 etiam
839 1599 1183 1671 magistratus
1209 1618 1225 1655 :
1255 1608 1311 1655 et
1353 1599 1493 1654 sicut
1535 1598 1714 1669 pulvis
1736 1613 1913 1654 excae-

324 1703 412 1747 cat
438 1691 642 1758 oculos,
674 1693 746 1747 ita
773 1692 934 1748 etiam
966 1690 1135 1747 fastus
1169 1691 1498 1763 principatus
1530 1690 1687 1747 orbat
1720 1691 1914 1746 mentis

325 1786 533 1842 oculos.

405 1876 672 1944 Quomodo
698 1876 890 1931 divitia:
929 1891 1075 1931 vana
1111 1877 1213 1932 sint
1235 1885 1282 1931 et
1310 1894 1403 1934 nos
1445 1875 1719 1945 aliquando
1764 1875 1914 1946 igno-

332 1972 490 2024 minia
527 1970 767 2043 aﬂiciant.
802 1969 1078 2026 Theodosii
1121 1970 1438 2040 imperatoris
1483 1970 1536 2023 in
1577 1969 1915 2024 Antioclteuos

330 2066 430 2118 ira.
461 2093 535 2104 —
557 2063 662 2119 Sed
693 2062 866 2133 quid?
911 2063 994 2118 vis
1023 2062 1356 2117 excutiamus
1400 2078 1513 2117 rem
1544 2061 1699 2116 valde
1723 2070 1915 2130 Optau-

328 2154 477 2222 dam,
511 2169 710 2224 nempe
755 2153 1019 2209 divitias?
1049 2153 1183 2223 Age,
1211 2168 1304 2207 cas
1333 2151 1602 2222 sigillatitu
1645 2152 1917 2207 examine-

329 2263 470 2303 mus.
499 2246 709 2303 [labent
737 2246 958 2302 delicias
978 2287 992 2311 ,
1025 2245 1223 2300 habent
1281 2247 1511 2301 honores
1536 2286 1551 2310 ,
1587 2245 1783 2299 habent
1823 2259 1917 2314 po-

334 2339 577 2396 tentiam.
608 2340 782 2409 Atque
838 2338 1068 2408 primum
1120 2337 1335 2407 quidem
1357 2378 1370 2399 ,
1404 2338 1449 2390 si
1485 2338 1599 2402 vis,
1644 2337 1918 2392 examine-

330 2448 451 2485 nms
479 2430 702 2486 delicias
727 2447 742 2485 :
773 2444 955 2486 annon
979 2445 1058 2485 ea:
1082 2437 1212 2485 sunt
1236 2429 1450 2501 pulvis?
1479 2430 1586 2484 imo
1607 2444 1737 2485 vero
1759 2430 1917 2484 citius

330 2524 553 2593 pulvere
598 2530 878 2577 transeunt
929 2541 944 2578 :
999 2536 1121 2576 nam
1170 2521 1238 2575 ad
1286 2521 1520 2591 linguam
1568 2535 1737 2590 usque
1788 2535 1916 2589 per-

333 2614 488 2684 tingit
542 2614 788 2683 voluptas
841 2612 1197 2678 deliciarum;
1250 2627 1371 2667 cum
1430 2619 1611 2666 autem
1668 2611 1918 2681 impletus

331 2706 496 2764 fuerit
539 2714 750 2771 venter,
779 2721 848 2762 ne
876 2704 943 2760 ad
991 2705 1228 2776 linguam
1254 2703 1469 2774 quidem
1501 2718 1690 2774 usque.
1719 2704 1789 2758 At
1818 2704 1918 2775 ipsi

334 2801 591 2860 honores.
629 2798 820 2867 inquit,
851 2806 977 2853 sunt
1004 2813 1095 2854 res
1125 2797 1305 2853 suavis
1337 2803 1394 2852 ct
1413 2795 1667 2864 jucunda.
1700 2796 1764 2851 Et
1792 2795 1919 2867 quid

334 2899 418 2946 est
443 2890 536 2946 illo
559 2889 766 2945 honore
786 2889 1081 2955 insuavius,
1099 2903 1220 2943 cum
1250 2886 1509 2944 habeatur
1530 2895 1746 2958 propter
1765 2902 1919 2941 usum

339 2981 620 3052 pecunize?
661 2980 794 3037 Cum
839 2996 946 3035 non
991 2980 1255 3037 habeatur
1295 2994 1362 3035 ex
1407 2979 1573 3035 libera
1619 2979 1919 3047 electione,

337 3087 512 3142 neque
538 3087 604 3128 ex
648 3071 826 3141 aliqua
856 3071 1019 3126 animi
1042 3071 1340 3137 alacritate,
1373 3085 1478 3127 non
1508 3080 1562 3126 tu
1604 3070 1797 3127 frueris
1825 3070 1923 3126 ho-

339 3181 491 3233 nore,
521 3165 615 3222 scd
643 3165 865 3221 divitim.
898 3163 1256 3232 Quamobrem
1287 3164 1389 3220 hoc
1417 3165 1592 3234 ipsum
1632 3164 1758 3220 facit
1783 3163 1922 3220 divi-

340 3266 447 3313 tem
479 3257 711 3313 maxime
739 3256 979 3312 omnimn
1008 3254 1405 3311 inhonoratum.
1432 3253 1589 3323 Nam,
1609 3254 1924 3326 dic,quaeso,

336 3351 381 3405 si
411 3359 462 3405 te
487 3348 774 3405 habentem
800 3346 1035 3403 emit-um
1057 3362 1245 3402 omnes
1267 3346 1614 3413 honorarent,
1634 3347 1926 3403 faterentur

338 3450 516 3498 autem
548 3449 601 3496 te
642 3439 860 3512 quidem
892 3439 1090 3495 nullius
1130 3453 1252 3495 esse
1278 3439 1456 3509 pretii,
1488 3453 1709 3494 necesse
1746 3446 1924 3493 autem

340 3547 460 3588 esse
487 3542 541 3587 ut
570 3540 790 3601 propter
818 3529 972 3584 illum
1000 3539 1051 3584 te
1080 3530 1368 3593 honorent,
1400 3529 1670 3599 quomodo
1698 3538 1749 3586 te
1777 3530 1925 3600 igno-

341 3625 504 3681 minia
557 3624 715 3678 aliter
763 3621 934 3690 magis
989 3621 1340 3677 affecissent?
1393 3621 1576 3692 Itaque
1624 3622 1929 3692 ignominia».

342 3731 504 3773 causa
533 3724 666 3770 sunt
697 3713 855 3785 nobis
878 3712 1103 3777 divitiae,
1134 3721 1193 3766 ut
1218 3728 1337 3782 qua:
1377 3713 1508 3782 ipsis
1534 3713 1929 3782 possessoribus

345 3807 456 3862 sint
486 3804 655 3875 magis
705 3803 1004 3868 honoratis,
1038 3810 1091 3856 et
1133 3801 1519 3857 imbecillitatis
1547 3802 1798 3864 indicium
1831 3819 1929 3873 po-

346 3897 458 3952 tius
481 3910 639 3967 quant
670 3893 945 3965 potentim.
990 3893 1273 3960 Quomodo
1316 3908 1446 3964 ergo
1473 3907 1579 3948 non
1618 3902 1703 3949 est
1739 3893 1930 3949 absur-

350 3991 501 4055 dum,
534 3996 673 4044 terra
719 3996 773 4043 et
801 3987 985 4042 cinere
1014 3985 1144 4057 (hoc
1167 3985 1310 4041 enim
1351 3995 1433 4041 est
1456 3985 1668 4056 aurum)
1699 4001 1797 4040 nos
1824 4002 1929 4041 non

345 4079 637 4137 existimari
653 4092 773 4134 esse
789 4077 998 4148 dignos,
1029 4075 1123 4132 sed
1140 4090 1236 4131 nos
1255 4084 1474 4146 prepter
1490 4075 1616 4131 illud
1644 4075 1933 4131 honorari?

330 4173 413 4228 Et
429 4171 637 4227 merito.
657 4168 773 4225 Non
793 4168 863 4223 ita
887 4184 1015 4224 vero
1034 4166 1258 4223 allectus
1281 4176 1363 4224 est
1382 4166 1683 4223 divitiarum
1702 4176 1935 4224 contem-

346 4274 498 4328 ptor;
518 4260 708 4315 melius
724 4268 806 4315 est
828 4259 969 4315 enim
992 4275 1097 4313 non
1116 4258 1365 4313 honorari
1387 4274 1544 4329 quam
1562 4259 1639 4315 sic
1658 4258 1931 4315 honorari.

347 4351 611 4420 Nam,dic,
638 4367 841 4425 quieso,
877 4350 923 4407 si
943 4350 1064 4420 quis
1097 4350 1191 4405 tibi
1218 4349 1442 4417 diceret,
1469 4348 1626 4406 Nullo
1652 4359 1702 4405 te
1733 4349 1937 4406 honore

348 4447 569 4518 dignum
593 4459 714 4501 esse
736 4443 1006 4509 existimo,
1025 4442 1117 4498 sed
1138 4452 1358 4512 propter
1376 4440 1609 4499 famulos
1628 4452 1748 4498 tuos
1766 4451 1820 4497 te
1840 4443 1937 4498 ho-

352 4552 523 4603 uoro;
553 4553 621 4592 an
649 4535 750 4591 hac
783 4533 1070 4606 ignominia
1093 4540 1267 4603 potest
1290 4532 1579 4605 quidquam
1601 4549 1722 4590 esse
1748 4533 1936 4604 pejus?

348 4634 404 4690 Si
426 4641 606 4688 autem
629 4638 849 4702 propter
889 4642 1075 4683 servos
1104 4635 1257 4697 turpe
1282 4635 1365 4682 est
1391 4627 1665 4693 honorari,
1697 4628 1785 4694 qui
1814 4636 1939 4681 sunt

350 4725 636 4797 participes
662 4720 903 4793 ejusdem
928 4719 1080 4789 cujus
1100 4733 1198 4774 nos
1222 4717 1415 4773 animm
1436 4726 1492 4773 et
1513 4727 1749 4774 natura:
1771 4717 1939 4771 multo

351 4816 521 4891 magis
548 4823 770 4888 propter
794 4829 854 4869 ea
884 4828 1003 4884 qua:
1033 4818 1159 4865 sunt
1184 4809 1268 4864 his
1288 4809 1498 4875 viliora,
1526 4809 1829 4870 domorum,
1855 4808 1939 4862 in-

351 4924 536 4980 quam,
567 4906 800 4978 parietes
827 4912 884 4960 et
909 4902 1068 4970 atria,
1097 4909 1152 4957 et
1174 4916 1297 4956 vasa
1329 4916 1490 4955 aurea
1518 4910 1573 4957 et
1593 4908 1790 4955 vestes.
1818 4898 1943 4953 [hec

353 5017 479 5058 vere
505 5009 631 5056 sunt
658 4996 880 5055 ridicula
907 5006 957 5052 et
991 4993 1235 5066 pudenda
1261 5011 1275 5048 :
1300 4992 1493 5048 melius
1515 4998 1600 5049 est
1623 4991 1760 5045 mori
1783 5006 1943 5062 quam

353 5095 433 5149 sic
459 5090 735 5147 honorari.
778 5090 869 5145 Dic
904 5088 1048 5144 enim
1077 5085 1231 5153 mihi,
1262 5084 1305 5140 si
1334 5093 1387 5139 te
1414 5084 1466 5138 in
1494 5082 1595 5138 hoc
1636 5080 1772 5136 fastu
1811 5081 1945 5152 peri-

355 5184 633 5239 clitantem
659 5182 780 5236 vilis
804 5179 1070 5251 quispiam
1122 5186 1177 5232 et
1213 5174 1557 5244 despueudus
1581 5173 1650 5227 ab
1679 5172 1780 5228 hoc
1808 5172 1947 5241 peri-

360 5276 482 5331 culo
511 5274 674 5329 vellet
703 5272 958 5338 liberare,
990 5268 1245 5341 quidnam
1276 5265 1381 5322 hoc
1404 5274 1546 5321 esset
1579 5263 1765 5336 pejus?
1793 5261 1945 5332 Quod

356 5378 538 5425 autem
582 5366 649 5423 de
690 5364 905 5421 civitate
934 5364 1074 5418 inter
1121 5376 1217 5415 vos
1273 5358 1472 5425 dicitis,
1505 5356 1630 5412 volo
1674 5356 1825 5410 vobis
1869 5356 1947 5412 di-

359 5477 503 5519 cere.
530 5460 607 5532 (b)
637 5457 775 5515 Eum
800 5456 889 5529 qui
922 5469 1100 5511 rerum
1129 5452 1435 5524 potiebatur
1458 5446 1748 5519 aliquando
1777 5445 1949 5502 οπε...

424 5620 499 5680 (a)
519 5616 599 5669 De
609 5611 1083 5680 EutropioEunueho
1106 5616 1263 5657 actum
1289 5605 1374 5658 fuit
1393 5607 1441 5655 in
1461 5603 1636 5654 uertite
1657 5615 1819 5666 supra.
1839 5608 1951 5650 Nam

364 5673 910 5741 de‘ﬁAprlll'SllS-‘Oqul
946 5673 1158 5741 videtur.
1268 5730 1292 5741 __
1350 5727 1360 5741 _
1702 5723 1800 5741 ,με

427 5723 602 5804 (ej-ld—
625 5723 949 5798 statuenti'bus
971 5734 1172 5793 carptim
1200 5730 1299 5791 agit
1332 5727 1397 5778 de
1426 5725 1671 5777 seditione
1690 5723 1950 5775 Antioche-

1093 284 1150 343 S.
1193 285 1471 343 JOANNIS
1504 284 1974 344 CHRYSOSTOMI
2012 287 2330 344 ARCIllEP.
2371 289 2902 348 CONSTANTINOP.

3499 291 3601 348 διες

2022 403 2097 459 dit
2141 419 2320 462 tmstra
2347 409 2557 474 civitas,
2585 416 2642 464 et
2662 408 2823 479 jussit
2845 421 2966 464 eam
2992 406 3161 463 everti
3191 405 3449 474 funditus,
3477 421 3599 465 cum

2019 503 2166 568 viris,
2189 502 2369 572 pueris
2394 511 2448 557 et
2462 502 2729 557 domibus.
2749 501 2907 557 Tales
2940 503 3082 557 enim
3122 510 3248 557 sunt
3272 502 3366 557 ira:
3392 517 3598 573 regum:

2020 595 2269 664 potestati
2299 602 2555 663 quantum
2586 594 2771 649 volunt
2821 593 3097 663 indulgent
3128 611 3143 643 :
3174 601 3378 649 tantum
3406 594 3602 650 malum

2018 693 2101 740 est
2120 695 2376 756 potestas.
2405 686 2672 758 Eratergo
2698 687 2750 742 in
2782 685 3038 742 extremis
3059 686 3332 756 periculis.
3358 685 3483 742 Hrec
3508 676 3599 742 au-

2022 790 2127 834 tem
2146 780 2318 835 vicina
2335 780 2523 836 civitas
2539 779 2802 836 maritima
2823 778 3026 849 rogavit
3045 793 3142 848 pro
3155 778 3308 833 nobis
3321 779 3600 848 imperato-

2019 887 2132 927 rem
2153 889 2169 926 :
2186 872 2276 943 qui
2295 882 2471 926 autem
2491 881 2726 927 nostram
2743 869 3604 934 habitabantcivitatem,dicebant

2019 963 2124 1020 hoc
2150 978 2272 1021 esse
2299 964 2451 1034 pejus
2474 978 2633 1035 quam
2662 962 2801 1017 dirui
2833 962 3125 1017 civitatem.
3161 959 3307 1015 Adeo
3331 960 3410 1015 sic
3435 959 3607 1016 hono-
3706 979 3711 984 ’

2017 1059 2123 1113 rari
2155 1057 2308 1127 pejus
2332 1064 2433 1123 est,
2463 1070 2622 1126 quam
2664 1054 2953 1124 ignominia
2979 1052 3139 1109 affici.
3167 1052 3302 1108 Vide
3338 1051 3480 1108 enim
3513 1067 3604 1109 un-

2018 1136 2212 1204 denam
2236 1147 2447 1203 radices
2473 1155 2598 1218 agat
2623 1145 2815 1202 honor.
2845 1143 3150 1216 Coquorum
3189 1158 3382 1199 manus
3406 1143 3598 1200 faciunt

2018 1248 2078 1294 ut
2104 1254 2201 1295 nos
2230 1238 2597 1304 honoremur;
2628 1235 2976 1309 quamobrem
3003 1235 3110 1290 illis
3131 1233 3386 1290 debemus
3405 1233 3605 1291 habere

2017 1329 2244 1402 gratiam
2273 1347 2288 1385 :
2316 1337 2372 1386 et
2411 1328 2619 1386 subulci
2659 1329 2856 1383 lautam
2902 1327 3202 1397 prmbentes
3244 1341 3509 1392 mensam,
3548 1314 3627 1381 et

2020 1435 2260 1481 textores
2294 1432 2351 1480 et
2394 1422 2613 1490 lanifici,
2645 1432 2700 1478 et
2733 1422 2823 1492 qui
2854 1419 3070 1475 metalla
3097 1428 3410 1489 operantur,
3434 1426 3491 1474 et
3513 1417 3603 1488 qui

2019 1518 2289 1589 placentas
2313 1515 2587 1583 condiunt,
2615 1517 2704 1585 qui
2732 1523 2786 1568 et
2812 1526 3024 1568 mensas
3051 1518 3320 1566 stermmt.

2091 1610 2146 1666 4.
2181 1611 2371 1664 Annon
2417 1622 2545 1678 ergo
2592 1606 2785 1662 melius
2833 1613 2915 1658 est
2962 1618 3070 1658 non
3126 1601 3399 1666 honorari,
3442 1616 3603 1672 quam

2024 1703 2147 1759 talis
2174 1702 2399 1757 honoris
2429 1700 2536 1755 illis
2563 1698 2762 1755 habere
2784 1699 3031 1769 gratiam.
3072 1695 3273 1775 Frater
3290 1694 3406 1748 bare
3425 1704 3604 1748 autem

2020 1795 2163 1866 quod
2216 1795 2484 1850 ditescere
2533 1792 2752 1863 plenum
2798 1790 2870 1844 sit
2916 1788 3226 1859 ignominia.
3277 1801 3376 1857 ego
3419 1796 3607 1855 aperte

2020 1889 2258 1945 conabor
2303 1887 2610 1942 ostendere.
2639 1885 2871 1954 Tur-pem
2902 1883 3025 1938 facit
3069 1883 3299 1936 animam
3331 1898 3345 1935 :
3372 1878 3499 1948 quid
3523 1887 3608 1934 est

2020 1992 2196 2037 autem
2230 1981 2332 2036 hoc
2359 1978 2807 2051 ignominiosius?
2834 1976 2984 2038 Nam,
3003 1973 3321 2044 dic,qu:eso.
3345 1972 3389 2026 si
3410 1986 3609 2041 corpus

2020 2087 2162 2130 esset
2188 2075 2510 2146 speciosum.
2559 2081 2612 2126 et
2642 2085 2832 2126 omnes
2869 2082 3131 2139 superans
3172 2066 3605 2137 pulchritudine;

2022 2168 2340 2224 accedentes
2382 2174 2559 2221 autem
2584 2165 2786 2221 divitiae
2825 2163 3210 2235 pollicerentur
3255 2174 3315 2214 se
3359 2159 3409 2211 id
3452 2169 3609 2226 turpe

2024 2262 2277 2319 facturas.
2308 2268 2364 2315 et
2406 2274 2502 2328 pro
2530 2272 2663 2312 sano
2705 2264 2987 2326 aegrotum,
3021 2267 3121 2323 pro
3150 2251 3285 2307 bene
3310 2251 3611 2319 composito

2027 2351 2285 2407 tumidum
2339 2358 2394 2404 et
2450 2348 2877 2410 inflammatum;
2928 2352 2984 2400 et
3035 2343 3282 2399 omnibus
3353 2341 3610 2396 membris

2025 2444 2289 2497 intercute
2313 2441 2532 2511 repletis
2580 2438 2855 2494 inllassent
2883 2437 3094 2507 quidem
3128 2434 3353 2499 faciem,
3378 2443 3432 2488 et
3461 2433 3609 2488 omni

2023 2550 2087 2589 ex
2123 2544 2277 2604 parte
2299 2532 2554 2586 tumidam
2579 2529 2886 2593 redderent,
2914 2527 3076 2598 pedes
3096 2541 3308 2597 quoque
3334 2525 3610 2580 inflasseut

2025 2634 2078 2680 et
2112 2624 2351 2678 trabibus
2379 2622 2635 2678 fecissent
2659 2621 2951 2691 graviores,
2977 2618 3251 2672 inflassent
3274 2625 3327 2671 et
3345 2628 3602 2677 ventrem.

2016 2728 2079 2781 et
2105 2717 2409 2772 effecissent
2451 2714 2708 2782 majorem
2747 2712 2935 2782 quovis
2964 2710 3147 2775 dolio;
3179 2719 3362 2779 postea
3388 2722 3515 2764 vero
3540 2722 3610 2762 ne

2027 2811 2093 2865 iis
2121 2808 2361 2878 quidem,
2393 2807 2480 2876 qui
2510 2805 2710 2860 vellent
2731 2817 2943 2867 curare,
2971 2814 3029 2856 se
3062 2803 3418 2871 permissuros
3446 2796 3611 2868 profi-

2028 2902 2309 2971 terentur(
2339 2914 2402 2955 ea
2427 2899 2568 2953 enim
2593 2906 2676 2953 est
2702 2897 2863 2950 nimia
2891 2893 3174 2966 petestas).
3202 2893 3298 2949 sed
3324 2908 3381 2946 se
3413 2901 3611 2948 tantam

2027 2996 2245 3053 daturas
2287 3008 2408 3050 esse
2457 2992 2782 3055 libertatem,
2835 2999 2893 3043 ut
2947 2988 2991 3043 si
3039 2987 3162 3055 quis
3209 2985 3496 3041 accederet
3544 2982 3615 3040 ad

2028 3093 2202 3163 ipsum
2233 3086 2569 3144 liberandum
2610 3099 2643 3140 a
2673 3082 2871 3149 noxiis,
2910 3095 3033 3136 eum
3082 3088 3264 3135 essent
3306 3079 3611 3148 punitnrzc:

2029 3198 2096 3239 an
2127 3181 2257 3254 quid
2284 3179 2593 3240 immanius.
2620 3184 2823 3247 quaso,
2854 3172 3041 3230 esset?
3066 3170 3198 3227 Cum
3241 3184 3368 3239 ergo
3405 3167 3613 3222 divitia:

2029 3279 2110 3335 sic
2131 3277 2364 3332 animam
2408 3271 2664 3335 afficiant,
2690 3267 2958 3339 quomodo
2998 3281 3086 3321 res
3113 3262 3328 3335 pulchra
3371 3259 3613 3314 fuerint?

2030 3368 2137 3427 Sed
2166 3367 2327 3423 nimia
2356 3372 2592 3436 potestas
2618 3371 2700 3418 est
2727 3361 2844 3429 ipso
2870 3356 3058 3414 morbo
3080 3355 3329 3428 gravior:
3356 3361 3616 3425 aegrotan-

2034 3472 2141 3518 tem
2168 3459 2311 3516 enim
2339 3474 2406 3514 ne
2436 3455 2765 3511 medicorum
2795 3451 3007 3522 quidem
3048 3464 3242 3521 parere
3281 3445 3508 3517 legibus,
3533 3453 3620 3498 est

2032 3555 2251 3625 gravius
2277 3566 2436 3622 quam
2464 3555 2742 3619 :cgrotare.
2774 3543 2926 3613 Quod
2971 3542 3165 3598 habent
3197 3550 3252 3597 et
3297 3539 3515 3602 divitias.
3542 3538 3623 3592 lit-

2035 3648 2244 3703 cientes
2289 3643 2436 3700 omni
2487 3657 2551 3697 ex
2603 3649 2754 3711 parte
2803 3640 3159 3693 intumescere
3204 3643 3260 3689 et
3303 3631 3620 3687 inﬂammari

2035 3740 2292 3804 animam,
2318 3747 2372 3791 et
2398 3734 2744 3805 prohibentes
2772 3730 3006 3787 medicos
3044 3726 3323 3785 accedere.
3348 3723 3621 3794 Quamob-

2037 3848 2153 3888 rem
2195 3839 2418 3901 promer
2444 3827 2660 3882 nimiam
2692 3832 3008 3896 potestatem
3040 3835 3107 3877 ne
3149 3835 3244 3876 eos
3285 3818 3472 3873 beatos
3498 3828 3624 3884 pro-

2036 3926 2363 3988 nuntiemus,
2396 3922 2491 3978 sed
2534 3935 2719 3976 eorum
2752 3918 3122 3973 misereamur.
3165 3913 3349 3983 Neque
3385 3913 3548 3974 enim.
3575 3909 3623 3964 si

2036 4030 2173 4086 aqua
2200 4015 2466 4071 intercute
2487 4011 2754 4082 jaceutem
2784 4008 3032 4073 viderim,
3062 4014 3116 4061 et
3143 4005 3411 4061 neminem
3434 4009 3624 4057 vetan-

2038 4115 2145 4160 tem
2172 4104 2458 4173 quominus
2480 4112 2605 4171 petu
2635 4099 2921 4169 impleatur
2938 4103 3195 4169 quantum
3224 4093 3350 4149 velit
3375 4100 3430 4149 et
3450 4090 3625 4149 noxiis

2039 4195 2310 4251 carnibus.
2344 4208 2466 4248 cum
2499 4192 2712 4247 beatum
2742 4189 2966 4245 dixerim
3001 4196 3217 4258 propter
3247 4199 3365 4240 eam
3395 4189 3628 4254 potesta-

2040 4300 2168 4346 tem.
2200 4288 2446 4343 Potestas
2489 4285 2630 4340 enim
2682 4300 2786 4338 non
2825 4291 2911 4338 est
2935 4295 3149 4351 semper
3179 4279 3337 4344 bona,
3368 4277 3506 4332 sicut
3529 4289 3629 4331 nec

2041 4383 2276 4438 honores
2305 4397 2318 4433 :
2349 4395 2471 4434 nam
2502 4394 2580 4434 ctu
2609 4376 2855 4447 superbia
2889 4374 3109 4444 implent
3132 4380 3185 4427 et
3213 4370 3536 4440 arrogantia.
3571 4367 3628 4421 Si

2042 4487 2219 4531 autem
2248 4473 2422 4529 nolles
2450 4484 2647 4538 corpus
2676 4469 2920 4523 moi-hum
2944 4465 3221 4534 suscipere
3243 4477 3363 4517 eum
3390 4458 3588 4514 divitiis
3612 4499 3628 4521 ,

2041 4568 2310 4642 quomodo
2361 4565 2591 4635 despicis
2646 4546 2899 4625 animam,
2943 4575 3046 4614 non
3102 4558 3240 4611 hanc
3289 4555 3483 4619 solum,
3534 4552 3630 4606 sed

2045 4665 2202 4719 aliam
2247 4673 2462 4731 quoque
2518 4656 2897 4724 suscipientem
2961 4648 3337 4721 punitioncm?
3389 4643 3633 4714 Undique

2044 4757 2186 4812 enim
2242 4761 2433 4810 metuat
2477 4747 2713 4805 febribus
2756 4755 2813 4802 et
2848 4740 3395 4803 inflammationibus;
3426 4736 3631 4792 febrem

2045 4846 2194 4902 illam
2251 4857 2411 4899 nemo
2464 4848 2642 4911 petest
2697 4837 3080 4907 exstinguere:
3115 4847 3221 4887 non
3270 4831 3453 4886 sinunt
3485 4828 3629 4882 enim

2047 4938 2248 4995 divitia:
2276 4978 2292 4999 ,
2349 4942 2534 5007 utpote
2580 4947 2701 5003 qua:
2750 4928 3067 4985 detrimenta
3129 4922 3453 4995 persuadent
3513 4934 3637 4976 esse

2046 5028 2328 5087 commoda
2360 5027 2580 5092 :velut,
2612 5023 2879 5079 neminem
2920 5019 3207 5084 sustinere,
3254 5022 3311 5071 et
3353 5028 3449 5085 per
3489 5026 3639 5069 sum-

2050 5137 2191 5177 mam
2237 5118 2504 5174 licentiam
2553 5114 2731 5170 omnia
2771 5126 2949 5182 agere.
3001 5110 3115 5165 Non
3159 5108 3301 5163 enim
3349 5107 3506 5160 aliam
3550 5105 3639 5158 iu-

2051 5243 2254 5289 norum,
2279 5229 2365 5293 qui
2398 5226 2753 5293 imperatriels
2775 5230 2959 5293 statuas
3000 5224 3311 5293 everterunt.
3346 5218 3451 5293 Qua
3483 5217 3549 5293 de
3572 5228 3641 5293 re

2051 5281 2330 5354 indignatus
2359 5281 2689 5354 Theodosius,
2713 5287 2959 5354 civitatem
2981 5281 3109 5354 male
3128 5281 3388 5354 mutuare,
3415 5282 3512 5330 imo
3530 5290 3643 5354 per-

2052 5343 2183 5416 dere'
2195 5354 2420 5416 parabat;
2444 5351 2534 5402 sed
2558 5349 2754 5416 tandem
2774 5350 2850 5416 ira_
2863 5344 3041 5416 sedata.
3058 5343 3367 5416 Antiochenis
3393 5343 3641 5416 pepercit.

2052 5414 2145 5467 Hic
2170 5405 2536 5479 qttzeriturqttge
2566 5413 2631 5461 sit
2662 5408 2743 5479 illa
2778 5408 2899 5457 urbs
2934 5405 3220 5479 Antiochiae.
3242 5405 3643 5479 vicina'adoram

2053 5465 2202 5527 maris
2223 5478 2333 5535 sita,
2355 5465 2469 5538 quae
2492 5473 2854 5538 Imperatorem
2881 5470 3090 5538 rogavit,
3114 5474 3170 5517 ut
3192 5465 3550 5538 Antiochenisj
3566 5474 3645 5538 ar—

2057 5526 2216 5588 ceret.
2243 5526 2636 5598 Quidamputa'ut
2656 5526 3142 5598 seleuciam'fuisse:
3168 5528 3367 5598 s_e_d_res
3386 5527 3435 5576 in
3455 5526 3647 5598 incerto

2056 5585 2301 5650 versatur.
2323 5585 2645 5658 Quod'autcm
2667 5592 2919 5658 singulare
2933 5591 3129 5658 omnino
3151 5589 3367 5658 videtur;
3380 5585 3644 5658 malebant.

2059 5647 2218 5723 inquit
2234 5647 2616 5723 Εῠιξεοειοιιιιις,
2638 5647 2921 5723 putide-lieni
2954 5652 3144 5716 perire,
3172 5662 3317 5715 quam
3350 5647 3488 5699 istius
3509 5647 3648 5698 urbis

2062 5716 2231 5785 rogatu
2256 5733 2282 5769 ει
2301 5716 2434 5770 tanto
2464 5716 2684 5783 periculo
2709 5718 2851 5782 eripi.
