  <div class='ocr_page' id='page_1' title='image "/cluster/home/n/w/nwhite01/storage/ocr_20150623/62/mdp.39015008622626/354.png"; bbox 0 0 4026 6148; ppageno 0'>
   <div class='ocr_carea' id='block_1_1' title="bbox 477 288 582 348">
    <p class='ocr_par' dir='ltr' id='par_1_1' title="bbox 477 288 582 348">
     <span class='ocr_line' id='line_1_1' title="bbox 477 288 582 348; baseline -0.048 0"><span class='ocrx_word' id='word_1_1' title='bbox 477 288 582 348; x_wconf 74' lang='grc'>567</span> 
     </span>
    </p>
   </div>
   <div class='ocr_carea' id='block_1_2' title="bbox 475 400 2040 475">
    <p class='ocr_par' dir='ltr' id='par_1_2' title="bbox 475 400 2040 475">
     <span class='ocr_line' id='line_1_2' title="bbox 475 400 2040 475; baseline -0.003 -16"><span class='ocrx_word' id='word_1_2' title='bbox 475 405 547 459; x_wconf 84' lang='grc' dir='ltr'>τά</span> <span class='ocrx_word' id='word_1_3' title='bbox 576 405 726 459; x_wconf 75' lang='grc' dir='ltr'>δντα.</span> <span class='ocrx_word' id='word_1_4' title='bbox 762 404 827 458; x_wconf 85' lang='grc' dir='ltr'>Τί</span> <span class='ocrx_word' id='word_1_5' title='bbox 860 403 967 474; x_wconf 80' lang='grc' dir='ltr'>γάρ</span> <span class='ocrx_word' id='word_1_6' title='bbox 1001 402 1180 475; x_wconf 78' lang='grc' dir='ltr'>βούλει</span> <span class='ocrx_word' id='word_1_7' title='bbox 1210 402 1418 469; x_wconf 83' lang='grc' dir='ltr'>εἰπεῖν;</span> <span class='ocrx_word' id='word_1_8' title='bbox 1457 402 1559 467; x_wconf 74' lang='grc' dir='ltr'>τὰς</span> <span class='ocrx_word' id='word_1_9' title='bbox 1606 401 1780 474; x_wconf 75' lang='grc' dir='ltr'>ἀρχάς</span> <span class='ocrx_word' id='word_1_10' title='bbox 1822 402 1916 457; x_wconf 74' lang='grc' dir='ltr'>καὶ</span> <span class='ocrx_word' id='word_1_11' title='bbox 1944 400 2040 465; x_wconf 79' lang='grc' dir='ltr'>τάς</span> 
     </span>
    </p>
   </div>
   <div class='ocr_carea' id='block_1_3' title="bbox 476 489 2045 562">
    <p class='ocr_par' dir='ltr' id='par_1_3' title="bbox 476 489 2045 562">
     <span class='ocr_line' id='line_1_3' title="bbox 476 489 2045 562; baseline -0.004 -14"><span class='ocrx_word' id='word_1_12' title='bbox 476 491 827 556; x_wconf 72' lang='grc' dir='ltr'>δυναστείαςς</span> <span class='ocrx_word' id='word_1_13' title='bbox 884 492 1075 546; x_wconf 87' lang='grc' dir='ltr'>τούτου</span> <span class='ocrx_word' id='word_1_14' title='bbox 1129 490 1239 562; x_wconf 82' lang='grc' dir='ltr'>γάρ</span> <span class='ocrx_word' id='word_1_15' title='bbox 1293 490 1448 545; x_wconf 81' lang='grc' dir='ltr'>οὐδὲν</span> <span class='ocrx_word' id='word_1_16' title='bbox 1484 490 1631 544; x_wconf 87' lang='grc' dir='ltr'>δοκεῖ</span> <span class='ocrx_word' id='word_1_17' title='bbox 1679 489 2045 559; x_wconf 76' lang='grc' dir='ltr'>ζηλωτότερον</span> 
     </span>
    </p>
   </div>
   <div class='ocr_carea' id='block_1_4' title="bbox 480 574 2045 651">
    <p class='ocr_par' dir='ltr' id='par_1_4' title="bbox 480 574 2045 651">
     <span class='ocr_line' id='line_1_4' title="bbox 480 574 2045 651; baseline -0.004 -17"><span class='ocrx_word' id='word_1_18' title='bbox 480 579 618 634; x_wconf 80' lang='grc' dir='ltr'>εἶναι</span> <span class='ocrx_word' id='word_1_19' title='bbox 645 583 703 633; x_wconf 85' lang='grc' dir='ltr'>ἐν</span> <span class='ocrx_word' id='word_1_20' title='bbox 729 579 809 651; x_wconf 83' lang='grc' dir='ltr'>τῷ</span> <span class='ocrx_word' id='word_1_21' title='bbox 836 580 1065 651; x_wconf 80' lang='grc' dir='ltr'>παρόντι</span> <span class='ocrx_word' id='word_1_22' title='bbox 1098 579 1218 649; x_wconf 87' lang='grc' dir='ltr'>βίῳ.</span> <span class='ocrx_word' id='word_1_23' title='bbox 1262 579 1424 633; x_wconf 76' lang='grc' dir='ltr'>’Δλλά</span> <span class='ocrx_word' id='word_1_24' title='bbox 1464 580 1556 633; x_wconf 70' lang='grc' dir='ltr'>τὸν</span> <span class='ocrx_word' id='word_1_25' title='bbox 1588 578 1868 647; x_wconf 74' lang='grc' dir='ltr'>κονιορτὸν</span> <span class='ocrx_word' id='word_1_26' title='bbox 1893 574 2045 646; x_wconf 78' lang='grc' dir='ltr'>ε’ύροι</span> 
     </span>
    </p>
   </div>
   <div class='ocr_carea' id='block_1_5' title="bbox 481 662 2041 739">
    <p class='ocr_par' dir='ltr' id='par_1_5' title="bbox 481 662 2041 739">
     <span class='ocr_line' id='line_1_5' title="bbox 481 662 2041 739; baseline -0.002 -19"><span class='ocrx_word' id='word_1_27' title='bbox 481 685 563 730; x_wconf 87' lang='grc' dir='ltr'>τις</span> <span class='ocrx_word' id='word_1_28' title='bbox 606 666 672 721; x_wconf 82' lang='grc' dir='ltr'>άν</span> <span class='ocrx_word' id='word_1_29' title='bbox 712 667 907 739; x_wconf 70' lang='grc' dir='ltr'>μᾶλλον</span> <span class='ocrx_word' id='word_1_30' title='bbox 943 667 1038 721; x_wconf 85' lang='grc' dir='ltr'>ἐπὶ</span> <span class='ocrx_word' id='word_1_31' title='bbox 1085 667 1176 719; x_wconf 85' lang='grc' dir='ltr'>τοῦ</span> <span class='ocrx_word' id='word_1_32' title='bbox 1217 666 1378 738; x_wconf 84' lang='grc' dir='ltr'>ἀέρος</span> <span class='ocrx_word' id='word_1_33' title='bbox 1429 666 1740 734; x_wconf 70' lang='grc' dir='ltr'>ἱστάμενον,</span> <span class='ocrx_word' id='word_1_34' title='bbox 1776 665 1809 735; x_wconf 84' lang='grc' dir='ltr'><strong>ἦ</strong></span> <span class='ocrx_word' id='word_1_35' title='bbox 1849 662 2041 728; x_wconf 88' lang='grc' dir='ltr'>ταῦτα,</span> 
     </span>
    </p>
   </div>
   <div class='ocr_carea' id='block_1_6' title="bbox 485 750 2043 825">
    <p class='ocr_par' dir='ltr' id='par_1_6' title="bbox 485 750 2043 825">
     <span class='ocr_line' id='line_1_6' title="bbox 485 750 2043 825; baseline -0.001 -18"><span class='ocrx_word' id='word_1_36' title='bbox 485 753 715 825; x_wconf 81' lang='grc' dir='ltr'>μάλιστα</span> <span class='ocrx_word' id='word_1_37' title='bbox 739 754 855 808; x_wconf 87' lang='grc' dir='ltr'>νῦν.</span> <span class='ocrx_word' id='word_1_38' title='bbox 888 754 1006 807; x_wconf 87' lang='grc' dir='ltr'>Τίνι</span> <span class='ocrx_word' id='word_1_39' title='bbox 1036 753 1146 825; x_wconf 86' lang='grc' dir='ltr'>γὰρ</span> <span class='ocrx_word' id='word_1_40' title='bbox 1172 754 1271 824; x_wconf 87' lang='grc' dir='ltr'>οὑχ</span> <span class='ocrx_word' id='word_1_41' title='bbox 1309 752 1655 819; x_wconf 86' lang='grc' dir='ltr'>ὑπόκεινται;</span> <span class='ocrx_word' id='word_1_42' title='bbox 1688 752 1813 813; x_wconf 88' lang='grc' dir='ltr'>Τοῖς</span> <span class='ocrx_word' id='word_1_43' title='bbox 1844 750 2043 821; x_wconf 86' lang='grc' dir='ltr'>ἐρῶσιν</span> 
     </span>
    </p>
   </div>
   <div class='ocr_carea' id='block_1_7' title="bbox 481 839 2044 912">
    <p class='ocr_par' dir='ltr' id='par_1_7' title="bbox 481 839 2044 912">
     <span class='ocr_line' id='line_1_7' title="bbox 481 839 2044 912; baseline -0.001 -17"><span class='ocrx_word' id='word_1_44' title='bbox 481 840 681 901; x_wconf 80' lang='grc' dir='ltr'>αὑτῶν,</span> <span class='ocrx_word' id='word_1_45' title='bbox 712 843 819 903; x_wconf 86' lang='grc' dir='ltr'>τοῖς</span> <span class='ocrx_word' id='word_1_46' title='bbox 868 839 1164 910; x_wconf 76' lang='grc' dir='ltr'>εὐνούχοις,</span> <span class='ocrx_word' id='word_1_47' title='bbox 1199 843 1311 904; x_wconf 82' lang='grc' dir='ltr'>τοῖς</span> <span class='ocrx_word' id='word_1_48' title='bbox 1361 839 1471 894; x_wconf 85' lang='grc' dir='ltr'>τῶν</span> <span class='ocrx_word' id='word_1_49' title='bbox 1519 839 1827 912; x_wconf 86' lang='grc' dir='ltr'>χρημάτων·</span> <span class='ocrx_word' id='word_1_50' title='bbox 1858 839 2044 893; x_wconf 78' lang='grc' dir='ltr'>ἐνεκεν</span> 
     </span>
    </p>
   </div>
   <div class='ocr_carea' id='block_1_8' title="bbox 482 925 2044 998">
    <p class='ocr_par' dir='ltr' id='par_1_8' title="bbox 482 925 2044 998">
     <span class='ocr_line' id='line_1_8' title="bbox 482 925 2044 998; baseline -0.001 -18"><span class='ocrx_word' id='word_1_51' title='bbox 482 928 692 980; x_wconf 71' lang='grc' dir='ltr'>ἅπαντα</span> <span class='ocrx_word' id='word_1_52' title='bbox 731 927 1051 998; x_wconf 85' lang='grc' dir='ltr'>πράττουσι,</span> <span class='ocrx_word' id='word_1_53' title='bbox 1096 926 1251 998; x_wconf 86' lang='grc' dir='ltr'>θυμῷ</span> <span class='ocrx_word' id='word_1_54' title='bbox 1279 927 1477 997; x_wconf 87' lang='grc' dir='ltr'>δήμου,</span> <span class='ocrx_word' id='word_1_55' title='bbox 1514 928 1705 997; x_wconf 82' lang='grc' dir='ltr'>ὀργαῖς</span> <span class='ocrx_word' id='word_1_56' title='bbox 1732 927 1838 981; x_wconf 88' lang='grc' dir='ltr'>τῶν</span> <span class='ocrx_word' id='word_1_57' title='bbox 1884 925 2044 979; x_wconf 83' lang='grc' dir='ltr'>δυνα-</span> 
     </span>
    </p>
   </div>
   <div class='ocr_carea' id='block_1_9' title="bbox 479 1014 2045 1086">
    <p class='ocr_par' dir='ltr' id='par_1_9' title="bbox 479 1014 2045 1086">
     <span class='ocr_line' id='line_1_9' title="bbox 479 1014 2045 1086; baseline -0.001 -18"><span class='ocrx_word' id='word_1_58' title='bbox 479 1015 749 1084; x_wconf 79' lang='grc' dir='ltr'>τωτέρων.</span> <span class='ocrx_word' id='word_1_59' title='bbox 795 1016 854 1067; x_wconf 87' lang='lat'>&#39;0</span> <span class='ocrx_word' id='word_1_60' title='bbox 886 1014 1016 1084; x_wconf 76' lang='grc' dir='ltr'>χθὲς</span> <span class='ocrx_word' id='word_1_61' title='bbox 1044 1015 1138 1069; x_wconf 70' lang='grc' dir='ltr'>ἐπὶ</span> <span class='ocrx_word' id='word_1_62' title='bbox 1162 1015 1254 1068; x_wconf 86' lang='grc' dir='ltr'>τοῦ</span> <span class='ocrx_word' id='word_1_63' title='bbox 1289 1014 1535 1086; x_wconf 87' lang='grc' dir='ltr'>βήματος</span> <span class='ocrx_word' id='word_1_64' title='bbox 1564 1014 1790 1086; x_wconf 66' lang='grc' dir='ltr'>ὑψηλὸς,</span> <span class='ocrx_word' id='word_1_65' title='bbox 1816 1015 1846 1067; x_wconf 98' lang='lat'>6</span> <span class='ocrx_word' id='word_1_66' title='bbox 1875 1015 2045 1085; x_wconf 88' lang='grc' dir='ltr'>κήρυ-</span> 
     </span>
    </p>
   </div>
   <div class='ocr_carea' id='block_1_10' title="bbox 477 1102 2046 1176">
    <p class='ocr_par' dir='ltr' id='par_1_10' title="bbox 477 1102 2046 1176">
     <span class='ocr_line' id='line_1_10' title="bbox 477 1102 2046 1176; baseline 0 -19"><span class='ocrx_word' id='word_1_67' title='bbox 477 1120 577 1168; x_wconf 82' lang='grc' dir='ltr'>κας</span> <span class='ocrx_word' id='word_1_68' title='bbox 613 1103 753 1176; x_wconf 69' lang='grc' dir='ltr'>ἔχων</span> <span class='ocrx_word' id='word_1_69' title='bbox 791 1102 1022 1175; x_wconf 81' lang='grc' dir='ltr'>λαμπρᾷ</span> <span class='ocrx_word' id='word_1_70' title='bbox 1058 1105 1124 1174; x_wconf 80' lang='grc' dir='ltr'>τῇ</span> <span class='ocrx_word' id='word_1_71' title='bbox 1174 1106 1325 1174; x_wconf 81' lang='grc' dir='ltr'>φωνῇ</span> <span class='ocrx_word' id='word_1_72' title='bbox 1376 1103 1635 1173; x_wconf 81' lang='grc' dir='ltr'>βοῶντας,</span> <span class='ocrx_word' id='word_1_73' title='bbox 1683 1104 1777 1158; x_wconf 69' lang='grc' dir='ltr'>καὶ</span> <span class='ocrx_word' id='word_1_74' title='bbox 1817 1103 2046 1168; x_wconf 84' lang='grc' dir='ltr'>πολλοὺς</span> 
     </span>
    </p>
   </div>
   <div class='ocr_carea' id='block_1_11' title="bbox 476 1188 2041 1263">
    <p class='ocr_par' dir='ltr' id='par_1_11' title="bbox 476 1188 2041 1263">
     <span class='ocr_line' id='line_1_11' title="bbox 476 1188 2041 1263; baseline -0.001 -18"><span class='ocrx_word' id='word_1_75' title='bbox 476 1193 602 1251; x_wconf 75' lang='grc' dir='ltr'>τοὺς</span> <span class='ocrx_word' id='word_1_76' title='bbox 635 1190 1034 1263; x_wconf 76' lang='grc' dir='ltr'>προτρέχοντας</span> <span class='ocrx_word' id='word_1_77' title='bbox 1067 1191 1163 1243; x_wconf 74' lang='grc' dir='ltr'>καὶ</span> <span class='ocrx_word' id='word_1_78' title='bbox 1190 1188 1483 1254; x_wconf 78' lang='grc' dir='ltr'>σοϐοῦντας</span> <span class='ocrx_word' id='word_1_79' title='bbox 1515 1189 1660 1244; x_wconf 85' lang='grc' dir='ltr'>κατά</span> <span class='ocrx_word' id='word_1_80' title='bbox 1690 1189 1790 1262; x_wconf 74' lang='grc' dir='ltr'>τὴν</span> <span class='ocrx_word' id='word_1_81' title='bbox 1813 1189 2041 1262; x_wconf 74' lang='grc' dir='ltr'>ἀγοράν,</span> 
     </span>
    </p>
   </div>
   <div class='ocr_carea' id='block_1_12' title="bbox 475 1276 2043 1351">
    <p class='ocr_par' dir='ltr' id='par_1_12' title="bbox 475 1276 2043 1351">
     <span class='ocr_line' id='line_1_12' title="bbox 475 1276 2043 1351; baseline -0.001 -19"><span class='ocrx_word' id='word_1_82' title='bbox 475 1277 630 1351; x_wconf 78' lang='lat'><strong>[375]</strong></span> <span class='ocrx_word' id='word_1_83' title='bbox 683 1280 921 1349; x_wconf 75' lang='grc' dir='ltr'>σήμερον</span> <span class='ocrx_word' id='word_1_84' title='bbox 972 1276 1198 1348; x_wconf 76' lang='grc' dir='ltr'>εὐτελὴς</span> <span class='ocrx_word' id='word_1_85' title='bbox 1251 1278 1346 1331; x_wconf 73' lang='grc' dir='ltr'>καὶ</span> <span class='ocrx_word' id='word_1_86' title='bbox 1399 1276 1652 1341; x_wconf 72' lang='grc' dir='ltr'>ταπεινὸς</span> <span class='ocrx_word' id='word_1_87' title='bbox 1683 1278 1782 1331; x_wconf 73' lang='grc' dir='ltr'>καὶ</span> <span class='ocrx_word' id='word_1_88' title='bbox 1825 1277 2043 1331; x_wconf 76' lang='grc' dir='ltr'>πάντων</span> 
     </span>
    </p>
   </div>
   <div class='ocr_carea' id='block_1_13' title="bbox 476 1363 2041 1437">
    <p class='ocr_par' dir='ltr' id='par_1_13' title="bbox 476 1363 2041 1437">
     <span class='ocr_line' id='line_1_13' title="bbox 476 1363 2041 1437; baseline 0.001 -20"><span class='ocrx_word' id='word_1_89' title='bbox 476 1367 702 1420; x_wconf 84' lang='grc' dir='ltr'>ἐκείνων</span> <span class='ocrx_word' id='word_1_90' title='bbox 753 1365 956 1436; x_wconf 72' lang='grc' dir='ltr'>ἔρημος</span> <span class='ocrx_word' id='word_1_91' title='bbox 1010 1364 1108 1417; x_wconf 74' lang='grc' dir='ltr'>καὶ</span> <span class='ocrx_word' id='word_1_92' title='bbox 1157 1364 1393 1434; x_wconf 81' lang='grc' dir='ltr'>γυμνὸς,</span> <span class='ocrx_word' id='word_1_93' title='bbox 1444 1363 1697 1436; x_wconf 82' lang='grc' dir='ltr'>καθάπερ</span> <span class='ocrx_word' id='word_1_94' title='bbox 1769 1364 2041 1437; x_wconf 79' lang='grc' dir='ltr'>κονιορτὸς</span> 
     </span>
    </p>
   </div>
   <div class='ocr_carea' id='block_1_14' title="bbox 477 1449 2044 1524">
    <p class='ocr_par' dir='ltr' id='par_1_14' title="bbox 477 1449 2044 1524">
     <span class='ocr_line' id='line_1_14' title="bbox 477 1449 2044 1524; baseline -0.002 -18"><span class='ocrx_word' id='word_1_95' title='bbox 477 1451 916 1524; x_wconf 72' lang='grc' dir='ltr'>ἀναῤῥιπισθεὶς,</span> <span class='ocrx_word' id='word_1_96' title='bbox 949 1449 1203 1520; x_wconf 89' lang='grc' dir='ltr'>καθάπερ</span> <span class='ocrx_word' id='word_1_97' title='bbox 1232 1449 1410 1521; x_wconf 82' lang='grc' dir='ltr'>ῥεῦμα</span> <span class='ocrx_word' id='word_1_98' title='bbox 1443 1450 1734 1522; x_wconf 87' lang='grc' dir='ltr'>παρελθόν.</span> <span class='ocrx_word' id='word_1_99' title='bbox 1776 1451 2044 1522; x_wconf 78' lang='grc' dir='ltr'>Καθάπερ</span> 
     </span>
    </p>
   </div>
   <div class='ocr_carea' id='block_1_15' title="bbox 476 1536 2041 1610">
    <p class='ocr_par' dir='ltr' id='par_1_15' title="bbox 476 1536 2041 1610">
     <span class='ocr_line' id='line_1_15' title="bbox 476 1536 2041 1610; baseline -0.001 -17"><span class='ocrx_word' id='word_1_100' title='bbox 476 1539 533 1593; x_wconf 80' lang='grc' dir='ltr'>δὲ</span> <span class='ocrx_word' id='word_1_101' title='bbox 567 1541 602 1609; x_wconf 83' lang='grc' dir='ltr'>ή</span> <span class='ocrx_word' id='word_1_102' title='bbox 624 1540 775 1602; x_wconf 81' lang='grc' dir='ltr'>κόνις</span> <span class='ocrx_word' id='word_1_103' title='bbox 810 1539 920 1592; x_wconf 83' lang='grc' dir='ltr'>ἀπὸ</span> <span class='ocrx_word' id='word_1_104' title='bbox 951 1536 1065 1591; x_wconf 82' lang='grc' dir='ltr'>τῶν</span> <span class='ocrx_word' id='word_1_105' title='bbox 1090 1537 1267 1590; x_wconf 81' lang='grc' dir='ltr'>ποδῶν</span> <span class='ocrx_word' id='word_1_106' title='bbox 1293 1538 1568 1608; x_wconf 77' lang='grc' dir='ltr'>ἐγείρεται</span> <span class='ocrx_word' id='word_1_107' title='bbox 1593 1536 1707 1592; x_wconf 85' lang='grc' dir='ltr'>τῶν</span> <span class='ocrx_word' id='word_1_108' title='bbox 1726 1539 2041 1610; x_wconf 73' lang='grc' dir='ltr'>ἡμετέρων·</span> 
     </span>
    </p>
   </div>
   <div class='ocr_carea' id='block_1_16' title="bbox 475 1624 2043 1697">
    <p class='ocr_par' dir='ltr' id='par_1_16' title="bbox 475 1624 2043 1697">
     <span class='ocr_line' id='line_1_16' title="bbox 475 1624 2043 1697; baseline 0 -18"><span class='ocrx_word' id='word_1_109' title='bbox 475 1626 618 1680; x_wconf 80' lang='grc' dir='ltr'>οὕτω</span> <span class='ocrx_word' id='word_1_110' title='bbox 646 1626 712 1697; x_wconf 82' lang='grc' dir='ltr'>δὴ</span> <span class='ocrx_word' id='word_1_111' title='bbox 730 1625 824 1679; x_wconf 78' lang='grc' dir='ltr'>καὶ</span> <span class='ocrx_word' id='word_1_112' title='bbox 854 1626 909 1679; x_wconf 87' lang='grc' dir='ltr'>αί</span> <span class='ocrx_word' id='word_1_113' title='bbox 928 1625 1097 1695; x_wconf 79' lang='grc' dir='ltr'>ἀρχαὶ</span> <span class='ocrx_word' id='word_1_114' title='bbox 1125 1625 1233 1678; x_wconf 79' lang='grc' dir='ltr'>ἀπὸ</span> <span class='ocrx_word' id='word_1_115' title='bbox 1258 1625 1464 1678; x_wconf 89' lang='grc' dir='ltr'>τούτων</span> <span class='ocrx_word' id='word_1_116' title='bbox 1483 1624 1755 1679; x_wconf 88' lang='grc' dir='ltr'>τίκτονται</span> <span class='ocrx_word' id='word_1_117' title='bbox 1779 1625 1887 1679; x_wconf 87' lang='grc' dir='ltr'>τῶν</span> <span class='ocrx_word' id='word_1_118' title='bbox 1914 1627 2043 1696; x_wconf 75' lang='grc' dir='ltr'>περὶ</span> 
     </span>
    </p>
   </div>
   <div class='ocr_carea' id='block_1_17' title="bbox 474 1710 2043 1784">
    <p class='ocr_par' dir='ltr' id='par_1_17' title="bbox 474 1710 2043 1784">
     <span class='ocr_line' id='line_1_17' title="bbox 474 1710 2043 1784; baseline -0.001 -18"><span class='ocrx_word' id='word_1_119' title='bbox 474 1713 543 1766; x_wconf 67' lang='grc' dir='ltr'>τά</span> <span class='ocrx_word' id='word_1_120' title='bbox 570 1714 833 1784; x_wconf 85' lang='grc' dir='ltr'>χρήματα</span> <span class='ocrx_word' id='word_1_121' title='bbox 866 1710 1270 1783; x_wconf 71' lang='grc' dir='ltr'>στρεφομένων,</span> <span class='ocrx_word' id='word_1_122' title='bbox 1299 1712 1393 1765; x_wconf 76' lang='grc' dir='ltr'>καὶ</span> <span class='ocrx_word' id='word_1_123' title='bbox 1423 1711 1597 1766; x_wconf 86' lang='grc' dir='ltr'>ποδῶν</span> <span class='ocrx_word' id='word_1_124' title='bbox 1625 1712 1779 1778; x_wconf 82' lang='grc' dir='ltr'>τάξιν</span> <span class='ocrx_word' id='word_1_125' title='bbox 1807 1711 2043 1784; x_wconf 85' lang='grc' dir='ltr'>ἐχόντων</span> 
     </span>
    </p>
   </div>
   <div class='ocr_carea' id='block_1_18' title="bbox 470 1797 2041 1870">
    <p class='ocr_par' dir='ltr' id='par_1_18' title="bbox 470 1797 2041 1870">
     <span class='ocr_line' id='line_1_18' title="bbox 470 1797 2041 1870; baseline 0 -17"><span class='ocrx_word' id='word_1_126' title='bbox 470 1801 531 1853; x_wconf 82' lang='grc' dir='ltr'>ἐν</span> <span class='ocrx_word' id='word_1_127' title='bbox 554 1801 716 1854; x_wconf 75' lang='grc' dir='ltr'>παντὶ</span> <span class='ocrx_word' id='word_1_128' title='bbox 751 1797 831 1869; x_wconf 79' lang='grc' dir='ltr'>τῷ</span> <span class='ocrx_word' id='word_1_129' title='bbox 881 1797 982 1869; x_wconf 84' lang='grc' dir='ltr'>βίῳ</span> <span class='ocrx_word' id='word_1_130' title='bbox 1005 1816 1020 1830; x_wconf 87' lang='grc'><strong>·</strong></span> <span class='ocrx_word' id='word_1_131' title='bbox 1067 1799 1159 1852; x_wconf 80' lang='grc' dir='ltr'>καὶ</span> <span class='ocrx_word' id='word_1_132' title='bbox 1188 1797 1445 1870; x_wconf 83' lang='grc' dir='ltr'>καθάπερ</span> <span class='ocrx_word' id='word_1_133' title='bbox 1477 1801 1511 1869; x_wconf 88' lang='grc' dir='ltr'><strong>ἡ</strong></span> <span class='ocrx_word' id='word_1_134' title='bbox 1552 1798 1722 1864; x_wconf 85' lang='grc' dir='ltr'>κόνις,</span> <span class='ocrx_word' id='word_1_135' title='bbox 1759 1799 1890 1853; x_wconf 85' lang='grc' dir='ltr'>ὅταν</span> <span class='ocrx_word' id='word_1_136' title='bbox 1940 1799 2041 1870; x_wconf 80' lang='grc' dir='ltr'>μὲν</span> 
     </span>
    </p>
   </div>
   <div class='ocr_carea' id='block_1_19' title="bbox 471 1885 2042 1959">
    <p class='ocr_par' dir='ltr' id='par_1_19' title="bbox 471 1885 2042 1959">
     <span class='ocr_line' id='line_1_19' title="bbox 471 1885 2042 1959; baseline -0.002 -17"><span class='ocrx_word' id='word_1_137' title='bbox 471 1889 714 1959; x_wconf 81' lang='grc' dir='ltr'>αίρηται,</span> <span class='ocrx_word' id='word_1_138' title='bbox 745 1886 879 1941; x_wconf 76' lang='grc' dir='ltr'>πολὺ</span> <span class='ocrx_word' id='word_1_139' title='bbox 899 1885 1064 1958; x_wconf 84' lang='grc' dir='ltr'>μέρος</span> <span class='ocrx_word' id='word_1_140' title='bbox 1090 1886 1308 1957; x_wconf 80' lang='grc' dir='ltr'>κατέχει</span> <span class='ocrx_word' id='word_1_141' title='bbox 1328 1885 1423 1939; x_wconf 89' lang='grc' dir='ltr'>τοῦ</span> <span class='ocrx_word' id='word_1_142' title='bbox 1453 1885 1790 1957; x_wconf 81' lang='grc' dir='ltr'>ἀέρος,αὑτὴ</span> <span class='ocrx_word' id='word_1_143' title='bbox 1806 1885 1864 1941; x_wconf 82' lang='grc' dir='ltr'>δέ</span> <span class='ocrx_word' id='word_1_144' title='bbox 1894 1889 2042 1940; x_wconf 81' lang='grc' dir='ltr'>ἐστιν</span> 
     </span>
    </p>
   </div>
   <div class='ocr_carea' id='block_1_20' title="bbox 470 1971 2043 2045">
    <p class='ocr_par' dir='ltr' id='par_1_20' title="bbox 470 1971 2043 2045">
     <span class='ocr_line' id='line_1_20' title="bbox 470 1971 2043 2045; baseline 0.001 -18"><span class='ocrx_word' id='word_1_145' title='bbox 470 1975 649 2045; x_wconf 84' lang='grc' dir='ltr'>ὀλίγη,</span> <span class='ocrx_word' id='word_1_146' title='bbox 678 1972 821 2028; x_wconf 80' lang='grc' dir='ltr'>οὑτω</span> <span class='ocrx_word' id='word_1_147' title='bbox 848 1975 945 2027; x_wconf 72' lang='grc' dir='ltr'>καὶ</span> <span class='ocrx_word' id='word_1_148' title='bbox 973 1974 1008 2045; x_wconf 87' lang='grc' dir='ltr'>ή</span> <span class='ocrx_word' id='word_1_149' title='bbox 1047 1973 1222 2043; x_wconf 68' lang='grc' dir='ltr'>άρχήυ</span> <span class='ocrx_word' id='word_1_150' title='bbox 1256 1973 1352 2027; x_wconf 74' lang='grc' dir='ltr'>καὶ</span> <span class='ocrx_word' id='word_1_151' title='bbox 1389 1971 1641 2042; x_wconf 86' lang='grc' dir='ltr'>καθάπερ</span> <span class='ocrx_word' id='word_1_152' title='bbox 1684 1974 1718 2043; x_wconf 85' lang='grc' dir='ltr'>ή</span> <span class='ocrx_word' id='word_1_153' title='bbox 1760 1974 1907 2038; x_wconf 83' lang='grc' dir='ltr'>κόνις</span> <span class='ocrx_word' id='word_1_154' title='bbox 1955 1992 2043 2028; x_wconf 86' lang='grc' dir='ltr'>τυ-</span> 
     </span>
    </p>
   </div>
   <div class='ocr_carea' id='block_1_21' title="bbox 472 2061 2041 2134">
    <p class='ocr_par' dir='ltr' id='par_1_21' title="bbox 472 2061 2041 2134">
     <span class='ocr_line' id='line_1_21' title="bbox 472 2061 2041 2134; baseline 0.003 -22"><span class='ocrx_word' id='word_1_155' title='bbox 472 2063 595 2130; x_wconf 82' lang='grc' dir='ltr'>φλοῖ</span> <span class='ocrx_word' id='word_1_156' title='bbox 629 2062 757 2125; x_wconf 77' lang='grc' dir='ltr'>τοὺς</span> <span class='ocrx_word' id='word_1_157' title='bbox 784 2061 1122 2132; x_wconf 76' lang='grc' dir='ltr'>ὀφθαλμοὺς,</span> <span class='ocrx_word' id='word_1_158' title='bbox 1151 2061 1297 2115; x_wconf 76' lang='grc' dir='ltr'>οὕτω</span> <span class='ocrx_word' id='word_1_159' title='bbox 1333 2061 1427 2114; x_wconf 82' lang='grc' dir='ltr'>καὶ</span> <span class='ocrx_word' id='word_1_160' title='bbox 1463 2061 1562 2132; x_wconf 84' lang='grc' dir='ltr'>τῆς</span> <span class='ocrx_word' id='word_1_161' title='bbox 1597 2061 1775 2134; x_wconf 83' lang='grc' dir='ltr'>ἀρχῆς</span> <span class='ocrx_word' id='word_1_162' title='bbox 1817 2062 1848 2115; x_wconf 90' lang='grc' dir='ltr'>ὀ</span> <span class='ocrx_word' id='word_1_163' title='bbox 1874 2062 2041 2132; x_wconf 83' lang='grc' dir='ltr'>τῦφος</span> 
     </span>
    </p>
   </div>
   <div class='ocr_carea' id='block_1_22' title="bbox 475 2146 1546 2221">
    <p class='ocr_par' dir='ltr' id='par_1_22' title="bbox 475 2146 1546 2221">
     <span class='ocr_line' id='line_1_22' title="bbox 475 2146 1546 2221; baseline 0 -19"><span class='ocrx_word' id='word_1_164' title='bbox 475 2151 641 2221; x_wconf 83' lang='grc' dir='ltr'>πηροῖ</span> <span class='ocrx_word' id='word_1_165' title='bbox 669 2149 793 2213; x_wconf 80' lang='grc' dir='ltr'>τοὺς</span> <span class='ocrx_word' id='word_1_166' title='bbox 824 2147 1137 2220; x_wconf 82' lang='grc' dir='ltr'>ὀφθαλμοὺς</span> <span class='ocrx_word' id='word_1_167' title='bbox 1163 2148 1263 2221; x_wconf 78' lang='grc' dir='ltr'>τῆς</span> <span class='ocrx_word' id='word_1_168' title='bbox 1290 2146 1546 2212; x_wconf 74' lang='grc' dir='ltr'>διανοίας.</span> 
     </span>
    </p>
   </div>
   <div class='ocr_carea' id='block_1_23' title="bbox 554 2344 2030 2420">
    <p class='ocr_par' dir='ltr' id='par_1_23' title="bbox 554 2344 2030 2420">
     <span class='ocr_line' id='line_1_23' title="bbox 554 2344 2030 2420; baseline 0.001 -21"><span class='ocrx_word' id='word_1_169' title='bbox 554 2344 715 2399; x_wconf 79' lang='grc' dir='ltr'>Ἀλλά</span> <span class='ocrx_word' id='word_1_170' title='bbox 736 2346 824 2412; x_wconf 74' lang='grc' dir='ltr'>τίς</span> <span class='ocrx_word' id='word_1_171' title='bbox 859 2345 1036 2416; x_wconf 78' lang='grc' dir='ltr'>βούλει</span> <span class='ocrx_word' id='word_1_172' title='bbox 1060 2348 1122 2401; x_wconf 85' lang='grc' dir='ltr'>τδ</span> <span class='ocrx_word' id='word_1_173' title='bbox 1150 2345 1481 2401; x_wconf 81' lang='grc' dir='ltr'>πολύευκτον</span> <span class='ocrx_word' id='word_1_174' title='bbox 1506 2348 1737 2420; x_wconf 77' lang='grc' dir='ltr'>πρᾶγμα</span> <span class='ocrx_word' id='word_1_175' title='bbox 1764 2346 2030 2414; x_wconf 80' lang='grc' dir='ltr'>ἐξετάσω-</span> 
     </span>
    </p>
   </div>
   <div class='ocr_carea' id='block_1_24' title="bbox 473 2433 2038 2505">
    <p class='ocr_par' dir='ltr' id='par_1_24' title="bbox 473 2433 2038 2505">
     <span class='ocr_line' id='line_1_24' title="bbox 473 2433 2038 2505; baseline 0.003 -21"><span class='ocrx_word' id='word_1_176' title='bbox 473 2448 604 2502; x_wconf 89' lang='grc' dir='ltr'>μεν,</span> <span class='ocrx_word' id='word_1_177' title='bbox 641 2433 733 2486; x_wconf 81' lang='grc' dir='ltr'>τὸν</span> <span class='ocrx_word' id='word_1_178' title='bbox 765 2433 1026 2498; x_wconf 86' lang='grc' dir='ltr'>πλοῦτον;</span> <span class='ocrx_word' id='word_1_179' title='bbox 1055 2434 1193 2505; x_wconf 76' lang='grc' dir='ltr'>Φέρε</span> <span class='ocrx_word' id='word_1_180' title='bbox 1228 2434 1542 2505; x_wconf 81' lang='grc' dir='ltr'>καταμέρος</span> <span class='ocrx_word' id='word_1_181' title='bbox 1578 2434 1740 2489; x_wconf 78' lang='grc' dir='ltr'>αὐτὸν</span> <span class='ocrx_word' id='word_1_182' title='bbox 1773 2433 2038 2501; x_wconf 69' lang='grc' dir='ltr'>ἐξετάσω-</span> 
     </span>
    </p>
   </div>
   <div class='ocr_carea' id='block_1_25' title="bbox 470 2519 2031 2592">
    <p class='ocr_par' dir='ltr' id='par_1_25' title="bbox 470 2519 2031 2592">
     <span class='ocr_line' id='line_1_25' title="bbox 470 2519 2031 2592; baseline 0.004 -21"><span class='ocrx_word' id='word_1_183' title='bbox 470 2536 589 2588; x_wconf 87' lang='grc' dir='ltr'>μεν.</span> <span class='ocrx_word' id='word_1_184' title='bbox 629 2520 784 2591; x_wconf 86' lang='grc' dir='ltr'>Ἔχει</span> <span class='ocrx_word' id='word_1_185' title='bbox 828 2521 1074 2591; x_wconf 78' lang='grc' dir='ltr'>τρυφὴν,</span> <span class='ocrx_word' id='word_1_186' title='bbox 1117 2519 1230 2592; x_wconf 72' lang='grc' dir='ltr'>ἔχει</span> <span class='ocrx_word' id='word_1_187' title='bbox 1275 2521 1470 2591; x_wconf 87' lang='grc' dir='ltr'>τιμὰς,</span> <span class='ocrx_word' id='word_1_188' title='bbox 1504 2521 1616 2592; x_wconf 76' lang='grc' dir='ltr'>εχει</span> <span class='ocrx_word' id='word_1_189' title='bbox 1656 2522 1717 2575; x_wconf 78' lang='grc' dir='ltr'>τὸ</span> <span class='ocrx_word' id='word_1_190' title='bbox 1752 2522 2031 2578; x_wconf 83' lang='grc' dir='ltr'>δύνασθαι.</span> 
     </span>
    </p>
   </div>
   <div class='ocr_carea' id='block_1_26' title="bbox 465 2602 2036 2681">
    <p class='ocr_par' dir='ltr' id='par_1_26' title="bbox 465 2602 2036 2681">
     <span class='ocr_line' id='line_1_26' title="bbox 465 2602 2036 2681; baseline 0.004 -24"><span class='ocrx_word' id='word_1_191' title='bbox 465 2604 689 2675; x_wconf 86' lang='grc' dir='ltr'>Πρῶτον</span> <span class='ocrx_word' id='word_1_192' title='bbox 719 2602 833 2670; x_wconf 81' lang='grc' dir='ltr'>οὑν,</span> <span class='ocrx_word' id='word_1_193' title='bbox 858 2606 907 2659; x_wconf 92' lang='grc' dir='ltr'>εἰ</span> <span class='ocrx_word' id='word_1_194' title='bbox 932 2607 1131 2678; x_wconf 78' lang='grc' dir='ltr'>βούλει,</span> <span class='ocrx_word' id='word_1_195' title='bbox 1159 2606 1259 2677; x_wconf 78' lang='grc' dir='ltr'>τὴν</span> <span class='ocrx_word' id='word_1_196' title='bbox 1281 2607 1490 2678; x_wconf 77' lang='grc' dir='ltr'>τρυφὴν</span> <span class='ocrx_word' id='word_1_197' title='bbox 1514 2607 1856 2680; x_wconf 72' lang='grc' dir='ltr'>ἐξετάσωμεν</span> <span class='ocrx_word' id='word_1_198' title='bbox 1877 2651 1892 2674; x_wconf 98' lang='grc'>,</span> <span class='ocrx_word' id='word_1_199' title='bbox 1913 2610 2036 2681; x_wconf 75' lang='grc' dir='ltr'>οὑχὶ</span> 
     </span>
    </p>
   </div>
   <div class='ocr_carea' id='block_1_27' title="bbox 461 2691 2033 2765">
    <p class='ocr_par' dir='ltr' id='par_1_27' title="bbox 461 2691 2033 2765">
     <span class='ocr_line' id='line_1_27' title="bbox 461 2691 2033 2765; baseline 0.005 -23"><span class='ocrx_word' id='word_1_200' title='bbox 461 2691 738 2763; x_wconf 89' lang='grc' dir='ltr'>κονιορτός</span> <span class='ocrx_word' id='word_1_201' title='bbox 768 2694 919 2758; x_wconf 87' lang='grc' dir='ltr'>ἐστι;</span> <span class='ocrx_word' id='word_1_202' title='bbox 947 2691 1148 2763; x_wconf 79' lang='grc' dir='ltr'>μᾶλλον</span> <span class='ocrx_word' id='word_1_203' title='bbox 1180 2693 1235 2747; x_wconf 83' lang='grc' dir='ltr'>δέ</span> <span class='ocrx_word' id='word_1_204' title='bbox 1257 2693 1353 2746; x_wconf 73' lang='grc' dir='ltr'>καὶ</span> <span class='ocrx_word' id='word_1_205' title='bbox 1376 2692 1565 2747; x_wconf 87' lang='grc' dir='ltr'>τούτου</span> <span class='ocrx_word' id='word_1_206' title='bbox 1598 2695 1892 2765; x_wconf 81' lang='grc' dir='ltr'>ταχύτερον</span> <span class='ocrx_word' id='word_1_207' title='bbox 1924 2712 2033 2750; x_wconf 86' lang='grc' dir='ltr'>πα-</span> 
     </span>
    </p>
   </div>
   <div class='ocr_carea' id='block_1_28' title="bbox 466 2778 2031 2855">
    <p class='ocr_par' dir='ltr' id='par_1_28' title="bbox 466 2778 2031 2855">
     <span class='ocr_line' id='line_1_28' title="bbox 466 2778 2031 2855; baseline 0.004 -6"><span class='ocrx_word' id='word_1_208' title='bbox 466 2778 756 2849; x_wconf 72' lang='grc' dir='ltr'>ρατρέχειο</span> <span class='ocrx_word' id='word_1_209' title='bbox 802 2779 963 2850; x_wconf 82' lang='grc' dir='ltr'>μέχρι</span> <span class='ocrx_word' id='word_1_210' title='bbox 991 2779 1098 2852; x_wconf 71' lang='grc' dir='ltr'>γὰρ</span> <span class='ocrx_word' id='word_1_211' title='bbox 1118 2779 1219 2849; x_wconf 80' lang='grc' dir='ltr'>τῆς</span> <span class='ocrx_word' id='word_1_212' title='bbox 1249 2779 1495 2851; x_wconf 79' lang='grc' dir='ltr'>γλώττης</span> <span class='ocrx_word' id='word_1_213' title='bbox 1527 2783 1559 2853; x_wconf 74' lang='grc' dir='ltr'>ἡ</span> <span class='ocrx_word' id='word_1_214' title='bbox 1594 2782 1751 2855; x_wconf 77' lang='grc' dir='ltr'>ἡδονὴ</span> <span class='ocrx_word' id='word_1_215' title='bbox 1779 2784 1876 2854; x_wconf 80' lang='grc' dir='ltr'>τῆς</span> <span class='ocrx_word' id='word_1_216' title='bbox 1898 2801 2031 2854; x_wconf 83' lang='grc' dir='ltr'>τρυ-</span> 
     </span>
    </p>
   </div>
   <div class='ocr_carea' id='block_1_29' title="bbox 464 2866 2032 2942">
    <p class='ocr_par' dir='ltr' id='par_1_29' title="bbox 464 2866 2032 2942">
     <span class='ocr_line' id='line_1_29' title="bbox 464 2866 2032 2942; baseline 0.005 -25"><span class='ocrx_word' id='word_1_217' title='bbox 464 2866 569 2934; x_wconf 73' lang='grc' dir='ltr'>φῆς</span> <span class='ocrx_word' id='word_1_218' title='bbox 590 2882 607 2897; x_wconf 86' lang='grc'><strong>·</strong></span> <span class='ocrx_word' id='word_1_219' title='bbox 642 2866 771 2920; x_wconf 74' lang='grc' dir='ltr'>ὅταν</span> <span class='ocrx_word' id='word_1_220' title='bbox 804 2866 862 2920; x_wconf 85' lang='grc' dir='ltr'>δέ</span> <span class='ocrx_word' id='word_1_221' title='bbox 908 2867 1193 2939; x_wconf 78' lang='grc' dir='ltr'>ἐμπλησθῇ</span> <span class='ocrx_word' id='word_1_222' title='bbox 1228 2869 1262 2939; x_wconf 89' lang='grc' dir='ltr'>ή</span> <span class='ocrx_word' id='word_1_223' title='bbox 1312 2869 1545 2939; x_wconf 83' lang='grc' dir='ltr'>γαστὴρ,</span> <span class='ocrx_word' id='word_1_224' title='bbox 1581 2870 1702 2923; x_wconf 85' lang='grc' dir='ltr'>οὑδέ</span> <span class='ocrx_word' id='word_1_225' title='bbox 1738 2870 1897 2942; x_wconf 84' lang='grc' dir='ltr'>μέχρι</span> <span class='ocrx_word' id='word_1_226' title='bbox 1931 2872 2032 2941; x_wconf 80' lang='grc' dir='ltr'>τῆς</span> 
     </span>
    </p>
   </div>
   <div class='ocr_carea' id='block_1_30' title="bbox 463 2950 2027 3029">
    <p class='ocr_par' dir='ltr' id='par_1_30' title="bbox 463 2950 2027 3029">
     <span class='ocr_line' id='line_1_30' title="bbox 463 2950 2027 3029; baseline 0.008 -28"><span class='ocrx_word' id='word_1_227' title='bbox 463 2950 729 3021; x_wconf 70' lang='grc' dir='ltr'>γλώττης.</span> <span class='ocrx_word' id='word_1_228' title='bbox 781 2953 918 3007; x_wconf 80' lang='grc' dir='ltr'>Ἀλλ’</span> <span class='ocrx_word' id='word_1_229' title='bbox 954 2954 1114 3008; x_wconf 82' lang='grc' dir='ltr'>αὑταὶ</span> <span class='ocrx_word' id='word_1_230' title='bbox 1147 2956 1204 3008; x_wconf 88' lang='grc' dir='ltr'>αἰ</span> <span class='ocrx_word' id='word_1_231' title='bbox 1246 2957 1407 3026; x_wconf 71' lang='grc' dir='ltr'>τιμαὶ</span> <span class='ocrx_word' id='word_1_232' title='bbox 1443 2957 1678 3026; x_wconf 80' lang='grc' dir='ltr'>πρᾶγμα</span> <span class='ocrx_word' id='word_1_233' title='bbox 1707 2957 1836 3027; x_wconf 76' lang='grc' dir='ltr'>ἡδὺ,</span> <span class='ocrx_word' id='word_1_234' title='bbox 1873 2959 2027 3029; x_wconf 85' lang='grc' dir='ltr'>φησί.</span> 
     </span>
    </p>
   </div>
   <div class='ocr_carea' id='block_1_31' title="bbox 469 3039 2032 3117">
    <p class='ocr_par' dir='ltr' id='par_1_31' title="bbox 469 3039 2032 3117">
     <span class='ocr_line' id='line_1_31' title="bbox 469 3039 2032 3117; baseline 0.004 -26"><span class='ocrx_word' id='word_1_235' title='bbox 469 3039 580 3092; x_wconf 75' lang='grc' dir='ltr'>Καὶ</span> <span class='ocrx_word' id='word_1_236' title='bbox 601 3039 655 3093; x_wconf 89' lang='grc' dir='ltr'>τί</span> <span class='ocrx_word' id='word_1_237' title='bbox 674 3039 770 3109; x_wconf 86' lang='grc' dir='ltr'>τῆς</span> <span class='ocrx_word' id='word_1_238' title='bbox 789 3043 953 3112; x_wconf 77' lang='grc' dir='ltr'>τιμῆς</span> <span class='ocrx_word' id='word_1_239' title='bbox 977 3041 1190 3112; x_wconf 87' lang='grc' dir='ltr'>ἐκείνης</span> <span class='ocrx_word' id='word_1_240' title='bbox 1212 3043 1562 3114; x_wconf 80' lang='grc' dir='ltr'>ἀηδέστερον,</span> <span class='ocrx_word' id='word_1_241' title='bbox 1580 3045 1708 3097; x_wconf 80' lang='grc' dir='ltr'>ὅταν</span> <span class='ocrx_word' id='word_1_242' title='bbox 1733 3044 1820 3098; x_wconf 76' lang='grc' dir='ltr'>διὰ</span> <span class='ocrx_word' id='word_1_243' title='bbox 1840 3046 2032 3117; x_wconf 80' lang='grc' dir='ltr'>χρείαν</span> 
     </span>
    </p>
   </div>
   <div class='ocr_carea' id='block_1_32' title="bbox 466 3126 2031 3202">
    <p class='ocr_par' dir='ltr' id='par_1_32' title="bbox 466 3126 2031 3202">
     <span class='ocr_line' id='line_1_32' title="bbox 466 3126 2031 3202; baseline 0.006 -24"><span class='ocrx_word' id='word_1_244' title='bbox 466 3126 675 3194; x_wconf 87' lang='grc' dir='ltr'>γίνεται</span> <span class='ocrx_word' id='word_1_245' title='bbox 708 3129 1038 3200; x_wconf 85' lang='grc' dir='ltr'>χρημάτων;</span> <span class='ocrx_word' id='word_1_246' title='bbox 1075 3130 1248 3184; x_wconf 83' lang='grc' dir='ltr'>Ὅταν</span> <span class='ocrx_word' id='word_1_247' title='bbox 1273 3130 1347 3201; x_wconf 77' lang='grc' dir='ltr'>μὴ</span> <span class='ocrx_word' id='word_1_248' title='bbox 1381 3131 1444 3182; x_wconf 88' lang='grc' dir='ltr'>ἐκ</span> <span class='ocrx_word' id='word_1_249' title='bbox 1468 3130 1864 3201; x_wconf 84' lang='grc' dir='ltr'>προαιρέσεως,</span> <span class='ocrx_word' id='word_1_250' title='bbox 1898 3134 2031 3202; x_wconf 83' lang='grc' dir='ltr'>μηδέ</span> 
     </span>
    </p>
   </div>
   <div class='ocr_carea' id='block_1_33' title="bbox 463 3214 2025 3291">
    <p class='ocr_par' dir='ltr' id='par_1_33' title="bbox 463 3214 2025 3291">
     <span class='ocr_line' id='line_1_33' title="bbox 463 3214 2025 3291; baseline 0.003 -23"><span class='ocrx_word' id='word_1_251' title='bbox 463 3214 573 3268; x_wconf 77' lang='grc' dir='ltr'>ἀπὸ</span> <span class='ocrx_word' id='word_1_252' title='bbox 612 3215 916 3287; x_wconf 84' lang='grc' dir='ltr'>προθυμίας</span> <span class='ocrx_word' id='word_1_253' title='bbox 941 3216 1101 3280; x_wconf 81' lang='grc' dir='ltr'>τινὸς,</span> <span class='ocrx_word' id='word_1_254' title='bbox 1135 3216 1199 3270; x_wconf 82' lang='grc' dir='ltr'>οὑ</span> <span class='ocrx_word' id='word_1_255' title='bbox 1235 3217 1299 3270; x_wconf 85' lang='grc' dir='ltr'>σὺ</span> <span class='ocrx_word' id='word_1_256' title='bbox 1341 3217 1655 3288; x_wconf 87' lang='grc' dir='ltr'>καρποῦσαι</span> <span class='ocrx_word' id='word_1_257' title='bbox 1691 3218 1793 3289; x_wconf 86' lang='grc' dir='ltr'>τὴν</span> <span class='ocrx_word' id='word_1_258' title='bbox 1824 3220 1988 3291; x_wconf 78' lang='grc' dir='ltr'>τιμὴν</span> <span class='ocrx_word' id='word_1_259' title='bbox 2011 3263 2025 3285; x_wconf 93' lang='grc'>,</span> 
     </span>
    </p>
   </div>
   <div class='ocr_carea' id='block_1_34' title="bbox 461 3302 2032 3378">
    <p class='ocr_par' dir='ltr' id='par_1_34' title="bbox 461 3302 2032 3378">
     <span class='ocr_line' id='line_1_34' title="bbox 461 3302 2032 3378; baseline 0.004 -22"><span class='ocrx_word' id='word_1_260' title='bbox 461 3302 577 3356; x_wconf 79' lang='grc' dir='ltr'>ἀλλ’</span> <span class='ocrx_word' id='word_1_261' title='bbox 610 3303 639 3356; x_wconf 93' lang='grc' dir='ltr'>ὀ</span> <span class='ocrx_word' id='word_1_262' title='bbox 671 3303 920 3364; x_wconf 86' lang='grc' dir='ltr'>πλοῦτος.</span> <span class='ocrx_word' id='word_1_263' title='bbox 958 3305 1118 3357; x_wconf 82' lang='grc' dir='ltr'>Ὥστε</span> <span class='ocrx_word' id='word_1_264' title='bbox 1148 3303 1384 3375; x_wconf 89' lang='grc' dir='ltr'>μάλιστα</span> <span class='ocrx_word' id='word_1_265' title='bbox 1419 3305 1639 3359; x_wconf 86' lang='grc' dir='ltr'>πάντων</span> <span class='ocrx_word' id='word_1_266' title='bbox 1664 3307 1859 3378; x_wconf 81' lang='grc' dir='ltr'>ἄτιμον</span> <span class='ocrx_word' id='word_1_267' title='bbox 1885 3311 2032 3363; x_wconf 90' lang='grc' dir='ltr'>ποιεῖ</span> 
     </span>
    </p>
   </div>
   <div class='ocr_carea' id='block_1_35' title="bbox 459 3390 2030 3465">
    <p class='ocr_par' dir='ltr' id='par_1_35' title="bbox 459 3390 2030 3465">
     <span class='ocr_line' id='line_1_35' title="bbox 459 3390 2030 3465; baseline 0.004 -23"><span class='ocrx_word' id='word_1_268' title='bbox 459 3392 551 3444; x_wconf 74' lang='grc' dir='ltr'>τὸν</span> <span class='ocrx_word' id='word_1_269' title='bbox 578 3390 909 3445; x_wconf 80' lang='grc' dir='ltr'>πλουτοῦντα</span> <span class='ocrx_word' id='word_1_270' title='bbox 935 3391 1094 3445; x_wconf 87' lang='grc' dir='ltr'>τοῦτο</span> <span class='ocrx_word' id='word_1_271' title='bbox 1116 3391 1268 3445; x_wconf 90' lang='grc' dir='ltr'>αὑτό.</span> <span class='ocrx_word' id='word_1_272' title='bbox 1300 3392 1436 3446; x_wconf 84' lang='grc' dir='ltr'>Εἰπέ</span> <span class='ocrx_word' id='word_1_273' title='bbox 1456 3392 1565 3464; x_wconf 89' lang='grc' dir='ltr'>γάρ</span> <span class='ocrx_word' id='word_1_274' title='bbox 1592 3411 1702 3464; x_wconf 93' lang='grc' dir='ltr'>μοι,</span> <span class='ocrx_word' id='word_1_275' title='bbox 1726 3393 1779 3447; x_wconf 87' lang='grc' dir='ltr'>εῖ</span> <span class='ocrx_word' id='word_1_276' title='bbox 1795 3412 1853 3449; x_wconf 90' lang='grc' dir='ltr'>σε</span> <span class='ocrx_word' id='word_1_277' title='bbox 1878 3397 2030 3465; x_wconf 81' lang='grc' dir='ltr'>φίλον</span> 
     </span>
    </p>
   </div>
   <div class='ocr_carea' id='block_1_36' title="bbox 460 3476 2029 3551">
    <p class='ocr_par' dir='ltr' id='par_1_36' title="bbox 460 3476 2029 3551">
     <span class='ocr_line' id='line_1_36' title="bbox 460 3476 2029 3551; baseline 0.003 -21"><span class='ocrx_word' id='word_1_278' title='bbox 460 3477 651 3547; x_wconf 73' lang='grc' dir='ltr'>ἔχοντα</span> <span class='ocrx_word' id='word_1_279' title='bbox 681 3478 879 3541; x_wconf 86' lang='grc' dir='ltr'>πάντες</span> <span class='ocrx_word' id='word_1_280' title='bbox 908 3476 1138 3548; x_wconf 85' lang='grc' dir='ltr'>ἐτίμων,</span> <span class='ocrx_word' id='word_1_281' title='bbox 1167 3476 1479 3548; x_wconf 85' lang='grc' dir='ltr'>ὡμολόγουν</span> <span class='ocrx_word' id='word_1_282' title='bbox 1511 3480 1568 3533; x_wconf 84' lang='grc' dir='ltr'>δέ</span> <span class='ocrx_word' id='word_1_283' title='bbox 1599 3480 1658 3532; x_wconf 87' lang='grc' dir='ltr'>σέ</span> <span class='ocrx_word' id='word_1_284' title='bbox 1684 3481 1781 3551; x_wconf 77' lang='grc' dir='ltr'>μὲν</span> <span class='ocrx_word' id='word_1_285' title='bbox 1817 3482 2029 3546; x_wconf 81' lang='grc' dir='ltr'>οὐδενὸς</span> 
     </span>
    </p>
   </div>
   <div class='ocr_carea' id='block_1_37' title="bbox 460 3559 2028 3640">
    <p class='ocr_par' dir='ltr' id='par_1_37' title="bbox 460 3559 2028 3640">
     <span class='ocr_line' id='line_1_37' title="bbox 460 3559 2028 3640; baseline 0.003 -22"><span class='ocrx_word' id='word_1_286' title='bbox 460 3563 611 3628; x_wconf 73' lang='grc' dir='ltr'>ἄξιον</span> <span class='ocrx_word' id='word_1_287' title='bbox 657 3559 795 3617; x_wconf 73' lang='grc' dir='ltr'>εἶναι</span> <span class='ocrx_word' id='word_1_288' title='bbox 815 3605 828 3626; x_wconf 91' lang='grc'>,</span> <span class='ocrx_word' id='word_1_289' title='bbox 875 3562 1283 3633; x_wconf 78' lang='grc' dir='ltr'>ἀναγκάζεσθαι</span> <span class='ocrx_word' id='word_1_290' title='bbox 1310 3565 1368 3619; x_wconf 85' lang='grc' dir='ltr'>δὲ</span> <span class='ocrx_word' id='word_1_291' title='bbox 1396 3565 1465 3618; x_wconf 83' lang='grc' dir='ltr'>δι’</span> <span class='ocrx_word' id='word_1_292' title='bbox 1491 3566 1699 3620; x_wconf 84' lang='grc' dir='ltr'>ἐκεῖνον</span> <span class='ocrx_word' id='word_1_293' title='bbox 1730 3570 1895 3640; x_wconf 80' lang='grc' dir='ltr'>τιμᾷν</span> <span class='ocrx_word' id='word_1_294' title='bbox 1915 3610 1929 3635; x_wconf 84' lang='grc'><em>,</em></span> <span class='ocrx_word' id='word_1_295' title='bbox 1961 3565 2028 3640; x_wconf 82' lang='grc' dir='ltr'>ἦν</span> 
     </span>
    </p>
   </div>
   <div class='ocr_carea' id='block_1_38' title="bbox 463 3649 2025 3726">
    <p class='ocr_par' dir='ltr' id='par_1_38' title="bbox 463 3649 2025 3726">
     <span class='ocr_line' id='line_1_38' title="bbox 463 3649 2025 3726; baseline 0.005 -24"><span class='ocrx_word' id='word_1_296' title='bbox 463 3651 609 3712; x_wconf 84' lang='grc' dir='ltr'>ὅπως</span> <span class='ocrx_word' id='word_1_297' title='bbox 647 3649 714 3703; x_wconf 80' lang='grc' dir='ltr'>ἀν</span> <span class='ocrx_word' id='word_1_298' title='bbox 745 3666 804 3702; x_wconf 90' lang='grc' dir='ltr'>σε</span> <span class='ocrx_word' id='word_1_299' title='bbox 834 3650 1034 3722; x_wconf 86' lang='grc' dir='ltr'>ἐτέρως</span> <span class='ocrx_word' id='word_1_300' title='bbox 1066 3650 1377 3721; x_wconf 82' lang='grc' dir='ltr'>ὴτίμασαν;</span> <span class='ocrx_word' id='word_1_301' title='bbox 1419 3654 1581 3709; x_wconf 82' lang='grc' dir='ltr'>Ὥστε</span> <span class='ocrx_word' id='word_1_302' title='bbox 1604 3654 1828 3726; x_wconf 88' lang='grc' dir='ltr'>άτιμίας</span> <span class='ocrx_word' id='word_1_303' title='bbox 1857 3655 2025 3720; x_wconf 83' lang='grc' dir='ltr'>αίτιος</span> 
     </span>
    </p>
   </div>
   <div class='ocr_carea' id='block_1_39' title="bbox 462 3732 2027 3812">
    <p class='ocr_par' dir='ltr' id='par_1_39' title="bbox 462 3732 2027 3812">
     <span class='ocr_line' id='line_1_39' title="bbox 462 3732 2027 3812; baseline 0.004 -23"><span class='ocrx_word' id='word_1_304' title='bbox 462 3736 494 3789; x_wconf 88' lang='grc' dir='ltr'>ὀ</span> <span class='ocrx_word' id='word_1_305' title='bbox 525 3732 750 3797; x_wconf 84' lang='grc' dir='ltr'>πλοῦτος</span> <span class='ocrx_word' id='word_1_306' title='bbox 772 3735 906 3805; x_wconf 87' lang='grc' dir='ltr'>ήμῖν</span> <span class='ocrx_word' id='word_1_307' title='bbox 928 3775 942 3798; x_wconf 94' lang='grc'>,</span> <span class='ocrx_word' id='word_1_308' title='bbox 977 3737 1156 3790; x_wconf 87' lang='grc' dir='ltr'>αὑτῶν</span> <span class='ocrx_word' id='word_1_309' title='bbox 1181 3737 1287 3790; x_wconf 87' lang='grc' dir='ltr'>τῶν</span> <span class='ocrx_word' id='word_1_310' title='bbox 1322 3741 1672 3812; x_wconf 76' lang='grc' dir='ltr'>κεκτημένων</span> <span class='ocrx_word' id='word_1_311' title='bbox 1702 3741 2027 3812; x_wconf 79' lang='grc' dir='ltr'>τιμιώτερος</span> 
     </span>
    </p>
   </div>
   <div class='ocr_carea' id='block_1_40' title="bbox 462 3821 2027 3901">
    <p class='ocr_par' dir='ltr' id='par_1_40' title="bbox 462 3821 2027 3901">
     <span class='ocr_line' id='line_1_40' title="bbox 462 3821 2027 3901; baseline -0.003 -24"><span class='ocrx_word' id='word_1_312' title='bbox 462 3821 572 3889; x_wconf 84' lang='grc' dir='ltr'>ὣν,</span> <span class='ocrx_word' id='word_1_313' title='bbox 616 3823 710 3877; x_wconf 76' lang='grc' dir='ltr'>καὶ</span> <span class='ocrx_word' id='word_1_314' title='bbox 754 3822 1065 3889; x_wconf 79' lang='grc' dir='ltr'>ἀσθενείας,</span> <span class='ocrx_word' id='word_1_315' title='bbox 1110 3823 1144 3897; x_wconf 75' lang='grc' dir='ltr'>ἢ</span> <span class='ocrx_word' id='word_1_316' title='bbox 1182 3825 1497 3893; x_wconf 82' lang='grc' dir='ltr'>δυναστείας</span> <span class='ocrx_word' id='word_1_317' title='bbox 1539 3832 1860 3901; x_wconf 73' lang='grc' dir='ltr'>τεκμήριον,</span> <span class='ocrx_word' id='word_1_318' title='bbox 1902 3831 2027 3895; x_wconf 72' lang='grc' dir='ltr'>Πῶς</span> 
     </span>
    </p>
   </div>
   <div class='ocr_carea' id='block_1_41' title="bbox 459 3905 2024 3988">
    <p class='ocr_par' dir='ltr' id='par_1_41' title="bbox 459 3905 2024 3988">
     <span class='ocr_line' id='line_1_41' title="bbox 459 3905 2024 3988; baseline 0.004 -25"><span class='ocrx_word' id='word_1_319' title='bbox 459 3905 555 3965; x_wconf 81' lang='grc' dir='ltr'>οὖν</span> <span class='ocrx_word' id='word_1_320' title='bbox 584 3908 686 3964; x_wconf 82' lang='grc' dir='ltr'>οὑκ</span> <span class='ocrx_word' id='word_1_321' title='bbox 716 3908 916 3966; x_wconf 75' lang='grc' dir='ltr'>ἄτοπον</span> <span class='ocrx_word' id='word_1_322' title='bbox 935 3909 1039 3979; x_wconf 87' lang='grc' dir='ltr'>γῆς</span> <span class='ocrx_word' id='word_1_323' title='bbox 1062 3911 1157 3965; x_wconf 66' lang='grc' dir='ltr'>καὶ</span> <span class='ocrx_word' id='word_1_324' title='bbox 1190 3913 1382 3966; x_wconf 85' lang='grc' dir='ltr'>σποδοῦ</span> <span class='ocrx_word' id='word_1_325' title='bbox 1404 3914 1758 3986; x_wconf 79' lang='grc' dir='ltr'>(τοῦτογάρὸ</span> <span class='ocrx_word' id='word_1_326' title='bbox 1786 3917 2024 3988; x_wconf 83' lang='grc' dir='ltr'>χρυσὸς)</span> 
     </span>
    </p>
   </div>
   <div class='ocr_carea' id='block_1_42' title="bbox 462 3995 2025 4072">
    <p class='ocr_par' dir='ltr' id='par_1_42' title="bbox 462 3995 2025 4072">
     <span class='ocr_line' id='line_1_42' title="bbox 462 3995 2025 4072; baseline 0.004 -22"><span class='ocrx_word' id='word_1_327' title='bbox 462 3995 539 4068; x_wconf 76' lang='grc' dir='ltr'>μή</span> <span class='ocrx_word' id='word_1_328' title='bbox 566 3995 880 4066; x_wconf 75' lang='grc' dir='ltr'>νομίζεσθαι</span> <span class='ocrx_word' id='word_1_329' title='bbox 914 3998 1058 4067; x_wconf 78' lang='grc' dir='ltr'>ἡμᾶς</span> <span class='ocrx_word' id='word_1_330' title='bbox 1083 3997 1267 4063; x_wconf 77' lang='grc' dir='ltr'>ἀξίους</span> <span class='ocrx_word' id='word_1_331' title='bbox 1286 3996 1447 4066; x_wconf 72' lang='grc' dir='ltr'>εἶναι,</span> <span class='ocrx_word' id='word_1_332' title='bbox 1474 4001 1588 4055; x_wconf 84' lang='grc' dir='ltr'>ἀλλ’</span> <span class='ocrx_word' id='word_1_333' title='bbox 1614 4004 1760 4072; x_wconf 81' lang='grc' dir='ltr'>ἡμᾶς</span> <span class='ocrx_word' id='word_1_334' title='bbox 1789 4004 1855 4056; x_wconf 89' lang='grc' dir='ltr'>δι’</span> <span class='ocrx_word' id='word_1_335' title='bbox 1881 4006 2025 4059; x_wconf 81' lang='grc' dir='ltr'>ἐκεῖ·</span> 
     </span>
    </p>
   </div>
   <div class='ocr_carea' id='block_1_43' title="bbox 457 4083 2027 4158">
    <p class='ocr_par' dir='ltr' id='par_1_43' title="bbox 457 4083 2027 4158">
     <span class='ocr_line' id='line_1_43' title="bbox 457 4083 2027 4158; baseline 0.008 -23"><span class='ocrx_word' id='word_1_336' title='bbox 457 4099 550 4137; x_wconf 80' lang='grc' dir='ltr'>νον</span> <span class='ocrx_word' id='word_1_337' title='bbox 576 4083 876 4154; x_wconf 78' lang='grc' dir='ltr'>τιμᾶσθαι;</span> <span class='ocrx_word' id='word_1_338' title='bbox 909 4083 1145 4149; x_wconf 78' lang='grc' dir='ltr'>Εἰκότως</span> <span class='ocrx_word' id='word_1_339' title='bbox 1167 4102 1182 4116; x_wconf 78' lang='grc' dir='ltr'>ο</span> <span class='ocrx_word' id='word_1_340' title='bbox 1212 4086 1328 4140; x_wconf 80' lang='grc' dir='ltr'>ἀλλ’</span> <span class='ocrx_word' id='word_1_341' title='bbox 1356 4088 1455 4158; x_wconf 85' lang='grc' dir='ltr'>οὐχ</span> <span class='ocrx_word' id='word_1_342' title='bbox 1484 4089 1513 4142; x_wconf 91' lang='grc' dir='ltr'>ὀ</span> <span class='ocrx_word' id='word_1_343' title='bbox 1540 4088 1635 4144; x_wconf 88' lang='grc' dir='ltr'>τοῦ</span> <span class='ocrx_word' id='word_1_344' title='bbox 1663 4088 1894 4143; x_wconf 89' lang='grc' dir='ltr'>πλούτου</span> <span class='ocrx_word' id='word_1_345' title='bbox 1930 4109 2027 4147; x_wconf 87' lang='grc' dir='ltr'>κα-</span> 
     </span>
    </p>
   </div>
   <div class='ocr_carea' id='block_1_44' title="bbox 456 4170 2027 4248">
    <p class='ocr_par' dir='ltr' id='par_1_44' title="bbox 456 4170 2027 4248">
     <span class='ocr_line' id='line_1_44' title="bbox 456 4170 2027 4248; baseline 0.006 -25"><span class='ocrx_word' id='word_1_346' title='bbox 456 4170 762 4240; x_wconf 87' lang='grc' dir='ltr'>ταφρονῶν,</span> <span class='ocrx_word' id='word_1_347' title='bbox 800 4170 941 4224; x_wconf 80' lang='grc' dir='ltr'>οὕτω</span> <span class='ocrx_word' id='word_1_348' title='bbox 961 4187 975 4203; x_wconf 75' lang='grc'><strong><em>⁸</em></strong></span> <span class='ocrx_word' id='word_1_349' title='bbox 1011 4175 1258 4244; x_wconf 86' lang='grc' dir='ltr'>κρεῖττον</span> <span class='ocrx_word' id='word_1_350' title='bbox 1284 4175 1393 4245; x_wconf 73' lang='grc' dir='ltr'>γάρ</span> <span class='ocrx_word' id='word_1_351' title='bbox 1430 4176 1503 4247; x_wconf 80' lang='grc' dir='ltr'>μὴ</span> <span class='ocrx_word' id='word_1_352' title='bbox 1528 4176 1794 4247; x_wconf 79' lang='grc' dir='ltr'>τιμᾶσθαι</span> <span class='ocrx_word' id='word_1_353' title='bbox 1822 4177 1854 4248; x_wconf 81' lang='grc' dir='ltr'>ἢ</span> <span class='ocrx_word' id='word_1_354' title='bbox 1885 4176 2027 4233; x_wconf 77' lang='grc' dir='ltr'>οὕτω</span> 
     </span>
    </p>
   </div>
   <div class='ocr_carea' id='block_1_45' title="bbox 457 4259 2024 4333">
    <p class='ocr_par' dir='ltr' id='par_1_45' title="bbox 457 4259 2024 4333">
     <span class='ocr_line' id='line_1_45' title="bbox 457 4259 2024 4333; baseline 0.006 -22"><span class='ocrx_word' id='word_1_355' title='bbox 457 4259 739 4329; x_wconf 77' lang='grc' dir='ltr'>τιμᾶσθαι.</span> <span class='ocrx_word' id='word_1_356' title='bbox 769 4260 902 4313; x_wconf 82' lang='grc' dir='ltr'>Εἰπέ</span> <span class='ocrx_word' id='word_1_357' title='bbox 934 4262 1043 4333; x_wconf 88' lang='grc' dir='ltr'>γάρ</span> <span class='ocrx_word' id='word_1_358' title='bbox 1085 4280 1195 4332; x_wconf 90' lang='grc' dir='ltr'>μοι,</span> <span class='ocrx_word' id='word_1_359' title='bbox 1227 4265 1279 4317; x_wconf 85' lang='grc' dir='ltr'>εί</span> <span class='ocrx_word' id='word_1_360' title='bbox 1307 4282 1390 4328; x_wconf 90' lang='grc' dir='ltr'>τις</span> <span class='ocrx_word' id='word_1_361' title='bbox 1415 4263 1539 4319; x_wconf 81' lang='grc' dir='ltr'>είπέ</span> <span class='ocrx_word' id='word_1_362' title='bbox 1573 4284 1673 4333; x_wconf 85' lang='grc' dir='ltr'>σοι,</span> <span class='ocrx_word' id='word_1_363' title='bbox 1708 4266 1790 4320; x_wconf 79' lang='grc' dir='ltr'>ὅτι</span> <span class='ocrx_word' id='word_1_364' title='bbox 1838 4269 1903 4321; x_wconf 84' lang='grc' dir='ltr'>Σὲ</span> <span class='ocrx_word' id='word_1_365' title='bbox 1930 4269 2024 4321; x_wconf 87' lang='grc' dir='ltr'>οὑ-</span> 
     </span>
    </p>
   </div>
   <div class='ocr_carea' id='block_1_46' title="bbox 457 4347 2022 4420">
    <p class='ocr_par' dir='ltr' id='par_1_46' title="bbox 457 4347 2022 4420">
     <span class='ocr_line' id='line_1_46' title="bbox 457 4347 2022 4420; baseline 0.004 -17"><span class='ocrx_word' id='word_1_366' title='bbox 457 4347 648 4417; x_wconf 69' lang='grc' dir='ltr'>δεμιάς</span> <span class='ocrx_word' id='word_1_367' title='bbox 676 4347 919 4418; x_wconf 76' lang='grc' dir='ltr'>ἠγοῦμαι</span> <span class='ocrx_word' id='word_1_368' title='bbox 943 4349 1090 4415; x_wconf 81' lang='grc' dir='ltr'>ἀξιον</span> <span class='ocrx_word' id='word_1_369' title='bbox 1116 4351 1305 4420; x_wconf 78' lang='grc' dir='ltr'>τιμῆς,</span> <span class='ocrx_word' id='word_1_370' title='bbox 1338 4352 1426 4406; x_wconf 79' lang='grc' dir='ltr'>διά</span> <span class='ocrx_word' id='word_1_371' title='bbox 1457 4353 1512 4406; x_wconf 83' lang='grc' dir='ltr'>δὲ</span> <span class='ocrx_word' id='word_1_372' title='bbox 1538 4356 1666 4417; x_wconf 80' lang='grc' dir='ltr'>τοὺς</span> <span class='ocrx_word' id='word_1_373' title='bbox 1690 4356 1905 4420; x_wconf 75' lang='grc' dir='ltr'>οἰκέτας</span> <span class='ocrx_word' id='word_1_374' title='bbox 1931 4374 2022 4409; x_wconf 90' lang='grc' dir='ltr'>σου</span> 
     </span>
    </p>
   </div>
   <div class='ocr_carea' id='block_1_47' title="bbox 459 4431 2025 4513">
    <p class='ocr_par' dir='ltr' id='par_1_47' title="bbox 459 4431 2025 4513">
     <span class='ocr_line' id='line_1_47' title="bbox 459 4431 2025 4513; baseline 0.007 -28"><span class='ocrx_word' id='word_1_375' title='bbox 459 4434 604 4503; x_wconf 82' lang='grc' dir='ltr'>τιμῶ</span> <span class='ocrx_word' id='word_1_376' title='bbox 635 4451 725 4497; x_wconf 88' lang='grc' dir='ltr'>σε,</span> <span class='ocrx_word' id='word_1_377' title='bbox 762 4431 870 4505; x_wconf 81' lang='grc' dir='ltr'>ἆρα</span> <span class='ocrx_word' id='word_1_378' title='bbox 902 4435 953 4488; x_wconf 89' lang='grc' dir='ltr'>τί</span> <span class='ocrx_word' id='word_1_379' title='bbox 977 4437 1182 4507; x_wconf 80' lang='grc' dir='ltr'>ταύτης</span> <span class='ocrx_word' id='word_1_380' title='bbox 1210 4438 1308 4506; x_wconf 84' lang='grc' dir='ltr'>τῆς</span> <span class='ocrx_word' id='word_1_381' title='bbox 1340 4440 1563 4509; x_wconf 79' lang='grc' dir='ltr'>ἀτιμίας</span> <span class='ocrx_word' id='word_1_382' title='bbox 1592 4442 1799 4509; x_wconf 88' lang='grc' dir='ltr'>γένοιτο</span> <span class='ocrx_word' id='word_1_383' title='bbox 1828 4444 1895 4496; x_wconf 82' lang='grc' dir='ltr'>ἂν</span> <span class='ocrx_word' id='word_1_384' title='bbox 1915 4445 2025 4513; x_wconf 60' lang='grc' dir='ltr'>χείρ</span> 
     </span>
    </p>
   </div>
   <div class='ocr_carea' id='block_1_48' title="bbox 464 4520 2025 4597">
    <p class='ocr_par' dir='ltr' id='par_1_48' title="bbox 464 4520 2025 4597">
     <span class='ocr_line' id='line_1_48' title="bbox 464 4520 2025 4597; baseline 0.008 -26"><span class='ocrx_word' id='word_1_385' title='bbox 464 4537 586 4590; x_wconf 84' lang='grc' dir='ltr'>ρον;</span> <span class='ocrx_word' id='word_1_386' title='bbox 622 4520 683 4573; x_wconf 88' lang='grc' dir='ltr'>Εἰ</span> <span class='ocrx_word' id='word_1_387' title='bbox 705 4520 764 4576; x_wconf 79' lang='grc' dir='ltr'>δέ</span> <span class='ocrx_word' id='word_1_388' title='bbox 789 4520 849 4573; x_wconf 80' lang='grc' dir='ltr'>τὸ</span> <span class='ocrx_word' id='word_1_389' title='bbox 875 4522 942 4575; x_wconf 85' lang='grc' dir='ltr'>δι’</span> <span class='ocrx_word' id='word_1_390' title='bbox 977 4524 1191 4588; x_wconf 75' lang='grc' dir='ltr'>οἰκέτας</span> <span class='ocrx_word' id='word_1_391' title='bbox 1223 4525 1484 4592; x_wconf 74' lang='grc' dir='ltr'>τιμᾶσθαι</span> <span class='ocrx_word' id='word_1_392' title='bbox 1516 4528 1741 4597; x_wconf 80' lang='grc' dir='ltr'>αἰσχρὸν</span> <span class='ocrx_word' id='word_1_393' title='bbox 1773 4530 1899 4591; x_wconf 81' lang='grc' dir='ltr'>τοὺς</span> <span class='ocrx_word' id='word_1_394' title='bbox 1926 4530 2025 4595; x_wconf 78' lang='grc' dir='ltr'>τῆς</span> 
     </span>
    </p>
   </div>
   <div class='ocr_carea' id='block_1_49' title="bbox 461 4607 2025 4689">
    <p class='ocr_par' dir='ltr' id='par_1_49' title="bbox 461 4607 2025 4689">
     <span class='ocr_line' id='line_1_49' title="bbox 461 4607 2025 4689; baseline 0.004 -25"><span class='ocrx_word' id='word_1_395' title='bbox 461 4608 630 4677; x_wconf 74' lang='grc' dir='ltr'>αὐτῆς</span> <span class='ocrx_word' id='word_1_396' title='bbox 657 4607 835 4679; x_wconf 72' lang='grc' dir='ltr'>ψυχῆς</span> <span class='ocrx_word' id='word_1_397' title='bbox 866 4612 997 4680; x_wconf 82' lang='grc' dir='ltr'>ἡμῖν</span> <span class='ocrx_word' id='word_1_398' title='bbox 1032 4612 1420 4676; x_wconf 80' lang='grc' dir='ltr'>κοινωνοῦντας</span> <span class='ocrx_word' id='word_1_399' title='bbox 1458 4615 1553 4668; x_wconf 73' lang='grc' dir='ltr'>καὶ</span> <span class='ocrx_word' id='word_1_400' title='bbox 1582 4614 1814 4683; x_wconf 84' lang='grc' dir='ltr'>φύσεως,</span> <span class='ocrx_word' id='word_1_401' title='bbox 1847 4618 2025 4689; x_wconf 83' lang='grc' dir='ltr'>πολλῷ</span> 
     </span>
    </p>
   </div>
   <div class='ocr_carea' id='block_1_50' title="bbox 463 4696 2023 4774">
    <p class='ocr_par' dir='ltr' id='par_1_50' title="bbox 463 4696 2023 4774">
     <span class='ocr_line' id='line_1_50' title="bbox 463 4696 2023 4774; baseline 0.006 -25"><span class='ocrx_word' id='word_1_402' title='bbox 463 4697 680 4766; x_wconf 70' lang='grc' dir='ltr'>μᾶλλον,</span> <span class='ocrx_word' id='word_1_403' title='bbox 727 4696 816 4750; x_wconf 76' lang='grc' dir='ltr'>διὰ</span> <span class='ocrx_word' id='word_1_404' title='bbox 851 4697 1084 4765; x_wconf 87' lang='grc' dir='ltr'>τούτων,</span> <span class='ocrx_word' id='word_1_405' title='bbox 1131 4699 1273 4768; x_wconf 77' lang='grc' dir='ltr'>άπερ</span> <span class='ocrx_word' id='word_1_406' title='bbox 1307 4701 1454 4754; x_wconf 76' lang='grc' dir='ltr'>ἐστὶν</span> <span class='ocrx_word' id='word_1_407' title='bbox 1486 4702 1836 4774; x_wconf 77' lang='grc' dir='ltr'>εὐτελέστερα</span> <span class='ocrx_word' id='word_1_408' title='bbox 1857 4747 1871 4769; x_wconf 88' lang='grc'>,</span> <span class='ocrx_word' id='word_1_409' title='bbox 1910 4706 2023 4758; x_wconf 83' lang='grc' dir='ltr'>τοί-</span> 
     </span>
    </p>
   </div>
   <div class='ocr_carea' id='block_1_51' title="bbox 459 4784 2024 4863">
    <p class='ocr_par' dir='ltr' id='par_1_51' title="bbox 459 4784 2024 4863">
     <span class='ocr_line' id='line_1_51' title="bbox 459 4784 2024 4863; baseline 0.007 -27"><span class='ocrx_word' id='word_1_410' title='bbox 459 4802 588 4853; x_wconf 83' lang='grc' dir='ltr'>χους</span> <span class='ocrx_word' id='word_1_411' title='bbox 628 4784 774 4852; x_wconf 83' lang='grc' dir='ltr'>λέγω</span> <span class='ocrx_word' id='word_1_412' title='bbox 810 4786 995 4839; x_wconf 88' lang='grc' dir='ltr'>οίκιῶν</span> <span class='ocrx_word' id='word_1_413' title='bbox 1034 4788 1128 4843; x_wconf 78' lang='grc' dir='ltr'>καὶ</span> <span class='ocrx_word' id='word_1_414' title='bbox 1157 4788 1325 4853; x_wconf 82' lang='grc' dir='ltr'>αὑλάς</span> <span class='ocrx_word' id='word_1_415' title='bbox 1367 4791 1462 4843; x_wconf 81' lang='grc' dir='ltr'>καὶ</span> <span class='ocrx_word' id='word_1_416' title='bbox 1500 4791 1666 4862; x_wconf 86' lang='grc' dir='ltr'>σκεύη</span> <span class='ocrx_word' id='word_1_417' title='bbox 1711 4794 1888 4863; x_wconf 80' lang='grc' dir='ltr'>χρυσᾶ</span> <span class='ocrx_word' id='word_1_418' title='bbox 1930 4796 2024 4850; x_wconf 75' lang='grc' dir='ltr'>καὶ</span> 
     </span>
    </p>
   </div>
   <div class='ocr_carea' id='block_1_52' title="bbox 463 4871 2023 4949">
    <p class='ocr_par' dir='ltr' id='par_1_52' title="bbox 463 4871 2023 4949">
     <span class='ocr_line' id='line_1_52' title="bbox 463 4871 2023 4949; baseline 0.008 -27"><span class='ocrx_word' id='word_1_419' title='bbox 463 4871 673 4940; x_wconf 80' lang='grc' dir='ltr'>ἱμάτια.</span> <span class='ocrx_word' id='word_1_420' title='bbox 719 4871 897 4935; x_wconf 83' lang='grc' dir='ltr'>Γέλως</span> <span class='ocrx_word' id='word_1_421' title='bbox 938 4873 1106 4937; x_wconf 75' lang='grc' dir='ltr'>ὅντως</span> <span class='ocrx_word' id='word_1_422' title='bbox 1144 4875 1238 4928; x_wconf 74' lang='grc' dir='ltr'>καὶ</span> <span class='ocrx_word' id='word_1_423' title='bbox 1289 4874 1516 4947; x_wconf 79' lang='grc' dir='ltr'>αἰσχύνη</span> <span class='ocrx_word' id='word_1_424' title='bbox 1568 4877 1741 4933; x_wconf 89' lang='grc' dir='ltr'>ταῦτα</span> <span class='ocrx_word' id='word_1_425' title='bbox 1765 4898 1778 4913; x_wconf 79' lang='grc' dir='ltr'><strong><em>ο</em></strong></span> <span class='ocrx_word' id='word_1_426' title='bbox 1817 4880 2023 4949; x_wconf 85' lang='grc' dir='ltr'>βέλτιον</span> 
     </span>
    </p>
   </div>
   <div class='ocr_carea' id='block_1_53' title="bbox 462 4957 2025 5037">
    <p class='ocr_par' dir='ltr' id='par_1_53' title="bbox 462 4957 2025 5037">
     <span class='ocr_line' id='line_1_53' title="bbox 462 4957 2025 5037; baseline 0.008 -27"><span class='ocrx_word' id='word_1_427' title='bbox 462 4957 748 5010; x_wconf 75' lang='grc' dir='ltr'>ἀποθανεῖν</span> <span class='ocrx_word' id='word_1_428' title='bbox 768 4999 783 5022; x_wconf 95' lang='grc'>,</span> <span class='ocrx_word' id='word_1_429' title='bbox 813 4958 847 5028; x_wconf 77' lang='grc' dir='ltr'>ἢ</span> <span class='ocrx_word' id='word_1_430' title='bbox 886 4957 1029 5014; x_wconf 80' lang='grc' dir='ltr'>οὑτω</span> <span class='ocrx_word' id='word_1_431' title='bbox 1061 4962 1379 5034; x_wconf 82' lang='grc' dir='ltr'>τιμηθῆναι.</span> <span class='ocrx_word' id='word_1_432' title='bbox 1419 4965 1556 5019; x_wconf 81' lang='grc' dir='ltr'>Εἰπὲ</span> <span class='ocrx_word' id='word_1_433' title='bbox 1585 4967 1694 5036; x_wconf 85' lang='grc' dir='ltr'>γάρ</span> <span class='ocrx_word' id='word_1_434' title='bbox 1724 4984 1834 5037; x_wconf 89' lang='grc' dir='ltr'>μοι,</span> <span class='ocrx_word' id='word_1_435' title='bbox 1863 4970 1919 5022; x_wconf 77' lang='grc' dir='ltr'>εί</span> <span class='ocrx_word' id='word_1_436' title='bbox 1940 4969 2025 5033; x_wconf 89' lang='grc' dir='ltr'>τίς</span> 
     </span>
    </p>
   </div>
   <div class='ocr_carea' id='block_1_54' title="bbox 464 5043 2024 5124">
    <p class='ocr_par' dir='ltr' id='par_1_54' title="bbox 464 5043 2024 5124">
     <span class='ocr_line' id='line_1_54' title="bbox 464 5043 2024 5124; baseline 0.008 -28"><span class='ocrx_word' id='word_1_437' title='bbox 464 5060 522 5097; x_wconf 86' lang='grc' dir='ltr'>σε</span> <span class='ocrx_word' id='word_1_438' title='bbox 552 5043 927 5097; x_wconf 86' lang='grc' dir='ltr'>κινδυνεύοντα</span> <span class='ocrx_word' id='word_1_439' title='bbox 951 5047 1008 5099; x_wconf 89' lang='grc' dir='ltr'>ἐν</span> <span class='ocrx_word' id='word_1_440' title='bbox 1030 5047 1108 5117; x_wconf 85' lang='grc' dir='ltr'>τῷ</span> <span class='ocrx_word' id='word_1_441' title='bbox 1130 5047 1284 5119; x_wconf 83' lang='grc' dir='ltr'>τύφῳ</span> <span class='ocrx_word' id='word_1_442' title='bbox 1305 5050 1478 5119; x_wconf 83' lang='grc' dir='ltr'>τούτῳ</span> <span class='ocrx_word' id='word_1_443' title='bbox 1498 5052 1719 5124; x_wconf 79' lang='grc' dir='ltr'>εὐτελὴς</span> <span class='ocrx_word' id='word_1_444' title='bbox 1742 5055 1837 5107; x_wconf 76' lang='grc' dir='ltr'>καὶ</span> <span class='ocrx_word' id='word_1_445' title='bbox 1856 5057 2024 5109; x_wconf 82' lang='grc' dir='ltr'>κατά-</span> 
     </span>
    </p>
   </div>
   <div class='ocr_carea' id='block_1_55' title="bbox 460 5132 2021 5206">
    <p class='ocr_par' dir='ltr' id='par_1_55' title="bbox 460 5132 2021 5206">
     <span class='ocr_line' id='line_1_55' title="bbox 460 5132 2021 5206; baseline 0.008 -21"><span class='ocrx_word' id='word_1_446' title='bbox 460 5147 694 5194; x_wconf 83' lang='grc' dir='ltr'>πτυστος</span> <span class='ocrx_word' id='word_1_447' title='bbox 714 5132 985 5197; x_wconf 74' lang='grc' dir='ltr'>ἐξελέσθαι</span> <span class='ocrx_word' id='word_1_448' title='bbox 1010 5134 1241 5206; x_wconf 75' lang='grc' dir='ltr'>ἠθέλησε</span> <span class='ocrx_word' id='word_1_449' title='bbox 1263 5138 1356 5191; x_wconf 91' lang='grc' dir='ltr'>τοῦ</span> <span class='ocrx_word' id='word_1_450' title='bbox 1383 5140 1651 5200; x_wconf 84' lang='grc' dir='ltr'>κινδύνου.</span> <span class='ocrx_word' id='word_1_451' title='bbox 1671 5142 1724 5195; x_wconf 90' lang='grc' dir='ltr'>τί</span> <span class='ocrx_word' id='word_1_452' title='bbox 1744 5143 1810 5197; x_wconf 76' lang='grc' dir='ltr'>ἂν</span> <span class='ocrx_word' id='word_1_453' title='bbox 1830 5143 2021 5198; x_wconf 77' lang='grc' dir='ltr'>τούτου</span> 
     </span>
    </p>
   </div>
   <div class='ocr_carea' id='block_1_56' title="bbox 457 5213 2022 5302">
    <p class='ocr_par' dir='ltr' id='par_1_56' title="bbox 457 5213 2022 5302">
     <span class='ocr_line' id='line_1_56' title="bbox 457 5213 2022 5302; baseline 0.008 -30"><span class='ocrx_word' id='word_1_454' title='bbox 457 5223 636 5292; x_wconf 74' lang='grc' dir='ltr'>χεῖρον</span> <span class='ocrx_word' id='word_1_455' title='bbox 666 5213 770 5290; x_wconf 82' lang='grc' dir='ltr'>ἧν;</span> <span class='ocrx_word' id='word_1_456' title='bbox 805 5220 981 5290; x_wconf 81' lang='grc' dir='ltr'>Ὅπερ</span> <span class='ocrx_word' id='word_1_457' title='bbox 1000 5222 1055 5275; x_wconf 79' lang='grc' dir='ltr'>δὲ</span> <span class='ocrx_word' id='word_1_458' title='bbox 1079 5224 1205 5294; x_wconf 80' lang='grc' dir='ltr'>περὶ</span> <span class='ocrx_word' id='word_1_459' title='bbox 1237 5228 1335 5296; x_wconf 78' lang='grc' dir='ltr'>τῆς</span> <span class='ocrx_word' id='word_1_460' title='bbox 1366 5227 1573 5292; x_wconf 82' lang='grc' dir='ltr'>πόλεως</span> <span class='ocrx_word' id='word_1_461' title='bbox 1596 5230 1732 5299; x_wconf 74' lang='grc' dir='ltr'>πρὸς</span> <span class='ocrx_word' id='word_1_462' title='bbox 1762 5231 2022 5302; x_wconf 84' lang='grc' dir='ltr'>ἀλλήλους</span> 
     </span>
    </p>
   </div>
   <div class='ocr_carea' id='block_1_57' title="bbox 457 5304 2020 5386">
    <p class='ocr_par' dir='ltr' id='par_1_57' title="bbox 457 5304 2020 5386">
     <span class='ocr_line' id='line_1_57' title="bbox 457 5304 2020 5386; baseline 0.009 -28"><span class='ocrx_word' id='word_1_463' title='bbox 457 5306 673 5375; x_wconf 86' lang='grc' dir='ltr'>λέγετε,</span> <span class='ocrx_word' id='word_1_464' title='bbox 724 5304 984 5377; x_wconf 86' lang='grc' dir='ltr'>βούλομαι</span> <span class='ocrx_word' id='word_1_465' title='bbox 1034 5310 1168 5377; x_wconf 83' lang='grc' dir='ltr'>πρὸς</span> <span class='ocrx_word' id='word_1_466' title='bbox 1209 5311 1353 5379; x_wconf 83' lang='grc' dir='ltr'>ὑμᾶς</span> <span class='ocrx_word' id='word_1_467' title='bbox 1400 5314 1592 5368; x_wconf 84' lang='grc' dir='ltr'>εἰπεῖν.</span> <span class='ocrx_word' id='word_1_468' title='bbox 1646 5316 2020 5386; x_wconf 73' lang='grc' dir='ltr'>Προσεκρουσέ</span> 
     </span>
    </p>
   </div>
   <div class='ocr_carea' id='block_1_58' title="bbox 457 5392 2020 5470">
    <p class='ocr_par' dir='ltr' id='par_1_58' title="bbox 457 5392 2020 5470">
     <span class='ocr_line' id='line_1_58' title="bbox 457 5392 2020 5470; baseline 0.007 -27"><span class='ocrx_word' id='word_1_469' title='bbox 457 5409 585 5445; x_wconf 85' lang='grc' dir='ltr'>ποτε</span> <span class='ocrx_word' id='word_1_470' title='bbox 623 5392 701 5464; x_wconf 81' lang='grc' dir='ltr'>τῷ</span> <span class='ocrx_word' id='word_1_471' title='bbox 730 5392 1020 5463; x_wconf 86' lang='grc' dir='ltr'>κρατοῦντι</span> <span class='ocrx_word' id='word_1_472' title='bbox 1063 5396 1096 5464; x_wconf 83' lang='grc' dir='ltr'>ή</span> <span class='ocrx_word' id='word_1_473' title='bbox 1132 5393 1284 5459; x_wconf 86' lang='grc' dir='ltr'>πόλις</span> <span class='ocrx_word' id='word_1_474' title='bbox 1321 5399 1354 5466; x_wconf 83' lang='grc' dir='ltr'>ἠ</span> <span class='ocrx_word' id='word_1_475' title='bbox 1389 5400 1664 5470; x_wconf 80' lang='grc' dir='ltr'>ήμετέρα,</span> <span class='ocrx_word' id='word_1_476' title='bbox 1711 5402 1801 5455; x_wconf 78' lang='grc' dir='ltr'>καί</span> <span class='ocrx_word' id='word_1_477' title='bbox 1841 5404 2020 5456; x_wconf 80' lang='grc' dir='ltr'>πᾶσαν</span> 
     </span>
    </p>
   </div>
   <div class='ocr_carea' id='block_1_59' title="bbox 456 5477 2021 5558">
    <p class='ocr_par' dir='ltr' id='par_1_59' title="bbox 456 5477 2021 5558">
     <span class='ocr_line' id='line_1_59' title="bbox 456 5477 2021 5558; baseline 0.008 -29"><span class='ocrx_word' id='word_1_478' title='bbox 456 5477 624 5549; x_wconf 84' lang='grc' dir='ltr'>αὑτὴν</span> <span class='ocrx_word' id='word_1_479' title='bbox 663 5479 949 5533; x_wconf 85' lang='grc' dir='ltr'>ἐκέλευσεν</span> <span class='ocrx_word' id='word_1_480' title='bbox 990 5479 1159 5550; x_wconf 77' lang='grc' dir='ltr'>ἄρδην</span> <span class='ocrx_word' id='word_1_481' title='bbox 1188 5482 1485 5537; x_wconf 81' lang='grc' dir='ltr'>ἀπολέσθαι</span> <span class='ocrx_word' id='word_1_482' title='bbox 1523 5486 1659 5553; x_wconf 84' lang='grc' dir='ltr'>μετά</span> <span class='ocrx_word' id='word_1_483' title='bbox 1689 5487 1897 5558; x_wconf 88' lang='grc' dir='ltr'>ἀνδρῶν</span> <span class='ocrx_word' id='word_1_484' title='bbox 1928 5490 2021 5542; x_wconf 77' lang='grc' dir='ltr'>καὶ</span> 
     </span>
    </p>
   </div>
   <div class='ocr_carea' id='block_1_60' title="bbox 455 5565 2018 5644">
    <p class='ocr_par' dir='ltr' id='par_1_60' title="bbox 455 5565 2018 5644">
     <span class='ocr_line' id='line_1_60' title="bbox 455 5565 2018 5644; baseline 0.006 -26"><span class='ocrx_word' id='word_1_485' title='bbox 455 5566 662 5620; x_wconf 84' lang='grc' dir='ltr'>παίδων</span> <span class='ocrx_word' id='word_1_486' title='bbox 684 5567 780 5621; x_wconf 71' lang='grc' dir='ltr'>καὶ</span> <span class='ocrx_word' id='word_1_487' title='bbox 810 5565 1147 5637; x_wconf 82' lang='grc' dir='ltr'>οἰκημάτων.</span> <span class='ocrx_word' id='word_1_488' title='bbox 1177 5567 1417 5623; x_wconf 85' lang='grc' dir='ltr'>Τοιοῦτοι</span> <span class='ocrx_word' id='word_1_489' title='bbox 1450 5571 1560 5643; x_wconf 77' lang='grc' dir='ltr'>γὰρ</span> <span class='ocrx_word' id='word_1_490' title='bbox 1584 5575 1632 5625; x_wconf 86' lang='grc' dir='ltr'>οί</span> <span class='ocrx_word' id='word_1_491' title='bbox 1659 5573 1818 5643; x_wconf 76' lang='grc' dir='ltr'>θυμοὶ</span> <span class='ocrx_word' id='word_1_492' title='bbox 1845 5575 1895 5627; x_wconf 91' lang='grc' dir='ltr'>οί</span> <span class='ocrx_word' id='word_1_493' title='bbox 1923 5573 2018 5644; x_wconf 88' lang='grc' dir='ltr'>βα-</span> 
     </span>
    </p>
   </div>
   <div class='ocr_carea' id='block_1_61' title="bbox 457 5648 2020 5734">
    <p class='ocr_par' dir='ltr' id='par_1_61' title="bbox 457 5648 2020 5734">
     <span class='ocr_line' id='line_1_61' title="bbox 457 5648 2020 5734; baseline 0.007 -29"><span class='ocrx_word' id='word_1_494' title='bbox 457 5652 651 5711; x_wconf 86' lang='grc' dir='ltr'>σιλικοί</span> <span class='ocrx_word' id='word_1_495' title='bbox 670 5671 683 5685; x_wconf 90' lang='grc'><strong>·</strong></span> <span class='ocrx_word' id='word_1_496' title='bbox 719 5655 786 5726; x_wconf 80' lang='grc' dir='ltr'>τῇ</span> <span class='ocrx_word' id='word_1_497' title='bbox 817 5648 1034 5726; x_wconf 73' lang='grc' dir='ltr'>ἐξουσίᾳ</span> <span class='ocrx_word' id='word_1_498' title='bbox 1064 5653 1186 5709; x_wconf 81' lang='grc' dir='ltr'>ὅσον</span> <span class='ocrx_word' id='word_1_499' title='bbox 1213 5655 1278 5712; x_wconf 81' lang='grc' dir='ltr'>ἂν</span> <span class='ocrx_word' id='word_1_500' title='bbox 1308 5656 1522 5723; x_wconf 78' lang='grc' dir='ltr'>θέλωσι,</span> <span class='ocrx_word' id='word_1_501' title='bbox 1550 5660 1860 5734; x_wconf 73' lang='grc' dir='ltr'>χαρίζονται</span> <span class='ocrx_word' id='word_1_502' title='bbox 1886 5677 1899 5692; x_wconf 82' lang='lat'>&#39;</span> <span class='ocrx_word' id='word_1_503' title='bbox 1933 5679 2020 5716; x_wconf 85' lang='grc' dir='ltr'>το-</span> 
     </span>
    </p>
   </div>
   <div class='ocr_carea' id='block_1_62' title="bbox 1345 282 2840 345">
    <p class='ocr_par' dir='ltr' id='par_1_62' title="bbox 1345 282 2840 345">
     <span class='ocr_line' id='line_1_62' title="bbox 1345 282 2840 345; baseline 0.003 -5"><span class='ocrx_word' id='word_1_504' title='bbox 1345 286 1409 341; x_wconf 79' lang='lat' dir='ltr'>IN</span> <span class='ocrx_word' id='word_1_505' title='bbox 1449 286 1667 344; x_wconf 82' lang='lat' dir='ltr'>EPIST.</span> <span class='ocrx_word' id='word_1_506' title='bbox 1708 288 1798 341; x_wconf 83' lang='lat' dir='ltr'>AD</span> <span class='ocrx_word' id='word_1_507' title='bbox 1830 282 2116 342; x_wconf 85' lang='lat' dir='ltr'>COLOSS.</span> <span class='ocrx_word' id='word_1_508' title='bbox 2158 282 2414 345; x_wconf 74' lang='lat' dir='ltr'>CAPJU.</span> <span class='ocrx_word' id='word_1_509' title='bbox 2452 288 2688 344; x_wconf 72' lang='lat' dir='ltr'>HOMIL.</span> <span class='ocrx_word' id='word_1_510' title='bbox 2735 288 2840 344; x_wconf 66' lang='lat' dir='ltr'>\‘il.</span> 
     </span>
    </p>
   </div>
   <div class='ocr_carea' id='block_1_63' title="bbox 3614 285 3721 340">
    <p class='ocr_par' dir='ltr' id='par_1_63' title="bbox 3614 285 3721 340">
     <span class='ocr_line' id='line_1_63' title="bbox 3614 285 3721 340; baseline 0 -1"><span class='ocrx_word' id='word_1_511' title='bbox 3614 285 3721 340; x_wconf 76' lang='grc' dir='ltr'>5ἒό</span> 
     </span>
    </p>
   </div>
   <div class='ocr_carea' id='block_1_64' title="bbox 2159 393 3724 479">
    <p class='ocr_par' dir='ltr' id='par_1_64' title="bbox 2159 393 3724 479">
     <span class='ocr_line' id='line_1_64' title="bbox 2159 393 3724 479; baseline -0.004 -23"><span class='ocrx_word' id='word_1_512' title='bbox 2159 401 2347 456; x_wconf 82' lang='grc' dir='ltr'>σοῦτον</span> <span class='ocrx_word' id='word_1_513' title='bbox 2380 402 2532 479; x_wconf 67' lang='grc' dir='ltr'>[δῖοι</span> <span class='ocrx_word' id='word_1_514' title='bbox 2566 406 2599 475; x_wconf 83' lang='grc' dir='ltr'>ή</span> <span class='ocrx_word' id='word_1_515' title='bbox 2649 402 2866 470; x_wconf 78' lang='grc' dir='ltr'>ἐξουσία</span> <span class='ocrx_word' id='word_1_516' title='bbox 2894 402 3080 455; x_wconf 82' lang='grc' dir='ltr'>κακόν.</span> <span class='ocrx_word' id='word_1_517' title='bbox 3115 395 3223 452; x_wconf 85' lang='grc' dir='ltr'>Ἦν</span> <span class='ocrx_word' id='word_1_518' title='bbox 3254 393 3346 452; x_wconf 80' lang='grc' dir='ltr'>οὑν</span> <span class='ocrx_word' id='word_1_519' title='bbox 3380 400 3435 451; x_wconf 85' lang='grc' dir='ltr'>ἐν</span> <span class='ocrx_word' id='word_1_520' title='bbox 3463 396 3724 461; x_wconf 85' lang='grc' dir='ltr'>κινδύνοις</span> 
     </span>
    </p>
   </div>
   <div class='ocr_carea' id='block_1_65' title="bbox 2154 482 3723 560">
    <p class='ocr_par' dir='ltr' id='par_1_65' title="bbox 2154 482 3723 560">
     <span class='ocr_line' id='line_1_65' title="bbox 2154 482 3723 560; baseline -0.003 -20"><span class='ocrx_word' id='word_1_521' title='bbox 2154 492 2262 552; x_wconf 89' lang='grc' dir='ltr'>τοῖς</span> <span class='ocrx_word' id='word_1_522' title='bbox 2291 491 2560 560; x_wconf 88' lang='grc' dir='ltr'>ἐσχάτοις.</span> <span class='ocrx_word' id='word_1_523' title='bbox 2598 490 2661 544; x_wconf 83' lang='grc' dir='ltr'><strong><em>Ἦ</em></strong></span> <span class='ocrx_word' id='word_1_524' title='bbox 2686 491 2742 544; x_wconf 81' lang='grc' dir='ltr'>δὲ</span> <span class='ocrx_word' id='word_1_525' title='bbox 2764 489 2956 558; x_wconf 85' lang='grc' dir='ltr'>γείτων</span> <span class='ocrx_word' id='word_1_526' title='bbox 2988 488 3162 551; x_wconf 84' lang='grc' dir='ltr'>πόλις,</span> <span class='ocrx_word' id='word_1_527' title='bbox 3195 485 3334 556; x_wconf 86' lang='grc' dir='ltr'>αῦτη</span> <span class='ocrx_word' id='word_1_528' title='bbox 3358 488 3390 555; x_wconf 87' lang='grc' dir='ltr'>ή</span> <span class='ocrx_word' id='word_1_529' title='bbox 3425 482 3723 537; x_wconf 79' lang='grc' dir='ltr'>ἐπιθαλάσ-</span> 
     </span>
    </p>
   </div>
   <div class='ocr_carea' id='block_1_66' title="bbox 2156 571 3721 650">
    <p class='ocr_par' dir='ltr' id='par_1_66' title="bbox 2156 571 3721 650">
     <span class='ocr_line' id='line_1_66' title="bbox 2156 571 3721 650; baseline -0.004 -21"><span class='ocrx_word' id='word_1_530' title='bbox 2156 592 2288 642; x_wconf 87' lang='grc' dir='ltr'>σιος,</span> <span class='ocrx_word' id='word_1_531' title='bbox 2318 577 2547 633; x_wconf 89' lang='grc' dir='ltr'>ἐλθοῦσα</span> <span class='ocrx_word' id='word_1_532' title='bbox 2570 579 2909 650; x_wconf 85' lang='grc' dir='ltr'>παρεκάλεσε</span> <span class='ocrx_word' id='word_1_533' title='bbox 2931 576 3022 629; x_wconf 80' lang='grc' dir='ltr'>τὸν</span> <span class='ocrx_word' id='word_1_534' title='bbox 3050 574 3272 645; x_wconf 76' lang='grc' dir='ltr'>βασιλέα</span> <span class='ocrx_word' id='word_1_535' title='bbox 3296 574 3435 643; x_wconf 77' lang='grc' dir='ltr'>ὑπὲρ</span> <span class='ocrx_word' id='word_1_536' title='bbox 3454 571 3632 643; x_wconf 85' lang='grc' dir='ltr'>ήμῶν·</span> <span class='ocrx_word' id='word_1_537' title='bbox 3671 571 3721 623; x_wconf 82' lang='grc' dir='ltr'>οἱ</span> 
     </span>
    </p>
   </div>
   <div class='ocr_carea' id='block_1_67' title="bbox 2151 657 3724 737">
    <p class='ocr_par' dir='ltr' id='par_1_67' title="bbox 2151 657 3724 737">
     <span class='ocr_line' id='line_1_67' title="bbox 2151 657 3724 737; baseline -0.003 -20"><span class='ocrx_word' id='word_1_538' title='bbox 2151 663 2208 718; x_wconf 87' lang='grc' dir='ltr'>δέ</span> <span class='ocrx_word' id='word_1_539' title='bbox 2238 665 2338 737; x_wconf 86' lang='grc' dir='ltr'>τὴν</span> <span class='ocrx_word' id='word_1_540' title='bbox 2382 666 2536 719; x_wconf 90' lang='grc' dir='ltr'>πόλιν</span> <span class='ocrx_word' id='word_1_541' title='bbox 2576 665 2849 729; x_wconf 85' lang='grc' dir='ltr'>οἰκοῦντες</span> <span class='ocrx_word' id='word_1_542' title='bbox 2884 666 2984 735; x_wconf 84' lang='grc' dir='ltr'>τὴν</span> <span class='ocrx_word' id='word_1_543' title='bbox 3021 662 3295 736; x_wconf 75' lang='grc' dir='ltr'>ἡμετέραν</span> <span class='ocrx_word' id='word_1_544' title='bbox 3343 661 3528 730; x_wconf 75' lang='grc' dir='ltr'>ἔλεγον</span> <span class='ocrx_word' id='word_1_545' title='bbox 3565 657 3724 712; x_wconf 89' lang='grc' dir='ltr'>τοῦτο</span> 
     </span>
    </p>
   </div>
   <div class='ocr_carea' id='block_1_68' title="bbox 2152 743 3722 823">
    <p class='ocr_par' dir='ltr' id='par_1_68' title="bbox 2152 743 3722 823">
     <span class='ocr_line' id='line_1_68' title="bbox 2152 743 3722 823; baseline -0.007 -15"><span class='ocrx_word' id='word_1_546' title='bbox 2152 754 2332 822; x_wconf 78' lang='grc' dir='ltr'>χεῖρον</span> <span class='ocrx_word' id='word_1_547' title='bbox 2361 748 2499 807; x_wconf 78' lang='grc' dir='ltr'>εἶναι</span> <span class='ocrx_word' id='word_1_548' title='bbox 2526 752 2620 807; x_wconf 86' lang='grc' dir='ltr'>τοῦ</span> <span class='ocrx_word' id='word_1_549' title='bbox 2650 754 3064 823; x_wconf 79' lang='grc' dir='ltr'>κατασκαφῆναι</span> <span class='ocrx_word' id='word_1_550' title='bbox 3097 751 3197 821; x_wconf 79' lang='grc' dir='ltr'>τὴν</span> <span class='ocrx_word' id='word_1_551' title='bbox 3228 750 3401 805; x_wconf 89' lang='grc' dir='ltr'>πόλιν.</span> <span class='ocrx_word' id='word_1_552' title='bbox 3434 747 3591 803; x_wconf 82' lang='grc' dir='ltr'>υῦτω</span> <span class='ocrx_word' id='word_1_553' title='bbox 3626 743 3722 799; x_wconf 89' lang='grc' dir='ltr'>τοῦ</span> 
     </span>
    </p>
   </div>
   <div class='ocr_carea' id='block_1_69' title="bbox 2152 833 3721 912">
    <p class='ocr_par' dir='ltr' id='par_1_69' title="bbox 2152 833 3721 912">
     <span class='ocr_line' id='line_1_69' title="bbox 2152 833 3721 912; baseline -0.001 -20"><span class='ocrx_word' id='word_1_554' title='bbox 2152 840 2514 911; x_wconf 81' lang='grc' dir='ltr'>ἀτιμασθῆναι</span> <span class='ocrx_word' id='word_1_555' title='bbox 2540 841 2599 894; x_wconf 82' lang='grc' dir='ltr'>τὸ</span> <span class='ocrx_word' id='word_1_556' title='bbox 2622 840 2766 895; x_wconf 69' lang='grc' dir='ltr'>οὕτω</span> <span class='ocrx_word' id='word_1_557' title='bbox 2796 840 3058 912; x_wconf 76' lang='grc' dir='ltr'>τιμᾶσθαι</span> <span class='ocrx_word' id='word_1_558' title='bbox 3079 840 3259 910; x_wconf 86' lang='grc' dir='ltr'>χεῖρόν</span> <span class='ocrx_word' id='word_1_559' title='bbox 3285 841 3421 893; x_wconf 85' lang='grc' dir='ltr'>ἐστι.</span> <span class='ocrx_word' id='word_1_560' title='bbox 3447 837 3588 908; x_wconf 84' lang='grc' dir='ltr'>Ὅρα</span> <span class='ocrx_word' id='word_1_561' title='bbox 3612 833 3721 902; x_wconf 75' lang='grc' dir='ltr'>γὰρ</span> 
     </span>
    </p>
   </div>
   <div class='ocr_carea' id='block_1_70' title="bbox 2154 919 3720 999">
    <p class='ocr_par' dir='ltr' id='par_1_70' title="bbox 2154 919 3720 999">
     <span class='ocr_line' id='line_1_70' title="bbox 2154 919 3720 999; baseline -0.004 -20"><span class='ocrx_word' id='word_1_562' title='bbox 2154 925 2315 979; x_wconf 85' lang='grc' dir='ltr'>πόθεν</span> <span class='ocrx_word' id='word_1_563' title='bbox 2341 926 2455 997; x_wconf 79' lang='grc' dir='ltr'>ἔχει</span> <span class='ocrx_word' id='word_1_564' title='bbox 2473 927 2571 999; x_wconf 85' lang='grc' dir='ltr'>τὴν</span> <span class='ocrx_word' id='word_1_565' title='bbox 2595 928 2749 999; x_wconf 79' lang='grc' dir='ltr'>ῥίζαν</span> <span class='ocrx_word' id='word_1_566' title='bbox 2771 929 2805 998; x_wconf 90' lang='grc' dir='ltr'>ή</span> <span class='ocrx_word' id='word_1_567' title='bbox 2826 927 2980 997; x_wconf 87' lang='grc' dir='ltr'>τιμή.</span> <span class='ocrx_word' id='word_1_568' title='bbox 3017 926 3311 995; x_wconf 82' lang='grc' dir='ltr'>Μαγείρων</span> <span class='ocrx_word' id='word_1_569' title='bbox 3331 928 3508 995; x_wconf 85' lang='grc' dir='ltr'>χεῖρες</span> <span class='ocrx_word' id='word_1_570' title='bbox 3539 919 3720 974; x_wconf 83' lang='grc' dir='ltr'>ποιοῦ-</span> 
     </span>
    </p>
   </div>
   <div class='ocr_carea' id='block_1_71' title="bbox 2153 1007 3721 1085">
    <p class='ocr_par' dir='ltr' id='par_1_71' title="bbox 2153 1007 3721 1085">
     <span class='ocr_line' id='line_1_71' title="bbox 2153 1007 3721 1085; baseline -0.004 -20"><span class='ocrx_word' id='word_1_571' title='bbox 2153 1029 2237 1066; x_wconf 92' lang='grc' dir='ltr'>σιν</span> <span class='ocrx_word' id='word_1_572' title='bbox 2282 1015 2430 1084; x_wconf 79' lang='grc' dir='ltr'>ἡμᾶς</span> <span class='ocrx_word' id='word_1_573' title='bbox 2462 1013 2722 1085; x_wconf 85' lang='grc' dir='ltr'>τιμᾶσθαι</span> <span class='ocrx_word' id='word_1_574' title='bbox 2748 1054 2765 1081; x_wconf 95' lang='grc'>,</span> <span class='ocrx_word' id='word_1_575' title='bbox 2801 1013 2941 1067; x_wconf 83' lang='grc' dir='ltr'>ὥστε</span> <span class='ocrx_word' id='word_1_576' title='bbox 2976 1014 3205 1076; x_wconf 89' lang='grc' dir='ltr'>ἐκείνοις</span> <span class='ocrx_word' id='word_1_577' title='bbox 3248 1012 3533 1082; x_wconf 79' lang='grc' dir='ltr'>ὀφείλομεν</span> <span class='ocrx_word' id='word_1_578' title='bbox 3561 1007 3721 1079; x_wconf 87' lang='grc' dir='ltr'>χάριν</span> 
     </span>
    </p>
   </div>
   <div class='ocr_carea' id='block_1_72' title="bbox 2150 1096 3722 1173">
    <p class='ocr_par' dir='ltr' id='par_1_72' title="bbox 2150 1096 3722 1173">
     <span class='ocr_line' id='line_1_72' title="bbox 2150 1096 3722 1173; baseline -0.006 -17"><span class='ocrx_word' id='word_1_579' title='bbox 2150 1099 2295 1171; x_wconf 74' lang='grc' dir='ltr'>ἔχειν</span> <span class='ocrx_word' id='word_1_580' title='bbox 2313 1116 2327 1131; x_wconf 85' lang='grc'><em>’</em></span> <span class='ocrx_word' id='word_1_581' title='bbox 2360 1102 2454 1156; x_wconf 77' lang='grc' dir='ltr'>καὶ</span> <span class='ocrx_word' id='word_1_582' title='bbox 2477 1101 2715 1156; x_wconf 76' lang='grc' dir='ltr'>συϐῶται</span> <span class='ocrx_word' id='word_1_583' title='bbox 2738 1102 3071 1173; x_wconf 83' lang='grc' dir='ltr'>παρέχοντες</span> <span class='ocrx_word' id='word_1_584' title='bbox 3104 1100 3364 1154; x_wconf 84' lang='grc' dir='ltr'>πλουσίαν</span> <span class='ocrx_word' id='word_1_585' title='bbox 3393 1098 3491 1170; x_wconf 83' lang='grc' dir='ltr'>τὴν</span> <span class='ocrx_word' id='word_1_586' title='bbox 3519 1096 3722 1168; x_wconf 81' lang='grc' dir='ltr'>τράπε-</span> 
     </span>
    </p>
   </div>
   <div class='ocr_carea' id='block_1_73' title="bbox 2152 1186 3723 1265">
    <p class='ocr_par' dir='ltr' id='par_1_73' title="bbox 2152 1186 3723 1265">
     <span class='ocr_line' id='line_1_73' title="bbox 2152 1186 3723 1265; baseline -0.004 -18"><span class='ocrx_word' id='word_1_587' title='bbox 2152 1192 2272 1257; x_wconf 77' lang='grc' dir='ltr'>ζαν,</span> <span class='ocrx_word' id='word_1_588' title='bbox 2302 1194 2396 1248; x_wconf 77' lang='grc' dir='ltr'>καὶ</span> <span class='ocrx_word' id='word_1_589' title='bbox 2422 1195 2656 1265; x_wconf 85' lang='grc' dir='ltr'>ὑφάνται</span> <span class='ocrx_word' id='word_1_590' title='bbox 2685 1195 2780 1248; x_wconf 76' lang='grc' dir='ltr'>καὶ</span> <span class='ocrx_word' id='word_1_591' title='bbox 2801 1193 2970 1264; x_wconf 78' lang='grc' dir='ltr'>ἔριθοι</span> <span class='ocrx_word' id='word_1_592' title='bbox 3005 1192 3099 1246; x_wconf 75' lang='grc' dir='ltr'>καὶ</span> <span class='ocrx_word' id='word_1_593' title='bbox 3127 1194 3175 1245; x_wconf 87' lang='grc' dir='ltr'>οί</span> <span class='ocrx_word' id='word_1_594' title='bbox 3227 1190 3465 1261; x_wconf 81' lang='grc' dir='ltr'>μέταλλα</span> <span class='ocrx_word' id='word_1_595' title='bbox 3495 1186 3723 1258; x_wconf 81' lang='grc' dir='ltr'>ἐργαζό-</span> 
     </span>
    </p>
   </div>
   <div class='ocr_carea' id='block_1_74' title="bbox 2154 1278 3453 1352">
    <p class='ocr_par' dir='ltr' id='par_1_74' title="bbox 2154 1278 3453 1352">
     <span class='ocr_line' id='line_1_74' title="bbox 2154 1278 3453 1352; baseline -0.002 -17"><span class='ocrx_word' id='word_1_596' title='bbox 2154 1296 2303 1351; x_wconf 89' lang='grc' dir='ltr'>μενοι</span> <span class='ocrx_word' id='word_1_597' title='bbox 2328 1281 2424 1335; x_wconf 74' lang='grc' dir='ltr'>καὶ</span> <span class='ocrx_word' id='word_1_598' title='bbox 2450 1279 2898 1336; x_wconf 87' lang='grc' dir='ltr'>πλακουντοποιοί</span> <span class='ocrx_word' id='word_1_599' title='bbox 2926 1280 3019 1335; x_wconf 78' lang='grc' dir='ltr'>καὶ</span> <span class='ocrx_word' id='word_1_600' title='bbox 3044 1278 3453 1352; x_wconf 77' lang='grc' dir='ltr'>τραπεζοποιοί.</span> 
     </span>
    </p>
   </div>
   <div class='ocr_carea' id='block_1_75' title="bbox 2216 1466 3706 1541">
    <p class='ocr_par' dir='ltr' id='par_1_75' title="bbox 2216 1466 3706 1541">
     <span class='ocr_line' id='line_1_75' title="bbox 2216 1466 3706 1541; baseline -0.004 -16"><span class='ocrx_word' id='word_1_601' title='bbox 2216 1471 2279 1527; x_wconf 82' lang='grc' dir='ltr'>δ’.</span> <span class='ocrx_word' id='word_1_602' title='bbox 2314 1471 2420 1525; x_wconf 86' lang='grc' dir='ltr'>Τοῦ</span> <span class='ocrx_word' id='word_1_603' title='bbox 2452 1471 2630 1526; x_wconf 88' lang='grc' dir='ltr'>τοίνυν</span> <span class='ocrx_word' id='word_1_604' title='bbox 2653 1471 2863 1535; x_wconf 88' lang='grc' dir='ltr'>τούτοις</span> <span class='ocrx_word' id='word_1_605' title='bbox 2891 1470 3089 1525; x_wconf 86' lang='grc' dir='ltr'>εἰδέναι</span> <span class='ocrx_word' id='word_1_606' title='bbox 3127 1470 3287 1541; x_wconf 85' lang='grc' dir='ltr'>χάριν</span> <span class='ocrx_word' id='word_1_607' title='bbox 3317 1468 3418 1539; x_wconf 76' lang='grc' dir='ltr'>τῆς</span> <span class='ocrx_word' id='word_1_608' title='bbox 3456 1467 3621 1539; x_wconf 80' lang='grc' dir='ltr'>τιμῆς</span> <span class='ocrx_word' id='word_1_609' title='bbox 3644 1466 3706 1520; x_wconf 74' lang='grc' dir='ltr'>οὗ</span> 
     </span>
    </p>
   </div>
   <div class='ocr_carea' id='block_1_76' title="bbox 2151 1557 3721 1633">
    <p class='ocr_par' dir='ltr' id='par_1_76' title="bbox 2151 1557 3721 1633">
     <span class='ocr_line' id='line_1_76' title="bbox 2151 1557 3721 1633; baseline -0.004 -20"><span class='ocrx_word' id='word_1_610' title='bbox 2151 1560 2358 1630; x_wconf 85' lang='grc' dir='ltr'>βέλτιον</span> <span class='ocrx_word' id='word_1_611' title='bbox 2377 1560 2438 1615; x_wconf 81' lang='grc' dir='ltr'>τὸ</span> <span class='ocrx_word' id='word_1_612' title='bbox 2459 1561 2534 1633; x_wconf 80' lang='grc' dir='ltr'>μὴ</span> <span class='ocrx_word' id='word_1_613' title='bbox 2551 1561 2812 1631; x_wconf 81' lang='grc' dir='ltr'>τιμᾶσθαι</span> <span class='ocrx_word' id='word_1_614' title='bbox 2827 1577 2841 1625; x_wconf 91' lang='lat'><strong>;</strong></span> <span class='ocrx_word' id='word_1_615' title='bbox 2858 1560 2968 1613; x_wconf 82' lang='lat' dir='ltr'>Kal</span> <span class='ocrx_word' id='word_1_616' title='bbox 2994 1559 3163 1630; x_wconf 77' lang='grc' dir='ltr'>χωρὶς</span> <span class='ocrx_word' id='word_1_617' title='bbox 3187 1558 3243 1611; x_wconf 84' lang='grc' dir='ltr'>δέ</span> <span class='ocrx_word' id='word_1_618' title='bbox 3262 1557 3474 1622; x_wconf 87' lang='grc' dir='ltr'>τούτου,</span> <span class='ocrx_word' id='word_1_619' title='bbox 3491 1557 3573 1610; x_wconf 78' lang='grc' dir='ltr'>ὅτι</span> <span class='ocrx_word' id='word_1_620' title='bbox 3602 1558 3721 1609; x_wconf 86' lang='grc' dir='ltr'>ἀτι-</span> 
     </span>
    </p>
   </div>
   <div class='ocr_carea' id='block_1_77' title="bbox 2152 1644 3720 1718">
    <p class='ocr_par' dir='ltr' id='par_1_77' title="bbox 2152 1644 3720 1718">
     <span class='ocr_line' id='line_1_77' title="bbox 2152 1644 3720 1718; baseline -0.003 -18"><span class='ocrx_word' id='word_1_621' title='bbox 2152 1647 2280 1718; x_wconf 84' lang='grc' dir='ltr'>μίας</span> <span class='ocrx_word' id='word_1_622' title='bbox 2311 1648 2473 1718; x_wconf 80' lang='grc' dir='ltr'>γέμει</span> <span class='ocrx_word' id='word_1_623' title='bbox 2499 1648 2560 1701; x_wconf 84' lang='grc' dir='ltr'>τδ</span> <span class='ocrx_word' id='word_1_624' title='bbox 2586 1647 2855 1712; x_wconf 89' lang='grc' dir='ltr'>πλουτεῖν,</span> <span class='ocrx_word' id='word_1_625' title='bbox 2880 1645 2990 1716; x_wconf 85' lang='grc' dir='ltr'>ἐγὼ</span> <span class='ocrx_word' id='word_1_626' title='bbox 3013 1644 3198 1714; x_wconf 84' lang='grc' dir='ltr'>σαφῶς</span> <span class='ocrx_word' id='word_1_627' title='bbox 3221 1644 3499 1709; x_wconf 83' lang='grc' dir='ltr'>ἀποδείξαι</span> <span class='ocrx_word' id='word_1_628' title='bbox 3525 1644 3720 1713; x_wconf 83' lang='grc' dir='ltr'>πειρά-</span> 
     </span>
    </p>
   </div>
   <div class='ocr_carea' id='block_1_78' title="bbox 2150 1730 3720 1808">
    <p class='ocr_par' dir='ltr' id='par_1_78' title="bbox 2150 1730 3720 1808">
     <span class='ocr_line' id='line_1_78' title="bbox 2150 1730 3720 1808; baseline -0.003 -19"><span class='ocrx_word' id='word_1_629' title='bbox 2150 1753 2335 1808; x_wconf 76' lang='grc' dir='ltr'>σομαι.</span> <span class='ocrx_word' id='word_1_630' title='bbox 2372 1735 2483 1807; x_wconf 81' lang='grc' dir='ltr'>Τὴν</span> <span class='ocrx_word' id='word_1_631' title='bbox 2512 1735 2691 1807; x_wconf 75' lang='grc' dir='ltr'>ψυχὴν</span> <span class='ocrx_word' id='word_1_632' title='bbox 2720 1734 2952 1807; x_wconf 78' lang='grc' dir='ltr'>αἰσχράν</span> <span class='ocrx_word' id='word_1_633' title='bbox 2989 1734 3282 1806; x_wconf 74' lang='grc' dir='ltr'>ἐργάζεται</span> <span class='ocrx_word' id='word_1_634' title='bbox 3307 1750 3320 1764; x_wconf 75' lang='grc' dir='ltr'><strong><em>ο</em></strong></span> <span class='ocrx_word' id='word_1_635' title='bbox 3349 1734 3403 1787; x_wconf 91' lang='grc' dir='ltr'>τί</span> <span class='ocrx_word' id='word_1_636' title='bbox 3436 1733 3493 1787; x_wconf 78' lang='grc' dir='ltr'>δέ</span> <span class='ocrx_word' id='word_1_637' title='bbox 3530 1730 3720 1786; x_wconf 82' lang='grc' dir='ltr'>τούτου</span> 
     </span>
    </p>
   </div>
   <div class='ocr_carea' id='block_1_79' title="bbox 2147 1817 3718 1901">
    <p class='ocr_par' dir='ltr' id='par_1_79' title="bbox 2147 1817 3718 1901">
     <span class='ocr_line' id='line_1_79' title="bbox 2147 1817 3718 1901; baseline -0.004 -24"><span class='ocrx_word' id='word_1_638' title='bbox 2147 1823 2507 1896; x_wconf 84' lang='grc' dir='ltr'>ἀτιμότερον;</span> <span class='ocrx_word' id='word_1_639' title='bbox 2544 1824 2677 1877; x_wconf 88' lang='grc' dir='ltr'>Εἰπέ</span> <span class='ocrx_word' id='word_1_640' title='bbox 2717 1823 2826 1894; x_wconf 87' lang='grc' dir='ltr'>γάρ</span> <span class='ocrx_word' id='word_1_641' title='bbox 2868 1841 2958 1895; x_wconf 92' lang='grc' dir='ltr'>μοι</span> <span class='ocrx_word' id='word_1_642' title='bbox 2984 1866 2999 1889; x_wconf 93' lang='grc'>,</span> <span class='ocrx_word' id='word_1_643' title='bbox 3035 1825 3083 1876; x_wconf 89' lang='grc' dir='ltr'>εί</span> <span class='ocrx_word' id='word_1_644' title='bbox 3110 1822 3172 1877; x_wconf 85' lang='grc' dir='ltr'>τδ</span> <span class='ocrx_word' id='word_1_645' title='bbox 3205 1822 3361 1892; x_wconf 89' lang='grc' dir='ltr'>σῶμα</span> <span class='ocrx_word' id='word_1_646' title='bbox 3387 1821 3588 1901; x_wconf 78' lang='grc' dir='ltr'>ὡραῖον</span> <span class='ocrx_word' id='word_1_647' title='bbox 3615 1817 3718 1892; x_wconf 77' lang='grc' dir='ltr'>ἦν,</span> 
     </span>
    </p>
   </div>
   <div class='ocr_carea' id='block_1_80' title="bbox 2147 1908 3721 1983">
    <p class='ocr_par' dir='ltr' id='par_1_80' title="bbox 2147 1908 3721 1983">
     <span class='ocr_line' id='line_1_80' title="bbox 2147 1908 3721 1983; baseline -0.003 -18"><span class='ocrx_word' id='word_1_648' title='bbox 2147 1912 2242 1966; x_wconf 73' lang='lat' dir='ltr'><strong><em>xal</em></strong></span> <span class='ocrx_word' id='word_1_649' title='bbox 2272 1911 2481 1974; x_wconf 84' lang='grc' dir='ltr'>πάντας</span> <span class='ocrx_word' id='word_1_650' title='bbox 2518 1910 2685 1964; x_wconf 88' lang='grc' dir='ltr'>νικῶν</span> <span class='ocrx_word' id='word_1_651' title='bbox 2728 1910 2805 1983; x_wconf 80' lang='grc' dir='ltr'>τῷ</span> <span class='ocrx_word' id='word_1_652' title='bbox 2851 1911 3059 1973; x_wconf 87' lang='grc' dir='ltr'>κάλλει,</span> <span class='ocrx_word' id='word_1_653' title='bbox 3090 1913 3119 1963; x_wconf 91' lang='grc' dir='ltr'>ὀ</span> <span class='ocrx_word' id='word_1_654' title='bbox 3151 1910 3209 1962; x_wconf 85' lang='grc' dir='ltr'>δέ</span> <span class='ocrx_word' id='word_1_655' title='bbox 3233 1908 3464 1971; x_wconf 85' lang='grc' dir='ltr'>πλοῦτος</span> <span class='ocrx_word' id='word_1_656' title='bbox 3496 1908 3721 1979; x_wconf 84' lang='grc' dir='ltr'>προσελ-</span> 
     </span>
    </p>
   </div>
   <div class='ocr_carea' id='block_1_81' title="bbox 2145 1996 3719 2071">
    <p class='ocr_par' dir='ltr' id='par_1_81' title="bbox 2145 1996 3719 2071">
     <span class='ocr_line' id='line_1_81' title="bbox 2145 1996 3719 2071; baseline -0.003 -17"><span class='ocrx_word' id='word_1_657' title='bbox 2145 2000 2254 2054; x_wconf 82' lang='grc' dir='ltr'>θὼν</span> <span class='ocrx_word' id='word_1_658' title='bbox 2301 1999 2670 2071; x_wconf 78' lang='grc' dir='ltr'>ἐπηγγέλλετο</span> <span class='ocrx_word' id='word_1_659' title='bbox 2712 2000 2957 2070; x_wconf 79' lang='grc' dir='ltr'>ποιήσειν</span> <span class='ocrx_word' id='word_1_660' title='bbox 3007 1998 3261 2069; x_wconf 76' lang='grc' dir='ltr'>αἰσχρὸν,</span> <span class='ocrx_word' id='word_1_661' title='bbox 3312 1999 3406 2051; x_wconf 75' lang='grc' dir='ltr'>καὶ</span> <span class='ocrx_word' id='word_1_662' title='bbox 3443 1997 3566 2051; x_wconf 81' lang='grc' dir='ltr'>ἀντί</span> <span class='ocrx_word' id='word_1_663' title='bbox 3620 1996 3719 2065; x_wconf 74' lang='grc' dir='ltr'>μὲν</span> 
     </span>
    </p>
   </div>
   <div class='ocr_carea' id='block_1_82' title="bbox 2145 2084 3716 2156">
    <p class='ocr_par' dir='ltr' id='par_1_82' title="bbox 2145 2084 3716 2156">
     <span class='ocr_line' id='line_1_82' title="bbox 2145 2084 3716 2156; baseline -0.004 -15"><span class='ocrx_word' id='word_1_664' title='bbox 2145 2085 2331 2156; x_wconf 84' lang='grc' dir='ltr'>ὑγιοῦς</span> <span class='ocrx_word' id='word_1_665' title='bbox 2363 2085 2612 2149; x_wconf 89' lang='grc' dir='ltr'>νοσῶδες,</span> <span class='ocrx_word' id='word_1_666' title='bbox 2646 2086 2768 2139; x_wconf 73' lang='grc' dir='ltr'>ἀντὶ</span> <span class='ocrx_word' id='word_1_667' title='bbox 2803 2086 2860 2139; x_wconf 72' lang='grc' dir='ltr'>δὲ</span> <span class='ocrx_word' id='word_1_668' title='bbox 2890 2085 3332 2155; x_wconf 87' lang='grc' dir='ltr'>κατεσταλμένου</span> <span class='ocrx_word' id='word_1_669' title='bbox 3364 2084 3716 2155; x_wconf 80' lang='grc' dir='ltr'>φλεγμαῖνον,</span> 
     </span>
    </p>
   </div>
   <div class='ocr_carea' id='block_1_83' title="bbox 2145 2171 3717 2245">
    <p class='ocr_par' dir='ltr' id='par_1_83' title="bbox 2145 2171 3717 2245">
     <span class='ocr_line' id='line_1_83' title="bbox 2145 2171 3717 2245; baseline -0.002 -18"><span class='ocrx_word' id='word_1_670' title='bbox 2145 2175 2239 2228; x_wconf 75' lang='grc' dir='ltr'>καὶ</span> <span class='ocrx_word' id='word_1_671' title='bbox 2279 2172 2457 2227; x_wconf 91' lang='grc' dir='ltr'>πάντα</span> <span class='ocrx_word' id='word_1_672' title='bbox 2479 2172 2549 2224; x_wconf 89' lang='grc' dir='ltr'>τά</span> <span class='ocrx_word' id='word_1_673' title='bbox 2582 2171 2717 2242; x_wconf 85' lang='grc' dir='ltr'>μέλη</span> <span class='ocrx_word' id='word_1_674' title='bbox 2751 2172 2941 2245; x_wconf 84' lang='grc' dir='ltr'>ὑδέρου</span> <span class='ocrx_word' id='word_1_675' title='bbox 2974 2172 3270 2244; x_wconf 85' lang='grc' dir='ltr'>πληρώσας</span> <span class='ocrx_word' id='word_1_676' title='bbox 3298 2171 3587 2241; x_wconf 85' lang='grc' dir='ltr'>ἐξώγκωσε</span> <span class='ocrx_word' id='word_1_677' title='bbox 3618 2172 3717 2242; x_wconf 67' lang='grc' dir='ltr'>μὲν</span> 
     </span>
    </p>
   </div>
   <div class='ocr_carea' id='block_1_84' title="bbox 2141 2259 3714 2334">
    <p class='ocr_par' dir='ltr' id='par_1_84' title="bbox 2141 2259 3714 2334">
     <span class='ocr_line' id='line_1_84' title="bbox 2141 2259 3714 2334; baseline -0.003 -17"><span class='ocrx_word' id='word_1_678' title='bbox 2141 2263 2241 2334; x_wconf 83' lang='grc' dir='ltr'>τὴν</span> <span class='ocrx_word' id='word_1_679' title='bbox 2265 2261 2405 2331; x_wconf 78' lang='grc' dir='ltr'>ὄψιν,</span> <span class='ocrx_word' id='word_1_680' title='bbox 2435 2262 2532 2314; x_wconf 71' lang='grc' dir='ltr'>καὶ</span> <span class='ocrx_word' id='word_1_681' title='bbox 2555 2260 2819 2315; x_wconf 88' lang='grc' dir='ltr'>πάντοθεν</span> <span class='ocrx_word' id='word_1_682' title='bbox 2846 2261 3103 2333; x_wconf 84' lang='grc' dir='ltr'>ἐποίησεν</span> <span class='ocrx_word' id='word_1_683' title='bbox 3123 2260 3395 2325; x_wconf 88' lang='grc' dir='ltr'>οἰδαίνειν,</span> <span class='ocrx_word' id='word_1_684' title='bbox 3424 2259 3714 2327; x_wconf 78' lang='grc' dir='ltr'>ἐξώγκωσε</span> 
     </span>
    </p>
   </div>
   <div class='ocr_carea' id='block_1_85' title="bbox 2141 2346 3717 2420">
    <p class='ocr_par' dir='ltr' id='par_1_85' title="bbox 2141 2346 3717 2420">
     <span class='ocr_line' id='line_1_85' title="bbox 2141 2346 3717 2420; baseline -0.005 -14"><span class='ocrx_word' id='word_1_685' title='bbox 2141 2351 2199 2405; x_wconf 73' lang='grc' dir='ltr'>δὲ</span> <span class='ocrx_word' id='word_1_686' title='bbox 2228 2349 2395 2412; x_wconf 89' lang='grc' dir='ltr'>πόδας</span> <span class='ocrx_word' id='word_1_687' title='bbox 2422 2349 2517 2401; x_wconf 75' lang='grc' dir='ltr'>καὶ</span> <span class='ocrx_word' id='word_1_688' title='bbox 2541 2347 2648 2401; x_wconf 90' lang='grc' dir='ltr'>τῶν</span> <span class='ocrx_word' id='word_1_689' title='bbox 2672 2347 2847 2402; x_wconf 86' lang='grc' dir='ltr'>δοκῶν</span> <span class='ocrx_word' id='word_1_690' title='bbox 2877 2347 3210 2420; x_wconf 82' lang='grc' dir='ltr'>βαρυτέρους</span> <span class='ocrx_word' id='word_1_691' title='bbox 3244 2347 3518 2417; x_wconf 88' lang='grc' dir='ltr'>ἐποίησεν,</span> <span class='ocrx_word' id='word_1_692' title='bbox 3547 2346 3717 2413; x_wconf 77' lang='grc' dir='ltr'>ἐξὼγο</span> 
     </span>
    </p>
   </div>
   <div class='ocr_carea' id='block_1_86' title="bbox 2142 2436 3716 2507">
    <p class='ocr_par' dir='ltr' id='par_1_86' title="bbox 2142 2436 3716 2507">
     <span class='ocr_line' id='line_1_86' title="bbox 2142 2436 3716 2507; baseline -0.003 -15"><span class='ocrx_word' id='word_1_693' title='bbox 2142 2455 2286 2493; x_wconf 87' lang='grc' dir='ltr'>κωσε</span> <span class='ocrx_word' id='word_1_694' title='bbox 2325 2438 2383 2491; x_wconf 79' lang='grc' dir='ltr'>δέ</span> <span class='ocrx_word' id='word_1_695' title='bbox 2420 2436 2663 2507; x_wconf 85' lang='grc' dir='ltr'>γαστέρα</span> <span class='ocrx_word' id='word_1_696' title='bbox 2715 2437 2810 2490; x_wconf 75' lang='grc' dir='ltr'>καὶ</span> <span class='ocrx_word' id='word_1_697' title='bbox 2838 2436 3039 2501; x_wconf 75' lang='grc' dir='ltr'>παντὸς</span> <span class='ocrx_word' id='word_1_698' title='bbox 3076 2437 3236 2491; x_wconf 87' lang='grc' dir='ltr'>πίθου</span> <span class='ocrx_word' id='word_1_699' title='bbox 3274 2436 3497 2507; x_wconf 78' lang='grc' dir='ltr'>μείζονα</span> <span class='ocrx_word' id='word_1_700' title='bbox 3528 2436 3716 2506; x_wconf 88' lang='grc' dir='ltr'>εἰργά-</span> 
     </span>
    </p>
   </div>
   <div class='ocr_carea' id='block_1_87' title="bbox 2142 2522 3718 2595">
    <p class='ocr_par' dir='ltr' id='par_1_87' title="bbox 2142 2522 3718 2595">
     <span class='ocr_line' id='line_1_87' title="bbox 2142 2522 3718 2595; baseline -0.004 -15"><span class='ocrx_word' id='word_1_701' title='bbox 2142 2543 2311 2592; x_wconf 88' lang='grc' dir='ltr'>σατο,</span> <span class='ocrx_word' id='word_1_702' title='bbox 2356 2525 2452 2579; x_wconf 78' lang='grc' dir='ltr'>καὶ</span> <span class='ocrx_word' id='word_1_703' title='bbox 2495 2524 2634 2595; x_wconf 90' lang='grc' dir='ltr'>μετά</span> <span class='ocrx_word' id='word_1_704' title='bbox 2663 2523 2825 2578; x_wconf 83' lang='grc' dir='ltr'>τοῦτο</span> <span class='ocrx_word' id='word_1_705' title='bbox 2852 2525 2973 2578; x_wconf 82' lang='grc' dir='ltr'>οὑδὲ</span> <span class='ocrx_word' id='word_1_706' title='bbox 3016 2527 3129 2588; x_wconf 83' lang='grc' dir='ltr'>τοῖς</span> <span class='ocrx_word' id='word_1_707' title='bbox 3174 2522 3516 2593; x_wconf 84' lang='grc' dir='ltr'>βουλομένοις</span> <span class='ocrx_word' id='word_1_708' title='bbox 3557 2522 3718 2592; x_wconf 86' lang='grc' dir='ltr'>θερα-</span> 
     </span>
    </p>
   </div>
   <div class='ocr_carea' id='block_1_88' title="bbox 2139 2608 3716 2684">
    <p class='ocr_par' dir='ltr' id='par_1_88' title="bbox 2139 2608 3716 2684">
     <span class='ocr_line' id='line_1_88' title="bbox 2139 2608 3716 2684; baseline -0.004 -17"><span class='ocrx_word' id='word_1_709' title='bbox 2139 2612 2328 2667; x_wconf 87' lang='grc' dir='ltr'>πεύειν</span> <span class='ocrx_word' id='word_1_710' title='bbox 2354 2611 2722 2684; x_wconf 78' lang='grc' dir='ltr'>ἐπηγγέλλετο</span> <span class='ocrx_word' id='word_1_711' title='bbox 2748 2611 3127 2683; x_wconf 84' lang='grc' dir='ltr'>συγχωρήσειν</span> <span class='ocrx_word' id='word_1_712' title='bbox 3156 2609 3345 2681; x_wconf 88' lang='grc' dir='ltr'>(τοῦτο</span> <span class='ocrx_word' id='word_1_713' title='bbox 3368 2608 3477 2680; x_wconf 85' lang='grc' dir='ltr'>γὰρ</span> <span class='ocrx_word' id='word_1_714' title='bbox 3505 2611 3538 2679; x_wconf 87' lang='grc' dir='ltr'>ή</span> <span class='ocrx_word' id='word_1_715' title='bbox 3565 2608 3716 2673; x_wconf 83' lang='grc' dir='ltr'>ἐξου-</span> 
     </span>
    </p>
   </div>
   <div class='ocr_carea' id='block_1_89' title="bbox 2140 2696 3715 2770">
    <p class='ocr_par' dir='ltr' id='par_1_89' title="bbox 2140 2696 3715 2770">
     <span class='ocr_line' id='line_1_89' title="bbox 2140 2696 3715 2770; baseline -0.004 -17"><span class='ocrx_word' id='word_1_716' title='bbox 2140 2701 2231 2754; x_wconf 90' lang='grc' dir='ltr'>σία</span> <span class='ocrx_word' id='word_1_717' title='bbox 2247 2700 2288 2766; x_wconf 74' lang='lat' dir='ltr'><strong><em>l,</em></strong></span> <span class='ocrx_word' id='word_1_718' title='bbox 2321 2699 2456 2753; x_wconf 87' lang='grc' dir='ltr'>ἀλλά</span> <span class='ocrx_word' id='word_1_719' title='bbox 2482 2698 2748 2770; x_wconf 89' lang='grc' dir='ltr'>τοσαύτην</span> <span class='ocrx_word' id='word_1_720' title='bbox 2772 2698 2964 2752; x_wconf 82' lang='grc' dir='ltr'>δώσειν</span> <span class='ocrx_word' id='word_1_721' title='bbox 2997 2696 3332 2768; x_wconf 86' lang='grc' dir='ltr'>ἐλευθερίαν,</span> <span class='ocrx_word' id='word_1_722' title='bbox 3363 2696 3503 2749; x_wconf 87' lang='grc' dir='ltr'>ὥστε</span> <span class='ocrx_word' id='word_1_723' title='bbox 3535 2697 3600 2749; x_wconf 84' lang='grc' dir='ltr'>ἄν</span> <span class='ocrx_word' id='word_1_724' title='bbox 3632 2713 3715 2758; x_wconf 88' lang='grc' dir='ltr'>τις</span> 
     </span>
    </p>
   </div>
   <div class='ocr_carea' id='block_1_90' title="bbox 2138 2783 3709 2859">
    <p class='ocr_par' dir='ltr' id='par_1_90' title="bbox 2138 2783 3709 2859">
     <span class='ocr_line' id='line_1_90' title="bbox 2138 2783 3709 2859; baseline -0.004 -19"><span class='ocrx_word' id='word_1_725' title='bbox 2138 2787 2367 2859; x_wconf 90' lang='grc' dir='ltr'>προσείη</span> <span class='ocrx_word' id='word_1_726' title='bbox 2408 2786 2638 2855; x_wconf 84' lang='grc' dir='ltr'>ἀπάγων</span> <span class='ocrx_word' id='word_1_727' title='bbox 2681 2785 2790 2841; x_wconf 91' lang='grc' dir='ltr'>τῶν</span> <span class='ocrx_word' id='word_1_728' title='bbox 2837 2784 3184 2855; x_wconf 84' lang='grc' dir='ltr'>βλαπτόντων</span> <span class='ocrx_word' id='word_1_729' title='bbox 3222 2783 3473 2839; x_wconf 83' lang='grc' dir='ltr'>κολάσειν</span> <span class='ocrx_word' id='word_1_730' title='bbox 3515 2784 3709 2836; x_wconf 83' lang='grc' dir='ltr'>αὑτόν·</span> 
     </span>
    </p>
   </div>
   <div class='ocr_carea' id='block_1_91' title="bbox 2137 2867 3717 2945">
    <p class='ocr_par' dir='ltr' id='par_1_91' title="bbox 2137 2867 3717 2945">
     <span class='ocr_line' id='line_1_91' title="bbox 2137 2867 3717 2945; baseline -0.004 -18"><span class='ocrx_word' id='word_1_731' title='bbox 2137 2868 2246 2945; x_wconf 79' lang='grc' dir='ltr'>ἄρα</span> <span class='ocrx_word' id='word_1_732' title='bbox 2271 2869 2339 2944; x_wconf 79' lang='grc' dir='ltr'>ἦν</span> <span class='ocrx_word' id='word_1_733' title='bbox 2368 2874 2433 2928; x_wconf 74' lang='grc' dir='ltr'>ἄν</span> <span class='ocrx_word' id='word_1_734' title='bbox 2452 2892 2505 2928; x_wconf 91' lang='grc' dir='ltr'>τι</span> <span class='ocrx_word' id='word_1_735' title='bbox 2532 2874 2723 2927; x_wconf 89' lang='grc' dir='ltr'>τούτου</span> <span class='ocrx_word' id='word_1_736' title='bbox 2756 2872 3033 2944; x_wconf 83' lang='grc' dir='ltr'>ὠμότερον</span> <span class='ocrx_word' id='word_1_737' title='bbox 3052 2912 3067 2936; x_wconf 91' lang='grc'>,</span> <span class='ocrx_word' id='word_1_738' title='bbox 3106 2871 3226 2924; x_wconf 84' lang='grc' dir='ltr'>εἰπέ</span> <span class='ocrx_word' id='word_1_739' title='bbox 3261 2887 3382 2940; x_wconf 80' lang='grc' dir='ltr'>μοις</span> <span class='ocrx_word' id='word_1_740' title='bbox 3417 2867 3628 2923; x_wconf 84' lang='grc' dir='ltr'>Οὐκοῦν</span> <span class='ocrx_word' id='word_1_741' title='bbox 3653 2869 3717 2921; x_wconf 78' lang='grc' dir='ltr'>τδ</span> 
     </span>
    </p>
   </div>
   <div class='ocr_carea' id='block_1_92' title="bbox 2138 2955 3714 3031">
    <p class='ocr_par' dir='ltr' id='par_1_92' title="bbox 2138 2955 3714 3031">
     <span class='ocr_line' id='line_1_92' title="bbox 2138 2955 3714 3031; baseline -0.004 -17"><span class='ocrx_word' id='word_1_742' title='bbox 2138 2960 2407 3024; x_wconf 90' lang='grc' dir='ltr'>πλουτεῖν,</span> <span class='ocrx_word' id='word_1_743' title='bbox 2438 2962 2567 3016; x_wconf 77' lang='grc' dir='ltr'>ὅταν</span> <span class='ocrx_word' id='word_1_744' title='bbox 2595 2960 2694 3031; x_wconf 85' lang='grc' dir='ltr'>τὴν</span> <span class='ocrx_word' id='word_1_745' title='bbox 2728 2959 2907 3029; x_wconf 77' lang='grc' dir='ltr'>ψυχὴν</span> <span class='ocrx_word' id='word_1_746' title='bbox 2933 2959 3107 3012; x_wconf 80' lang='grc' dir='ltr'>ταῦτα</span> <span class='ocrx_word' id='word_1_747' title='bbox 3141 2957 3476 3028; x_wconf 76' lang='grc' dir='ltr'>ἐργάζηται,</span> <span class='ocrx_word' id='word_1_748' title='bbox 3504 2955 3621 3017; x_wconf 85' lang='grc' dir='ltr'>πῶς</span> <span class='ocrx_word' id='word_1_749' title='bbox 3646 2956 3714 3008; x_wconf 82' lang='grc' dir='ltr'>ἂν</span> 
     </span>
    </p>
   </div>
   <div class='ocr_carea' id='block_1_93' title="bbox 2136 3043 3711 3119">
    <p class='ocr_par' dir='ltr' id='par_1_93' title="bbox 2136 3043 3711 3119">
     <span class='ocr_line' id='line_1_93' title="bbox 2136 3043 3711 3119; baseline -0.004 -19"><span class='ocrx_word' id='word_1_750' title='bbox 2136 3048 2221 3119; x_wconf 84' lang='grc' dir='ltr'>εῖη</span> <span class='ocrx_word' id='word_1_751' title='bbox 2253 3047 2445 3114; x_wconf 86' lang='grc' dir='ltr'>καλόν;</span> <span class='ocrx_word' id='word_1_752' title='bbox 2485 3047 2627 3100; x_wconf 82' lang='grc' dir='ltr'>Ἀλλ’</span> <span class='ocrx_word' id='word_1_753' title='bbox 2657 3049 2691 3116; x_wconf 83' lang='grc' dir='ltr'><strong>ἠ</strong></span> <span class='ocrx_word' id='word_1_754' title='bbox 2718 3046 2937 3112; x_wconf 84' lang='grc' dir='ltr'>ἐξουσία</span> <span class='ocrx_word' id='word_1_755' title='bbox 2959 3046 3129 3115; x_wconf 87' lang='grc' dir='ltr'>αὑτῆς</span> <span class='ocrx_word' id='word_1_756' title='bbox 3151 3045 3252 3115; x_wconf 76' lang='grc' dir='ltr'>τῆς</span> <span class='ocrx_word' id='word_1_757' title='bbox 3281 3044 3438 3097; x_wconf 88' lang='grc' dir='ltr'>νόσου</span> <span class='ocrx_word' id='word_1_758' title='bbox 3469 3043 3711 3112; x_wconf 73' lang='grc' dir='ltr'>χαλεπωο</span> 
     </span>
    </p>
   </div>
   <div class='ocr_carea' id='block_1_94' title="bbox 2133 3127 3710 3206">
    <p class='ocr_par' dir='ltr' id='par_1_94' title="bbox 2133 3127 3710 3206">
     <span class='ocr_line' id='line_1_94' title="bbox 2133 3127 3710 3206; baseline -0.005 -18"><span class='ocrx_word' id='word_1_759' title='bbox 2133 3134 2302 3206; x_wconf 76' lang='grc' dir='ltr'>τέραο</span> <span class='ocrx_word' id='word_1_760' title='bbox 2337 3135 2397 3187; x_wconf 78' lang='grc' dir='ltr'>τὸ</span> <span class='ocrx_word' id='word_1_761' title='bbox 2443 3134 2551 3205; x_wconf 85' lang='grc' dir='ltr'>γάρ</span> <span class='ocrx_word' id='word_1_762' title='bbox 2589 3132 2846 3187; x_wconf 86' lang='grc' dir='ltr'>νοσοῦντα</span> <span class='ocrx_word' id='word_1_763' title='bbox 2888 3131 3024 3202; x_wconf 88' lang='grc' dir='ltr'>μηδέ</span> <span class='ocrx_word' id='word_1_764' title='bbox 3063 3131 3249 3200; x_wconf 88' lang='grc' dir='ltr'>νόμοις</span> <span class='ocrx_word' id='word_1_765' title='bbox 3290 3129 3489 3201; x_wconf 88' lang='grc' dir='ltr'>ἰατρῶν</span> <span class='ocrx_word' id='word_1_766' title='bbox 3526 3127 3710 3182; x_wconf 78' lang='grc' dir='ltr'>πείθε-</span> 
     </span>
    </p>
   </div>
   <div class='ocr_carea' id='block_1_95' title="bbox 2137 3215 3705 3289">
    <p class='ocr_par' dir='ltr' id='par_1_95' title="bbox 2137 3215 3705 3289">
     <span class='ocr_line' id='line_1_95' title="bbox 2137 3215 3705 3289; baseline -0.005 -14"><span class='ocrx_word' id='word_1_767' title='bbox 2137 3221 2291 3286; x_wconf 91' lang='grc' dir='ltr'>σθαι,</span> <span class='ocrx_word' id='word_1_768' title='bbox 2316 3219 2411 3274; x_wconf 86' lang='grc' dir='ltr'>τοῦ</span> <span class='ocrx_word' id='word_1_769' title='bbox 2440 3223 2614 3274; x_wconf 84' lang='grc' dir='ltr'>νοσεῖν</span> <span class='ocrx_word' id='word_1_770' title='bbox 2641 3216 3022 3289; x_wconf 86' lang='grc' dir='ltr'>χαλεπώτερον</span> <span class='ocrx_word' id='word_1_771' title='bbox 3046 3234 3060 3250; x_wconf 79' lang='grc' dir='ltr'><strong>ο</strong></span> <span class='ocrx_word' id='word_1_772' title='bbox 3094 3218 3231 3287; x_wconf 81' lang='grc' dir='ltr'>ὅπερ</span> <span class='ocrx_word' id='word_1_773' title='bbox 3259 3217 3288 3269; x_wconf 91' lang='lat'>6</span> <span class='ocrx_word' id='word_1_774' title='bbox 3317 3216 3544 3280; x_wconf 89' lang='grc' dir='ltr'>πλοῦτος</span> <span class='ocrx_word' id='word_1_775' title='bbox 3570 3215 3705 3285; x_wconf 79' lang='grc' dir='ltr'>ἔχει,</span> 
     </span>
    </p>
   </div>
   <div class='ocr_carea' id='block_1_96' title="bbox 2133 3301 3709 3376">
    <p class='ocr_par' dir='ltr' id='par_1_96' title="bbox 2133 3301 3709 3376">
     <span class='ocr_line' id='line_1_96' title="bbox 2133 3301 3709 3376; baseline -0.004 -17"><span class='ocrx_word' id='word_1_776' title='bbox 2133 3307 2468 3376; x_wconf 87' lang='grc' dir='ltr'>πανταχόθεν</span> <span class='ocrx_word' id='word_1_777' title='bbox 2498 3304 2852 3375; x_wconf 80' lang='grc' dir='ltr'>φλεγμαίνειν</span> <span class='ocrx_word' id='word_1_778' title='bbox 2884 3303 3053 3356; x_wconf 85' lang='grc' dir='ltr'>ποιῶν</span> <span class='ocrx_word' id='word_1_779' title='bbox 3084 3301 3183 3373; x_wconf 84' lang='grc' dir='ltr'>τὴν</span> <span class='ocrx_word' id='word_1_780' title='bbox 3220 3301 3397 3373; x_wconf 77' lang='grc' dir='ltr'>ψυχὴν</span> <span class='ocrx_word' id='word_1_781' title='bbox 3416 3342 3432 3367; x_wconf 94' lang='grc'>,</span> <span class='ocrx_word' id='word_1_782' title='bbox 3468 3302 3709 3364; x_wconf 74' lang='grc' dir='ltr'>καὶτοὺς</span> 
     </span>
    </p>
   </div>
   <div class='ocr_carea' id='block_1_97' title="bbox 2137 3389 3708 3466">
    <p class='ocr_par' dir='ltr' id='par_1_97' title="bbox 2137 3389 3708 3466">
     <span class='ocr_line' id='line_1_97' title="bbox 2137 3389 3708 3466; baseline -0.003 -20"><span class='ocrx_word' id='word_1_783' title='bbox 2137 3395 2354 3466; x_wconf 79' lang='grc' dir='ltr'>ἰατροὺς</span> <span class='ocrx_word' id='word_1_784' title='bbox 2386 3393 2665 3463; x_wconf 83' lang='grc' dir='ltr'>προσιέναι</span> <span class='ocrx_word' id='word_1_785' title='bbox 2707 3390 2951 3447; x_wconf 86' lang='grc' dir='ltr'>κωλύων.</span> <span class='ocrx_word' id='word_1_786' title='bbox 3001 3391 3162 3443; x_wconf 82' lang='grc' dir='ltr'>Ὥστε</span> <span class='ocrx_word' id='word_1_787' title='bbox 3204 3390 3293 3443; x_wconf 82' lang='grc' dir='ltr'>διὰ.</span> <span class='ocrx_word' id='word_1_788' title='bbox 3323 3389 3422 3461; x_wconf 77' lang='grc' dir='ltr'>τὴν</span> <span class='ocrx_word' id='word_1_789' title='bbox 3460 3389 3708 3455; x_wconf 67' lang='grc' dir='ltr'>ἐξοδσίαν</span> 
     </span>
    </p>
   </div>
   <div class='ocr_carea' id='block_1_98' title="bbox 2136 3478 3706 3553">
    <p class='ocr_par' dir='ltr' id='par_1_98' title="bbox 2136 3478 3706 3553">
     <span class='ocr_line' id='line_1_98' title="bbox 2136 3478 3706 3553; baseline 0 -17"><span class='ocrx_word' id='word_1_790' title='bbox 2136 3483 2210 3553; x_wconf 80' lang='grc' dir='ltr'>μὴ</span> <span class='ocrx_word' id='word_1_791' title='bbox 2255 3482 2648 3553; x_wconf 76' lang='grc' dir='ltr'>μακαρίζωμεν</span> <span class='ocrx_word' id='word_1_792' title='bbox 2689 3479 2934 3544; x_wconf 87' lang='grc' dir='ltr'>τούτους,</span> <span class='ocrx_word' id='word_1_793' title='bbox 2975 3478 3090 3533; x_wconf 84' lang='grc' dir='ltr'>ἀλλ’</span> <span class='ocrx_word' id='word_1_794' title='bbox 3127 3479 3387 3549; x_wconf 82' lang='grc' dir='ltr'>ἐλεῶμεν.</span> <span class='ocrx_word' id='word_1_795' title='bbox 3419 3478 3555 3534; x_wconf 80' lang='grc' dir='ltr'>Οὑδέ</span> <span class='ocrx_word' id='word_1_796' title='bbox 3597 3481 3706 3548; x_wconf 75' lang='grc' dir='ltr'>γὰρ</span> 
     </span>
    </p>
   </div>
   <div class='ocr_carea' id='block_1_99' title="bbox 2133 3565 3706 3642">
    <p class='ocr_par' dir='ltr' id='par_1_99' title="bbox 2133 3565 3706 3642">
     <span class='ocr_line' id='line_1_99' title="bbox 2133 3565 3706 3642; baseline -0.003 -18"><span class='ocrx_word' id='word_1_797' title='bbox 2133 3570 2377 3642; x_wconf 73' lang='grc' dir='ltr'>ὑδερικὸν</span> <span class='ocrx_word' id='word_1_798' title='bbox 2425 3567 2549 3623; x_wconf 84' lang='grc' dir='ltr'>ἰδὼν</span> <span class='ocrx_word' id='word_1_799' title='bbox 2589 3566 3018 3638; x_wconf 81' lang='grc' dir='ltr'>κατακείμενον,</span> <span class='ocrx_word' id='word_1_800' title='bbox 3060 3567 3154 3620; x_wconf 66' lang='grc' dir='ltr'>καλ⁸</span> <span class='ocrx_word' id='word_1_801' title='bbox 3191 3565 3391 3636; x_wconf 77' lang='grc' dir='ltr'>μηδένα</span> <span class='ocrx_word' id='word_1_802' title='bbox 3430 3565 3706 3620; x_wconf 90' lang='grc' dir='ltr'>κωλύοντα</span> 
     </span>
    </p>
   </div>
   <div class='ocr_carea' id='block_1_100' title="bbox 2131 3652 3706 3727">
    <p class='ocr_par' dir='ltr' id='par_1_100' title="bbox 2131 3652 3706 3727">
     <span class='ocr_line' id='line_1_100' title="bbox 2131 3652 3706 3727; baseline -0.002 -17"><span class='ocrx_word' id='word_1_803' title='bbox 2131 3655 2486 3727; x_wconf 80' lang='grc' dir='ltr'>ἐμφορεῖσθαι</span> <span class='ocrx_word' id='word_1_804' title='bbox 2529 3654 2824 3724; x_wconf 86' lang='grc' dir='ltr'>πομάτων,</span> <span class='ocrx_word' id='word_1_805' title='bbox 2870 3654 3121 3722; x_wconf 82' lang='grc' dir='ltr'>ὅσωνπερ</span> <span class='ocrx_word' id='word_1_806' title='bbox 3171 3652 3351 3724; x_wconf 80' lang='grc' dir='ltr'>ήθελε,</span> <span class='ocrx_word' id='word_1_807' title='bbox 3398 3653 3492 3705; x_wconf 76' lang='grc' dir='ltr'>καὶ</span> <span class='ocrx_word' id='word_1_808' title='bbox 3528 3652 3706 3723; x_wconf 84' lang='grc' dir='ltr'>κρεῶν</span> 
     </span>
    </p>
   </div>
   <div class='ocr_carea' id='block_1_101' title="bbox 2129 3738 3704 3814">
    <p class='ocr_par' dir='ltr' id='par_1_101' title="bbox 2129 3738 3704 3814">
     <span class='ocr_line' id='line_1_101' title="bbox 2129 3738 3704 3814; baseline -0.003 -17"><span class='ocrx_word' id='word_1_809' title='bbox 2129 3744 2239 3797; x_wconf 88' lang='grc' dir='ltr'>τῶν</span> <span class='ocrx_word' id='word_1_810' title='bbox 2267 3742 2609 3814; x_wconf 86' lang='grc' dir='ltr'>βλαπτόντων</span> <span class='ocrx_word' id='word_1_811' title='bbox 2628 3782 2642 3805; x_wconf 94' lang='grc'>,</span> <span class='ocrx_word' id='word_1_812' title='bbox 2673 3740 2989 3812; x_wconf 83' lang='grc' dir='ltr'>ἐμακάρισα</span> <span class='ocrx_word' id='word_1_813' title='bbox 3022 3739 3088 3794; x_wconf 82' lang='grc' dir='ltr'>ἂν</span> <span class='ocrx_word' id='word_1_814' title='bbox 3119 3738 3283 3793; x_wconf 76' lang='grc' dir='ltr'>αὑτὸν</span> <span class='ocrx_word' id='word_1_815' title='bbox 3308 3738 3396 3793; x_wconf 84' lang='grc' dir='ltr'>διὰ</span> <span class='ocrx_word' id='word_1_816' title='bbox 3422 3740 3520 3811; x_wconf 84' lang='grc' dir='ltr'>τὴν</span> <span class='ocrx_word' id='word_1_817' title='bbox 3553 3739 3704 3805; x_wconf 84' lang='grc' dir='ltr'>ἐξου-</span> 
     </span>
    </p>
   </div>
   <div class='ocr_carea' id='block_1_102' title="bbox 2132 3826 3703 3900">
    <p class='ocr_par' dir='ltr' id='par_1_102' title="bbox 2132 3826 3703 3900">
     <span class='ocr_line' id='line_1_102' title="bbox 2132 3826 3703 3900; baseline -0.004 -16"><span class='ocrx_word' id='word_1_818' title='bbox 2132 3832 2273 3887; x_wconf 90' lang='grc' dir='ltr'>σίαν.</span> <span class='ocrx_word' id='word_1_819' title='bbox 2325 3830 2401 3883; x_wconf 90' lang='grc' dir='ltr'>Οὑ</span> <span class='ocrx_word' id='word_1_820' title='bbox 2450 3830 2560 3900; x_wconf 84' lang='grc' dir='ltr'>γὰρ</span> <span class='ocrx_word' id='word_1_821' title='bbox 2596 3828 2871 3897; x_wconf 84' lang='grc' dir='ltr'>πανταχοῦ</span> <span class='ocrx_word' id='word_1_822' title='bbox 2910 3831 2943 3898; x_wconf 86' lang='grc' dir='ltr'>ή</span> <span class='ocrx_word' id='word_1_823' title='bbox 2996 3826 3216 3892; x_wconf 84' lang='grc' dir='ltr'>ἐξουσία</span> <span class='ocrx_word' id='word_1_824' title='bbox 3267 3826 3461 3889; x_wconf 84' lang='grc' dir='ltr'>καλὸν,</span> <span class='ocrx_word' id='word_1_825' title='bbox 3513 3826 3703 3896; x_wconf 86' lang='grc' dir='ltr'>ῶσπερ</span> 
     </span>
    </p>
   </div>
   <div class='ocr_carea' id='block_1_103' title="bbox 2128 3908 3703 3988">
    <p class='ocr_par' dir='ltr' id='par_1_103' title="bbox 2128 3908 3703 3988">
     <span class='ocr_line' id='line_1_103' title="bbox 2128 3908 3703 3988; baseline -0.004 -15"><span class='ocrx_word' id='word_1_826' title='bbox 2128 3917 2223 3974; x_wconf 77' lang='grc' dir='ltr'>οὖν</span> <span class='ocrx_word' id='word_1_827' title='bbox 2265 3918 2385 3972; x_wconf 89' lang='grc' dir='ltr'>οὑδέ</span> <span class='ocrx_word' id='word_1_828' title='bbox 2419 3918 2476 3973; x_wconf 90' lang='grc' dir='ltr'>αἰ</span> <span class='ocrx_word' id='word_1_829' title='bbox 2504 3916 2698 3988; x_wconf 87' lang='grc' dir='ltr'>τιμαί·</span> <span class='ocrx_word' id='word_1_830' title='bbox 2734 3918 2830 3969; x_wconf 79' lang='grc' dir='ltr'>καὶ</span> <span class='ocrx_word' id='word_1_831' title='bbox 2874 3915 2983 3985; x_wconf 82' lang='grc' dir='ltr'>γὰρ</span> <span class='ocrx_word' id='word_1_832' title='bbox 3023 3915 3115 3968; x_wconf 71' lang='grc' dir='ltr'>καὶ</span> <span class='ocrx_word' id='word_1_833' title='bbox 3149 3908 3309 3968; x_wconf 70' lang='grc' dir='ltr'>αὗται</span> <span class='ocrx_word' id='word_1_834' title='bbox 3357 3915 3703 3985; x_wconf 86' lang='grc' dir='ltr'>φρονήματος</span> 
     </span>
    </p>
   </div>
   <div class='ocr_carea' id='block_1_104' title="bbox 2130 4000 3702 4077">
    <p class='ocr_par' dir='ltr' id='par_1_104' title="bbox 2130 4000 3702 4077">
     <span class='ocr_line' id='line_1_104' title="bbox 2130 4000 3702 4077; baseline -0.004 -16"><span class='ocrx_word' id='word_1_835' title='bbox 2130 4007 2398 4077; x_wconf 86' lang='grc' dir='ltr'>πληροῦσι</span> <span class='ocrx_word' id='word_1_836' title='bbox 2427 4003 2642 4059; x_wconf 78' lang='grc' dir='ltr'>πολλοῦ.</span> <span class='ocrx_word' id='word_1_837' title='bbox 2678 4004 2741 4055; x_wconf 74' lang='lat' dir='ltr'><strong><em>El</em></strong></span> <span class='ocrx_word' id='word_1_838' title='bbox 2780 4002 2836 4054; x_wconf 88' lang='grc' dir='ltr'>δέ</span> <span class='ocrx_word' id='word_1_839' title='bbox 2862 4002 2924 4054; x_wconf 86' lang='grc' dir='ltr'>τὸ</span> <span class='ocrx_word' id='word_1_840' title='bbox 2964 4000 3126 4070; x_wconf 88' lang='grc' dir='ltr'>σῶμα</span> <span class='ocrx_word' id='word_1_841' title='bbox 3153 4001 3252 4054; x_wconf 80' lang='grc' dir='ltr'>οὐκ</span> <span class='ocrx_word' id='word_1_842' title='bbox 3282 4003 3348 4056; x_wconf 83' lang='grc' dir='ltr'>ἂν</span> <span class='ocrx_word' id='word_1_843' title='bbox 3376 4001 3520 4054; x_wconf 82' lang='grc' dir='ltr'>είλου</span> <span class='ocrx_word' id='word_1_844' title='bbox 3565 4004 3702 4071; x_wconf 80' lang='grc' dir='ltr'>μετά</span> 
     </span>
    </p>
   </div>
   <div class='ocr_carea' id='block_1_105' title="bbox 2131 4087 3704 4162">
    <p class='ocr_par' dir='ltr' id='par_1_105' title="bbox 2131 4087 3704 4162">
     <span class='ocr_line' id='line_1_105' title="bbox 2131 4087 3704 4162; baseline -0.004 -13"><span class='ocrx_word' id='word_1_845' title='bbox 2131 4096 2360 4150; x_wconf 87' lang='grc' dir='ltr'>πλούτου</span> <span class='ocrx_word' id='word_1_846' title='bbox 2392 4093 2596 4162; x_wconf 90' lang='grc' dir='ltr'>ταύτην</span> <span class='ocrx_word' id='word_1_847' title='bbox 2639 4089 2894 4155; x_wconf 87' lang='grc' dir='ltr'>δέξασθαι</span> <span class='ocrx_word' id='word_1_848' title='bbox 2922 4087 3020 4159; x_wconf 83' lang='grc' dir='ltr'>τὴν</span> <span class='ocrx_word' id='word_1_849' title='bbox 3048 4088 3224 4151; x_wconf 88' lang='grc' dir='ltr'>νόσον,</span> <span class='ocrx_word' id='word_1_850' title='bbox 3256 4088 3373 4151; x_wconf 90' lang='grc' dir='ltr'>πῶς</span> <span class='ocrx_word' id='word_1_851' title='bbox 3400 4089 3499 4159; x_wconf 80' lang='grc' dir='ltr'>τὴν</span> <span class='ocrx_word' id='word_1_852' title='bbox 3525 4089 3704 4159; x_wconf 75' lang='grc' dir='ltr'>ψυχὴν</span> 
     </span>
    </p>
   </div>
   <div class='ocr_carea' id='block_1_106' title="bbox 2131 4175 3704 4254">
    <p class='ocr_par' dir='ltr' id='par_1_106' title="bbox 2131 4175 3704 4254">
     <span class='ocr_line' id='line_1_106' title="bbox 2131 4175 3704 4254; baseline -0.003 -17"><span class='ocrx_word' id='word_1_853' title='bbox 2131 4185 2410 4254; x_wconf 75' lang='grc' dir='ltr'>περιορᾷς,</span> <span class='ocrx_word' id='word_1_854' title='bbox 2440 4182 2561 4251; x_wconf 70' lang='grc' dir='ltr'>οὐχὶ</span> <span class='ocrx_word' id='word_1_855' title='bbox 2586 4178 2742 4233; x_wconf 83' lang='grc' dir='ltr'>τοῦτο</span> <span class='ocrx_word' id='word_1_856' title='bbox 2770 4177 2951 4250; x_wconf 89' lang='grc' dir='ltr'>μόνον,</span> <span class='ocrx_word' id='word_1_857' title='bbox 2979 4175 3115 4230; x_wconf 82' lang='grc' dir='ltr'>ἀλλὰ</span> <span class='ocrx_word' id='word_1_858' title='bbox 3140 4177 3236 4230; x_wconf 76' lang='grc' dir='ltr'>καὶ</span> <span class='ocrx_word' id='word_1_859' title='bbox 3258 4178 3456 4247; x_wconf 81' lang='grc' dir='ltr'>ἑτέραν</span> <span class='ocrx_word' id='word_1_860' title='bbox 3482 4176 3704 4232; x_wconf 90' lang='grc' dir='ltr'>κόλασιν</span> 
     </span>
    </p>
   </div>
   <div class='ocr_carea' id='block_1_107' title="bbox 2129 4263 3703 4339">
    <p class='ocr_par' dir='ltr' id='par_1_107' title="bbox 2129 4263 3703 4339">
     <span class='ocr_line' id='line_1_107' title="bbox 2129 4263 3703 4339; baseline 0.001 -23"><span class='ocrx_word' id='word_1_861' title='bbox 2129 4269 2457 4339; x_wconf 74' lang='grc' dir='ltr'>δεχομένηνς</span> <span class='ocrx_word' id='word_1_862' title='bbox 2494 4269 2603 4320; x_wconf 85' lang='lat' dir='ltr'><strong><em>Kal</em></strong></span> <span class='ocrx_word' id='word_1_863' title='bbox 2660 4266 2769 4336; x_wconf 84' lang='grc' dir='ltr'>γάρ</span> <span class='ocrx_word' id='word_1_864' title='bbox 2821 4266 3079 4334; x_wconf 81' lang='grc' dir='ltr'>πυρετοῖς</span> <span class='ocrx_word' id='word_1_865' title='bbox 3130 4263 3392 4339; x_wconf 66' lang='grc' dir='ltr'>πάντοθεν</span> <span class='ocrx_word' id='word_1_866' title='bbox 3446 4264 3703 4334; x_wconf 78' lang='grc' dir='ltr'>φλέγεται</span> 
     </span>
    </p>
   </div>
   <div class='ocr_carea' id='block_1_108' title="bbox 2130 4333 3703 4425">
    <p class='ocr_par' dir='ltr' id='par_1_108' title="bbox 2130 4333 3703 4425">
     <span class='ocr_line' id='line_1_108' title="bbox 2130 4333 3703 4425; baseline -0.004 -16"><span class='ocrx_word' id='word_1_867' title='bbox 2130 4333 2223 4410; x_wconf 63' lang='grc' dir='ltr'>καί</span> <span class='ocrx_word' id='word_1_868' title='bbox 2251 4333 2576 4425; x_wconf 76' lang='grc' dir='ltr'>φλεγμοναῖς</span> <span class='ocrx_word' id='word_1_869' title='bbox 2595 4393 2610 4415; x_wconf 88' lang='grc'>,</span> <span class='ocrx_word' id='word_1_870' title='bbox 2645 4333 2854 4405; x_wconf 28' lang='grc' dir='ltr'>καὶ-τὸν</span> <span class='ocrx_word' id='word_1_871' title='bbox 2884 4333 3116 4420; x_wconf 84' lang='grc' dir='ltr'>πυρετόν</span> <span class='ocrx_word' id='word_1_872' title='bbox 3145 4333 3350 4403; x_wconf 57' lang='grc' dir='ltr'>ἐκεῖνον</span> <span class='ocrx_word' id='word_1_873' title='bbox 3376 4333 3703 4414; x_wconf 16' lang='grc' dir='ltr'>ούδεὶςνσϐέο</span> 
     </span>
    </p>
   </div>
   <div class='ocr_carea' id='block_1_109' title="bbox 2132 4434 3701 4509">
    <p class='ocr_par' dir='ltr' id='par_1_109' title="bbox 2132 4434 3701 4509">
     <span class='ocr_line' id='line_1_109' title="bbox 2132 4434 3701 4509; baseline -0.004 -13"><span class='ocrx_word' id='word_1_874' title='bbox 2132 4461 2220 4496; x_wconf 80' lang='grc' dir='ltr'>σαι</span> <span class='ocrx_word' id='word_1_875' title='bbox 2250 4443 2508 4496; x_wconf 90' lang='grc' dir='ltr'>δύναται·</span> <span class='ocrx_word' id='word_1_876' title='bbox 2542 4440 2604 4492; x_wconf 87' lang='grc' dir='ltr'>οὑ</span> <span class='ocrx_word' id='word_1_877' title='bbox 2633 4439 2741 4509; x_wconf 77' lang='grc' dir='ltr'>γάρ</span> <span class='ocrx_word' id='word_1_878' title='bbox 2776 4437 3000 4507; x_wconf 85' lang='grc' dir='ltr'>ἀφίησιν</span> <span class='ocrx_word' id='word_1_879' title='bbox 3037 4437 3067 4489; x_wconf 91' lang='grc' dir='ltr'>ὀ</span> <span class='ocrx_word' id='word_1_880' title='bbox 3103 4434 3352 4501; x_wconf 84' lang='grc' dir='ltr'>πλοῦτος,</span> <span class='ocrx_word' id='word_1_881' title='bbox 3386 4436 3525 4507; x_wconf 79' lang='grc' dir='ltr'>άπερ</span> <span class='ocrx_word' id='word_1_882' title='bbox 3555 4439 3701 4490; x_wconf 82' lang='grc' dir='ltr'>ἐστὶν</span> 
     </span>
    </p>
   </div>
   <div class='ocr_carea' id='block_1_110' title="bbox 2129 4521 3698 4601">
    <p class='ocr_par' dir='ltr' id='par_1_110' title="bbox 2129 4521 3698 4601">
     <span class='ocr_line' id='line_1_110' title="bbox 2129 4521 3698 4601; baseline -0.005 -15"><span class='ocrx_word' id='word_1_883' title='bbox 2129 4529 2517 4601; x_wconf 82' lang='grc' dir='ltr'>ἐλαττώματα,</span> <span class='ocrx_word' id='word_1_884' title='bbox 2555 4527 2729 4582; x_wconf 86' lang='grc' dir='ltr'>ταῦτα</span> <span class='ocrx_word' id='word_1_885' title='bbox 2785 4526 2980 4589; x_wconf 84' lang='grc' dir='ltr'>πείσας</span> <span class='ocrx_word' id='word_1_886' title='bbox 3020 4521 3160 4580; x_wconf 68' lang='grc' dir='ltr'>εἶναι</span> <span class='ocrx_word' id='word_1_887' title='bbox 3216 4523 3698 4595; x_wconf 82' lang='grc' dir='ltr'>πλεονεκτήματα·</span> 
     </span>
    </p>
   </div>
   <div class='ocr_carea' id='block_1_111' title="bbox 2129 4611 3698 4688">
    <p class='ocr_par' dir='ltr' id='par_1_111' title="bbox 2129 4611 3698 4688">
     <span class='ocr_line' id='line_1_111' title="bbox 2129 4611 3698 4688; baseline -0.003 -16"><span class='ocrx_word' id='word_1_888' title='bbox 2129 4615 2261 4683; x_wconf 72' lang='grc' dir='ltr'>οἷον,</span> <span class='ocrx_word' id='word_1_889' title='bbox 2279 4618 2339 4671; x_wconf 83' lang='grc' dir='ltr'>τὸ</span> <span class='ocrx_word' id='word_1_890' title='bbox 2364 4615 2592 4688; x_wconf 78' lang='grc' dir='ltr'>μηδενὸς</span> <span class='ocrx_word' id='word_1_891' title='bbox 2613 4613 2922 4685; x_wconf 83' lang='grc' dir='ltr'>ἀνέχεσθαι,</span> <span class='ocrx_word' id='word_1_892' title='bbox 2947 4616 3042 4665; x_wconf 74' lang='grc' dir='ltr'>καὶ</span> <span class='ocrx_word' id='word_1_893' title='bbox 3062 4611 3278 4685; x_wconf 74' lang='grc' dir='ltr'>ἐξουσίᾳ</span> <span class='ocrx_word' id='word_1_894' title='bbox 3311 4613 3488 4667; x_wconf 88' lang='grc' dir='ltr'>πάντα</span> <span class='ocrx_word' id='word_1_895' title='bbox 3504 4615 3698 4668; x_wconf 85' lang='grc' dir='ltr'>ποιεῖν.</span> 
     </span>
    </p>
   </div>
   <div class='ocr_carea' id='block_1_112' title="bbox 2131 4700 3700 4777">
    <p class='ocr_par' dir='ltr' id='par_1_112' title="bbox 2131 4700 3700 4777">
     <span class='ocr_line' id='line_1_112' title="bbox 2131 4700 3700 4777; baseline -0.004 -17"><span class='ocrx_word' id='word_1_896' title='bbox 2131 4708 2205 4759; x_wconf 90' lang='grc' dir='ltr'>Ού</span> <span class='ocrx_word' id='word_1_897' title='bbox 2234 4707 2342 4777; x_wconf 82' lang='grc' dir='ltr'>γάρ</span> <span class='ocrx_word' id='word_1_898' title='bbox 2365 4705 2585 4775; x_wconf 81' lang='grc' dir='ltr'>εὑρήσει</span> <span class='ocrx_word' id='word_1_899' title='bbox 2613 4720 2698 4765; x_wconf 88' lang='grc' dir='ltr'>τις</span> <span class='ocrx_word' id='word_1_900' title='bbox 2722 4701 2889 4772; x_wconf 76' lang='grc' dir='ltr'>ἄλλην</span> <span class='ocrx_word' id='word_1_901' title='bbox 2923 4700 3101 4772; x_wconf 80' lang='grc' dir='ltr'>ψυχὴν</span> <span class='ocrx_word' id='word_1_902' title='bbox 3126 4700 3394 4754; x_wconf 90' lang='grc' dir='ltr'>τοσούτων</span> <span class='ocrx_word' id='word_1_903' title='bbox 3424 4700 3700 4769; x_wconf 82' lang='grc' dir='ltr'>γέμουσαν</span> 
     </span>
    </p>
   </div>
   <div class='ocr_carea' id='block_1_113' title="bbox 2130 4786 3701 4863">
    <p class='ocr_par' dir='ltr' id='par_1_113' title="bbox 2130 4786 3701 4863">
     <span class='ocr_line' id='line_1_113' title="bbox 2130 4786 3701 4863; baseline -0.006 -15"><span class='ocrx_word' id='word_1_904' title='bbox 2130 4791 2434 4863; x_wconf 86' lang='grc' dir='ltr'>ἐπιθυμιῶν</span> <span class='ocrx_word' id='word_1_905' title='bbox 2468 4789 2561 4844; x_wconf 74' lang='grc' dir='ltr'>καὶ</span> <span class='ocrx_word' id='word_1_906' title='bbox 2585 4788 2756 4852; x_wconf 79' lang='grc' dir='ltr'>οὕτως</span> <span class='ocrx_word' id='word_1_907' title='bbox 2789 4788 3034 4849; x_wconf 85' lang='grc' dir='ltr'>ἀτόπων,</span> <span class='ocrx_word' id='word_1_908' title='bbox 3067 4788 3143 4851; x_wconf 85' lang='grc' dir='ltr'>ὼς</span> <span class='ocrx_word' id='word_1_909' title='bbox 3169 4788 3268 4850; x_wconf 86' lang='grc' dir='ltr'>τάς</span> <span class='ocrx_word' id='word_1_910' title='bbox 3303 4787 3410 4840; x_wconf 88' lang='grc' dir='ltr'>τῶν</span> <span class='ocrx_word' id='word_1_911' title='bbox 3442 4786 3701 4857; x_wconf 81' lang='grc' dir='ltr'>βουλομέ-</span> 
     </span>
    </p>
   </div>
   <div class='ocr_carea' id='block_1_114' title="bbox 2129 4873 3699 4946">
    <p class='ocr_par' dir='ltr' id='par_1_114' title="bbox 2129 4873 3699 4946">
     <span class='ocr_line' id='line_1_114' title="bbox 2129 4873 3699 4946; baseline -0.005 -13"><span class='ocrx_word' id='word_1_912' title='bbox 2129 4896 2235 4933; x_wconf 90' lang='grc' dir='ltr'>νων</span> <span class='ocrx_word' id='word_1_913' title='bbox 2263 4879 2529 4932; x_wconf 80' lang='grc' dir='ltr'>πλουτεῖν.</span> <span class='ocrx_word' id='word_1_914' title='bbox 2563 4876 2743 4938; x_wconf 81' lang='grc' dir='ltr'>Πόσας</span> <span class='ocrx_word' id='word_1_915' title='bbox 2778 4874 2887 4946; x_wconf 86' lang='grc' dir='ltr'>γάρ</span> <span class='ocrx_word' id='word_1_916' title='bbox 2917 4873 3185 4944; x_wconf 85' lang='grc' dir='ltr'>ληρωδίας</span> <span class='ocrx_word' id='word_1_917' title='bbox 3212 4874 3310 4943; x_wconf 83' lang='grc' dir='ltr'>οὑχ</span> <span class='ocrx_word' id='word_1_918' title='bbox 3350 4873 3699 4944; x_wconf 78' lang='grc' dir='ltr'>ὑπογράφου-</span> 
     </span>
    </p>
   </div>
   <div class='ocr_carea' id='block_1_115' title="bbox 2130 4958 3696 5030">
    <p class='ocr_par' dir='ltr' id='par_1_115' title="bbox 2130 4958 3696 5030">
     <span class='ocr_line' id='line_1_115' title="bbox 2130 4958 3696 5030; baseline -0.005 -10"><span class='ocrx_word' id='word_1_919' title='bbox 2130 4985 2213 5020; x_wconf 90' lang='grc' dir='ltr'>σιν</span> <span class='ocrx_word' id='word_1_920' title='bbox 2242 4968 2483 5029; x_wconf 80' lang='grc' dir='ltr'>ἐαυτοῖςς</span> <span class='ocrx_word' id='word_1_921' title='bbox 2520 4962 2734 5017; x_wconf 74' lang='grc' dir='ltr'>Μᾶλλον</span> <span class='ocrx_word' id='word_1_922' title='bbox 2764 4960 2870 5014; x_wconf 86' lang='grc' dir='ltr'>τῶν</span> <span class='ocrx_word' id='word_1_923' title='bbox 2908 4961 3038 5022; x_wconf 79' lang='grc' dir='ltr'>τοὺς</span> <span class='ocrx_word' id='word_1_924' title='bbox 3065 4958 3529 5030; x_wconf 81' lang='grc' dir='ltr'>ἱπποκενταύρους</span> <span class='ocrx_word' id='word_1_925' title='bbox 3562 4960 3696 5013; x_wconf 84' lang='grc' dir='ltr'>ἀνα-</span> 
     </span>
    </p>
   </div>
   <div class='ocr_carea' id='block_1_116' title="bbox 2129 5037 3695 5117">
    <p class='ocr_par' dir='ltr' id='par_1_116' title="bbox 2129 5037 3695 5117">
     <span class='ocr_line' id='line_1_116' title="bbox 2129 5037 3695 5117; baseline -0.006 -10"><span class='ocrx_word' id='word_1_926' title='bbox 2129 5052 2475 5107; x_wconf 84' lang='grc' dir='ltr'>πλαττόντων</span> <span class='ocrx_word' id='word_1_927' title='bbox 2511 5050 2604 5103; x_wconf 78' lang='grc' dir='ltr'>καὶ</span> <span class='ocrx_word' id='word_1_928' title='bbox 2632 5048 2730 5110; x_wconf 79' lang='grc' dir='ltr'>τὰς</span> <span class='ocrx_word' id='word_1_929' title='bbox 2757 5046 3020 5116; x_wconf 87' lang='grc' dir='ltr'>χιμαίρας</span> <span class='ocrx_word' id='word_1_930' title='bbox 3049 5045 3143 5098; x_wconf 79' lang='grc' dir='ltr'>καὶ</span> <span class='ocrx_word' id='word_1_931' title='bbox 3174 5046 3301 5108; x_wconf 77' lang='grc' dir='ltr'>τοὺς</span> <span class='ocrx_word' id='word_1_932' title='bbox 3334 5037 3695 5117; x_wconf 85' lang='grc' dir='ltr'>δρακοντόπο-</span> 
     </span>
    </p>
   </div>
   <div class='ocr_carea' id='block_1_117' title="bbox 2126 5131 3697 5210">
    <p class='ocr_par' dir='ltr' id='par_1_117' title="bbox 2126 5131 3697 5210">
     <span class='ocr_line' id='line_1_117' title="bbox 2126 5131 3697 5210; baseline -0.006 -15"><span class='ocrx_word' id='word_1_933' title='bbox 2126 5141 2219 5205; x_wconf 88' lang='grc' dir='ltr'>δας</span> <span class='ocrx_word' id='word_1_934' title='bbox 2239 5138 2390 5210; x_wconf 72' lang='grc' dir='ltr'>[57η</span> <span class='ocrx_word' id='word_1_935' title='bbox 2418 5137 2513 5191; x_wconf 71' lang='grc' dir='ltr'>καὶ</span> <span class='ocrx_word' id='word_1_936' title='bbox 2536 5135 2632 5198; x_wconf 88' lang='grc' dir='ltr'>τὰς</span> <span class='ocrx_word' id='word_1_937' title='bbox 2663 5133 2904 5195; x_wconf 82' lang='grc' dir='ltr'>Σκύλλας</span> <span class='ocrx_word' id='word_1_938' title='bbox 2931 5132 3026 5185; x_wconf 74' lang='grc' dir='ltr'>καὶ</span> <span class='ocrx_word' id='word_1_939' title='bbox 3052 5132 3122 5183; x_wconf 79' lang='grc' dir='ltr'>τά</span> <span class='ocrx_word' id='word_1_940' title='bbox 3146 5131 3369 5201; x_wconf 88' lang='grc' dir='ltr'>τέρατα,</span> <span class='ocrx_word' id='word_1_941' title='bbox 3401 5133 3498 5186; x_wconf 76' lang='grc' dir='ltr'>ἴδοι</span> <span class='ocrx_word' id='word_1_942' title='bbox 3517 5149 3600 5197; x_wconf 92' lang='grc' dir='ltr'>τις</span> <span class='ocrx_word' id='word_1_943' title='bbox 3629 5134 3697 5186; x_wconf 73' lang='grc' dir='ltr'>ἂν</span> 
     </span>
    </p>
   </div>
   <div class='ocr_carea' id='block_1_118' title="bbox 2126 5217 3696 5290">
    <p class='ocr_par' dir='ltr' id='par_1_118' title="bbox 2126 5217 3696 5290">
     <span class='ocr_line' id='line_1_118' title="bbox 2126 5217 3696 5290; baseline -0.007 -10"><span class='ocrx_word' id='word_1_944' title='bbox 2126 5228 2318 5290; x_wconf 84' lang='grc' dir='ltr'>αὑτοὺς</span> <span class='ocrx_word' id='word_1_945' title='bbox 2376 5222 2831 5282; x_wconf 84' lang='grc' dir='ltr'>ἀναπλάττοντας.</span> <span class='ocrx_word' id='word_1_946' title='bbox 2881 5217 3000 5271; x_wconf 81' lang='grc' dir='ltr'>Κᾶν</span> <span class='ocrx_word' id='word_1_947' title='bbox 3056 5217 3286 5288; x_wconf 80' lang='grc' dir='ltr'>θελήσῃς</span> <span class='ocrx_word' id='word_1_948' title='bbox 3331 5217 3509 5272; x_wconf 85' lang='grc' dir='ltr'>αὑτῶν</span> <span class='ocrx_word' id='word_1_949' title='bbox 3566 5219 3696 5290; x_wconf 83' lang='grc' dir='ltr'>μίαν</span> 
     </span>
    </p>
   </div>
   <div class='ocr_carea' id='block_1_119' title="bbox 2126 5302 3694 5382">
    <p class='ocr_par' dir='ltr' id='par_1_119' title="bbox 2126 5302 3694 5382">
     <span class='ocr_line' id='line_1_119' title="bbox 2126 5302 3694 5382; baseline -0.004 -14"><span class='ocrx_word' id='word_1_950' title='bbox 2126 5313 2420 5382; x_wconf 87' lang='grc' dir='ltr'>ἐπιθυμίαν</span> <span class='ocrx_word' id='word_1_951' title='bbox 2439 5307 2763 5363; x_wconf 85' lang='grc' dir='ltr'>ἀναπλάσαι.</span> <span class='ocrx_word' id='word_1_952' title='bbox 2788 5302 2940 5357; x_wconf 72' lang='grc' dir='ltr'>οὐδὲν</span> <span class='ocrx_word' id='word_1_953' title='bbox 2956 5302 3077 5357; x_wconf 75' lang='grc' dir='ltr'>οὕτε</span> <span class='ocrx_word' id='word_1_954' title='bbox 3101 5304 3300 5358; x_wconf 86' lang='grc' dir='ltr'>σκύλλα</span> <span class='ocrx_word' id='word_1_955' title='bbox 3322 5304 3443 5360; x_wconf 73' lang='grc' dir='ltr'>οὗτε</span> <span class='ocrx_word' id='word_1_956' title='bbox 3461 5306 3694 5379; x_wconf 85' lang='grc' dir='ltr'>χίμαιρα</span> 
     </span>
    </p>
   </div>
   <div class='ocr_carea' id='block_1_120' title="bbox 2126 5391 3695 5465">
    <p class='ocr_par' dir='ltr' id='par_1_120' title="bbox 2126 5391 3695 5465">
     <span class='ocr_line' id='line_1_120' title="bbox 2126 5391 3695 5465; baseline -0.004 -10"><span class='ocrx_word' id='word_1_957' title='bbox 2126 5401 2247 5455; x_wconf 64' lang='grc' dir='ltr'>οὔτε</span> <span class='ocrx_word' id='word_1_958' title='bbox 2279 5396 2707 5464; x_wconf 77' lang='grc' dir='ltr'>ἱπποκένταυρος</span> <span class='ocrx_word' id='word_1_959' title='bbox 2728 5394 3054 5462; x_wconf 79' lang='grc' dir='ltr'>φανήσονται</span> <span class='ocrx_word' id='word_1_960' title='bbox 3084 5392 3219 5462; x_wconf 78' lang='grc' dir='ltr'>πρὸς</span> <span class='ocrx_word' id='word_1_961' title='bbox 3234 5391 3334 5465; x_wconf 69' lang='grc' dir='ltr'>τήν</span> <span class='ocrx_word' id='word_1_962' title='bbox 3360 5394 3695 5465; x_wconf 89' lang='grc' dir='ltr'>τερατωδίαν</span> 
     </span>
    </p>
   </div>
   <div class='ocr_carea' id='block_1_121' title="bbox 2126 5478 3690 5556">
    <p class='ocr_par' dir='ltr' id='par_1_121' title="bbox 2126 5478 3690 5556">
     <span class='ocr_line' id='line_1_121' title="bbox 2126 5478 3690 5556; baseline -0.003 -15"><span class='ocrx_word' id='word_1_963' title='bbox 2126 5488 2360 5556; x_wconf 81' lang='grc' dir='ltr'>ἐκείνην,</span> <span class='ocrx_word' id='word_1_964' title='bbox 2392 5484 2505 5536; x_wconf 82' lang='grc' dir='ltr'>ἀλλ’</span> <span class='ocrx_word' id='word_1_965' title='bbox 2531 5481 2785 5550; x_wconf 84' lang='grc' dir='ltr'>εὑρήσεις</span> <span class='ocrx_word' id='word_1_966' title='bbox 2816 5479 2991 5533; x_wconf 85' lang='grc' dir='ltr'>πάντα</span> <span class='ocrx_word' id='word_1_967' title='bbox 3013 5478 3148 5547; x_wconf 78' lang='grc' dir='ltr'>ὁμοῦ</span> <span class='ocrx_word' id='word_1_968' title='bbox 3174 5479 3402 5549; x_wconf 77' lang='grc' dir='ltr'>ἔχουσαν</span> <span class='ocrx_word' id='word_1_969' title='bbox 3418 5481 3485 5533; x_wconf 85' lang='grc' dir='ltr'>τά</span> <span class='ocrx_word' id='word_1_970' title='bbox 3505 5479 3690 5549; x_wconf 85' lang='grc' dir='ltr'>θηρία.</span> 
     </span>
    </p>
   </div>
   <div class='ocr_carea' id='block_1_122' title="bbox 2127 5566 3693 5641">
    <p class='ocr_par' dir='ltr' id='par_1_122' title="bbox 2127 5566 3693 5641">
     <span class='ocr_line' id='line_1_122' title="bbox 2127 5566 3693 5641; baseline -0.004 -16"><span class='ocrx_word' id='word_1_971' title='bbox 2127 5575 2235 5626; x_wconf 75' lang='grc' dir='ltr'>Καὶ</span> <span class='ocrx_word' id='word_1_972' title='bbox 2253 5573 2392 5641; x_wconf 87' lang='grc' dir='ltr'>τάχα</span> <span class='ocrx_word' id='word_1_973' title='bbox 2414 5569 2479 5639; x_wconf 80' lang='grc' dir='ltr'>μέ</span> <span class='ocrx_word' id='word_1_974' title='bbox 2496 5586 2579 5631; x_wconf 82' lang='grc' dir='ltr'>τις</span> <span class='ocrx_word' id='word_1_975' title='bbox 2605 5569 2847 5636; x_wconf 84' lang='grc' dir='ltr'>οἰήσεται</span> <span class='ocrx_word' id='word_1_976' title='bbox 2866 5568 2921 5618; x_wconf 84' lang='grc' dir='ltr'>ἐν</span> <span class='ocrx_word' id='word_1_977' title='bbox 2934 5566 3148 5636; x_wconf 81' lang='grc' dir='ltr'>πλούτῳ</span> <span class='ocrx_word' id='word_1_978' title='bbox 3167 5567 3490 5637; x_wconf 84' lang='grc' dir='ltr'>γεγενῆσθαι</span> <span class='ocrx_word' id='word_1_979' title='bbox 3515 5566 3693 5637; x_wconf 80' lang='grc' dir='ltr'>πολλῷ</span> 
     </span>
    </p>
   </div>
   <div class='ocr_carea' id='block_1_123' title="bbox 2126 5653 3690 5727">
    <p class='ocr_par' dir='ltr' id='par_1_123' title="bbox 2126 5653 3690 5727">
     <span class='ocr_line' id='line_1_123' title="bbox 2126 5653 3690 5727; baseline -0.01 -14"><span class='ocrx_word' id='word_1_980' title='bbox 2126 5660 2294 5721; x_wconf 70' lang='grc' dir='ltr'>οὕτως</span> <span class='ocrx_word' id='word_1_981' title='bbox 2344 5653 2746 5727; x_wconf 82' lang='grc' dir='ltr'>ἐπαληθεύοντα</span> <span class='ocrx_word' id='word_1_982' title='bbox 2780 5655 2891 5716; x_wconf 81' lang='grc' dir='ltr'>τοῖς</span> <span class='ocrx_word' id='word_1_983' title='bbox 2930 5653 3251 5725; x_wconf 76' lang='grc' dir='ltr'>γινομένοις.</span> <span class='ocrx_word' id='word_1_984' title='bbox 3291 5654 3522 5724; x_wconf 71' lang='grc' dir='ltr'>Λέγεταξ</span> <span class='ocrx_word' id='word_1_985' title='bbox 3567 5670 3690 5718; x_wconf 77' lang='grc' dir='ltr'>τιςο</span> 
     </span>
    </p>
   </div>
  </div>
