4026 6148
336 243 445 302 349

337 360 603 432 πρότερον
628 357 738 429 γὰρ
759 356 868 412 ἀπὸ
895 356 1001 410 τῶν
1030 358 1178 428 παρά
1202 359 1315 421 τοῖς
1343 356 1602 427 Ἕλλησιν
1632 355 1907 428 ᾀδομένων

336 450 429 504 τὸν
460 449 618 516 λόγον
649 444 992 511 πιστώσομαι
1017 459 1032 473 ·
1064 444 1280 513 λέγεταί
1318 463 1402 509 τις
1441 445 1572 515 παρ’
1603 445 1786 506 αὐτοῖς
1818 442 1913 513 βα-

339 537 520 600 01156;
549 533 801 589 τοσοῦτον
829 531 1107 603 ἐνυϐρίσαι
1139 534 1205 603 τῇ
1236 535 1439 604 τρυφῇ,
1468 531 1609 585 ὥστε
1642 531 1911 584 πλάτανον

337 625 564 694 ποιῆσαι
592 622 821 694 χρυσῆν,
855 619 949 675 καὶ
972 621 1202 690 οὐρανὸν
1233 621 1440 675 ἀνωθεν
1459 662 1473 685 ,
1506 621 1600 673 καὶ
1626 620 1768 673 οὑτω
1812 637 1912 672 καο

337 712 505 776 θίσαι,
538 711 631 764 καὶ
658 708 830 763 ταῦτα
862 706 1273 778 ἐπιστρατεύων
1313 707 1618 779 ἀνθρώποις
1658 707 1913 777 πολεμεῖν

340 797 738 868 μεμαθηκόσιν.
770 790 916 865 νΑρα
950 795 1048 864 οὑχ
1082 795 1533 865 ίπποκενταύρων
1559 794 1700 864 αὕτη
1735 796 1767 864 ή
1798 796 1914 847 ἐπι-

338 884 542 956 θυμίας
576 882 685 954 ἄρα
707 882 768 935 06
799 881 1042 951 Σκύλλης
1068 899 1083 947 ;
1114 881 1339 951 Ἕτερος
1368 881 1530 936 πάλιν
1561 883 1640 944 είς
1668 881 1795 951 βοῦν
1825 880 1916 945 ξύ-

336 971 478 1025 λινον
498 970 714 1025 ἐνέϐαλε
730 970 856 1034 τοὺς
874 967 1215 1040 ἀνθρώπους.
1239 965 1387 1041 *Αρα
1413 970 1473 1022 ού
1495 969 1704 1022 Σκύλλα
1723 967 1911 1031 τοῦτος

336 1059 488 1121 Τέως
512 1057 569 1111 δὲ
591 1057 700 1111 τῶν
726 1056 992 1127 πρότερον
1021 1056 1081 1120 ἐξ
1108 1055 1297 1126 ἀνδρὸς
1318 1059 1550 1125 γυναῖκα
1578 1056 1801 1126 ἐποίησε
1822 1056 1914 1108 16v

338 1145 595 1216 βασιλέα,
628 1145 722 1198 τὸν
771 1141 1108 1215 στρατιώτην
1131 1159 1142 1176 ·
1181 1143 1287 1196 ἀπὸ
1318 1144 1598 1212 γυναικὸς,
1640 1144 1694 1196 τί
1732 1143 1911 1209 είπω;

336 1235 524 1305 θηρίον
552 1234 766 1299 ἄλογον,
805 1231 899 1284 καὶ
932 1231 1010 1285 ἔτι
1039 1231 1228 1285 τούτου
1261 1234 1461 1303 χεῖρον.
1499 1233 1579 1286 Τά
1606 1229 1716 1302 γάρ
1747 1230 1914 1303 θηρία

336 1322 442 1374 6116
472 1319 704 1390 δένδρων
735 1319 802 1373 ἂν
830 1313 885 1392 ᾖ,
923 1317 1204 1389 ἀνέχονται
1236 1319 1336 1389 τῆς
1365 1319 1601 1387 φύσεως,
1632 1318 1725 1371 καὶ
1747 1316 1913 1371 πλέον

334 1409 489 1462 οὐδὲν
512 1405 856 1477 ἐπιζητοῦσιν
877 1423 891 1437 ·
910 1401 1064 1470 οὗτος
1083 1406 1140 1458 δὲ
1161 1406 1254 1460 καὶ
1276 1405 1383 1459 τῶν
1407 1405 1610 1477 θηρίων
1631 1406 1731 1477 τὴν
1753 1403 1914 1473 φύσιν

337 1495 780 1566 ὑπερηκόντισεν.
812 1489 959 1562 Ἀρα
994 1493 1048 1546 τί
1084 1493 1281 1562 γένοιτ’
1307 1494 1374 1546 ἂν
1400 1493 1510 1546 τῶν
1541 1493 1913 1547 πλουτούντων

336 1583 724 1654 ἀνοητότερονς
756 1580 928 1634 Τοῦτο
957 1580 1014 1633 65
1039 1581 1147 1634 ἀπὸ
1179 1580 1280 1649 τῆς
1308 1580 1623 1647 πλεονεξίας
1649 1580 1757 1633 τῶν
1790 1582 1912 1634 ἐπι-

338 1671 550 1741 θυμιῶν
569 1670 796 1738 γίνεται.
816 1664 963 1740 ’Ἃρα
976 1668 1097 1739 οὐχὶ
1114 1667 1300 1721 πολλοὶ
1322 1666 1691 1736 θαυμάζουσιν
1714 1668 1875 1722 αὑτόν
1895 1686 1909 1734 ;

337 1759 625 1830 Τοιγάρτοι
661 1758 756 1812 τοῦ
794 1757 1030 1827 γέλωτος
1071 1755 1416 1810 κοινωνοῦσιν
1445 1755 1614 1827 αὐτῷ.
1650 1756 1822 1810 Τοῦτο
1851 1757 1912 1810 οὑ

334 1847 428 1900 τὸν
477 1846 708 1901 πλοῦτον
754 1846 965 1900 ὲδείκνυ
989 1887 1004 1910 ,
1059 1845 1196 1899 ἀλλά
1233 1847 1334 1914 τήν
1364 1844 1568 1899 ἄνοιαν.
1620 1844 1779 1915 Πόσῳ
1813 1842 1912 1912 τῆς

337 1934 547 2004 χρυσῆς
574 1934 787 2004 ἐκείνης
815 1932 1087 1986 πλατάνου
1121 1934 1155 2002 ή
1178 1932 1278 2003 τῆς
1300 1930 1404 2002 γῆς
1434 1931 1691 2001 βελτίωνς
1715 1930 1783 1984 τὰ
1804 1930 1912 2002 γὰρ

335 2023 476 2077 κατά
511 2022 672 2092 φύσιν
694 2022 803 2075 τῶν
837 2022 988 2092 παρά
1025 2022 1188 2090 φύσιν
1223 2021 1378 2091 ήδίω.
1416 2020 1482 2072 Τί
1508 2020 1565 2073 δέ
1603 2036 1686 2072 σοι
1719 2021 1748 2071 6
1780 2036 1911 2088 χρυ-

339 2110 465 2171 σοῦς
488 2110 716 2181 οὐρανὸς
748 2109 1019 2171 ἐϐούλετο,
1045 2109 1278 2179 ἀνόητες
1315 2108 1477 2180 Ὁρᾷς
1511 2108 1629 2170 πῶς
1654 2106 1913 2177 μαινομέ-

337 2215 461 2261 νους
491 2200 519 2251 6
558 2196 785 2260 πλοῦτος
816 2200 1012 2251 ποιεῖὸ
1037 2197 1238 2261 πολύς;
1274 2195 1391 2259 πῶς
1426 2195 1784 2266 φλεγμαίνεις
1819 2190 1912 2247 Οἷ-

342 2302 440 2354 μαι
470 2284 630 2338 αὑτὸν
672 2285 762 2337 καὶ
810 2282 908 2354 τὴν
935 2284 1202 2337 θάλατταν
1233 2284 1447 2351 ἀγνοεῖν
1466 2324 1482 2345 ,
1517 2282 1612 2335 καὶ
1641 2282 1784 2351 τάχα
1827 2280 1915 2351 βα-

336 2370 503 2435 δίζειν
531 2369 816 2439 βούλεσθαι
846 2370 932 2423 ἐπ’
965 2371 1155 2440 αὑτῆς.
1187 2365 1334 2439 Ἀρα
1353 2370 1413 2421 06
1444 2368 1676 2440 χίμαιρα
1703 2367 1912 2432 ταῦτα;

340 2454 449 2527 ἆρα
487 2458 586 2527 οὑχ
619 2457 1083 2525 ίπποκένταυρος;
1132 2455 1272 2509 Ἀλλ’
1309 2456 1414 2508 είσὶ
1444 2456 1538 2509 καὶ
1565 2454 1660 2508 νῦν
1695 2471 1838 2517 τινες
1864 2453 1913 2506 οἶ

337 2544 461 2596 οὑδὲ
502 2542 709 2597 ἐκείνου
751 2542 1101 2606 ἀποδέουσιν,
1160 2541 1296 2595 ἀλλά
1339 2541 1518 2612 πολλῷ
1567 2541 1912 2611 ἀνοητότεροι

338 2630 697 2701 τυγχάνουσιν
747 2629 919 2693 ὄντες.
954 2629 1019 2681 Τί
1066 2628 1209 2701 γὰρ,
1247 2629 1369 2683 εἰπέ
1405 2647 1526 2699 μοι,
1577 2630 1677 2698 τῆς
1708 2627 1915 2698 χρυσῆς

340 2717 614 2772 πλατάνου
644 2716 963 2788 διαφέρουσι
993 2718 1132 2770 κατὰ
1157 2717 1346 2771 ἄνοιαν
1363 2718 1414 2770 οἱ
1442 2716 1683 2786 κεράμια
1709 2713 1918 2769 ποιοῦν·

338 2822 431 2868 τες
460 2806 641 2876 χρυσᾶ
679 2805 772 2856 καὶ
802 2803 1009 2874 χύτρας
1045 2804 1140 2858 καὶ
1163 2803 1518 2874 ἀλάϐαστρα;
1556 2801 1621 2855 Τί
1652 2803 1708 2855 δὲ
1740 2804 1796 2855 αί
1825 2819 1917 2870 γυ-

340 2895 526 2954 ναῖκες
555 2890 915 2961 (αἰσχύνομαι
943 2890 1042 2961 μὲν
1065 2887 1177 2957 οῦν,
1202 2890 1340 2960 πλὴν
1362 2891 1658 2958 ἀναγκαῖον
1679 2887 1912 2959 εἰπεῖν),

339 2978 538 3049 ἀμίδας
583 2978 830 3050 ἀργυρᾶς
878 2976 1164 3041 ποιοῦσαις
1213 2978 1389 3048 Ὑμᾶς
1433 2976 1784 3044 αἰσχύνεσθαι
1817 2976 1917 3038 τὰς

337 3058 512 3120 ταῦτα
557 3064 815 3128 ποιούσας
855 3063 983 3119 ἔδει.
1020 3063 1125 3117 Τοῦ
1156 3064 1393 3136 Χριστοῦ
1431 3063 1819 3133 λιμώττοντος,
1851 3061 1915 3115 σὺ

339 3154 483 3208 οὕτω
521 3155 767 3224 τρυφᾷ;;
810 3152 1012 3223 μᾶλλον
1041 3152 1100 3206 65
1143 3150 1520 3222 ἀνοηταίνεις;
1565 3151 1723 3205 ποίαν
1757 3142 1916 3203 αὗται

340 3241 562 3294 κόλασιν
588 3240 649 3294 ού
676 3240 948 3306 τίσουσιν;
979 3240 1101 3292 Ἔτι
1129 3233 1222 3293 οὖν
1253 3240 1483 3309 ἐρωτᾷς,
1507 3238 1595 3290 διὰ
1616 3240 1670 3290 τί
1699 3237 1915 3308 λῃσταὶ,

339 3328 428 3382 διά
460 3329 511 3382 τί
546 3327 887 3399 ἀνδροφόνοι,
921 3326 1012 3380 διὰ
1045 3327 1097 3379 τί
1131 3328 1201 3380 τὰ
1228 3325 1393 3388 κακὰ,
1431 3323 1604 3388 οὑτως
1648 3326 1792 3395 ὑμᾶς
1823 3323 1917 3377 τοῦ

340 3418 589 3472 διαϐόλου
623 3417 1075 3486 παρασύραντος;
1107 3415 1180 3467 Τὸ
1218 3417 1316 3486 μὲν
1360 3415 1470 3488 γὰρ
1502 3415 1731 3469 πινάκια
1775 3414 1919 3485 ἔχειν

340 3505 592 3575 ἀργυρᾶ,
620 3504 743 3557 0665
771 3502 930 3556 τοῦτο
959 3502 1055 3572 μὲν
1082 3501 1223 3554 κατά
1247 3503 1534 3571 φιλόσοφον
1559 3501 1756 3573 ψυχήν,
1784 3501 1922 3555 ἀλλά

341 3592 555 3663 τρυφῆς
586 3590 646 3643 16
676 3591 784 3643 πᾶν
803 3606 817 3620 ·
857 3588 919 3640 16
940 3589 997 3639 δὲ
1024 3588 1120 3640 καὶ
1150 3587 1317 3657 σκεύη
1347 3588 1630 3659 ἀκάθαρτα
1659 3591 1830 3642 ποιεῖν
1863 3588 1922 3653 ἐξ

344 3676 612 3748 ἀργύρου,
644 3671 755 3744 ἀρα
791 3673 1037 3745 τρυφῆς;
1075 3672 1191 3723 ἀλλ’
1223 3672 1324 3724 οὐκ
1352 3672 1417 3724 ἂν
1452 3674 1661 3743 εἴποιμι
1684 3675 1919 3743 τρυφῆς,

344 3763 462 3816 ἀλλ’
497 3760 716 3824 ἀνοίαςο
748 3760 865 3814 ἀλλ’
902 3758 1025 3812 οὑδὲ
1057 3756 1236 3825 τοῦτο,
1272 3757 1410 3812 ἀλλά
1453 3758 1668 3828 μανίας,
1722 3760 1923 3830 μᾶλλον

344 3850 402 3905 δὲ
436 3849 530 3902 καὶ
565 3847 760 3917 μανίας
790 3847 995 3917 χεῖρον.
1754 3850 1757 3853 ‘

416 3941 479 3989 ε’.
497 3931 629 3989 Οἶδα
654 3935 737 3988 ὅτι
767 3932 950 3985 πολλοί
980 3948 1049 4002 με
1077 3931 1429 4003 κωμῳδοῦσιν
1458 3932 1550 3985 ἐπὶ
1587 3932 1782 4004 τούτῳ,
1808 3933 1922 3987 ἀλλ’

347 4026 447 4078 οὑκ
476 4023 895 4094 ἐπιστρέφομαι,
935 4022 1093 4092 μόνον
1132 4020 1372 4090 γενέσθω
1402 4039 1456 4074 τι
1491 4021 1673 4076 πλέον.
1717 4024 1925 4089 Ὄντως

347 4114 607 4184 ἀνοήτους
642 4114 788 4167 ποιεῖ
819 4113 880 4165 τὸ
910 4111 1163 4165 πλουτεῖν
1200 4110 1295 4164 καὶ
1335 4109 1718 4181 μαινομένους.
1751 4114 1813 4166 Εί
1846 4130 1930 4167 το-

350 4203 522 4275 σαύτη
550 4196 701 4275 [578]
724 4198 844 4275 ἦνή
873 4200 1181 4273 περιουσία,
1214 4200 1591 4272 ἐϐουλήθησαν
1607 4200 1673 4254 ἂν
1704 4204 1798 4256 καὶ
1825 4202 1926 4273 τὴν

347 4294 453 4365 γῆν
470 4289 609 4346 εἶναι
637 4292 866 4362 χρυσῆν,
893 4286 988 4345 καὶ
1019 4290 1231 4360 τοίχους
1263 4290 1518 4362 χρυσοῦς,
1542 4289 1685 4361 τάχα
1718 4291 1814 4344 καὶ
1836 4290 1928 4344 τὸν

347 4378 574 4451 οὐρανὸν
602 4379 693 4432 καὶ
722 4378 814 4431 16v
835 4378 973 4449 ἀέρα
995 4377 1103 4431 ἀπὸ
1127 4376 1354 4448 χρυσοῦ.
1384 4376 1481 4441 Τίς
1509 4381 1541 4447 ή
1570 4378 1756 4448 μανία,
1785 4379 1869 4443 τίς
1893 4380 1926 4451 ή

348 4466 741 4537 παρανομίαις
770 4464 900 4528 τίςό
930 4464 1198 4535 πυρετός;
1230 4465 1455 4535 Ἕτερος
1480 4464 1556 4535 τῷ
1588 4464 1786 4536 κρυμῷ
1818 4465 1928 4519 δια-

348 4552 629 4625 φθείρεται
661 4551 691 4603 ό
727 4551 851 4604 κατ’
886 4549 1070 4604 εἰκόνα
1109 4549 1267 4614 Θεοῦ,
1301 4549 1366 4603 σὺ
1411 4550 1467 4602 65
1499 4550 1727 4605 τοιαῦτα
1756 4568 1928 4604 κατα-

350 4643 671 4707 σκευάζεις;
707 4641 772 4692 ’Ὠ
813 4636 908 4692 τοῦ
945 4638 1117 4707 τύφου
1141 4655 1156 4671 ο
1186 4637 1240 4691 τί
1282 4637 1348 4690 ἂν
1395 4637 1556 4691 πλέον
1605 4638 1929 4710 μαινόμενος

349 4730 607 4800 ἐποίησε;
637 4727 706 4781 τὰ
723 4725 1136 4795 ἀποπατήματα
1163 4724 1305 4779 οὕτω
1325 4727 1510 4797 τιμᾷς,
1536 4726 1677 4780 ὥστε
1702 4726 1930 4798 ἀργύρῳ

350 4815 742 4887 ὑποδέχεσθαις
785 4807 919 4868 Οἶδα
961 4813 1044 4867 ὅτι
1097 4814 1337 4884 ναρκᾶτε
1375 4812 1690 4877 ἀκούοντες,
1718 4814 1833 4867 ἀλλ’
1871 4816 1928 4867 αἱ

352 4905 607 4959 ποιοῦσαι
640 4904 850 4975 ναρκᾷν
879 4901 1174 4971 ὀφείλουσι,
1215 4901 1311 4954 καὶ
1337 4900 1386 4953 οἱ
1414 4903 1527 4964 τοῖς
1554 4900 1821 4965 τοιούτοις
1852 4919 1934 4956 νο-

353 4993 590 5064 σήμασιν
626 4990 819 5062 ἀνδρες
857 4987 1325 5059 ὑπηρετούμενοιί
1361 4986 1630 5041 ἀκολασία
1673 4987 1784 5058 γάρ
1813 4988 1930 5040 ἐστι

353 5082 447 5133 καὶ
474 5077 693 5148 ὠμότης
728 5076 823 5130 καὶ
851 5074 1216 5147 ἀπανθρωπία
1250 5074 1345 5128 καὶ
1373 5073 1636 5145 θηριωδία
1659 5075 1756 5127 καὶ
1782 5074 1935 5128 ἀσέλ-

353 5184 479 5237 γεια
503 5167 676 5219 τοῦτο.
714 5165 850 5218 Ποία
896 5163 1127 5227 Σκύλλα,
1168 5162 1299 5216 ποία
1340 5162 1597 5232 χίμαιρα,
1630 5164 1780 5225 ποῖος
1803 5161 1933 5233 δρά-

355 5270 469 5310 κων
488 5294 505 5318 ,
548 5252 747 5324 μᾶλλον
776 5252 834 5323 65
875 5254 1025 5315 ποῖος
1047 5251 1279 5321 δαίμων,
1307 5251 1457 5314 ποῖος
1488 5249 1732 5313 διάϐολος
1761 5249 1934 5305 ταῦτα

358 5343 426 5396 ἂν
468 5340 730 5413 ἐποίησες
764 5339 830 5392 Τί
864 5339 957 5393 τοῦ
1001 5336 1239 5410 Χριστοῦ
1284 5338 1509 5406 δφελος;
1541 5337 1677 5391 τίδὲ
1714 5338 1814 5407 τῆς
1843 5338 1934 5390 πί-

361 5447 550 5495 στεως,
573 5431 702 5483 ὅταν
721 5425 1022 5497 ἀνθρώπων
1042 5424 1300 5497 ἀνέχηταί
1319 5425 1346 5465 ιι
1363 5442 1450 5488 τις
1480 5424 1769 5496 Ἑλλήνων,
1801 5426 1938 5497 μᾶλ-

423 5600 459 5667 ‘.
477 5599 728 5667 Inleljprgs
747 5601 964 5667 La1inus.
986 5596 1070 5661 qui
1095 5602 1451 5662 verterat,quaz
1468 5595 1719 5650 canentia?
1742 5597 1938 5650 videtur

365 5661 543 5722 legisse
568 5663 686 5717 τίς-ἠ
708 5664 957 5725 παράνοια.

1047 239 1104 294 S.
1144 237 1429 294 JOANNIS
1467 234 1957 295 CHRYSOSTOMI
2010 233 2332 295 ARCHIEP.
2370 228 2919 291 CONSTANTINOP.

3487 220 3595 278 350

2022 351 2112 405 λον
2137 352 2194 405 65
2222 353 2322 422 οὐχ
2366 350 2634 421 Ἑλλήνιον
2654 387 2670 412 ,
2701 342 2837 398 ἀλλά
2865 339 3171 412 δαιμόνωνς
3206 339 3271 391 Εἰ
3299 340 3482 412 χρυσῷ
3506 336 3603 393 καὶ

2023 440 2390 511 μαργαρίταις
2419 439 2518 507 τὴν
2549 432 2791 502 κεφαλὴν
2833 430 3059 499 κοσμεῖν
3086 427 3146 479 οὑ
3172 426 3286 487 δεῖ,
3332 427 3362 479 6
3392 426 3469 496 τῷ
3495 426 3601 497 ἀρ.

2019 526 2171 597 γύρῳ
2209 527 2289 588 είς
2330 523 2639 594 ἀκάθαρτον
2668 518 2840 580 οὕτως
2873 513 3176 586 ὑπηρεσίαν
3223 511 3599 582 κεχρημένος,

2020 612 2180 677 ποίας
2202 609 2532 680 συγγνώμης
2561 607 2843 674 τεύξεταις
2868 604 2968 656 οὑκ
2990 600 3151 671 ἀρκεῖ
3174 599 3242 651 τὰ
3265 598 3448 664 λοιπὰ,
3477 600 3601 653 καί·

2020 717 2101 754 τοι
2130 717 2194 768 γε
2222 699 2342 752 0665
2372 699 2555 751 ἐκεῖνα
2586 693 2809 757 ἀνεκτὰ,
2835 690 3093 759 καθέδραι
3124 687 3218 741 καὶ
3246 686 3514 740 ὑποπόδια
3539 686 3601 752 ἐξ

2020 789 2260 860 ἀργύρου
2286 788 2498 851 πάντας
2522 786 2699 839 καίτοι
2724 783 2818 835 καὶ
2841 778 3017 834 ταῦτα
3043 777 3247 839 ἀνοίας.
3289 775 3451 828 Ἀλλά
3471 792 3602 830 παν-

2019 878 2185 949 ταχοῦ
2210 880 2237 932 ὁ
2261 877 2426 946 τῦφος
2450 878 2477 929 6
2500 874 2777 947 περισσὸς,
2809 864 3083 937 πανταχοῦ
3108 867 3141 935 ἡ
3167 865 3443 932 κενοδοξία
3465 883 3479 898 ο
3509 865 3603 919 o6—

2020 964 2195 1036 δαμοῦ
2231 966 2331 1035 τῆς
2374 963 2565 1034 χρείας
2590 1001 2604 1025 ,
2647 957 2785 1012 ἀλλά
2837 952 3117 1023 πανταχοῦ
3151 952 3259 1007 τῶν
3304 951 3596 1022 περιττῶν.

2033 1050 2176 1120 Ἐγὼ
2204 1052 2420 1104 δέδοικα
2470 1049 2543 1120 μὴ
2578 1046 2684 1101 6116
2712 1045 2814 1113 τῆς
2845 1042 3041 1110 μανίας
3070 1038 3271 1109 ταύτης
3307 1039 3599 1109 προϐαῖνον

2019 1138 2080 1193 16
2103 1140 2410 1209 γυναικεῖον
2434 1136 2589 1204 γένος
2628 1134 2872 1202 τεράτων
2903 1128 3149 1199 ἀναλάϐῃ
3178 1127 3391 1198 μορφήν
3410 1144 3425 1158 σ
3451 1126 3599 1190 είκδς

2020 1227 2129 1297 γάρ
2158 1227 2325 1290 αὑτὰς
2354 1223 2688 1294 ἐπιθυμῆσαι
2732 1219 2826 1273 καὶ
2852 1217 3042 1288 τρίχας
3082 1215 3226 1284 ἔχειν
3251 1214 3477 1284 χρυσᾶς.
3523 1214 3594 1265 Ἦ

2020 1313 2389 1385 ὁμολογήσαιτε
2426 1312 2508 1365 δτι
2544 1310 2644 1363 οὑκ
2677 1303 2910 1360 ἐπάθετέ
2943 1321 2996 1356 τι
3029 1302 3167 1374 1196;
3205 1301 3266 1354 16
3292 1300 3479 1370 λεχθὲν
3503 1302 3597 1353 καὶ

2019 1400 2333 1468 διανέστητε
2356 1397 2452 1453 καὶ
2475 1398 2554 1460 είς
2573 1392 2868 1463 ἐπιθυμίαν
2891 1389 3197 1455 ἐνεπέσετε,
3229 1388 3323 1441 καὶ
3350 1388 3398 1439 εί
3432 1388 3505 1458 μή
3531 1402 3596 1455 γε

2021 1490 2055 1559 ή
2089 1487 2317 1557 αἰσχύνη
2347 1487 2622 1554 κατεῖχεν,
2667 1481 2770 1535 οὑκ
2816 1480 2885 1532 ἂν
2936 1473 3347 1548 παρῃτήσασθε.
3394 1475 3456 1527 Εἰ
3489 1474 3599 1545 γάρ

2021 1574 2116 1628 καὶ
2140 1573 2208 1626 τὰ
2229 1571 2435 1625 τούτων
2455 1568 2782 1637 ἀτοπώτερα
2800 1564 3058 1634 τολμᾶτε,
3084 1559 3262 1630 πολλῷ
3281 1559 3483 1629 μᾶλλον
3503 1562 3602 1615 καὶ

2019 1663 2210 1732 τρίχας
2238 1660 2383 1730 ἔχειν
2407 1655 2560 1728 οἶμαι
2593 1655 2797 1717 ταύτας
2842 1650 3182 1722 ἐπιθυμῆσαι
3231 1650 3459 1720 χρυσᾶς,
3507 1648 3601 1702 καὶ

2019 1752 2086 1804 τα
2114 1749 2289 1820 χείλη,
2317 1749 2414 1801 καὶ
2440 1749 2539 1809 τὰς
2562 1742 2758 1815 ὀφρῦς,
2789 1740 2884 1795 καὶ
2916 1737 3093 1793 πάντα
3120 1737 3323 1808 χρυσὸν
3355 1754 3601 1807 κατατη-

2022 1837 2221 1900 κούσας
2251 1833 2395 1888 οὕτω
2440 1831 2766 1904 περιχρίειν.
2803 1828 2865 1881 Et
2908 1825 2965 1879 65
2997 1825 3274 1878 ἀπιστεῖτε
3320 1824 3416 1877 καὶ
3442 1823 3594 1893 νομί-

2023 1926 2142 1990 ζετε
2162 1922 2404 1992 γελῶντά
2422 1937 2488 1992 με
2512 1920 2711 1987 λέγειν,
2730 1914 2841 1983 ἐγὼ
2864 1913 3195 1983 διηγήσομαι
3209 1911 3346 1979 ὅπερ
3370 1910 3599 1981 ήκουσοι,

2025 2012 2221 2083 μᾶλλον
2274 2010 2332 2063 65
2380 2008 2473 2061 καὶ
2519 2006 2635 2060 ἐστι
2666 2003 2779 2057 νῦν.
2826 2002 2888 2054 '0
2927 1999 3037 2054 τῶν
3068 1998 3296 2069 Περσῶν
3345 1995 3601 2067 βασιλεὺς

2022 2100 2255 2171 χρυσοῦν
2301 2097 2415 2166 ἔχει
2455 2094 2517 2148 16
2563 2092 2793 2162 γένειον,
2839 2088 2947 2142 τῶν
2994 2086 3125 2159 περὶ
3168 2085 3343 2138 ταῦτα
3386 2083 3600 2149 δεινῶν,

2012 2185 2272 2255 ,καθάπερ
2300 2186 2367 2254 τῇ
2407 2180 2604 2252 κρόκῃ,
2663 2177 2804 2231 οὑτω
2852 2175 2947 2229 καὶ
2994 2176 3116 2236 ταῖς
3166 2172 3376 2225 ἐκείνου
3425 2170 3603 2241 θριξὶν

2022 2268 2404 2321 ἐνελισσόντων
2434 2265 2503 2317 τὰ
2532 2261 2742 2316 πέταλα
2769 2259 2864 2314 τοῦ
2904 2257 3108 2330 χρυσοῦ
3130 2274 3144 2288 ·
3198 2257 3294 2310 καὶ
3318 2255 3603 2309 ἀνάκειται

2023 2356 2276 2424 καθάπερ
2306 2354 2491 2424 τέρας.
2531 2349 2667 2415 Δόξα
2700 2366 2805 2415 σοι,
2837 2346 3060 2419 Χριστὲ,
3089 2346 3271 2398 πόσων
3303 2343 3604 2414 ἐνέπλησας

2025 2443 2249 2513 ἀγαθῶν
2276 2443 2425 2514 ἡμᾶς
2444 2484 2459 2508 ,
2496 2440 2613 2503 πῶς
2663 2437 2811 2507 ἡμᾶς
2839 2434 3107 2504 ὑγιαίνειν
3138 2430 3601 2503 παρεσκεύασαςς

2026 2534 2198 2602 πόσης
2227 2529 2581 2602 τερατωδίας,
2618 2526 2790 2597 πόσης
2819 2523 3046 2592 ἀλογίας
3072 2522 3220 2592 ήμᾶς
3251 2519 3600 2591 ἀπήλλαξαςς

2038 2619 2169 2674 Ἰδοὺ
2196 2618 2450 2689 προλέγω
2475 2632 2487 2645 ·
2533 2614 2719 2669 οὐκέτι
2751 2609 3031 2682 παραινῶ,
3055 2607 3173 2664 ἀλλ’
3203 2607 3479 2661 ἐπιτάττω
3511 2605 3605 2660 καὶ

2026 2704 2417 2777 παραγγέλλω·
2452 2704 2481 2756 6
2516 2700 2835 2772 βουλόμενος
2862 2697 3127 2762 ἀκουέτω,
3158 2697 3187 2748 6
3216 2695 3275 2749 65
3311 2695 3386 2765 μὴ
3424 2692 3606 2764 βουλό-

2029 2811 2188 2865 μενος
2220 2790 2546 2845 ἀπειθείτωο
2582 2790 2664 2843 ὅτι
2685 2786 2750 2840 ἂν
2783 2784 3083 2856 ἐπιμένητε
3128 2782 3306 2836 ταῦτα
3334 2780 3605 2845 ποιοῦσαι,

2025 2864 2126 2937 οὑκ
2153 2881 2412 2949 ἀνέξομαι
2440 2877 2560 2931 0665
2582 2875 2808 2946 δέξομαι
2834 2864 2978 2942 ὑμᾶς
3003 2870 3125 2925 0665
3155 2870 3354 2941 ἀφήσω
3382 2868 3490 2922 τῶν
3520 2867 3607 2921 o6-

2025 2970 2131 3024 δῶν
2161 2968 2470 3040 ὑπερϐῆναι
2508 2963 2739 3018 τούτων.
2771 2962 2837 3014 Τί
2875 2961 2984 3030 γάρ
3018 2976 3108 3030 μοι
3133 2956 3214 3010 δεῖ
3259 2956 3499 3027 πλήθους
3525 2971 3610 3007 νο-

2028 3058 2296 3120 σούντων;
2330 3055 2383 3108 τί
2417 3053 2495 3119 δὲ,
2541 3052 2590 3105 εί
2625 3046 2994 3120 παιδοτριϐῶν
3035 3045 3178 3115 ὑμᾶς
3209 3043 3270 3097 06
3315 3042 3508 3096 κωλύω
3539 3041 3610 3095 τὰ

2032 3147 2106 3219 μὴ
2136 3163 2202 3197 πε
2212 3143 2395 3215 ριττά;
2422 3140 2614 3195 Καίτοι
2639 3154 2703 3206 γε
2721 3141 2749 3192 6
2770 3135 2978 3197 Παῦλος
3004 3132 3262 3196 ἐκώλυσε,
3287 3131 3379 3184 καὶ
3408 3128 3608 3199 χρυσὸν

2027 3215 2123 3288 καλ.
2158 3231 2521 3304 μαργαρίτας.
2588 3222 2885 3294 Γελώμεθα
2938 3219 3092 3290 παρά
3151 3218 3257 3272 τῶν
3310 3215 3602 3286 Ἑλλήνων,

2032 3322 2197 3395 μῦθος
2224 3317 2365 3375 εἶναι
2390 3316 2622 3372 δοκεῖτὰ
2642 3313 2906 3385 ήμέτερα.
2933 3311 3046 3364 Καὶ
3074 3310 3184 3371 τοῖς
3206 3305 3424 3377 ἀνδράσι
3453 3320 3601 3374 παρ-

2027 3391 2161 3468 αινῶ
2208 3409 2381 3463 ταῦτα
2405 3423 2419 3437 ⁸
2465 3407 2546 3469 εἰς
2587 3399 2960 3457 διδασκαλεῖον
3004 3396 3300 3469 παραγίνῃ,
3350 3391 3602 3446 παιδευό-

2033 3514 2193 3569 μενος
2228 3492 2546 3565 φιλοσοφίαν
2578 3486 2997 3559 πνευματικήν;
3052 3483 3273 3554 περίελε
3322 3480 3413 3534 τὸν
3439 3478 3607 3546 τῦφον

2030 3566 2259 3637 ἐκεῖνον.
2292 3581 2464 3634 Τοῦτο
2523 3577 2617 3630 καὶ
2669 3573 2897 3646 ἀνδράσι
2925 3569 3179 3642 παραινῶ
3225 3571 3321 3623 καὶ
3362 3566 3594 3636 γυναιξί·

2032 3673 2136 3726 κᾶν
2159 3671 2360 3740 ἐτέρως
2392 3683 2474 3730 τις
2519 3666 2670 3735 ποιῇ,
2704 3663 2890 3715 λοιπὸν
2917 3660 3020 3713 οὐκ
3058 3657 3350 3727 ἀνέχομαι.
3397 3653 3614 3708 Δώδεκα

2029 3757 2168 3832 ἦσαν
2202 3760 2253 3812 οί
2295 3755 2558 3828 μαθηταὶ,
2611 3752 2706 3806 καὶ
2756 3749 2987 3804 ἄκουσον
3019 3745 3071 3800 τί
3116 3746 3349 3832 φησινό
3380 3744 3612 3815 Χριστὸς

2034 3831 2168 3918 πρὸς
2199 3844 2394 3906 αὐτούς
2417 3860 2429 3872 ·
2470 3842 2564 3909 Μὴ
2607 3837 2706 3892 καί
2750 3835 2921 3907 ὑμεῖς
2948 3833 3152 3889 θέλετε
3179 3831 3480 3901 ὑπάγεινς
3514 3831 3613 3883 Ἂν

2031 3937 2141 4007 γὰρ
2165 3934 2338 3987 διόλου
2370 3928 2780 3996 κολακεύωμεν,
2811 3921 2963 3996 [579]
2995 3921 3128 3974 πότε
3166 3918 3610 3989 ἀνακτησόμεθα;

2034 4005 2165 4077 πότε
2193 4022 2577 4092 ώφελήσομεν;
2627 4015 2768 4068 Ἀλλ’
2807 4011 2938 4077 είσὶ,
2988 4009 3174 4080 φησὶν,
3211 4008 3454 4078 αἱρέσεις
3491 4005 3612 4058 ἐτε-

2038 4128 2147 4183 ραι,
2174 4110 2268 4162 καὶ
2288 4105 2684 4179 μετατίθενται.
2720 4101 2941 4171 Ψυχρδς
2963 4092 3116 4160 0610;
3140 4098 3169 4150 6
3191 4096 3378 4164 λόγος’
3411 4093 3613 4162 Κρεῖσ·

2033 4178 2150 4252 σον
2174 4192 2261 4261 εἷς
2291 4178 2477 4248 ποιῶν
2503 4191 2571 4244 τὸ
2596 4191 2825 4257 θέλημα
2852 4186 3095 4255 Κυρίου,
3125 4183 3164 4252 ἢ
3191 4183 3394 4252 μυρίοι
3429 4178 3615 4248 «apd.

2034 4303 2224 4356 νομοί.
2254 4282 2407 4335 Ἐπεὶ
2464 4278 2654 4333 καὶσὺ
2701 4277 2754 4329 τί
2804 4274 3006 4347 βούλει,
3042 4271 3164 4325 εἰπέ
3220 4286 3342 4341 μοις
3389 4268 3614 4339 μυρίους

2034 4372 2311 4446 δραπέτας
2354 4368 2499 4440 ἔχειν
2538 4367 2631 4420 καί⁵
2658 4365 2894 4428 κλέπτας
2929 4362 3169 4425 οἰκέτας,
3203 4359 3237 4427 ἢ
3261 4357 3358 4410 ἕνα
3384 4357 3570 4409 εὖνουν
3596 4369 3613 4420 ;

2050 4442 2178 4518 ’ίδοὺ
2214 4456 2465 4530 παραινῶ
2498 4455 2593 4508 καὶ
2628 4448 2930 4524 παρεγγυῶ
2983 4449 3079 4501 καὶ
3110 4448 3197 4500 τὸν
3227 4442 3617 4513 καλλωπισμὸν

2036 4550 2128 4603 16v
2158 4528 2413 4619 115911-hv
2440 4545 2585 4614 ὄψιν,
2619 4545 2712 4596 καὶ
2738 4539 2808 4593 τὰ
2852 4536 3024 4606 σκεύη
3051 4535 3119 4589 τά
3142 4532 3368 4587 τοιαῦτα
3399 4528 3616 4599 συντρί-

2039 4638 2178 4703 ϐειν,
2230 4637 2325 4690 καὶ
2377 4635 2570 4702 πένησι
2606 4630 2829 4693 διδόναι,
2878 4625 2973 4680 καὶ
3005 4622 3079 4695 μὴ
3106 4621 3250 4676 οὑτω
3291 4619 3615 4690 μεμηνέναι.

2051 4726 2109 4779 Ὀ
2140 4724 2459 4795 βουλόμενος
2490 4717 2848 4789 ἀποπηδάτω,
2876 4715 2904 4768 ὁ
2938 4711 3260 4791 βουλόμενος
3293 4703 3614 4795 ἐγκαλείτωξ

2038 4793 2149 4868 οὑκ
2194 4812 2454 4885 ἀνέχομαι
2490 4809 2723 4870 οὐδενός.
2753 4805 2922 4857 Ὅταν
2965 4800 3144 4872 μέλλω
3190 4796 3473 4885 κρίνεσθαι
3523 4793 3618 4846 ἐπὶ

2038 4902 2134 4957 τοῦ
2168 4883 2409 4974 βήματος
2453 4896 2547 4950 τοῦ
2593 4890 2856 4965 Χριστοῦ,
2891 4887 3110 4961 μακρὰν
3140 4883 3616 4974 ὑμεῖς-ἑστήκατε,

2041 4992 2136 5045 καὶ
2169 4967 2359 5059 ή’παρ’
2395 4984 2550 5054 ὑμῶν
2576 4982 2735 5053 χάρις
2771 4981 2852 5042 είς
2891 4975 3064 5040 οὐδὲν,
3098 4972 3234 5044 ἐμοῦ
3259 4970 3361 5059 τὰς
3384 4967 3618 5059 εύθύνας

2044 5056 2394 5148 παρέχοντος.
2423 5071 2610 5125 Ταῦτα
2635 5069 2706 5122 τὰ
2738 5067 2957 5139 ῥήματα
2984 5063 3053 5116 τὰ
3086 5061 3265 5148 πάντα
3288 5056 3616 5148 διέφθειρεχ·

2043 5139 2136 5217 ἵνα
2164 5139 2374 5230 ἀπέλθῃ
2411 5170 2460 5220 ε,
2495 5156 2679 5227 φησὶν,
2713 5154 2806 5208 καὶ
2849 5148 3118 5223 μετατεθῇ
3148 5146 3286 5218 πρὸς
3311 5145 3505 5230 ἑτέραν
3532 5139 3620 5195 ατ·

2044 5266 2233 5324 ρεσινο
2289 5246 2522 5314 ἀσθενής
2578 5245 2714 5304 ἐστι,
2765 5236 3167 5307 συγκατάϐηθι.
3219 5232 3402 5302 Μέχρι
3435 5229 3616 5324 τίνοξῖ

2046 5316 2205 5411 μέχρι
2234 5336 2394 5401 πότε;
2426 5330 2593 5396 ἅπαξ,
2624 5330 2718 5382 καὶ
2744 5327 2847 5393 δὶς,
2881 5325 2977 5379 καί
3006 5323 3148 5394 τρὶς,
3204 5319 3280 5390 μὴ
3303 5316 3618 5378 διαπαντός.

2108 5536 2137 5573 δ
2165 5531 2391 5594 Profecto
2428 5526 2682 5595 legendum
2722 5523 2992 5586 ἀντέχηται,
3039 5515 3272 5573 imitatur,
3316 5508 3476 5573 inquit
3518 5506 3623 5558 Du-

2046 5611 2270 5707 ΜΞυέίηε
2296 5650 2441 5703 dubio
2462 5646 2716 5715 lrgendum
2735 5647 2810 5696 ἵνα
2839 5646 2903 5708 μὴ
2926 5642 3119 5701 ἀπέλθῃ,
3148 5640 3285 5687 notat
3305 5615 3541 5685 Dunmis.
