4026 6148
336 84 521 175 ,Κέ
562 82 595 125 .,

457 435 646 490 venies
693 430 926 487 animam
976 435 1054 482 tot
1093 435 1144 481 et
1185 433 1293 479 tam
1340 422 1559 478 nefariis
1587 418 1799 492 plenam
1828 420 2042 477 deside-

458 528 574 589 riis,
610 535 666 580 ut
691 537 877 579 eorum
905 519 993 589 qui
1022 517 1206 573 volunt
1232 516 1515 571 ditescere.
1544 515 1687 580 Quas
1705 513 1850 569 enim
1876 528 2041 582 nugas

459 633 566 670 non
594 614 695 670 sibi
723 608 1059 681 depingunt?
1087 607 1252 677 Magis
1276 621 1432 676 quam
1471 605 1560 674 qui
1589 603 2038 674 hippocentauros

457 707 715 776 effingunt
737 711 791 759 et
813 700 1095 755 chimaeras
1112 706 1167 753 et
1190 695 1616 765 serpentipedes,
1644 703 1699 749 et
1727 693 1949 765 Scyllas,
1983 701 2035 747 et

457 808 713 859 momtra,
764 792 961 847 videris
1007 806 1103 846 eos
1146 788 1482 858 cffingentes.
1528 786 1595 841 Et
1640 786 1685 841 si
1732 786 1852 854 quis
1906 783 2035 839 velit

453 906 636 948 eorum
664 903 821 943 unam
850 886 1105 953 effingere
1138 882 1505 952 cupiditatem,
1534 879 1668 934 nihil
1693 878 2030 943 videbuntur,

450 1002 549 1041 nec
596 983 771 1053 Scylla
805 995 903 1034 nec
950 978 1201 1031 chimzcra
1249 989 1422 1038 neque
1468 973 1950 1041 hippocentaurus.
1986 973 2033 1025 sl

449 1090 569 1130 cum
602 1080 850 1143 portento
881 1070 974 1123 illo
1015 1067 1377 1125 conferantur.
1403 1063 1497 1119 sed
1526 1062 1729 1117 videbis
1768 1063 1910 1116 illam
1933 1061 2031 1115 ha-

448 1166 578 1221 bere
616 1179 802 1217 omnes
830 1161 987 1215 simul
1014 1158 1235 1214 belluas.
1270 1157 1337 1210 Et
1362 1154 1498 1210 forte
1526 1153 1850 1209 existimabit
1888 1153 2029 1221 quis-

449 1258 590 1325 piam
621 1270 704 1309 me
731 1254 896 1308 fuisse
936 1251 988 1305 in
1026 1249 1189 1304 multa
1221 1247 1520 1302 divitiarum
1547 1245 1718 1312 copia,
1750 1253 1807 1297 ut
1846 1244 1934 1314 qui
1978 1243 2029 1297 in

451 1350 519 1404 iis
561 1363 680 1419 qua:
727 1346 978 1402 dicuntur
1026 1353 1132 1398 tam
1176 1342 1277 1397 sim
1322 1356 1502 1396 verat.
1533 1338 1725 1394 Fertur
1767 1337 2024 1408 quidam:

449 1444 598 1512 prius
638 1442 778 1496 enim
807 1437 1138 1493 conﬁrmabo
1162 1437 1459 1491 orationem
1489 1448 1552 1489 ex
1584 1433 1650 1488 iis
1692 1448 1811 1503 qute
1833 1430 2031 1486 dccan-

447 1543 627 1587 tantur
667 1531 805 1601 apud
851 1529 1067 1585 Graecos
1100 1544 1114 1580 :
1142 1526 1335 1592 fertur,
1377 1526 1589 1595 inquam
1613 1562 1630 1587 ,
1676 1522 1888 1592 quidam
1933 1536 2027 1575 rex

408 1624 585 1695 .apud
613 1638 707 1679 eos
735 1620 990 1677 delicians
1019 1634 1085 1675 eo
1120 1617 1334 1673 venisse
1363 1617 1538 1682 luxus,
1568 1624 1627 1669 ut
1665 1627 1880 1668 auream
1925 1610 2025 1667 sibi

442 1717 472 1770 f.
497 1716 626 1769 ccrit
658 1714 947 1783 platanum,
978 1710 1274 1780 malumque
1314 1721 1568 1778 superne,
1596 1715 1650 1760 et
1677 1705 1748 1759 ita
1781 1702 1985 1759 sedisse
2007 1745 2023 1769 ,

442 1808 600 1876 idque
644 1820 765 1860 cum
818 1803 1015 1858 bel!um
1065 1809 1281 1871 gereret
1327 1800 1584 1854 adversus
1633 1796 1756 1851 belli
1804 1794 2023 1865 peritos.

442 1890 635 1954 Annon
669 1908 743 1952 est
774 1896 891 1951 lucc
934 1896 1196 1965 cupiditas
1224 1891 1808 1963 hippocentaurornm?
1844 1905 2024 1946 annon

439 1990 675 2061 Syllae?
707 1989 855 2042 Alius
900 2001 1086 2041 rursus
1127 1985 1310 2055 injecit
1352 1984 1596 2039 homines
1624 1982 1676 2037 in
1722 1982 1910 2038 bovem
1957 1980 2023 2034 li-

440 2095 654 2150 gnoum.
685 2080 876 2133 Annon
904 2087 981 2133 est
1008 2076 1229 2145 Scylla?
1257 2074 1554 2141 Quemdam
1580 2082 1756 2127 autem
1788 2087 1852 2127 ex
1885 2071 2026 2141 prio-

444 2170 590 2223 ribus
647 2185 849 2238 regem,
899 2169 1210 2223 bellatorem
1262 2183 1330 2222 ex
1381 2167 1496 2220 viro
1541 2165 1740 2220 divitia:
1785 2164 2025 2219 fecerunt

441 2259 722 2313 mulierem
754 2258 830 2330 (a)
858 2276 871 2323 ;
900 2274 963 2313 ex
996 2260 1237 2323 muliere,
1270 2258 1394 2328 quid
1430 2257 1646 2312 dicam?
1687 2257 1909 2311 bestiam
1938 2272 2025 2313 ra-

442 2351 603 2406 tionis
646 2362 941 2421 expertem,
973 2362 1024 2406 et
1055 2350 1136 2404 his
1166 2351 1339 2405 adlmc
1371 2350 1538 2420 pejus.
1568 2350 1621 2405 B~
1645 2351 1762 2405 stite
1808 2350 1948 2405 enim
1975 2349 2021 2404 si

439 2444 547 2497 sint
574 2443 675 2497 sub
703 2442 1003 2507 arboribus,
1035 2456 1184 2497 suam
1212 2443 1477 2496 sustinent
1520 2449 1783 2506 naturam,
1812 2450 1865 2495 et
1892 2441 2021 2496 nihil

435 2542 685 2602 qua-runt
709 2531 938 2603 amplius
960 2575 973 2586 .
1000 2533 1103 2587 iste
1129 2541 1306 2587 autem
1333 2532 1490 2587 etiam
1518 2531 1750 2586 ferarum
1778 2541 2018 2585 naturam

434 2626 591 2696 longe
619 2625 915 2695 superavit.
944 2623 1082 2691 Quid
1124 2640 1254 2695 ergo
1293 2625 1543 2679 divitibus
1582 2624 1743 2679 fuerit
1768 2625 2020 2694 insipien-

433 2719 580 2772 tius?
622 2716 732 2771 lloc
772 2725 952 2772 autem
1002 2717 1057 2769 tit
1103 2731 1168 2771 ex
1214 2715 1372 2770 nimia
1418 2715 1804 2771 desideriorqu
1833 2715 1904 2769 vi.
1950 2716 2018 2771 At

432 2823 612 2863 nonne
637 2807 788 2861 multi
814 2823 934 2863 eum
961 2806 1335 2861 admirantur?
1362 2805 1524 2861 Fiunt
1549 2805 1726 2877 itaque
1750 2805 1888 2861 sicut
1907 2807 2019 2876 ipse

431 2900 663 2955 ridiculi.
696 2900 806 2954 Hoc
833 2913 941 2954 non
967 2897 1283 2953 ostendebat
1308 2897 1542 2963 divitias,
1573 2896 1667 2953 sed
1705 2899 2015 2952 amentiam.

435 2992 612 3045 Aurea
633 2990 718 3044 illa
749 2989 966 3059 platano
989 2999 1191 3060 quanto
1220 2998 1304 3044 est
1335 2989 1603 3045 terrestris
1634 2988 1874 3059 platanus
1904 3004 2018 3045 mc-

435 3081 538 3136 lior
575 3089 630 3136 et
657 3081 1037 3151 prrestantior?
1082 3096 1202 3135 nam
1254 3095 1373 3150 qua
1420 3090 1542 3135 sunt
1583 3078 1876 3134 secundum
1916 3095 2016 3134 na-

433 3181 607 3227 turam
630 3213 646 3239 ,
682 3180 815 3227 ‘suut
852 3174 1170 3241 jucundiora
1205 3173 1268 3228 iis
1296 3189 1414 3243 qua:
1457 3182 1583 3227 sunt
1632 3183 1827 3242 praeter
1865 3180 2018 3227 uatu-

431 3281 567 3321 ram.
591 3264 727 3333 Quid
753 3264 844 3319 tibi
867 3265 1080 3321 volebat
1105 3265 1295 3319 czrlum
1319 3279 1561 3327 aureum.
1585 3280 1619 3318 ο
1646 3263 1831 3318 fatue?
1857 3263 2015 3317 Vides

431 3356 704 3426 quomodo
732 3357 1058 3411 insanientes
1086 3356 1283 3411 faciant
1325 3356 1558 3409 divitia)?
1587 3356 1854 3423 quomodo
1877 3357 2017 3409 intu-

430 3456 672 3503 mescant
708 3456 761 3503 et
780 3449 1048 3504 aestuent?
1074 3449 1333 3503 Existimo
1360 3430 1499 3516 ipsas
1529 3447 1690 3502 etiam
1723 3463 1868 3502 mare
1906 3463 2012 3502 non

432 3556 615 3603 nosse,
646 3550 700 3593 et
725 3540 954 3595 fortasse
982 3542 1119 3596 velle
1143 3541 1302 3595 etiam
1333 3540 1385 3594 in
1425 3540 1540 3610 ipso
1567 3540 1791 3610 ingredi.
1821 3540 2012 3595 Annon

435 3632 554 3687 hate
576 3640 699 3687 sunt
719 3633 1014 3688 cbimmra?
1038 3648 1216 3687 annon
1245 3632 1734 3701 hippocentaurus?
1759 3632 1862 3689 Sed
1890 3642 2014 3688 sunt

440 3739 582 3778 nunc
624 3739 837 3792 quoque
863 3725 953 3794 qui
976 3724 1042 3777 ab
1085 3724 1201 3794 ipso
1246 3723 1378 3778 nihil
1416 3723 1648 3790 distant;
1690 3734 1814 3779 sunt
1852 3725 2011 3779 etiam

440 3816 611 3870 multo
636 3815 1043 3884 insipientiores.
1072 3814 1207 3882 Quid
1233 3816 1392 3882 enim,
1423 3817 1736 3888 dic,quaeso,
1765 3817 1831 3871 ab
1852 3832 2010 3871 aurea

440 3905 659 3974 platano
699 3904 983 3969 differunt,
1032 3905 1170 3975 quod
1215 3907 1404 3961 attinet
1450 3907 1515 3962 ad
1561 3908 1868 3971 amentiam,
1923 3907 2011 3977 qui

437 3995 725 4065 amphoras
773 3996 970 4050 faciunt
996 3994 1185 4050 aureas
1223 4004 1278 4050 et
1312 3995 1445 4051 ollas
1472 4004 1526 4051 et
1553 3997 1859 4052 alabas:ra?
1889 3996 2012 4067 quid

431 4101 564 4141 vero
601 4084 853 4141 mulieres
881 4085 1057 4156 (pudet
1088 4086 1325 4156 quidem,
1355 4086 1450 4141 sed
1479 4095 1655 4141 tamen
1684 4101 1902 4142 necesse
1932 4095 2015 4141 cst

430 4173 658 4248 dicere),
688 4177 919 4231 matulas
950 4176 1205 4231 facientes
1250 4178 1577 4246 argenteas?
1604 4177 1889 4247 Oporteret
1918 4194 2014 4233 vos

430 4266 631 4335 pudore
660 4281 779 4334 qua:
812 4265 926 4320 haec
954 4264 1146 4320 facitis.
1174 4265 1390 4320 Christo
1433 4268 1702 4322 esuriente
1748 4277 1800 4321 tu
1833 4269 1900 4321 ita
1930 4268 2013 4321 iu-

430 4356 618 4426 dulges
647 4355 873 4417 deliciis,
924 4357 1029 4408 imo
1056 4372 1184 4410 vero
1210 4356 1454 4424 desipis?
1496 4373 1752 4427 quasnam
1798 4358 1880 4411 hu:
1906 4372 2013 4412 non

435 4446 585 4500 luent
627 4461 812 4517 poenas
832 4448 860 4499 τ
891 4447 1093 4502 Deinde
1134 4464 1289 4518 rogas
1318 4463 1417 4503 cur
1442 4450 1695 4516 latrones,
1724 4466 1820 4505 cur
1848 4452 2016 4520 parri-

434 4537 590 4601 cidae,
620 4553 715 4590 cur
739 4538 898 4601 mala,
921 4552 1040 4592 cum
1069 4538 1313 4592 diabolus
1337 4553 1430 4592 vos
1458 4539 1527 4593 ita
1551 4541 1711 4610 agitet
1730 4556 1793 4595 ac
1816 4542 2018 4596 discer-

435 4626 559 4694 pat?
586 4625 716 4680 Nam
759 4627 938 4681 discos
981 4627 1181 4682 habere
1231 4636 1512 4698 argenteos
1533 4669 1548 4695 ,
1582 4645 1651 4685 ne
1678 4630 1780 4686 hoc
1802 4631 2014 4700 quidem

432 4719 612 4772 animo
640 4721 892 4775 convenit
939 4718 1334 4789 philosophice,
1378 4719 1472 4774 sed
1522 4729 1688 4775 totum
1736 4732 1817 4777 est
1861 4725 2018 4792 plane

433 4809 768 4875 deliciarum,
787 4810 1059 4865 immunda
1099 4822 1275 4864 autem
1305 4826 1429 4865 vasa
1460 4810 1634 4866 facere
1656 4823 1924 4881 argentea,
1949 4829 2016 4867 an

435 4898 637 4968 aliquid
682 4899 841 4954 habet
869 4899 1179 4954 deliciarum
1201 4900 1224 4953 Ἰ
1254 4917 1358 4955 non
1390 4901 1616 4956 dixerint
1665 4902 1976 4957 deliciarum
1999 4943 2016 4970 ,

437 4990 530 5044 sed
563 4990 803 5055 insaniae,
831 4994 939 5046 imo
962 5006 1091 5046 vero
1120 4992 1271 5061 pejus
1305 4991 1533 5047 insania.

508 5082 561 5136 5.
590 5080 776 5136 Contra
802 5082 975 5137 luxum
999 5084 1310 5137 vehementer
1334 5084 1601 5137 invehitur.
1637 5082 1769 5137 Vasa
1800 5084 2021 5136 immun-

436 5174 504 5227 da
541 5190 604 5228 ea:
644 5183 853 5245 argento
892 5178 1047 5247 facta.
1080 5173 1249 5230 Barba
1279 5193 1434 5230 aurea
1469 5175 1744 5231 Persarum
1775 5177 1925 5247 regis.
1951 5206 2022 5217 —

497 5307 570 5365 (α)
588 5304 831 5372 Exempla
849 5307 1240 5372 isthteccarptim
1267 5303 1661 5372 en'arrata,baud
1688 5318 1913 5372 accurate
1939 5322 2022 5372 po-

497 5321 570 5365 ta)
589 5321 746 5357 Lxem
782 5321 829 5356 ta
849 5321 1016 5356 tsmtec
1040 5321 1240 5370 carptim
1267 5321 1508 5369 enarrata,
1537 5321 1661 5358 uauu
1688 5321 1913 5359 accurate
1939 5322 2018 5372 po«

434 5368 527 5415 sita
565 5377 696 5418 sunt.
743 5321 866 5433 suis
895 5370 960 5418 sit
990 5368 1077 5433 ille
1108 5383 1200 5420 res
1230 5372 1315 5433 qui
1349 5372 1440 5419 sibi
1478 5371 1720 5433 platanum
1766 5371 1885 5420 fecit
1929 5386 2018 5420 au-

439 5440 591 5494 ream,
618 5436 676 5479 ut
694 5432 789 5480 sub
822 5430 938 5494 ejus
961 5431 1129 5494 umbra
1153 5430 1383 5494 sederet,
1410 5430 1581 5482 neScio
1603 5469 1615 5492 ,
1641 5446 1808 5494 neque
1834 5433 2019 5494 uspiam

436 5502 518 5566 199
544 5489 970 5566 sesesese:
987 5490 1090 5566 (Pe.
1109 5493 1199 5566 hac
1220 5505 1277 5566 ω
1304 5492 1422 5566 vide.
1436 5489 1663 5566 "eroget.-
1687 5489 2023 5566 ﬁnit-tetes

435 5553 516 5609 qui
543 5551 768 5599 homines
786 5552 1041 5615 tnjiciebat
1079 5553 1128 5600 in
1152 5553 1328 5601 bovem
1353 5558 1431 5602 est
1468 5554 1704 5603 Phalaris.
1732 5554 1829 5603 Sed
1848 5551 1941 5604 'hic
1974 5557 2022 5604 in

436 5612 613 5660 bovem
635 5624 836 5683 aeneum
863 5613 1174 5683 conﬁciebat.
1210 5613 1472 5683 Antiquior
1495 5629 1614 5664 vero
1639 5614 1726 5683 ille
1749 5614 1874 5683 alius
1897 5630 1987 5683 rex
2004 5653 2017 5676 ,

630 5685 693 5724 ex
732 5675 839 5724 viro
874 5674 1055 5724 disitite
1100 5679 1319 5726 teceraut
1346 5674 1646 5738 mulierem,
1672 5674 2022 5743 Sardanapalus

1314 308 1381 364 IN
1420 307 1633 367 EPIST.
1674 307 1765 364 AD
1802 306 2077 365 σοι-οδε.
2116 306 2271 365 CAP.
2314 307 2401 366 111.
2445 309 2675 368 ιιοδιιι.
2718 312 2824 371 νη.

3621 316 3727 373 350

2148 421 2272 478 Scio
2298 425 2494 480 multos
2514 442 2600 481 me
2622 436 2840 497 propter
2859 426 2960 484 hoc
2989 428 3186 485 habere
3212 428 3473 494 ludibrio;
3500 430 3591 485 sed
3619 428 3723 484 non

2145 530 2279 570 curo
2299 558 2313 582 ,
2342 516 2504 573 modo
2548 519 2747 588 aliquid
2779 521 2998 590 prosim.
3039 521 3243 577 Revera
3286 534 3528 578 amentes
3556 533 3606 577 et
3638 523 3722 579 fu-

2140 618 2321 662 rentes
2347 606 2550 664 faciunt
2575 609 2794 665 divitiae.
2821 611 2876 666 Si
2906 626 3069 682 penes
3096 612 3240 683 ipsos
3267 623 3428 679 esset,
3453 614 3647 670 vellent
3669 627 3725 672 et

2138 705 2332 752 terram
2361 713 2483 754 esse
2510 715 2726 755 auream
2750 743 2766 766 ,
2794 712 2851 757 et
2887 704 3117 773 parietes
3156 720 3383 772 aureos,
3416 705 3638 762 fortasse
3669 720 3723 760 et

2135 790 2323 844 malum
2355 799 2409 846 et
2436 806 2616 846 aerem
2647 808 2710 848 ex
2739 808 2891 848 auro.
2922 794 3051 863 Quis
3081 795 3268 851 furor?
3292 813 3407 867 qua:
3437 798 3721 867 iniquitas?

2135 893 2253 948 quae
2278 879 2480 934 febris?
2504 882 2656 936 Alius
2684 884 2823 952 perit
2853 883 3067 954 frigore,
3099 887 3186 955 qui
3214 899 3295 941 est
3332 886 3501 943 factus
3528 888 3592 944 ad
3628 890 3716 943 Dci

2135 972 2418 1041 imaginem
2446 990 2460 1038 ;
2492 982 2545 1027 tu
2570 985 2746 1030 autem
2778 975 2892 1032 lucc
2921 977 3195 1034 fabricaris
3216 981 3239 1032 ?
3262 980 3306 1036 Ο
3336 980 3527 1043 fastum
3551 992 3606 1037 et
3632 1001 3715 1038 ar-

2136 1065 2461 1134 rogantium!
2481 1066 2606 1136 quid
2625 1070 2855 1137 amplius
2878 1070 3089 1127 fecisset
3108 1073 3361 1128 insanus?
3378 1088 3714 1131 excrementa

2134 1156 2264 1209 tanti
2292 1157 2419 1211 facis
2441 1167 2496 1210 ut
2520 1173 2580 1213 ea
2608 1169 2828 1228 argento
2866 1160 3143 1230 excipias?
3167 1160 3290 1216 Scio
3317 1179 3413 1218 vos
3437 1165 3714 1222 audientes

2132 1247 2542 1317 obtorpescere;
2583 1250 2676 1305 sed
2717 1252 3093 1322 obtorpescere
3122 1253 3319 1309 debent
3345 1272 3463 1325 quae
3490 1257 3603 1312 hinc
3634 1260 3712 1314 fa-

2130 1338 2312 1406 ciunt,
2340 1350 2391 1395 et
2430 1341 2528 1396 viri
2563 1342 2653 1412 qui
2686 1343 2886 1397 morbis
2913 1342 3216 1412 hujusmodi
3247 1344 3556 1401 deserviunt
3586 1367 3599 1400 :
3632 1359 3713 1404 est

2129 1430 2270 1484 enim
2301 1430 2402 1485 hoc
2428 1432 2831 1500 intemperantia
2863 1442 2917 1487 et
2956 1433 3242 1488 crudelitas
3271 1446 3326 1489 et
3354 1435 3713 1492 inhumanitas

2127 1532 2176 1573 et
2212 1520 2396 1577 feritas
2421 1531 2474 1576 et
2500 1522 2738 1579 lascivia.
2763 1524 2890 1588 Quae
2917 1522 3115 1594 Scylla,
3146 1540 3265 1593 qua:
3289 1524 3560 1593 chima-ra,
3594 1530 3712 1599 quis

2127 1612 2291 1667 draco
2315 1655 2330 1679 ,
2357 1615 2443 1669 vel
2469 1615 2640 1683 potius
2664 1615 2784 1684 quis
2811 1614 3020 1669 daemon
3040 1656 3056 1681 ,
3089 1616 3207 1684 quis
3236 1616 3478 1673 diabolus
3504 1619 3603 1674 hoc
3629 1620 3709 1675 fe-

2125 1705 2294 1758 cerit?
2314 1704 2439 1774 quid
2469 1704 2684 1775 prodest
2705 1704 2990 1760 Christus?
3014 1707 3139 1776 quid
3167 1708 3384 1778 prodest
3410 1710 3558 1775 fides,
3586 1728 3707 1767 cum

2129 1794 2385 1850 toleratur
2410 1795 2602 1864 aliquis
2626 1810 2690 1851 ex
2726 1796 2993 1865 gentibus,
3024 1797 3131 1852 imo
3159 1814 3286 1853 vero
3314 1814 3418 1853 non
3446 1818 3508 1856 ex
3539 1807 3709 1873 genti-

2126 1884 2225 1938 bus
2248 1927 2262 1949 ,
2290 1884 2382 1940 sed
2414 1901 2479 1940 cx
2506 1885 2872 1941 daemonibus?
2901 1886 2956 1944 Si
2982 1898 3143 1959 caput
3169 1906 3275 1944 non
3303 1902 3379 1946 est
3409 1895 3706 1949 oruandmn

2124 1977 2255 2031 auro
2292 1985 2345 2031 et
2388 1978 2689 2047 margaritis
2719 1995 2735 2043 ;
2766 1980 2854 2049 qui
2896 1990 3118 2049 argento
3162 1983 3327 2038 utitur
3355 1984 3420 2038 ad
3453 1995 3554 2040 tam
3602 1989 3705 2042 im-

2125 2066 2378 2121 mundum
2406 2068 2778 2135 ministerium,
2809 2086 3094 2140 quamnam
3124 2085 3438 2144 assequetur
3462 2078 3707 2133 veniam?

2125 2172 2228 2209 non
2255 2157 2524 2212 sufficiunt
2552 2159 2775 2229 rcliqua,
2806 2163 3049 2230 quamvis
3078 2178 3177 2217 nec
3206 2164 3291 2219 illa
3322 2176 3449 2220 sunt
3476 2169 3706 2223 toleran-

2123 2246 2190 2300 da
2222 2265 2234 2300 :
2267 2247 2536 2303 cathedra:
2562 2259 2615 2304 et
2634 2250 2863 2305 scabella
2893 2268 2957 2306 ex
2989 2264 3354 2323 argento‘tota
3376 2257 3400 2308 ?
3420 2260 3562 2329 atqui
3592 2260 3705 2315 haec

2121 2354 2331 2409 quoque
2352 2348 2477 2394 sunt
2505 2342 2773 2396 amentia‘.
2801 2342 2905 2399 Sed
2935 2345 3131 2416 ubique
3157 2356 3238 2401 est
3264 2347 3429 2402 fastus
3454 2367 3706 2420 supcrva-

2119 2445 2352 2498 caucus;
2385 2431 2580 2500 ubique
2607 2433 2778 2488 inanis
2802 2435 2971 2505 gloria
2998 2453 3011 2490 :
3040 2452 3300 2509 nusquam
3325 2455 3451 2495 usus
3478 2442 3705 2497 habetur

2121 2525 2257 2575 ratio
2280 2562 2296 2589 ,
2326 2521 2420 2576 sed
2448 2522 2644 2593 ubique
2669 2534 2794 2579 sunt
2835 2541 3249 2596 supervacanea.
3282 2530 3392 2601 Ego
3419 2548 3610 2588 vereor
3637 2550 3704 2589 ne

2118 2612 2186 2668 ab
2215 2612 2313 2668 hac
2343 2614 2545 2670 insania
2577 2616 2877 2686 procedens
2914 2634 3075 2674 sexus
3117 2621 3395 2693 muliebris
3430 2635 3701 2681 monstro-

2119 2719 2236 2759 rum
2262 2705 2484 2760 formam
2511 2706 2764 2777 suscipiat
2788 2726 2801 2763 :
2830 2711 3118 2766 verisimile
3137 2722 3219 2766 est
3238 2728 3329 2767 eas
3349 2729 3546 2784 cupere
3569 2719 3701 2786 pilos

2116 2811 2330 2866 quoque
2363 2795 2560 2851 habere
2600 2812 2813 2853 aureos.
2860 2801 2966 2855 Aut
3013 2800 3283 2859 fateamini
3322 2819 3417 2859 vos
3458 2821 3524 2861 eo
3557 2809 3700 2877 quod

2115 2886 2314 2941 dictum
2337 2899 2419 2942 est
2450 2888 2579 2943 nihil
2606 2904 2724 2945 esse
2749 2890 2971 2947 affectos
2992 2900 3045 2948 et
3067 2896 3348 2961 excitatos,
3377 2907 3431 2951 et
3452 2900 3701 2957 incidisse

2117 2978 2172 3034 in
2211 2980 2738 3049 concupiscentiam;
2781 2991 2836 3037 et
2873 2983 2972 3038 nisi
3017 2985 3187 3054 pudor
3222 2988 3559 3057 retinuisset,
3594 3008 3698 3048 non

2116 3070 2538 3147 recusavissetis.
2560 3071 2691 3127 Nam
2722 3074 2767 3128 si
2794 3072 3006 3128 audetis
3031 3091 3093 3130 ea
3119 3094 3237 3157 qua!
3261 3090 3385 3133 sunt
3410 3081 3489 3136 his
3512 3084 3697 3137 absor-

2114 3162 2263 3217 diora
2286 3204 2299 3225 ,
2333 3164 2500 3218 multo
2542 3164 2710 3233 magis
2749 3164 3000 3220 existimo
3039 3182 3131 3221 eas
3175 3168 3311 3237 pilos
3347 3186 3540 3227 aureos
3580 3190 3699 3229 esse

2115 3255 2509 3310 desideraturos
2529 3297 2543 3321 ,
2576 3265 2630 3310 ct
2659 3256 2801 3311 labra
2828 3298 2844 3323 ,
2877 3267 2929 3312 et
2959 3260 3243 3327 supercilia
3265 3302 3279 3325 ,
3312 3271 3366 3316 et
3402 3272 3540 3318 totas
3569 3282 3699 3321 auro

2113 3348 2402 3419 liquefacto
2447 3363 2506 3404 se
2534 3350 2675 3403 velle
2706 3349 2920 3405 illinire.
2951 3351 3006 3405 Si
3039 3362 3214 3409 autem
3244 3370 3348 3410 non
3378 3360 3616 3422 creditis,
3646 3372 3700 3417 ct

2114 3440 2433 3495 existimatis
2470 3456 2557 3495 me
2601 3440 2862 3496 ridentem
2904 3443 3084 3499 dicere
3107 3485 3124 3513 ,
3154 3460 3255 3517 ego
3300 3451 3528 3505 narrabo
3557 3455 3699 3522 quod

2113 3532 2320 3596 audivi;
2353 3533 2461 3587 imo
2499 3547 2627 3588 vero
2665 3549 2806 3590 nunc
2844 3551 3058 3607 quoque
3104 3549 3206 3593 est.
3251 3540 3366 3596 Rex
3417 3543 3697 3601 Persarum

2115 3624 2330 3678 barbam
2365 3623 2522 3678 habet
2552 3639 2791 3693 auream,
2821 3626 2886 3680 iis
2911 3628 2998 3697 qui
3031 3627 3219 3684 harum
3250 3646 3427 3687 rerum
3457 3645 3581 3688 sunt
3606 3652 3700 3706 pe-

2113 3715 2199 3769 riti
2222 3756 2237 3780 ,
2265 3715 2427 3770 veluti
2456 3717 2790 3786 subtegmine
2810 3760 2827 3786 ,
2856 3719 2996 3774 illius
3035 3721 3157 3790 pilis
3197 3724 3311 3779 auri
3359 3725 3581 3781 laminas
3613 3728 3699 3782 iu-

2113 3807 2449 3861 volventibus
2474 3823 2486 3860 :
2510 3817 2563 3862 et
2579 3807 2720 3876 jacet
2738 3816 3007 3879 tamquam
3032 3825 3349 3869 monsmnn.
3373 3815 3554 3872 Gloria
3581 3819 3697 3881 tibi.

2111 3895 2352 3951 Christe!
2384 3913 2541 3966 quam
2590 3899 2772 3953 multis
2820 3915 2916 3953 nos
2963 3901 3250 3970 implevisti
3282 3905 3467 3972 bonis,
3501 3917 3555 3962 ut
3584 3911 3698 3963 Sani

2113 4003 2354 4043 essemus
2379 3991 2391 4043 Ξ
2420 4004 2447 4041 a
2478 4004 2635 4058 quam
2669 3990 2848 4044 multis
2877 3993 3131 4046 monstris
3155 4004 3209 4048 et
3232 4000 3480 4051 amentiis
3508 3998 3701 4054 libera-

2115 4081 2263 4135 visti!
2295 4081 2435 4136 Ecce
2458 4082 2710 4151 praedico,
2740 4098 2845 4137 non
2872 4085 3100 4153 amplius
3125 4087 3347 4153 suadeo,
3373 4091 3464 4144 sed
3496 4096 3700 4160 impero

2115 4183 2169 4227 et
2196 4173 2452 4227 denuntio
2485 4191 2497 4225 :
2531 4173 2708 4227 audiat
2744 4173 2834 4243 qui
2876 4175 3040 4240 velit;
3071 4176 3157 4245 qui
3200 4193 3304 4232 non
3338 4180 3450 4234 vult
3486 4191 3698 4249 autem,

2117 4278 2223 4316 non
2252 4271 2433 4332 parcat
2466 4281 2477 4315 :
2507 4264 2647 4332 quod
2676 4264 2719 4317 si
2753 4266 2983 4333 pergatis
3011 4264 3124 4320 ha-c
3151 4266 3345 4336 facere,
3375 4286 3480 4325 non
3509 4273 3703 4327 tolera-

2117 4354 2185 4408 bo
2206 4370 2380 4423 neque
2405 4369 2499 4408 vos
2526 4355 2785 4423 excipiam
2807 4396 2822 4420 ,
2857 4370 3029 4425 neque
3068 4357 3239 4411 sinam
3282 4370 3337 4412 ut
3367 4359 3481 4415 hrcc
3522 4363 3702 4418 limina

2120 4445 2420 4499 transcatis.
2440 4445 2574 4510 Quid
2602 4444 2745 4500 enim
2768 4445 2896 4499 mihi
2920 4461 3052 4515 opus
3073 4455 3153 4501 est
3173 4451 3544 4518 :egrotantinm
3568 4456 3705 4508 mul-

2119 4538 2382 4592 titudine?
2409 4537 2533 4607 quid
2573 4553 2731 4606 vero,
2775 4539 2819 4592 si
2859 4553 2955 4593 vos
2997 4540 3249 4594 erudiens
3294 4557 3399 4596 non
3446 4546 3707 4612 prohibeo

2118 4647 2238 4702 quae
2267 4646 2371 4684 non
2400 4639 2525 4685 sunt
2551 4630 2981 4700 supervacanea?
3006 4632 3164 4701 Atqui
3210 4632 3405 4688 Paulus
3434 4635 3708 4703 prohibuit

2120 4734 2171 4778 et
2199 4739 2387 4777 aurum
2412 4730 2469 4778 et
2505 4724 2840 4793 margaritas.
2873 4723 3133 4779 Ridemur
3160 4740 3187 4777 a
3221 4725 3421 4780 Graecis
3449 4743 3462 4779 :
3492 4741 3577 4779 res
3605 4743 3706 4779 no-

2120 4824 2246 4870 stra:
2273 4816 2520 4871 videntur
2545 4832 2666 4872 esse
2695 4816 2907 4870 fabulze.
2945 4817 3006 4869 Et
3036 4817 3162 4870 viris
3194 4817 3306 4870 haec
3344 4817 3544 4871 suadeo
3576 4835 3589 4870 :
3618 4833 3698 4873 ac-

2121 4908 2268 4965 cedis
2294 4907 2359 4962 ad
2389 4908 2569 4962 ludum
2599 4909 2912 4972 literarium,
2945 4907 3334 4978 philosolihiam
3362 4908 3574 4962 discens
3599 4911 3707 4978 spi«

2121 5000 2367 5077 ritualem
2390 5001 2413 5053 ?
2439 5000 2588 5054 aufcr
2614 4999 2760 5054 illum
2791 4999 3006 5053 fastum.
3039 4999 3149 5052 lloc
3175 5008 3229 5054 et
3261 5000 3390 5053 viris
3429 5000 3626 5055 suadeo
3657 5010 3704 5057 ct

2126 5091 2372 5155 feminis;
2403 5100 2456 5146 et
2482 5094 2524 5145 si
2554 5093 2816 5162 quispiam
2844 5090 3001 5145 aliter
3031 5091 3204 5149 faciat,
3238 5106 3344 5144 non
3369 5091 3598 5160 amplius
3629 5108 3708 5162 pa-

2126 5182 2247 5237 tior.
2278 5183 2569 5237 Duodecim
2594 5193 2747 5236 erant
2775 5181 3020 5250 discipuli
3048 5198 3061 5232 :
3088 5191 3144 5236 ct
3168 5182 3288 5235 audi
3316 5182 3441 5253 quid
3466 5182 3708 5239 Christus

2125 5275 2204 5328 eis
2230 5273 2367 5328 dicat
2400 5291 2414 5328 :
2445 5273 2497 5326 Ν
2502 5291 2583 5326 um
2615 5283 2660 5327 et
2686 5290 2771 5327 vos
2797 5272 2948 5326 vultis
2972 5272 3111 5325 abire
3136 5270 3311 5344 (Joan.
3346 5275 3396 5328 6.
3426 5274 3551 5341 68)?
3581 5275 3711 5329 Nam

2130 5368 2172 5423 si
2198 5381 2412 5435 semper
2436 5365 2734 5432 adulcmur,
2762 5362 2975 5435 quando
3003 5381 3096 5419 vos
3124 5365 3522 5421 recrc'abimus?
3547 5384 3714 5434 ιμιςιιιο

2128 5459 2199 5513 do
2239 5457 2617 5527 proficiemus?
2657 5457 2724 5511 At
2751 5464 2911 5521 sunt,
2959 5455 3162 5526 inquit,
3201 5455 3320 5510 alia:
3363 5456 3633 5523 haereses,
3661 5465 3714 5511 et

2130 5554 2567 5603 trausmutantur.
2612 5546 2823 5617 Frigida
2867 5556 2950 5602 cst
2994 5546 3108 5602 hmc
3151 5548 3369 5603 oratio:
3415 5547 3600 5602 Melior
3645 5564 3717 5601 est

2130 5655 2262 5693 unus
2288 5638 2476 5706 faciens
2498 5638 2800 5693 voluntatem
2822 5638 3028 5693 Domini
3051 5655 3200 5708 quam
3230 5638 3368 5691 mille
3393 5624 3549 5709 iniqui
3577 5636 3709 5707 (Ec-

2130 5732 2246 5785 cles.
2282 5729 2361 5786 16.
2393 5729 2480 5798 5).
2514 5728 2642 5785 Nam
2673 5738 2727 5786 tu
2755 5745 2984 5802 quoque,
3018 5729 3104 5787 dic
3140 5730 3290 5800 mihi,
3318 5738 3496 5788 utrum
3527 5730 3694 5786 malis
