4026 6148
362 306 462 364 351
1066 303 1121 357 S.
1162 300 1436 357 JOANXIS
1473 297 1945 356 CIIRYSOSTUMI
1991 297 2307 354 ARCIIIEP.
2346 297 2877 355 CONSTA’NTINOP.

364 418 678 470 innumeros
699 411 898 468 habere
926 426 1111 468 servos
1139 414 1383 482 fugitivos
1409 421 1463 466 ct
1492 411 1655 477 fures,
1683 425 1749 465 an
1777 425 1938 465 unum

365 503 714 561 benevolum?
746 503 884 559 Ecce
920 503 1120 558 suadeo
1153 513 1204 556 ct
1244 503 1407 572 jubeo
1436 513 1492 556 ut
1521 513 1572 557 ct
1601 501 1753 556 faciei
1779 515 1939 555 orna-

365 609 601 653 mentum
619 605 671 652 et
691 596 950 666 ejusmodi
976 611 1095 648 rasa
1117 605 1384 658 conteras,
1403 605 1458 650 et
1479 595 1571 649 des
1594 595 1941 665 pauperibus,

364 698 417 742 et
453 703 520 744 ne
559 688 636 741 sic
671 686 922 741 insanias.
953 685 1053 750 Qui
1081 687 1193 739 vult
1219 687 1448 746 resiliat.
1478 687 1565 755 qui
1596 685 1704 738 vult
1728 692 1942 736 accuset

363 789 416 833 et
445 777 794 848 reprehendat
823 795 836 829 ε
869 776 1071 830 nullum
1101 778 1288 846 patior.
1315 776 1534 856 Quando
1559 791 1675 829 sum
1699 775 1941 844 judican-

363 871 464 923 dus
501 881 648 923 stans
693 869 760 922 ad
807 867 1038 922 tribunal
1081 866 1305 930 Christi,
1341 867 1527 937 procul
1553 882 1647 921 vos
1671 866 1856 930 statis,
1886 873 1942 919 et

359 961 525 1030 gratia
550 969 726 1013 vestra
753 959 802 1012 iu
831 959 1051 1013 nihilum
1077 959 1241 1023 cedit,
1264 973 1350 1013 me
1376 957 1632 1013 reddente
1653 957 1935 1010 rationem.

361 1053 484 1106 llaec
501 1052 661 1106 verba
688 1053 864 1106 omnia
885 1061 1233 1120 corrumpunt
1259 1052 1554 1120 :Disccdet,
1581 1051 1769 1121 inquit,
1796 1060 1849 1104 et
1869 1050 1936 1104 ad

357 1143 515 1198 aliam
557 1142 803 1197 haeresim
834 1143 1046 1197 deficiet
1073 1159 1087 1196 :
1118 1152 1198 1197 est
1235 1141 1528 1197 imbecillus
1559 1157 1573 1195 :
1602 1150 1653 1195 te
1684 1141 1933 1204 demitte,

357 1244 412 1290 et
439 1243 490 1289 te
518 1236 566 1290 ei
590 1234 971 1304 aliquantisper
995 1233 1358 1288 accommoda.
1381 1232 1497 1300 Quo
1518 1234 1723 1301 usque?
1742 1231 1932 1296 semel,

357 1339 412 1382 ct
441 1327 522 1382 bis
542 1367 557 1392 ,
589 1335 644 1380 et
674 1336 754 1380 ter
774 1368 789 1390 ,
820 1340 922 1380 non
956 1335 1230 1396 perpetuo.
1264 1324 1402 1379 Ecce
1427 1337 1610 1377 rursus
1638 1322 1894 1377 denuntio
1913 1363 1930 1385 ,

357 1425 411 1472 et
439 1431 561 1471 cum
591 1417 747 1471 beato
783 1415 946 1470 Paulo
974 1424 1238 1485 protestor
1265 1433 1278 1468 :
1311 1414 1460 1482 Quod
1490 1413 1534 1467 si
1563 1427 1744 1468 rursus
1774 1427 1934 1466 vene-

360 1523 421 1561 ro
447 1548 462 1574 ,
497 1522 602 1562 non
631 1522 843 1577 parcam
875 1507 959 1577 (2.
989 1506 1106 1561 Cor.
1136 1508 1220 1562 l5.
1251 1505 1322 1577 ἓ)
1352 1523 1364 1559 :
1394 1505 1604 1575 quando
1633 1513 1809 1558 autem
1839 1517 1934 1557 vos

356 1606 500 1652 recte
523 1598 816 1669 gesseritis,
847 1607 970 1652 tunc
994 1599 1176 1653 scietis
1201 1606 1454 1668 quantum
1483 1598 1708 1662 lucrum,
1736 1604 1932 1666 quanta

352 1689 422 1742 sit
452 1689 669 1744 utilitas.
701 1689 858 1745 Certe
887 1704 1016 1761 rogo
1044 1698 1099 1744 et
1125 1689 1370 1756 obsecro,
1400 1704 1576 1760 neque
1614 1704 1782 1758 genua
1809 1687 1930 1757 qui-

3585 91 3692 124 ..α

3689 36 3875 90 μιν.
4008 9 4026 902 1

3526 330 3632 371 alii.

2050 408 2171 464 dem
2196 420 2368 466 vestra
2399 411 2634 468 dubitem
2663 416 3063 482 apprehemlere
3087 461 3101 486 ,
3132 432 3181 477 ct
3214 439 3308 493 pro
3335 442 3402 483 eo
3429 436 3622 502 Sttppli.

2047 517 2190 557 care.
2223 504 2353 571 Quae
2383 515 2464 560 est
2495 505 2609 560 hmc
2637 508 2904 572 mollities,
2936 527 3054 582 qum
3093 514 3315 584 delicizr,
3349 537 3466 590 quae
3495 540 3627 582 con-

2049 593 2298 648 tumelia?
2340 597 2658 651 contumelia
2707 597 2849 653 cnim
2895 611 3015 669 est,
3069 619 3174 660 non
3224 609 3447 666 delieim.
3496 616 3628 681 Qum

2044 686 2310 739 amentia?
2337 703 2456 756 quae
2497 689 2739 744 insania?
2779 690 2882 746 'l‘ot
2926 708 3184 763 pauperes
3229 701 3628 764 circumsistunt

2046 774 2355 841 ecclesiam;
2386 785 2440 830 et
2467 787 2570 830 tam
2602 780 2795 834 multos
2823 781 2958 836 ﬁlios
2986 783 3186 841 habens
3227 788 3486 859 Eccleda,
3519 806 3624 853 tam

2045 863 2235 919 divites
2261 907 2274 930 ,
2315 867 2444 921 nulli
2487 870 2701 938 pauperi
2751 879 2924 939 potest
2951 889 3107 944 opem
3149 877 3330 947 ferre;
3361 886 3455 939 sed
3487 886 3627 944 allus

2043 957 2255 1026 quidem
2285 960 2471 1026 esurit,
2500 961 2634 1016 alius
2659 978 2784 1018 vero
2810 974 2891 1019 est
2920 966 3120 1033 ebrius,
3151 971 3290 1028 alius
3319 975 3371 1030 in
3401 989 3626 1046 argento

2043 1047 2239 1116 egerit,
2271 1048 2403 1102 alius
2449 1065 2515 1105 ne
2558 1065 2749 1120 panem
2785 1054 2998 1124 quidem
3035 1057 3194 1115 habet
3218 1078 3326 1132 quo
3352 1079 3619 1126 vescatur.

2042 1138 2294 1205 Qumuam
2320 1151 2399 1194 est
2425 1140 2540 1196 haec
2565 1143 2790 1211 insania,
2821 1161 3062 1216 quaenam
3089 1159 3232 1206 tanta
3266 1153 3490 1212 feritas?
3514 1161 3625 1216 Ab-

2041 1228 2105 1281 sit
2137 1237 2191 1282 ut
2219 1229 2288 1283 sit
2323 1230 2477 1285 nobis
2515 1231 2812 1289 faciendum
2858 1237 3150 1306 periculum
3192 1242 3481 1302 ulciscendi
3524 1264 3622 1307 eos

2038 1323 2127 1389 qui
2159 1335 2263 1374 non
2291 1322 2578 1388 obedinnt,
2613 1325 2684 1379 ita
2714 1335 2775 1381 ut
2803 1327 3166 1400 indignatione
3194 1337 3323 1390 moti
3355 1338 3474 1394 illos
3504 1343 3620 1411 ple-

2038 1421 2278 1478 ctantus;
2307 1415 2401 1469 sed
2432 1415 2674 1472 lubentes
2701 1429 2756 1473 et
2785 1421 3046 1488 patientes
3077 1424 3152 1480 illi
3190 1425 3303 1481 haec
3328 1431 3506 1486 omnia
3531 1435 3620 1489 ob-

2037 1515 2162 1558 eant
2187 1521 2202 1558 :
2235 1514 2292 1560 ut
2316 1507 2366 1560 in
2393 1508 2618 1578 gloriam
2644 1511 2738 1566 Dei
2766 1513 3030 1580 vivamus,
3058 1525 3114 1570 ut
3138 1533 3168 1570 a
3195 1521 3454 1590 supplicio
3477 1528 3617 1596 quod

2038 1595 2142 1650 illic
2167 1606 2249 1651 est
2279 1596 2596 1665 liberemur,
2630 1609 2684 1656 et
2725 1601 2860 1657 bona
2890 1618 3236 1674 assequamur
3267 1595 3523 1678 promissa
3554 1617 3636 1672 iis»

2034 1688 2123 1758 qui
2155 1689 2326 1759 ipsum
2350 1689 2595 1762 diligunt,
2625 1695 2794 1778 gratia
2817 1706 2871 1751 et
2894 1697 3236 1769 benignitate,
3263 1715 3367 1760 etc.

719 1926 733 1939 ο
1660 1894 2006 1958 HOMILIA
2048 1897 2218 1958 VIII.

349 2042 475 2097 Car.
503 2041 556 2097 3.
587 2055 637 2094 ν.
665 2041 720 2097 5.
751 2040 1058 2110 Mortiﬁcate
1079 2056 1198 2112 ergo
1221 2041 1438 2094 membra
1465 2050 1645 2105 vestra,
1673 2057 1786 2111 qua:
1809 2051 1926 2096 sunt

417 2149 568 2202 super
584 2141 788 2192 terram,
814 2132 1215 2203 fornicationem.
1233 2133 1626 2198 immunditiam,
1647 2131 1919 2197 libidinem,

416 2223 867 2292 concupiscentiam
895 2224 1102 2287 malam,
1131 2232 1177 2275 et
1205 2223 1488 2287 avaritiam,
1516 2239 1630 2289 qua!
1653 2233 1724 2276 est
1757 2224 1925 2277 idolo-

417 2330 528 2367 rum
552 2315 761 2368 servitus
784 2314 871 2368 :6.
900 2322 1102 2382 prapter
1125 2329 1238 2385 qua:
1260 2315 1390 2368 venit
1411 2314 1488 2367 ira
1510 2312 1605 2367 Dei
1623 2331 1773 2384 super
1791 2315 1924 2382 ﬁlios

412 2403 774 2458 incredulitatis
803 2407 894 2458 :7.
921 2404 974 2456 in
998 2403 1176 2473 quibus
1200 2405 1490 2459 ambulastis
1511 2405 1785 2475 aliquando
1809 2422 1921 2460 cum

416 2497 636 2549 viveretis
662 2497 714 2550 in
742 2496 864 2550 illis.

416 2586 470 2640 l.
502 2586 625 2640 Scio
651 2587 845 2640 multos
866 2601 986 2640 esse
1011 2585 1243 2641 otl‘ensos
1263 2601 1324 2642 ea
1346 2603 1465 2657 quae
1490 2588 1626 2644 hanc
1651 2589 1924 2658 princessit

343 2677 760 2745 disceptatione;
789 2675 881 2730 sed
911 2677 1034 2744 quid
1058 2678 1243 2747 agam?
1260 2677 1533 2732 audivistis
1550 2679 1673 2748 quid
1701 2681 1922 2748 jusserit

272 2813 276 2818 .
347 2768 617 2822 lietuinuS.
639 2767 770 2821 Num
789 2783 886 2836 ego
905 2783 1021 2822 sum
1042 2769 1233 2822 causa?
1250 2767 1374 2837 quid
1396 2769 1583 2824 faciam
1597 2770 1620 2822 ?
1634 2770 1747 2824 Non
1774 2771 1922 2826 vitle-

344 2861 410 2912 tis
435 2858 702 2927 quomodo
730 2859 818 2930 qui
846 2858 1083 2914 debitum
1114 2861 1351 2930 exigunt,
1369 2862 1413 2915 si
1436 2862 1643 2917 solt-ere
1671 2874 1920 2919 recusent

340 2950 612 3005 debitores
631 2991 647 3014 ,
679 2965 771 3004 eos
800 2950 850 3004 in
879 2951 1087 3004 vincula
1126 2950 1454 3020 conjiciunt?
1479 2953 1770 3009 Audivistis
1795 2954 1920 3024 quid

340 3039 499 3094 hodie
527 3040 836 3094 cxclamarit
861 3040 1090 3096 Paulus:
1128 3039 1446 3110 Mortiﬁcate,
1481 3043 1668 3114 inquit,
1701 3048 1921 3100 membra

337 3141 519 3197 vestra,
549 3148 664 3201 qua:
688 3143 805 3185 sunt
848 3149 1002 3202 super
1030 3142 1236 3199 terram,
1265 3133 1664 3204 fornicationem,
1695 3136 1918 3191 immun-

337 3221 533 3287 ditiam,
563 3221 838 3286 libidinem,
863 3224 1318 3293 concupiscentiam
1339 3224 1547 3292 malam,
1571 3236 1615 3280 et
1636 3228 1915 3294 avaritiam,

336 3329 448 3381 qua!
481 3322 550 3367 est
576 3314 826 3368 idolorum
862 3317 1088 3369 servitus.
1119 3314 1257 3383 Quid
1283 3324 1365 3370 est
1401 3317 1488 3370 illa
1519 3318 1738 3372 avaritia
1766 3318 1916 3374 dete-

339 3405 489 3458 rius?
523 3405 630 3458 lloc
657 3414 740 3460 est
781 3405 997 3474 gravius
1041 3421 1200 3477 quam
1245 3407 1385 3477 quod
1415 3407 1656 3464 dicebam
1681 3450 1697 3477 ,
1727 3425 1918 3479 nempe

334 3494 598 3549 stoliditas
630 3496 714 3548 illa
741 3495 880 3549 circa
921 3505 1224 3566 argentum,
1268 3496 1332 3552 Et
1376 3500 1670 3564 avaritiam,
1706 3500 1914 3570 inquit,

335 3602 446 3656 qua:
465 3597 536 3641 est
561 3587 812 3640 idolorum
835 3587 1064 3640 servitus.
1093 3587 1296 3644 Videtis
1316 3590 1526 3644 ubinam
1555 3591 1750 3644 malum
1777 3591 1920 3646 desio

336 3688 426 3732 nat
446 3679 468 3731 't
491 3677 566 3730 Ne
587 3692 728 3745 aegre
753 3675 935 3730 feratis
959 3694 973 3729 :
1003 3690 1107 3732 non
1135 3679 1278 3733 enim
1309 3679 1494 3734 lubens
1515 3696 1686 3749 neque
1713 3690 1916 3737 temere

334 3768 457 3821 volo
485 3766 678 3820 habere
710 3765 992 3832 inimicos;
1023 3767 1116 3822 sed
1147 3767 1305 3822 velim
1335 3785 1428 3824 vos
1453 3787 1516 3825 eo
1542 3775 1721 3829 venire
1748 3776 1915 3828 virtu-

337 3858 426 3922 tis,
457 3864 514 3909 ut
539 3871 638 3925 ego
663 3855 730 3910 de
758 3855 907 3910 vobis
934 3857 1142 3913 audiam
1165 3875 1283 3928 qtue
1308 3870 1536 3929 oportet.
1556 3863 1912 3930 Quamobrem

336 3961 445 4001 non
489 3956 614 4000 sunt
653 3963 771 4017 quae
813 3947 921 4003 dixi
961 3950 1292 4006 auctoritatis
1333 3968 1506 4022 neque
1550 3954 1788 4023 imperii,
1819 3957 1912 4011 sed

336 4037 565 4100 tristitia:
589 4048 642 4095 et
671 4037 890 4096 doloris.
923 4039 1202 4110 Ignoscite,
1239 4042 1492 4113 ignoscite
1524 4063 1538 4100 :
1570 4047 1693 4101 nolo
1720 4062 1804 4101 me
1835 4047 1914 4102 in-

333 4133 527 4193 iit-core
560 4147 746 4202 gerere
787 4130 856 4188 de
902 4133 965 4187 iis
997 4133 1302 4202 disserens,
1330 4135 1423 4190 sed
1459 4151 1640 4206 cogor.
1671 4137 1784 4193 Non
1817 4155 1913 4209 pro

331 4222 521 4285 dolore
551 4237 840 4293 pauperum
883 4223 996 4279 haec
1022 4225 1174 4288 dico,
1213 4226 1304 4280 sed
1346 4241 1442 4296 pro
1485 4238 1657 4284 vestra
1696 4231 1865 4286 salute
1896 4253 1909 4289 :

331 4312 579 4382 peribunt
605 4313 746 4369 enim
766 4353 780 4376 .
809 4314 1056 4383 peribunt
1081 4315 1168 4385 qtti
1195 4314 1466 4372 Christum
1506 4334 1610 4373 non
1641 4321 1907 4376 aluerunt.

329 4403 467 4478 Quid
489 4404 632 4463 enim
653 4445 667 4468 ,
696 4404 741 4457 si
779 4404 878 4460 alis
914 4405 1238 4474 pauperem?
1260 4406 1355 4461 sed
1381 4410 1632 4478 quamdiu
1660 4410 1738 4466 sic
1762 4411 1908 4466 luxui

327 4507 384 4555 et
418 4494 620 4552 deliciis
663 4495 934 4564 indulges,
964 4507 1084 4550 sunt
1120 4498 1300 4552 omnia
1344 4513 1761 4568 supervacanea.
1790 4502 1907 4559 Non

327 4589 471 4644 cnim
498 4587 753 4658 queritur
781 4589 1015 4642 multane
1044 4589 1254 4643 dederis
1277 4629 1291 4651 ,
1325 4591 1419 4645 sed
1457 4609 1580 4647 num
1613 4595 1789 4651 minus
1816 4595 1911 4650 de-

329 4679 472 4740 dcris
499 4693 658 4750 quam
693 4677 868 4733 ferant
897 4677 1172 4734 lacullates
1199 4698 1211 4734 :
1239 4680 1342 4737 hoc
1375 4683 1516 4737 enim
1547 4697 1629 4739 est
1655 4687 1906 4742 ludentis.

332 4769 636 4839 Mortiﬁcate
658 4784 798 4839 ergo,
829 4769 1016 4839 inquit,
1041 4769 1261 4824 membra
1287 4783 1465 4840 vestra,
1487 4791 1599 4844 qntc
1615 4785 1731 4831 sunt
1755 4793 1912 4847 supra

329 4869 532 4918 ter-rant.
562 4858 698 4926 Quid
728 4858 894 4914 dicis?
933 4873 1110 4913 nonne
1147 4868 1199 4913 tu
1239 4861 1414 4916 dixisti
1446 4881 1458 4916 :
1492 4863 1696 4932 Sepulti
1737 4867 1868 4921 estis
1890 4907 1906 4930 ,

327 4949 623 5020 eonsepulti
646 4949 794 5013 estis,
820 4948 1119 5006 circumcisi
1141 4951 1289 5017 estis,
1314 4953 1556 5007 exuimus
1576 4969 1768 5022 corpus
1796 4971 1912 5025 pec-

325 5053 564 5094 catorum
587 5039 762 5094 carnis
789 5039 962 5112 (Rom.
995 5041 1046 5094 6.
1074 5041 1130 5100 4.
1171 5041 1283 5096 Col.
1311 5043 1364 5101 2.
1397 5043 1482 5097 ll.
1511 5053 1557 5098 et
1577 5045 1630 5101 5.
1658 5044 1755 5113 9)?
1779 5061 1910 5116 quo-

327 5131 487 5190 modo
517 5146 646 5201 ergo
683 5146 870 5186 rursus
893 5131 1059 5197 dicis,
1091 5131 1442 5201 Mortiﬁcate?
1467 5133 1543 5189 Ne
1573 5135 1722 5189 ludas
1753 5154 1764 5188 :
1794 5136 1909 5192 lucc

325 5225 459 5279 dicis
486 5239 549 5278 ac
587 5224 633 5278 si
674 5225 787 5280 lucc
816 5225 923 5280 sint
962 5226 1013 5280 in
1043 5225 1237 5280 nobis?
1265 5226 1379 5282 Non
1416 5237 1497 5282 cst
1522 5229 1870 5286 contradictio
1890 5269 1906 5295 ,

322 5316 418 5371 sed
450 5314 593 5370 velut
613 5314 659 5369 si
684 5316 802 5385 quis
821 5331 941 5371 cum
967 5331 996 5370 a
1020 5316 1268 5373 sordibus
1292 5317 1630 5374 abstersisset
1655 5329 1904 5383 statuam,

326 5408 405 5461 vel
449 5405 622 5476 potius
648 5420 768 5461 eam
797 5405 973 5462 denuo
1004 5408 1219 5464 fudisset
1249 5417 1302 5464 et
1328 5408 1614 5466 conﬂasset
1635 5452 1651 5476 ,
1681 5426 1907 5481 eamque

321 5497 390 5552 de
435 5498 641 5570 integro
683 5496 969 5567 fulgentem
1011 5499 1329 5555 reddidisset
1365 5509 1420 5554 et
1460 5501 1677 5559 nitidam
1703 5544 1718 5570 ,
1765 5503 1907 5558 dicat

323 5587 536 5656 quidem
576 5604 698 5645 esse
731 5603 945 5643 exesam
976 5598 1029 5643 et
1059 5590 1280 5658 periisse
1321 5592 1612 5662 rubiginem
1634 5635 1650 5659 ,
1683 5594 1905 5650 suadeat

323 5688 498 5731 autem
528 5694 713 5734 rursus
735 5693 952 5749 operam
977 5677 1125 5748 dare,
1155 5689 1211 5738 ut
1239 5679 1534 5752 deponatur
1562 5683 1763 5756 rubigo,
1795 5702 1901 5745 non

2034 2041 2202 2097 utitur
2231 2045 2650 2104 contradictione
2684 2068 2696 2104 :
2728 2067 2833 2108 non
2862 2055 3004 2110 enim
3043 2074 3200 2128 quam
3242 2064 3492 2122 abstersit
3523 2086 3615 2124 ru-

2032 2133 2284 2230 biginem,
2315 2137 2410 2193 sed
2439 2155 2559 2210 qum
2598 2153 2779 2211 postea
2810 2147 3136 2217 adnascitur,
3166 2156 3354 2211 suadet
3379 2161 3616 2230 εἰς-μουο-

2032 2239 2109 2278 re.
2143 2225 2234 2281 Sic
2263 2242 2436 2298 neque
2473 2231 2705 2300 priorem
2741 2236 2869 2291 dicit
2909 2242 3408 2312 mortificationem,
3443 2225 3614 2322 {wque

2031 2315 2146 2369 illas
2167 2316 2566 2387 fornicationes,
2587 2325 2680 2379 sed
2699 2341 2817 2396 quae
2840 2340 3018 2399 postea
3042 2335 3316 2391 accedunt.
3337 2338 3440 2394 Sed
3463 2315 3610 2412 ecce,

2030 2407 2272 2476 inquiunt
2306 2410 2545 2468 haeretici
2568 2457 2584 2480 ,
2611 2432 2695 2472 res
2736 2429 2946 2476 creatas
2989 2422 3181 2480 Paulus
3208 2430 3560 2488 calumniatur

2028 2498 2161 2554 dixit
2185 2502 2326 2557 enim
2356 2506 2618 2574 superius,
2653 2508 2782 2576 Quae
2803 2529 2998 2568 sursum
3028 2529 3143 2570 sunt
3171 2523 3349 2590 sapite,
3378 2541 3475 2577 non
3499 2544 3610 2594 qua

2027 2605 2179 2659 super
2208 2601 2430 2659 terram;
2461 2612 2642 2653 rursus
2671 2599 2835 2667 dicit,
2867 2603 3172 2671 Mortiﬁcate
3198 2615 3416 2666 nieinbrn
3447 2627 3607 2670 vestra

2026 2697 2138 2749 qua:
2177 2695 2294 2738 sunt
2331 2703 2484 2756 super
2516 2698 2719 2744 terram.
2751 2692 2853 2749 Sed
2886 2696 3013 2752 illud
3034 2742 3046 2763 ,
3079 2699 3248 2767 Super
3275 2713 3493 2772 terram,
3524 2709 3608 2761 hic

2026 2772 2287 2840 signiﬁcat
2313 2789 2608 2844 peccatum,
2643 2799 2741 2838 nec
2771 2800 2857 2839 res
2881 2799 3091 2844 creatas
3118 2793 3490 2851 Calumnialur.
3519 2799 3607 2855 Sic

2027 2862 2168 2917 enim
2198 2880 2259 2919 ea
2287 2883 2404 2936 qua:
2434 2883 2596 2940 super
2623 2881 2820 2930 terram
2863 2889 2987 2933 sunt
3017 2893 3169 2938 vocat
3212 2899 3426 2954 peccata
3447 2931 3463 2955 ,
3492 2893 3606 2947 sive

2024 2953 2165 3022 quod
2188 2971 2250 3010 ex
2279 2966 2486 3014 terrena
2509 2965 2831 3033 cogitatione
2851 2979 2903 3024 et
2927 2971 2976 3025 in
3007 2981 3147 3028 terra
3177 2953 3470 3046 putrcntur,
3495 2985 3605 3038 sive

2025 3045 2165 3112 quod
2196 3058 2504 3116 peccatores
2532 3062 2775 3111 terrenos
2804 3073 2924 3114 esse
2955 3045 3254 3121 ostendant.
3286 3068 3604 3127 Fornicatio-

2012 3126 2136 3188 ‘nem
2159 3175 2174 3202 ,
2210 3137 2583 3196 immunditiam
2604 3186 2619 3210 ,
2663 3147 2850 3217 inquit.
2882 3151 2987 3207 Res
3014 3159 3359 3223 pra-termisit
3377 3177 3508 3229 quas
3536 3181 3605 3218 ne

2024 3225 2303 3284 honestum
2343 3233 2552 3301 quidem
2601 3246 2684 3291 est
2722 3239 2936 3307 dicere,
2981 3252 3036 3299 et
3079 3260 3170 3315 per
3212 3225 3598 3306 immunditiam

2022 3319 2198 3372 omnia
2239 3323 2490 3376 ostendit.
2537 3323 2856 3396 Libidinem,
2905 3332 3111 3402 inquit,
3153 3338 3597 3406 concupiscentiam

2021 3406 2228 3463 malam.
2259 3410 2394 3466 Ecce
2422 3422 2586 3468 totum
2615 3415 2747 3472 dixit
2773 3419 2822 3473 in
2849 3437 3042 3490 genere
3071 3444 3084 3480 :
3111 3427 3283 3480 omnia
3306 3428 3442 3482 enim
3469 3443 3594 3484 sunt

2020 3499 2160 3554 mala
2189 3501 2450 3572 cupiditas
2475 3545 2487 3567 ,
2522 3505 2715 3562 invidia
2737 3549 2751 3573 ,
2790 3509 2866 3564 ira
2888 3554 2902 3574 .
2936 3513 3165 3570 tristitia.
3199 3516 3264 3570 Et
3299 3520 3558 3573 avaritiam
3581 3563 3597 3587 ,

2022 3588 2210 3657 inqttit,
2240 3607 2353 3661 qua:
2376 3603 2450 3647 est
2476 3593 2726 3650 idolorum
2747 3601 2976 3656 servitus.
3011 3603 3227 3675 Propter
3246 3625 3356 3677 qua:
3375 3611 3499 3663 venit
3524 3612 3604 3665 iro

2021 3677 2118 3733 Dei
2145 3698 2298 3750 super
2322 3685 2457 3753 ﬁlias
2483 3688 2871 3746 incredulitatis.
2905 3694 3004 3749 Per
3031 3698 3194 3752 multa
3222 3715 3318 3754 eos
3343 3701 3559 3757 abduxit
3586 3722 3600 3758 :

2021 3785 2114 3838 per
2141 3787 2200 3824 ea
2231 3788 2349 3842 qua:
2379 3775 2590 3832 fuerunt
2617 3779 2912 3849 beneﬁcia;
2944 3801 3038 3854 per
3064 3789 3201 3842 mala
3230 3789 3404 3846 futura
3430 3810 3457 3844 a
3484 3795 3604 3863 qni-

2019 3861 2119 3914 bus
2147 3877 2332 3918 sumus
2361 3866 2568 3924 liberati
2595 3887 2609 3933 ;
2637 3873 2853 3938 quinam
2882 3891 3001 3931 cum
3029 3893 3288 3948 essemus,
3317 3892 3371 3938 et
3395 3861 3559 3955 quare
3584 3903 3598 3942 :

2017 3961 2072 4006 et
2097 3957 2272 4010 omnia
2302 3958 2423 4024 illa;
2456 3970 2542 4026 ut,
2568 3963 2783 4031 quinam
2815 3966 3098 4036 fuerimus,
3130 3981 3184 4027 et
3211 3975 3262 4028 in
3293 3976 3514 4045 quibus;
3545 3988 3602 4034 et

2017 4046 2154 4113 quod
2183 4046 2251 4100 ab
2278 4049 2355 4102 cis
2380 4049 2546 4105 simus
2573 4052 2802 4123 liberati,
2835 4073 2940 4128 quo
2970 4072 3122 4129 pacto
3145 4072 3200 4119 et
3227 4068 3518 4135 quomodo,
3548 4081 3600 4124 et

2018 4147 2234 4206 propter
2257 4154 2395 4208 qtttc.
2429 4140 2552 4197 Haec
2581 4144 2848 4202 sufﬁciunt
2873 4149 2939 4203 ad
2966 4154 3312 4209 avertendum
3339 4175 3353 4211 :
3376 4159 3468 4212 sed
3497 4162 3599 4215 hoc

2016 4237 2098 4283 est
2140 4230 2375 4284 omnium
2425 4232 2950 4294 vehementissimqu
2977 4282 2993 4306 ,
3030 4243 3173 4298 dictu
3213 4246 3429 4316 quidem
3463 4249 3599 4314 inju-

2015 4318 2266 4386 cundum,
2298 4337 2400 4374 non
2435 4332 2611 4378 tamen
2647 4326 2852 4393 inutile,
2885 4330 2979 4385 sed
3009 4332 3167 4386 etiam
3197 4335 3344 4389 utile.
3381 4335 3599 4407 Propter

2014 4425 2145 4479 quia,
2175 4413 2361 4483 inquit,
2386 4416 2516 4469 venit
2538 4417 2615 4470 ira
2635 4417 2732 4472 Dei
2749 4437 2899 4491 super
2918 4424 3052 4492 ﬁlios
3072 4425 3436 4486 incredulitatis
3479 4431 3594 4488 Non

2015 4499 2184 4568 dixit,
2208 4503 2377 4574 Super
2407 4520 2501 4560 vos
2520 4547 2534 4571 ,
2563 4509 2657 4563 sed
2677 4549 2693 4575 ,
2724 4510 2893 4582 Super
2935 4509 3068 4582 ﬁlios
3109 4506 3495 4575 incredulitatis.
3532 4520 3596 4575 In

2014 4594 2190 4666 quibus
2217 4597 2508 4653 ambulastis
2535 4600 2832 4670 aliquando,
2861 4621 2975 4658 cum
3004 4607 3227 4663 viveretis
3255 4611 3306 4662 in
3335 4610 3454 4665 illis.
3485 4611 3594 4666 Pu-

2013 4685 2198 4740 dorcm
2230 4687 2494 4745 incutiens
2519 4689 2665 4758 dicit,
2698 4691 2823 4747 Cum
2851 4695 3074 4750 viveretis
3103 4699 3154 4752 in
3183 4699 3324 4763 illis;
3355 4702 3509 4754 simul
3537 4713 3592 4757 et

2015 4794 2134 4835 cum
2166 4779 2338 4847 laude,
2369 4791 2424 4836 ut
2450 4784 2536 4852 qui
2568 4800 2709 4840 nunc
2737 4801 2843 4840 non
2872 4787 3046 4842 vivant
3074 4790 3124 4844 in
3154 4790 3256 4845 illis
3281 4810 3294 4844 :
3321 4803 3445 4847 tunc
3468 4792 3596 4850 licev

2016 4869 2104 4924 bat
2132 4873 2198 4924 ita
2230 4872 2392 4941 loqui.
2418 4873 2470 4929 8.
2503 4874 2656 4930 Nunc
2683 4889 2848 4931 autem
2869 4879 3102 4949 deponite
3126 4894 3172 4936 et
3201 4899 3286 4937 vos
3313 4887 3506 4944 omnia.
3535 4888 3597 4941 Et

2016 4961 2263 5016 universe
2305 4979 2518 5032 semper
2547 4966 2674 5021 dicit
2697 4976 2752 5022 et
2778 4967 3048 5039 sigillatim
3080 4989 3094 5025 :
3126 4971 3240 5027 lucc
3266 4984 3388 5028 sunt
3415 4986 3590 5030 autem

2015 5066 2081 5108 cx
2110 5051 2322 5107 alfectu.
2366 5052 2508 5107 Iram
2528 5097 2542 5122 ,
2581 5057 3007 5129 indignationem,
3040 5062 3320 5129 malitiam,
3353 5065 3592 5134 blasphe-

2015 5144 2188 5210 miam,
2219 5154 2412 5214 turpem
2438 5163 2714 5203 sermonem
2743 5149 2804 5206 de
2838 5167 2926 5207 ore
2954 5162 3135 5208 vestro.
3168 5155 3219 5210 9.
3258 5155 3430 5211 Nolite
3457 5175 3596 5212 nien-

2015 5233 2098 5285 tiri
2123 5234 2347 5287 invicem.
2379 5234 2600 5306 Turpem
2626 5255 2903 5295 sermonem
2923 5284 2938 5308 ,
2968 5243 3169 5313 inquit,
3198 5262 3260 5302 ea:
3285 5263 3370 5299 ore
3397 5258 3558 5304 vestro
3575 5289 3594 5311 ,

2013 5339 2134 5378 cum
2165 5325 2427 5396 entpbasi,
2455 5331 2702 5399 quoniam
2734 5332 2782 5387 id
2813 5336 3041 5389 maculat
3068 5345 3122 5390 et
3150 5337 3354 5406 polluit.
3389 5336 3592 5407 Exspa-

2013 5417 2193 5472 liantes
2233 5433 2319 5472 vos
2362 5429 2574 5473 veterem
2622 5422 2869 5477 hominem
2904 5440 3016 5477 cuin
3045 5425 3238 5480 actibus
3263 5428 3401 5492 suis,
3437 5431 3520 5481 l0.
3549 5437 3595 5480 et

2012 5509 2275 5564 induentes
2301 5527 2504 5576 nouunt,
2533 5529 2645 5565 eum
2670 5515 2756 5582 qui
2777 5519 3118 5572 renovaturin
3146 5518 3452 5590 agnitionem
3475 5519 3594 5587 Dei,

2011 5600 2288 5652 secundum
2330 5601 2598 5672 imaginem
2633 5607 2743 5673 ejus
2766 5605 2854 5673 qui
2879 5608 3064 5660 creavit
3089 5625 3218 5663 eum.
3251 5608 3442 5680 Operae
3468 5626 3593 5680 pre-

2013 5688 2142 5745 tium
2172 5697 2254 5746 est
2291 5689 2376 5748 hic
2414 5707 2653 5764 qumrerc
2680 5709 2778 5751 cur
2811 5697 3045 5753 membra
3070 5740 3084 5767 ,
3113 5708 3164 5756 ct
3203 5699 3474 5759 hominem
3497 5745 3510 5772 ,
3543 5714 3592 5762 ct
