4026 6148
403 289 509 345 535

400 400 437 471 ἡ
487 397 645 452 οὐσία
696 395 956 467 ἐμϐάλλει
1006 396 1087 457 εἰς
1132 395 1376 463 γέενναν,
1411 395 1533 447 οὺδέ
1566 395 1647 457 εἰς
1697 391 1972 459 βασιλείαν

401 488 632 555 εἰσάγει,
685 483 803 539 ἀλλ’
855 483 993 552 αὑτὴ
1032 485 1065 553 ή
1120 484 1456 553 προαίρεσις.
1489 484 1583 536 καὶ
1618 482 1807 535 οὐδένα
1850 479 1972 533 οὔτε

406 575 686 645 φιλοῦμεν,
735 570 859 625 οὔτε
897 569 1163 641 μισοῦμεν
1296 569 1601 641 ἄνθρωπος,
1647 570 1761 622 ἀλλ’
1862 586 1974 623 τοιο

404 665 525 717 όσδε
551 665 851 733 ἄνθρωπος.
876 663 940 715 Εἰ
967 661 1192 731 τοίνυνή
1221 662 1318 732 μὲν
1341 663 1501 716 οὐσία
1523 664 1583 714 τὸ
1613 663 1773 732 σῶμά
1802 664 1970 726 ἐστιν,

405 751 543 819 αῦτη
571 751 629 804 δέ
663 749 1032 812 ἀνυπεύθυνος
1062 750 1118 802 ἐν
1146 750 1448 820 ἑκατέροις,
1491 748 1605 814 πῶς
1642 751 1777 803 αὐτὸ
1803 752 1972 805 κακὸν

404 835 540 893 εἰναί
573 853 706 907 φησι
725 854 739 904 ;

477 1014 542 1085 β’.
568 1016 632 1068 Τί
653 1015 708 1069 δέ
737 1033 891 1087 φησι,
913 1015 1038 1070 Σὺν
1064 1017 1190 1082 ταῖς
1214 1017 1468 1087 πράξεσι
1488 1034 1505 1081 ;
1525 1019 1634 1091 Τὴν
1654 1022 1969 1090 προαίρεσιν

406 1106 544 1178 μετά
564 1106 674 1159 τῶν
699 1106 896 1176 ἔργων.
926 1106 1159 1160 Παλαιὸν
1189 1108 1245 1160 δὲ
1268 1107 1430 1161 αὐτὸν
1463 1109 1637 1175 καλεῖ,
1661 1109 1723 1162 τὸ
1748 1112 1971 1182 αἰσχρὸν

401 1194 566 1247 αὐτοῦ
623 1193 946 1262 βουλόμενος
1008 1193 1178 1258 δεῖξαι
1230 1196 1321 1247 καί
1374 1195 1433 1246 τὸ
1491 1196 1729 1261 δυσειδὲς
1773 1199 1868 1250 καὶ
1911 1197 1971 1251 τὸ

403 1280 732 1353 ἡσθενηκός’
777 1281 873 1334 καὶ
916 1281 1056 1344 νέον,
1097 1282 1217 1334 ἀντὶ
1247 1282 1365 1347 τοῦ,
1398 1284 1489 1353 Μὴ
1539 1284 1967 1356 προσδοκήσητε,

404 1367 589 1437 φησὶν,
621 1367 702 1420 ὅτι
730 1367 823 1420 καὶ
849 1361 1001 1430 οὗτος
1032 1368 1092 1421 τὸ
1119 1368 1249 1421 αὐτὸ
1281 1369 1548 1434 πείσεται,
1588 1370 1723 1424 ἀλλὰ
1750 1373 1970 1425 τούναν-

402 1454 547 1509 τίονο
588 1455 697 1524 ὅσῳ
720 1453 828 1525 γὰρ
858 1453 924 1514 ἂν
952 1456 1135 1528 προΐῃ.
1171 1456 1231 1508 οὐ
1283 1455 1417 1525 πρὸς
1461 1456 1636 1527 γῆρας
1666 1458 1966 1527 ἐπείγεται,

404 1541 539 1594 ἀλλὰ
574 1541 706 1612 πρὸς
733 1541 958 1611 νεότητα
994 1542 1213 1612 μείζονα
1236 1542 1333 1611 τῆς
1356 1545 1644 1613 προτέρας.
1671 1545 1837 1598 Ὅταν
1860 1546 1968 1617 γὰρ

405 1630 620 1683 πλείονα
657 1629 796 1701 λάϐῃ
848 1628 947 1699 τὴν
994 1628 1217 1697 γνῶσιν,
1268 1631 1358 1683 καὶ
1407 1630 1664 1699 μειζόνων
1704 1631 1965 1697 ἀξιοῦται,

403 1717 499 1767 καὶ
553 1715 751 1786 μᾶλλον
782 1714 1040 1785 ἀκμάζει,
1096 1717 1190 1769 καί
1242 1717 1441 1786 μᾶλλον
1493 1718 1690 1788 ἰσχύει,
1736 1720 1836 1772 οὐκ
1861 1720 1968 1773 ἀπὸ

402 1804 499 1871 τῆς
523 1803 770 1873 νεότητος
798 1803 977 1872 μόνον,
1006 1803 1143 1857 άλλά
1166 1806 1257 1856 καὶ
1280 1802 1372 1857 τοῦ
1394 1805 1565 1867 εἴδους
1588 1806 1724 1874 πρὸς
1751 1806 1778 1858 ὃ
1800 1808 1963 1860 ἐστιν.

417 1890 543 1943 Ἰδοὺ
577 1890 806 1959 κτίσιςὴ
837 1890 1031 1961 ἀρίστη
1068 1890 1312 1945 πολιτεία
1343 1891 1580 1960 λέγεται.
1615 1893 1750 1948 Κατ’
1784 1894 1968 1946 εἰκόνα

399 1978 636 2048 Χριστοῦ
658 1993 672 2007 ⁸
730 1977 889 2031 τοῦτο
939 1978 1048 2049 γάρ
1106 1979 1242 2041 ἐστι,
1277 1980 1415 2034 Κατ’
1455 1982 1662 2037 εἰκόνα
1697 1982 1806 2035 τοῦ
1842 1983 1968 2034 κτί-

399 2080 626 2132 σαντος
649 2067 864 2120 αὐτόν’
924 2065 1046 2120 ἐπεὶ
1071 2069 1166 2121 καὶ
1211 2069 1239 2120 6
1282 2068 1514 2139 Χριστὸς
1539 2068 1600 2121 οὐ
1632 2068 1769 2139 πρὸς
1793 2068 1969 2139 γῆρας

399 2153 767 2224 ἐτελεύτησεν,
797 2154 912 2207 ἀλλ’
938 2152 1112 2216 οὕτως
1137 2150 1204 2225 ἦν
1237 2155 1418 2221 καλὸς,
1460 2155 1535 2219 ὡς
1571 2156 1705 2227 μηδέ
1732 2151 1867 2209 εῖναι
1892 2157 1971 2210 εἰ·

399 2244 538 2294 πεῖν.
565 2242 756 2295 Ὅπου
782 2243 892 2296 οὐκ
917 2241 1009 2295 ἕνι
1031 2242 1269 2310 Ἕλλην
1305 2243 1402 2297 καί
1466 2242 1774 2310 Ἰουδαῖος,
1809 2260 1970 2310 περι-

397 2328 548 2397 τομὴ
583 2327 682 2381 καί
735 2328 1126 2395 ἀκροϐυστία,
1172 2328 1499 2397 βάρϐαρος,
1541 2331 1796 2397 Σκύθης,
1827 2331 1967 2385 δοῦ-

399 2419 530 2482 λος,
562 2416 900 2484 ἐλεύθερος,
931 2416 1093 2471 ἀλλὰ
1145 2416 1217 2471 τὰ
1270 2416 1488 2480 πάντα,
1546 2418 1647 2470 καί
1703 2418 1772 2472 ἐν
1818 2418 1968 2473 πᾶσι

400 2503 672 2570 Χριστός.
709 2503 841 2556 Ἰδοὺ
884 2503 1066 2573 τρίτον
1098 2502 1373 2572 ἐγκώμιον
1405 2504 1499 2557 τοῦ
1529 2504 1718 2577 ἀνδρὸς
1750 2505 1964 2570 τούτου,

399 2590 528 2642 ὅταν
560 2590 697 2660 μήτε
726 2590 931 2654 ἔθνους,
970 2591 1107 2661 μήτε
1151 2591 1480 2660 ἀξιώματος,
1520 2593 1657 2662 μήτε
1685 2593 1967 2665 προγόνων

397 2677 630 2748 διαφορά
659 2678 1066 2749 ἐπεισέρχηται,
1097 2679 1226 2732 ὅταν
1254 2678 1351 2751 ἔχῃ
1398 2678 1510 2732 τῶν
1546 2679 1744 2744 ἔξωθεν
1779 2680 1964 2751 μηδὲν,

401 2765 534 2836 μηδέ
562 2765 747 2831 δέηται
776 2765 980 2819 τούτων
1000 2781 1014 2795 ·
1044 2765 1270 2819 τοιαῦτα
1302 2766 1409 2836 γὰρ
1438 2765 1614 2820 πάντα
1639 2765 1709 2820 τά
1746 2765 1964 2832 ἔξωθεν.

398 2851 675 2923 Περιτομὴ
704 2852 798 2906 καὶ
842 2852 1208 2923 ἀκροϐυστίω
1265 2852 1471 2917 δοῦλος,
1512 2852 1815 2924 ἐλεύθερος,
1842 2853 1966 2906 Ἐλ-

395 2939 513 3010 λην,
541 2940 809 3004 τουτέστι,
839 2939 1208 3010 προσήλυτος·
1242 2941 1337 2993 καὶ
1367 2938 1636 3004 Ἰουδαῖος,
1663 2939 1962 3006 τουτέστιν,

395 3029 460 3081 ἐκ
493 3027 792 3098 προγόνων.
820 3029 917 3081 Ἂν
956 3026 1142 3082 τοῦτον
1171 3027 1299 3100 ἔχῃς
1331 3026 1480 3099 [582]
1511 3027 1688 3097 μόνον,
1715 3027 1824 3081 τῶν
1869 3030 1966 3082 αὑ-

392 3119 501 3172 τῶν
552 3117 806 3188 ἐπιτεύξῃ
838 3120 952 3181 τοῖς
988 3117 1187 3181 ἄλλοις,
1237 3119 1350 3180 τοῖς
1390 3116 1621 3187 ἔχουσιν.
1660 3116 1845 3172 Ἀλλὰ
1894 3119 1967 3173 τὰ

395 3206 612 3267 βάντα,
654 3205 752 3259 καί
797 3206 868 3258 ἐν
898 3203 1071 3266 πᾶσι.
1114 3204 1305 3273 φησὶν.
1358 3206 1646 3272 Χριστόςο
1694 3206 1961 3266 τουτέστι.

395 3291 576 3346 Πάντα
599 3292 727 3360 ὑμῖν
753 3292 782 3344 6
816 3291 1048 3361 Χριστὸς
1076 3291 1250 3351 ἔσται.
1285 3291 1377 3345 καὶ
1408 3290 1620 3362 ἀξίωμα
1659 3293 1754 3346 καὶ
1785 3293 1963 3362 γένος,

392 3379 489 3432 καὶ
523 3380 581 3432 ἐν
603 3381 771 3432 πᾶσιν
826 3380 954 3450 ὑμῖν
979 3379 1252 3442 αὐτός.Ἢ
1301 3377 1486 3449 ἔτερόν
1535 3378 1588 3432 τί
1644 3396 1830 3449 φησιν,
1881 3381 1963 3435 δτι

392 3466 602 3528 Πάντες
633 3465 864 3536 Χριστὸς
918 3461 999 3530 εἷς
1047 3465 1318 3535 ἐγένεσθε,
1376 3465 1536 3538 σῶμα
1580 3467 1743 3521 αὐτοῦ
1789 3467 1960 3531 ὅντες.

404 3553 777 3607 Ἐνδύσασθε
829 3548 963 3617 οὖν,
998 3552 1079 3617 ὡς
1129 3552 1399 3606 ἐκλεκτοί
1430 3553 1537 3607 τοῦ
1579 3554 1749 3618 Θεοῦ,
1807 3553 1963 3624 ἅγιοι

391 3639 492 3692 καί
519 3637 917 3708 ἠγαπημένοι.
971 3637 1044 3691 Tb
1076 3638 1294 3691 εὔκολον
1334 3640 1573 3693 δείκνυσι
1609 3639 1711 3710 τῆς
1737 3641 1959 3713 ἀρετῆς,

394 3726 531 3781 ὥστε
558 3728 653 3780 καὶ
682 3726 942 3797 διηνεκῶς
976 3727 1145 3795 αὐτὴν
1188 3725 1353 3796 ἔχειν,
1386 3729 1478 3780 καὶ
1503 3728 1643 3782 ὥστε
1678 3729 1754 3794 ὡς
1808 3731 1961 3801 μεγί-

395 3830 505 3883 στῳ
534 3813 724 3882 κόσμῳ
754 3811 1074 3882 κεχρῆσθαι.
1108 3812 1216 3865 Καὶ
1244 3813 1361 3882 μετ’
1387 3814 1661 3884 ἐγκωμίου
1690 3818 1724 3887 ἠ
1761 3817 1963 3889 παραίο

396 3916 539 3963 νεσις
559 3915 573 3929 ο
614 3898 735 3952 τότε
756 3899 864 3969 γὰρ
889 3898 1121 3969 μάλιστα
1146 3898 1338 3970 ἰσχύει.
1357 3899 1632 3967 Ἐγένοντο
1661 3903 1767 3975 γὰρ
1792 3903 1959 3972 ἅγιοι,

392 3986 506 4039 ἀλλ’
532 3987 632 4039 οὐκ
660 3984 939 4039 ἐκλεκτοίο
976 3986 1094 4039 νυνί⁵
1140 3987 1198 4040 δέ
1248 3988 1344 4040 καὶ
1375 3988 1622 4042 ἐκλεκτοὶ
1669 3990 1763 4043 καὶ
1816 3991 1960 4058 ἆγιοι

390 4073 485 4126 καὶ
528 4071 895 4142 ἠγαπημένοι.
932 4071 1259 4142 Σπλάγχνα
1294 4075 1620 4145 οἰκτιρμοῦ.
1656 4077 1770 4129 Οὐκ
1808 4073 1960 4130 εἶπεν

390 4160 557 4224 ἔλεον,
585 4159 700 4213 ἀλλ’
753 4158 1228 4231 ἐμφαντικώτερον
1257 4161 1346 4216 διά
1389 4162 1498 4215 τῶν
1546 4163 1658 4219 δύο.
1702 4164 1813 4217 Καὶ
1858 4165 1958 4218 οὐκ

388 4244 560 4313 εἶπεν,
592 4248 673 4300 ὅτι
698 4247 772 4310 ὡς
801 4246 1046 4316 ἀδελφοῖς
1077 4246 1218 4302 οὓτω
1241 4249 1570 4304 διατίθεσθαι
1602 4249 1702 4312 δεῖ,
1734 4250 1851 4303 ἀλλ’
1882 4250 1959 4314 ὡς

389 4334 549 4388 παισί⁸
589 4334 843 4406 πατέρες.
873 4335 965 4408 Μὴ
991 4335 1099 4407 γάρ
1125 4352 1215 4407 μοι
1244 4335 1425 4408 εἴπῃς,
1451 4337 1533 4389 ὃτι
1552 4337 1769 4408 ἥμαρτε
1795 4353 1809 4367 ’
1867 4336 1955 4390 διὰ

388 4422 545 4476 τοῦτο
577 4417 699 4476 εἰπε
729 4421 1073 4492 σπλάγχνα.
1133 4423 1244 4477 Καὶ
1297 4425 1397 4478 οὐκ
1428 4420 1602 4489 εἶπεν,
1651 4425 1954 4497 οἰκτιρμὸν,

391 4509 474 4575 ἱζνα
498 4509 572 4581 μὴ
595 4510 833 4572 ἐκείνους
853 4508 1180 4582 ἐξευτελίσῃ,
1208 4509 1363 4576 ἀλλά,
1388 4513 1715 4582 Σπλὰγχνα
1743 4515 1959 4581 οἰκτιρ-

381 4598 520 4667 μοῦ.
556 4599 961 4667 Χρηστότητα,
1015 4600 1594 4668 ταπεινοφροσύνην,
1631 4601 1953 4669 πραότητα,

380 4685 797 4754 μακροθυμίαν
818 4699 831 4712 ·
867 4684 1215 4754 ἀνεχόμενοι
1244 4685 1551 4752 ἀλλήλων,
1584 4688 1680 4741 καί
1719 4688 1951 4757 χαριζό-

380 4790 551 4842 μενοι
582 4771 839 4838 ἑαυτοῖς,
877 4770 986 4825 ἐάν
1015 4790 1107 4837 τις
1161 4774 1312 4841 πρός
1344 4790 1478 4829 τινα
1516 4776 1627 4844 ἔχῃ
1670 4776 1950 4847 μομφήν·

384 4861 576 4928 καθὼς
605 4860 704 4915 καί
729 4862 762 4915 ό
791 4861 1047 4930 Χριστὸς
1073 4863 1399 4932 ἐχαρίσατο
1431 4864 1594 4934 ὑμῖν,
1644 4866 1798 4920 οὕτω
1854 4865 1955 4921 καί

383 4950 570 5019 ὑμεῖς.
600 4950 765 5004 Πάλιν
796 4952 916 5005 κατ’
943 4950 1080 5017 εἰδος
1110 4953 1256 5022 λέγει
1276 4969 1288 4983 ·
1321 4951 1430 5006 ἀπὸ
1454 4952 1819 5023 χρηστότητος
1845 4954 1955 5024 γὰρ

382 5038 868 5112 ταπεινοφροσύνῃ,
920 5042 1016 5096 καὶ
1048 5041 1155 5095 ἀπὸ
1188 5040 1386 5112 ταύτης
1436 5040 1803 5111 μακροθυμία.
1838 5040 1955 5094 Ἁν-

381 5130 676 5198 εχόμενοι,
707 5129 892 5200 φησὶν,
941 5128 1251 5196 ἀλλήλων,
1280 5127 1548 5191 τουτέστι,
1580 5126 1949 5199 παραπεμπό-

385 5236 555 5289 μενοι.
585 5220 696 5272 Καὶ
725 5220 825 5291 ὅρα
862 5219 977 5282 πῶς
1005 5218 1138 5273 αὐτὸ
1186 5218 1337 5271 οὐδὲν
1366 5216 1554 5283 ἔδειξε,
1606 5216 1827 5289 μομφὴν
1853 5234 1954 5271 κα-

379 5308 561 5369 λέσας.
597 5302 729 5360 Εἶτα
758 5308 980 5375 ἐπάγειο
1033 5304 1235 5372 Καθὼς
1267 5303 1365 5359 καί
1399 5307 1432 5358 ό
1459 5304 1710 5371 Χριστὸς
1756 5305 1953 5374 ἐχαρί-

378 5411 531 5450 σατο
566 5395 726 5466 ὑμῖν.
778 5395 936 5463 Μέγα
968 5394 1028 5447 τὸ
1077 5394 1409 5464 ὑπόδειγμα*
1463 5394 1601 5461 ὅπερ
1655 5393 1744 5445 ἀεὶ
1786 5395 1948 5457 ποιεῖ,

378 5484 487 5537 ἀπὸ
514 5484 605 5537 τοῦ
636 5481 870 5554 Χριστοῦ
897 5481 1219 5562 προτρέπων
1237 5480 1456 5544 αὐτούς,
1482 5479 1763 5549 Μομφὴν,
1792 5480 1948 5550 φησί.

396 5574 542 5627 Ἐκεῖ
571 5575 670 5645 μέν
698 5572 892 5642 μικρὸν
914 5570 1049 5624 αὐτὸ
1076 5568 1274 5633 ἔδειξεν
1300 5583 1312 5595 ·
1349 5570 1439 5621 ὅτε
1467 5566 1607 5620 δὲτὸ
1638 5567 1946 5637 ὑπόδειγμα

380 5663 722 5731 παρήγαγεν,
756 5660 971 5713 ἔπεισεν
1000 5660 1080 5712 ὅτι
1125 5657 1226 5712 κᾶν
1261 5656 1473 5727 μεγάλα
1525 5655 1737 5727 ἔχωμεν
1781 5654 1949 5724 ἐγκα-

1073 283 1131 338 S.
1170 281 1450 338 JOANNIS
1484 274 1964 335 CHRYSOSTOMI
2003 274 2322 333 ABCHIEP.
2357 277 2907 337 CONSTANTINOP.

3512 286 3635 341 "35$

2075 390 2206 454 λεῖν,
2257 391 2339 445 δεῖ
2371 392 2709 465 χαρίζεσθαι.
2743 392 2817 446 Tb
2848 393 2978 463 γάρ,
3034 393 3232 461 Καθὼς
3283 399 3316 451 ό
3364 398 3638 466 Χριστὸς,

2073 479 2229 533 τοῦτο
2258 480 2544 551 σημαίνει*
2583 481 2676 534 καὶ
2702 482 2763 534 οὐ
2797 481 2954 534 τοῦτο
2990 481 3169 551 μόνον,
3200 483 3315 535 ἀλλ’
3344 484 3424 536 ὅτι
3462 487 3551 537 καί
3582 485 3644 549 ἐξ

2073 568 2200 638 ὄλης
2234 570 2487 638 καρδίας·
2523 571 2614 623 καί
2639 571 2700 624 οὐ
2744 570 2902 624 τοῦτο
2938 573 3116 641 μόνον,
3157 571 3269 625 ἀλλ’
3299 574 3380 627 ὅτι
3412 574 3508 626 καί
3549 591 3643 643 φι-

2075 655 2188 709 λεῖν
2218 657 2316 710 δεῖ.
2348 658 2405 710 Ὀ
2461 657 2569 729 γὰρ
2619 659 2854 729 Χριστὸς
2896 660 3170 730 εἰσαχθεὶς
3219 663 3298 724 εἰς
3343 662 3405 715 τὸ
3455 663 3632 730 μέσον⁵

2072 750 2250 803 πάντα
2275 749 2484 819 εἰσάγει
2507 750 2707 804 ταῦτα·
2748 752 2840 804 καί
2872 753 2953 806 ὅτι
2982 754 3084 807 κᾶν
3119 753 3325 822 μεγάλα
3353 748 3409 825 ᾖ,
3433 752 3535 806 κᾶν
3566 754 3643 824 μὴ

2072 838 2502 908 προηδικηκότες
2553 837 2827 910 τύχωμεν,
2882 838 2983 893 κᾶν
3035 843 3194 910 ἡμεῖς
3246 840 3341 910 μὲν
3392 840 3639 910 μεγάλοι,

2071 926 2267 978 ἐκεῖνοι
2300 924 2357 976 δέ
2406 926 2610 995 μικροὶ,
2653 928 2758 982 κᾶν
2794 927 3060 996 μέλλωσιν
3095 928 3339 996 ὑϐρίζειν
3370 929 3519 999 ἡμᾶς
3548 930 3641 981 καὶ

2073 1013 2209 1084 μετὰ
2235 1013 2429 1076 ταῦτα,
2471 1016 2566 1067 καὶ
2610 1016 2691 1068 ὃτι
2722 1014 2821 1085 τὴν
2849 1014 3025 1085 ψυχὴν
3044 1015 3125 1066 δεῖ
3150 1015 3291 1085 ὑπὲρ
3319 1014 3497 1067 αὐτῶν
3526 1015 3640 1068 θεῖ-

2069 1118 2194 1157 ναιο
2239 1103 2301 1156 τὸ
2345 1103 2474 1175 γάρ,
2524 1103 2749 1170 Καθὼς,
2777 1102 2949 1156 ταῦτα
2982 1103 3230 1155 ἀπαιτεῖ·
3276 1102 3369 1156 καί
3409 1104 3490 1156 δτι
3521 1103 3637 1158 ούδέ

2073 1191 2230 1261 μέχρι
2267 1190 2496 1244 θανάτου
2550 1193 2709 1261 μόνον
2742 1191 2933 1260 στῆναι
2965 1190 3066 1255 δεῖ,
3120 1190 3256 1261 my,
3300 1191 3348 1244 εἰ
3390 1190 3635 1256 δυνατὸν,

2069 1280 2161 1333 καί
2191 1279 2329 1350 μετά
2357 1279 2552 1334 ταῦτα.

2149 1456 2280 1509 Ἐπὶ
2319 1456 2469 1512 πᾶσι
2499 1457 2566 1511 δὲ
2615 1458 2850 1523 τούτοις
2894 1457 3012 1524 τὴν
3037 1452 3295 1525 ἀγάπην,
3344 1454 3475 1521 ἥτις
3505 1452 3637 1507 ἐστί

2068 1545 2410 1613 σύνδεσμος
2433 1545 2545 1612 τῆς
2572 1546 2964 1611 τελειότητος.
2997 1545 3161 1615 Ὀρᾷς
3186 1545 3267 1597 ὅτι
3291 1543 3447 1596 τοῦτο
3467 1542 3635 1610 λέγει.

2081 1632 2297 1703 Ἐπειδὴ
2328 1631 2435 1703 γὰρ
2477 1632 2556 1685 ἔνι
2582 1631 2939 1704 χαριζόμενον
2972 1632 3045 1702 μὴ
3098 1631 3292 1700 φιλεῖν,
3324 1629 3448 1694 Ναὶ,
3480 1630 3638 1700 φησὶ,

2068 1720 2160 1772 καί
2188 1719 2381 1786 φιλεῖν,
2439 1721 2533 1773 καὶ
2581 1719 2698 1772 ὁδὸν
2732 1720 2992 1783 δείκνυσι,
3024 1720 3091 1772 δι’
3125 1714 3193 1790 ἦς
3220 1718 3440 1773 δυνατὸν
3479 1719 3637 1788 χαρί-

2068 1805 2276 1869 ζεσθαι.
2302 1806 2458 1860 Ἔστι
2493 1806 2603 1878 γὰρ
2635 1808 2730 1860 καὶ
2763 1808 2998 1878 χρηστὸν
3025 1802 3165 1859 εἷναί
3194 1824 3314 1859 τινα
3344 1807 3439 1859 καὶ
3464 1808 3636 1874 πρᾶον

2067 1895 2162 1946 καί
2193 1893 2592 1966 ταπεινόφρονα
2617 1895 2711 1947 καί
2744 1893 3114 1965 μακρόθυμον,
3157 1893 3248 1945 καί
3301 1892 3373 1962 μὴ
3428 1891 3632 1944 ποθεῖν.

2066 1983 2157 2034 Διδ
2188 1980 2491 2052 ἀρχόμενος
2515 1977 2654 2040 εἰπε,
2682 1981 3007 2049 Σπλάγχνα
3025 1978 3347 2047 οἰκτιρμοῦ.
3380 1979 3472 2031 καὶ
3501 1978 3638 2045 ἀγά-

2068 2086 2198 2138 πην.
2233 2069 2326 2122 καὶ
2376 2068 2542 2121 ἔλεον.
2579 2068 2710 2122 Ἑπί
2755 2066 2907 2124 πᾶσι
2948 2067 3018 2121 δὲ
3066 2068 3294 2132 τούτοις
3343 2064 3457 2131 τὴν
3492 2064 3637 2135 ἀτά-

2067 2168 2209 2222 πην,
2240 2154 2372 2222 ἣτις
2409 2154 2540 2208 ἐστί
2580 2154 2925 2222 σύνδεσμος
2972 2152 3081 2219 τῆς
3135 2153 3520 2219 τελειότητος.
3569 2152 3638 2204 Ὃ

2065 2241 2122 2295 δὲ
2148 2240 2292 2294 θέλει
2321 2242 2516 2303 εἰπεῖν,
2547 2240 2706 2294 τοῦτό
2734 2243 2902 2300 ἐστιν.
2936 2243 3017 2295 ὅτι
3045 2240 3215 2294 Οὐδὲν
3250 2239 3474 2292 ἐκείνων
3500 2239 3630 2307 ὄφε-

2065 2329 2156 2392 λος
2179 2345 2194 2360 ο
2235 2327 2509 2383 διαλύεται
2539 2328 2653 2399 γὰρ
2679 2328 2856 2381 πάντα
2886 2329 3089 2393 ἐκεῖνα,
3130 2327 3193 2381 ἂν
3220 2325 3296 2397 μὴ
3327 2325 3463 2396 μετά
3495 2326 3636 2393 ἀγά-

2068 2434 2176 2488 πης
2210 2417 2446 2487 γίνηται.
2507 2420 2692 2472 Πάντα
2744 2419 2925 2471 ἐκεῖνα
2954 2415 3093 2486 αὕτη
3141 2414 3461 2482 συσφίγγει·
3497 2415 3634 2483 ὅπερ

2068 2505 2136 2559 ἂν
2167 2505 2328 2578 εἴπῃς
2354 2506 2580 2576 ἀγαθὸν,
2607 2506 2810 2576 ταύτης
2835 2504 3099 2574 ἀπούσης,
3128 2503 3278 2556 οὐδέν
3299 2505 3466 2565 ἐστιν,
3499 2501 3634 2556 ἀλλὰ

2065 2593 2297 2666 διαρρεῖ.
2324 2595 2434 2647 Καὶ
2462 2594 2521 2647 ὃν
2548 2594 2747 2665 τρόπον
2776 2593 2868 2645 ἐπὶ
2893 2591 3101 2655 πλοίου,
3134 2591 3237 2645 κᾶν
3266 2589 3476 2659 μεγάλα
3565 2588 3632 2641 τά

2069 2680 2258 2750 σκεύη,
2289 2678 2440 2752 [585]
2473 2679 2543 2732 τὰ
2566 2680 2624 2732 δὲ
2662 2677 2997 2745 ὑποζώματα
3031 2677 3104 2749 μὴ
3139 2673 3194 2750 ᾗ,
3232 2677 3382 2730 οὐδὲν
3413 2676 3628 2744 ὄφελος·

2066 2767 2162 2821 καὶ
2190 2767 2282 2821 ἐπὶ
2302 2768 2477 2831 οἰκίας
2506 2767 2599 2821 ἐὰν
2631 2767 2705 2836 μὴ
2728 2760 2860 2819 ὦσιν
2908 2767 2965 2820 αί
2998 2763 3353 2834 ἰμαντὼσεις·
3404 2764 3498 2817 καὶ
3544 2763 3633 2815 ἐπὶ

2068 2853 2317 2925 σώματος
2353 2854 2457 2908 κᾶν
2509 2853 2722 2924 μεγάλα
2824 2852 2895 2904 τὰ
2938 2851 3092 2915 ὀστᾶ,
3143 2850 3193 2904 οἰ
3231 2850 3288 2905 δέ
3349 2849 3632 2918 σύνδεσμοι

2069 2942 2143 3012 μὴ
2178 2935 2332 3007 ὦσιν,
2364 2941 2515 2993 οὐδὲν
2548 2939 2761 3009 ὄφελος.
2797 2935 2898 2993 Οἴα
2928 2940 3035 3009 γὰρ
3069 2938 3162 2991 ἐάν
3195 2954 3279 3000 τις
3309 2936 3408 3010 ἔχῃ
3442 2953 3634 3005 κατορ-

2066 3028 2313 3100 θώματα,
2348 3028 2526 3083 πάντα
2552 3026 2780 3099 φροῦδα,
2819 3027 3038 3097 ἀγάπης
3066 3025 3140 3096 μὴ
3173 3023 3358 3095 οὔσης.
3413 3025 3526 3078 Οὐκ
3557 3019 3633 3077 εἷο

2066 3134 2188 3182 πεν,
2214 3117 2297 3171 ὅτι
2329 3121 2544 3188 κορυφὴ
2598 3117 2769 3181 ἐστιν,
2806 3114 2922 3168 ἀλλ’
2955 3114 2984 3167 ὃ
3042 3114 3226 3184 μεῖζόν
3251 3114 3389 3177 ἐστι,
3418 3113 3634 3167 σύνδε-

2064 3218 2248 3274 σμοςο
2277 3204 2703 3274 ἀναγκαιότερον
2735 3201 2913 3262 τοῦτο.
2971 3200 3004 3271 ἢ
3053 3201 3246 3254 ἐκεῖνο.
3274 3198 3499 3270 Κορυφὴ
3529 3199 3632 3269 μὲν

2064 3293 2174 3363 γὰρ
2204 3292 2450 3354 ἐπίτασις
2479 3289 2835 3361 τελειότητος,
2870 3287 3162 3358 σύνδεσμος
3185 3287 3238 3340 δέ
3261 3286 3627 3356 συγκράτησις

2063 3379 2174 3433 τῶν
2199 3379 2297 3449 τὴν
2334 3378 2643 3448 τελειότητα
2681 3376 2996 3440 ποιούντων,
3027 3374 3282 3445 ὼσανείἠ
3331 3372 3471 3445 ῥίζα.
3510 3370 3620 3426 Καί

2063 3465 2102 3532 ἠ
2140 3464 2345 3534 εἰρήνη
2371 3467 2478 3519 τοῦ
2506 3465 2653 3520 Θεοῦ
2692 3462 3031 3530 βραϐευέτω
3076 3461 3147 3515 ἐν
3181 3459 3307 3526 ταῖς
3354 3458 3619 3529 καρδίαις

2063 3551 2250 3621 ὑμῶν,
2296 3554 2385 3618 εἰς
2413 3550 2494 3619 ἣν
2521 3550 2620 3605 καί
2668 3550 2959 3619 ἐκλήθητε
2996 3549 3068 3603 ἐν
3097 3546 3325 3619 σώματι
3354 3546 3473 3601 ἐνίο
3524 3544 3627 3599 καί.

2062 3638 2410 3707 εὐχάριστοι
2434 3637 2698 3708 γίνεσθε.

2133 3824 2202 3887 γ’.
2220 3817 2285 3870 Ἦ
2306 3816 2496 3888 εἰρήνη
2524 3813 2617 3868 τοῦ
2642 3812 2775 3870 Θεοῦ
2801 3816 2833 3886 ἡ
2859 3815 3136 3885 πεπηγυῖα
3159 3812 3252 3866 καί
3279 3812 3471 3883 βεϐαία
3492 3810 3628 3879 αῦτη

2062 3904 2227 3960 ἐστίν.
2254 3907 2351 3957 "Av
2393 3902 2490 3973 μὲν
2540 3900 2605 3954 δι’
2656 3900 2940 3971 ἄνθρωπον
2970 3899 3098 3971 ἔχῃς
3136 3901 3379 3971 εἰρήνην.
3416 3898 3624 3968 ταχέως

2062 3991 2373 4045 διαλύεται·
2423 3989 2597 4043 ἐάνδέ
2631 3988 2717 4041 διὰ
2761 3988 2853 4041 τὸν
2881 3987 3032 4048 Θεὸν,
3082 3973 3288 4054 οὐκέτι.
3334 3986 3525 4040 Καίτοι
3568 3986 3629 4037 τὸ

2062 4077 2349 4133 καθολικόν
2382 4071 2502 4129 εἷπε
2536 4075 2649 4144 τὴν
2675 4075 2937 4143 ἀγάπην,
2966 4073 3102 4128 ἀλλὰ
3137 4073 3297 4128 πάλιν
3326 4074 3419 4126 ἐπὶ
3441 4073 3502 4126 τὸ
3529 4073 3625 4125 ἰδι-

2064 4166 2159 4220 κίιν
2190 4165 2431 4236 ἔρχεται.
2464 4165 2616 4216 Ἐστι
2653 4164 2759 4233 γάρ
2793 4164 2885 4216 καί
2934 4162 3168 4232 ἄμετρος
3228 4159 3440 4230 ἀγάπη,
3496 4153 3623 4222 οἷον,

2060 4254 2188 4307 ὅταν
2215 4250 2322 4305 ἀπὸ
2352 4250 2549 4319 πολλῆς
2579 4267 2661 4312 τις
2689 4251 2907 4319 ἀγάπης
2936 4249 3140 4319 ἐγκαλῇ
3174 4248 3317 4317 εἰκῆ,
3335 4248 3430 4300 καὶ
3453 4247 3626 4318 μάχας

2060 4341 2159 4413 ἔχῃ
2174 4340 2269 4394 καὶ
2289 4337 2723 4408 ἀποστρέφηται.
2742 4334 2840 4402 Οὓ,
2863 4336 3045 4406 φησὶν,
3074 4336 3134 4388 ού
3162 4334 3317 4388 τοῦτο
3347 4333 3623 4403 βούλομαι,

2059 4428 2172 4482 ἀλλ’
2201 4425 2276 4489 ὡς
2304 4424 2557 4493 ἐποίησεν
2617 4423 2838 4493 εἰρήνην
2867 4421 3004 4493 πρὸς
3033 4422 3176 4490 ὑμᾶς
3207 4423 3236 4474 ὁ
3281 4421 3432 4486 Θεὸς,
3487 4419 3626 4473 οῦτω

2061 4515 2152 4569 καὶ
2180 4515 2340 4585 ὑμεῖς
2373 4514 2592 4566 ποιεῖτε.
2628 4510 2750 4575 Πῶς
2777 4509 2832 4564 δὲ
2861 4510 3144 4579 ἐποίησενς
3179 4507 3348 4571 Αὐτός
3373 4507 3622 4578 θελήσας,

2059 4604 2117 4656 οὐ
2155 4603 2289 4674 παρ’
2326 4600 2484 4673 ἡμῶν
2511 4617 2563 4652 τι
2602 4597 2801 4652 λαϐὼν.
2857 4597 2921 4651 Τί
2950 4599 3119 4661 ἐστιν,
3163 4595 3233 4650 Ἠ
3271 4594 3477 4663 εἰρήνη
3519 4592 3624 4647 τοῦ

2060 4689 2209 4744 Θεοῦ
2256 4687 2598 4759 βραϐευέτω
2635 4687 2707 4741 ἐν
2754 4685 2885 4752 ταῖς
2935 4682 3205 4751 καρδίαις
3256 4679 3460 4751 ὑμῶνς
3503 4681 3625 4733 Ἐὰν

2060 4778 2341 4849 μάχωνται
2397 4774 2649 4845 λογισμοὶ
2689 4773 2802 4837 δύο,
2858 4771 2931 4843 μὴ
2962 4772 3168 4841 στήσῃς
3203 4769 3291 4822 τὸν
3323 4768 3512 4837 θυμὸν,
3551 4767 3624 4837 μὴ

2058 4866 2259 4935 στήσῃς
2288 4864 2387 4934 τὴν
2416 4864 2677 4931 ἐπήρειαν
2706 4859 3040 4930 κατέχουσαν
3091 4856 3152 4910 τὸ
3187 4854 3459 4927 βραϐεῖον,
3492 4854 3622 4908 ἀλλὰ

2054 4951 2153 5023 τὴν
2175 4952 2400 5022 εἰρήνην
2419 4964 2432 4978 ⁶
2466 4943 2595 5010 οἷον,
2636 4948 2777 5000 ἔστω
2802 4963 2887 5009 τις
2924 4943 3204 5017 ὑϐρισθεὶς
3232 4942 3462 5006 ἀδίκως·
3518 4940 3623 4994 ἀπὸ

2055 5042 2152 5111 τῆς
2184 5040 2394 5112 ὕϐρεως
2414 5038 2714 5109 ἐτέχθησαν
2733 5035 2986 5107 λογισμοί
3021 5033 3135 5099 δύο,
3188 5034 3215 5087 6
3252 5032 3352 5103 μὲν
3388 5031 3622 5086 κελεύων

2055 5125 2385 5197 ἀμύνασθαι,
2427 5126 2456 5177 6
2493 5124 2548 5176 δὲ
2579 5125 2844 5192 ἐνεγκεῖν,
2877 5121 2973 5175 καί
3001 5119 3320 5174 παλαίουσιν
3351 5117 3619 5190 ἀλλήλοις.

2068 5215 2194 5269 Ἐὰν
2235 5214 2269 5283 ἠ
2320 5212 2510 5281 εἰρήνη
2567 5209 2660 5262 τοῦ
2703 5208 2837 5263 Θεοῦ
2885 5210 3087 5278 ἑστήκῃ
3141 5206 3502 5277 βραϐεύουσα,
3548 5202 3624 5273 τῷ

2055 5300 2328 5357 κελεύοντι
2377 5298 2566 5368 φέρειν
2615 5296 2797 5350 δίδωσι
2844 5296 2905 5349 τὸ
2963 5295 3235 5365 βραϐεῖον,
3281 5294 3377 5347 καὶ
3433 5308 3624 5345 καταιο

2057 5390 2240 5461 σχύνει
2291 5388 2513 5439 ἐκεῖνον.
2551 5384 2702 5449 Πῶςς
2751 5383 3019 5437 Πείθουσα
3065 5384 3145 5436 ὅτι
3184 5383 3212 5433 6
3259 5382 3388 5444 Θεὸς
3433 5380 3621 5450 εἰρήνη

2055 5478 2221 5537 ἐστὶν,
2253 5474 2333 5526 ὅτι
2375 5473 2690 5544 εἰρήνευσεν
2719 5472 2869 5542 ἡμῖν.
2900 5471 3011 5540 Οὐχ
3040 5468 3225 5532 ἁπλῶς
3253 5468 3495 5521 δείκνυσι
3524 5481 3624 5518 πο·-

2052 5564 2149 5618 λῦν
2193 5561 2285 5615 τὸν
2332 5560 2517 5628 ἀγῶνα
2564 5557 2658 5611 τοῦ
2694 5559 3035 5629 πράγματος.
3083 5556 3175 5626 Μὴ
3218 5553 3410 5624 θυμὸς,
3468 5551 3623 5621 φησὶ,

2056 5650 2389 5724 βραϐευέτω,
2438 5646 2513 5719 μὴ
2546 5646 2869 5718 φιλονεικία,
2913 5647 2988 5719 μὴ
3039 5645 3352 5716 ἀνθρωπίνη
3402 5642 3623 5715 εἰρήνη’
