4026 6148
391 320 500 403 555

392 451 589 508 corpus
611 443 767 489 vocet
791 433 949 487 vitam
978 439 1285 498 corruptam
1308 437 1362 482 et
1385 426 1765 495 depravatum;
1787 432 1841 478 et
1865 436 1980 477 rur-

395 545 489 584 sus
510 526 578 582 de
602 525 798 580 virtute
822 519 1046 592 praedito
1071 518 1317 573 similiter
1345 526 1487 586 agat.
1519 515 1586 570 Et
1604 515 1648 568 si
1680 518 1840 568 homo
1862 519 1986 566 sunt

399 631 636 691 peccata,
659 613 925 687 quomodo
945 612 1094 676 dicit,
1117 609 1245 666 Cum
1266 609 1460 663 actibus
1478 607 1625 661 suis?
1644 605 1820 662 Semel
1841 604 1982 658 enim

399 713 532 768 dixit
564 721 798 765 veterem
828 705 1100 760 hominem
1123 744 1140 769 ,
1171 701 1462 757 ostendens
1484 700 1625 771 quod
1654 697 1755 752 hoc
1784 711 1889 752 non
1919 697 1988 750 sit

405 805 583 869 homo,
611 800 704 855 sed
735 797 882 854 illud.
911 795 1161 850 Liberum
1198 793 1338 849 enim
1370 792 1533 847 animi
1561 791 1840 847 arbitrium
1869 804 1985 842 ma-

401 898 481 965 gis
506 896 713 950 obtinet
734 889 1094 962 principatum
1121 903 1280 957 quam
1307 885 1539 941 essentia
1563 899 1579 949 ;
1609 893 1663 938 et
1689 882 1791 936 hoc
1820 880 1991 950 magis

402 999 481 1041 est
511 985 706 1047 homo,
738 997 897 1052 quam
932 978 1083 1035 illud.
1123 977 1240 1032 Non
1281 976 1423 1032 enim
1455 975 1690 1029 essentia
1732 973 1904 1041 injicit
1936 972 1990 1026 in

402 1075 725 1145 gehennam,
751 1087 926 1142 neque
957 1069 1161 1127 inducit
1188 1069 1240 1123 in
1269 1083 1513 1138 regnum,
1539 1066 1633 1121 sed
1662 1065 1833 1134 ipsum
1862 1064 1994 1119 libe-

406 1183 524 1222 rum
554 1165 833 1221 arbitrium
858 1180 875 1230 ;
903 1171 960 1219 et
986 1162 1253 1217 neminem
1278 1172 1521 1212 amamus
1539 1198 1555 1225 ,
1583 1171 1757 1226 neque
1782 1155 1994 1209 odimus

408 1268 670 1328 quatenus
692 1264 775 1311 est
795 1255 977 1317 homo,
1000 1253 1094 1309 sed
1116 1260 1376 1323 quatenus
1399 1249 1517 1303 talis
1544 1260 1634 1301 aut
1663 1246 1781 1301 talis
1807 1245 1990 1300 homo.

408 1349 465 1403 Si
509 1362 638 1416 ergo
677 1360 872 1417 corpus
910 1336 1126 1415 quidem
1155 1353 1236 1398 est
1274 1341 1505 1397 essentia
1530 1382 1544 1403 ,
1583 1340 1694 1409 ipsa
1728 1346 1907 1391 antem
1940 1336 1994 1390 in

411 1442 652 1509 utrisque
677 1416 784 1494 non
806 1416 891 1493 cst.
910 1438 1137 1493 obnoxia
1168 1432 1457 1490 reddenda:
1483 1431 1697 1497 rationi,
1725 1429 1995 1501 quomodo

415 1533 586 1601 ipsum
615 1531 743 1584 dicit
771 1543 890 1583 esse
920 1526 1157 1582 malum?

484 1621 540 1675 2.
569 1619 707 1687 Quid
738 1633 865 1674 vero
891 1618 1038 1684 dicit,
1072 1617 1198 1673 Cum
1224 1617 1331 1671 suis
1359 1614 1598 1671 actibus?
1626 1614 1878 1669 Liberum
1910 1627 1999 1666 arâ€”

416 1713 631 1768 bitrium
662 1726 784 1765 cum
813 1709 1085 1778 operibus.
1117 1708 1364 1763 Veterem
1395 1716 1573 1761 autem
1607 1706 1777 1774 ipsum
1804 1711 1994 1767 vocat,

418 1805 533 1873 ejus
562 1804 747 1858 volens
776 1801 1064 1856 ostendere
1102 1800 1489 1871 turpitudinem
1520 1807 1573 1854 et
1600 1797 1996 1853 deformitatem

418 1905 471 1950 rt
501 1895 948 1959 imbecillitatem;
982 1902 1036 1947 et
1055 1891 1459 1962 novum'inqnit,
1487 1898 1756 1959 tamquam
1774 1888 1998 1951 diceret,

415 1986 493 2040 Ne
514 1985 835 2056 exspectetis
857 1985 1088 2059 futurum
1112 1994 1169 2038 ut
1188 1984 1236 2037 ei
1257 1982 1398 2039 idem
1420 1981 1645 2043 accidat,
1668 1978 1760 2035 sed
1782 1988 1966 2034 contra
1985 1994 1999 2031 :

422 2092 542 2129 nam
575 2091 681 2144 quo
725 2075 892 2145 magis
935 2074 1298 2146 processerit,
1326 2088 1435 2128 non
1465 2071 1636 2127 tendit
1661 2071 1726 2124 ad
1754 2069 1960 2125 senium
1985 2110 2002 2136 ,

424 2166 519 2220 sed
543 2166 608 2219 ad
638 2166 893 2235 majorem
921 2169 1098 2235 priore
1119 2165 1475 2234 juventutem.
1499 2163 1628 2218 Nam
1651 2160 1866 2232 quando
1889 2177 2006 2216 ma-

422 2258 596 2327 jorem
625 2256 894 2327 acceperit
921 2256 1277 2327 cognitionem
1297 2297 1314 2322 ,
1331 2254 1549 2326 majora
1581 2269 1792 2324 quoque
1820 2268 2010 2308 conse-

427 2348 606 2416 quitur
627 2388 641 2411 ,
674 2356 728 2401 et
760 2348 928 2416 magis
959 2347 1099 2416 viget
1136 2355 1191 2401 et
1234 2347 1492 2415 majorem
1536 2347 1641 2400 vim
1674 2345 1870 2410 habet,
1902 2359 2007 2398 non

426 2438 599 2491 s.=lnni
627 2439 696 2492 ob
718 2437 1078 2506 juventutem,
1107 2437 1201 2492 sed
1226 2436 1385 2492 etiam
1408 2438 1479 2492 ob
1502 2436 1731 2491 formam
1758 2435 1824 2490 ad
1850 2451 2009 2505 quam

430 2530 683 2586 refertur.
726 2530 865 2586 Ecce
905 2539 1146 2585 creatura
1176 2533 1375 2600 optima
1415 2532 1538 2586 vita:
1576 2532 1837 2588 institutio
1879 2531 2007 2586 dici-

427 2635 536 2678 tur.
569 2625 647 2679 Ad
693 2626 977 2694 imaginem
1021 2623 1218 2680 Christi
1251 2625 1387 2681 :hoc
1428 2626 1571 2680 enim
1608 2636 1692 2681 est
1727 2626 1889 2690 illud,
1932 2627 2011 2682 Ad

425 2716 698 2786 imaginem
736 2717 849 2787 ejus
884 2716 974 2787 qui
1001 2715 1186 2770 creavit
1228 2718 1413 2789 ipsum.
1454 2716 1586 2771 Nam
1631 2732 1730 2774 nec
1768 2717 2013 2773 Christus

427 2823 590 2873 senex
619 2817 862 2862 mortuus
887 2815 991 2871 est,
1015 2806 1109 2879 sed
1140 2818 1257 2863 erat
1283 2808 1419 2862 adeo
1441 2807 1664 2877 pulcher
1687 2819 1745 2863 ut
1775 2808 1878 2864 dici
1906 2822 2011 2864 non

432 2899 620 2967 possit.
658 2896 756 2952 Ubi
783 2913 883 2952 non
913 2909 985 2952 est
1015 2899 1267 2953 masculus
1304 2915 1394 2952 nec
1427 2898 1648 2967 femina,
1684 2900 1772 2954 Il.
1814 2900 2016 2972 gmtilis

433 2999 481 3041 et
503 2987 739 3054 Judazus,
769 2989 1080 3044 circumcisio
1110 2998 1155 3043 et
1191 2989 1518 3059 priaputium,
1545 2988 1789 3043 barbarus
1813 3000 1859 3044 et
1886 2990 2018 3061 Scy-

436 3079 547 3146 tha,
573 3095 743 3133 seruus
768 3090 814 3135 et
838 3080 984 3148 liber,
1012 3081 1100 3134 sed
1127 3081 1318 3147 omnia,
1352 3089 1397 3134 et
1425 3080 1478 3133 in
1507 3081 1738 3135 omnibus
1767 3081 2015 3139 Christus.

441 3170 579 3224 Ecce
603 3170 814 3225 tertium
834 3169 993 3240 hujus
1015 3170 1111 3224 viri
1129 3171 1455 3235 encomium,
1473 3170 1688 3240 quando
1710 3186 1807 3226 nec
1824 3172 2016 3242 gentis,

439 3276 540 3315 nec
569 3261 935 3329 auctoritatis,
976 3277 1150 3330 neque
1190 3261 1453 3331 majorum
1499 3261 1791 3333 ingreditur
1833 3262 2021 3317 discri-

440 3369 584 3418 men,
631 3370 752 3408 cum
793 3353 924 3408 nihil
971 3353 1168 3408 habeat
1206 3363 1487 3409 externum
1513 3396 1528 3421 ,
1573 3370 1747 3425 neque
1777 3354 1860 3409 his
1889 3371 2022 3424 epos

440 3445 635 3500 haheat
660 3463 675 3499 :
700 3447 823 3500 talia
851 3446 995 3501 enim
1026 3446 1207 3501 omnia
1246 3454 1370 3501 sunt
1401 3457 1643 3502 externa.
1677 3447 2025 3501 Circumcisio

444 3546 500 3589 et
529 3539 867 3605 pra-potium,
900 3552 1089 3592 servus
1115 3548 1167 3591 et
1199 3537 1355 3604 liber,
1384 3536 1636 3602 Graacus,
1665 3536 1767 3591 hoc
1795 3544 1878 3591 est
1906 3553 2029 3606 pro-

447 3626 652 3695 selytus
678 3668 692 3689 ,
721 3636 775 3681 et
802 3627 1019 3682 Judtcus
1048 3642 1080 3682 a
1110 3627 1417 3698 majoribus.
1459 3628 1513 3683 Si
1559 3629 1699 3682 hunc
1731 3627 1901 3682 solum
1930 3628 2027 3681 ha-

454 3716 617 3777 beas,
650 3716 835 3770 eadem
877 3718 1179 3787 assequeris
1225 3734 1342 3788 qua:
1387 3719 1474 3773 alii
1521 3719 1612 3789 qui
1655 3719 1871 3773 habent.
1923 3718 2029 3773 Sed

454 3808 660 3872 omnia,
696 3808 895 3877 inquit,
936 3817 982 3863 et
1019 3809 1072 3864 in
1110 3810 1336 3866 omnibus
1383 3822 1454 3865 est
1495 3811 1766 3877 Christus;
1813 3812 1865 3866 id
1909 3822 1987 3865 est
2012 3853 2026 3876 ,

453 3900 632 3955 outuia
665 3902 817 3957 nobis
845 3903 946 3958 erit
969 3901 1232 3967 Christus,
1263 3913 1317 3958 et
1340 3904 1571 3976 dignitas
1600 3916 1653 3961 et
1675 3920 1867 3976 genus,
1898 3913 1951 3959 et
1978 3904 2029 3957 ili

455 3994 607 4048 vobis
631 3995 881 4050 omnibus
909 3998 1043 4065 ipse.
1075 3997 1183 4052 Ant
1207 3997 1348 4052 aliud
1382 3998 1547 4064 dicit,
1578 4015 1770 4068 nempe
1795 4016 1808 4052 :
1833 3998 2032 4053 Omnes

448 4102 591 4140 unus
621 4086 862 4142 Christus
889 4088 1012 4144 iacti
1051 4090 1218 4157 estis,
1249 4107 1371 4145 cum
1411 4092 1528 4146 sitis
1557 4093 1674 4162 ejus
1699 4107 1910 4160 corpus.
1944 4091 2030 4147 12.

451 4204 468 4230 Î¹
487 4180 659 4232 mluite
678 4195 764 4234 vos
783 4198 900 4250 ergo
918 4182 1048 4237 sicut
1069 4185 1212 4238 electi
1243 4183 1359 4251 Dei,
1385 4187 1548 4239 sancti
1566 4196 1612 4240 et
1634 4188 1818 4241 dilecti.
1843 4188 2032 4243 Osten-

455 4269 537 4321 dit
563 4268 868 4325 lacilitatem
899 4272 1130 4337 virtutis,
1167 4284 1224 4328 ut
1251 4284 1305 4328 et
1330 4290 1446 4329 eam
1479 4287 1736 4347 perpetuo
1766 4278 2032 4344 habeant,

450 4368 510 4411 et
549 4370 603 4412 ut
643 4370 912 4431 tamquam
957 4365 1191 4419 maximo
1229 4374 1447 4421 utantur
1485 4380 1819 4425 ornamento.
1864 4371 1930 4425 Et
1957 4383 2037 4426 est

452 4460 579 4499 cum
610 4448 765 4505 laude
802 4454 1018 4506 suasio:
1050 4464 1179 4508 tunc
1204 4458 1346 4510 enim
1379 4457 1487 4511 vim
1529 4458 1686 4514 habet
1731 4463 2035 4516 maximam.

454 4536 697 4592 Fuerunt
723 4542 862 4595 enini
892 4545 1060 4598 sancti
1086 4585 1101 4611 ,
1130 4545 1223 4600 sed
1252 4561 1357 4600 non
1385 4549 1543 4601 elei-ti
1572 4567 1585 4601 :
1616 4565 1756 4604 nunc
1783 4560 1958 4605 autem
1987 4561 2041 4606 et

451 4626 615 4681 electi
654 4638 709 4683 et
737 4632 907 4686 sancti
939 4641 994 4687 et
1022 4633 1227 4693 dilecti.
1268 4634 1472 4690 Viscera
1501 4639 1879 4694 misericordiw.
1922 4641 2036 4695 Non

449 4719 626 4782 dicit,
658 4720 1112 4792 Miscricordiam,
1141 4727 1236 4782 sed
1278 4743 1401 4783 cum
1444 4730 1630 4799 majori
1673 4733 1912 4802 emphasi
1948 4751 2040 4803 per

449 4810 583 4865 duo.
608 4812 676 4867 Et
696 4830 799 4868 non
820 4815 974 4883 dixit,
993 4818 1283 4890 Tamquam
1308 4821 1578 4885 fratribus.
1604 4825 1718 4888 sed,
1744 4825 2035 4896 Tamquam

452 4901 585 4954 ï¬liis
622 4914 820 4970 patres.
863 4907 941 4962 Ne
980 4909 1111 4964 mihi
1155 4913 1297 4966 enim
1339 4912 1539 4969 dixeris
1572 4917 1710 4983 quod
1759 4921 2034 4985 peccavit:

452 5000 741 5060 propterea
768 4995 1153 5062 dixit,Viscera.
1184 5001 1251 5056 Et
1282 5018 1386 5057 non
1415 5004 1569 5071 dixit,
1597 5006 2035 5075 Misericordiam,

450 5096 525 5135 ne
553 5096 649 5136 eos
676 5084 1044 5154 vilipenderct,
1073 5091 1188 5156 sed,
1236 5090 1438 5148 Viscera
1470 5097 1846 5152 misericordiae.
1881 5099 2037 5153 Beni-

446 5172 730 5245 gnitatem,
770 5177 1142 5250 humilitatem,
1189 5186 1520 5251 modestiam,
1574 5191 1903 5258 patientium;
1949 5193 2035 5246 I3.

444 5277 813 5333 supportantes
832 5269 1066 5338 invicem,
1088 5283 1136 5328 et
1157 5276 1402 5331 donantes
1446 5280 1826 5351 nobismetipsis,
1859 5284 1903 5336 si
1931 5284 2041 5352 quis

442 5358 697 5411 adversus
740 5359 961 5430 aliquem
1007 5363 1188 5418 habeat
1224 5368 1482 5437 querelam
1514 5386 1533 5424 :
1559 5372 1683 5425 sicut
1729 5384 1775 5426 et
1813 5372 2043 5429 Christus

441 5447 664 5515 donauit
707 5452 864 5517 vobis,
895 5453 967 5506 ita
1005 5464 1052 5508 et
1096 5472 1200 5510 vos.
1250 5458 1454 5514 Rursus
1493 5461 1620 5516 dicit
1649 5479 1744 5532 per
1772 5466 2039 5533 speciem:

340 5535 344 5537 â€œ
443 5551 584 5591 nam
608 5553 637 5590 a
661 5539 986 5611 benignitate
1010 5547 1182 5602 oritur
1203 5549 1493 5619 humilitas,
1520 5555 1660 5609 etab
1683 5572 1743 5609 ea
1770 5556 2040 5625 patientia.

445 5630 855 5699 Suppartautes,
885 5636 1076 5706 inquit,
1105 5641 1351 5708 invicem;
1381 5643 1484 5698 hoc
1507 5654 1588 5699 est
1612 5647 1961 5715 sustinentes,
1991 5660 2045 5704 et

447 5722 598 5776 alter
622 5722 775 5780 alteri
797 5726 1153 5789 diuiittcntes.
1183 5735 1245 5791 Et
1272 5738 1392 5794 vide
1421 5742 1686 5809 quomodo
1719 5744 1891 5815 ipsum
1919 5747 2047 5803 nihil

1280 313 1346 370 IN
1387 312 1606 370 EPIST.
1647 311 1738 369 AD
1774 307 2048 367 COLOSS.

2088 308 2242 365 CAP.
2288 310 2371 367 Î™Î™Î™.
2416 312 2646 371 Î·Î¿ÎœÎ¹Î¹.
2690 315 2821 373 VIII.
3569 323 3671 380 351

2091 435 2211 478 esse
2238 425 2563 494 ostenderit,
2596 435 2654 482 ut
2688 428 2778 499 qui
2808 428 3011 484 vocarit
3038 430 3338 499 querelam.
3371 431 3436 486 Et
3460 431 3671 501 adjieiz,

2092 512 2239 568 Sicut
2276 525 2324 570 et
2349 516 2581 572 Christus
2612 519 2818 573 donavit
2849 521 3007 574 vobis.
3051 521 3298 591 Magnum
3329 522 3630 592 exemplum
3660 543 3671 579 :

2094 606 2235 674 quod
2264 621 2478 677 semper
2502 607 2646 670 facit,
2675 625 2704 663 a
2731 609 2947 665 Christo
2975 611 3119 682 ipsos
3144 611 3461 670 adhortans.
3488 614 3673 681 Quere-

2095 694 2196 748 lam
2233 695 2382 751 dicit.
2416 696 2526 752 Illic
2559 698 2774 767 quidem
2811 715 3035 770 parvum
3072 702 3200 758 illud
3243 718 3365 760 esse
3404 704 3673 768 ostendit;

2093 784 2307 854 quando
2354 795 2531 841 autem
2574 788 2794 842 adduxit
2824 792 3126 860 exemplum
3153 834 3167 857 ,
3204 795 3468 861 persuasit
3492 795 3633 866 quod
3657 835 3675 861 ,

2094 879 2305 933 etiamsi
2348 879 2416 934 de
2455 881 2664 951 magnis
2693 883 2961 951 possimus
2985 899 3240 941 accusare
3266 929 3281 952 ,
3311 897 3521 956 oportet
3546 902 3677 942 tron-

2096 969 2298 1025 donare
2323 986 2339 1030 ;
2362 970 2491 1026 illud
2513 972 2678 1038 enim,
2704 973 2846 1028 Sicut
2868 974 3115 1042 Christus,
3137 975 3238 1031 hoc
3258 978 3522 1048 signiï¬cat
3543 995 3556 1031 :
3581 993 3681 1033 nec

2098 1060 2201 1116 hoc
2226 1062 2421 1127 solum,
2450 1064 2542 1118 sed
2569 1064 2732 1120 etiam
2759 1066 2900 1135 quod
2929 1082 2992 1121 ex
3022 1076 3133 1122 toto
3158 1070 3355 1132 corde;
3385 1085 3558 1139 neque
3580 1069 3681 1126 hoc

2099 1161 2303 1207 tantum
2329 1194 2344 1218 ,
2372 1154 2465 1207 sed
2494 1154 2655 1208 etiam
2692 1155 2834 1225 quod
2874 1165 3120 1224 oporteat
3156 1158 3399 1227 diligere.
3437 1160 3681 1215 Christus

2098 1245 2240 1300 enim
2286 1245 2337 1298 in
2387 1244 2620 1300 medium
2665 1246 2926 1302 adductus
2969 1247 3084 1302 haec
3127 1249 3304 1303 omnia
3342 1249 3599 1304 adducit:
3629 1260 3683 1304 et

2098 1337 2239 1408 quod
2279 1338 2487 1393 etiamsi
2532 1340 2642 1394 sint
2679 1355 2870 1411 magna
2895 1381 2911 1408 ,
2953 1341 3162 1396 etiamsi
3208 1342 3354 1409 prius
3396 1356 3491 1396 eos
3536 1341 3681 1396 nulla

2099 1427 2437 1484 atlâ€˜ecerimus
2467 1428 2657 1500 injuria
2682 1469 2698 1496 ,
2741 1430 2950 1485 etiamsi
2987 1445 3086 1486 nos
3112 1431 3324 1501 quidem
3363 1433 3575 1501 magni;
3608 1431 3684 1486 illi

2100 1532 2229 1573 vero
2260 1519 2469 1589 pusilli;
2501 1520 2711 1574 etiamsi
2743 1521 2851 1574 sint
2879 1534 2977 1576 nos
3007 1531 3190 1590 postea
3224 1521 3464 1576 affecturi
3490 1533 3684 1577 contu-

2102 1609 2258 1663 melia
2289 1626 2302 1661 :
2331 1617 2388 1663 et.
2422 1609 2564 1678 quod
2604 1611 2779 1663 anima
2824 1624 2921 1678 pro
2964 1611 3093 1679 ipsis
3136 1613 3207 1666 sit
3246 1613 3522 1682 ponenda;
3553 1614 3685 1669 illud

2103 1702 2243 1755 enim
2270 1741 2283 1766 ,
2319 1700 2499 1767 Sicut,
2530 1701 2645 1755 hac
2676 1702 2910 1771 postulat
2937 1719 2950 1757 :
2976 1712 3032 1756 et
3059 1704 3199 1773 quod
3232 1720 3330 1760 nec
3359 1705 3427 1760 ad
3458 1717 3686 1761 mortem

2103 1810 2273 1865 usque
2299 1795 2469 1849 solum
2500 1803 2644 1849 stare
2674 1803 2940 1865 oporteat,
2969 1796 3063 1851 sed
3093 1799 3135 1852 si
3168 1797 3281 1853 ï¬eri
3316 1800 3505 1870 possit,
3529 1803 3688 1856 etiam

2106 1895 2312 1956 postea.

2179 1977 2305 2032 Sine
2325 1978 2533 2031 caritate
2556 1977 2685 2032 nihil
2693 1977 2911 2035 .bonum.
2935 2010 3005 2020 â€”
3031 1979 3115 2034 14.
3143 1978 3314 2050 Super
3332 1980 3502 2034 omnia
3521 1992 3690 2037 autem

2108 2069 2215 2123 haec
2243 2069 2507 2123 caritatem
2535 2068 2711 2124 habete
2731 2112 2746 2138 ,
2777 2071 2915 2141 quod
2958 2081 3029 2125 est
3054 2072 3308 2125 vinculum
3346 2074 3690 2145 perfectionis.

2115 2160 2274 2215 Vides
2312 2160 2454 2231 quod
2495 2160 2597 2216 hoc
2630 2161 2793 2218 dicat.
2830 2162 2961 2217 Nam
2990 2165 3239 2232 quoniam
3279 2165 3394 2219 fieri
3432 2175 3605 2235 potest
3635 2178 3694 2222 ut

2109 2253 2196 2321 qui
2226 2251 2496 2307 condonet
2523 2267 2626 2306 non
2653 2252 2857 2322 diligat,
2883 2253 3056 2319 Certe,
3086 2254 3277 2325 inquit,
3299 2265 3507 2324 oportet
3528 2258 3692 2311 etiam

2110 2343 2364 2414 diligere;
2395 2351 2450 2399 et
2486 2344 2721 2399 ostendit
2759 2344 2896 2399 riam
2941 2361 3036 2414 per
3078 2361 3237 2417 quam
3287 2347 3400 2402 fieri
3434 2360 3608 2418 potest
3639 2359 3695 2403 ut

2111 2435 2466 2490 condonetur.
2497 2434 2637 2491 Fieri
2664 2437 2805 2491 enim
2834 2446 3006 2507 potest
3037 2448 3089 2491 ut
3121 2439 3188 2493 sit
3218 2439 3411 2509 aliquis
3436 2440 3696 2511 benignus

2111 2538 2167 2584 et
2190 2530 2336 2584 mitis
2357 2540 2411 2585 et
2437 2530 2652 2585 humilis
2681 2539 2734 2587 et
2759 2531 2914 2598 leuis,
2941 2541 2995 2587 et
3016 2532 3219 2602 diligat.
3248 2532 3608 2601 Quamobrem
3644 2535 3696 2589 iu

2116 2620 2377 2690 principio
2403 2619 2555 2683 dixit,
2598 2620 2803 2676 Viscera
2830 2623 3224 2690 misericordite,
3256 2633 3310 2678 et
3337 2624 3613 2681 caritatem
3643 2636 3698 2680 ct

2116 2713 2561 2768 misericordiam.
2613 2715 2784 2786 Super
2830 2717 3000 2770 omnia
3046 2727 3215 2771 autem
3259 2717 3367 2772 hac
3413 2719 3696 2787 caritatem,

2114 2821 2228 2869 quis
2266 2814 2337 2859 est
2378 2806 2633 2860 vinculum
2680 2808 3022 2878 perfectionis.
3056 2807 3169 2864 Hoc
3209 2818 3293 2864 est
3336 2798 3517 2866 autem
3556 2811 3699 2882 quod

2117 2897 2228 2952 vult
2254 2896 2432 2953 dicere
2456 2915 2470 2953 :
2498 2898 2590 2952 Illa
2617 2899 2747 2953 nihil
2775 2910 3030 2969 prosunt;
3056 2899 3584 2958 dissolvunturâ€˜enim
3611 2903 3700 2957 illa

2117 2989 2294 3043 omnia
2317 3005 2332 3053 ;
2364 2988 2465 3042 nisi
2510 2988 2636 3042 liant
2661 3003 2781 3044 cum
2807 2989 3032 3044 caritate
3060 3006 3073 3041 Îµ
3101 2988 3216 3045 haec
3247 2991 3424 3046 omnia
3454 2992 3543 3046 illa
3568 3006 3701 3047 couâ€”

2119 3079 2352 3149 stringit.
2395 3080 2779 3151 Quodcumque
2827 3081 3024 3136 bonum
3064 3081 3287 3149 dixeris,
3333 3083 3379 3137 si
3422 3099 3485 3139 ea
3528 3083 3702 3149 absit,

2121 3170 2253 3225 nihil
2280 3181 2382 3236 est,
2410 3171 2504 3226 sed
2535 3172 2747 3226 diflluit.
2780 3173 2841 3226 Et
2867 3172 3005 3227 sicut
3030 3172 3081 3226 in
3111 3174 3253 3240 navi,
3277 3174 3495 3246 etiamsi
3515 3190 3703 3245 magna

2122 3263 2229 3317 sint
2274 3263 2624 3318 instrumenta
2651 3303 2665 3328 ,
2701 3271 2758 3317 et
2803 3278 2907 3316 non
2953 3263 3062 3316 sint
3092 3278 3210 3332 qua:
3249 3277 3365 3317 eam
3396 3265 3707 3334 succingant

2125 3354 2379 3419 tabulata,
2413 3353 2543 3407 nihil
2571 3352 2819 3424 prodest;
2846 3362 2899 3408 et
2923 3352 2974 3406 in
3001 3350 3166 3408 domo
3191 3354 3237 3409 si
3265 3369 3370 3408 non
3397 3355 3502 3408 sint
3536 3357 3710 3410 conti-

2125 3446 2435 3515 guationcs;
2467 3454 2521 3499 et
2557 3445 2608 3499 in
2651 3459 2910 3515 corpore,
2943 3445 3149 3500 etiamsi
3193 3460 3382 3515 magna
3411 3448 3520 3501 sint
3550 3462 3668 3501 ossa
3691 3488 3710 3514 ,

2127 3554 2231 3594 non
2271 3538 2378 3592 sint
2417 3546 2594 3590 autem
2636 3536 2917 3607 ligamenta
2942 3578 2957 3604 ,
2991 3536 3124 3592 nihil
3166 3538 3336 3608 juvat.
3377 3537 3711 3608 Cujusmodi-

2127 3643 2356 3696 cnnique
2383 3628 2525 3681 enim
2554 3628 2818 3698 quispiam
2855 3627 2994 3682 bona
3042 3627 3233 3683 habeat
3272 3642 3432 3699 opera
3471 3639 3525 3684 et
3568 3641 3714 3685 recte

2130 3719 2288 3783 facta,
2322 3726 2648 3773 evanescunt
2675 3718 2851 3771 omnia
2875 3757 2890 3784 ,
2920 3718 3022 3772 nisi
3056 3719 3125 3773 sit
3150 3719 3362 3774 caritas.
3392 3718 3509 3775 Non
3538 3719 3712 3789 dixit,

2133 3812 2228 3866 Î•Ï‚Î¹
2272 3811 2537 3881 fastigium
2564 3853 2579 3878 ,
2630 3811 2724 3866 sed
2756 3810 2895 3880 quod
2925 3820 3009 3866 est
3039 3813 3231 3881 majus,
3273 3810 3538 3867 Vinculum
3567 3829 3588 3869 :
3614 3813 3716 3868 hoc

2133 3907 2273 3961 enim
2306 3916 2389 3961 est
2414 3906 2582 3975 magis
2612 3905 2972 3959 necessarium
2996 3944 3013 3970 ,
3045 3920 3204 3973 quam
3235 3905 3382 3958 illud.
3410 3904 3540 3960 Nam
3573 3906 3718 3959 fasti-

2133 3999 2276 4068 gium
2305 3996 2518 4067 quidem
2545 4006 2628 4050 est
2658 3994 2880 4049 intentio
2919 3993 3300 4062 perfectionis;
3329 3995 3592 4049 vinculum
3619 4012 3718 4050 au-

2138 4097 2240 4143 tem
2272 4097 2354 4143 est
2383 4087 2694 4156 complexus
2719 4093 2775 4139 et
2799 4084 3208 4153 comprehensio
3233 4098 3419 4138 eorum
3453 4100 3570 4155 qua:
3597 4102 3719 4156 per-

2139 4180 2422 4235 fectionem
2451 4178 2709 4242 efficiunt,
2742 4188 3010 4246 tamquam
3052 4176 3201 4230 radix
3225 4219 3238 4241 ,
3271 4177 3357 4232 I5.
3403 4178 3465 4231 Et
3495 4196 3598 4250 pax
3629 4179 3722 4234 Dei

2138 4270 2349 4326 exsultet
2378 4271 2431 4323 in
2459 4269 2690 4323 cordibus
2716 4267 2913 4335 vestris,
2945 4267 2998 4320 in
3023 4281 3122 4337 qua
3151 4276 3199 4320 et
3225 4272 3384 4322 vocati
3416 4270 3530 4324 estis
3549 4271 3600 4324 in
3622 4286 3723 4325 uno

2139 4380 2369 4434 corpore,
2404 4374 2450 4417 et
2478 4363 2612 4432 grati
2641 4371 2814 4415 estote.

2210 4456 2260 4510 3.
2294 4455 2399 4510 Pax
2422 4453 2511 4507 Dei
2530 4461 2611 4507 est
2626 4468 2685 4506 ea
2705 4468 2823 4522 quae
2839 4460 2922 4507 est
2939 4451 3087 4506 firma
3113 4460 3164 4506 et
3186 4450 3412 4507 stabilis.
3431 4452 3485 4508 Si
3510 4462 3725 4523 propter

2143 4549 2408 4602 hominem
2435 4544 2647 4615 quidem
2678 4558 2861 4614 pacein
2894 4544 3090 4599 habeas
3113 4586 3129 4612 ,
3157 4559 3217 4600 ea
3247 4545 3354 4599 cito
3383 4545 3725 4610 dissolvitur;

2141 4642 2221 4696 sin
2241 4647 2416 4694 autem
2439 4646 2653 4708 propter
2673 4636 2861 4704 Deum,
2881 4652 2986 4690 non
3016 4635 3222 4691 itidem.
3246 4636 3576 4705 Quamquam
3596 4633 3729 4689 dixit

2144 4733 2387 4786 universe
2408 4770 2420 4793 ,
2453 4725 2728 4784 Caritatem
2749 4769 2764 4794 ,
2797 4743 2983 4782 rursus
3025 4736 3200 4783 tamen
3231 4728 3375 4782 venit
3405 4727 3469 4781 ad
3500 4725 3555 4780 id
3584 4726 3726 4796 quod

2143 4834 2225 4880 est
2248 4823 2514 4893 singulare
2537 4839 2548 4874 :
2575 4830 2656 4875 cst
2679 4821 2820 4875 enim
2845 4822 3005 4875 etiam
3033 4820 3377 4873 immoderata
3401 4820 3596 4873 caritas
3616 4836 3629 4871 :
3649 4828 3728 4883 ut,

2144 4918 2355 4987 quando
2372 4915 2633 4986 quispiam
2658 4931 2722 4969 ex
2743 4914 2905 4968 multa
2928 4914 3149 4968 caritate
3167 4921 3368 4967 temere
3387 4920 3619 4974 accusat,
3639 4911 3729 4965 de-

2145 5020 2446 5078 pugnatque
2467 5018 2520 5062 et
2536 5016 2831 5061 aversatur.
2855 5005 2967 5059 Non
2990 5004 3137 5063 dicit,
3161 5002 3274 5057 Hoc
3298 5002 3420 5056 nolo
3440 5019 3455 5068 ;
3479 5002 3573 5056 sed
3595 5002 3731 5057 sicut

2146 5098 2289 5153 Deus
2315 5097 2590 5151 vobiscum
2634 5096 2760 5150 fecit
2801 5110 2984 5164 paceni
3013 5135 3027 5158 ,
3063 5094 3134 5146 ita
3168 5106 3260 5144 vos
3302 5106 3514 5162 quoque
3551 5090 3729 5145 facite.

2145 5188 2424 5255 Quomodo
2448 5186 2618 5241 fecit?
2642 5184 2772 5241 Cum
2805 5187 2916 5254 ipse
2949 5184 3233 5248 voluisset,
3262 5182 3402 5237 nulla
3432 5199 3491 5238 re
3519 5198 3548 5237 a
3578 5184 3732 5238 nobis

2145 5292 2383 5352 accepta.
2414 5279 2550 5348 Quid
2579 5287 2681 5342 est,
2704 5278 2821 5331 Pax
2841 5275 2936 5330 Dei
2958 5275 3169 5330 exsultet
3188 5277 3241 5328 in
3262 5275 3495 5330 cordibus
3515 5276 3690 5330 vestris
3708 5275 3735 5331 1

2147 5375 2203 5430 Si
2225 5382 2457 5445 pugnent
2474 5372 2591 5426 dum
2610 5370 2974 5441 cogitationes,
2997 5385 3063 5422 ne
3082 5377 3282 5422 statuas
3300 5368 3427 5421 iram
3452 5383 3551 5422 nec
3566 5366 3733 5420 insul-

2153 5469 2406 5522 tationem
2436 5472 2704 5518 tenentem
2729 5462 2967 5517 bravium
2991 5473 3039 5515 et
3072 5460 3370 5531 pra-mium,
3393 5459 3485 5513 sed
3515 5473 3730 5528 pacem:

2150 5560 2376 5627 exempli
2403 5573 2581 5619 causa,
2611 5557 2678 5610 sit
2704 5554 2965 5625 quiSpiam
2993 5553 3188 5622 injuste
3213 5550 3433 5605 all'ectus
3453 5560 3736 5604 contume-

2152 5653 2222 5708 lia
2240 5669 2253 5706 :
2268 5666 2298 5705 a
2319 5647 2636 5703 contumelia
2655 5654 2824 5700 enat:e
2841 5654 2965 5701 sunt
2980 5644 3097 5700 dua:
3114 5643 3483 5714 cogitationes,
3503 5657 3604 5698 una
3621 5644 3737 5711 qui-

2155 5744 2276 5800 dem
2317 5740 2510 5811 jubens
2541 5736 2757 5806 ulcisci,
2790 5737 2954 5792 altera
2982 5750 3109 5792 vero
3139 5735 3402 5802 tolerare;
3433 5742 3485 5789 et
3515 5734 3651 5789 inter
3678 5750 3737 5790 se
