4026 6148
404 331 514 388 355

406 444 698 500 luctantur.
724 441 781 498 Si
807 439 1015 497 steterit
1045 453 1146 510 pax
1191 439 1286 495 Dei
1330 437 1605 509 praemium
1631 435 1981 505 distribuens,

409 535 503 591 dat
528 534 806 607 prtemium
835 533 882 587 ei
914 546 1031 600 qua:
1053 528 1206 600 jubet
1233 529 1484 596 tolerare,
1513 536 1569 582 et
1591 528 1739 582 illum
1770 527 1983 596 pudore

406 626 594 680 afficit.
625 622 942 691 Quomodo?
971 620 1312 676 Persuadens
1339 620 1505 674 Deum
1536 634 1658 674 esse
1689 633 1896 688 pacem,
1926 626 1980 673 et

409 731 592 786 pacem
635 714 912 768 nobiscum
961 711 1172 766 fecisse.
1225 710 1339 766 Non
1383 710 1480 765 abs
1526 725 1586 765 re
1629 725 1729 765 nec
1784 719 1988 765 temere

410 805 642 860 ostendit
680 805 757 860 rei
785 818 1036 872 magnum
1068 818 1188 858 esse
1213 812 1508 858 certamen.
1540 800 1615 855 Ne
1646 801 1723 855 ira
1745 843 1759 867 ,
1794 801 1983 870 inquit,

408 895 683 965 pramtium
735 894 1042 960 distribuat,
1095 908 1201 948 non
1251 892 1542 958 contentio,
1589 907 1694 946 non
1745 906 1844 960 pax
1885 889 1985 945 hu-

408 1003 564 1044 mana
593 1005 606 1042 :
640 1004 739 1058 pax
770 989 910 1042 enim
941 987 1170 1042 humana
1204 986 1262 1039 fit
1285 1001 1350 1039 ex
1376 1000 1442 1040 eo
1470 983 1613 1055 quod
1639 999 1744 1038 non
1765 983 1988 1038 ulcisca-

411 1097 550 1148 mur,
577 1096 644 1135 ex
672 1095 739 1135 eo
769 1079 909 1151 quod
934 1079 1064 1134 nihil
1091 1092 1254 1148 grave
1283 1078 1566 1146 patiantur.
1593 1075 1662 1129 At
1689 1089 1794 1130 non
1827 1073 1984 1140 hanc,

407 1176 596 1246 inquit,
628 1174 788 1241 volo,
821 1172 916 1228 sed
947 1172 1091 1226 illaut
1118 1184 1279 1241 quam
1325 1169 1571 1224 Christus
1599 1167 1835 1236 reliquit.
1862 1165 1985 1221 Sta~

405 1269 554 1324 dium
586 1269 728 1331 intus
756 1267 880 1322 fecit
913 1309 927 1331 ,
960 1265 1013 1320 in
1043 1263 1455 1335 cogitationibus
1479 1299 1495 1326 ,
1521 1268 1904 1328 certamenque
1932 1264 1987 1312 et

409 1360 615 1429 praemii
641 1358 1068 1412 distributorem.
1101 1353 1301 1408 Deinde
1328 1365 1513 1407 rursus
1532 1349 1844 1404 adhortatio
1875 1365 1888 1400 :
1917 1346 1986 1401 lu

408 1465 506 1519 qua
527 1460 571 1501 et
600 1449 762 1502 uocati
782 1448 939 1512 estis;
968 1448 1067 1500 hoc
1091 1453 1192 1510 est,
1220 1445 1444 1513 Pr0pter
1460 1456 1618 1511 quam
1641 1439 1812 1495 vocati
1836 1437 1986 1492 estis.

409 1539 698 1594 Revocavit
725 1539 776 1592 in
824 1536 1135 1591 memoriam
1183 1549 1340 1605 quam
1390 1533 1675 1586 multorum
1723 1529 1986 1583 bonorum

407 1645 565 1686 causa
591 1630 661 1684 sit
690 1645 810 1700 pax.
841 1628 1066 1697 Propter
1091 1641 1208 1682 eam
1241 1633 1290 1679 te
1317 1623 1542 1688 vocavit,
1568 1622 1685 1691 ejus
1709 1634 1868 1674 causa
1890 1632 1987 1674 vo-

407 1725 583 1787 cavit,
615 1731 671 1777 ut
713 1721 816 1777 fide
845 1720 1067 1790 dignum
1092 1718 1365 1788 acciperes
1393 1714 1688 1785 put-mium.
1718 1711 1848 1766 Nam
1890 1725 1988 1765 cur

407 1828 568 1868 unum
592 1811 715 1866 fecit
737 1809 974 1880 corpus?
1000 1823 1176 1863 nontte
1207 1817 1262 1860 ut
1287 1805 1398 1874 ipsa
1421 1805 1746 1858 dominatum
1775 1799 1986 1855 obtine-

405 1904 530 1958 ret?
578 1917 756 1956 nonne
783 1910 838 1954 ut
869 1901 922 1954 in
952 1913 1080 1968 pace
1124 1895 1351 1967 degeudi
1393 1894 1712 1948 haberemus
1749 1890 1988 1946 occasio-

405 1993 571 2048 nem?
619 1989 725 2046 Cnr
773 2004 962 2045 omnes
1002 2002 1187 2042 sumus
1229 2001 1393 2041 unum
1439 1983 1675 2054 corpus?
1719 1980 1987 2053 quomodo

403 2095 580 2140 autem
624 2097 808 2138 sumus
853 2097 1012 2136 unum
1043 2078 1280 2150 corpus?
1325 2078 1551 2148 Propter
1599 2090 1781 2146 pacem
1823 2089 1986 2128 unum

403 2192 598 2248 corpus
623 2189 827 2240 sumus,
856 2185 911 2230 et
946 2182 1230 2245 pr0pterea
1278 2170 1422 2242 quod
1447 2184 1630 2224 sumus
1669 2181 1831 2222 unum
1870 2181 1990 2220 eor-

405 2285 506 2341 pus
533 2310 549 2338 ,
580 2270 633 2324 iu
663 2284 790 2340 pace
818 2269 1044 2337 agimus.
1073 2268 1183 2322 Cur
1206 2273 1384 2319 autem
1417 2279 1521 2318 non
1547 2261 1722 2329 dixit,
1753 2261 1862 2316 Pax
1890 2260 1987 2315 Dei

405 2363 603 2427 vincat,
636 2361 750 2426 sed,
785 2359 1035 2424 Exsultat,
1064 2363 1176 2412 sive
1203 2357 1482 2426 praemium
1507 2353 1830 2410 distribuat?
1858 2353 1984 2407 Eam

405 2453 581 2508 ell'eeit
626 2451 728 2506 fide
755 2451 1052 2520 digniorem
1084 2468 1098 2503 :
1129 2462 1235 2502 non
1281 2447 1406 2502 sivit
1435 2453 1492 2499 ut
1518 2460 1637 2500 cum
1666 2460 1730 2499 ea
1761 2445 1988 2498 luctare-

407 2552 493 2597 tur
517 2543 653 2596 mala
673 2542 943 2612 cogitatio,
967 2539 1062 2595 sed
1083 2547 1252 2594 staret
1275 2537 1518 2594 inferius.
1546 2539 1610 2592 Et
1629 2552 1821 2594 nomen
1851 2552 1987 2606 pra:-

407 2635 498 2689 mii
530 2634 781 2690 excitavit
809 2633 1128 2688 auditorem.
1171 2630 1307 2686 Nam
1355 2630 1402 2685 si
1445 2629 1655 2684 dederit
1702 2628 1984 2698 praemium

406 2725 563 2780 bona:
593 2723 920 2795 cogitationi,
947 2732 1435 2793 quantumcumque
1464 2720 1574 2787 illa,
1603 2734 1796 2789 nempe
1825 2719 1984 2781 mala,

406 2823 476 2874 sit
495 2818 796 2889 impudens,
825 2818 873 2873 ei
896 2817 964 2872 de
985 2825 1180 2871 caetero
1211 2814 1342 2868 nihil
1370 2812 1623 2883 proderit.
1649 2811 1860 2881 Alioqui
1887 2825 1986 2866 au-

411 2919 514 2965 tem
552 2908 727 2964 sciens
752 2908 860 2973 illa,
887 2905 1030 2978 quod
1057 2904 1309 2976 quidquid
1343 2903 1550 2969 fecerit,
1578 2902 1852 2972 prannium
1881 2916 1986 2955 non

411 3002 481 3054 sit
529 3012 811 3070 acceptura
837 3039 854 3065 ,
884 2997 1138 3068 quidquid
1177 2997 1396 3067 Spirarit
1441 3004 1493 3050 et
1521 2994 1888 3050 vehementius
1915 2993 1989 3048 ir-

408 3107 565 3148 ruere
592 3105 839 3162 aggressa
862 3090 1044 3157 fuerit,
1076 3097 1135 3144 ut
1159 3105 1279 3160 quas
1307 3089 1567 3143 inutiliter
1589 3088 1812 3151 laboret,
1841 3087 1988 3142 desi-

407 3194 532 3240 stet.
569 3182 732 3240 Recte
772 3194 951 3239 autem
978 3182 1234 3249 addidit,
1287 3181 1353 3236 Et
1380 3182 1517 3253 grati
1549 3190 1724 3235 estote.
1771 3180 1882 3236 Hoc
1907 3190 1988 3236 est

407 3279 549 3333 enim
580 3292 700 3332 esse
723 3287 956 3348 gratum,
985 3284 1039 3331 et
1062 3274 1130 3329 ad
1161 3273 1527 3329 incutiendum
1546 3272 1807 3344 pudorem
1833 3272 1988 3327 valde

407 3369 728 3440 appositum,
774 3379 831 3422 ut
871 3366 1146 3423 conservis
1175 3365 1427 3420 similiter
1465 3373 1678 3430 utatur,
1710 3363 1850 3418 sicut
1873 3363 1988 3432 ipso

409 3462 573 3524 Deus,
621 3459 837 3514 domino
877 3459 1055 3526 cedat,
1110 3466 1327 3528 pareat,
1361 3471 1458 3526 pro
1502 3454 1752 3510 omnibus
1789 3455 1988 3526 gratias

407 3560 548 3620 agat,
578 3563 672 3604 seu
709 3548 1036 3604 contumelia
1065 3547 1307 3602 alfecerit
1337 3546 1623 3616 quispiam,
1655 3562 1750 3600 seu
1773 3560 1988 3616 percus-

409 3642 560 3695 serit.
609 3640 710 3705 Qui
736 3640 878 3694 enim
912 3640 1022 3692 Deo
1053 3638 1162 3707 agit
1199 3638 1397 3706 gratias
1427 3653 1521 3706 pro
1550 3637 1615 3691 iis
1641 3652 1761 3707 qua:
1803 3651 1988 3706 passus

409 3743 512 3797 est,
546 3748 652 3785 non
671 3746 792 3786 eum
811 3730 901 3800 qui
931 3729 1054 3784 fecit
1081 3728 1366 3781 ulciseetur
1392 3744 1406 3780 :
1437 3743 1560 3780 nam
1589 3726 1635 3780 is
1661 3727 1874 3796 quidem
1897 3728 1986 3796 qui

412 3821 708 3885 ulciscitur,
759 3835 864 3872 non
906 3819 1013 3886 agit
1044 3817 1260 3888 gratias.
1293 3816 1398 3871 Sed
1427 3831 1496 3870 ne
1530 3818 1697 3871 simus
1721 3818 1858 3871 sicut
1898 3817 1990 3873 ille

410 3913 499 3984 qui
547 3921 761 3965 centum
791 3909 1033 3980 exigebat
1070 3908 1339 3971 denarios,
1389 3922 1457 3961 tte
1483 3907 1762 3961 audiamus
1786 3947 1802 3974 ,
1835 3907 1990 3962 Serve

410 4019 623 4074 nequam
649 4001 862 4072 (Matth.
895 4003 982 4056 18.
1005 4000 1131 4070 52)
1162 3999 1262 4055 hoc
1283 3999 1424 4054 enim
1447 3999 1636 4069 ingrati
1660 3998 1826 4052 animi
1858 3999 1987 4052 vitio

413 4097 542 4152 nihil
571 4106 653 4152 est
698 4096 868 4167 pejus.
916 4095 1098 4166 Itaque
1142 4094 1334 4164 ingrati
1364 4101 1487 4148 sunt
1516 4091 1605 4163 qui
1640 4093 1985 4147 ulciscuntur.

410 4189 516 4242 Cur
543 4196 723 4242 autem
748 4187 892 4242 venit
916 4185 982 4239 ad
1001 4184 1404 4239 fornicationem
1435 4184 1659 4252 primam
1724 4197 1846 4236 nam
1867 4198 1988 4237 cum

410 4278 667 4339 dixisset,
702 4275 1010 4345 Morticate
1047 4276 1271 4330 membra
1325 4283 1486 4328 vestra
1521 4289 1637 4343 qua:
1675 4283 1791 4326 sunt
1833 4290 1991 4341 supra

411 4377 619 4433 terram,
653 4367 829 4421 statim
858 4367 1010 4433 dicit,
1036 4365 1489 4421 Farnieationem:
1515 4376 1570 4420 et
1598 4364 1699 4420 hoc
1722 4364 1836 4420 fere
1864 4366 1990 4420 facit

409 4459 625 4530 ubique.
655 4458 917 4525 Quoniam
965 4457 1069 4514 hoc
1120 4458 1304 4512 vitium
1356 4457 1587 4513 maxime
1624 4457 1928 4515 dominatur
1973 4475 1986 4512 :

410 4550 652 4605 scribens
682 4551 826 4604 enim
872 4550 923 4603 in
957 4548 1188 4618 Epistola
1212 4547 1280 4603 ad
1307 4547 1814 4604 'lhessalonicenses
1841 4590 1857 4614 ,
1888 4549 1990 4605 hoc

412 4639 554 4694 fecit.
589 4640 657 4694 Et
699 4639 823 4708 quid
872 4638 1088 4704 mirum,
1119 4651 1241 4692 cum
1295 4637 1454 4692 etiam
1497 4637 1639 4691 dicat
1684 4637 1986 4706 Timotheo,

417 4729 650 4802 Teipsum
689 4740 882 4783 castuut
932 4729 1128 4783 custodi
1177 4729 1252 4798 (i.
1299 4727 1432 4782 Tim.
1463 4729 1518 4784 5.
1550 4727 1675 4800 2'2);
1716 4739 1771 4784 et
1805 4745 1989 4785 rursus

411 4824 533 4877 alibi
563 4839 577 4878 :
608 4820 794 4876 Pacem
819 4819 1072 4875 sectamini
1115 4836 1232 4873 cum
1273 4819 1505 4874 omnibus
1545 4828 1590 4873 et
1631 4821 1990 4887 sancticatio-

412 4904 546 4982 nctn,
577 4916 685 4969 sine
711 4930 808 4984 qua
834 4913 1006 4967 nullus
1026 4912 1207 4966 uidebit
1237 4910 1514 4966 Dominum
1537 4910 1721 4984 (Hebr.
1752 4913 1839 4968 12.
1871 4913 1986 4983 14).

415 5007 742 5077 Morticate,
767 5006 958 5076 inquit,
987 5005 1208 5059 membra
1233 5014 1412 5059 uestra.
1437 5004 1588 5072 Quod
1617 5011 1699 5058 est
1719 5014 1987 5062 mortuum

411 5099 566 5168 quale
587 5098 657 5152 sit
688 5111 790 5151 non
821 5095 1098 5167 ignoratis,
1133 5109 1378 5160 exosum,
1408 5093 1846 5158 abominandum,
1878 5095 1984 5148 dil-

411 5192 608 5245 lluens.
649 5189 705 5244 Si
739 5187 1144 5243 mortificaveris
1170 5229 1185 5252 ,
1217 5203 1322 5242 non
1350 5195 1531 5242 manet
1569 5197 1854 5251 tnortuum,
1890 5188 1981 5242 sed

411 5280 590 5336 statim
620 5279 982 5348 corrumpitur
1006 5287 1058 5334 et
1083 5279 1266 5334 interit
1293 5279 1433 5335 sicut
1456 5294 1669 5352 corpus.
1692 5279 1986 5350 Exstiugue

412 5390 540 5445 ergo
591 5373 854 5437 calorem,
887 5380 943 5427 et
993 5372 1126 5428 nihil
1177 5383 1357 5428 manet
1401 5381 1687 5427 mortuum.
1742 5373 1986 5428 Ostendit

412 5469 582 5538 ipsum
614 5468 714 5520 hoe
741 5463 935 5529 facere,
957 5465 1098 5535 quod
1123 5463 1369 5521 Christus
1386 5465 1437 5520 in
1465 5465 1674 5519 lavacro
1700 5483 1713 5519 :
1735 5476 1982 5536 propter-

409 5574 472 5612 ea
515 5557 674 5612 etiam
714 5557 950 5610 membra
995 5565 1194 5611 vocat:
1229 5564 1494 5628 tamquam
1532 5556 1762 5626 aliquem
1817 5558 1986 5610 virum

411 5651 602 5704 lin-tem
633 5645 997 5712 introducens,
1030 5656 1084 5701 et
1104 5645 1171 5700 ad
1189 5647 1444 5716 majorem
1474 5647 1744 5704 deducens
1761 5647 1988 5716 empha-

413 5739 538 5794 siut.
570 5736 638 5791 Et
667 5745 810 5790 recte
839 5739 992 5805 diuit,
1022 5737 1149 5804 Quae
1176 5748 1292 5793 sunt
1317 5755 1468 5808 super
1491 5747 1673 5793 terram
1695 5755 1715 5793 :
1736 5737 1820 5792 hic
1839 5740 1980 5793 enim

1181 328 1237 384 s.
1273 325 1549 382 JOANNIS
1581 309 2055 382 cnnvsosront
2092 325 2408 384 ARClllEP.
2447 326 2957 390 CONSTANTINOP

3566 338 3670 396 356

2095 450 2333 504 manent,
2361 447 2412 494 et
2441 439 2528 494 hic
2565 440 2734 496 multo
2757 442 2925 512 magis
2957 452 3372 515 corrumpuntur
3418 454 3473 500 et
3503 446 3668 503 inter-

2091 539 2220 583 eunt
2244 571 2260 596 ,
2291 544 2446 600 quam
2495 530 2612 586 haec
2649 533 2906 588 membra.
2948 534 3306 602 Quamobrem
3335 551 3440 592 non
3471 548 3552 594 est
3581 541 3661 595 sic

2090 634 2284 691 corpus
2310 636 2340 674 a
2383 631 2520 678 terra
2543 656 2562 690 ,
2589 624 2724 680 sicut
2749 635 3026 695 peccatum
3055 637 3138 681 est
3183 637 3437 684 terrestre
3472 646 3503 683 -:
3546 644 3668 685 nam

2091 725 2286 780 corpus
2332 712 2618 784 aliquando
2659 715 2875 785 quidem
2917 715 3195 787 pulchrum
3249 721 3488 774 cernitur
3531 737 3544 774 :
3578 721 3669 775 illa

2090 811 2267 856 autem
2311 818 2619 874 ntunquam.
2653 805 2720 859 Et
2744 806 2922 860 omnia
2964 822 3084 876 quae
3110 816 3235 863 sunt
3278 824 3442 879 super
3470 819 3669 866 terram

2091 892 2478 961 concupiscunt
2507 890 2621 948 haec
2647 895 2907 950 membra.
2939 895 2994 952 Si
3028 897 3150 952 talis
3193 898 3264 953 sit
3302 900 3511 967 oculus,
3565 918 3670 957 non

2096 980 2241 1036 videt
2266 998 2385 1052 quae
2406 993 2530 1039 sunt
2554 985 2608 1039 in
2631 987 2794 1050 cailis,
2817 987 3036 1052 siauris,
3065 989 3111 1042 si
3142 1004 3331 1044 manus
3347 1032 3361 1056 ,
3384 991 3428 1045 si
3445 994 3671 1062 quodvis

2093 1073 2392 1129 membrum
2443 1075 2662 1132 dixeris.
2715 1076 2914 1133 Oculus
2961 1079 3106 1136 videt
3157 1095 3406 1151 corpora,
3446 1093 3500 1138 et
3551 1085 3670 1154 pul-

2090 1165 2440 1236 chritudines,
2469 1179 2525 1224 et
2573 1170 2764 1240 figuras
2795 1171 2892 1226 itas
2938 1187 3058 1243 qua:
3107 1185 3234 1229 sunt
3274 1189 3340 1229 ex
3374 1184 3553 1239 terra;
3587 1176 3672 1232 his

2091 1254 2385 1313 delectatur
2413 1275 2430 1325 ;
2464 1260 2608 1316 auris
2644 1263 2790 1315 molli
2830 1272 3012 1329 cantu,
3040 1263 3247 1318 cithara
3293 1274 3349 1320 et
3386 1266 3582 1322 fistula.
3612 1277 3671 1322 et

2094 1347 2229 1416 turpi
2257 1363 2506 1405 sermone
2539 1372 2552 1406 :
2585 1351 2703 1406 haec
2727 1363 2905 1407 autem
2937 1361 3062 1408 sunt
3094 1353 3235 1409 circa
3262 1364 3480 1409 terram.
3512 1356 3669 1412 Post-

2091 1453 2249 1508 quam
2301 1455 2428 1512 ergo
2480 1445 2726 1513 superius
2754 1460 2850 1500 eos
2892 1447 3170 1502 collocarit
3194 1448 3345 1516 juxta
3375 1447 3622 1504 thronum
3650 1492 3666 1517 ,

2093 1536 2216 1584 tunc
2238 1530 2387 1599 dicit,
2422 1532 2730 1602 Morticate
2771 1539 2992 1591 membra
3023 1548 3187 1592 vestra
3213 1553 3326 1610 quc
3359 1549 3476 1593 sunt
3519 1557 3674 1611 super

2091 1628 2295 1674 terram.
2329 1621 2444 1677 Non
2475 1624 2597 1678 licet
2621 1633 2765 1680 stare
2792 1628 3037 1697 superius
3083 1645 3207 1685 cum
3247 1630 3330 1685 his
3371 1631 3668 1686 membris:

2091 1723 2196 1764 non
2226 1719 2308 1765 est
2335 1713 2477 1767 enim
2505 1715 2614 1770 illic
2639 1716 2693 1770 in
2720 1718 2858 1786 quod
2889 1733 2952 1773 ea
2978 1722 3187 1790 operari
3215 1731 3443 1791 oportet.
3477 1723 3541 1778 Et
3569 1724 3672 1779 hoc

2091 1800 2259 1857 lutum
2287 1812 2370 1858 est
2397 1805 2490 1860 illo
2521 1807 2671 1877 pejus
2698 1827 2711 1862 :
2741 1825 2864 1864 nam
2897 1811 3026 1866 illud
3049 1814 3260 1882 quidem
3291 1815 3458 1869 lutum
3489 1816 3543 1869 t
3577 1832 3674 1871 an-

2090 1909 2248 1961 rum;
2285 1894 2493 1964 Oportet
2536 1900 2668 1953 enim
2693 1941 2706 1964 ,
2737 1901 2946 1972 inquit,
2980 1904 3303 1973 corruptibile
3343 1907 3439 1960 hoc
3465 1908 3675 1962 induere

2091 1985 2519 2059 incorruptionem
2547 1993 2625 2060 (l.
2653 1995 2776 2047 (.
2819 1994 2908 2050 15.
2941 1996 3032 2066 55)
3074 2011 3090 2049 :
3133 1997 3237 2052 hoc
3282 2009 3459 2054 autem
3501 1999 3670 2054 lututtt

2091 2093 2197 2133 non
2225 2089 2398 2148 potest
2427 2097 2611 2138 rursus
2635 2082 2780 2139 fundi
2801 2097 2856 2141 et
2879 2086 3120 2142 conari.
3153 2090 3512 2156 Quamobrem
3551 2093 3669 2147 haec

2092 2171 2260 2241 magis
2305 2182 2430 2227 sunt
2459 2188 2619 2242 supra
2649 2185 2843 2230 terram
2865 2218 2880 2242 ,
2909 2193 3068 2247 quam
3096 2179 3204 2234 illa.
3240 2180 3530 2250 Propterea
3564 2199 3672 2237 non

2091 2259 2221 2314 dixit
2247 2300 2264 2327 ,
2290 2260 2420 2328 Quae
2450 2272 2576 2319 sunt
2601 2279 2633 2320 e
2663 2274 2825 2337 terra,
2876 2267 2970 2322 sed
2991 2309 3006 2335 ,
3064 2269 3192 2336 Quae
3235 2287 3393 2340 supra
3437 2281 3618 2326 terram
3653 2289 3674 2326 :

2090 2350 2204 2405 fieri
2247 2353 2390 2408 enim
2420 2362 2594 2423 potest
2623 2365 2682 2410 ut
2719 2357 2835 2412 lucc
2863 2373 2966 2412 nou
3012 2359 3118 2414 sint
3145 2376 3175 2416 e
3203 2369 3364 2416 terra.
3397 2361 3526 2417 Nam
3557 2363 3675 2419 hmc

2089 2441 2305 2510 quidem
2324 2458 2546 2500 necesse
2566 2456 2646 2500 est
2673 2461 2796 2503 esse
2817 2463 2978 2518 super
2995 2462 3190 2506 terram
3213 2469 3227 2514 ;
3259 2452 3342 2506 illa
3366 2462 3542 2508 autem
3571 2470 3671 2509 ne-

2089 2547 2352 2603 quaquam
2382 2545 2465 2591 est
2494 2552 2734 2594 necesse.
2776 2539 2906 2594 Nam
2938 2543 3085 2597 auris
3125 2543 3341 2613 quidem
3371 2561 3493 2600 cum
3541 2547 3671 2602 nihil

2090 2623 2238 2679 audit
2265 2640 2330 2680 ex
2359 2626 2424 2682 iis
2449 2644 2568 2698 qua:
2599 2629 2684 2685 hic
2705 2631 2976 2698 dicuntur,
3008 2634 3101 2688 sed
3133 2650 3199 2690 ex
3229 2637 3292 2692 iis
3317 2653 3438 2708 qua:
3467 2650 3589 2694 sunt
3617 2641 3669 2695 in

2090 2715 2270 2783 cadis;
2298 2720 2511 2788 quando
2531 2723 2718 2778 oculus
2745 2725 2878 2780 nihil
2907 2725 3049 2780 videt
3077 2741 3140 2782 ex
3173 2728 3238 2782 iis
3265 2745 3384 2798 qua:
3411 2741 3534 2784 sunt
3563 2730 3668 2799 hic,

2091 2808 2186 2862 sed
2215 2824 2334 2879 quae
2362 2827 2544 2882 supra,
2568 2831 2674 2870 non
2691 2825 2775 2871 est
2798 2832 2959 2886 super
2981 2828 3174 2874 terram
3192 2835 3209 2884 ;
3226 2822 3440 2890 quando
3461 2837 3522 2878 os
3541 2825 3673 2879 nihil

2092 2897 2328 2969 loquitur
2352 2918 2417 2958 ex
2448 2905 2517 2960 iis
2558 2921 2676 2975 qua:
2705 2909 2793 2963 hic
2820 2919 2965 2978 sunt,
3001 2926 3104 2965 non
3132 2923 3212 2966 est
3243 2927 3406 2983 super
3439 2925 3668 2970 terram:

2092 2995 2305 3064 quando
2331 3011 2518 3053 manus
2544 2998 2674 3054 nihil
2700 3002 2884 3056 fecerit
2909 3017 2975 3058 ex
3006 3003 3070 3058 iis
3089 3020 3210 3074 quae
3225 3015 3350 3059 sunt
3375 3008 3533 3075 mala,
3564 3024 3669 3062 non

2091 3095 2175 3140 est
2198 3102 2263 3141 ex
2294 3087 2359 3141 iis
2384 3102 2503 3158 qua:
2531 3099 2655 3145 sunt
2675 3105 2835 3162 supra
2864 3101 3083 3161 terram,
3115 3094 3209 3149 sed
3236 3109 3300 3150 ex
3327 3097 3389 3151 iis
3409 3113 3528 3168 qua:
3547 3107 3673 3154 sunt

2090 3174 2144 3229 in
2174 3177 2338 3232 cadis.

2164 3269 2218 3323 4.
2247 3269 2359 3326 Hoc
2385 3270 2544 3326 etiam
2570 3271 2701 3329 dicit
2743 3272 2989 3331 Christus
3018 3291 3033 3331 :
3068 3276 3131 3332 Si
3151 3277 3324 3332 oculus
3354 3288 3465 3332 tuus
3493 3279 3670 3334 dexter

2092 3369 2140 3413 te
2175 3363 2504 3430 scandalizet,
2547 3365 2602 3420 id
2639 3374 2744 3433 est,
2789 3367 2836 3422 si
2879 3370 3074 3437 aspicis
3121 3371 3399 3441 impudice,
3429 3373 3666 3426 exscinde

2090 3471 2206 3508 eum
2240 3455 2450 3526 (Matth.
2504 3459 2558 3514 5.
2591 3459 2721 3529 29);
2757 3459 2858 3515 hoc
2899 3475 2998 3527 ,
3033 3465 3228 3518 malam
3267 3464 3658 3534 cogitationem.

2094 3545 2220 3599 Mihi
2245 3555 2425 3602 autem
2455 3549 2667 3603 videtur
2702 3551 3128 3617 fornicationem,
3160 3555 3567 3620 immunditiam,
3602 3555 3667 3609 li-

2094 3636 2364 3705 bidinem,
2425 3642 2938 3711 concupiscentiam,
2996 3644 3301 3713 significare
3355 3645 3669 3702 fornicatio-

2094 3743 2239 3795 nem,
2271 3744 2364 3798 per
2411 3729 2526 3785 haec
2574 3733 2750 3786 omnia
2793 3747 2890 3787 nos
2938 3734 3005 3787 ab
3051 3749 3113 3788 ea
3160 3751 3219 3791 re
3269 3735 3560 3792 abduecns.
3616 3738 3672 3794 ld

2093 3821 2234 3875 enim
2263 3831 2347 3876 est
2377 3836 2560 3878 revera
2604 3825 2763 3878 animi
2809 3825 3060 3890 morbus;
3103 3837 3156 3880 et
3185 3828 3321 3882 sicut
3349 3843 3545 3900 corpus
3577 3845 3671 3900 pa-

2097 3911 2260 3979 titur,
2317 3923 2408 3968 aut
2463 3913 2593 3969 febri
2646 3914 2889 3979 laborat,
2919 3925 3013 3970 attt
3066 3918 3378 3974 vulneratur
3419 3922 3538 3976 :ita
3590 3921 3675 3977 hic

2094 4017 2306 4073 quoque
2328 4003 2567 4060 allectus.
2593 4005 2661 4060 Et
2683 4023 2786 4060 non
2811 4007 2964 4074 dixit,
2993 4007 3308 4079 Reprimite,
3337 4011 3453 4076 sed,
3486 4011 3672 4065 Morti-

2095 4093 2263 4161 cate,
2289 4105 2344 4148 ut
2370 4095 2436 4150 de
2461 4105 2658 4150 etetero
2685 4113 2788 4151 non
2816 4100 2983 4167 possit
3022 4114 3302 4169 resurgere
3324 4142 3338 4166 ,
3364 4111 3418 4155 et
3443 4101 3670 4158 auferte.

2095 4183 2356 4238 Mortuum
2379 4186 2705 4241 auferimus:
2737 4189 2900 4253 velut,
2943 4190 2990 4245 si
3015 4191 3136 4246 calli
3178 4192 3285 4247 sint
3325 4193 3376 4247 in
3403 4208 3630 4264 corpore
3655 4236 3669 4258 ,

2096 4290 2290 4345 corpus
2317 4285 2400 4332 est
2427 4289 2714 4345 mortuum,
2743 4290 2797 4336 et
2819 4281 2869 4336 id
2894 4283 3210 4339 auferimus.
3257 4283 3364 4341 Sed
3406 4287 3451 4340 si
3497 4289 3672 4341 vivum

2096 4369 2330 4422 secueris
2353 4409 2368 4432 ,
2394 4368 2547 4423 affert
2571 4370 2809 4426 dolorem
2837 4389 2852 4437 ;
2884 4374 2965 4428 sin
2992 4385 3169 4429 autem
3199 4385 3372 4431 morte
3397 4377 3667 4445 affectum,

2098 4472 2164 4511 ne
2183 4459 2444 4513 sentimus
2472 4461 2706 4530 quidem.
2739 4462 2812 4516 ita
2856 4465 3015 4518 etiam
3045 4465 3097 4520 in
3125 4467 3287 4520 animi
3310 4467 3588 4524 affectibus
3619 4479 3674 4524 et

2097 4547 2298 4602 morbis
2323 4564 2338 4614 ;
2367 4565 2427 4602 ea
2458 4550 2687 4604 animam
2715 4551 2954 4608 efficiunt
2995 4557 3287 4625 patibilem,
3314 4573 3433 4628 quas
3465 4568 3549 4614 est
3575 4561 3667 4612 illl-

2097 4638 2358 4692 mortalis.
2391 4639 2673 4706 Quomodo
2717 4642 3018 4698 idololatria
3047 4646 3186 4700 dicta
3216 4648 3287 4701 sit
3315 4650 3537 4704 avaritia
3569 4665 3671 4703 su:-

2098 4731 2216 4800 pius
2239 4730 2490 4787 diximus.
2519 4733 2647 4799 Qua-
2677 4736 2818 4789 enim
2843 4737 2893 4790 in
2924 4735 3212 4793 ltumanum
3241 4755 3406 4810 genus
3437 4742 3674 4811 tyranni-

2097 4820 2219 4876 dem
2248 4822 2485 4878 maxime
2510 4833 2762 4879 exercent
2786 4865 2799 4890 ,
2830 4827 2942 4881 haec
2968 4839 3113 4896 sunt,
3146 4832 3364 4885 avaritia
3401 4846 3456 4887 et
3481 4831 3676 4888 intem-

2098 4915 2334 4983 perantia
2357 4923 2410 4970 et
2433 4919 2858 4986 concupiscentia
2889 4920 3296 4993 mala..Propter
3311 4940 3424 4992 qua!
3446 4926 3575 4978 venit
3601 4925 3676 4978 ira

2099 5003 2194 5058 Dei
2209 5021 2360 5075 super
2374 5006 2510 5074 lios
2531 5008 2894 5064 inobedientite.
2922 5010 3088 5067 Filios
3117 5014 3247 5069 dicit
3275 5016 3670 5081 inobcdientite,

2097 5113 2191 5152 eos
2217 5100 2434 5168 privatis
2460 5101 2635 5163 venia,
2662 5113 2714 5155 et
2741 5103 3029 5159 ostendens
3057 5121 3150 5160 eos
3179 5109 3229 5161 in
3256 5108 3339 5162 his
3361 5125 3502 5176 esse,
3535 5111 3673 5180 quod

2098 5205 2203 5246 non
2234 5193 2526 5261 paruerint.
2556 5190 2621 5245 lu
2644 5195 2842 5260 quibus,
2867 5195 3056 5266 inquit,
3081 5209 3127 5250 et
3149 5215 3232 5252 vos
3252 5200 3548 5254 antbulastis
3575 5202 3673 5253 ali-

2095 5282 2319 5350 quando,
2348 5292 2396 5335 et
2422 5284 2652 5351 persuasi
2678 5287 2817 5338 estis.
2848 5286 3096 5342 Ostendit
3135 5305 3229 5344 eos
3256 5290 3432 5345 adhuc
3458 5306 3578 5345 esse
3621 5291 3672 5344 in

2095 5373 2160 5428 iis
2184 5413 2200 5439 ,
2227 5383 2282 5430 et
2306 5374 2523 5438 laudat,
2553 5373 2738 5432 dicens
2769 5393 2782 5429 :
2815 5375 2970 5431 Nunc
3012 5391 3181 5434 autem
3216 5380 3470 5450 deponitis
3494 5392 3540 5435 et
3587 5397 3672 5434 vos

2096 5465 2288 5532 omnia,
2317 5467 2467 5533 iram,
2495 5467 2894 5538 indignationem
2917 5511 2930 5533 ,
2964 5473 3234 5538 malitiam,
3265 5473 3628 5545 blasphemiam
3652 5513 3668 5537 ,

2095 5565 2290 5626 turpem
2317 5573 2613 5612 sermonem.
2642 5557 2758 5614 Non
2783 5565 2848 5614 ad
2876 5561 3022 5629 illos,
3049 5561 3147 5617 sed
3176 5565 3474 5619 orationem
3503 5563 3670 5618 dedu-

2094 5648 2169 5702 cit
2194 5646 2262 5701 ad
2303 5647 2438 5701 alios
2461 5688 2478 5715 ,
2509 5663 2576 5702 ne
2607 5647 2781 5705 feriat.
2816 5649 3185 5723 Blaspltetuias
3213 5654 3345 5709 dicit
3387 5654 3669 5710 maledicta

2097 5740 2451 5807 etconvtcia;
2481 5741 2618 5797 sicut
2661 5741 2791 5798 iram
2836 5745 2962 5801 dicit
3007 5747 3283 5802 malitiam.
3327 5749 3468 5805 Alibi
3495 5758 3674 5804 autem
