4026 6148
388 276 493 335 337

393 388 773 461 βλασφημίαν,
820 385 947 451 τοὺς
994 384 1341 456 ὀφθαλμοὺς,
1393 382 1490 455 τὴν
1549 383 1825 455 πορνείαν,
1862 383 1963 456 τὴν

391 476 726 542 πλεονεξίαν,
755 478 940 547 χεῖρας
988 474 1081 526 καὶ
1130 472 1316 535 πόδας,
1345 470 1560 539 ψεῦδος,
1597 470 1696 541 τὴν
1728 470 1966 524 διάνοιαν

391 566 585 636 αὐτὴν,
617 563 828 618 καὶτὸν
855 561 979 614 νοῦν
1006 560 1099 613 τὸν
1130 558 1377 612 παλαιόν.
1417 558 1563 611 Μίαν
1600 556 1712 628 ἔχει
1754 556 1966 628 μορφὴν

391 651 675 723 βασιλικὴν
717 649 816 719 τὴν
864 646 958 700 τοῦ
1003 643 1262 719 Χριστοῦ.
1314 643 1541 697 Δοκοῦσί
1576 660 1665 713 μοι
1699 643 1758 709 ἐξ
1797 642 1967 696 ἐθνῶν

391 735 529 792 εἶναι
559 735 758 807 μᾶλλον
784 729 947 795 οὗτοι,
967 734 1103 804 πρὸς
1119 732 1213 796 οὒς
1244 732 1338 786 καὶ
1366 731 1731 792 ἀποτείνεται,
1754 730 1969 794 δεικνὺς

390 825 473 876 ὅτι
509 822 638 892 μίαν
670 820 782 891 ἔχει
818 820 1028 890 μορφὴν
1066 818 1349 890 βασιλικὴν
1381 817 1449 870 τά
1489 817 1644 888 μέλη,
1673 818 1775 871 κάν
1797 818 1826 870 6
1870 816 1968 888 μὲν

396 906 594 979 μείζων
617 903 674 982 ᾖ,
705 910 733 960 6
759 907 817 959 δέ
860 907 1114 959 ἐλάττων.
1145 906 1410 977 Καθάπερ
1435 904 1544 979 γὰρ
1577 907 1610 976 ή
1642 905 1713 975 γῆ
1743 904 1968 975 ψάμμος

387 991 523 1048 οὖσα
554 995 651 1065 τὴν
673 995 880 1048 οἰκείαν
902 984 1178 1047 ἀπολλῦσα
1198 993 1462 1063 πρότερον
1484 991 1717 1064 μορφὴν,
1746 991 1969 1062 ὕστερον

306 1110 309 1111 ν
389 1084 566 1154 χρυσῆ
610 1082 851 1153 γίνεται·
913 1082 1007 1135 καὶ
1064 1081 1315 1151 καθάπερ
1357 1081 1427 1134 τὰ
1482 1081 1624 1151 ἔρια,
1674 1073 1763 1132 οἶα
1809 1078 1876 1132 ἂν
1907 1074 1965 1152 ᾖν

391 1171 580 1240 ἑτέραν
599 1169 808 1240 δέχεται
833 1167 973 1236 δψιν,
995 1165 1147 1239 [586]
1176 1167 1269 1220 καλ⁵
1287 1166 1383 1236 τὴν
1405 1167 1677 1237 προτέραν
1702 1164 1964 1236 ἔκρυψεν·

388 1256 533 1308 οὕτω
553 1255 617 1326 δὴ
640 1253 733 1306 καὶ
752 1255 781 1306 6
800 1254 1007 1316 πιστός.
1045 1255 1432 1323 Ἀνεχόμενοι,
1458 1254 1641 1325 φησὶν,
1657 1252 1965 1320 ἀλλήλων.

395 1342 605 1407 Ἔδειξε
655 1341 714 1393 τὸ
756 1339 995 1394 δίκαιον·
1023 1340 1213 1410 ἀνέχου
1255 1341 1318 1393 σὺ
1357 1340 1584 1403 ἐκείνου,
1619 1339 1714 1391 καὶ
1765 1337 1970 1401 ἐκεῖνός

395 1444 517 1482 σου·
551 1429 687 1499 ὅπερ
718 1428 776 1480 ἐν
802 1429 868 1498 τῇ
902 1427 1038 1498 πρὸς
1059 1426 1305 1489 Γαλάτας
1332 1427 1517 1496 φησὶν,
1560 1424 1868 1491 Ἀλλήλων
1900 1424 1970 1478 τὰ

384 1514 548 1585 ,ϐάρη
576 1513 924 1581 βαστάζετε.
964 1514 1073 1568 Καὶ
1111 1511 1477 1581 εὐχάριστοι,
1517 1512 1667 1582 φησὶ,
1707 1512 1965 1580 γίνεσθε.

394 1603 644 1656 Μάλιστα
685 1600 783 1671 μὲν
829 1600 1106 1670 πανταχοῦ
1140 1599 1298 1653 τοῦτο
1343 1598 1529 1669 ζητεῖ·
1571 1597 1633 1651 τὸ
1677 1597 1969 1668 κεφάλαιον

393 1690 501 1743 τῶν
530 1689 748 1758 ἀγαθῶν
780 1687 889 1760 γάρ
916 1686 1072 1741 τοῦτό
1099 1689 1266 1740 ἐστιν.

468 1867 528 1914 ε’.
553 1859 976 1932 Εὐχαριστῶμεν
1002 1859 1180 1913 τοίνυν
1195 1860 1252 1912 ἐν
1276 1860 1461 1925 πᾶσιν,
1479 1859 1611 1931 ὅπερ
1638 1858 1703 1912 ἂν
1723 1859 1966 1929 γένηται·

386 1948 550 2015 ,τοῦτο
571 1949 678 2019 γάρ
726 1948 1065 2020 εὐχαριστία.
1100 1948 1173 2000 Τὸ
1206 1946 1303 2017 μὲν
1355 1945 1463 2017 γὰρ
1497 1947 1555 1999 ἐν
1587 1948 1658 2015 τῇ
1694 1947 1972 2019 εὐπραγίᾳ

395 2035 552 2089 τοῦτο
578 2038 772 2100 ποιεῖν,
803 2036 864 2088 οὑ
900 2035 1075 2105 μέγα·
1119 2034 1257 2104 αύτὴ
1294 2033 1401 2103 γὰρ
1429 2033 1537 2086 τῶν
1568 2034 1909 2104 πραγμάτων
1934 2038 1967 2106 ή

398 2124 558 2194 φύσις
586 2122 859 2176 ἐπὶτοῦτο
885 2121 1043 2175 ὠθεῖ·
1071 2122 1202 2175 ὅταν
1229 2120 1286 2174 δὲ
1324 2122 1381 2174 ἐν
1416 2123 1526 2181 τοῖς
1549 2121 1796 2190 ἐσχάτοις
1822 2121 1972 2184 ὄντες

397 2210 828 2282 εὐχαριστῶμεν,
860 2209 982 2262 τότε
1020 2209 1138 2261 ἐστὶ
1171 2207 1504 2277 θαυμαστόν.
1543 2209 1711 2261 Ὅταν
1746 2208 1854 2278 γὰρ
1887 2207 1970 2274 ἐφ’

397 2294 478 2362 οἷς
508 2299 683 2368 ἕτεροι
735 2295 1116 2366 βλασφημοῦσι
1152 2296 1245 2348 καὶ
1295 2294 1780 2358 ἀποδυσπετοῦσιν,
1812 2298 1971 2367 ἡμεῖς

398 2383 828 2453 εὐχαριστῶμεν,
853 2382 956 2452 ὅρα
1009 2383 1151 2452 πόση
1202 2382 1236 2452 ἡ
1265 2381 1572 2450 φιλοσοφία.
1602 2382 1846 2451 Πρῶτον,
1879 2382 1972 2436 τὸν

398 2469 529 2521 Θεὸν
553 2468 863 2539 ηὔφρανας·
889 2466 1165 2538 δεύτερον,
1194 2468 1284 2520 τὸν
1310 2468 1554 2522 διάϐολον
1590 2469 1933 2541 κατῄσχυνας
1953 2485 1968 2500 ·

397 2556 600 2626 τρίτον,
623 2555 719 2607 καὶ
756 2553 817 2608 τὸ
844 2554 1133 2624 γενόμενον
1169 2553 1319 2607 οὐδὲν
1344 2555 1657 2625 ἀπέφηνας·
1687 2555 1821 2626 ὁμοῦ
1862 2556 1969 2627 γάρ

402 2644 466 2697 σύ
493 2660 551 2698 τε
576 2644 936 2714 εὐχαριστεῖς,
977 2644 1071 2696 καὶ
1101 2644 1129 2696 6
1159 2643 1291 2704 Θεὸς
1322 2643 1420 2714 τὴν
1448 2643 1643 2714 ὀδύνην
1675 2644 1974 2715 ὑποτέμνεο

397 2749 510 2796 ται,
560 2733 655 2785 καὶ
682 2732 711 2783 6
759 2730 1001 2794 διάϐολος
1030 2731 1346 2800 ἀφίσταται.
1395 2732 1491 2785 Ἂν
1525 2732 1625 2804 μὲν
1666 2732 1775 2803 γάρ
1834 2734 1971 2786 ἀπο-

398 2818 763 2888 δυσπετήσῃς,
788 2816 884 2870 ἆτε
906 2816 1109 2881 ἀνύσας
1129 2817 1265 2888 ὅπερ
1280 2817 1491 2888 ἢθελεν,
1514 2819 1807 2891 ἐφέστηκε,
1831 2821 1923 2872 καὶ
1945 2822 1974 2875 6

398 2905 529 2967 Θεὸς
570 2904 666 2958 ἀτε
700 2904 1130 2975 βλασφημηθεὶς,
1165 2906 1658 2976 ἐγκαταλιμπάνει,
1709 2907 1803 2960 καὶ
1851 2909 1972 2961 ἐπι-

395 2994 631 3046 τείνεται
676 2993 737 3047 τὸ
769 2993 939 3048 δεινόν
959 3009 973 3025 ·
1002 2993 1098 3047 ἐὰν
1123 2994 1180 3048 δὲ
1218 2995 1639 3068 εύχαριστήσῃς.
1674 2996 1771 3050 ἀτε
1808 2997 1972 3067 μηδὲν

396 3079 638 3148 ὠφελῶν,
658 3080 972 3150 ἀφίσταται,
1003 3081 1098 3135 καὶ
1112 3083 1140 3135 6
1157 3080 1288 3144 Θεὸς
1308 3083 1402 3135 ita
1427 3082 1701 3153 τιμηθεὶς,
1717 3085 1972 3154 ἀντιτιμᾷ

401 3166 688 3237 μειζόνως·
731 3168 826 3220 καὶ
870 3168 971 3221 οὐκ
1013 3168 1158 3222 ἔστιν
1206 3168 1492 3237 ἄνθρωπον
1545 3172 1972 3241 εὐχαριστοῦντα

396 3255 487 3306 ἐπὶ
514 3255 626 3316 τοῖς
670 3256 859 3317 κακοῖς
905 3254 1183 3308 αἰσθέσθαι
1236 3255 1343 3308 τῶν
1396 3255 1604 3310 κακῶν.
1632 3257 1826 3330 Χαίρει
1864 3258 1973 3328 γάρ

394 3343 427 3411 ἠ
473 3340 618 3411 ψυχὴ
663 3342 758 3394 ἆτε
806 3340 1187 3412 κατορθοῦσα,
1227 3340 1431 3405 εὐθέως
1482 3343 1703 3414 φαιδρὸν
1758 3344 1870 3415 ἔχει
1913 3345 1974 3399 τὸ

398 3428 654 3491 συνειδὸς,
679 3427 936 3495 γάννυται
966 3430 1076 3491 τοῖς
1098 3429 1392 3498 ἐγκωμίοις
1416 3432 1528 3492 τοῖς
1553 3431 1777 3501 ἐαυτῆς·
1797 3431 1894 3501 τὴν
1915 3431 1972 3485 δὲ

397 3514 626 3584 φαιδρὰν
653 3514 752 3566 οὐκ
784 3513 864 3567 Evt.
894 3515 1223 3586 σκυθρωπὴν
1253 3511 1411 3570 εἷναι.
1454 3518 1605 3571 Ἐκεῖ
1632 3517 1689 3570 δὲ
1715 3518 1851 3587 μετά
1873 3519 1971 3589 τῆς

400 3602 683 3670 συμφορᾶς
738 3601 833 3653 καὶ
866 3600 927 3651 τὸ
972 3602 1210 3664 συνειδὸς
1258 3602 1530 3656 ἐπίκειται
1568 3606 1855 3673 μαστίζον·
1889 3607 1974 3659 ὲν-

399 3686 573 3738 ταῦθα
599 3686 656 3738 δέ
683 3688 940 3753 στεφανοῖ
962 3686 1055 3737 καὶ
1086 3686 1471 3756 ἀνακηρύττει.
1488 3690 1651 3743 Οὐδὲν
1675 3692 1772 3762 τῆς
1797 3691 1970 3760 γλώτ-

397 3764 497 3841 της
518 3770 730 3839 ἐκείνης
758 3770 1051 3841 ἀγιώτερον
1077 3772 1174 3841 τῆς
1202 3774 1258 3826 ἐν
1281 3776 1389 3836 τοῖς
1412 3777 1598 3838 κακοῖς
1626 3778 1973 3848 εὐχαριστού-

402 3873 502 3926 σης
520 3855 598 3926 τῷ
627 3855 774 3925 Θεῷ·
796 3855 962 3921 ὅντως
992 3857 1089 3927 τῆς
1107 3856 1216 3911 τῶν
1248 3859 1541 3930 μαρτύρων
1573 3861 1724 3915 οὐδὲν
1748 3864 1967 3917 ἀποδεῖ·

397 3941 597 4013 ὁμοίως
645 3943 739 3996 καὶ
765 3943 925 4013 αὕτη,
975 3944 1227 4008 κάκεῖνος
1257 3956 1282 3985 ι
1316 3947 1692 4017 στεφανοῦται.
1720 3951 1827 4002 Καὶ
1864 3953 1971 4023 γὰρ

399 4030 694 4102 καὶταύτῃ
731 4030 998 4100 ἐφέστηκε
1032 4030 1224 4101 δήμιος
1268 4032 1590 4101 ἀναγκάζων
1636 4036 1971 4106 ἀρνήσασθαι

397 4117 489 4170 τὸν
517 4117 645 4170 Θεὸν
673 4116 764 4170 διὰ
808 4118 907 4187 τῆς
951 4116 1316 4189 βλασφημίας,
1349 4120 1648 4190 ἐφέστηκεν
1673 4124 1701 4175 6
1730 4122 1971 4190 διάϐολος

397 4203 607 4273 δημίοις
638 4204 912 4274 λογισμοῖς
945 4205 1304 4271 καταξαίνων,
1331 4208 1590 4278 ἀθυμίαις
1624 4211 1847 4266 σκοτῶν.
1875 4213 1969 4265 Ἂν

396 4290 575 4345 τοίνυν
604 4293 803 4364 ἐνέγκῃ
835 4292 934 4357 τΞις
973 4294 1269 4364 ἀλγηδόνας
1312 4313 1415 4360 τις,
1446 4297 1542 4349 καὶ
1577 4298 1967 4373 εὐχαριστήσῃ,

401 4378 700 4449 μαρτυρίου
746 4379 1006 4448 στέφανον
1056 4380 1267 4451 ἔλαχεν.
1298 4377 1443 4444 Οίον,
1474 4384 1534 4437 τὸ
1565 4385 1778 4439 παιδίον
1804 4389 1967 4452 νοσεῖ,

398 4465 491 4518 καὶ
536 4465 845 4536 εὐχαριστεῖ
898 4465 977 4535 τῷ
1010 4465 1156 4536 Θεῷ·
1189 4469 1349 4522 τοῦτο
1377 4471 1512 4543 αὐτῇ
1550 4474 1830 4542 στέφανος.
1863 4475 1969 4527 Πό-

400 4568 499 4621 σης
534 4551 766 4622 βασάνου
806 4552 868 4604 οὐ
896 4553 1097 4623 χείρων
1128 4555 1162 4623 ή
1189 4554 1430 4623 ἀθυμίας
1457 4557 1573 4610 ἀλλ’
1599 4559 1698 4613 οὐκ
1730 4561 1970 4628 ἀναγκά-

397 4637 479 4700 ζει
503 4639 654 4709 ῥῆμα
683 4637 931 4693 ἐκϐαλεῖν
954 4640 1170 4712 πικρόν.
1202 4641 1585 4714 Ἀποθνήσκει·
1607 4646 1768 4700 πάλιν
1798 4649 1965 4718 ηὐχα-

397 4724 651 4797 ρίστησε;
690 4726 883 4795 Γέγονε
918 4726 1164 4799 θυγάτηρ
1218 4731 1314 4783 τοῦ
1351 4730 1620 4804 Ἀϐραάμ.
1652 4734 1714 4788 Εἰ
1751 4735 1859 4806 γὰρ
1894 4736 1968 4807 μὴ
2042 4762 2055 4775 κ

393 4816 460 4883 τῇ
491 4813 598 4885 ίδίᾳ
631 4812 831 4883 ἔσφαξε
881 4814 1045 4887 χειρὶ,
1078 4816 1189 4868 ἀλλ’
1218 4818 1309 4870 ἐπὶ
1339 4821 1402 4888 τῇ
1449 4819 1609 4891 θυσία
1636 4821 1798 4892 ἥσθη,
1832 4824 1968 4895 ὅπερ

399 4901 509 4953 ἴσον
553 4902 735 4954 ἐστίν·
771 4901 832 4954 ού
879 4902 989 4973 γὰρ
1032 4904 1379 4975 ἠγανάκτησε
1429 4906 1839 4978 λαμϐανομένου
1873 4911 1965 4964 τοῦ

392 4989 586 5060 δώρου.
652 4991 818 5044 Πάλιν
873 4993 1159 5064 ἐνόσησεν·
1220 4994 1321 5049 οὐκ
1372 4997 1597 5066 ἐποίησε
1658 4998 1963 5068 περίαπτα;

393 5074 711 5147 Μιρτύριον
767 5078 904 5151 αὐτῇ
934 5078 1240 5148 λογίζεται·
1274 5081 1537 5135 κατέθυσε
1569 5082 1680 5153 γὰρ
1726 5083 1816 5137 τὸν
1855 5085 1967 5138 υἱὸν

391 5165 458 5232 τῇ
485 5161 696 5234 γνώμῃ.
729 5164 794 5217 Τί
826 5165 954 5238 γὰρ,
989 5168 1038 5219 εί
1068 5168 1162 5221 καὶ
1194 5168 1359 5239 μηδὲν
1395 5170 1593 5239 ὠφελεῖ
1628 5173 1829 5237 ἐκεῖνα,
1851 5172 1965 5226 ἀλλ’

392 5248 605 5321 ἀπάτης
636 5252 753 5305 ἐστὶ
777 5253 872 5306 καὶ
895 5253 1118 5324 χλεύης;
1143 5255 1258 5309 ἀλλ’
1283 5256 1429 5327 ὅμως
1451 5253 1590 5328 ἦσαν
1620 5259 1668 5311 οἱ
1691 5258 1965 5324 πείθοντες

390 5335 475 5388 ὃτι
518 5335 751 5401 ὼρελεῖ·
792 5339 890 5392 καὶ
942 5341 1117 5396 εἵλετο
1172 5343 1374 5414 μᾶλλον
1411 5345 1603 5415 νεκρὸν
1654 5345 1713 5399 τὸ
1760 5348 1965 5401 παιδίον

397 5423 545 5488 ἰδεῖν,
574 5424 606 5497 ἢ
635 5424 1073 5497 εἰδωλολατρείας
1097 5429 1447 5501 ἀνασχέσθαι.
1475 5432 1684 5503 ’Ὠσπερ
1707 5428 1797 5487 οὖν
1826 5433 1964 5503 αῦτη

398 5508 626 5581 μάρτυς,
646 5512 710 5566 ἀν
736 5530 793 5566 τε
823 5515 907 5582 ἐφ’
935 5515 1152 5586 ἑαυτῆς,
1170 5518 1235 5572 ἀν
1259 5535 1316 5573 τε
1346 5519 1439 5572 ἐπὶ
1465 5518 1558 5572 τοῦ
1590 5520 1776 5585 παιδὸς
1801 5523 1964 5593 ἐργά-

457 5681 476 5706 ⁶
506 5687 788 5751 ιεεθοάυιιι
814 5696 1022 5755 videtur.
1045 5700 1125 5748 καὶ
1148 5701 1267 5758 αὕτη
1295 5701 1505 5758 κάκείνη-

1075 268 1132 326 S.
1173 266 1457 325 JOANNIS
1493 265 1993 324 CllllYSOSTOM!
2025 265 2347 325 ARCHIEP.
2386 269 2936 329 CONSTANTINOP.

3535 273 3641 332 558

2072 384 2230 456 ζηται
2261 385 2438 450 τοῦτο,
2462 385 2527 440 ἀν
2553 402 2612 440 τε
2629 386 2720 439 ἐπὶ
2745 385 2837 440 τοῦ
2869 383 3079 457 ἀνδρὸς,
3106 383 3141 456 ἢ
3165 383 3350 457 ἐτέρου
3370 383 3516 450 τινὸς
3535 386 3646 440 τῶν

2071 473 2342 541 φιλτάτων
2364 489 2380 503 ·
2414 473 2585 537 οὕτως
2620 476 2653 544 ἠ
2682 474 2841 544 ἑτέρα
2882 472 3275 542 είδωλολάτρις.
3332 469 3501 543 Δῆλον
3536 473 3648 544 γὰρ

2071 561 2151 613 ὅτι
2178 560 2368 614 ἔθυσεν
2396 559 2484 625 ἀν,
2545 563 2592 613 εί
2621 556 2689 632 ἦν
2710 560 2869 614 θῦσαι
2890 576 2905 592 ·
2936 560 3134 631 μᾶλλον
3165 559 3226 613 δέ
3271 559 3369 630 ἤδη
3420 560 3647 630 ἐποίησε

2075 645 2223 718 [587]
2262 648 2325 701 τὸ
2355 647 2456 717 τῆς
2491 646 2702 710 θυσίας.
2744 647 2826 701 Τὰ
2857 646 2973 719 εγάρ
3004 648 3300 717 περίαπτα,
3334 644 3440 699 κάν
3478 646 3651 716 μυρία

2074 735 2437 804 φιλοσοφῶσιν
2459 736 2510 788 οἱ
2542 737 2606 789 ἐκ
2628 734 2833 789 τούτων
2875 735 3355 807 χρηματιζόμενοι,
3395 733 3646 802 λέγοντες,

2037 848 2041 852 ·
2072 823 2156 877 ὃτι
2194 821 2285 875 τὸν
2318 822 2449 875 Θεὸν
2485 822 2778 892 καλοῦμεν,
2829 823 2924 876 καὶ
2962 822 3114 876 ούόἐν
3156 822 3317 876 πλέον
3360 820 3646 891 ποιοῦμεν,

2074 909 2168 962 καὶ
2194 909 2294 962 ὅσα
2320 909 2566 976 τοιαῦτα,
2616 911 2710 963 καὶ
2759 911 3056 981 Χριστιανή
3107 911 3253 963 ἐστιν
3282 911 3316 980 ἠ
3352 907 3527 980 γραῦς
3552 909 3651 961 καὶ

2074 995 2261 1067 πιστὴ,
2304 996 2713 1068 εἰδωλολατρεία
2751 997 2811 1050 τὸ
2856 997 3090 1068 πρᾶγμά
3135 998 3276 1051 ἐστι.
3342 996 3515 1068 Πιστὴ
3562 992 3648 1059 εἷς

2076 1085 2395 1155 σφράγισον,
2428 1085 2568 1138 εἰπέ.
2599 1083 2768 1138 Τοῦτο
2792 1085 2900 1154 ἔχω
2920 1085 2980 1137 τὸ
3008 1084 3172 1138 ὅπλον
3203 1084 3380 1154 μόνον,
3411 1083 3568 1136 τοῦτο
3586 1082 3652 1137 τὸ

2077 1173 2366 1243 φάρμακον
2385 1189 2400 1203 ·
2429 1172 2558 1227 ἄλλο
2589 1173 2645 1225 δὲ
2669 1173 2768 1226 οὐκ
2796 1168 2932 1226 οἰδα.
2967 1172 3103 1226 Είπέ
3145 1189 3256 1242 μοι,
3292 1172 3385 1224 ἐὰν
3419 1171 3651 1240 προσελ-

2077 1259 2184 1313 θὼν
2201 1261 2402 1331 ἰατρὸς,
2421 1260 2514 1314 καὶ
2524 1259 2592 1314 τὰ
2606 1261 2704 1331 τῆς
2718 1261 2965 1331 ἰατρικῆς
2980 1261 3249 1331 φάρμακα
3262 1259 3440 1328 ἀφεὶς,
3454 1257 3648 1331 ἐπᾴδῃ,

2075 1346 2262 1400 τοῦτον
2286 1349 2467 1418 ἰατρὸν
2493 1348 2760 1419 ἐροῦμεν;
2795 1348 3061 1419 Οὐδαμῶς
3087 1364 3101 1379 ·
3136 1349 3205 1400 τά
3219 1347 3328 1416 γάρ
3353 1347 3453 1415 τῆς
3478 1347 3649 1414 ἰατρι-

2076 1438 2179 1507 κῆς
2209 1436 2305 1505 οὑχ
2352 1433 2567 1506 ὁρῶμεν
2609 1435 2898 1505 φάρμακα.
2950 1433 3136 1498 Οὕτως
3173 1434 3293 1486 οὐδὲ
3318 1432 3553 1487 ἐνταῦθα
3579 1432 3649 1486 τά

2074 1521 2169 1576 τοῦ
2198 1521 2647 1595 Χριστιανισμοῦ.
2691 1522 2915 1594 Ἕτεραι
2943 1521 3000 1575 δέ
3036 1521 3197 1574 πάλιν
3241 1519 3501 1590 ποταμῶν
3530 1518 3649 1572 ὀνό-

2080 1627 2225 1681 ματα
2274 1609 2664 1681 περιάπτουσι,
2702 1609 2799 1663 καὶ
2854 1609 3024 1681 μυρία
3070 1609 3296 1661 τοιαῦτα
3350 1607 3647 1677 τολμῶσιν.

2091 1701 2219 1754 Ἰδοὺ
2246 1700 2412 1769 λέγω,
2435 1702 2530 1754 καὶ
2556 1699 2808 1772 προλέγω
2833 1701 2996 1753 πᾶσιν
3020 1699 3169 1770 ὑμῖν,
3191 1700 3274 1753 ὅτι
3293 1698 3389 1752 ἐάν
3408 1714 3489 1761 τις
3512 1696 3646 1766 ἀλῶ,

2076 1789 2138 1841 οὐ
2160 1788 2415 1858 φείσομαι
2436 1787 2618 1852 πάλιν,
2641 1786 2705 1840 ἀν
2732 1804 2790 1840 τε
2810 1787 3133 1858 περίαπτον,
3165 1787 3230 1842 ἀν
3244 1803 3302 1839 τε
3324 1784 3559 1855 ἐπῳδὴν,
3583 1783 3649 1837 ἀν

2077 1892 2135 1929 τε
2156 1874 2282 1928 ἀλλο
2305 1892 2357 1927 τι
2379 1874 2481 1945 τῆς
2500 1874 2694 1945 τέχνης
2711 1873 2813 1944 τῆς
2840 1873 3091 1944 τοιαύτης
3115 1876 3262 1944 ποιῇ.
3291 1872 3355 1924 Τί
3374 1867 3486 1936 οὖν,
3511 1872 3650 1924 ἀπο-

2079 1964 2234 2035 θάνῃ,
2268 1963 2423 2032 φησὶ,
2454 1963 2515 2017 τὸ
2558 1963 2793 2029 παιδίον;
2822 1964 2919 2016 Ἂν
2947 1962 3089 2016 οὕτω
3112 1961 3274 2033 ζήσῃ,
3301 1961 3421 2016 τότε
3449 1958 3650 2014 ἀπέθα-

2079 2068 2198 2104 νεν·
2238 2051 2304 2105 ἂν
2333 2051 2390 2104 δέ
2434 2051 2563 2105 ἀνευ
2605 2050 2826 2105 ἐκείνων
2860 2051 3128 2123 ἀποθάνῃ,
3171 2050 3290 2103 τότε
3320 2047 3502 2119 ἔζησε.
3533 2046 3647 2099 Νῦν

2077 2138 2133 2191 δέ
2152 2139 2217 2192 ἀν
2236 2138 2333 2209 μὲν
2352 2138 2573 2209 πόρναις
2597 2136 2712 2208 ἴδῃς
2728 2138 3081 2207 προσέχοντα,
3109 2134 3243 2207 εὔχῃ
3257 2136 3642 2206 κατορυγῆναι,

2079 2227 2173 2280 καὶ
2192 2225 2388 2297 λέγεις.
2417 2226 2483 2280 Τί
2502 2226 2610 2296 γάρ
2634 2225 2821 2294 ὄφελος
2848 2225 2942 2278 τοῦ
2964 2225 3096 2296 ζῇνς
3121 2224 3260 2295 ὑπὲρ
3284 2222 3341 2277 δέ
3375 2222 3650 2293 σωτηρίας

2078 2311 2661 2383 όρῶσακινδυνεύοντα,
2693 2309 2872 2380 βούλει
2898 2311 3075 2376 ζῶντα
3104 2312 3239 2382 όρᾷν
3265 2328 3279 2377 ;
3332 2310 3445 2363 Οὐκ
3480 2309 3646 2381 ἥκου-

2083 2416 2180 2463 σας
2203 2398 2298 2452 τοῦ
2314 2400 2547 2469 Χριστοῦ
2576 2399 2843 2469 λέγοντος,
2872 2400 2954 2454 ὅτι
2985 2400 3048 2453 '0
3068 2399 3375 2464 ἀπολέσας
3397 2397 3512 2465 τὴν
3530 2401 3650 2467 ym-

2080 2487 2202 2557 χὴν
2224 2487 2429 2554 αὑτοῦ,
2460 2486 2701 2555 εὑρήσει
2725 2487 2917 2556 αὐτήν
2933 2505 2945 2516 ·
2970 2490 3004 2541 ὀ
3032 2486 3100 2540 δὲ
3126 2486 3336 2555 εὑρὼν,
3358 2486 3648 2540 ἀπολέσει

2078 2574 2602 2640 αὺτήν;πιστεύεις
2630 2577 2744 2638 τοῖς
2789 2574 3120 2646 εἰρημένοις,
3176 2575 3211 2644 ἢ
3250 2573 3409 2645 μῦθοί
3459 2572 3647 2627 σοιδο-

2080 2660 2267 2715 κοῦσιν
2283 2656 2421 2715 εἶναι
2443 2677 2458 2726 ;
2482 2661 2615 2714 Εἰπέ
2642 2661 2704 2732 δή
2733 2678 2845 2732 μοι,
2869 2660 2963 2715 ἐὰν
2982 2661 3110 2733 εἴπῃ
3135 2679 3237 2727 τις,
3270 2661 3352 2714 ὅτι
3369 2660 3647 2728 ’Δπάγαγε

2081 2750 2160 2812 εἰς
2191 2748 2476 2813 είδωλεῖον,
2501 2748 2594 2801 καὶ
2616 2748 2857 2819 ζήσεται,
2885 2748 3082 2822 ἀνέξῃς
3114 2745 3213 2811 OG,
3254 2747 3409 2815 φησί.
3434 2747 3532 2801 Διά
3561 2744 3646 2815 τίς

2081 2836 2202 2890 Ὅτι
2231 2836 2630 2907 εἰδωλολατρεῖν
2651 2836 2985 2906 ἀναγκάζει·
3019 2835 3252 2891 ἐνταῦθα
3283 2836 3341 2890 δὲ
3368 2836 3471 2889 οὐκ
3502 2834 3649 2889 ἔστιν

2080 2922 2507 2996 είδωλολατρεία,
2541 2925 2654 2978 ἀλλ’
2684 2924 2868 2989 ἁπλῶς
2899 2925 3101 2996 ἐπῳδὴ,
3138 2923 3323 2995 φησίν.
3361 2923 3510 2995 Αὖτη
3542 2923 3649 2995 γάρ

2080 3013 2113 3083 ἠ
2147 3011 2408 3083 σατανικὴ
2454 3011 2651 3077 ἔννοια,
2708 3012 2847 3084 αῦτη
2903 3014 2937 3083 ή
2977 3013 3225 3082 μεθοδεία
3267 3014 3301 3084 ἡ
3347 3012 3646 3082 διαϐολικὴ,

2082 3097 2478 3167 συγκαλύπτειν
2503 3099 2602 3169 τὴν
2630 3099 2859 3169 πλάνην,
2897 3100 2992 3154 καὶ
3027 3101 3085 3152 ἐν
3117 3098 3293 3169 μέλιτι
3329 3099 3392 3154 τὸ
3419 3099 3651 3171 δηλητήο

2082 3201 2194 3256 ριον
2222 3184 2420 3238 διδόναι
2453 3185 2764 3255 φάρμακον.
2825 3186 3044 3257 Ἐπειδὴ
3069 3176 3210 3240 οἶδεν
3241 3185 3450 3240 ἐκεῖθέν
3496 3203 3557 3239 σε
3586 3188 3648 3240 οὐ

2080 3271 2303 3334 πείθων,
2326 3269 2527 3341 ταύτην
2563 3272 2776 3325 ἐϐάδιτε
2801 3271 2899 3337 τὴν
2921 3273 3038 3326 όδὸν
3061 3276 3141 3336 είς
3171 3273 3521 3344 περιάμματα
3551 3274 3648 3326 καὶ

2080 3358 2343 3429 γραώδεις
2376 3357 2575 3428 μύθους
2599 3376 2612 3389 ·
2645 3360 2739 3412 καὶ
2787 3362 2815 3414 6
2855 3360 2954 3431 μὲν
3000 3357 3228 3431 σταυρὸς
3256 3360 3542 3431 ἠτίμωται,
3575 3358 3644 3414 τὰ

2079 3446 2134 3499 δὲ
2166 3446 2465 3516 γράμματα
2505 3449 2931 3519 προτετίμηται·
2968 3449 2996 3502 6
3038 3450 3268 3521 Χριστὸς
3297 3447 3639 3519 ἐκϐέϐληται,

2080 3532 2173 3585 καὶ
2201 3534 2479 3601 εἰσάγεται
2509 3532 2781 3603 μεθύουσα
2812 3535 2985 3604 γραῦς
3026 3536 3121 3589 καὶ
3165 3534 3404 3605 ληροῦσα
3424 3551 3438 3565 ·
3464 3535 3524 3588 τὸ
3550 3553 3649 3606 μυ-

2082 3621 2298 3691 στήριον
2331 3620 2640 3688 πεπάτηται
2676 3620 2738 3674 τὸ
2770 3622 3055 3694 ἡμέτερον,
3087 3623 3181 3676 καὶ
3220 3622 3396 3693 πλάνη
3438 3622 3650 3694 χορεύει

2079 3706 2172 3758 τοῦ
2201 3706 2467 3762 διαϐόλου.
2507 3708 2662 3770 Τίνος
2676 3705 2768 3763 οὖν
2797 3709 2980 3763 ἐνεκεν
3021 3711 3122 3763 οὐκ
3148 3711 3381 3781 ἐλέγχει,
3414 3711 3597 3780 φησὶν,
3622 3713 3651 3765 6

2079 3792 2246 3858 Θεός;
2307 3794 2417 3864 Τὴν
2463 3795 2570 3848 ἀπὸ
2607 3795 2716 3849 τῶν
2773 3795 3027 3851 τοιούτων
3079 3797 3331 3869 βοήθειαν
3384 3798 3649 3870 πολλαχοῦ

2079 3879 2292 3950 ἤλεγξε,
2321 3882 2412 3935 καὶ
2443 3881 2541 3934 οὐκ
2565 3880 2750 3935 ἔπεισέ
2781 3900 2838 3937 σε
2858 3901 2872 3914 ·
2903 3883 3086 3938 λοιπὸν
3113 3885 3305 3956 ἀφίησι
3327 3889 3392 3957 τῇ
3439 3886 3611 3957 πλάνῃ
3630 3901 3647 3917 ·

2078 3968 2385 4038 Παρέδωκε
2412 3970 2519 4041 γὰρ
2544 3972 2784 4037 αὐτοὺς,
2815 3973 2999 4043 φησὶν,
3026 3977 3059 4028 ὁ
3086 3975 3230 4039 Θεὸς
3258 3977 3346 4042 είς
3365 3976 3649 4045 ἀδόκιμον

2076 4057 2248 4111 γοῦν.
2272 4057 2454 4110 Ταῦτα
2474 4057 2529 4109 δέ
2558 4057 2665 4110 οὐδ’
2699 4050 2763 4113 ἂν
2795 4060 2993 4132 Ἕλλην
3022 4061 3144 4114 νοῦν
3175 4061 3312 4132 ἔχων
3342 4064 3647 4133 ἀνάσχοιτο.

2077 4143 2308 4211 Δέγεταί
2334 4161 2416 4206 τις
2443 4144 2768 4214 δημαγωγός
2793 4164 2919 4199 ποτε
2944 4149 3000 4200 ἐν
3032 4147 3281 4217 Ἀθήναις
3303 4148 3472 4202 ταῦτα
3502 4166 3649 4221 περι-

2076 4231 2329 4301 τεθῆναι·
2361 4225 2477 4283 εἶτα
2495 4231 2779 4300 φιλόσοφός
2802 4249 2886 4295 τις
2931 4233 3138 4287 ἐκείνου
3158 4233 3471 4297 διδάσκαλος
3503 4233 3643 4299 ἰδὼν,

2078 4319 2426 4389 ἐπετίμησεν,
2463 4317 2764 4388 ἐμέμψατο,
2804 4318 3012 4385 ἔδακεν,
3062 4321 3459 4393 ἐκωμῴδησεν·
3491 4323 3646 4391 ἡμεῖς

2076 4405 2133 4458 δὲ
2204 4405 2375 4470 οὕτως
2442 4405 2641 4471 ἀθλίως
2707 4406 3062 4480 διακείμεθα,
3125 4409 3200 4474 ὡς
3272 4411 3367 4465 καὶ
3436 4408 3645 4474 τούτοις

2077 4512 2374 4550 πιστεύειν.

2146 4670 2254 4723 Καὶ
2288 4671 2374 4724 διὰ
2403 4672 2455 4724 τί
2500 4672 2575 4743 μή
2628 4673 2732 4725 εἰσι
2760 4672 2854 4726 νῦν
2897 4674 2946 4726 οἱ
2987 4673 3333 4740 ἀνιστῶντες,
3378 4677 3531 4747 φησί,
3569 4694 3647 4729 va-

2076 4757 2238 4825 κροῦς
2267 4757 2360 4810 καὶ
2382 4757 2552 4821 ἰάσεις
2576 4757 2979 4827 ἐπιτελοῦντες;
3010 4761 3110 4814 Διά
3136 4762 3211 4829 τί,
3233 4764 3369 4824 τέως
3397 4765 3458 4817 ού
3478 4765 3643 4832 λέγω·

2073 4843 2159 4895 διὰ
2188 4843 2240 4895 τί
2271 4844 2327 4896 δέ
2365 4845 2435 4916 μή
2466 4847 2571 4898 εἰσι
2596 4844 2688 4899 νῦν
2723 4847 2772 4897 οἱ
2796 4847 2894 4917 τῆς
2923 4847 3208 4918 παρούσης
3247 4851 3645 4922 καταφρονοῦνο

2073 4930 2352 4998 τεςζωῆςς
2385 4931 2471 4984 διὰ
2490 4931 2541 4984 τί
2567 4932 2659 4984 ἐπὶ
2683 4933 2858 5002 μισθῷ
2880 4934 3201 5005 δουλεύομεν
3224 4939 3301 5009 τῷ
3324 4939 3476 5010 Θεῷ;
3516 4940 3642 4992 "Ure

2073 5011 2456 5083 ἀσθενέστερον
2484 5014 2712 5069 διέκειτο
2741 5017 2772 5088 ἡ
2819 5015 2976 5086 φύσις
3007 5020 3039 5089 ἠ
3071 5020 3407 5091 ἀνθρωπίνη,
3433 5023 3520 5076 ὅτε
3549 5040 3645 5091 φυ-

2072 5098 2330 5168 τευθῆναι
2379 5099 2526 5174 [588]
2574 5102 2673 5173 τὴν
2725 5104 2906 5158 πίστιν
2952 5105 3081 5167 ἔδει,
3125 5102 3264 5177 ἦσαν
3297 5110 3392 5162 καὶ
3419 5108 3645 5163 τοιοῦτοι

2074 5183 2287 5237 πολλοί·
2323 5184 2416 5238 νῦν
2433 5186 2489 5239 δὲ
2507 5188 2568 5240 ού
2587 5188 2831 5257 βούλεται
2851 5192 2999 5260 ἡμᾶς
3028 5191 3229 5247 τούτων
3249 5195 3521 5266 ἠρτῆσθαι
3542 5199 3645 5250 τῶν

2075 5274 2333 5341 σημείων,
2365 5272 2478 5326 ἀλλ’
2503 5275 2752 5346 ἑτοίμους
2769 5273 2908 5331 εἶναι
2931 5279 3064 5350 πρὸς
3091 5280 3341 5337 θάνατον.
3373 5284 3439 5337 Τί
3469 5284 3645 5337 τοίνυν

2071 5358 2169 5447 τῆἲ
2192 5358 2473 5447 πειθούσης
2518 5361 2615 5434 ἔχῃ
2647 5364 2793 5435 ζωῆς
2818 5381 2832 5427 ;
2876 5366 2930 5419 τί
2967 5367 3035 5421 τά
3070 5369 3333 5437 μέλλοντα
3361 5372 3470 5447 οὐχ
3485 5373 3643 5442 ὁρᾷςς

2074 5445 2165 5497 καὶ
2182 5445 2323 5515 ὑπὲρ
2340 5447 2440 5515 μὲν
2461 5451 2662 5520 ταύτης
2705 5452 2800 5505 καὶ
2832 5452 3237 5525 εἰδωλολατρεῖν
3274 5445 3463 5529 ἀνέχῃ,
3508 5457 3645 5527 ὑπὲρ

2071 5530 2128 5583 δέ
2158 5532 2371 5602 ἐκείνης
2408 5535 2529 5588 ούδέ
2561 5537 2797 5607 ἀθυμίας
2843 5545 3173 5611 κατασχεῖν;
3203 5544 3301 5597 Διά
3333 5546 3503 5599 ταῦτα
3548 5544 3645 5597 οὐκ

2072 5618 2180 5669 εἰσὶ
2202 5617 2296 5672 νῦν
2321 5621 2568 5691 τοιοῦτοι,
2589 5625 2670 5677 ὅτι
2692 5626 2883 5697 ἄτιμος
2901 5629 3031 5698 ἡμῖν
3051 5631 3222 5700 ἐφάνη
3246 5631 3428 5701 ἐκείνη
3456 5633 3489 5701 ἡ
3510 5629 3644 5698 ζωὴ,

2076 5706 2128 5756 εί
2160 5721 2222 5774 γε
2260 5705 2399 5778 ὑπὲρ
2436 5709 2535 5779 μὲν
2565 5712 2778 5783 ἐκείνης
2833 5712 2982 5768 οὐδὲν
3031 5714 3364 5788 πράττομεν,
3411 5717 3550 5787 ὑπὲρ
3590 5715 3646 5767 δέ
