4026 6148
399 304 501 360 3-57

399 421 464 474 ad
495 414 860 472 incutiendum
891 411 1148 482 pudorem
1179 410 1327 473 dicit.
1357 411 1497 464 Alter
1525 409 1734 464 alterius
1760 407 1982 461 ntmtbfa

403 527 576 566 sumus
597 508 812 580 (Ephes.
843 506 896 560 4.
927 505 1038 575 25).
1070 504 1194 559 Illos
1224 503 1347 557 facit
1374 503 1650 556 hominum
1674 500 1838 555 veluti
1865 500 1985 568 cpi-

405 607 554 668 tices,
578 605 804 657 alterum
826 599 1037 667 quidem
1059 596 1454 667 repellentium,
1472 597 1698 650 alterum
1722 608 1850 648 vero
1869 606 1988 648 sus-

404 695 732 766 cipientium.
770 691 882 744 Illic
905 689 1134 742 Membra
1151 688 1310 752 dicit;
1331 687 1416 740 hic
1439 687 1784 750 0mnia:cor,
1816 686 1984 750 iram;

404 801 490 846 os,
521 780 907 850 blaSphemiam
933 795 948 842 ;
976 777 1184 843 oculos,
1208 777 1634 835 fornicationem.
1665 774 1942 829 avaritiam
1967 789 1983 838 ;

405 889 596 930 manus
621 881 674 925 et
698 870 859 940 pedes
881 909 898 936 ,
928 868 1266 923 mendacium
1287 909 1304 933 ,
1334 867 1710 937 cogitationem
1740 865 1906 933 ipsam
1933 873 1988 918 et

406 974 640 1020 mentem
662 970 919 1018 veterem.
933 961 1107 1018 Unam
1125 958 1284 1014 habet
1305 957 1528 1014 formam
1553 957 1774 1026 regiam,
1796 969 1988 1026 nempe

403 1052 618 1110 Christi.
649 1052 911 1110 Videntur
947 1050 1034 1106 isti
1074 1049 1205 1103 mihi
1243 1051 1412 1116 magis
1440 1061 1562 1102 esse
1589 1063 1654 1101 ex
1697 1045 1946 1115 gentibus
1969 1085 1984 1108 ,

403 1162 540 1218 quos
568 1145 828 1216 respicit,
859 1143 1151 1199 ostendens
1195 1141 1432 1196 membra
1477 1141 1590 1194 sive
1627 1139 1826 1208 majora
1873 1138 1989 1192 sive

403 1237 615 1291 minora
660 1251 821 1290 unam
871 1235 1068 1303 regiam
1108 1233 1334 1288 formam
1381 1232 1598 1286 habere.
1647 1232 1797 1286 Sicut
1843 1230 1986 1283 enim

407 1339 576 1391 terra,
604 1342 726 1382 cum
753 1329 825 1381 sit
848 1342 1033 1395 arena,
1061 1340 1154 1380 sua
1174 1327 1321 1396 prius
1352 1324 1559 1393 perdita
1581 1322 1770 1387 forma,
1805 1330 1987 1390 postea

409 1421 470 1472 fit
495 1435 682 1472 aurum
708 1435 724 1484 ;
759 1429 811 1472 et
849 1419 1016 1484 lauat,
1041 1419 1451 1488 qualescumque
1482 1418 1609 1482 sint,
1629 1415 1852 1470 alteram
1884 1413 1990 1467 for-

411 1526 554 1564 mam
577 1511 844 1579 accipiunt
863 1513 1164 1580 etpriorem
1187 1511 1453 1565 occultant
1478 1527 1491 1564 :
1519 1511 1589 1564 ita
1609 1511 1770 1563 etiam
1796 1508 1980 1568 fidelis.

412 1600 812 1669 Supportantes,
847 1600 1048 1669 inquit,
1078 1601 1304 1654 inuicem.
1334 1599 1582 1654 Ostendit
1620 1598 1760 1668 quod
1788 1598 1988 1668 justum

411 1697 496 1743 est
525 1707 538 1742 :
569 1698 622 1742 tu
657 1690 804 1742 illum
835 1698 1017 1758 patere
1039 1730 1054 1754 ,
1087 1701 1141 1744 et
1172 1690 1261 1745 ille
1309 1698 1360 1744 te
1390 1707 1400 1740 :
1431 1688 1574 1759 quod
1621 1688 1834 1758 quidem
1865 1689 1992 1741 dicit

413 1782 465 1832 in
508 1782 738 1849 Epistola
769 1781 832 1834 ad
876 1780 1090 1834 Galatas
1125 1797 1138 1833 :
1180 1782 1322 1834 Alter
1362 1782 1571 1835 alterius
1609 1797 1763 1834 onera
1799 1791 1995 1849 portate

415 1869 558 1936 (Cal.
599 1871 652 1925 6.
697 1871 775 1941 9.).
837 1870 901 1934 Et
949 1873 1099 1941 grati,
1146 1872 1336 1940 inquit.
1395 1881 1550 1925 estote
1588 1870 1721 1942 (Col.
1767 1873 1819 1926 5.
1878 1872 1989 1940 15).

415 1960 641 2015 Maxime
665 1962 807 2014 enim
827 1962 1022 2031 ubique
1049 1964 1149 2016 hoc
1179 1964 1390 2031 quterit,
1428 1972 1484 2015 ut
1505 1961 1648 2030 quod
1680 1963 1750 2014 sit
1780 1977 1985 2014 smnma

417 2053 696 2106 bonorunn

490 2144 544 2198 5.
579 2143 783 2197 Gratias
822 2161 970 2213 agere
1005 2144 1208 2213 quando
1237 2153 1484 2214 oporteat.
1515 2143 1784 2214 Ligamina
1807 2161 1992 2214 super-

425 2235 639 2288 stitiosa.
669 2263 738 2275 ——
762 2235 972 2290 Gratias
989 2251 1118 2305 ergo
1144 2251 1362 2304 agamus
1385 2237 1436 2290 in
1462 2237 1710 2290 omnibus
1737 2236 1994 2306 quidquid

421 2329 700 2382 evenerit:
731 2327 830 2382 hoc
855 2328 999 2382 enim
1025 2336 1108 2381 est
1154 2328 1442 2396 gratiarum
1468 2327 1625 2382 actio.
1655 2326 1786 2380 Natn
1831 2328 1884 2381 in
1913 2343 2000 2382 re-

424 2419 522 2474 bus
552 2419 802 2474 secundis
823 2419 926 2473 hoc
952 2434 1130 2488 agere,
1158 2434 1262 2473 non
1293 2427 1376 2474 est
1401 2434 1648 2489 maguum
1677 2437 1690 2484 ;
1722 2419 1834 2486 ipsa
1857 2420 1997 2473 enim

421 2527 602 2565 rerum
652 2521 836 2563 natura
883 2525 983 2564 nos
1023 2510 1091 2563 ad
1138 2504 1244 2563 hoc
1268 2510 1492 2578 impellit
1525 2531 1538 2564 :
1567 2509 1780 2579 quando
1821 2519 1999 2565 autem

419 2615 542 2656 cum
573 2601 640 2655 ad
667 2612 904 2655 extrema
931 2611 1145 2655 ventum
1176 2611 1278 2667 est,
1302 2603 1500 2670 gratias
1521 2602 1742 2671 agimus,
1770 2609 1896 2656 tunc
1919 2611 2004 2656 est

419 2697 814 2752 admirandum.
859 2695 1085 2762 Quando
1114 2696 1259 2750 enim
1291 2705 1508 2765 propter
1535 2712 1596 2749 ea
1623 2711 1741 2764 qua:
1766 2697 1858 2750 alii
1889 2712 2002 2750 ma-

421 2790 630 2844 ledictis
674 2789 1004 2843 insectantur
1028 2796 1084 2842 et
1108 2804 1248 2858 aegre
1272 2787 1451 2843 ferunt
1476 2830 1489 2850 ,
1520 2791 1720 2857 gratias
1745 2791 1952 2859 agimus
1986 2833 1998 2854 ,

426 2879 546 2933 vide
582 2888 777 2948 quanta
806 2879 876 2932 sit
900 2878 1255 2948 philoswphia.
1286 2879 1466 2932 Primo
1500 2880 1663 2935 Deum
1689 2881 2000 2935 exhilaras:

427 2969 661 3023 secundo
698 2969 967 3024 diabolum
997 2970 1201 3038 pudore
1240 2970 1447 3037 aflicis;
1477 2973 1634 3025 tertio
1671 2973 1890 3042 etquod
1919 2973 1999 3027 fa-

428 3073 571 3112 ctum
597 3067 679 3112 est
700 3059 825 3112 nihil
843 3074 962 3114 esse
987 3061 1332 3129 pronuntias:
1364 3062 1521 3116 simul
1556 3063 1701 3116 enim
1729 3072 1782 3116 tu
1809 3066 2004 3132 gratias

429 3150 565 3216 agis,
595 3158 650 3202 et
681 3149 821 3203 Deus
859 3150 1098 3205 dolorem
1139 3162 1396 3221 amputat,
1432 3163 1486 3207 et
1511 3155 1712 3209 recedit
1733 3155 2002 3212 diabolus.

428 3239 562 3293 Nam
593 3239 638 3293 si
668 3255 808 3309 :cgre
837 3242 1043 3305 tuleris,
1065 3244 1131 3305 is,
1157 3251 1215 3296 ut
1240 3246 1327 3312 qui
1355 3245 1499 3314 quod
1514 3245 1726 3300 volebat
1746 3246 2003 3314 effecerit,

428 3331 620 3395 adest;
652 3343 705 3387 et
750 3333 910 3399 Deus,
953 3344 1010 3387 ut
1051 3334 1141 3404 qui
1168 3337 1237 3390 sit
1264 3336 1595 3405 blasphemia
1623 3347 1678 3393 et
1724 3340 2008 3395 maledicto

428 3423 651 3477 affectus
671 3465 688 3489 ,
719 3425 1002 3494 relinquit,
1032 3436 1086 3480 ct
1129 3428 1324 3482 malum
1355 3428 1585 3482 intendit
1611 3438 1660 3484 et
1690 3441 1849 3501 auget
1880 3449 1892 3484 :
1925 3432 2006 3485 sin

429 3523 609 3568 autem
638 3515 834 3582 gratias
863 3517 1056 3584 egeris,
1103 3527 1162 3570 ut
1189 3518 1280 3584 qui
1307 3518 1437 3572 nihil
1469 3521 1733 3589 proficiat,
1768 3521 1968 3577 recedit
1994 3539 2007 3585 ;

434 3615 488 3656 ιιι
517 3603 679 3667 Deus,
711 3613 765 3656 ut
793 3606 881 3674 qui
926 3608 996 3659 sit
1035 3607 1244 3663 honore
1280 3609 1520 3677 affectus,
1553 3611 1812 3666 honorem
1843 3616 2011 3684 magis

436 3694 704 3760 rependit.
729 3694 838 3749 Nec
879 3697 993 3749 fieri
1036 3708 1211 3767 potest
1237 3710 1295 3753 ut
1323 3702 1592 3773 homtrqui
1625 3717 1844 3774 propter
1872 3708 2010 3760 mala

439 3786 549 3852 agit
585 3784 800 3852 gratias,
833 3786 969 3838 mala
1014 3790 1224 3842 sentiat.
1258 3790 1485 3846 Laetatur
1521 3795 1663 3848 enim
1713 3797 1912 3862 anima,
1957 3807 2015 3850 ut

439 3889 559 3940 quae
590 3884 736 3928 recte
763 3889 820 3928 se
846 3886 997 3944 gerat
1026 3894 1039 3930 :
1068 3880 1245 3933 statim
1287 3881 1402 3936 lteta
1449 3894 1532 3938 est
1563 3887 1889 3941 conscientia
1916 3929 1931 3954 ,
1962 3897 2017 3942 ct

439 3964 553 4016 suis
582 3965 741 4032 gestit
771 3977 822 4020 et
849 3967 1078 4022 exsultat
1119 3970 1360 4027 laudibus
1389 3991 1402 4027 :
1433 3991 1553 4044 qua:
1595 3992 1722 4032 vero
1749 3979 1864 4032 laeta
1894 3987 1976 4032 est
1996 4021 2012 4044 ,

437 4070 544 4105 non
599 4065 773 4122 potest
799 4071 917 4111 esse
959 4060 1144 4114 tristis.
1171 4061 1282 4116 lllic
1328 4073 1504 4120 autem
1551 4083 1671 4120 eum
1717 4069 2016 4124 calamitate

434 4157 591 4218 urget
621 4151 780 4203 etiam
835 4151 1111 4222 flagellans
1147 4157 1516 4223 conscientia;
1570 4160 1657 4215 hic
1696 4173 1920 4216 coronat
1963 4173 2019 4217 et

436 4250 708 4309 tamquam
761 4247 1030 4312 praeconio
1059 4248 1370 4316 proclamat.
1422 4251 1565 4306 Nihil
1612 4263 1695 4308 est
1724 4255 1896 4324 lingua
1927 4256 2016 4310 illa

437 4336 694 4396 sanctius,
744 4349 863 4403 qua:
917 4337 968 4390 in
1013 4339 1168 4392 malis
1201 4341 1308 4394 Deo
1334 4342 1443 4411 agit
1471 4345 1667 4410 gratias
1697 4364 1710 4397 :
1741 4363 1926 4401 revela
1953 4363 2016 4402 ea

441 4422 571 4475 nihil
600 4425 759 4478 distat
783 4442 812 4478 a
855 4426 1033 4497 lingua
1062 4440 1355 4502 martyrum
1391 4451 1404 4487 ε
1447 4435 1694 4490 similiter
1730 4447 1784 4491 et
1829 4439 1940 4506 ipsa
1966 4449 2021 4492 et

445 4514 536 4568 ille
579 4528 884 4574 coronatur.
935 4520 1066 4575 Nam
1096 4539 1212 4576 eam
1240 4541 1454 4596 quoque
1502 4538 1650 4597 urget
1695 4531 1854 4584 lictor
1880 4573 1895 4596 ,
1927 4535 2017 4600 qui

445 4607 589 4673 cogit
622 4606 783 4662 Deum
827 4627 1024 4680 negare
1051 4629 1146 4683 per
1174 4617 1561 4683 blaSphcmiam
1595 4638 1608 4672 :
1643 4622 1799 4674 instat
1824 4631 1880 4674 ct
1907 4623 2022 4677 dia-

447 4697 599 4752 bolus
639 4703 1023 4771 cogitationum
1070 4723 1267 4776 urgens
1297 4709 1649 4775 carnificinis,
1683 4723 1734 4767 et
1775 4716 2020 4769 tenebras

444 4789 723 4844 effundens
754 4794 934 4848 animo
963 4799 1388 4866 azgritudiuibus.
1421 4801 1474 4855 Si
1507 4805 1626 4869 quis
1653 4819 1780 4872 ergo
1805 4807 2021 4862 dolores

446 4885 646 4949 tulerit,
675 4895 728 4940 ct
756 4889 958 4958 gratias
984 4893 1153 4960 egerit
1177 4934 1191 4958 ,
1222 4907 1477 4947 coronam
1509 4897 1696 4966 accipit
1724 4900 1967 4970 martyrii
2000 4917 2016 4954 :

443 4979 674 5046 exempli
703 4983 889 5046 gratia.
934 4983 1106 5037 infans
1146 4995 1390 5054 :rgrotat,
1418 4997 1471 5042 et
1501 4989 1607 5042 Deo
1645 4993 1751 5061 agit
1785 4995 2018 5062 gratias;

445 5066 548 5122 hoc
612 5073 766 5123 matri
833 5087 1030 5126 corona
1096 5086 1196 5129 cst.
1263 5077 1381 5144 Quo
1454 5089 1719 5136 tormento
1781 5101 1886 5137 non
1939 5097 2022 5140 est

443 5162 681 5216 deterior
727 5165 888 5219 animi
936 5169 1231 5235 a'gritudo?
1286 5171 1378 5224 sed
1430 5188 1489 5226 ca
1554 5189 1656 5227 non
1696 5178 1838 5246 cogit
1899 5194 2024 5233 ver-

443 5254 566 5308 bum
605 5255 853 5310 acerbum
907 5258 1169 5315 emittere.
1213 5261 1431 5316 Moritur
1465 5280 1476 5316 :
1525 5280 1709 5320 rursus
1749 5269 1857 5337 agit
1898 5285 2022 5338 gra-

443 5345 582 5396 tias?
637 5345 793 5400 Facta
843 5357 926 5401 est
972 5350 1074 5402 tilia
1125 5351 1434 5407 Ahrahami.
1484 5354 1614 5409 Nam
1669 5359 1768 5411 etsi
1814 5363 2022 5429 propria

442 5452 602 5490 manu
648 5453 755 5492 non
804 5441 1018 5507 occidit,
1072 5445 1166 5499 sed
1221 5456 1399 5502 tamen
1449 5447 1620 5502 laetata
1673 5463 1753 5505 est
1806 5465 2025 5523 propter

445 5527 786 5595 sacrificium,
820 5533 962 5600 quod
1011 5550 1105 5603 par
1141 5545 1226 5590 cst
1258 5554 1270 5588 :
1306 5553 1411 5590 non
1447 5541 1749 5593 succensuit
1777 5557 1896 5596 cmn
1925 5544 2022 5598 do-

444 5631 571 5706 num
620 5618 940 5677 auferretur.
988 5625 1192 5680 Rursus
1235 5631 1516 5698 a‘grotavit
1548 5649 1560 5683 :
1593 5646 1699 5685 non
1748 5633 1870 5689 fecit
1895 5637 2030 5706 liga-

451 5705 942 5779 minafltcputatur
977 5715 1026 5768 ei
1055 5718 1400 5780 martyrium;
1446 5731 1622 5777 mente
1649 5723 1788 5778 enim
1820 5705 2023 5781 sacrifi-

774 5803 1043 5880 l’ufnoe.
1094 5806 1210 5865 Gn.
1264 5805 1453 5867 LXII.

1252 296 1318 350 IN
1361 295 1574 352 EPlST.
1616 295 1706 350 AD
1743 291 2019 353 COLUSS.
2060 290 2210 347 CAP.
2254 294 2339 349 lli.
2381 296 2614 355 llOMlL.
2660 297 2794 356 Ylll.

3561 309 3665 368 με

2096 409 2241 461 cavit
2291 409 2478 466 filium.
2520 412 2655 480 Quid
2704 412 2868 479 enim,
2922 413 2967 468 si
3001 415 3086 469 illa
3125 417 3254 472 nihil
3288 430 3533 486 prosunt,
3575 427 3669 477 scd

2093 508 2218 554 sunt
2259 501 2482 556 fallacia:
2521 514 2576 558 et
2603 503 2876 559 ludibria?
2918 503 3056 562 Sunt
3107 517 3284 563 tamen
3327 509 3414 578 qui
3445 511 3675 567 suadent

2088 605 2153 644 ca
2201 592 2486 659 prodesse;
2512 603 2567 648 et
2605 595 2789 650 maluit
2837 596 3092 652 infantem
3139 599 3321 654 videre
3364 612 3670 664 mortuum.

2096 697 2254 750 quam
2283 684 2389 751 pati
2417 684 2796 741 idololatriam.
2826 685 2896 742 Ut
2919 703 3048 759 ergo
3078 690 3188 759 ipsa
3218 701 3300 745 est
3326 704 3547 765 martyr,
3564 695 3676 750 sive

2093 772 2146 826 in
2173 773 2372 842 seipsa,
2398 775 2513 830 sive
2539 790 2592 829 tn
2615 776 2726 830 filio
2753 777 2854 832 hoc
2883 777 3061 845 faciat,
3093 781 3207 836 sive
3233 781 3288 836 in
3323 786 3534 850 marito,
3560 785 3674 840 sive

2093 861 2145 916 in
2171 863 2349 932 aliquo
2377 864 2466 935 qui
2497 873 2580 920 est
2607 866 2656 920 ei
2684 867 2993 922 carissimus
3025 886 3039 922 :
3072 871 3141 923 ita
3173 871 3338 926 altera
3367 882 3453 928 est
3479 873 3675 930 cultrix

2093 953 2394 1020 idolorum;
2423 963 2508 1010 est
2535 956 2677 1009 enim
2711 958 3048 1026 perspicuum
3076 961 3217 1028 quod
3245 961 3349 1016 diis
3377 964 3676 1019 sacrificas-

2095 1053 2206 1107 set,
2233 1043 2277 1098 si
2309 1044 2546 1100 licuisset
2570 1045 2873 1102 sacrificare
2907 1065 2919 1100 :
2949 1048 3059 1103 imo
3084 1065 3212 1104 vero
3239 1053 3348 1119 jam
3377 1051 3506 1107 fecit
3529 1055 3673 1124 quod

2093 1145 2178 1188 est
2198 1134 2465 1190 sacrificii.
2495 1135 2768 1206 Ligamina
2793 1139 2958 1202 enim,
2983 1139 3082 1194 etsi
3109 1140 3176 1194 de
3202 1141 3266 1196 iis
3290 1142 3480 1197 millies
3507 1144 3682 1213 philo-

2096 1226 2388 1294 sophentur
2407 1227 2496 1296 qui
2519 1227 2581 1281 iis
2601 1236 2837 1295 utuntur,
2864 1229 3123 1294 dicentes,
3150 1231 3314 1285 Deum
3337 1233 3645 1290 invocamus
3661 1279 3678 1301 ,

2094 1329 2151 1373 et
2175 1319 2302 1373 nihil
2329 1319 2555 1390 amplius
2586 1321 2806 1374 facimus
2830 1336 2846 1384 ;
2870 1327 2930 1375 et
2953 1337 3070 1390 qua:
3097 1330 3222 1375 sunt
3243 1321 3544 1391 hujusmodi
3566 1342 3582 1390 ;
3605 1335 3679 1392 et,

2097 1410 2396 1466 Christiana
2420 1421 2501 1467 est
2526 1413 2700 1467 vetula
2730 1420 2785 1466 et
2812 1411 2984 1466 fidelis
3010 1427 3107 1468 :ea
3135 1428 3222 1468 res
3249 1423 3332 1468 est
3361 1414 3677 1472 idololatria.

2100 1503 2170 1556 Es
2196 1502 2402 1557 ﬁdelis?
2443 1504 2589 1571 signa
2622 1511 2675 1557 te
2701 1521 2714 1556 :
2743 1503 2850 1565 dic,
2890 1502 3016 1557 llaec
3038 1519 3188 1558 arma
3219 1503 3388 1560 habeo
3413 1507 3548 1572 sola,
3583 1507 3685 1562 hoc

2100 1594 2575 1658 medicamentum;
2599 1593 2742 1648 aliud
2767 1602 2943 1647 autem
2970 1596 3174 1649 nescio.
3201 1595 3294 1650 Dic
3314 1597 3468 1662 mihi,
3495 1600 3538 1652 si
3564 1601 3685 1669 quis

2099 1686 2387 1739 accesserit
2405 1684 2664 1749 medicus,
2684 1692 2739 1739 et
2763 1684 3045 1740 medicinae
3064 1686 3302 1742 dimissis
3324 1689 3686 1745 medicamen-

2103 1779 2168 1832 tis
2196 1779 2453 1843 incantct,
2483 1791 2677 1832 emnne
2704 1777 2946 1832 dicemus
2974 1778 3278 1834 medicum?
3302 1779 3645 1852 Nequaquam
3669 1803 3681 1836 :

2102 1869 2381 1924 medicina:
2419 1871 2561 1922 enim
2601 1883 2708 1922 non
2750 1869 2992 1923 videmus
3022 1871 3327 1939 pharmaca.
3375 1873 3446 1926 Ita
3475 1889 3573 1928 nec
3601 1875 3687 1929 hic

2101 1961 2501 2015 christianismi.
2529 1959 2662 2014 Aliae
2687 1970 2866 2014 autem
2890 1976 3078 2014 rursus
3098 1962 3316 2031 alligant
3339 1965 3553 2019 nomina
3579 1965 3684 2020 ﬂu-

2102 2055 2332 2117 viorum,
2365 2061 2421 2106 et
2461 2051 2564 2124 alia
2606 2051 2807 2105 audent
2855 2052 3282 2107 innumerabilia.
3319 2054 3454 2109 Ecce
3482 2055 3603 2112 dico
3631 2067 3686 2112 et

2103 2146 2337 2214 praedico
2365 2143 2515 2198 vobis
2551 2144 2839 2198 omnibus:
2868 2144 3008 2213 quod
3040 2146 3083 2200 si
3109 2145 3372 2216 quispiam
3405 2148 3560 2204 fuerit
3585 2150 3681 2206 de-

2107 2238 2401 2307 prehensus
2424 2279 2438 2303 ,
2470 2252 2574 2291 non
2620 2251 2833 2306 parcam
2881 2239 3070 2292 iterum
3091 2278 3106 2304 ,
3137 2239 3253 2294 sive
3283 2241 3506 2310 ligamcn
3527 2285 3541 2308 ,
3572 2244 3686 2299 sive

2106 2329 2516 2383 incantationem
2543 2369 2558 2393 ,
2586 2329 2698 2382 sive
2733 2327 2890 2396 hujus
2929 2330 3062 2383 artis
3109 2329 3307 2401 aliquid
3337 2331 3478 2387 aliud
3506 2333 3684 2390 faciat.

2104 2423 2241 2490 Quid
2283 2422 2449 2477 vero?
2477 2421 2736 2476 morietur
2759 2463 2774 2486 ,
2805 2422 2972 2491 inquit
2999 2463 3016 2488 ,
3054 2422 3250 2478 infans.
3282 2423 3337 2480 Si
3367 2426 3445 2481 sic
3472 2428 3684 2495 vixerit,

2108 2525 2233 2568 tunc
2257 2514 2546 2578 morietur;
2570 2513 2651 2567 sin
2675 2522 2854 2567 autem
2885 2512 3086 2582 absque
3111 2514 3214 2569 illis
3242 2526 3482 2573 mortuus
3510 2520 3686 2587 fuerit,

2108 2613 2236 2659 tunc
2268 2603 2412 2658 vivit.
2443 2602 2592 2657 Nunc
2621 2610 2799 2657 autem
2827 2602 2870 2656 si
2897 2602 3094 2657 videris
3121 2604 3333 2673 quidem
3371 2607 3536 2663 lilium
3571 2625 3690 2666 vcr-

2109 2705 2313 2750 santem
2340 2710 2463 2749 cum
2497 2692 2889 2754 meretricibus,
2923 2702 3079 2761 optas
3120 2709 3242 2748 eum
3275 2697 3325 2749 in
3354 2705 3494 2767 terra
3523 2699 3689 2756 infos-

2109 2804 2248 2851 sum,
2277 2797 2329 2840 et
2355 2785 2510 2844 dicis,
2549 2783 2685 2850 Quid
2712 2783 2758 2838 ei
2791 2783 3010 2852 prodest
3039 2801 3055 2829 ι
3073 2784 3259 2838 ivere?
3300 2787 3484 2844 videns
3509 2801 3686 2845 autem

2109 2894 2230 2931 cum
2256 2877 2308 2931 in
2337 2876 2574 2946 periculo
2604 2874 2789 2928 salutis
2815 2915 2830 2936 ,
2860 2875 2940 2928 vis
2966 2873 3148 2930 videre
3174 2861 3294 2931 eum
3325 2880 3542 2936 vivum?
3573 2883 3689 2940 Non

2111 2967 2355 3021 audivisti
2403 2964 2674 3020 Christum
2715 2963 3024 3030 dicentem,
3073 2965 3171 3029 Qui
3213 2969 3430 3036 perdidit
3469 2974 3698 3028 animum

2111 3076 2255 3113 suam
2281 3100 2294 3121 ,
2329 3057 2544 3110 inveniet
2587 3069 2736 3118 eam;
2777 3057 2860 3125 qui
2903 3065 3069 3108 autem
3111 3057 3325 3124 invenit,
3368 3061 3540 3128 perdet
3582 3080 3694 3118 eam

2117 3150 2341 3222 (Matth.
2395 3151 2482 3203 lli.
2526 3145 2677 3214 25)?
2716 3147 2891 3202 credis
2917 3148 2980 3200 iis
3006 3163 3124 3215 qua:
3146 3149 3285 3203 dicta
3313 3162 3459 3218 sunt,
3488 3170 3553 3206 an
3601 3157 3692 3211 tibi

2113 3242 2361 3296 videntur
2399 3253 2520 3294 esse
2571 3237 2802 3291 l'abulze?
2833 3238 2925 3291 Dic
2953 3237 3102 3304 mihi,
3132 3240 3175 3292 si
3202 3241 3320 3308 quis
3349 3241 3560 3308 dixerit,
3586 3247 3694 3301 Duc

2115 3336 2165 3388 in
2197 3333 2450 3401 templum
2477 3329 2763 3392 idolorum,
2792 3337 2847 3382 et
2867 3329 3028 3394 vivet,
3057 3329 3312 3398 patieris?
3337 3332 3473 3401 Non,
3501 3335 3692 3408 inquit,

2112 3424 2326 3490 Quare?
2357 3422 2490 3489 Quia
2533 3419 2674 3488 cogit
2715 3418 2895 3473 colere
2939 3418 3080 3472 idola
3114 3437 3126 3473 :
3163 3420 3248 3475 hic
3274 3433 3449 3479 autem
3477 3443 3582 3482 non
3613 3440 3695 3485 est

2117 3513 2437 3575 idololatria,
2460 3509 2553 3564 sed
2579 3509 2774 3572 solum,
2800 3509 2990 3579 inquit,
3016 3509 3324 3568 incautatio.
3352 3515 3474 3571 llrec
3498 3528 3583 3574 est
3604 3536 3695 3576 co-

2115 3607 2302 3676 gitatio
2331 3605 2588 3670 satanica,
2618 3603 2700 3658 ha:
2745 3612 2870 3656 sunt
2913 3603 3194 3660 diabolicae
3241 3608 3447 3665 insidiae
3469 3653 3483 3679 ,
3517 3621 3696 3684 tegere

2117 3713 2378 3762 errorem,
2407 3709 2459 3751 et
2499 3699 2551 3752 in
2591 3697 2747 3752 melle
2771 3696 2902 3751 dare
2932 3713 3214 3754 venenum.
3247 3701 3508 3769 Quoniam
3551 3709 3700 3763 novit

2119 3807 2178 3847 se
2217 3791 2303 3845 illa
2345 3791 2444 3843 hac
2485 3789 2564 3841 via
2607 3803 2712 3842 non
2758 3802 3157 3857 persuasurum,
3186 3790 3454 3861 ingressus
3501 3808 3584 3851 est
3631 3801 3698 3853 ad

2120 3883 2350 3937 :uuuleta
2379 3891 2435 3935 et
2462 3880 2628 3934 aniles
2656 3879 2859 3934 fabulas
2888 3895 2902 3932 :
2931 3889 2986 3934 et
3007 3895 3140 3935 crux
3164 3883 3376 3952 quidem
3403 3887 3590 3943 affecta
3618 3903 3701 3946 est

2124 3974 2434 4045 ignominia,
2484 3973 2652 4026 literae
2692 3981 2870 4025 autem
2904 3971 2956 4025 in
2987 3974 3175 4041 majori
3220 3975 3424 4032 honore
3450 3991 3573 4034 sunt
3603 3981 3700 4036 ha-

2125 4069 2247 4122 bitae
2274 4083 2287 4118 :
2316 4065 2560 4119 Christus
2585 4062 2682 4116 fuit
2707 4063 2927 4129 eiectus,
2949 4071 3004 4116 et
3026 4062 3380 4120 introducitur
3399 4085 3533 4125 anus
3555 4071 3700 4128 ebria

2124 4168 2177 4213 et
2204 4158 2436 4213 delirans
2471 4172 2482 4206 :
2517 4153 2883 4207 conculcatum
2914 4161 2996 4206 est
3018 4161 3257 4208 nostrum
3285 4161 3619 4228 mysterium,
3647 4175 3704 4217 et

2124 4251 2319 4304 choros
2348 4246 2493 4300 ducit
2522 4244 2666 4297 fraus
2696 4241 2912 4322 diaboli.
2945 4241 3054 4296 Cur
3082 4257 3210 4312 ergo
3239 4261 3344 4300 non
3375 4252 3583 4319 arguit,
3616 4253 3701 4308 itt-

2126 4343 2257 4410 quit,
2294 4337 2476 4392 Deus?
2504 4333 2657 4402 Quod
2687 4334 2754 4387 ab
2783 4333 2846 4387 iis
2871 4333 3029 4387 datur
3053 4335 3306 4390 auxilium
3338 4354 3480 4410 saepe
3509 4347 3699 4415 arguit,

2126 4439 2181 4485 et
2208 4429 2300 4484 tibi
2321 4444 2424 4480 non
2455 4425 2717 4495 persuasit
2746 4441 2759 4476 :
2783 4423 2892 4490 jam
2911 4423 3128 4478 dimittit
3147 4438 3436 4484 errantem.
3471 4432 3703 4490 Tradidit

2125 4522 2292 4584 enim,
2340 4518 2529 4587 inquit,
2576 4516 2712 4584 ipsos
2743 4512 2879 4567 Deus
2907 4515 2961 4566 in
2989 4516 3254 4584 reprobwn
3283 4535 3484 4575 sensum
3522 4525 3701 4593 (Rom.

2130 4615 2179 4668 l.
2199 4611 2314 4681 28).
2334 4608 2459 4663 Haec
2481 4621 2547 4660 ne
2567 4605 2813 4661 ethnicus
2833 4605 3067 4676 quidem,
3087 4608 3175 4676 qui
3193 4610 3348 4678 sapit,
3376 4613 3702 4672 toleraverit.

2131 4705 2331 4762 Dicitur
2358 4701 2573 4772 quidam
2601 4708 2783 4754 orator
2810 4701 2989 4770 pepuli
3018 4701 3238 4756 Athenis
3265 4705 3550 4774 aliquando
3590 4709 3704 4766 haec

2128 4797 2229 4852 sibi
2252 4794 2550 4865 applicasse
2580 4810 2592 4845 :
2624 4791 2816 4845 deinde
2840 4806 2962 4847 cum
2989 4793 3202 4861 quidam
3246 4795 3609 4868 philosophus,
3642 4804 3704 4858 il-

2131 4888 2231 4942 lius
2248 4886 2499 4956 magister
2513 4898 2633 4936 cum
2653 4882 2892 4946 vidisset,
2909 4883 3703 4958 reprehendisse,conquestum

2130 4993 2269 5042 esse,
2294 4974 2666 5036 momordisse,
2693 4971 3009 5026 traduxisse.
3030 4971 3139 5027 Nos
3157 4971 3334 5029 a'utem
3357 4977 3492 5032 adeo
3513 4982 3707 5038 misere

2129 5067 2302 5123 affecti
2330 5081 2512 5121 smnus
2535 5106 2549 5129 ,
2579 5073 2637 5117 ut
2667 5064 2748 5116 his
2775 5062 3072 5117 credamus.

2202 5161 2304 5216 Cur
2329 5159 2572 5213 miracula
2605 5174 2701 5210 non
2728 5157 2874 5223 ﬁant.
2915 5155 3261 5221 Quorumdam
3295 5167 3704 5231 superstitionum

2131 5254 2419 5320 descriptio.
2465 5249 2656 5303 —Cur
2678 5262 2782 5301 non
2807 5257 2950 5312 sunt,
2982 5247 3207 5316 inquies,
3226 5251 3571 5320 quimortuos
3585 5276 3703 5316 sus.

2131 5348 2314 5407 citent,
2348 5351 2400 5395 et
2440 5340 2741 5394 curationes
2774 5337 3060 5406 peragant?
3088 5337 3214 5404 Cur,
3261 5357 3365 5395 non
3392 5345 3512 5398 dico
3544 5363 3556 5399 :
3609 5365 3705 5404 cur

2132 5449 2272 5489 nunc
2297 5448 2401 5486 non
2430 5440 2553 5483 sunt
2583 5429 2670 5496 qui
2703 5428 2865 5481 vitam
2891 5427 3185 5494 despiciant
3219 5442 3536 5498 prtcsentcm
3557 5436 3580 5488 ?
3605 5453 3703 5493 cur

2133 5523 2378 5580 mercede
2424 5522 2531 5575 Deo
2574 5521 2872 5572 servimus?
2907 5520 3128 5585 Quando
3169 5520 3485 5582 imbecillius
3513 5528 3700 5585 affecta

2133 5626 2251 5671 erat
2288 5614 2515 5668 humana
2561 5623 2789 5683 natura;
2810 5612 3022 5680 quando
3063 5614 3339 5680 oportebat
3387 5618 3698 5687 plantaria-

2133 5708 2279 5765 dem,
2312 5713 2462 5758 erant
2490 5703 2640 5759 multi
2671 5702 3008 5777 hujusmodi;
3052 5719 3188 5758 nunc
3217 5717 3392 5759 autem
3437 5725 3541 5765 non
3590 5716 3704 5768 volt

3319 5802 3398 5861 23
