4026 6148
498 225 632 280 «559

522 351 624 391 nos
657 334 890 408 pendere
917 334 986 389 ab
1015 332 1098 388 his
1127 331 1311 402 signis,
1340 329 1434 384 sed
1477 338 1688 399 paratos
1712 343 1834 384 esse
1861 326 1928 381 ad
1960 342 2102 380 mor-

519 437 658 482 tem.
675 427 785 480 Cur
812 439 939 496 ergo
965 425 1086 478 vitae
1111 423 1358 493 praesenti
1386 420 1654 474 inlucres?
1680 435 1774 474 cur
1798 419 1968 473 futura
1995 422 2101 472 non

525 518 759 589 aSpicis?
795 526 851 572 et
878 531 972 586 pro
1000 515 1101 570 hac
1127 513 1340 584 quidem
1371 512 1532 567 etiam
1570 512 1708 566 idola
1737 511 1913 565 colere
1940 512 2103 564 susti-

527 626 646 676 nes,
679 625 774 680 pro
802 608 893 662 illa
919 614 1094 660 autem
1125 621 1194 658 nc
1223 604 1404 658 subire
1431 602 1647 671 quidem
1673 602 1906 672 aliquam
1938 599 2102 654 animi

526 695 935 772 mgritudinem?
965 696 1255 764 Propterea
1297 709 1400 745 non
1440 703 1563 746 sunt
1605 707 1745 745 nunc
1788 690 1942 755 tales,
1965 705 2100 758 quo-

526 791 664 846 niam
695 789 862 858 turpis
887 785 1045 841 nobis
1071 785 1182 838 visa
1209 793 1292 837 est
1319 782 1406 836 illa
1434 781 1571 844 vita;
1601 781 1862 851 siquidem
1891 795 1986 849 pro
2013 779 2101 833 illa

523 881 651 936 nihil
675 880 904 950 agimus,
933 891 1028 945 pro
1054 875 1154 929 hac
1179 883 1356 928 autem
1387 872 1518 925 nihil
1537 885 1844 924 recusamus
1871 867 2098 938 perpeti.

521 971 656 1040 Quid
683 985 812 1026 vero
839 967 982 1023 aliud
1009 980 1220 1036 quoque
1249 963 1528 1018 ridiculum
1555 1002 1569 1026 ,
1615 962 1750 1016 cinis
1775 969 1828 1012 et
1854 958 2018 1028 fuligo
2046 967 2102 1012 et

522 1064 704 1118 sales?
725 1069 781 1116 et
804 1073 990 1114 rursus
1013 1059 1069 1112 in
1097 1054 1330 1111 medium
1363 1052 1537 1122 prodit
1559 1050 1788 1106 anicula.
1815 1050 1919 1104 Res
1947 1050 2101 1118 plane

523 1150 746 1208 ridicula
772 1157 829 1205 et
855 1147 1118 1219 pudenda.
1146 1145 1215 1200 Et
1238 1145 1450 1210 oculus,
1482 1143 1652 1212 inquit
1678 1183 1694 1208 ,
1722 1142 1897 1211 rapuit
1925 1139 2099 1194 infan-

523 1255 655 1299 tem.

596 1334 650 1389 6.
681 1332 968 1400 Quousque
999 1331 1112 1385 hac
1131 1329 1366 1385 sataniea
1387 1328 1412 1384 ἲ
1430 1325 1698 1398 quomodo
1724 1340 1829 1380 non
1857 1323 2104 1379 ridebunt

528 1424 746 1481 Graeci?
773 1420 1043 1493 quomodo
1071 1435 1176 1476 non
1209 1418 1610 1474 subsannabunt
1633 1455 1649 1482 ,
1675 1415 1887 1486 quando
1911 1415 1990 1470 eis
2015 1413 2100 1468 di-

524 1531 708 1571 cemus
732 1528 977 1584 magnam
1002 1526 1125 1568 esse
1146 1512 1394 1565 virtutem
1416 1507 1627 1564 crucis?
1648 1505 1916 1577 quomodo
1944 1506 1996 1560 id
2021 1506 2100 1560 eis

523 1606 928 1678 persuadebitur
948 1645 963 1671 ,
990 1619 1112 1659 cum
1141 1602 1354 1658 videant
1381 1615 1478 1656 nos
1506 1615 1641 1670 opus
1665 1599 1863 1654 habere
1888 1598 1953 1652 iis
1981 1612 2100 1667 qua:

523 1699 625 1770 ipsi
656 1697 918 1754 irrident?
961 1706 1243 1767 propterea
1276 1695 1418 1750 Deus
1461 1693 1608 1749 dedit
1641 1691 1876 1746 medicos
1902 1699 1957 1745 et
1983 1704 2098 1744 me-

523 1789 868 1844 dicamenta?
911 1787 1047 1854 Quid
1081 1799 1207 1841 vero
1230 1825 1248 1847 ,
1274 1785 1318 1838 si
1351 1784 1424 1838 illi
1456 1798 1559 1837 non
1585 1790 1775 1838 curent
1797 1821 1811 1846 ,
1845 1779 1939 1834 sed
1970 1794 2101 1849 puer

522 1879 776 1935 excedat?
793 1879 908 1944 Quo
927 1877 1059 1943 abit,
1073 1877 1385 1945 dic,qu:eso,
1410 1873 1593 1929 infelix
1615 1883 1670 1928 et
1689 1873 1888 1928 miser?
1904 1872 1970 1926 ad
1991 1872 2102 1926 dte-

520 1986 778 2027 monesne
805 1971 916 2026 abit
933 1978 989 2023 et
1008 1969 1074 2022 ad
1099 1967 1420 2039 tyrannum?
1442 1981 1620 2021 annon
1648 1967 1760 2021 abit
1785 1967 1837 2020 in
1866 1964 2100 2022 caelum?

520 2078 700 2120 annon
743 2061 812 2116 ad
854 2076 1008 2116 suum
1055 2058 1379 2114 Dominum?
1413 2058 1539 2129 quid
1585 2074 1712 2129 ergo
1753 2057 1945 2114 doles?
1971 2057 2097 2128 quid

521 2155 659 2212 fles?
685 2153 810 2224 quid
839 2151 1027 2222 luges?
1071 2151 1198 2220 quid
1245 2148 1502 2205 infantem
1532 2150 1699 2220 magis
1722 2149 1900 2220 diligis
1937 2163 2096 2218 quam

519 2246 846 2304 Dominum?
890 2258 1070 2298 nonne
1113 2251 1329 2312 pr0pter
1381 2241 1529 2296 illum
1575 2256 1699 2296 eum
1751 2239 1958 2295 habes?
1999 2255 2096 2294 cur

526 2349 612 2396 est
658 2341 935 2409 ingratus,
982 2335 1072 2406 qui
1123 2334 1320 2389 donum
1371 2334 1492 2404 plus
1538 2348 1687 2388 aiues
1736 2349 1894 2404 quam
1946 2333 2094 2387 illum

519 2432 611 2502 qui
636 2425 826 2486 dedit?
872 2431 939 2482 At
963 2441 1080 2482 sum
1107 2467 1120 2492 ,
1153 2426 1344 2496 inquit,
1376 2426 1698 2493 imbecillus,
1729 2434 1784 2480 et
1825 2440 1931 2480 non
1979 2425 2096 2481 fero

523 2522 617 2578 Dei
657 2521 924 2575 timorem.
955 2517 1088 2572 Nam
1129 2517 1174 2571 si
1219 2515 1274 2570 in
1314 2516 1472 2570 malis
1511 2515 1881 2585 corporalibus
1922 2515 2096 2584 majus

522 2612 652 2682 tegit
696 2609 870 2664 minus
893 2649 910 2674 ,
937 2607 1105 2662 multo
1146 2605 1314 2676 magis
1356 2606 1409 2659 in
1448 2605 1622 2659 anima
1655 2605 1811 2660 timor
1836 2605 1998 2660 solvit
2026 2607 2095 2659 ti-

520 2719 746 2768 morem,
773 2710 830 2758 et
853 2701 1006 2756 dolor
1034 2699 1299 2754 dolorem.
1341 2697 1470 2751 Erat
1515 2713 1647 2767 puer
1695 2696 1955 2766 pulcher?
1985 2697 2092 2753 Sed

519 2790 1044 2866 cujusmodicumriue
1071 2797 1237 2853 esset,
1271 2803 1376 2842 non
1405 2796 1522 2841 erat
1551 2787 1734 2842 lsaaco
1760 2785 2043 2856 pulchrior
2075 2804 2090 2840 :

519 2898 632 2944 erat
655 2885 742 2939 ille
767 2896 979 2954 quoque
1007 2880 1215 2934 unicus.
1257 2876 1314 2931 In
1339 2885 1619 2933 senectute
1649 2875 1743 2930 tihi
1776 2884 1932 2930 natus
1963 2875 2094 2930 est?

518 2978 589 3034 Et
615 2976 726 3032 ille.
760 2973 864 3030 Sed
907 2981 990 3026 est
1033 2978 1290 3024 venustus
1319 2977 1373 3023 et
1396 2966 1651 3036 elegans?
1695 2966 1891 3022 Verum
1918 2966 2094 3036 cujus-

516 3070 891 3137 modicumque
918 3065 1005 3126 sit,
1029 3077 1135 3118 non
1157 3070 1240 3117 est
1263 3060 1445 3132 Moyse
1485 3057 1760 3116 venustior
1787 3068 1843 3115 et
1869 3060 2085 3130 elegan-

451 3209 457 3216 .
508 3163 640 3227 tior,
674 3159 762 3230 qui
793 3158 951 3212 etiam
982 3153 1289 3208 barbaricos
1313 3151 1499 3206 oculos
1528 3150 1698 3205 illexit
1723 3149 1790 3204 ad
1822 3149 1905 3204 sui
1935 3165 2092 3203 amo-

515 3269 654 3318 rem,
685 3252 846 3321 idque
867 3264 933 3304 eo
962 3258 1203 3317 tempore
1227 3244 1420 3307 aetatis,
1457 3244 1506 3297 in
1534 3257 1640 3312 quo
1666 3241 1902 3298 nondum
1932 3257 2096 3312 appao

504 3352 604 3398 ret
630 3351 881 3397 venustas
906 3347 961 3394 et
989 3336 1289 3408 elegantia;
1316 3333 1410 3390 sed
1461 3343 1636 3388 tamen
1677 3348 1800 3388 eum
1839 3331 2093 3388 dilectum

517 3435 573 3488 in
601 3431 819 3486 fluvium
843 3429 1096 3501 jecerunt
1121 3432 1391 3497 parentes.
1413 3424 1492 3479 Tu
1523 3425 1736 3494 quidem
1762 3432 1817 3478 et
1842 3423 1990 3479 vides
2014 3423 2095 3494 ja-

515 3532 724 3579 centem
746 3563 763 3588 ,
785 3531 836 3577 et
868 3519 1087 3574 mandas
1117 3517 1408 3586 sepulturae
1427 3557 1443 3582 ,
1473 3526 1528 3570 et
1553 3517 1668 3570 abis
1697 3515 1762 3570 ad
1792 3516 2094 3570 monimen-

517 3627 630 3668 tum
664 3631 678 3667 :
708 3613 784 3667 illi
827 3620 1010 3664 autem
1035 3609 1354 3662 nesciebant
1380 3621 1504 3660 num
1535 3607 1772 3675 piscibus
1799 3621 1924 3662 esca
1954 3613 2096 3660 esset

515 3705 746 3765 futurus,
769 3715 836 3753 an
865 3697 1087 3753 canibus
1113 3737 1128 3762 ,
1157 3711 1226 3750 an
1255 3695 1414 3748 alicui
1443 3693 1534 3747 alii
1565 3695 1750 3748 bestia:
1777 3711 1845 3749 ex
1877 3696 1943 3750 iis
1972 3711 2093 3764 quae

507 3799 808 3864 pascuntur
826 3789 880 3843 in
894 3787 1039 3842 .mari
1061 3803 1077 3841 :
1101 3795 1156 3841 et
1172 3785 1291 3840 haec
1312 3783 1599 3848 faciebant,
1624 3797 1744 3838 cum
1766 3784 1896 3838 nihil
1917 3785 2092 3840 adhuc

515 3884 715 3941 scirent
737 3881 806 3937 de
831 3894 1015 3948 regno,
1046 3893 1216 3948 neque
1243 3875 1310 3931 de
1334 3873 1746 3930 resurrectione.
1777 3874 1846 3928 At
1871 3888 1974 3928 non
2006 3884 2090 3929 est

515 3975 726 4040 unicus,
753 3969 848 4026 sed
889 3969 1004 4038 ipse
1029 3982 1242 4038 quoque
1268 3973 1390 4036 post
1418 3965 1615 4020 multos
1667 3965 1940 4020 excessit?
1985 3965 2092 4021 Sed

515 4079 624 4120 non
664 4072 770 4116 tam
817 4059 1095 4130 repentina
1119 4067 1173 4112 et
1201 4066 1307 4111 tam
1332 4056 1666 4110 accumulata
1697 4055 1968 4124 tristisque
1997 4054 2096 4110 fuit

515 4156 810 4220 calamitas,
833 4169 989 4222 quam
1015 4166 1132 4220 qua:
1152 4149 1287 4205 Jobo
1307 4148 1500 4203 accidit
1525 4165 1538 4201 :
1568 4163 1672 4202 non
1699 4157 1838 4202 tecto
1858 4148 2092 4218 deiecto,

513 4264 620 4302 non
653 4246 792 4299 inter
819 4241 1203 4313 prandendum,
1239 4255 1342 4294 non
1373 4239 1764 4294 calamitatibus
1809 4241 1955 4309 prius
1998 4257 2094 4294 an-

517 4339 789 4393 nuutiatis.
831 4339 895 4389 At
925 4351 954 4388 a
987 4345 1038 4387 te
1066 4334 1427 4402 diligebatur?
1471 4333 1575 4388 Sed
1603 4349 1708 4387 non
1741 4334 1908 4403 magis
1933 4349 2090 4404 quam

516 4431 710 4501 Ioseph
737 4431 1022 4484 devoratus
1048 4441 1078 4480 a
1111 4426 1278 4479 bestia
1303 4442 1316 4487 ;
1346 4423 1439 4479 sed
1469 4433 1644 4480 tamen
1671 4427 1790 4479 tulit
1813 4426 2091 4480 calamita-

516 4532 644 4587 tem,
667 4529 720 4572 et
739 4534 858 4587 qua:
888 4526 1005 4586 post
1026 4517 1169 4568 illam
1193 4515 1417 4580 exstitit,
1440 4523 1492 4569 et
1520 4532 1639 4586 qua:
1666 4525 1787 4586 post
1813 4517 1966 4572 hanc.
1992 4517 2092 4571 Pa-

1245 223 1303 276 S.
1341 217 1618 275 JOANNIS
1655 211 2126 272 CIIRYSOSTOMI
2163 212 2474 269 AllClllEf‘.
2517 215 3047 274 CONSTANTINOP.

3680 221 3781 281 560

2214 335 2294 380 ter
2320 327 2484 394 flevit,
2513 329 2607 384 sed
2636 345 2740 385 non
2770 332 2931 400 impie
2957 346 3015 386 se
3045 332 3248 402 gessit;
3278 334 3429 398 luxit,
3453 335 3550 390 sed
3576 350 3676 390 non
3703 339 3778 392 iu-

2212 417 2559 473 tolerahiliter
2584 421 2725 486 tulit,
2766 421 2860 476 sed
2893 437 3060 492 usque
3084 423 3150 476 ad
3184 423 3299 477 haec
3328 425 3491 480 verba
3519 429 3773 493 constitit,

2209 508 2425 573 dicens,
2457 509 2649 579 Ioseph
2679 529 2780 567 non
2808 523 2898 578 est,
2930 513 3152 585 Symeon
3178 532 3277 569 non
3307 526 3412 582 est,
3447 527 3493 571 et
3525 517 3779 589 Benjamin

2209 601 2491 668 auferetis?
2517 603 2570 656 in
2603 619 2682 656 me
2706 607 2843 673 facta
2873 615 2990 658 sunt
3022 607 3192 658 omnia
3218 605 3384 678 (Gen.
3407 606 3500 662 42.
3525 609 3594 663 '56
3618 609 3656 679 ).
3689 608 3776 665 Vi-

2209 690 2304 745 des
2329 693 2596 761 quomodo
2622 695 2695 748 illi
2724 698 3048 765 persuaserit
3091 696 3249 752 famis
3286 697 3529 767 tyrannis
3560 709 3616 752 ut
3642 700 3773 754 filios

2209 780 2545 852 despiceret;
2577 785 2716 854 apud
2761 795 2814 840 te
2855 794 3033 840 autem
3083 801 3189 841 non
3238 796 3442 841 tantum
3490 797 3664 858 potest
3693 789 3776 844 Dei

2209 884 2384 929 metus
2405 917 2420 939 ,
2449 886 2705 946 quantum
2744 875 2949 932 fames?
2977 877 3299 949 Lacrymare
3322 917 3337 941 ,
3365 894 3476 933 non
3505 890 3630 933 veto
3651 895 3667 944 ;
3692 881 3778 934 sed

2209 965 2339 1021 nihil
2362 967 2728 1037 blasphemutn
2751 969 2951 1024 dixeris
2973 985 3070 1025 nec
3091 969 3299 1030 feceris.
3327 969 3779 1040 Cujusmodicum-

2208 1073 2312 1128 que
2360 1059 2430 1112 sit
2474 1058 2633 1125 filius,
2661 1075 2768 1113 non
2800 1071 2884 1114 est
2908 1075 3032 1114 cum
3061 1060 3230 1115 Abele
3256 1061 3617 1117 conferendas
3647 1079 3661 1114 :
3691 1059 3778 1116 sed

2209 1148 2341 1202 nihil
2373 1148 2475 1202 tale
2504 1149 2639 1203 dixit
2670 1150 2862 1204 Adam.
2917 1151 3077 1221 Atqui
3107 1152 3285 1222 gravis
3308 1161 3426 1206 erat
3456 1151 3546 1205 illa
3571 1152 3776 1205 calami-

2209 1249 2290 1294 tas
2319 1257 2332 1294 :
2365 1240 2490 1310 quid
2521 1241 2664 1296 enim
2705 1243 2918 1310 gravius
2941 1283 2958 1308 ,
2987 1257 3145 1313 quam
3177 1243 3319 1313 quod
3365 1244 3532 1297 frater
3575 1242 3774 1296 fratrem

2207 1328 2574 1385 interfecerit?
2602 1331 2705 1387 Sed
2731 1333 2874 1387 enim
2902 1332 3129 1386 aliorum
3156 1349 3369 1403 quoque
3397 1332 3773 1388 fratricidarum

2207 1430 2503 1491 opportune
2547 1423 2690 1476 subit
2730 1424 2988 1478 memoria
3038 1439 3052 1476 :
3103 1423 3249 1477 velut
3292 1424 3512 1493 quando
3559 1424 3774 1476 Ahsalou

2207 1514 2433 1566 Ammon
2477 1510 2746 1567 interfecit
2790 1513 3199 1582 primogenitum
3229 1513 3321 1582 (2.
3375 1514 3500 1584 Reg.
3551 1513 3654 1585 l3)
3683 1531 3697 1566 :
3726 1524 3775 1568 et

2207 1602 2372 1656 David
2397 1617 2490 1656 rex
2521 1603 2732 1657 amabat
2775 1618 3021 1673 puerum,
3051 1614 3101 1657 et
3136 1605 3186 1658 in
3217 1619 3379 1658 sarco
3401 1604 3614 1674 quidem
3634 1605 3770 1674 jace-

2207 1695 2298 1750 bat
2323 1705 2376 1750 et
2403 1697 2602 1750 cinere.
2648 1695 2762 1750 Non
2797 1711 2926 1751 vero
2954 1697 3177 1751 adduxit
3210 1696 3546 1751 divinatores
3570 1737 3583 1758 ,
3617 1711 3772 1762 neque

2208 1786 2587 1849 incantatores,
2617 1787 2715 1839 etsi
2746 1797 2871 1840 tunc
2899 1797 3088 1853 erant;
3140 1787 3298 1856 idque
3323 1786 3580 1842 'ostcndit
3614 1785 3730 1840 Saitl
3759 1801 3770 1836 :

2205 1887 2260 1931 at
2286 1877 2397 1932 Deo
2422 1877 2770 1946 supplicabat.
2821 1877 2900 1931 Tu
2937 1894 3151 1948 quoque
3185 1879 3237 1933 id
3284 1879 3370 1934 fac
3401 1898 3414 1934 :
3441 1879 3582 1950 quod
3613 1879 3770 1948 justus

2206 1968 2348 2031 facit,
2373 1967 2455 2020 fac
2487 1976 2540 2021 tu
2569 1981 2780 2037 quoque
2809 1987 2823 2022 :
2858 1968 3045 2024 eadem
3075 1969 3161 2024 dic
3187 1970 3372 2034 verba,
3399 1969 3611 2040 quando
3639 1984 3771 2023 mor-

2212 2068 2331 2112 tuus
2360 2057 2518 2112 fuerit
2557 2057 2772 2113 infans:
2804 2058 2914 2129 Ego
2955 2060 3023 2114 ad
3068 2061 3238 2130 ipsum
3282 2061 3470 2128 abibo,
3502 2064 3614 2134 ipse
3661 2080 3771 2119 vero

2206 2165 2312 2204 non
2336 2151 2513 2204 veniet
2542 2152 2608 2204 ad
2637 2167 2742 2205 me.
2775 2150 2888 2206 Hoc
2909 2160 2993 2206 est
3021 2151 3382 2224 philosophia:
3405 2197 3419 2221 ,
3445 2155 3548 2212 hoc
3575 2165 3656 2210 est
3686 2157 3766 2210 he-

2205 2241 2538 2297 nevolentite.
2571 2239 2642 2297 Ut
2685 2256 2834 2297 ames
2877 2241 3171 2309 infantem,
3201 2259 3308 2299 non
3365 2255 3570 2301 tantum
3615 2261 3767 2311 amas,

2202 2344 2458 2404 quantum
2487 2335 2578 2390 ille
2604 2343 2729 2391 tunc
2752 2377 2768 2402 ,
2794 2336 3003 2389 etiamsi
3031 2345 3174 2390 esset
3203 2345 3362 2391 natus
3389 2353 3456 2392 ex
3484 2338 3729 2392 adulterio
3755 2355 3766 2390 :

2205 2424 2486 2479 tenebatur
2529 2436 2708 2480 autem
2737 2432 2864 2480 tunc
2894 2426 2984 2480 ille
3010 2425 3199 2479 beatus
3225 2441 3449 2481 summo
3479 2428 3658 2481 matris
3684 2425 3767 2481 dc-

2203 2514 2419 2570 siderio.
2465 2515 2625 2570 Scitis
2674 2524 2851 2570 autem
2899 2515 3061 2571 fastus
3104 2518 3304 2571 amoris
3358 2529 3630 2588 parentum
3659 2531 3767 2587 par-

2205 2606 2392 2675 ticipes
2416 2622 2558 2662 esse.
2609 2607 2673 2661 Et
2705 2617 2882 2662 tantus
2924 2618 3042 2662 erat
3084 2623 3254 2675 amor,
3282 2618 3341 2663 ut
3392 2619 3448 2664 et
3487 2611 3530 2665 si
3575 2618 3768 2680 propter

2201 2713 2323 2754 eum
2353 2700 2495 2754 male
2518 2700 2756 2764 audiret,
2787 2699 2945 2755 vellet
2974 2710 3150 2755 tamen
3179 2716 3298 2755 eum
3330 2703 3522 2757 vivere
3548 2719 3562 2757 :
3591 2701 3676 2756 sed
3703 2711 3769 2752 ta-

2201 2807 2326 2847 men
2354 2791 2464 2847 Deo
2491 2793 2599 2862 egit
2625 2793 2845 2861 gratias.
2895 2792 3178 2860 Quomodo
3221 2791 3476 2848 affectam
3516 2793 3767 2848 existimas

2201 2880 2365 2936 fuisse
2393 2881 2713 2946 Rebeceam,
2739 2883 2950 2952 quando
2976 2883 3176 2938 Jacobo
3208 2884 3447 2940 minatus
3476 2894 3557 2940 est
3580 2883 3766 2938 frater?

2201 2973 2450 3026 maritum
2483 2990 2587 3028 non
2618 2972 2797 3028 affecit
2828 2974 3072 3028 molestia
3099 3015 3114 3038 ,
3144 2974 3239 3029 sed
3267 2976 3435 3045 jussit
3461 2991 3578 3030 eum
3604 2990 3768 3028 amau-

2202 3063 2351 3118 dare.
2374 3065 2558 3134 Cogita
2593 3080 2712 3134 quae
2738 3073 2862 3119 sunt
2889 3065 2970 3119 his
2999 3065 3178 3134 pejora
3207 3106 3222 3132 ,
3252 3081 3384 3120 cum
3407 3081 3563 3136 grave
3589 3063 3766 3135 aliquid

2202 3156 2418 3224 pateris,
2433 3165 2484 3210 et
2507 3154 2858 3209 sufficientem
2876 3155 3096 3210 habebis
3110 3155 3532 3212 consolationem
3549 3173 3560 3217 :
3578 3165 3629 3210 et
3641 3153 3768 3224 apud

2202 3253 2256 3300 te
2279 3255 2487 3315 reputa,
2515 3245 2641 3316 quid
2672 3245 2716 3300 si
2745 3247 2797 3300 in
2826 3245 2967 3300 bello
2999 3255 3144 3300 esset
3168 3255 3422 3301 mortuus
3447 3248 3468 3300 ?
3508 3245 3626 3316 quid
3651 3247 3695 3298 si
3720 3245 3768 3298 in

2202 3335 2442 3406 igneiet
2466 3334 2724 3406 quidquid
2768 3335 2910 3405 passi
2962 3334 3241 3403 fuerimus,
3291 3337 3544 3405 graviora
3582 3337 3765 3405 cogito.

2201 3441 2322 3482 mus
2341 3468 2354 3492 ,
2382 3435 2438 3483 et
2462 3428 2540 3482 sic
2569 3427 2927 3482 sufficientem
2972 3427 3287 3484 habebimus
3313 3429 3760 3487 consolationem;

2200 3529 2256 3574 et
2278 3533 2370 3573 eos
2393 3519 2483 3590 qui
2507 3520 2751 3589 graviora
2775 3520 2917 3589 passi
2935 3528 3081 3584 sunt,
3105 3534 3317 3590 semper
3334 3519 3760 3577 consideremus;

2203 3623 2412 3664 necnon
2441 3610 2486 3663 si
2518 3609 2617 3678 ipsi
2647 3609 2892 3678 graviora
2938 3608 3229 3678 aliquando
3270 3612 3423 3677 passi
3465 3622 3657 3664 sumus.
3687 3605 3765 3659 Sic

2201 3699 2360 3752 etiam
2388 3698 2632 3754 hortatur
2655 3699 2873 3767 Paulus,
2903 3711 2962 3754 ut
2999 3699 3215 3768 quando
3240 3699 3399 3768 dicit,
3429 3700 3664 3755 Nondum
3687 3711 3762 3748 us-

2162 3826 2168 3832 -
2200 3805 2298 3859 que
2315 3790 2383 3842 ad
2401 3791 2692 3861 sanguinem
2712 3790 2961 3844 restitistis
2977 3789 3218 3844 adversm
3239 3802 3507 3857 peccatum
3528 3789 3763 3842 decertan-

2203 3889 2273 3935 tes
2289 3881 2472 3954 (ﬂebr.
2496 3882 2584 3937 12.
2609 3883 2664 3951 4)
2682 3899 2696 3949 ;
2716 3891 2770 3938 et
2788 3897 2994 3947 rursus,
3017 3881 3249 3936 Tentatio
3269 3898 3359 3937 vos
3384 3900 3484 3938 non
3501 3879 3759 3952 apprehen-

2202 3973 2296 4040 dit,
2322 3974 2419 4028 nisi
2446 3975 2670 4028 humana
2694 3973 2779 4046 (1.
2806 3973 2925 4029 Cor.
2956 3973 3045 4029 10.
3074 3973 3142 4028 15
3167 3973 3206 4046 ).
3239 3973 3308 4028 Iis
3336 3990 3472 4045 ergo
3495 3987 3609 4044 quae
3633 3967 3756 4041 passi

2199 4063 2462 4122 fuerimus
2485 4067 2728 4137 graviora
2755 4066 3189 4128 consideremus;
3221 4067 3556 4122 inveniemus
3597 4063 3753 4122 enim;

2201 4166 2255 4210 et
2275 4157 2352 4210 sic
2368 4157 2570 4210 erimus
2589 4157 2744 4226 grati.
2771 4159 2911 4211 Ante
2930 4157 3108 4210 omnia
3131 4165 3332 4223 autem,
3367 4166 3580 4227 propter
3599 4150 3756 4208 omnia

2198 4245 2412 4299 assidue
2440 4246 2638 4314 gratias
2666 4260 2885 4316 agamus
2915 4264 2930 4300 τ
2963 4246 3040 4300 sic
3068 4247 3211 4302 enim
3239 4257 3294 4301 et
3325 4246 3444 4301 ha-c
3470 4244 3751 4301 cessabunt,

2200 4347 2257 4392 et
2281 4351 2379 4392 nos
2406 4337 2472 4390 ad
2503 4336 2593 4390 Dei
2619 4337 2843 4407 gloriam
2875 4337 3135 4402 vivemus,
3159 4346 3214 4392 et
3235 4337 3376 4393 bona
3405 4334 3655 4406 promissa
3682 4343 3754 4381 as-

2201 4443 2489 4497 sequemur
2519 4444 2531 4480 :
2561 4442 2680 4497 quae
2725 4426 2884 4481 detur
2919 4427 3076 4481 nobis
3103 4429 3318 4497 assequi
3347 4429 3514 4498 gratia
3541 4433 3593 4478 et
3619 4417 3754 4476 beni-

2201 4521 2420 4590 gnitate,
2449 4528 2556 4575 etc.

515 4620 3692 4650 W4

1892 4701 2234 4764 HOMILlA
2274 4699 2396 4764 1X.

504 4843 643 4898 Car.
677 4845 813 4900 3.v.
842 4843 932 4898 16.
978 4841 1194 4896 Verbum
1235 4839 1418 4896 Christi
1446 4842 1630 4895 habitet
1671 4841 1724 4895 in
1763 4843 1899 4896 vobis
1934 4842 2095 4896 abun.

588 4936 791 4998 denter,
827 4935 882 4987 in
919 4935 1054 4988 omni
1091 4934 1338 5004 sapientia
1377 4933 1609 4986 docentes
1647 4942 1696 4987 et
1725 4945 2094 4988 commoventes

593 5043 678 5080 vos
707 5029 843 5094 ipsos
871 5028 922 5080 in
950 5026 1160 5095 psalmis
1188 5022 1233 5079 et
1265 5023 1463 5095 hymnis
1503 5033 1551 5078 et
1574 5025 1781 5077 canticis
1807 5024 2095 5093 spirituali-

590 5117 706 5179 bus,
732 5117 783 5168 in
813 5118 977 5184 gratia
1004 5125 1259 5168 cantantes
1286 5117 1339 5167 in
1363 5115 1596 5168 cordibus
1625 5115 1799 5167 vestris
1829 5113 2048 5168 Domino
2077 5131 2097 5170 :

586 5209 680 5262 47.
737 5219 781 5260 et
838 5225 980 5260 omne
1026 5210 1371 5273 quodcumque
1401 5207 1568 5277 facitis
1612 5207 1666 5259 in
1706 5206 1853 5259 verbo
1903 5217 1995 5258 aut
2041 5207 2095 5259 in

589 5316 760 5370 Opere,
787 5301 958 5353 omnia
997 5303 1047 5354 in
1076 5302 1276 5354 nomine
1304 5298 1514 5352 Domini
1546 5300 1702 5352 nostri
1735 5297 1858 5352 Iesu
1884 5297 2091 5364 Christi,

588 5390 780 5462 gratias
800 5398 1001 5460 agentes
1030 5389 1133 5444 Deo
1161 5400 1207 5444 et
1238 5389 1380 5442 Patri
1405 5405 1493 5458 per
1520 5390 1709 5458 ipsum.

589 5481 638 5534 1.
672 5481 933 5543 Quomodo
955 5481 1084 5550 grati
1111 5480 1162 5531 in
1185 5479 1347 5532 Deum
1377 5477 1487 5545 fieri
1516 5479 1784 5546 possimus.
1813 5475 2096 5546 Scriptura?

511 5580 674 5624 sacra:
697 5569 939 5635 legendw.
973 5599 1043 5611 —-
1071 5570 1204 5625 Cum
1243 5569 1498 5624 suasisset
1542 5582 1661 5623 esse
1702 5576 1904 5638 gratos,
1952 5566 2090 5622 viam

2200 4841 2453 4898 ostendit.
2497 4841 2666 4910 Quam
2694 4843 2877 4900 illam?
2925 4844 3006 4900 De
3048 4861 3150 4916 qua
3188 4859 3288 4901 nos
3315 4843 3584 4900 vobiscum
3623 4835 3751 4907 prius

2201 4933 2573 4988 disseruimus.
2619 4933 2758 5002 Quid
2782 4933 3008 4990 dicens?
3043 4933 3258 4990 Verbum
3289 4934 3476 4991 Christi
3501 4929 3678 4985 habitet
3703 4925 3747 4975 is

2200 5023 2338 5076 vobis
2379 5023 2715 5078 abundanter.
2769 5023 2880 5078 lmo
2917 5039 3049 5080 vero
3098 5042 3202 5080 non
3250 5027 3387 5080 hanc
3433 5024 3618 5081 solum,
3669 5010 3753 5067 sed

2203 5114 2366 5166 etiam
2389 5113 2566 5165 aliam.
2597 5112 2729 5166 Nam
2753 5130 2853 5184 ego
2873 5117 3088 5185 quidem
3119 5116 3250 5183 dixi,
3278 5113 3418 5185 quod
3445 5115 3644 5182 oportet
3665 5112 3748 5156 eos

2203 5206 2368 5257 etiam
2414 5219 2700 5260 recensere
2727 5207 2816 5275 qui
2858 5223 3103 5277 graviora
3142 5210 3282 5278 passi
3313 5217 3454 5270 sunt,
3501 5213 3554 5258 et
3591 5197 3751 5252 animo

2201 5309 2417 5348 versare
2445 5309 2538 5348 eos
2571 5298 2659 5364 qui
2699 5299 3065 5352 sustinuerunt
3100 5313 3165 5352 ac
3189 5299 3486 5353 tolerarunt
3528 5288 3748 5361 graviori

2203 5403 2360 5457 quam
2381 5403 2501 5453 nos,
2535 5399 2589 5443 et
2613 5392 2812 5458 gratias
2844 5406 3003 5460 agere
3029 5393 3168 5462 quod
3203 5393 3291 5445 illa
3321 5405 3424 5444 non
3451 5379 3706 5442 evenerint
3732 5388 3744 5422 τ

2205 5477 2317 5546 ipse
2344 5493 2469 5531 vero
2495 5480 2619 5548 quid
2651 5479 2816 5534 dicit?
2867 5480 3083 5536 Verbum
3125 5482 3309 5540 Christi
3337 5478 3518 5532 habitet
3552 5475 3603 5526 in
3627 5463 3750 5521 vobis

2207 5569 2552 5638 abundanter;
2595 5570 2697 5628 hoc
2721 5582 2824 5642 est,
2852 5574 3116 5652 doctrina,
3146 5577 3414 5649 dogmata,
3455 5557 3746 5625 admonitio.
