4026 6148
416 330 517 389 561
1113 334 1171 385 S.
1213 328 1501 386 J'OANNIS
1540 324 2037 385 CIIRYSOSTOMI
2076 326 2399 385 ARCHIEP.
2436 322 2993 383 CONSTANTINOP.

417 451 606 522 φησιν,
659 448 730 503 ἐν
775 449 919 518 ’ὑμῖν
950 449 1281 512 πλουσίως,
1330 449 1404 520 μὴ
1461 446 1671 513 ἁπλῶς,
1706 442 1841 501 ἀλλά
1874 448 2014 519 μετά

420 538 622 609 πολλῆς
640 537 737 606 τῆς
758 536 1095 607 περιουσίας.
1129 535 1424 589 Ἀκούσατε
1452 536 1568 590 ὅσοι
1590 536 1714 589 ἐστέ
1730 534 2012 603 κοσμικοὶ,

420 626 515 680 καὶ
550 623 804 692 γυναικὸς
840 623 926 675 καὶ
959 622 1166 675 παίδων
1194 623 1547 694 προΐστασθε,
1589 624 1706 685 πῶς
1757 624 1854 676 καὶ
1885 622 2015 691 ὑμῖν

423 712 707 781 ἐπιτρέπει
735 710 967 779 μάλιστα
984 710 1081 772 τὰς
1098 711 1322 782 Γραφὰς
1343 710 1737 779 ἀναγινώσκειν
1758 726 1771 740 ’
1797 709 1895 762 καὶ
1916 709 2017 779 οὑχ

426 799 611 861 ἁπλῶς
636 797 757 850 οὐδὲ
791 796 867 860 ὡς
901 797 1114 868 ἔτυχεν,
1152 798 1289 852 ἀλλὰ
1316 799 1456 867 μετά
1490 798 1689 868 πολλῆς
1710 797 1809 867 τῆς
1844 814 2016 849 σπου-

423 888 538 956 δῆς.
569 885 777 956 ’Ὠσπερ
808 886 918 956 γὰρ
952 888 980 938 ό
1006 884 1262 949 πλούσιος
1293 889 1351 938 ἐν
1398 887 1644 958 χρήμασι
1671 885 1876 956 ζημίαν
1919 884 2017 937 καὶ

425 975 723 1045 καταδίκην
753 978 999 1042 ἐνεγκεῖν
1023 976 1268 1040 δύναται,
1299 975 1474 1039 οὑτως
1495 978 1523 1029 ὁ
1538 976 1785 1029 πλουτῶν
1815 976 1875 1028 ἐν
1894 974 2018 1042 δόγ-

428 1080 562 1133 μασι
596 1063 936 1132 φιλοσοφίας,
969 1063 1091 1135 οὑχὶ
1125 1064 1315 1117 πενίαν
1357 1063 1540 1132 μόνον,
1591 1063 1725 1117 ἀλλὰ
1789 1062 1882 1115 καὶ
1914 1061 2020 1115 πά-

425 1170 523 1216 σας
573 1153 670 1214 τὰς
699 1152 986 1223 συμφορὰς
1007 1152 1247 1214 εὐκόλως
1292 1152 1452 1217 οἴσει,
1493 1153 1591 1205 καὶ
1617 1152 1828 1206 ἐκείνου
1859 1152 2017 1203 εὐκο-

425 1240 681 1310 λώτερον.
724 1240 871 1293 Ἐκεῖ
914 1241 1014 1310 μὲν
1052 1240 1163 1310 γὰρ
1200 1241 1260 1292 ἐν
1288 1244 1356 1311 τῇ
1405 1239 1652 1293 διαλύσει
1682 1241 1783 1310 τῆς
1810 1239 2017 1310 ζημίας

425 1328 643 1397 ἀνάγκη
677 1328 769 1380 τὸν
808 1326 935 1379 ὄντα
980 1326 1234 1380 πλούσιον
1282 1327 1638 1380 ἐλαττοῦσθαι
1665 1328 1760 1380 καὶ
1792 1326 2016 1395 ἐλέγχε-

429 1415 595 1468 σθαι·
637 1414 740 1466 κᾶν
801 1414 1062 1477 πολλάκις
1097 1414 1257 1467 τοῦτο
1291 1415 1475 1487 πάθῃ,
1504 1415 1691 1467 οὑκέτι
1728 1413 2019 1484 δυνήσεται

435 1508 678 1575 ἐνεγκεῖν
694 1522 707 1534 ·
733 1503 966 1556 ἐνταῦθα
988 1504 1044 1556 δέ
1067 1505 1165 1573 οὑχ
1186 1504 1359 1566 οὕτως
1379 1520 1393 1534 ⁸
1413 1504 1537 1558 οὑδέ
1558 1503 1666 1575 γὰρ
1685 1503 2019 1571 δαπανῶμεν

433 1597 561 1657 τοὺς
585 1596 761 1662 ὑγιεῖς
782 1594 1098 1663 λογισμοὺς,
1118 1595 1250 1647 ὅταν
1271 1596 1516 1663 ἐνεγκεῖν
1536 1611 1591 1647 τι
1607 1593 1702 1667 δέῃ
1723 1592 1832 1646 τῶν
1858 1591 2021 1644 ἀϐου-

435 1683 635 1753 λήτων,
653 1682 793 1734 ἀλλά
815 1682 1038 1752 μένουσι
1066 1680 1382 1744 διαπαντός.
1409 1682 1519 1736 Καὶ
1550 1684 1652 1751 ὂρα
1680 1681 1781 1751 τὴν
1801 1681 2019 1732 σύνεσιν

435 1766 533 1820 :05
579 1766 854 1837 μακαρίου
887 1767 1105 1818 τούτου’
1144 1767 1259 1819 Οὑκ
1285 1761 1460 1818 εἶπεν·
1499 1767 1556 1819 'U
1576 1765 1732 1834 λόγος
1760 1764 1857 1818 τοῦ
1881 1766 2019 1834 Χρι-

439 1854 567 1908 στοῦ
595 1856 653 1907 ἐν
674 1855 803 1925 ὑμῖν
830 1852 992 1919 ἐστω,
1011 1853 1224 1918 ἁπλῶς,
1254 1854 1389 1906 ἀλλά
1404 1853 1492 1919 τί;
1523 1854 1882 1917 Ἐνοικείτω,
1902 1854 2017 1916 καὶ,

435 1944 779 2008 Πλουσίως.
813 1943 908 1995 Ἑν
937 1941 1105 2010 πάσῃ
1121 1942 1312 2011 σοφίᾳ
1338 1941 1733 2007 διδάσκοντες
1755 1942 1854 1995 καί
1882 1958 2021 1993 νου-

436 2030 752 2095 θετοῦντες
788 2029 1062 2094 ἑαυτούς.
1092 2030 1202 2100 Τὴν
1230 2031 1435 2100 ἀρετήν
1454 2047 1589 2100 φησι
1623 2028 1817 2097 σοφίαν
1840 2043 1853 2057 °
1876 2028 2022 2080 εἰκό-

434 2136 545 2186 τως
563 2136 577 2150 ο
607 2120 705 2171 καὶ
742 2118 776 2187 ή
803 2116 1281 2189 ταπεινοφροσύνη
1310 2117 1453 2189 70:9,-
1473 2117 1569 2171 καὶ
1594 2118 1627 2187 ή
1656 2116 2023 2186 ἐλεημοσύνη,

438 2207 533 2261 καὶ
565 2207 668 2259 ὅσα
711 2203 961 2264 τοιαῦτα,
999 2204 1160 2272 σοφία
1200 2205 1348 2258 ἐστίν
1368 2222 1383 2236 ’
1413 2205 1605 2276 ῶσπερ
1622 2200 1715 2258 οὖν
1737 2204 2020 2265 τάναντία,

436 2296 592 2350 ἄνοια
613 2311 626 2324 ·
658 2294 755 2346 καί¹
806 2292 914 2362 γὰρ
959 2292 1182 2363 ὠμότης
1215 2296 1273 2358 ἐξ
1302 2292 1513 2356 ἀνοίας.
1547 2293 1715 2345 Ὅθεν
1754 2290 2022 2362 πολλαχοῦ

436 2385 537 2455 τὴν
567 2383 749 2435 πᾶσαν
776 2380 1051 2451 ἁμαρτίαν
1083 2379 1397 2452 ἀφροσύνην
1427 2381 1608 2435 καλεῖ.
1628 2377 1800 2444 Ehe,
1833 2383 2022 2452 φησὶν,

439 2469 646 2537 ἄφρων
690 2467 760 2519 ἐν
799 2465 1015 2533 καρδίᾳ
1044 2467 1252 2520 αὐτοῦ’
1276 2468 1397 2521 Οὐκ
1433 2469 1566 2522 ἔστι
1593 2470 1758 2535 Θεός·
1796 2469 1891 2522 καὶ
1924 2468 2027 2521 πά-

439 2559 545 2615 λιν.
588 2551 981 2622 Προσώζεσαν
1014 2554 1113 2606 καί
1151 2551 1476 2620 ἐσάστησαν
1508 2559 1561 2610 οὶ
1593 2556 1887 2624 μώλωπές
1906 2572 2026 2624 μου

441 2643 563 2698 ἀπὸ
598 2639 923 2709 προσώπου
951 2639 1062 2705 τῆς
1084 2640 1438 2708 ἀφροσύνης
1466 2660 1605 2711 μου.
1633 2644 1697 2696 Τί
1734 2643 1845 2712 γὰρ
1875 2645 2027 2714 ἀνοη-

443 2730 682 2800 τότερον,
736 2727 859 2780 είπέ
902 2744 1014 2797 μοι,
1040 2727 1136 2779 τοῦ
1167 2729 1363 2781 ἑαυτὸν
1396 2730 1495 2800 μέν
1530 2729 1721 2799 ἱμάτια
1766 2729 2029 2801 περιϐάλ-

444 2818 650 2879 λοντος,
676 2818 801 2879 τοὺς
815 2814 871 2867 δέ
889 2814 1155 2885 ἀδελφοὺς
1171 2813 1320 2887 [591]
1336 2817 1462 2880 τοὺς
1479 2816 1647 2870 αὑτοῦ
1663 2820 1904 2886 γυμνοὺς
1922 2835 2028 2870 πα-

450 2904 843 2974 ραϐλέποντοςς
870 2901 964 2955 τοῦ
983 2901 1152 2966 κύνας
1171 2903 1270 2973 μὲν
1296 2903 1610 2975 τρέφοντος,
1638 2904 1738 2975 τὴν
1765 2904 1823 2958 δέ
1845 2905 2030 2959 είκόνα

444 2991 543 3048 τοῦ
588 2990 725 3045 Θεοῦ
771 2990 1139 3063 περιορῶντος
1181 2992 1241 3044 ἐν
1281 2990 1472 3063 λιμῷ;
1514 2993 1612 3047 τοῦ
1654 2994 2029 3063 πεπεισμένου

446 3083 656 3147 ἁπλῶς,
690 3082 774 3135 ὅτι
801 3080 955 3134 οὐδὲν
988 3079 1059 3133 τά
1085 3079 1401 3153 ἀνθρώπινα
1430 3083 1755 3155 πράγματα,
1793 3085 1889 3138 καὶ
1919 3084 2030 3137 ῶσ-

446 3187 556 3241 περ
619 3166 910 3230 ἀθανάτοις
945 3168 1130 3230 αὑτοῖς
1176 3171 1651 3240 προστετηκότος;
1695 3171 1906 3242 Ὥσπερ
1936 3168 2030 3226 οὖν

448 3260 604 3314 οὐδὲν
641 3256 735 3311 τοῦ
779 3255 1023 3309 τοιούτου
1070 3255 1449 3325 ἀνοητότερον,
1475 3255 1648 3320 οὔτως
1677 3257 1831 3311 οὐδὲν
1863 3258 2035 3326 σοφώ-

447 3364 606 3419 τερον
629 3344 723 3398 :05
749 3343 849 3415 τὴν
879 3341 1079 3413 ἀρετήν
1125 3342 1541 3412 κατορθοῦντος.
1585 3344 1727 3414 Ὅρα
1760 3344 1888 3414 γὰρ.
1915 3344 2035 3407 πῶς

452 3434 614 3505 σοφός
668 3433 806 3496 ἐστι,
853 3429 1017 3499 φησί’
1058 3430 1382 3499 μεταδίδωσι
1424 3429 1532 3483 τῶν
1557 3429 1748 3497 ὄντων,
1782 3431 2034 3502 ἐλεήμων

451 3516 1013 3589 ἐστὶ,φιλάνθρωπος⁶
1041 3517 1258 3585 ἐπέγνω
1278 3519 1379 3587 τὴν
1412 3516 1575 3584 φύσιν
1609 3519 1692 3572 ὅτι
1728 3519 1905 3589 κοινή·
1938 3520 2037 3571 ἐπ-

456 3611 600 3676 έγνω
624 3605 723 3675 τὴν
751 3603 859 3657 τῶν
887 3604 1188 3673 χρημάτων
1205 3605 1426 3674 χρῆσιν,
1445 3605 1525 3657 ὅτι
1546 3605 1760 3668 οὐδενὸς
1798 3605 1923 3670 ἀξία
1950 3606 2037 3658 λό-

454 3713 577 3763 γου·
608 3695 690 3747 ὅτι
717 3691 827 3765 τῶν
845 3691 1112 3758 σωμάτων
1134 3691 1242 3742 τῶν
1260 3692 1475 3744 οἰκείων
1494 3693 1576 3745 δεῖ
1594 3694 1874 3761 φείδεσθαι
1901 3694 2038 3763 μᾶλ-

455 3782 571 3841 λον,
608 3779 641 3849 ἦ
679 3780 790 3830 τῶν
825 3776 1149 3847 χρημάτων.
1207 3777 1299 3829 Διὸ
1346 3777 1507 3847 δόξης
1546 3781 1907 3851 καταφρονῶν
1943 3781 2038 3834 καὶ

460 3863 749 3936 φιλόσοφός
793 3865 974 3916 ἐστιν·
993 3857 1103 3916 οἶδε
1133 3863 1242 3935 γὰρ
1271 3864 1340 3917 τὰ
1363 3864 1681 3936 ἀνθρώπινα
1712 3869 2035 3938 πράγματα.

461 3955 582 4008 Τῶν
627 3951 788 4004 θείων
837 3950 932 4002 καὶ
987 3950 1346 4022 ἀνθρωπίνων
1389 3954 1734 4023 πραγμάτιον
1768 3954 1971 4023 γνῶσις
2005 3956 2039 4026 ή

461 4039 771 4110 φιλοσοφία.
828 4036 1040 4091 Οὐκοῦν
1089 4034 1200 4092 οἶδε
1248 4039 1348 4111 μὲν
1375 4043 1505 4094 ποῖα
1531 4041 1672 4103 θεῖα,
1707 4045 1834 4095 ποῖα
1862 4043 1915 4096 δὲ
1948 4046 2040 4096 ἀν-

460 4129 728 4203 θρώπινα,
772 4126 868 4180 καὶ
906 4125 1012 4179 τῶν
1074 4127 1173 4196 μὲν
1212 4127 1496 4198 ἀπέχεται,
1524 4128 1700 4183 ταῦτα
1731 4128 1786 4182 δέ
1810 4130 2040 4201 ἐργάζε-

458 4234 551 4270 ται
574 4231 588 4244 ο
624 4210 754 4278 οἶδε,
789 4212 882 4266 καὶ
907 4214 1219 4283 εὐχαριστεῖ
1253 4225 1279 4254 ει
1304 4213 1383 4284 τῷ
1416 4214 1537 4286 Θεῷ
1559 4220 1618 4268 ἐν
1646 4217 1813 4269 πᾶσιν
1837 4231 1852 4245 ’
1887 4217 2042 4270 οὐδὲν

460 4303 600 4359 εἶναι
630 4300 838 4370 νομίζει
865 4300 957 4353 τὸν
981 4301 1221 4373 παρόντα
1243 4299 1357 4370 βίον
1379 4317 1391 4330 ·
1421 4301 1506 4355 διὰ
1537 4302 1693 4356 τοῦτο
1714 4302 1834 4356 οὑδέ
1856 4304 2042 4374 ἥδε-ται

459 4395 573 4456 τοῖς
617 4391 898 4461 χρηστοῖς,
935 4385 1062 4440 οὔτε
1114 4389 1364 4442 λυπεῖται
1415 4393 1528 4453 τοῖς
1572 4391 1860 4455 ἐναντίοις.
1889 4392 2043 4463 Μηδὲ

461 4478 785 4550 περιμείνῃς
830 4476 1018 4547 ἕτερον
1046 4475 1402 4529 διδάσκαλον·
1460 4476 1603 4548 ἔχεις
1638 4478 1708 4531 τὰ
1739 4480 1897 4547 λόγια
1947 4479 2041 4532 :05

462 4568 630 4620 Θεοῦ·
660 4564 835 4626 οὐδείς
867 4580 925 4614 σε
979 4563 1224 4616 διδάσκει
1246 4563 1321 4627 ὡς
1369 4564 1577 4618 ἐκεῖνα.
1613 4561 1782 4629 Οὗτος
1811 4567 1910 4637 μέν
1932 4567 2043 4637 γάρ

465 4654 637 4709 πολλὰ
683 4653 777 4705 καὶ
818 4651 907 4703 διὰ
952 4650 1262 4714 κενοδοξίαν
1305 4651 1399 4704 καὶ
1445 4652 1535 4705 διὰ
1577 4652 1876 4722 βασκανίαν
1920 4656 2042 4708 ἐπι-

464 4743 702 4813 κρύπτει
739 4738 1018 4801 πολλάκις.
1058 4739 1379 4805 ’Δκούσατε,
1411 4742 1740 4811 παρακαλῶ,
1771 4744 1973 4806 πάντες
1995 4745 2045 4796 οί

424 4842 429 4845 λ
466 4829 735 4903 βιωτικοὶ,
782 4826 879 4880 καλ⁸
918 4826 1123 4880 κτᾶσθε
1164 4826 1343 4897 βιϐλία
1383 4830 1653 4900 φάρμακα
1689 4836 1789 4902 τῆς
1842 4833 2042 4903 ψυχῆς·

467 4926 529 4977 Εἰ
567 4921 733 4993 μηδὲν
766 4920 953 4992 ἕτερον
999 4918 1281 4990 βούλεσθε,
1331 4923 1431 4992 τὴν
1472 4923 1606 4992 γοῦν
1650 4924 1864 4991 Καινὴν
1908 4924 2044 4994 κτή-

469 5013 658 5073 σασθε,
700 5009 809 5062 τῶν
849 5009 1166 5062 ἀποστόλων
1191 5008 1289 5072 τὰς
1328 5010 1585 5082 Πράξεις,
1621 5010 1690 5063 τὰ
1715 5012 2045 5080 Εὑαγγέλια,

467 5099 819 5164 διδασκάλους
852 5100 1143 5170 διηνεκεῖς.
1174 5100 1277 5151 ’Ἂν
1314 5099 1460 5171 λύπη
1503 5099 1708 5170 συμϐῇ,
1744 5098 1934 5169 ὥσπερ
1968 5102 2048 5164 είς

469 5188 753 5258 ἀποθήκην
814 5188 1121 5258 φαρμάκων
1166 5187 1442 5255 ἐγκυψοψ
1506 5187 1639 5240 λάϐε
1695 5188 2049 5260 παραμυθίαν

470 5274 682 5328 ἐκεῖθεν
732 5274 829 5327 :05
880 5274 1077 5338 δεινοῦ,
1122 5273 1188 5329 ἂν
1219 5274 1415 5345 ζημία,
1453 5275 1520 5329 ἂν
1540 5275 1790 5339 θάνατος,
1817 5272 2051 5329 ἄν’ἀπο-

472 5362 601 5432 ϐολη
641 5361 855 5415 οἰκείων
876 5378 888 5392 ·
919 5362 1118 5431 μᾶλλον
1149 5362 1206 5414 δὲ
1250 5366 1324 5432 μὴ
1359 5362 1620 5428 ἐγκυπτε,
1648 5363 1784 5416 ἀλλά
1814 5363 2050 5417 ἀνάλαϐε

472 5451 672 5510 πάντα,
708 5448 799 5519 ἐχε
843 5449 935 5501 ἐπὶ
979 5450 1077 5518 τῆς
1116 5450 1372 5512 διανοίας.
1417 5450 1587 5502 Τοῦτο
1630 5451 1847 5503 πάντων
1880 5450 2051 5505 αἴτιον

472 5537 579 5591 τῶν
607 5536 816 5601 κακῶν,
834 5538 893 5590 τὸ
917 5537 991 5606 μὴ
1015 5536 1213 5589 εἰδέναι
1246 5537 1342 5599 τάς
1384 5536 1628 5607 Γραφάς.
1656 5537 1841 5608 Χωρὶς
1873 5537 2053 5591 ὃπλων

544 5763 571 5791 ι
594 5752 847 5815 Interpres
884 5753 1067 5817 legisse
1101 5756 1297 5805 videtur
1319 5758 1419 5806 οἶδε
1440 5758 1491 5805 δὲ
1514 5761 1594 5807 καὶ
1617 5761 1927 5824 εὐχαριστεῖν.

3568 304 3686 380 τισὶ

2125 451 2205 514 είς
2222 450 2459 520 πόλεμον
2482 445 2765 519 βαδίζομεν
2784 459 2798 473 ·
2832 442 2927 496 καὶ
2956 440 3074 504 πῶς
3106 438 3212 493 ἔδει
3230 436 3507 506 σωθῆναι;
3539 439 3706 504 Ἀγα-

2123 537 2298 609 πητδν
2346 535 2485 608 μετά
2532 535 2738 589 τούτων
2782 532 3044 602 σωθῆναι,
3101 527 3235 598 μήτι
3277 541 3342 592 γε
3380 522 3552 593 χωρὶς
3584 523 3705 575 τού-

2123 641 2252 679 των.
2281 625 2371 695 Μὴ
2403 624 2474 676 τὰ
2493 625 2671 678 πάντα
2698 625 2795 694 ἐφ’
2825 622 2972 693 ήμᾶς
3001 618 3219 688 ρίπτετε
3238 629 3249 640 ·
3277 609 3532 681 πρόϐατά
3558 609 3703 695 ἐστε,

2124 711 2252 769 ἀλλῗ
2270 693 2372 764 οὑκ
2397 711 2586 780 ἄλογα,
2614 693 2751 765 ἀλλά
2777 707 3004 778 λογικά’
3031 701 3200 757 πολλὰ
3229 701 3324 753 και
3348 699 3482 768 ὑμῖν
3510 698 3539 748 ὁ
3560 693 3702 748 I105-

2124 797 2214 861 λος
2257 798 2569 870 ἐπιτρέπει.
2597 799 2659 853 Οί
2693 795 3075 865 διδασκόμενοι
3115 790 3177 843 οὑ
3202 783 3502 845 διαπαντὸς
3532 784 3624 835 ἐπὶ
3643 782 3702 835 :0

2129 884 2320 956 μαθεῖν
2335 885 2724 957 διατρίϐουσιν,
2747 884 2870 937 ἐπεὶ⁵
2885 883 2948 935 οὑ
2971 879 3317 934 διδάσκονται
3337 889 3351 902 ·
3375 873 3443 926 ἂν
3464 871 3553 924 ἀεὶ
3577 886 3705 957 μανέ

2127 972 2327 1045 θάνῃς,
2368 956 2627 1027 οὐδέποτε
2677 972 2923 1043 μαθήσῃ.
2968 967 3062 1037 Μὴ
3096 964 3269 1025 οὕτως
3300 961 3488 1031 ερχου,
3514 958 3589 1020 ὡς
3619 956 3703 1011 ἀει

2129 1062 2533 1134 μαθησόμενος·
2572 1062 2697 1113 ἐπεὶ
2726 1059 2981 1113 οὐδέποτε
3016 1057 3160 1128 είσῃ,
3195 1051 3324 1106 ἀλλ’
3350 1048 3426 1112 ὠς
3448 1048 3542 1099 καὶ
3574 1048 3704 1134 01:0-

2129 1132 2533 1221 μαθησόμενος,
2555 1150 2652 1202 καὶ
2670 1147 2898 1211 διδάξων
2928 1145 3138 1214 ἕτερον.
3174 1138 3309 1193 Εἱπέ
3342 1136 3402 1190 δέ
3440 1151 3551 1204 μοι,
3583 1132 3704 1202 οὑχὶ

2126 1238 2463 1309 ὡρισμένους
2504 1236 2734 1308 καιροὺς
2775 1231 3185 1303 παραμένουσιν
3222 1226 3462 1285 ἀπαντες
3492 1223 3551 1272 ἐν
3593 1222 3704 1309 τοῖς

2129 1305 2440 1397 μαθήμασι,
2474 1327 2569 1378 καὶ
2609 1305 2669 1378 ἐν
2712 1324 2915 1384 πάσαις
2960 1317 3145 1380 ἁπλῶς
3168 1317 3291 1376 ταῖς
3318 1312 3540 1381 τέχναις
3565 1325 3578 1373 ;

2125 1394 2235 1477 τως
2264 1394 2517 1476 νάπαντες
2548 1412 2804 1483 ὁρίζομεν
2852 1407 3086 1477 φανερὸν
3133 1401 3364 1473 καιρόν·
3400 1399 3466 1452 ἂν
3516 1396 3573 1449 δέ
3618 1394 3703 1449 ἀεὶ

2127 1511 2152 1539 ο
2182 1502 2449 1574 μανθάνῃ,
2480 1500 2783 1572 τεκμήριόν
2821 1499 2938 1550 ἐστι
2975 1493 3068 1547 τοῦ
3107 1491 3275 1563 μηδὲν
3301 1487 3518 1559 μαθεῖν.

2202 1675 2267 1745 β’.
2296 1672 2467 1728 Τοῦτο
2516 1674 2577 1727 :0
2616 1673 2817 1736 ὄνειδος
2847 1673 2961 1733 τοῖς
2999 1666 3274 1727 Ἰουδαίοις
3303 1664 3331 1717 ὁ
3358 1659 3491 1723 Θεὸς
3517 1654 3667 1711 εἶπεν
3687 1670 3702 1683 ⁶

2128 1764 2438 1831 Αὶρόμενοι
2453 1763 2523 1815 ἐκ
2540 1763 2797 1825 κοιλίας,
2816 1758 2913 1813 καί
2929 1755 3342 1830 παιδευόμενοι
3356 1750 3471 1815 ἕως
3493 1746 3704 1817 γήρως-ο

2130 1851 2192 1904 Εί
2230 1850 2305 1921 μὴ
2342 1850 2430 1902 ἀεὶ
2455 1850 2615 1902 τοῦτο
2635 1847 3026 1920 προσεδοκᾶτε,
3054 1844 3156 1897 οὑκ
3186 1842 3252 1895 ἂν
3272 1839 3446 1901 οὓτως
3476 1837 3557 1897 εἰς
3586 1832 3707 1885 :05-

2132 1943 2275 1993 πίσω
2305 1943 2483 1994 πάντα
2507 1939 2695 2010 ἀπῄει.
2728 1939 2791 1993 Et
2820 1938 2948 2007 ἐνῆν
2983 1935 3110 1996 τοὺς
3138 1932 3236 2003 μὲν
3264 1925 3406 1982 εῖναι
3448 1924 3703 1996 μεμαθη-

2129 2030 2317 2096 κότας,
2361 2031 2487 2093 τοὺς
2534 2030 2592 2082 δέ
2642 2028 2954 2100 μέλλοντας,
3010 2020 3315 2093 προέκοψεν
3356 2018 3423 2071 ἂν
3456 2016 3519 2069 :0
3549 2015 3709 2086 ἔργον

2130 2122 2296 2189 ημῖνν
2347 2118 2798 2189 παρεχωρήσατε
2831 2115 2896 2169 ἂν
2946 2115 3177 2184 ἑτέροις,
3230 2110 3326 2162 καὶ
3381 2102 3708 2161 συναντελά·

2133 2206 2294 2260 ϐεσθε
2348 2208 2445 2259 καὶ
2487 2209 2642 2275 ήμῖν.
2700 2205 2834 2258 Εἰπέ
2875 2219 2985 2272 μοι,
3029 2201 3078 2252 εί
3117 2198 3252 2271 πρὸς
3280 2191 3708 2267 γραμματιστὴν

2132 2312 2278 2356 τινες
2318 2294 2552 2357 ἀπίοιεν,
2599 2289 2719 2345 εἶτα
2772 2291 2983 2360 μένοιεν
3017 2287 3106 2341 ἀεὶ
3125 2286 3194 2338 τὰ
3226 2284 3468 2354 στοιχεῖα
3504 2277 3707 2350 μανθά-

2133 2400 2336 2446 νοντες,
2382 2383 2445 2435 οὑ
2492 2381 2661 2434 πολὺν
2689 2379 2769 2450 τῷ
2802 2377 2975 2451 [592]
3011 2374 3321 2444 διδασκάλῳ
3363 2376 3529 2425 πόνον
3567 2384 3710 2437 παρα

2135 2472 2358 2535 έξουσι;
2407 2469 2589 2540 Μέχρι
2630 2469 2774 2532 τίνος
2815 2468 2943 2538 ὑμῖν
2976 2466 3105 2536 περὶ
3147 2463 3264 2534 βίου
3304 2457 3707 2529 διαλεγόμεθας

2149 2560 2273 2612 Ἐπὶ
2324 2558 2433 2612 τῶν
2477 2557 2791 2611 ἀποστόλων
2835 2555 3009 2618 οὕτως
3045 2554 3146 2607 οὐκ
3173 2548 3265 2623 ἦν,
3304 2549 3445 2606 ἀλλά
3470 2546 3704 2617 συνεχῶς

2140 2645 2479 2717 μετεπήδων,
2506 2646 2633 2709 τοὺς
2666 2645 2932 2716 πρότερον
2965 2642 3337 2714 μανθάνοντας
3358 2634 3712 2693 διδασκάλους

2139 2733 2506 2795 καθιστῶντες
2557 2732 2760 2802 ἐτέρων
2800 2730 2962 2784 τινῶν
3004 2726 3487 2800 μαθητευομένων.
3530 2722 3712 2784 Οὕτως

2137 2819 2482 2891 ἠδυνήθησαν
2506 2819 2603 2877 τὴν
2622 2819 2772 2870 οίκου
2782 2817 2952 2887 μένην
2982 2814 3318 2885 περιελθεῖν,
3338 2812 3417 2883 τῷ
3451 2811 3525 2882 μὴ
3549 2825 3714 2879 προσ-

2138 2908 2454 2978 δεσμεῖσθαι
2486 2907 2636 2976 τόπῳ
2658 2906 2757 2960 ἐνί.
2798 2905 2980 2974 Πὸσης
3031 2903 3211 2957 οἴεσθε
3242 2900 3595 2963 διδασκαλίας
3621 2898 3715 2951 δεῖ·

2142 2995 2266 3048 σθαι
2292 2995 2420 3058 τοὺς
2459 2994 2757 3065 ὑμετέρους
2789 2992 3049 3060 ἀδελφοὺς
3081 2992 3209 3051 τοὺς
3236 2989 3330 3043 ἐπὶ
3363 2989 3472 3041 τῶν
3512 2984 3712 3056 ἀγρῶν,

2142 3086 2237 3139 καὶ
2266 3086 2391 3147 τοὺς
2419 3083 2645 3137 ἐκείνων
2673 3080 3027 3144 διδασκάλους
3051 3097 3067 3145 ;
3112 3078 3253 3132 Ἀλλ’
3293 3079 3455 3149 ὑμεῖς
3490 3094 3559 3148 με
3588 3090 3716 3129 κατ-

2141 3174 2293 3244 έχετε
2330 3171 2799 3243 προσηλώσαντες.
2851 3168 2987 3240 Πρὶν
3019 3169 3051 3240 ἢ
3086 3167 3196 3239 γὰρ
3220 3169 3317 3237 τὴν
3339 3164 3583 3236 κεφαλήν
3612 3181 3711 3217 και

2140 3261 2247 3322 λῶς
2278 3259 2610 3329 διατεθῆναι,
2642 3258 2899 3328 περιττδν
2928 3258 3021 3310 ἐπὶ
3054 3255 3115 3309 :0
3140 3255 3326 3309 λοιπὸν
3360 3253 3519 3323 σῶμα
3548 3252 3709 3304 ἰέναι.

2144 3350 2327 3403 Πάντα
2373 3349 2509 3417 ήμῖν
2542 3346 2920 3419 ἐπιρρεπτετε.
2981 3345 3160 3415 ’Υμᾶς
3199 3341 3364 3414 ἐχρῆν
3402 3339 3529 3412 παρ’
3558 3338 3718 3410 ήμῶν

2147 3435 2438 3506 μανθάνειν
2497 3434 2658 3505 μόνον
2682 3451 2696 3464 ⁸
2740 3432 2838 3496 τάς
2878 3433 2933 3485 δέ
2974 3436 3240 3501 γυναῖκας
3286 3430 3414 3500 παρ’
3441 3428 3617 3498 ὑμῶν,
3649 3425 3719 3478 τὰ

2145 3523 2336 3576 παιδία
2366 3520 2492 3592 παρ’
2517 3521 2671 3590 ὑμῶν
2693 3536 2707 3550 ’
2738 3520 2872 3573 ἀλλά
2899 3522 3076 3574 πάντα
3098 3521 3229 3589 ήμῖν
3258 3515 3714 3586 καταλιμπάνετε.

2143 3611 2243 3663 Διά
2254 3610 2413 3663 τοῦτο
2429 3608 2595 3672 πολὺς
2610 3610 2638 3661 ὁ
2654 3608 2717 3662 κὸ
2726 3625 2842 3671 πος.
2858 3608 3275 3670 Διδάσκοντες,
3301 3606 3458 3675 φησὶ,
3475 3603 3569 3657 καί
3582 3618 3718 3654 νου·

2146 3698 2457 3763 θετοῡντες
2472 3696 2724 3762 ἑαυτοὺς
2743 3697 3002 3765 ψαλμοῖς
3026 3696 3125 3750 καί
3157 3696 3372 3764 ὕμνοις
3390 3742 3397 3747 .
3416 3694 3512 3747 καί
3546 3687 3721 3759 ᾠδαῖς

2147 3783 2596 3853 πνευματικαῖς.
2643 3784 2783 3853 Ὅρα
2818 3784 2991 3836 καὶτὸ
3020 3781 3325 3852 ἀνεπαχθὲς
3352 3779 3448 3833 τοῦ
3487 3778 3717 3833 Παύλου.

2147 3872 2371 3942 Ἐπειδὴ
2410 3874 2442 3942 ή
2476 3873 2783 3937 ἀνάγνωσις
2831 3870 2944 3940 ἔχει
2978 3871 3157 3934 πόνον,
3190 3869 3286 3923 καὶ
3309 3866 3521 3921 πολὺτὺ
3543 3882 3725 3936 φορτι-

2148 3963 2263 4026 κὸν,
2302 3962 2401 4014 οὑκ
2433 3961 2520 4029 ἐφ’
2551 3959 2789 4031 ἱστορίας
2822 3960 3053 4031 ἤγαγεν,
3080 3959 3195 4012 ἀλλ’
3233 3958 3328 4010 ἐπὶ
3355 3954 3723 4027 ψαλμοὺς,ῖνα

2147 4043 2283 4115 ὁμοῦ
2315 4043 2410 4096 καλ⁵
2454 4043 2663 4116 τέρπῃς
2709 4044 2809 4112 τὴν
2856 4042 3033 4113 ψυχὴν
3065 4042 3228 4115 ᾄδων,
3254 4042 3349 4094 καὶ
3387 4039 3726 4109 ὑποκλέπτῃς

2147 4129 2240 4182 τὸν
2263 4128 2422 4181 πόνον
2433 4128 2483 4180 ι).
2515 4127 3052 4196 Ὗμνοις,φησὶ,καί
3080 4125 3262 4194 ᾠδαῖς
3280 4120 3724 4193 πνευματικαῖς.

2150 4210 2346 4264 Νῦνςδέ
2377 4210 2674 4273 σατανικὰς
2707 4210 2806 4280 μὲν
2831 4210 2973 4281 ᾠδάς
3002 4211 3097 4264 καὶ
3120 4209 3377 4281 ὀρχήσεις
3408 4206 3650 4284 αἱροῦσιν
3676 4203 3728 4255 οῑ

2153 4293 2339 4356 παῖδες
2364 4294 2413 4345 οἱ
2447 4293 2727 4363 ὑμέτεροι,
2761 4293 3012 4364 καθάπερ
3043 4293 3090 4345 οί
3122 4293 3376 4362 μάγειροι
3401 4290 3498 4343 καὶ
3520 4285 3727 4355 016447)-

2152 4394 2240 4430 ναι
2263 4377 2358 4429 καὶ
2389 4377 2437 4428 οί
2469 4376 2726 4447 χορευταί
2760 4393 2772 4405 ’
2808 4375 3023 4446 ψαλμὸν
3055 4375 3114 4430 δέ
3142 4374 3317 4447 οὑδεὶς
3346 4373 3539 4426 οὐδένα
3567 4367 3727 4433 οἶδεν,

2152 4459 2289 4513 ἀλλά
2316 4458 2411 4511 καὶ
2441 4444 2670 4528 αίσχύνη
2692 4458 2753 4510 :0
2776 4444 3010 4529 πρᾶγμα
3029 4444 3338 4510 δοκεῖὶῖναι
3365 4456 3458 4509 καὶ
3475 4453 3731 4523 χλευασία

2154 4544 2249 4598 καὶ
2267 4543 2460 4611 γέλως.
2486 4542 2726 4596 Ἐκεῖθεν
2751 4543 2967 4596 ᾶπαντα
2992 4541 3062 4594 τά
3088 4540 3232 4594 κακά
3257 4538 3509 4603 σώζεται.
3542 4537 3629 4589 Ἐν
3645 4536 3736 4604 οἵᾳ

2153 4627 2261 4695 γάρ
2286 4625 2352 4678 ἂν
2381 4626 2585 4696 ἑστήκῃ
2621 4627 2692 4696 γῇ
2725 4625 2786 4677 τὸ
2815 4626 3002 4694 φυτὸν,
3028 4624 3268 4677 τοιοῦτον
3299 4622 3455 4691 φέρει
3482 4621 3576 4673 τὸν
3598 4634 3735 4687 καρ-

2155 4710 2286 4762 πόν·
2322 4707 2389 4762 ἂν
2439 4711 2496 4761 ἐν
2548 4707 2799 4778 ἀμμώδει
2849 4709 2944 4762 καὶ
2991 4707 3235 4779 άλμυρᾷ,
3262 4704 3537 4759 τοιοῦτον·
3571 4701 3637 4755 ἂν
3676 4703 3738 4752 ἐν

2154 4791 2384 4862 γλυκείᾳ
2398 4793 2491 4843 καὶ
2511 4790 2737 4862 λιπαρᾷ,
2756 4791 2920 4845 πάλιν
2939 4793 3146 4863 ὅμοιον.
3165 4789 3321 4845 Οῦτω
3345 4787 3497 4859 πηγή
3514 4786 3599 4848 τίς
3621 4787 3738 4837 ἐστι

2154 4875 2221 4927 τά
2245 4874 2573 4943 διδάγματα.
2607 4872 2828 4938 Δίδαξον
2857 4875 3020 4928 αὐτὸν
3047 4875 3193 4947 ᾄδειν
3220 4872 3470 4943 ψαλμοὺς
3498 4868 3742 4927 ἐκείνους

2155 4958 2280 5021 τοὺς
2311 4957 2626 5026 φιλοσοφίας
2666 4957 2956 5028 γέμοντας,
2975 4954 3085 5013 οἷον
3114 4959 3241 5026 περὶ
3268 4955 3623 5026 σωφροσύνης
3645 4950 3736 5003 εὖ·

2157 5042 2316 5104 θέως,
2356 5040 2556 5111 μᾶλλον
2600 5039 2657 5094 δέ
2701 5042 2806 5112 πρὸ
2841 5042 3057 5096 πάντων
3088 5043 3217 5114 περὶ
3251 5041 3347 5095 τοῦ
3377 5041 3453 5111 μὴ
3495 5041 3738 5092 συνεῖναι

2158 5127 2437 5194 πονηροῖς,
2469 5124 2672 5186 εὐθέως
2721 5124 2817 5183 ἀπῗ
2847 5126 3019 5195 αὐτῆς
3063 5126 3160 5194 τῆς
3183 5124 3357 5196 ἀρχῆς
3385 5122 3479 5176 :05
3526 5122 3739 5192 βιϐλίου

2161 5206 2268 5276 (διὰ
2296 5208 2404 5278 γὰρ
2433 5207 2590 5260 τοῦτο
2611 5210 2706 5261 καὶ
2746 5207 2994 5263 ἐντεῦθεν
3027 5209 3278 5281 ἧρξατοό
3309 5209 3353 5261 Π
3362 5208 3622 5277 ροφήτηςέ
3651 5204 3743 5255 λιε⁴

2159 5311 2290 5362 γων’
2335 5295 2633 5363 Μακάριος
2661 5296 2815 5364 ἀνὴρ
2860 5297 2927 5362 ὃς
2959 5301 3070 5351 οὐκ
3107 5297 3398 5364 ἐπορεύθη
3430 5296 3499 5348 ἐν
3534 5290 3749 5359 ,βουλῇ

2160 5378 2415 5431 ἀσεϐῶν-⁸
2449 5380 2558 5432 Καὶ
2594 5380 2772 5443 πάλιν,
2800 5382 2923 5432 Οὐκ
2966 5381 3219 5434 ἐκάθισα
3238 5380 3388 5448 μετὰ
3418 5369 3750 5445 συνεδρίου

2156 5463 2567 5528 ματαιότητος.
2632 5462 2742 5514 Καὶ
2784 5464 2967 5515 πάλινο
3030 5463 3457 5527 Ἐξουδένωται
3488 5462 3753 5523 ἐνώπιον·

2161 5547 2346 5599 αὑτοῦ
2386 5549 2862 5616 πονηρευόμενος
2890 5565 2904 5579 ·
2928 5549 3070 5613 τοὺς
3095 5547 3164 5600 δὲ
3196 5547 3609 5618 φοϐοιιιιένους
3640 5529 3756 5597 ὢν

2202 5715 2254 5790 .1:
2275 5713 2447 5787 Lectio
2470 5715 2553 5765 τὸν
2571 5717 2707 5766 πόνοι
2735 5731 2796 5768 ex
2819 5718 3012 5771 duobus
3034 5718 3176 5771 codd.
3199 5727 3454 5771 revocata:
3479 5713 3758 5780 1636b!“

2163 5793 2186 5823 τ
2193 5794 2258 5824 ων
2280 5791 2435 5825 πονων
2442 5812 2453 5824 .
