4026 6148
382 360 484 421 δαῒ

381 476 660 550 inquibus
699 476 859 529 vitam
888 476 1207 541 prmsentem
1251 466 1384 521 nihil
1429 480 1552 522 esse
1590 464 1740 528 dicit,
1787 479 1962 533 neque

379 573 499 643 ejus
526 570 687 624 bona.
727 566 785 621 Si
811 564 951 619 enim
978 560 1093 615 hinc
1127 560 1438 622 viderimus,
1471 556 1604 612 nulli
1635 571 1699 610 ex
1746 555 1812 609 iis
1845 571 1965 625 quat

383 672 509 717 sunt
529 674 717 729 aspera
742 667 796 712 et
818 652 1060 710 difficilia
1081 651 1360 706 cedemus.
1387 647 1664 710 lnltabitet,
1693 647 1885 716 inquit,
1908 647 1965 699 in

383 756 521 810 vobis
546 751 880 807 abundanter.
903 746 1020 801 Non
1041 743 1215 799 solum
1243 742 1399 806 dixit,
1426 740 1659 802 llabitet,
1689 738 1784 794 sed
1802 739 1964 793 etiam

385 863 508 903 cum
565 858 756 913 magna
810 838 1159 895 abundantia.
1211 835 1407 891 Audite
1457 833 1783 903 quicumque
1834 830 1965 885 estis

383 937 656 999 mundani,
681 943 737 989 et
762 932 916 987 uxori
941 929 1185 1000 maestis
1208 937 1262 983 et
1283 925 1489 987 liberis,
1516 924 1786 993 quomodo
1810 921 1966 976 vobis

380 1044 592 1100 quoque
634 1025 868 1081 maxime
915 1020 1133 1076 mandet
1171 1021 1352 1088 legere
1394 1015 1718 1084 Scripturas,
1767 1021 1823 1068 et
1857 1027 1963 1067 non

379 1122 571 1176 leviter
615 1133 714 1173 nec
741 1126 968 1178 temere,
995 1113 1089 1169 sed
1119 1126 1316 1183 magno
1355 1108 1534 1164 studio
1573 1123 1638 1163 ac
1663 1106 1961 1175 diligentia.

377 1209 510 1269 Nam
540 1210 680 1264 sicut
703 1208 792 1277 qui
819 1215 904 1262 est
928 1205 1082 1261 dives
1110 1203 1164 1257 in
1195 1201 1459 1272 pecuniis,
1491 1200 1633 1254 ferre
1659 1206 1839 1268 potest
1863 1196 1965 1251 da-

378 1317 564 1356 mnum
588 1308 644 1354 et
661 1296 1164 1354 condemnationem
1189 1309 1205 1347 :
1238 1293 1308 1347 ita
1329 1292 1492 1346 etiam
1518 1290 1606 1359 qui
1632 1298 1716 1344 est
1740 1288 1890 1343 dives
1913 1288 1964 1341 in

377 1393 718 1463 dogmatibus
744 1386 1118 1459 philosophiae,
1151 1384 1303 1440 facile
1330 1382 1471 1437 ferre
1513 1389 1693 1453 potest
1723 1396 1829 1435 non
1876 1395 1967 1434 so-

381 1484 492 1538 lum
522 1490 913 1553 paupertatem,
945 1477 1038 1534 sed
1067 1477 1227 1531 etiam
1254 1474 1388 1529 alias
1421 1473 1775 1536 calamitates,
1803 1470 1964 1525 etiam

382 1575 475 1630 illo
504 1572 730 1628 facilius.
757 1569 890 1625 Nam
918 1570 1025 1623 illic
1052 1565 1266 1637 quidem
1293 1564 1420 1619 dum
1445 1562 1700 1617 damnum
1730 1560 1965 1616 exsolvi-

386 1676 494 1733 tur,
539 1678 761 1720 necesse
798 1670 883 1718 est
919 1670 978 1716 ut
1000 1661 1090 1731 qui
1118 1668 1203 1715 est
1229 1657 1377 1712 dives
1407 1655 1784 1710 detrimentum
1826 1652 1968 1707 acci-

383 1760 496 1830 piat
537 1766 593 1813 et
630 1763 916 1824 arguatur;
965 1760 1020 1807 et
1060 1750 1106 1806 si
1136 1749 1241 1804 hoc
1280 1748 1330 1803 ei
1361 1761 1505 1815 saepe
1551 1744 1826 1810 acciderit,
1857 1758 1967 1798 non

384 1852 578 1923 poterit
601 1848 831 1919 amplius
857 1845 997 1902 ferre
1023 1861 1038 1897 :
1071 1843 1158 1898 hic
1193 1850 1372 1897 autem
1399 1853 1508 1894 non
1537 1838 1652 1901 sic;
1679 1851 1784 1890 non
1816 1835 1960 1890 enim

383 1958 542 1999 sanas
567 1951 621 1997 et
645 1949 820 1996 rectas
842 1936 1209 1993 consumimus
1235 1931 1589 2002 cogitationes
1617 1944 1679 1983 ac
1708 1929 1966 1994 rationes,

384 2051 505 2091 cum
529 2035 669 2090 ferre
692 2038 936 2102 oporteat
961 2026 1159 2098 aliquid
1181 2025 1322 2096 quod
1345 2024 1617 2087 nolumus,
1635 2019 1730 2076 sed
1753 2028 1971 2075 manent

386 2135 666 2198 perpetuo.
695 2123 829 2179 Vide
858 2128 1037 2175 autem
1079 2119 1237 2187 hujus
1279 2115 1420 2171 beati
1448 2114 1808 2186 prudentiam.
1851 2112 1967 2167 Non

387 2218 545 2285 dixit,
583 2215 815 2271 Verbum
842 2211 1041 2269 Christi
1071 2210 1142 2264 sit
1171 2209 1223 2262 in
1249 2208 1422 2274 vobis,
1467 2204 1843 2268 solummodo;
1874 2202 1971 2258 sed

388 2311 555 2383 quid?
601 2307 880 2370 Inhabitet,
921 2314 996 2371 et,
1029 2302 1355 2357 Abundanter
1391 2298 1499 2353 ειη
1541 2298 1679 2352 omni
1718 2296 1971 2365 sapientia

387 2406 622 2459 docentes
663 2408 713 2455 et
752 2405 1123 2453 commonentes
1165 2392 1511 2461 nosmetipsos.
1542 2388 1806 2442 Virtutem
1842 2386 1975 2441 dicit

387 2495 740 2566 sapientiam;
770 2499 825 2545 et
849 2489 1043 2543 merito
1072 2504 1086 2541 :
1112 2484 1383 2539 humilitas
1409 2482 1549 2537 euitn
1578 2489 1660 2536 est
1687 2480 1971 2549 sapientia,

387 2588 626 2654 itemque
652 2584 1016 2650 eleemosyna,
1050 2586 1105 2632 et
1132 2591 1253 2646 qua:
1276 2582 1402 2629 sunt
1432 2571 1739 2640 huiusmodi
1770 2585 1784 2624 :
1818 2580 1877 2624 ut
1919 2580 1974 2625 et

385 2677 656 2735 contraria
708 2681 833 2728 sunt
874 2667 1214 2740 insipientia;
1254 2676 1336 2723 est
1379 2664 1524 2721 enim
1572 2662 1865 2721 crudelitas
1904 2676 1970 2717 ex

387 2767 712 2840 insipientia.
763 2762 915 2820 Unde
954 2760 1139 2816 multis
1190 2761 1244 2814 in
1299 2757 1432 2813 locis
1480 2772 1642 2811 omne
1692 2764 1971 2825 peccatum

389 2870 546 2939 vocat
581 2855 944 2929 insipientiam
972 2871 984 2906 :
1015 2851 1158 2906 Dixit
1199 2851 1368 2914 enim,
1415 2848 1608 2918 inquit,
1640 2847 1885 2917 insipiens
1919 2846 1974 2899 in

393 2954 543 3009 corde
587 2968 696 3016 suo,
739 2966 844 3003 non
885 2957 960 3002 est
1002 2944 1180 3007 Deus;
1224 2953 1280 2998 et
1325 2957 1535 3008 rursus,
1572 2938 1887 2994 Putruerunt
1927 2947 1974 2992 et

394 3053 645 3111 corruptae
670 3050 786 3096 sunt
825 3036 1080 3093 cicatrices
1111 3049 1233 3088 mete
1274 3050 1308 3086 a
1333 3035 1463 3102 facie
1502 3030 1810 3100 insipientia
1848 3045 1976 3084 mea

397 3138 568 3214 (Psal.
601 3137 688 3191 15.
724 3134 774 3186 1.
798 3140 843 3187 et
871 3132 960 3186 57.
988 3130 1065 3198 6).
1096 3126 1233 3195 Quid
1262 3126 1425 3191 enim,
1445 3127 1773 3194 dic,qu:eso,
1799 3132 1881 3177 est
1907 3136 1974 3177 eo

394 3234 631 3299 stultius,
658 3229 746 3300 qui
777 3224 1109 3283 vestimentis
1128 3220 1346 3292 quidem
1373 3216 1620 3278 vestitur,
1652 3214 1846 3269 fratres
1880 3227 1978 3266 au-

393 3336 500 3381 tem
526 3337 653 3378 suos
681 3319 908 3391 despicit
934 3313 1141 3371 nudos?
1171 3312 1259 3382 qui
1286 3322 1448 3363 canes
1489 3305 1705 3376 quidem
1733 3304 1848 3368 alit,
1881 3303 1975 3357 Dei

393 3427 569 3474 autem
592 3406 875 3484 imaginem
897 3411 949 3464 in
972 3408 1109 3461 fame
1129 3400 1458 3459 contemnit?
1478 3398 1563 3454 cui
1591 3399 1745 3468 plane
1764 3408 1847 3452 est
1864 3411 1976 3466 per-

394 3524 609 3566 suasum
627 3504 756 3560 nihil
773 3516 893 3559 esse
916 3515 1001 3555 res
1031 3498 1377 3557 humanas,et
1402 3493 1483 3546 eis
1502 3501 1586 3546 est
1609 3492 1821 3555 at‘tixus,
1843 3498 1979 3542 tam-

398 3615 557 3673 quam
597 3604 705 3653 stnt
731 3584 1096 3650 immortales?
1123 3589 1276 3644 Sicut
1300 3600 1430 3657 ergo
1468 3584 1599 3639 nihil
1628 3591 1712 3637 est
1741 3581 1831 3635 tali
1864 3581 1977 3634 viro

401 3688 843 3762 iusipicntius,ita
859 3686 987 3740 nihil
1004 3693 1088 3738 est
1105 3697 1170 3738 eo
1184 3681 1475 3751 sapientius
1496 3678 1584 3749 qui
1613 3692 1678 3731 ex
1703 3677 1898 3730 virtute
1917 3689 1978 3729 se

402 3793 550 3841 recte
575 3774 731 3852 gerit.
756 3778 888 3834 Vide
913 3777 1077 3839 enim,
1101 3774 1288 3843 inquit,
1311 3771 1580 3842 quomodo
1599 3770 1671 3825 sit
1711 3767 1926 3838 sapiens
1959 3785 1972 3820 :

403 3877 685 3932 facultates
723 3885 846 3924 suas
879 3866 1132 3937 impertit,
1165 3873 1247 3919 est
1278 3863 1586 3919 misericors
1612 3869 1667 3915 et
1694 3860 1975 3929 benignus,

400 3968 619 4040 agnovit
647 3977 984 4019 communem
1009 3972 1127 4013 esse
1171 3965 1434 4020 naturam,
1473 3956 1688 4025 agnovit
1731 3969 1858 4008 usus
1888 3969 1980 4022 pe~

398 4061 574 4116 cuni-.e
605 4057 804 4111 nullam
844 4066 966 4108 esse
1001 4048 1297 4104 habendam
1325 4047 1611 4112 rationem,
1641 4046 1753 4100 suis
1782 4059 1975 4114 corpo-

399 4155 545 4210 ribus
571 4149 740 4220 magis
765 4161 887 4203 esse
914 4144 1260 4214 parcendum,
1290 4157 1448 4211 quam
1481 4140 1739 4209 pecuniis.
1773 4140 1976 4205 Quant-

398 4250 583 4303 obrem
613 4247 932 4314 quicumque
954 4238 1176 4310 gloriam
1203 4236 1449 4305 despicit,
1482 4243 1566 4288 est
1596 4232 1975 4303 philosophus:

400 4340 545 4397 novit
570 4337 717 4392 enim
757 4348 846 4388 res
875 4332 1155 4385 humanas.
1192 4328 1498 4381 Divinarum
1544 4334 1598 4379 et
1622 4324 1977 4378 humanarum

401 4444 577 4487 rerum
617 4424 854 4494 cognitio
895 4429 982 4477 est
1009 4418 1368 4491 philomphia.
1403 4417 1540 4486 Ergo
1567 4416 1722 4469 novit
1757 4414 1978 4483 quidem

401 4534 518 4589 qua:
543 4517 652 4572 sint
675 4531 761 4570 res
785 4514 1001 4578 divinae,
1034 4522 1087 4567 et
1113 4526 1233 4581 qua:
1261 4510 1511 4563 humana:
1536 4522 1551 4570 ;
1580 4514 1635 4561 et
1662 4506 1728 4560 ab
1756 4505 1837 4560 his
1855 4504 1976 4576 qni-

402 4612 521 4666 dem
554 4606 932 4671 abstinet,illas
961 4618 1088 4657 vero
1111 4612 1327 4657 exercet
1347 4609 1402 4654 et
1429 4608 1683 4667 operatur
1716 4615 1729 4651 :
1762 4599 1862 4652 scit
1887 4613 1981 4650 au-

401 4711 506 4756 tem
528 4700 687 4755 etiam
706 4699 757 4752 in
787 4697 1035 4752 omnibus
1064 4696 1175 4750 Deo
1201 4707 1360 4764 agere
1385 4691 1584 4762 gratias
1612 4708 1625 4743 :
1653 4695 1811 4744 vitam
1841 4706 1982 4760 pra:-

398 4803 606 4852 sentem
630 4791 760 4846 nihil
780 4805 900 4845 esse
924 4789 1192 4844 existimat
1208 4805 1220 4840 :
1239 4794 1517 4855 propterea
1542 4799 1641 4838 nec
1661 4784 1870 4838 hetatnr
1892 4799 1983 4839 re-

400 4885 499 4940 bus
516 4882 784 4945 secundis,
809 4896 981 4950 neque
1006 4889 1221 4948 propter
1246 4877 1500 4931 adversas
1521 4876 1706 4930 dolore
1733 4875 1981 4930 afficitur.

398 4974 584 5044 Neque
607 4973 768 5026 alium
790 4980 1070 5040 exspectes
1090 4971 1365 5023 doctorem
1393 4984 1407 5021 :
1440 4964 1605 5019 habes
1630 4964 1717 5018 Dei
1736 4965 1943 5035 eloquia
1967 4985 1981 5019 :

400 5064 583 5120 nullus
604 5062 829 5117 tedocct
850 5063 988 5114 sicut
1009 5060 1116 5113 illa.
1136 5058 1266 5113 Nam
1295 5058 1383 5112 ille
1408 5056 1623 5126 quidem
1655 5071 1797 5125 saepe
1818 5070 1876 5111 se
1897 5071 1984 5110 oc-

401 5156 569 5211 cultat
584 5161 804 5224 propter
825 5150 1253 5219 vanam‘gloriam
1272 5156 1327 5202 et
1351 5156 1568 5217 propter
1586 5146 1855 5200 invidiam.
1878 5148 1988 5200 Au-

403 5250 534 5313 dite,
549 5260 755 5317 quaeso,
770 5260 867 5299 vos
887 5257 1099 5308 omnes,
1114 5243 1305 5311 quibus
1327 5257 1468 5295 cura:
1486 5249 1609 5295 sunt
1625 5256 1742 5309 quae
1760 5241 1824 5294 ad
1851 5238 1989 5294 hanc

400 5340 563 5392 vitam
595 5337 884 5406 pertinent,
914 5344 968 5388 et
995 5342 1177 5402 parate
1215 5332 1364 5386 vobis
1393 5333 1558 5385 libros
1597 5330 1989 5385 medicamenta

401 5430 616 5484 animae.
642 5426 700 5483 Si
730 5426 936 5480 nullum
964 5425 1130 5479 alium
1153 5423 1331 5487 vultis,
1350 5422 1556 5476 Novum
1587 5421 1988 5476 Testamentum

403 5519 555 5572 vobis
584 5527 790 5587 parate,
820 5515 1188 5586 apostolorum
1232 5515 1418 5572 Actus,
1461 5510 1773 5579 Evangelia,
1819 5512 1992 5579 magi-

404 5620 546 5665 stros
570 5617 881 5679 perpetuos.
921 5605 976 5660 Si
1005 5604 1158 5658 dolor
1187 5603 1462 5667 acciderit,
1492 5612 1762 5671 tamquam
1794 5602 1845 5654 in
1876 5616 1995 5656 me-

405 5702 832 5756 dicamentornm
864 5697 1177 5768 apoxhecam
1209 5696 1410 5764 aspice,
1460 5694 1607 5747 illinc
1648 5695 1772 5747 mali
1811 5696 1993 5764 accipe

407 5794 872 5855 consolationem;
898 5793 939 5846 si
964 5792 1239 5854 damnum,
1262 5788 1308 5841 si
1336 5803 1502 5854 mors,
1526 5786 1569 5841 si
1599 5795 1806 5841 tuorum
1835 5786 1994 5841 amis-

1272 352 1341 407 ΙΝ
1376 349 1590 407 EPIST.
1634 350 1722 403 AD
1759 346 2037 407 εοωεε.
2078 347 2230 405 CAP.
2274 349 2360 404 lll‘.
2403 348 2629 406 "Olim.
2672 351 2764 409 lx.

3549 363 3654 417 36.2

2073 462 2194 518 sio:
2224 462 2333 517 imo
2378 479 2509 520 vero
2559 481 2663 521 non
2715 467 2916 537 aspice,
2962 469 3057 525 8rd
3099 473 3274 527 omnia
3330 476 3561 546 suspice,
3602 491 3657 536 et

2069 561 2249 606 mente
2271 561 2413 608 tene.
2440 555 2552 608 lloc
2573 563 2655 609 est
2679 556 2924 612 omnitun
2948 561 3211 615 malorum
3236 578 3419 629 causa,
3449 570 3657 625 nescire

2070 641 2393 714 Scripturas.
2440 647 2657 718 Absque
2695 649 2862 704 armis
2906 651 3043 708 imus
3072 654 3137 710 ad
3164 655 3399 726 bellum;
3445 673 3496 716 et
3525 679 3655 734 quo.

2070 737 2231 792 modo
2261 748 2473 807 oportet
2495 754 2615 794 esse
2637 741 2857 797 salvos?
2879 743 3141 803 Prteclare
3165 751 3438 808 nobiscum
3460 758 3659 827 agitur,

2070 828 2118 882 si
2156 843 2278 883 cum
2309 830 2396 885 his
2424 831 2555 885 salvi
2583 832 2787 899 simus;
2821 844 3022 911 tantum
3067 840 3229 895 abest.
3263 855 3319 897 ut
3348 846 3548 918 absque
3577 848 3660 903 his

2069 922 2201 975 salvi
2231 936 2350 977 esse
2382 925 2668 992 possimus.
2716 925 2794 982 Ne
2837 932 3014 984 omnia
3067 933 3118 987 in
3162 952 3261 990 nos
3307 941 3607 1009 conjiciatis
3642 959 3658 998 ε

2070 1027 2198 1067 oves
2236 1014 2383 1080 estis,
2418 1015 2514 1069 sed
2547 1032 2651 1070 non
2680 1021 2903 1074 rationis
2930 1033 3200 1092 expertes,
3233 1044 3418 1084 verum
3450 1035 3657 1090 ratione

2070 1106 2347 1177 praeditas:
2382 1109 2547 1163 multa
2580 1111 2732 1166 vobis
2783 1129 2995 1184 quoque
3045 1120 3259 1174 mandat
3303 1123 3512 1180 Paulus.
3555 1128 3656 1195 Qui

2070 1200 2348 1267 docentur,
2399 1217 2502 1256 non
2550 1219 2766 1273 semper
2806 1216 3015 1276 tempus
3056 1218 3235 1266 terunt
3280 1213 3332 1267 in
3377 1217 3655 1284 discendo,

2069 1293 2318 1361 quoniam
2349 1308 2454 1346 non
2485 1293 2753 1351 docentur
2779 1315 2793 1351 :
2823 1300 2866 1352 si
2890 1314 3107 1372 semper
3133 1304 3329 1372 discas,
3365 1325 3654 1380 numquam

2068 1381 2266 1436 disces.
2295 1381 2372 1437 Ne
2399 1383 2469 1438 ita
2508 1386 2737 1440 accedas
2767 1394 3037 1457 tamquam
3069 1391 3303 1449 futurum
3333 1399 3403 1452 sit
3433 1411 3488 1453 ut
3514 1417 3627 1456 sem

2070 1487 2166 1565 per
2203 1473 2413 1542 discas;
2458 1476 2657 1546 alioqui
2701 1495 2989 1549 numquam
3039 1485 3210 1552 scies;
3264 1490 3358 1544 sed
3388 1501 3653 1565 tamquam

2070 1560 2311 1618 discendi
2333 1565 2499 1642 tinem
2527 1580 2935 1638 assequuturus,
2961 1582 3017 1627 et
3052 1576 3215 1631 alium
3239 1560 3527 1639 docturus.—
3560 1588 3643 1643 Dii

2070 1657 2223 1722 mihi,
2255 1674 2434 1714 annon
2469 1659 2689 1715 delinita
2741 1671 2981 1735 tempora
3019 1666 3071 1721 in
3115 1669 3414 1741 disciplinis
3455 1692 3657 1749 exspe-

2069 1756 2215 1802 ctant
2240 1764 2451 1816 omnes,
2475 1761 2530 1805 et
2558 1750 2610 1805 in
2643 1753 2892 1808 omnibus
2925 1756 3168 1814 artibus?
3199 1761 3288 1818 Sic
3323 1779 3512 1824 omnes
3540 1786 3659 1826 cer-

2073 1846 2184 1893 tum
2207 1847 2416 1909 tempus
2442 1841 2732 1897 definimus
2757 1861 2771 1898 :
2804 1846 2887 1901 sin
2912 1858 3088 1904 autem
3116 1865 3330 1925 semper
3354 1857 3550 1928 discas,
3575 1872 3659 1919 est

2072 1934 2279 2002 signum
2301 1933 2444 2003 quod
2475 1934 2603 1988 nihil
2630 1936 2907 1995 didiceris.

2141 2024 2194 2077 ‘2.
2230 2023 2341 2079 lloc
2373 2024 2512 2081 Deus
2544 2030 2883 2097 exprobravit
2910 2030 3137 2099 Judzris,
3179 2037 3281 2102 Qui
3308 2042 3558 2099 tolluntur
3589 2064 3652 2102 ca:

2074 2124 2237 2183 utero,
2278 2127 2325 2171 et
2360 2120 2663 2173 erudiuntur
2690 2138 2844 2190 usque
2869 2124 2937 2177 ad
2964 2127 3161 2182 senium
3191 2129 3340 2200 (Isai.
3371 2135 3460 2191 46.
3491 2139 3538 2193 5.
3573 2141 3655 2208 4).

2074 2208 2130 2262 Si
2173 2223 2277 2262 non
2305 2225 2519 2281 semper
2561 2211 2664 2266 hoc
2695 2218 3192 2288 exapectavissetis,
3240 2240 3345 2280 non
3374 2228 3451 2282 sic
3478 2234 3656 2285 omnia

2074 2309 2219 2355 retro
2247 2300 2523 2356 abiissent.
2556 2302 2613 2358 Si
2641 2319 2724 2359 res
2748 2307 2816 2359 ita
2849 2307 3069 2365 haberet
3093 2323 3151 2366 ut
3170 2315 3258 2370 alii
3281 2320 3493 2386 quidem
3517 2323 3656 2378 didi-

2075 2390 2294 2483 cissent,
2327 2392 2416 2447 alii
2447 2408 2574 2448 vero
2604 2406 2786 2450 essent
2811 2399 3111 2469 erudiendi,
3141 2420 3275 2473 opus
3300 2409 3451 2465 nobis
3475 2416 3655 2483 profe-

2075 2482 2273 2548 cisset;
2307 2485 2426 2538 aliis
2456 2487 2661 2539 cessuri
2698 2489 2894 2554 eratis,
2932 2501 2986 2545 et
3017 2496 3171 2551 nobis
3197 2513 3351 2568 opem
3384 2482 3658 2562 tulissetis.

2078 2574 2171 2630 Dic
2194 2575 2343 2639 mihi,
2370 2592 2573 2647 quasso,
2598 2579 2642 2633 si
2664 2580 2823 2650 aliqui
2845 2582 2985 2638 irent
3003 2586 3069 2639 ad
3093 2587 3440 2660 literatorcm,
3464 2597 3660 2655 deinde

2075 2677 2357 2724 manerent
2403 2684 2615 2741 semper
2661 2669 2929 2729 discentes
2967 2676 3270 2748 elementa,
3320 2699 3494 2742 annon
3543 2707 3657 2743 ma-

2074 2759 2242 2852 gistro
2271 2761 2493 2852 multum
2540 2762 2736 2852 laboris
2780 2775 2963 2820 essent
2996 2768 3327 2829 exhibituri?
3373 2778 3661 2852 Quousque

2078 2851 2351 2905 vobiscum
2393 2851 2462 2905 de
2499 2851 2605 2906 vita
2643 2853 3005 2912 disseremus?
3046 2859 3202 2931 Apud
3245 2870 3516 2935 apostolos
3554 2851 3661 2930 non

2078 2941 2151 2996 ita
2182 2953 2318 3008 erat,
2351 2943 2445 2998 sed
2473 2943 2687 2999 assidue
2728 2948 3130 3016 transiliebant,
3156 2969 3251 3010 eos
3290 2959 3378 3027 qui
3408 2964 3552 3029 prius
3583 2966 3663 3018 di-

2077 3037 2295 3091 scebant
2311 3037 2699 3091 constituentes
2716 3040 2997 3109 magistros
3009 3043 3233 3100 aliorum
3258 3052 3344 3117 qui
3363 3051 3660 3112 discebant.

2077 3127 2167 3181 Sic
2220 3136 2505 3195 potuerunt
2544 3128 2693 3182 obire
2737 3130 2919 3184 orbem
2974 3140 3168 3201 terrae,
3211 3139 3353 3207 quod
3412 3144 3500 3197 uni
3543 3146 3662 3202 loco

2080 3233 2186 3273 non
2215 3228 2400 3274 essent
2426 3220 2647 3290 alligati.
2688 3221 2857 3289 Quam
2891 3225 3084 3280 multos
3113 3238 3326 3285 nostros
3351 3231 3544 3291 fratres
3571 3245 3663 3308 qui

2079 3320 2204 3363 sunt
2241 3310 2295 3365 in
2333 3311 2503 3381 agris,
2537 3323 2590 3365 et
2628 3327 2812 3366 eorum
2846 3317 3127 3385 magistros
3153 3322 3467 3381 existimatis
3505 3347 3665 3399 egere

2080 3400 2358 3455 doctrina?
2386 3400 2489 3456 Sed
2513 3417 2608 3455 vos
2630 3418 2714 3456 me
2736 3404 2926 3459 tenetis
2942 3405 3178 3464 affixam.
3198 3410 3331 3468 Nam
3356 3419 3663 3491 priusquam

2079 3499 2239 3562 caput
2267 3501 2412 3547 recte
2452 3491 2523 3547 sit
2565 3492 2845 3559 affectqu,
2879 3511 3330 3564 supervacaneum
3370 3519 3449 3564 est
3480 3512 3555 3568 ire
3595 3517 3661 3570 ad

2083 3583 2345 3653 reliquum
2367 3598 2580 3653 corpus.
2612 3582 2799 3639 Omnia
2831 3587 2883 3639 in
2913 3603 3010 3643 nos
3039 3596 3349 3663 congeritis.
3379 3598 3665 3671 Oporterct

2084 3688 2185 3729 vos
2212 3688 2244 3728 a
2276 3673 2429 3730 nobis
2473 3676 2645 3729 solum
2688 3677 2928 3743 discere;
2975 3695 3169 3737 uxores
3198 3696 3377 3742 autem
3420 3707 3450 3745 a
3481 3697 3628 3752 vobis

2082 3763 2220 3819 ﬁlios
2248 3780 2278 3819 a
2308 3766 2491 3831 vobis;
2523 3766 2616 3821 sed
2645 3767 2800 3822 nobis
2826 3770 3004 3826 omnia
3028 3773 3340 3847 relinquitis.
3374 3740 3662 3856 ampli-{.155

2084 3873 2309 3928 magnus
2333 3869 2414 3913 est
2441 3857 2610 3913 labor.
2641 3858 2921 3928 Docentes,
2960 3863 3166 3935 inquit,
3209 3879 3256 3923 et
3293 3888 3665 3937 commoueme,

2083 3951 2409 4019 vosmetipsos
2434 3952 2488 4004 in
2525 3949 2766 4020 psalmis,
2802 3952 3032 4021 hymnis,
3066 3967 3111 4010 et
3147 3964 3356 4017 canticis
3378 3966 3664 4036 spirituali-

2085 4044 2194 4097 bus.
2225 4043 2355 4097 Vide
2380 4059 2537 4112 quam
2560 4060 2665 4097 non
2698 4042 3029 4113 importunus
3049 4060 3105 4104 et
3134 4054 3390 4111 molestus
3426 4061 3495 4114 sit
3520 4064 3661 4119 Pau-

2087 4137 2186 4190 lus.
2216 4135 2477 4204 Quoniam
2503 4135 2664 4190 lectio
2689 4147 2770 4190 est
2792 4136 3078 4203 laboriosa,
3108 4153 3162 4195 et
3184 4146 3337 4200 valde
3359 4152 3578 4208 molesta
3611 4168 3666 4212 et

2083 4228 2280 4297 gravis,
2310 4241 2414 4281 non
2441 4225 2666 4281 deduxit
2691 4227 2756 4281 ad
2791 4229 3038 4284 historias
3062 4247 3076 4295 ;
3109 4233 3202 4287 sed
3231 4235 3299 4289 ad
3324 4240 3580 4309 psalmos,
3609 4258 3667 4301 ιιι

2084 4319 2243 4373 simul
2268 4326 2323 4372 et
2346 4316 2584 4371 animum
2617 4317 2855 4372 oblectes
2877 4334 3104 4388 canens,
3136 4334 3190 4377 et
3219 4324 3371 4381 fallas
3401 4330 3661 4392 laborent.

2088 4409 2310 4480 Hymnis
2330 4450 2343 4470 .
2377 4408 2580 4477 inquit,
2613 4418 2657 4461 et
2684 4411 2891 4464 canticis
2919 4412 3282 4492 spititualibus.
3309 4418 3460 4476 Nunc
3485 4437 3663 4483 autem

2085 4500 2320 4554 satanica
2347 4498 2563 4567 quidem
2584 4500 2811 4566 cantica,
2836 4510 2889 4555 et
2909 4502 3218 4560 saltationes
3241 4513 3402 4564 vestri
3427 4511 3663 4584 deligunt

2088 4591 2274 4662 pueri,
2323 4591 2463 4644 sicut
2509 4590 2667 4660 coqui
2716 4601 2770 4645 et
2808 4594 3197 4662 obsonatores,
3246 4609 3301 4655 et
3340 4604 3428 4672 qui
3474 4608 3670 4664 ριιοειοε

2086 4691 2288 4752 agunt:
2322 4697 2479 4736 nemo
2504 4693 2681 4737 autem
2726 4685 2888 4740 ullum
2931 4690 3080 4744 novit
3123 4693 3412 4761 psalmum,
3457 4700 3550 4754 sed
3581 4718 3667 4757 res

2087 4773 2300 4827 videtur
2324 4788 2443 4826 esse
2471 4773 2739 4842 pudenda,
2772 4777 2992 4832 ridicula
3021 4791 3069 4834 et
3097 4783 3492 4842 subsannanda.
3520 4791 3669 4845 Illinc

2090 4875 2476 4919 conservantur
2500 4867 2677 4925 omnia
2701 4869 2859 4922 mala.
2892 4869 2947 4923 In
2975 4874 3115 4940 quali
3139 4876 3282 4930 enim
3303 4885 3441 4932 terra
3465 4887 3674 4937 steterit

2092 4958 2271 5027 planta
2292 5000 2308 5024 ,
2354 4958 2511 5013 talem
2544 4959 2646 5014 fert
2687 4961 2914 5016 fructum
2947 4981 2959 5016 :
3003 4965 3048 5017 si
3079 4965 3130 5019 in
3172 4984 3392 5023 arenosa
3422 4980 3478 5025 ct
3501 4976 3671 5039 salsa,

2092 5049 2287 5112 talem;
2319 5050 2363 5104 si
2394 5051 2446 5103 in
2477 5050 2616 5104 dulci
2643 5061 2697 5105 et
2723 5053 2924 5122 pingui,
2955 5070 3138 5109 rursus
3165 5059 3415 5114 similem.
3444 5061 3534 5118 Sic
3557 5066 3678 5119 fons

2091 5141 2304 5208 quidam
2332 5150 2457 5195 sunt
2495 5142 2836 5199 documenta.
2869 5145 3011 5211 Doce
3051 5161 3171 5200 eum
3201 5163 3396 5205 canere
3438 5155 3676 5221 psalmos

2095 5234 2214 5289 illos
2244 5234 2430 5318 plenps
2472 5235 2808 5311 philosophia
2841 5253 2853 5289 :
2888 5251 3081 5305 nempe
3120 5241 3298 5293 statim
3327 5242 3395 5297 de
3425 5228 3677 5302 moderar-

2098 5327 2243 5380 tione
2266 5336 2319 5379 et
2347 5328 2695 5394 temperantia
2714 5368 2730 5394 ,
2772 5329 2878 5381 imo
2907 5345 3036 5382 vero
3073 5340 3196 5386 ante
3234 5336 3411 5389 omnia
3456 5338 3524 5391 de
3554 5355 3685 5393 con-

2097 5415 2379 5470 suetudine
2421 5431 2524 5468 non
2574 5416 2814 5470 habenda
2846 5433 2965 5471 cum
3014 5422 3200 5487 malis,
3244 5425 3421 5479 statim
3467 5428 3534 5480 ab
3566 5429 3679 5496 ipso

2099 5508 2251 5562 initio
2277 5507 2392 5560 libri
2424 5507 2727 5577 (propterea
2757 5510 2898 5564 enim
2931 5511 3054 5567 hinc
3080 5528 3291 5584 quoque
3317 5518 3512 5587 incepit
3553 5536 3678 5589 pro-

2099 5600 2259 5671 pheta
2282 5640 2294 5662 ,
2319 5600 2500 5652 dicens
2520 5641 2533 5658 .
2565 5600 2745 5654 Beatus
2773 5604 2845 5655 vir
2873 5605 2960 5672 qui
2989 5622 3087 5658 non
3115 5609 3241 5660 abiit
3266 5610 3316 5662 in
3344 5612 3555 5665 consitio
3585 5614 3669 5666 im-

2100 5696 2297 5764 piorum
2326 5689 2494 5760 [PsaL
2520 5693 2569 5745 l.
2601 5691 2681 5764 l];
2713 5705 2763 5748 ct
2791 5710 3012 5759 rursus,
3047 5695 3164 5750 Non
3195 5701 3303 5753 sedi
3329 5717 3441 5754 cum
3468 5705 3684 5758 concilio

2100 5785 2372 5845 emutatis;
2402 5795 2449 5839 ct
2485 5802 2664 5841 rursus
2687 5828 2700 5848 .
2738 5784 2882 5841 Nihil
2914 5792 3074 5847 factus
3099 5802 3170 5844 est
3210 5794 3258 5847 in
3288 5800 3553 5860 conspectu
3579 5786 3688 5853 t’jtts
