4026 6148
361 294 466 354 ’56⁸5

364 410 618 480 malignus
645 422 662 461 :
689 406 914 461 timentes
940 414 1108 460 autem
1155 405 1428 458 Dominum
1470 402 1723 474 glori/icat
1758 397 1943 474 [Psal.

368 502 456 556 25.
488 501 540 554 4.
569 509 618 553 et
644 498 730 554 14.
763 497 853 568 4])
880 516 892 550 :
923 496 994 552 de
1018 496 1404 552 consuetudine
1434 492 1678 548 habenda
1705 507 1825 547 eum
1856 491 1950 544 bo-

372 593 452 646 nis
485 591 558 660 (et
591 591 704 643 lucc
747 599 801 642 et
836 587 1002 642 multa
1030 585 1132 640 alia
1163 585 1232 640 ibi
1275 584 1574 656 invenies);
1613 581 1752 653 quod
1780 580 1950 634 ventri

373 679 739 751 imperandum
763 678 831 732 sit
850 695 860 730 :
879 677 946 732 de
965 676 1304 732 continendis
1325 675 1570 730 manibus
1594 692 1606 727 :
1639 671 1780 742 quod
1804 671 1952 740 plura

375 769 603 827 habendi
642 769 933 838 cupiditate
971 767 1142 822 teneri
1181 783 1286 821 non
1331 772 1612 835 oporteat:
1655 761 1796 834 quod
1826 759 1954 816 nihil

378 864 480 918 sint
519 861 792 930 pecuuire,
837 874 938 914 nec
978 859 1182 929 gloria;
1217 868 1270 913 et
1301 873 1421 928 qua:
1460 864 1588 911 sunt
1631 851 1955 924 hujusmodi.

375 953 600 1021 Quando
640 952 708 1005 ab
749 952 966 1005 ineunte
1007 959 1166 1003 aetate
1213 963 1436 1019 puerum
1477 947 1562 1001 his
1607 943 1957 1007 instruxeris,

377 1045 630 1115 paulatim
680 1044 848 1097 duces
888 1041 954 1096 ad
999 1043 1208 1095 altiora.
1257 1041 1452 1095 Psalmi
1498 1038 1697 1092 habent
1742 1034 1916 1090 omnia
1943 1074 1960 1098 ,

379 1138 562 1209 hymni
589 1146 766 1190 autem
792 1150 975 1189 rursus
995 1133 1126 1188 nihil
1149 1133 1436 1187 humanttm
1462 1146 1476 1182 :
1506 1130 1718 1199 quando
1749 1129 1800 1181 in
1826 1125 1964 1195 psal-

382 1233 482 1286 mis
510 1228 789 1288 didicerit,
823 1237 950 1281 tunc
985 1226 1144 1280 etiam
1173 1226 1306 1280 sciet
1341 1224 1598 1294 hymnos,
1631 1229 1814 1289 utpote
1852 1233 1962 1272 rem

383 1321 723 1377 diviniurem.
767 1318 1083 1388 Superiores
1116 1319 1260 1372 enim
1298 1324 1593 1386 potestates
1625 1313 1853 1382 hymnos
1880 1326 1971 1363 ea-

388 1423 554 1479 nunt,
583 1428 688 1468 non
721 1411 992 1481 psallunt:
1027 1407 1148 1461 Non
1174 1417 1245 1461 est
1273 1408 1447 1466 enim,
1477 1403 1684 1474 inquit,
1713 1402 1970 1470 speciosus

391 1507 604 1576 hymnus
625 1504 675 1556 in
699 1519 784 1555 ore
802 1501 1072 1569 peccatoris
1093 1497 1278 1570 (Eccli.
1302 1497 1387 1552 15.
1407 1497 1462 1566 9)
1482 1512 1495 1560 ;
1518 1505 1566 1549 et
1592 1508 1799 1556 rursus,
1823 1490 1970 1544 Utuli

390 1596 488 1649 inei
518 1609 669 1664 super
692 1592 866 1660 ﬁdeles
893 1601 1058 1657 terra},
1085 1599 1140 1642 ut
1167 1590 1261 1658 ipsi
1287 1604 1478 1640 mecum
1504 1585 1744 1646 sedeant;
1772 1593 1826 1638 et
1853 1597 1972 1634 rur-

393 1704 504 1751 sus,
535 1687 657 1741 Non
689 1685 881 1739 habitat
911 1685 962 1738 in
991 1684 1155 1738 medio
1185 1682 1364 1736 domus
1390 1697 1512 1734 mea:
1533 1680 1616 1750 qui
1643 1680 1766 1748 facit
1793 1693 1975 1744 super-

395 1781 528 1834 biam
549 1797 568 1845 ,'
597 1787 652 1834 et
678 1779 892 1840 iterum,
922 1776 1200 1830 Ambulans
1223 1777 1276 1830 in
1300 1776 1379 1828 via
1405 1771 1840 1836 immaculataJtir
1855 1769 1979 1824 mihi

395 1870 717 1924 ministrabat
743 1867 911 1938 (Psal.
948 1867 1069 1922 100.
1099 1867 1150 1921 6.
1175 1867 1226 1920 7.
1254 1865 1333 1935 2).
1367 1865 1516 1920 Adeo
1539 1872 1594 1918 ut
1619 1863 1853 1919 caveatis
1874 1876 1978 1916 non

397 1963 567 2018 solum
601 1977 667 2016 ne
693 1976 813 2016 cum
843 1959 1027 2014 amicis
1047 1999 1071 2024 ,.
1092 1958 1184 2014 sed
1214 1973 1280 2016 ne
1308 1972 1427 2012 cum
1472 1955 1642 2010 servis
1667 1954 1883 2024 quidem
1915 1968 1975 2008 se

403 2057 681 2111 misceant.
711 2053 848 2108 Mala
883 2053 1023 2107 enim
1067 2051 1344 2105 innumera
1390 2049 1570 2104 liberis
1607 2047 1983 2117 importantur,

402 2146 614 2217 quando
654 2158 841 2200 servos
885 2152 1165 2213 corruptos
1200 2143 1279 2197 eis
1307 2139 1726 2212 pracl'ecerimus.
1753 2137 1808 2192 Si
1844 2136 1988 2191 enim

407 2241 570 2309 patris
596 2238 836 2294 fruentes
867 2245 1010 2291 tanta
1055 2246 1109 2290 et
1136 2234 1513 2290 benevolentia
1535 2241 1589 2286 et
1613 2231 1948 2300 philosophia
1971 2269 1988 2294 ,

407 2334 495 2386 vix
541 2330 672 2385 salvi
708 2328 980 2391 evadunt;
1022 2328 1067 2382 si
1113 2327 1236 2382 illos
1279 2327 1552 2381 tradamus
1591 2325 1761 2379 servis
1793 2324 1990 2378 bonum

413 2421 543 2476 nihil
571 2420 914 2483 curantibus,
948 2418 1136 2488 quales
1176 2417 1336 2471 futuri
1384 2418 1543 2470 sunt?
1575 2416 1683 2472 Illis
1727 2426 1995 2485 tamquam

416 2513 646 2568 initnicis
673 2521 913 2576 utuntur,
943 2511 1311 2565 existimantes
1332 2509 1454 2563 illos
1481 2508 1865 2563 moderatiores
1885 2508 1998 2561 fore

417 2605 696 2669 dominos,
728 2602 772 2656 si
801 2603 1018 2656 insanos
1048 2602 1168 2656 illos
1191 2643 1208 2667 ,
1242 2601 1514 2671 improbos
1542 2611 1596 2655 et
1622 2601 1816 2656 nullius
1843 2599 1999 2670 pretii

420 2695 664 2752 reddant.
694 2695 833 2748 Ante
857 2692 958 2746 alia
990 2706 1116 2761 ergo
1162 2691 1338 2745 omnia
1370 2690 1486 2744 haec.
1511 2703 1759 2745 curemus
1779 2731 1794 2755 ,
1840 2700 1894 2744 et
1919 2689 2002 2744 his

421 2802 638 2856 operam
669 2785 876 2838 demus.
905 2782 1106 2848 Dilexi,
1140 2781 1342 2852 inquit,
1373 2798 1456 2835 eos
1481 2781 1569 2851 qui
1597 2781 1814 2851 diligunt
1844 2781 2003 2851 legem

425 2889 583 2932 tuam.
615 2876 764 2931 [tunc
793 2889 921 2944 ergo
950 2887 1049 2928 nos
1085 2888 1296 2944 quoque
1333 2872 1650 2928 temulemur
1675 2879 1728 2927 et
1754 2870 1852 2926 hos
1879 2870 2005 2926 dili-

425 2986 630 3044 gamus.
655 2969 723 3025 Ut
752 2983 938 3023 rursus
957 2976 1135 3022 autem
1163 2973 1520 3034 temperantes
1541 2973 1595 3019 et
1623 2962 1882 3018 moderati
1902 2963 2011 3017 sint

427 3061 613 3134 pueri,
642 3058 862 3114 audiant
886 3056 1202 3128 prOphetam
1245 3055 1508 3110 dicentem
1541 3072 1553 3107 :
1586 3053 1766 3108 Lumbi
1793 3055 1890 3107 mei
1913 3069 2012 3106 un-

429 3154 551 3224 pleti
574 3160 689 3207 sunt
710 3149 1065 3212 illusionibus;
1091 3158 1146 3204 et
1167 3161 1374 3211 rursus,
1399 3145 1592 3200 Pet-des
1607 3161 1775 3198 omnes
1794 3143 1878 3214 qui
1907 3147 2014 3212 for-

429 3247 662 3299 nicantur
691 3243 779 3297 abs
801 3254 848 3296 te
874 3241 1047 3314 (Psal.
1067 3241 1158 3296 ⁸57.
1181 3239 1234 3294 8.
1260 3248 1304 3292 et
1325 3237 1414 3292 72.
1436 3236 1553 3308 27).
1589 3236 1655 3290 Et
1679 3234 1821 3304 quod
1841 3235 2013 3289 ventri

431 3349 672 3411 oporteat
694 3338 982 3407 imperare,
1009 3349 1194 3390 rursus
1219 3331 1474 3386 audiant:
1503 3329 1571 3384 Et
1593 3329 1793 3394 occidit,
1822 3327 2011 3397 inquit,

436 3433 604 3502 plures
625 3447 815 3494 eorum,
847 3445 962 3482 cum
991 3437 1116 3481 esset
1142 3426 1308 3478 adhuc
1330 3440 1442 3478 esca
1463 3423 1514 3476 in
1539 3439 1626 3476 ore
1644 3420 1860 3488 eorum-(
1871 3418 2014 3478 I’sal.

435 3524 523 3577 77.
552 3522 641 3577 30.
671 3522 782 3591 5|).
812 3519 1038 3589 thuod
1060 3526 1304 3584 oporteat
1331 3531 1437 3569 non
1461 3516 1597 3568 vinci
1620 3530 1650 3568 a
1672 3513 2014 3568 muneribus:

437 3613 640 3667 Divitia:
674 3613 718 3664 si
743 3611 973 3680 aﬂluant,
1000 3609 1155 3662 nolite
1185 3624 1272 3660 cor
1295 3622 1549 3676 apponere
1581 3606 1750 3674 (Psal.
1778 3605 1868 3660 6|.
1900 3606 2016 3673 11).

441 3704 502 3756 Et
523 3702 664 3772 quod
691 3701 875 3771 glorias
905 3699 976 3752 sit
997 3695 1382 3751 dominaudum
1402 3737 1417 3758 ,
1449 3696 1551 3749 hoc
1589 3712 1801 3766 quoque
1832 3696 1902 3750 ibi
1937 3697 2021 3748 in-

442 3796 696 3848 venient:
733 3790 908 3859 Neque
949 3805 1064 3842 cum
1103 3805 1160 3841 eo
1190 3787 1453 3841 descendet
1496 3796 1606 3856 post
1649 3789 1817 3858 ipsum
1859 3788 2021 3858 gloria

441 3886 549 3956 ejus
571 3883 740 3952 (Psal.
765 3882 853 3936 48.
879 3880 970 3951 18)
996 3898 1008 3934 :
1034 3879 1174 3950 quod
1199 3877 1412 3948 maligni
1440 3892 1545 3932 non
1570 3878 1978 3932 sintarmulaudi
2007 3897 2020 3932 :

445 3975 572 4030 Noli
591 3974 823 4029 aemulari
846 3973 896 4026 in
919 3971 1312 4042 malignantibus
1335 3968 1504 4040 (Psal.
1527 3967 1854 4040 56.!)zquod
1878 3972 2024 4040 priu-

443 4068 649 4138 cipalus
675 4075 728 4122 et
755 4073 1047 4136 potestates
1073 4062 1223 4117 nihili
1247 4072 1494 4132 oporteat
1522 4063 1828 4117 existimare
1852 4079 1864 4115 :
1912 4061 2025 4115 Vidi

442 4159 656 4229 impium
699 4156 1129 4225 superexaltatum
1170 4165 1217 4208 et
1261 4155 1505 4209 eleuatum
1548 4155 1675 4208 sicut
1721 4155 1896 4208 cedros
1940 4155 2028 4207 Li-

446 4250 601 4313 bani;
627 4259 673 4302 et
701 4248 929 4312 transivi,
963 4256 1009 4300 et
1031 4263 1142 4300 ecce
1165 4263 1267 4300 non
1289 4255 1394 4300 erat
1419 4244 1524 4313 (Ib.
1551 4262 1598 4299 υ.
1623 4246 1710 4300 55.
1732 4244 1858 4317 56):
1885 4246 2027 4316 quod

447 4339 726 4408 praesentia
753 4338 903 4393 nihili
931 4338 1036 4392 sittt
1061 4336 1298 4391 facienda
1326 4354 1338 4390 :
1368 4335 1578 4389 Beatum
1601 4336 1835 4390 dixerunt
1863 4352 2029 4407 popu-

449 4433 555 4485 lum
582 4431 662 4484 cui
691 4430 798 4483 lucc
824 4439 975 4493 sunt;
1001 4430 1172 4482 beatus
1197 4439 1268 4482 est
1295 4429 1513 4499 populus
1533 4469 1548 4491 ,
1571 4429 1715 4494 cujus
1742 4437 1814 4481 est
1847 4425 2029 4480 Domi-

449 4538 544 4577 nus
573 4521 706 4575 Deus
745 4521 954 4591 adjutor
984 4519 1156 4590 (Psal.
1186 4521 1310 4574 145.
1340 4521 1426 4590 15)
1453 4537 1466 4573 :
1507 4519 1648 4590 quod
1678 4534 1782 4574 non
1813 4519 2032 4590 impune

452 4626 735 4683 peccamus
755 4653 768 4675 ,
802 4609 895 4666 sed
923 4611 994 4664 sit
1018 4611 1379 4665 remuneratio
1407 4628 1421 4664 :
1459 4609 1536 4664 Tu
1560 4612 1740 4666 reddes
1766 4612 2034 4682 unicuique

449 4703 723 4758 secundum
746 4717 904 4768 opera
930 4717 1021 4753 sua
1047 4713 1062 4749 :
1086 4714 1184 4754 cur
1209 4709 1384 4755 autem
1414 4717 1518 4756 non
1545 4703 1735 4758 reddat
1761 4703 1996 4773 quotidie
2019 4717 2035 4753 :

457 4797 589 4848 Deus
607 4793 976 4865 judexjustus,
1010 4801 1054 4844 et
1076 4791 1242 4858 fortis,
1272 4803 1316 4846 et
1339 4794 1530 4863 patiens
1561 4793 1728 4862 (Psal.
1756 4796 1846 4850 61.
1878 4798 1965 4851 15.
1989 4805 2035 4849 et

455 4889 502 4940 7.
539 4886 626 4955 12)
654 4903 666 4938 :
690 4885 828 4953 quod
868 4885 1066 4939 bnmtm
1097 4884 1166 4937 sit
1206 4883 1474 4938 humilitas
1504 4902 1518 4938 :
1549 4884 1764 4940 Domine
1789 4925 1802 4951 ,
1843 4887 2032 4955 inquit,

449 4995 554 5034 non
585 4987 656 5031 est
679 4977 952 5030 exaltatum
980 4992 1067 5028 cor
1098 4991 1263 5028 meum
1285 4975 1454 5045 (Psal.
1481 4977 1603 5031 150.
1631 4977 1681 5047 1)
1712 4993 1725 5030 :
1754 4977 1894 5045 quod
1918 4994 2035 5032 nta-

455 5070 565 5122 lum
597 5070 666 5121 sit
695 5067 943 5136 superbia
971 5085 985 5122 :
1021 5065 1315 5137 Propterea,
1347 5070 1538 5137 ittquit,
1568 5070 1726 5121 tenuit
1749 5085 1831 5122 eos
1857 5087 2036 5139 super-

439 5161 536 5210 hia
565 5159 621 5210 in
645 5159 792 5226 ﬁnem
819 5157 990 5227 (Psal.
1018 5157 1107 5210 79..
1133 5159 1219 5227 6);
1245 5168 1298 5212 et
1319 5175 1520 5223 rursus,
1544 5159 1790 5214 Dominus
1811 5163 2038 5230 superbis

447 5251 640 5303 resistit
661 5249 838 5316 (Prov.
866 5251 916 5304 '5.
946 5251 1032 5304 51.
1069 5252 1119 5303 in
1152 5250 1386 5314 Cresco);
1418 5262 1470 5306 et
1498 5269 1701 5314 rursus,
1737 5253 2038 5324 Is'gredietur

449 5349 709 5407 tamquam
737 5355 798 5392 ex
824 5339 974 5406 adipe
996 5340 1232 5409 iniquitas
1266 5358 1437 5394 eorum
1462 5340 1634 5412 (Psal.
1669 5343 1754 5396 7'2.
1779 5345 1853 5412 7).
1885 5345 2038 5412 Quod

456 5433 652 5485 bonum
679 5431 749 5484 sit
786 5432 1123 5502 cleemosyna
1151 5452 1163 5486 :
1200 5432 1480 5502 Dispersit,
1511 5435 1646 5487 dedit
1688 5437 1990 5504 pauperibus
2017 5455 2036 5491 :

461 5524 649 5576 iustitia
679 5523 786 5589 ejus
825 5533 988 5575 manet
1031 5524 1084 5575 in
1110 5525 1348 5577 sweulmu
1395 5524 1572 5593 (Psal.
1610 5528 1729 5580 111.
1765 5526 1821 5598 9)
1850 5547 1858 5579 :
1895 5530 2036 5599 quod

462 5610 782 5665 laudandum
811 5613 880 5666 sit
907 5613 1148 5667 misereri
1181 5631 1192 5664 :
1228 5612 1397 5667 Bonus
1427 5626 1498 5668 est
1539 5618 1611 5669 t'ir
1649 5620 1734 5682 qui
1773 5620 2037 5674 miseretur

456 5711 505 5753 et
530 5701 812 5752 commodat
845 5700 946 5772 (Ib.
980 5717 1024 5756 υ.
1059 5703 1133 5772 5).
1169 5705 1231 5757 Et
1273 5705 1352 5758 his
1381 5705 1533 5772 longe
1575 5709 1721 5775 plura
1751 5709 1855 5763 illis
1888 5712 2036 5768 inve-

1134 279 1188 346 S.
1229 281 1510 346 JOANNIS
1541 276 2016 342 CHRYSOSTOMI
2056 271 2373 357 ARClllEP.
2414 273 2942 337 CONSTANTINOP.

3523 281 3629 337 παι

2061 396 2178 451 nies
2204 395 2556 466 philosophia:
2577 395 2823 466 dogmata
2853 414 2869 452 :
2897 406 2950 451 ut
2973 439 2987 462 ,
3021 396 3159 466 quod
3189 411 3294 452 non
3319 395 3386 452 sit
3416 399 3636 450 maledi-

2057 491 2285 546 cendum
2315 509 2329 546 :
2364 491 2732 557 Detrahe-item,
2764 493 2951 560 inquit,
2979 491 3266 545 clanculum
3296 491 3648 562 proximante,

2061 585 2194 636 hunc
2219 585 2548 654 persequebar
2575 583 2748 654 (Psal.
2776 583 2897 639 100.
2930 585 3008 653 5).
3037 583 3170 651 Quis
3194 585 3264 638 sit
3289 584 3518 654 hymnus
3552 598 3635 637 su.

2063 689 2383 744 pernoram,
2430 675 2556 744 quid
2594 689 2827 744 superne
2869 674 3056 730 dicunt
3098 675 3424 738 Cherubim,
3470 677 3648 732 sciunt

2065 764 2271 819 ﬁdeles.
2299 764 2437 830 Quid
2467 765 2720 820 dicebant
2746 766 2920 836 angeli
2963 764 3098 820 infra
3140 766 3335 836 positi?
3378 765 3556 821 Gloria
3596 769 3650 820 in

2067 854 2277 910 excelsis
2303 855 2414 909 Deo
2444 856 2598 924 (Luc.
2629 855 2685 910 2.
2720 857 2833 925 14).
2867 857 3154 926 Propterea
3183 867 3304 925 post
3325 857 3650 926 psalmodias
3733 878 3762 899 δ

2068 949 2286 1020 hymni,
2317 959 2502 1018 utpote
2544 965 2632 1004 res
2673 949 2916 1019 quaadam
2967 948 3272 1018 perfectior.
3310 937 3376 1003 In
3408 949 3648 1035 psalmis,

2071 1041 2260 1108 inquit,
2290 1041 2510 1110 hymnis,
2543 1051 2589 1094 et
2618 1042 2828 1094 canticis
2852 1040 3224 1111 spiritualibus,
3258 1042 3310 1094 in
3335 1043 3500 1112 gratia
3530 1057 3651 1094 can-

2072 1141 2233 1185 tantes
2271 1132 2325 1184 in
2363 1131 2597 1186 cordibus
2641 1133 2813 1184 vestris
2849 1130 2978 1186 Deo.
3023 1135 3128 1185 Aut
3171 1131 3273 1186 hoc
3303 1131 3468 1196 dicit,
3511 1131 3658 1202 quod

2072 1234 2290 1292 propter
2317 1223 2542 1291 gratiam
2573 1221 2688 1277 haec
2723 1222 2876 1277 nobis
2917 1221 3066 1276 dedit
3095 1222 3272 1287 Deus;
3315 1230 3408 1276 aut
3434 1207 3656 1298 canii'cis

2075 1333 2194 1385 quire
2222 1328 2344 1372 sunt
2374 1319 2425 1372 in
2453 1321 2659 1388 gratia;
2686 1329 2775 1372 aut
2802 1301 3154 1373 admonentes
3182 1331 3279 1372 nos
3306 1317 3450 1386 ipsos
3475 1326 3530 1371 et
3555 1318 3655 1370 do-

2077 1419 2260 1463 centes
2289 1410 2340 1462 in
2365 1397 2572 1478 gratia;
2617 1420 2708 1464 aut
2745 1409 2885 1480 quod
2927 1409 2980 1463 in
3026 1409 3196 1478 gratia
3242 1408 3508 1462 habebant
3545 1407 3661 1461 Iure

2079 1499 2247 1563 dona;
2279 1509 2370 1553 aut
2392 1500 2506 1555 hzec
2526 1509 2606 1554 est
2635 1487 2942 1569 explicatio.
2978 1500 3018 1554 A
3051 1500 3240 1568 gratia,
3274 1499 3469 1574 inquit,
3500 1499 3663 1568 spiri-

2083 1602 2186 1644 tus.
2207 1574 2479 1645 Cantantes
2505 1593 2556 1646 in
2587 1593 2820 1646 cordibus
2845 1592 3021 1647 vestris
3046 1591 3173 1645 Deo.
3204 1590 3321 1646 Non
3351 1593 3555 1654 solum,
3586 1593 3666 1644 in-

2082 1683 2214 1750 quit,
2247 1697 2368 1744 ore,
2398 1681 2490 1737 sed
2519 1698 2639 1738 cum
2665 1685 2980 1737 attentione.

2156 1774 2208 1828 5.
2253 1773 2365 1829 l-loe
2419 1776 2561 1830 enim
2613 1784 2695 1830 est
2745 1777 2853 1830 Deo
2901 1791 3133 1840 canere,
3166 1774 3294 1830 illud
3345 1789 3477 1830 vero
3521 1776 3668 1840 aeri;

2086 1880 2190 1920 vox
2246 1867 2387 1920 enim
2439 1875 2641 1922 temere
2689 1867 3021 1922 diffunditur.
3067 1867 3182 1921 Non
3236 1867 3301 1922 ad
3351 1867 3671 1921 ostentatio-

2091 1974 2212 2012 nem
2234 2002 2248 2023 ,
2279 1960 2470 2028 inquit.
2503 1959 2722 2014 Etiamsi
2752 1960 2826 2014 sis
2866 1961 2917 2015 in
2945 1960 3084 2026 foro,
3115 1969 3266 2030 potes
3294 1960 3518 2028 teipsum
3543 1974 3677 2012 con-

2092 2058 2334 2113 vertere,
2377 2058 2430 2104 et
2484 2049 2595 2106 Deo
2637 2065 2832 2105 canere
2880 2050 3092 2105 nemine
3139 2049 3409 2126 audiente.
3441 2049 3570 2102 Nam
3597 2052 3678 2104 sic

2093 2155 2306 2210 quoque
2349 2139 2537 2196 orabat
2563 2141 2793 2212 Moyses,
2824 2150 2878 2196 et
2916 2142 3012 2195 fuit
3053 2139 3300 2195 auditus:
3333 2141 3464 2194 dicit
3500 2142 3676 2206 enim,

2099 2232 2236 2298 Quid
2264 2234 2331 2286 ad
2359 2249 2439 2287 me
2467 2233 2699 2288 clamas?
2728 2233 2885 2302 Atqui
2927 2232 3057 2287 nihil
3099 2233 3311 2287 dicebat
3330 2273 3344 2297 ,
3374 2232 3468 2286 sed
3501 2242 3681 2287 mente

2099 2325 2365 2380 clamabat
2407 2340 2530 2378 eum
2583 2325 2746 2379 corde
2803 2325 3036 2378 contrito
3085 2339 3099 2376 :
3149 2323 3494 2393 quamobrem
3542 2323 3683 2377 Deus

2101 2416 2250 2470 solus
2278 2415 2537 2470 exaudiit.
2584 2415 2724 2470 Nihil
2769 2415 2910 2471 enim
2957 2423 3102 2469 velat
3141 2415 3426 2486 quominus
3463 2424 3514 2468 et
3565 2429 3683 2467 am-

2103 2506 2293 2562 bulans
2340 2507 2504 2563 corde
2552 2516 2701 2570 oret,
2735 2516 2790 2561 et
2835 2521 3045 2560 sursum
3087 2491 3371 2603 shy/Omne
3407 2506 3684 2576 quadrum-

2103 2619 2199 2672 que
2225 2603 2410 2673 facitis,
2450 2603 2648 2672 inquit,
2680 2603 2732 2654 in
2758 2601 2903 2655 verbo
2928 2610 3019 2653 aut
3047 2601 3100 2653 in
3129 2599 3308 2670 opere,
3342 2599 3512 2652 omnia
3537 2599 3690 2668 facite

2105 2695 2157 2746 in
2188 2694 2388 2746 nomine
2421 2692 2627 2746 Domini
2654 2691 2778 2746 Jesu
2816 2691 3035 2753 Christi,
3063 2692 3253 2758 gratias
3279 2701 3484 2760 agentes
3507 2688 3616 2742 Deo
3641 2698 3692 2741 et

2112 2783 2258 2836 Patri
2283 2800 2370 2854 per
2391 2785 2581 2853 ipsum.
2608 2781 2738 2836 Nam
2766 2783 2810 2836 si
2842 2783 2919 2837 sic
2947 2780 3238 2848 iaciamus,
3271 2781 3403 2834 nihil
3439 2781 3539 2835 erit
3569 2795 3693 2833 sre-

2112 2875 2300 2929 lestum
2325 2916 2339 2938 ,
2370 2873 2500 2928 nihil
2530 2874 2886 2940 immundum,
2921 2875 3006 2928 ubi
3038 2873 3283 2929 Christus
3311 2874 3605 2928 invocatur.
3634 2873 3695 2927 Si

2112 2966 2364 3021 comedas
2383 3007 2399 3032 ,
2431 2966 2474 3020 si
2505 2966 2688 3030 bibas,
2717 2967 2760 3020 si
2787 2981 3008 3021 uxorem
3033 2965 3220 3031 ducas,
3252 2965 3296 3019 si
3327 2980 3548 3034 peregre
3569 2980 3694 3033 pro-

2115 3059 2370 3114 ﬁciscaris
2391 3102 2405 3125 ,
2437 3062 2490 3114 iu
2519 3061 2738 3114 nomine
2787 3060 2879 3114 Dei
2913 3059 2993 3113 iac
3020 3059 3236 3124 omnia;
3267 3057 3370 3112 hoc
3407 3067 3492 3112 est
3513 3099 3528 3122 ,
3573 3073 3697 3112 eum

2115 3167 2312 3206 vocans
2341 3152 2639 3221 adiutorem
2665 3168 2680 3206 :
2715 3151 2768 3204 in
2794 3151 3042 3205 omnibus
3070 3165 3192 3204 eum
3218 3149 3361 3220 prius
3385 3162 3541 3204 orans
3559 3189 3574 3213 ,
3608 3164 3700 3201 res

2119 3244 2427 3316 aggredere.
2473 3243 2568 3298 Vis
2594 3244 2790 3314 aliquid
2830 3244 3016 3313 loqui?
3044 3243 3143 3299 hoc
3183 3257 3445 3314 praspoue.
3481 3242 3542 3295 Et
3574 3242 3705 3294 ideo

2120 3351 2220 3390 nos
2247 3349 2460 3405 quoque
2498 3335 2551 3389 in
2577 3335 2816 3404 epistolis
2841 3349 3036 3389 nomen
3068 3334 3274 3390 Domini
3316 3333 3697 3403 prrepnnintus.

2123 3427 2220 3482 Ubi
2250 3427 2410 3480 fuerit
2430 3441 2621 3480 nomen
2649 3425 2882 3490 Domini,
2903 3426 3079 3478 omnia
3101 3435 3226 3479 sunt
3249 3426 3414 3478 fausta
3431 3433 3480 3479 ct
3504 3424 3700 3478 felicia.

2123 3520 2252 3574 Nam
2295 3522 2338 3573 si
2362 3518 2652 3573 Consulum
2682 3519 2896 3571 nom-ina
2924 3517 3162 3571 efﬁciunt
3191 3527 3247 3571 ttt
3281 3519 3499 3570 tit-malm
3525 3525 3582 3571 et
3611 3530 3670 3566 va
3690 3543 3704 3555 -

2125 3613 2245 3666 lida:
2265 3611 2375 3666 sint
2396 3611 2626 3676 tabellat,
2651 3610 2818 3664 multo
2841 3611 3011 3680 magis
3025 3625 3220 3664 nomen
3241 3609 3460 3663 Christi.
3484 3609 3588 3662 Aut
3607 3608 3710 3662 hoc

2127 3703 2275 3768 dicit,
2298 3701 2604 3757 Secundum
2639 3701 2804 3756 Deum
2828 3701 3004 3756 omnia
3027 3711 3080 3755 et
3107 3700 3287 3764 dicite,
3317 3709 3373 3755 et
3401 3701 3540 3770 agite
3569 3718 3580 3753 :
3613 3715 3710 3752 no-

2128 3793 2221 3848 lite
2252 3793 2470 3862 angelos
2500 3791 2862 3847 introducere.
2895 3790 3179 3846 Comedis?
3213 3793 3320 3846 Deo
3343 3806 3442 3860 age
3481 3792 3712 3860 gratias,

2129 3893 2184 3938 et
2214 3882 2394 3937 itidem
2423 3891 2605 3952 postea
2635 3883 2685 3936 id
2715 3883 2968 3936 facturus.
3006 3881 3257 3935 Dormis?
3286 3896 3384 3950 age
3414 3883 3630 3951 gratias,
3657 3892 3716 3934 et

2131 3974 2313 4030 itidem
2344 3985 2526 4044 postea
2569 3974 2707 4028 idem
2757 3974 3014 4029 facturus.
3059 3973 3222 4028 Vadis
3264 3975 3330 4028 ad
3375 3972 3588 4030 iurum?
3632 3973 3717 4028 [sc

2134 4067 2294 4131 idem,
2326 4066 2455 4120 nihil
2483 4066 2834 4130 mundanum,
2867 4065 2998 4120 nihil
3028 4065 3168 4136 quod
3189 4065 3256 4120 ad
3283 4066 3445 4121 vitam
3475 4081 3716 4136 przcseu-

2135 4169 2239 4212 tem
2264 4159 2544 4226 pertineat.
2572 4157 2677 4212 Fac
2697 4159 2872 4212 omnia
2898 4159 2949 4211 in
2974 4157 3188 4212 nomine
3211 4157 3443 4222 Domini,
3466 4165 3520 4210 et
3539 4156 3717 4210 omnia

2136 4248 2230 4303 tibi
2261 4257 2404 4302 recte
2444 4248 2754 4303 succedent.
2787 4249 3122 4318 Ubicumque
3159 4249 3389 4318 positum
3433 4248 3594 4302 fuerit
3625 4234 3718 4304 Dei

2136 4355 2348 4403 nomen,
2381 4339 2557 4393 omnia
2587 4350 2710 4394 sunt
2737 4341 2906 4395 fausta
2927 4349 2984 4395 et
3009 4339 3199 4394 felicia.
3233 4339 3289 4393 Si
3319 4338 3596 4393 daamoncs
3622 4355 3721 4392 ex-

2139 4429 2304 4499 pellit,
2337 4429 2380 4481 si
2412 4429 2630 4483 morbos
2663 4431 2956 4500 propulsat,
2987 4430 3154 4485 multo
3182 4430 3352 4500 magis
3379 4429 3538 4484 rebus
3567 4430 3744 4506 πίτυι-ιτ

2139 4520 2470 4574 facilitatem.
2498 4519 2634 4588 Quid
2659 4530 2774 4586 est,
2817 4521 3016 4576 Facere
3055 4522 3106 4576 in
3138 4521 3303 4577 verbo
3331 4529 3425 4576 aut
3451 4520 3502 4574 in
3527 4521 3724 4589 opere?

2139 4609 2234 4664 Vel
2261 4622 2569 4673 exeuntem,
2601 4612 2685 4666 vel
2711 4611 2921 4681 quidvis
2951 4611 3257 4668 facientem.
3288 4611 3425 4666 Audi
3454 4610 3746 4692 quomodo)

2140 4699 2409 4754 Abraham
2454 4699 2707 4755 l‘atnulum
2738 4717 2891 4755 suum
2935 4703 2986 4756 in
3030 4702 3244 4757 nomine
3277 4702 3370 4757 Dei
3400 4701 3544 4757 misit
3575 4720 3588 4753 :
3621 4701 3691 4754 Da
3725 4697 3753 4785 ς

2142 4799 2226 4848 vid
2265 4796 2314 4848 in
2347 4796 2563 4850 nomine
2606 4796 2696 4850 Dei
2727 4796 2941 4850 Goliath
2970 4797 3258 4852 interemit.
3289 4794 3618 4853 Admirabile
3645 4803 3728 4847 est

2145 4902 2340 4941 nomen
2379 4887 2498 4955 ejus
2523 4899 2574 4941 et
2605 4903 2874 4957 magnum.
2904 4887 2973 4942 Et
3004 4903 3190 4943 rursus
3226 4886 3395 4944 Jacob
3424 4885 3562 4941 ﬁlios
3601 4901 3728 4940 suos

2145 4977 2384 5040 mittens,
2413 4976 2542 5030 dicit
2566 4993 2580 5029 :
2616 4977 2753 5030 licus
2774 4991 2940 5030 autent
2970 4994 3108 5031 mens
3134 4978 3216 5030 det
3244 4977 3381 5030 vobis
3407 4977 3625 5046 gratiam
3646 4990 3729 5027 co-

2144 5087 2254 5122 ram
2284 5071 2485 5124 homine
2510 5070 2667 5139 (Gen.
2695 5073 2786 5126 45.
2815 5073 2923 5139 14).
2957 5071 3089 5126 Nam
3119 5072 3208 5141 qui
3238 5071 3338 5126 hoc
3365 5071 3494 5127 facit
3513 5112 3528 5136 ,
3563 5073 3728 5126 Deum
3810 5059 3816 5065 ’

2148 5161 2309 5217 habet
2333 5163 2655 5231 adjutorem,
2687 5165 2805 5218 sine
2835 5180 2941 5234 quo
2964 5165 3096 5218 nihil
3126 5180 3287 5218 ausus
3312 5174 3394 5219 est
3419 5165 3612 5219 facere.
3639 5164 3732 5219 Ut-

2149 5261 2270 5318 pote
2309 5268 2436 5322 ergo
2478 5255 2802 5319 honoratus,
2843 5271 2964 5310 cum
3013 5256 3106 5309 fuit
3149 5257 3451 5320 invocatus,
3494 5257 3727 5311 vicissim

2150 5343 2434 5398 honorabit
2461 5345 2624 5399 rebus
2651 5345 2882 5402 aﬂ'crens
2911 5346 3244 5402 facilitatem.
3278 5349 3471 5404 invoca
3501 5348 3692 5403 Filium
3715 5388 3729 5411 .

2149 5437 2346 5504 gratias
2374 5453 2471 5506 age
2504 5437 2666 5492 Patri.
2693 5438 2824 5492 Nam
2847 5439 2972 5494 dum
3003 5439 3279 5495 invocatur
3299 5441 3489 5506 Filius,
3523 5442 3730 5496 introea-

2152 5541 2233 5585 tur
2261 5542 2315 5585 et
2354 5531 2542 5594 Pater;
2573 5541 2626 5586 et
2649 5533 2775 5587 dum
2801 5533 2848 5587 ei
2878 5544 3106 5603 aguntur
3129 5535 3336 5603 gratim,
3365 5535 3500 5589 Filio
3524 5548 3736 5605 thOqtm

2147 5623 2330 5691 gratia:
2357 5635 2607 5692 aguntur.
2643 5625 2768 5679 11ωο
2797 5626 3069 5681 discamus
3099 5643 3203 5680 non
3234 5628 3401 5682 retbo
3433 5637 3605 5690 lenus,
3639 5627 3736 5681 sed

2154 5729 2247 5782 per
2277 5713 2410 5770 facta
2451 5715 2694 5780 implere.
2725 5717 2856 5773 lluic
2883 5717 3082 5774 nomini
3114 5717 3245 5772 nihil
3287 5727 3458 5791 potest
3490 5717 3700 5787 aeq-ripa
