4026 6148
472 368 581 426 565

476 491 587 546 rari
616 507 630 544 :
658 488 761 544 hoc
787 487 982 557 ubique
1005 494 1085 540 est
1107 482 1419 537 admirabile
1443 501 1457 537 :
1490 482 1834 552 Unguentum,
1855 485 2022 554 inquit
2041 525 2057 547 ,

477 582 695 651 effusum
719 596 900 635 nomen
922 589 1064 633 tuum
1091 576 1268 647 (Cant.
1294 578 1347 631 1.
1376 578 1460 645 9.).
1496 578 1597 644 Qui
1626 577 1727 631 hoc
1751 577 1918 644 dixit,
1952 586 2063 631 sta-

480 676 572 728 tim
601 674 741 728 bono
759 670 925 724 odore
949 669 1046 722 fuit
1067 668 1328 735 repletus.
1360 668 1525 721 Nemo
1561 676 1719 737 potest
1747 668 1914 722 dicere
1951 668 2060 721 Do-

473 769 669 821 minum
694 764 873 819 Iesum
893 805 910 830 ,
948 764 1050 818 nisi
1078 763 1131 817 in
1174 763 1372 832 Spiritu
1399 773 1573 816 sancto
1612 764 1687 833 (1.
1718 762 1835 817 Cor.
1862 761 1950 816 i2.
1978 761 2057 831 5).

472 850 589 911 Hoc
606 868 801 909 nomen
831 862 938 907 tam
962 853 1129 907 multa
1156 863 1431 923 operatur.
1455 855 1509 907 Si
1531 854 1751 917 dixeris,
1772 851 1839 906 In
1860 853 2062 907 nomine

478 948 650 1003 Patris
677 955 726 998 et
755 944 883 999 Filii
903 953 948 998 et
978 945 1209 1014 Spiritus
1251 945 1432 1010 sancti,
1458 959 1579 998 cum
1607 944 1731 1007 ﬁde,
1777 943 1892 999 haec
1936 958 2063 1014 per-

475 1037 666 1092 lecisti.
694 1034 826 1089 Vide
846 1050 1006 1104 quam
1034 1035 1198 1088 multa
1229 1035 1396 1088 fecisti
1424 1051 1438 1086 :
1465 1034 1658 1088 creasti
1682 1034 1975 1098 hominem,
2003 1041 2059 1087 et

469 1131 572 1185 alia
612 1128 796 1182 omnia
822 1140 1076 1197 operatus
1122 1142 1181 1180 es
1227 1142 1294 1180 ex
1340 1127 1680 1194 baptismate.
1722 1127 1811 1181 Sic
1856 1125 2058 1179 morbis

471 1221 744 1289 imperans
770 1234 965 1273 nomen
995 1217 1054 1271 lit
1091 1218 1349 1271 terribile.
1381 1217 1669 1287 Propterea
1695 1216 1941 1270 diabolus
1971 1217 2055 1271 in-

472 1311 709 1366 troduxit
732 1326 795 1365 ea
822 1325 944 1380 qua:
973 1318 1098 1364 sunt
1128 1309 1461 1379 angelorum,
1493 1309 1679 1363 honori
1707 1317 1893 1362 nostro
1917 1308 2055 1361 invi-

472 1404 626 1456 dens.
658 1402 972 1456 Dattnonum
997 1399 1129 1454 tales
1154 1409 1278 1453 sunt
1305 1399 1710 1455 incantationes.
1742 1398 1963 1454 Etiamsi
1985 1398 2057 1453 sit

472 1492 714 1561 angelus.
746 1492 953 1545 etiamsi
983 1490 1358 1561 archangelus,
1384 1491 1594 1546 etiamsi
1627 1491 1914 1546 Cherubim
1938 1532 1952 1554 ,
1986 1505 2057 1546 ne

407 1587 414 1594 '
474 1584 730 1651 patiaris:
762 1598 885 1638 nam
919 1598 987 1638 ne
1026 1583 1111 1637 ha:
1153 1582 1366 1650 quidem
1410 1584 1706 1639 Potestates
1744 1584 2050 1653 excipient,

470 1674 564 1727 sed
591 1673 868 1728 excutient
891 1688 1014 1728 cum
1042 1673 1275 1729 viderint
1300 1674 1585 1729 Dominum
1621 1676 1942 1731 contumelia
1968 1676 2053 1729 al-

1360 366 1426 422 IN
1466 367 1679 424 EPIST.
1721 368 1812 422 AD
1850 366 2126 427 COLOSS.
2168 369 2321 426 CAP.
2364 368 2448 426 111.
2492 369 2718 427 1101111..
2764 368 2832 428 Χ.
2884 368 2887 373 ⁴
2986 368 2995 379 “

3633 384 3745 443 366

2168 484 2386 539 tectum.
2421 487 2533 556 Ego
2555 497 2608 543 te
2628 487 2885 543 honorari
2905 530 2920 555 ,
2948 488 3147 560 inquit,
3177 500 3233 548 et
3265 491 3405 562 dixi,
3434 496 3514 553 Tu
3548 515 3635 557 me
3664 504 3747 559 in-

2164 591 2293 631 voca
2321 594 2335 634 :
2363 588 2418 632 ct
2445 588 2499 632 tu
2525 594 2647 634 eum
2667 579 2931 636 dedecore
2953 582 3158 637 amcis?
3183 585 3240 639 Si
3264 585 3366 643 hoc
3385 602 3603 646 carmen
3624 608 3746 648 cum

2166 666 2269 721 lide
2296 670 2616 730 cautaveris.
2645 676 2701 723 et
2733 671 2950 726 morbos
2976 680 3030 727 et
3050 673 3324 732 daemones
3346 676 3555 749 l'ngabis
3584 698 3598 734 :
3630 683 3750 739 etsi

2166 759 2410 813 morbum
2440 775 2546 814 non
2580 762 2929 830 propulsaris,
2961 779 3068 819 non
3096 765 3146 820 id
3179 770 3236 820 tit
3264 781 3486 840 propter
3509 772 3756 829 imbecil-

2164 852 2389 917 litatem,
2420 852 2514 907 sed
2542 868 2607 907 eo
2626 854 2767 923 quod
2789 855 3061 925 expediat.
3085 856 3390 915 Secundum
3419 866 3744 935 magnitudi-

2164 955 2288 995 nem
2316 951 2461 995 tuam
2482 982 2497 1005 ,
2531 944 2736 1013 inquit,
2779 945 2859 999 sic
2895 955 2950 1000 et
2986 948 3101 1002 laus
3146 959 3254 1004 tua.
3286 952 3387 1007 Per
3413 954 3513 1008 hoc
3552 971 3746 1012 nomen

2162 1033 2309 1086 orbis
2349 1044 2506 1087 terra:
2534 1033 2630 1088 fuit
2657 1050 2979 1103 conversus,
3013 1039 3178 1094 fracta
3204 1052 3285 1095 est
3317 1046 3557 1114 tyrannis
3576 1089 3590 1106 .
3617 1063 3749 1103 cons

2161 1125 2403 1181 culcatns
2428 1127 2527 1180 fuit
2550 1128 2815 1191 diabolus,
2849 1132 3018 1199 aperti
3050 1144 3173 1186 sunt
3196 1133 3333 1187 ca-li.
3366 1136 3428 1188 Et
3451 1138 3574 1206 quid
3599 1141 3740 1205 dico,

2160 1217 2317 1272 crrli?
2347 1233 2446 1273 nos
2474 1233 2569 1289 per
2597 1219 2699 1275 hoc
2728 1236 2922 1276 nomen
2965 1236 3151 1276 smnus
3182 1229 3507 1295 regenerati.
3554 1228 3610 1284 Si
3644 1231 3744 1284 hoc

2164 1308 2484 1377 habeamus,
2526 1311 2953 1381 reSplendemus.
3000 1313 3112 1367 Hoc
3139 1325 3195 1368 et
3242 1326 3503 1385 martyres
3542 1320 3664 1372 facit
3692 1330 3745 1374 et

2161 1402 2535 1455 conlessores:
2571 1402 2673 1455 hoc
2709 1417 2808 1472 pro
2838 1418 3029 1472 magno
3057 1403 3201 1458 dono
3241 1416 3519 1462 teneamus
3541 1449 3556 1473 ,
3605 1420 3659 1463 ut
3690 1411 3744 1464 in

2160 1491 2327 1559 gloria
2351 1492 2613 1559 vivamus,
2636 1502 2691 1547 et
2720 1492 2829 1547 Deo
2854 1493 3180 1562 placeamus,
3209 1504 3263 1549 et
3284 1495 3427 1565 digni
3452 1497 3745 1554 habeamur

2163 1583 2316 1637 bonis
2347 1584 2623 1653 promissis
2652 1585 2716 1639 iis
2745 1586 2837 1656 qui
2876 1584 3051 1656 ipsum
3079 1586 3338 1658 diligunt,
3367 1591 3537 1659 gratia
3566 1601 3622 1647 et
3648 1592 3752 1648 lte-

2160 1674 2441 1744 nignitate,
2469 1683 2574 1729 etc.

504 1803 3684 1830 —.___._________._________________._____________.—_,

1873 1886 2219 1949 HOMILIA
2275 1883 2332 1944 X
2345 1927 2359 1942 .

468 2024 595 2081 Car.
634 2026 688 2080 ὅ.
726 2043 781 2079 v.
828 2028 914 2082 18.
949 2027 1225 2093 Mulieres,
1269 2030 1487 2084 subdita!
1525 2038 1679 2083 estote
1718 2030 1873 2093 viris,
1913 2030 2046 2082 sicut

540 2127 732 2185 oportet
757 2119 810 2171 in
839 2118 1075 2174 Domino.
1105 2121 1193 2175 19.
1238 2120 1364 2186 Viri,
1397 2120 1594 2191 diligite
1630 2138 1813 2175 uxores
1840 2130 2048 2183 vestras,

541 2219 588 2261 et
628 2210 782 2263 nolite
826 2212 988 2264 amari
1028 2228 1133 2266 esse
1172 2229 1294 2283 erga
1329 2213 1472 2267 illas.
1511 2213 1606 2269 ρο.
1649 2212 1808 2277 Filii,
1858 2213 2055 2266 obedite

542 2301 830 2369 parentibus
878 2321 970 2372 per
1017 2310 1231 2359 omnia:
1275 2306 1370 2359 hoc
1420 2308 1553 2359 enim
1595 2307 1841 2376 placitum
1880 2316 1951 2360 est
1999 2306 2054 2359 in

541 2390 781 2446 Domino.
827 2395 918 2447 2|.
985 2394 1205 2461 Patres,
1249 2396 1406 2450 nolite
1456 2397 1525 2450 ad
1566 2394 1885 2450 iracundiam
1929 2413 2052 2464 pro-

540 2496 722 2535 vocare
766 2484 901 2549 ﬁlios
940 2496 1151 2553 vestros,
1197 2496 1249 2540 ut
1301 2503 1406 2540 non
1454 2489 1641 2558 pusillo
1685 2489 1854 2541 animo
1902 2489 2046 2555 ﬁant.

538 2570 630 2624 22.
662 2571 827 2637 Servi,
854 2574 1055 2628 obedite
1070 2592 1160 2643 per
1185 2577 1356 2629 omnia
1380 2576 1601 2631 dominis
1622 2577 1930 2641 carnalibus,
1949 2593 2050 2630 non

534 2660 604 2712 ad
631 2662 831 2715 oculum
862 2664 1151 2730 servientes,
1170 2667 1317 2734 quasi
1342 2666 1629 2721 hominibus
1651 2668 1930 2737 placentes.
1959 2667 2050 2721 sed

534 2751 588 2803 in
644 2751 965 2820 simplicitate
1009 2757 1178 2809 cordis
1224 2757 1451 2810 timentes
1499 2755 1688 2811 Deum.
1735 2758 1825 2811 25.
1876 2757 2049 2823 Quod-

534 2859 743 2912 cumque
781 2846 949 2915 facitis
969 2887 985 2911 ,
1017 2863 1082 2901 ea:
1109 2848 1280 2902 animo
1307 2850 1587 2918 operamini
1634 2850 1764 2904 sicut
1798 2850 2038 2915 Domino,

537 2947 584 2988 et
610 2953 709 2990 non
742 2939 1052 3006 hominibus,
1081 2940 1170 2995 24.
1199 2942 1409 2996 scientes
1434 2942 1572 3011 quod
1596 2959 1630 2995 ππ
1661 2943 1880 2997 Domino
1907 2943 2045 2996 acci-

541 3028 686 3096 pietis
750 3031 1127 3085 retributionem
1177 3032 1473 3087 hereditatis
1500 3049 1520 3089 :
1569 3033 1789 3089 Domino
1846 3033 2047 3089 Christo

539 3120 733 3173 seruile.
770 3120 859 3176 25.
908 3122 1006 3189 Qui
1045 3132 1214 3177 autent
1257 3124 1501 3190 iniuriam
1534 3126 1694 3195 facit,
1747 3126 1954 3192 recipiet
1992 3126 2048 3178 id

535 3211 671 3281 quod
700 3212 867 3284 inique
895 3214 1084 3285 gessit;
1120 3226 1166 3269 et
1208 3232 1310 3269 non
1342 3225 1417 3270 est
1455 3232 1786 3284 personarum
1824 3217 2047 3287 acceptio

534 3303 675 3368 apud
711 3300 897 3359 Deum.
928 3303 1056 3358 Car.
1088 3305 1141 3358 4.
1176 3320 1226 3358 v.
1254 3305 1306 3360 1.
1336 3303 1580 3371 Domini,
1614 3306 1669 3359 id
1696 3305 1831 3375 quod
1856 3307 2047 3373 iustum

533 3404 605 3446 est
633 3403 679 3446 et
708 3410 928 3464 (equum,
958 3397 1112 3450 servis
1144 3407 1377 3463 prttsutte
1398 3440 1414 3463 ,
1445 3400 1651 3453 scientes
1691 3399 1825 3468 quod
1868 3409 1914 3453 et
1957 3414 2045 3452 vos

534 3482 810 3538 Dominum
834 3488 1025 3542 habetis
1050 3489 1102 3542 in
1132 3490 1277 3543 cwlo.

538 3576 591 3627 1.
636 3576 744 3628 Cur
785 3594 894 3632 non
938 3580 1132 3648 ubique
1179 3590 1234 3634 et
1277 3582 1329 3634 in
1372 3582 1619 3635 oumibus
1653 3582 1890 3650 epistolis
1934 3581 2037 3637 hoc

472 3667 730 3736 praecipit,
764 3670 858 3724 sed
891 3670 997 3736 hic,
1027 3683 1081 3726 et
1113 3673 1167 3726 itt
1195 3673 1429 3741 Epistula
1474 3673 1540 3728 ad
1583 3673 1869 3743 Ephesios,
1896 3684 1950 3729 et
1987 3676 2040 3729 iu

475 3755 708 3823 Epistola
737 3757 802 3811 ad
830 3758 1192 3822 Timotheum.
1224 3771 1278 3816 et
1301 3762 1368 3817 ad
1394 3762 1610 3817 Titum?
1636 3764 1901 3831 Quoniam
1942 3780 2040 3819 ve-

473 3846 693 3901 risimile
722 3858 805 3903 est
831 3850 881 3903 in
913 3850 995 3907 bis
1024 3852 1326 3909 civitatibus
1366 3855 1533 3911 fuisse
1565 3856 1861 3911 seditiones
1890 3876 1904 3911 :
1950 3867 2043 3913 aut

473 3939 758 3995 verisimile
803 3951 886 3996 est
925 3958 1019 3998 eas
1064 3945 1114 3998 iu
1156 3946 1277 4002 aliis
1312 3963 1370 4002 se
1408 3959 1555 4004 recte
1588 3951 1840 4018 gessisse,
1870 3950 1923 4003 in
1959 3951 2041 4005 bis

469 4050 595 4089 vero
617 4036 791 4091 minus
809 4047 973 4103 recte,
1002 4039 1137 4095 adeo
1162 4050 1220 4095 ut
1241 4051 1513 4110 oporteret
1533 4058 1627 4097 eos
1643 4043 1710 4098 de
1730 4043 1813 4097 bis
1828 4043 2037 4098 audire.

470 4126 561 4181 \'el
609 4130 784 4197 potius
829 4130 967 4199 quod
1012 4132 1076 4184 iis
1112 4132 1260 4195 dicit,
1308 4133 1439 4187 dicit
1479 4134 1749 4188 omnibus.
1797 4134 2039 4203 Magnam

462 4227 638 4273 autem
675 4219 1077 4275 similitudinem
1126 4221 1284 4279 habet
1320 4222 1437 4276 hmc
1483 4224 1707 4292 epistola
1745 4239 1867 4279 cum
1909 4223 2039 4292 Epi-

463 4311 597 4362 stula
627 4310 695 4364 ad
727 4310 990 4380 Ephesios
1028 4313 1081 4367 in
1116 4312 1201 4368 his
1230 4329 1462 4384 quoque.
1495 4315 1637 4369 Alibi
1683 4330 1811 4370 vero
1850 4316 1902 4369 id
1932 4331 2038 4369 non

466 4399 625 4454 facit:
670 4409 762 4455 aut
793 4403 935 4471 quod
979 4403 1047 4458 ad
1094 4405 1235 4459 viros
1262 4406 1374 4474 jam
1415 4421 1600 4474 pacem
1629 4416 1867 4476 agentes,
1902 4420 2039 4475 quos

465 4490 743 4558 oportebat
779 4492 1048 4560 sublimia,
1071 4512 1192 4563 qua:
1219 4497 1298 4549 eis
1320 4496 1499 4550 adhuc
1521 4496 1761 4563 deerant,
1789 4497 2039 4568 dogmata

467 4577 696 4645 discere,
747 4598 850 4636 non
895 4587 1177 4654 oportebat
1216 4586 1284 4639 de
1324 4586 1406 4642 his
1442 4586 1717 4642 scribere:
1759 4597 1851 4642 aut
1893 4588 2038 4658 quod

466 4686 584 4725 cum
607 4675 1023 4731 consolationem
1049 4677 1159 4747 jam
1190 4679 1526 4747 accepissent
1553 4679 1603 4732 in
1637 4681 2037 4746 tentationibus,

463 4776 913 4829 supervacaneum
965 4776 1111 4821 esset
1164 4767 1235 4822 de
1291 4768 1374 4822 his
1420 4769 1624 4824 audire.
1680 4770 2038 4837 Quamobrem

460 4853 687 4921 O'JIIjiCiO
714 4856 799 4910 hic
824 4858 935 4925 jam
971 4858 1177 4913 ﬁrmam
1211 4870 1261 4914 et
1295 4861 1540 4916 stabilem
1571 4877 1688 4917 esse
1716 4862 2034 4929 Ecclesiam,

460 4953 512 4996 et
552 4944 665 5000 ha‘c
708 4947 811 5001 dici
863 4949 915 5002 in
962 4950 1084 5004 line.
1130 4949 1395 5017 Mulieres,
1439 4953 1654 5006 subdin
1690 4962 1845 5007 estote
1892 4953 2033 5018 viris,

460 5036 587 5089 sicut
613 5049 807 5105 oportet
853 5040 907 5094 in
936 5040 1176 5095 Domino.
1216 5043 1270 5097 Id
1317 5053 1418 5107 est,
1442 5042 1679 5098 Subditae
1704 5053 1877 5098 estote
1907 5059 2033 5112 pro-

460 5141 581 5197 pler
629 5131 833 5186 Deum:
878 5135 1129 5202 quoniam
1161 5136 1281 5201 hoc,
1334 5136 1523 5207 inquit,
1570 5152 1663 5190 vos
1700 5148 1875 5201 ornat,
1926 5151 2032 5188 non

457 5225 600 5279 illos.
647 5224 761 5278 Non
800 5227 944 5281 enim
982 5227 1114 5283 hero
1146 5228 1381 5283 debitam
1409 5229 1817 5297 subjectioncm,
1859 5244 2036 5296 neque

454 5332 572 5370 eam
612 5318 786 5371 solum
833 5335 951 5388 qua:
990 5330 1073 5375 est
1112 5337 1142 5374 a
1181 5333 1390 5385 natura,
1432 5323 1524 5377 scd
1569 5338 1685 5377 eam
1722 5325 1881 5375 etiam
1914 5322 2033 5375 dico

455 5424 573 5477 qua:
614 5419 697 5463 est
736 5422 954 5480 propter
986 5413 1175 5467 Deum.
1216 5412 1341 5479 Viri,
1376 5414 1569 5485 diligite
1611 5430 1790 5467 uxores
1819 5425 2031 5477 vestras,

453 5509 499 5552 et
551 5503 705 5555 nolite
741 5506 905 5558 amari
950 5523 1055 5561 esse
1097 5507 1165 5559 ad
1205 5507 1343 5560 illas.
1379 5506 1512 5561 Vide
1548 5523 1731 5560 rursus
1761 5509 2029 5575 quomodo

453 5593 682 5645 suaserit
708 5596 850 5662 quod
878 5596 1032 5650 alteri
1062 5598 1131 5651 ab
1156 5599 1329 5652 altero
1357 5606 1442 5651 est
1466 5597 1847 5665 prmstandum.
1879 5599 2032 5653 Sicut

454 5681 563 5736 illic
608 5686 758 5751 ponit
807 5698 1008 5741 metum
1050 5699 1102 5742 et
1158 5689 1459 5751 caritatem.
1510 5689 1579 5741 ita
1635 5689 1721 5742 hic
1766 5705 2025 5758 quoque:

451 5783 633 5835 potest
662 5776 803 5832 enim
830 5793 970 5848 esse,
1002 5787 1059 5834 ut
1083 5781 1169 5849 qui
1195 5779 1364 5849 diligit
1406 5780 1475 5835 sit
1515 5779 1758 5837 acerbus.
1795 5781 1904 5837 lloc
1946 5794 2028 5838 cst

2154 2040 2281 2094 ergo
2317 2025 2458 2094 quod
2501 2024 2665 2080 dicit:
2718 2024 2798 2080 Ne
2842 2027 3134 2097 pugnctis:
3177 2028 3309 2083 nihil
3342 2036 3425 2082 est
3463 2028 3605 2084 enim
3639 2029 3741 2086 hac

2161 2120 2623 2187 pngnaacerbius,
2654 2119 2869 2187 quando
2914 2120 3014 2174 viri
3051 2119 3210 2174 fuerit
3250 2135 3425 2190 pugna
3474 2122 3736 2177 adversus

2157 2226 2398 2264 uxorem.
2430 2211 2563 2265 Nam
2591 2227 2708 2279 quae
2734 2211 2996 2267 adversus
3017 2227 3276 2281 personas
3297 2229 3417 2282 quze
3438 2213 3736 2283 diliguntur

2154 2309 2280 2355 sunt
2301 2316 2513 2369 pugnat,
2541 2317 2621 2356 eae
2645 2311 2771 2356 sunt
2796 2303 3036 2365 acerbas;
3068 2313 3121 2356 et
3148 2303 3383 2358 ostendit
3404 2303 3506 2358 hoc
3526 2303 3641 2359 ﬁeri
3668 2321 3731 2358 ex

2154 2407 2343 2462 magna
2388 2392 2699 2458 acerbitate,
2743 2408 2865 2448 cum
2904 2394 3062 2447 alicui
3094 2395 3353 2450 adversus
3379 2411 3532 2450 suum
3565 2412 3735 2451 mem-

2156 2485 2309 2539 hrum
2332 2496 2414 2540 est
2439 2485 2740 2542 dissidium.
2775 2488 2947 2557 Atque
2977 2486 3203 2556 diligere
3230 2488 3447 2558 quidem
3476 2496 3563 2542 est
3588 2490 3734 2542 viro-

2153 2595 2310 2641 rmn,
2366 2578 2577 2634 illarum
2631 2594 2759 2634 vero
2808 2579 3023 2634 cedere.
3082 2580 3137 2635 Si
3191 2595 3320 2650 ergo
3371 2580 3736 2649 unusquisque

2151 2669 2294 2739 quod
2315 2685 2467 2723 suum
2494 2680 2578 2724 est
2602 2669 2813 2733 afferat,
2843 2680 2987 2724 stant
3009 2670 3188 2725 omnia
3219 2673 3367 2725 lirma
3403 2680 3459 2724 et
3497 2671 3730 2724 stabilia.

2153 2764 2227 2817 Ex
2256 2778 2322 2818 co
2351 2762 2494 2817 enim
2520 2762 2662 2832 quod
2688 2763 2958 2831 diligatur,
2988 2764 3046 2816 lit
3074 2764 3268 2817 mulier
3290 2763 3460 2817 amica
3484 2771 3539 2817 et
3567 2763 3730 2816 bene-

2151 2856 2306 2919 vola;
2340 2870 2404 2908 ex
2431 2870 2496 2909 eo
2525 2863 2704 2909 autem
2732 2854 2874 2924 quod
2897 2856 2966 2908 sit
2996 2855 3230 2918 subdita,
3271 2856 3353 2907 vir
3394 2852 3451 2908 lit
3493 2852 3639 2908 mitis
3676 2862 3732 2907 et

2151 2947 2408 3001 clemens.
2442 2946 2576 3001 Vide
2596 2956 2775 3002 autem
2806 2946 2949 3015 quod
2973 2946 3074 3001 hoc
3098 2961 3311 3016 quoque
3339 2955 3530 3000 natura
3555 2945 3634 3000 sic
3659 2946 3730 2998 sit

2150 3049 2538 3109 comparatum,
2579 3046 2640 3092 ut
2680 3037 2762 3091 vir
2798 3038 3013 3108 quidem
3055 3037 3263 3106 diligat,
3305 3036 3501 3090 mulier
3542 3044 3722 3089 autem

2149 3128 2380 3184 obediat.
2416 3128 2544 3184 Nam
2572 3129 2789 3196 quando
2818 3130 2861 3182 is
2891 3130 2980 3199 qui
3003 3128 3252 3196 imperat.
3282 3127 3453 3196 diligit
3483 3141 3607 3180 eum
3636 3126 3728 3194 qui

2151 3230 2299 3289 paret
2322 3221 2569 3290 imperio,
2594 3228 2720 3275 tunc
2743 3221 3043 3274 consistunt
3068 3221 3266 3274 omnia.
3295 3218 3411 3273 Non
3435 3226 3541 3271 tant
3567 3219 3635 3271 ab
3660 3234 3728 3270 eo

2149 3315 2237 3383 qui
2268 3322 2417 3384 paret
2456 3314 2713 3383 quaeritur
2740 3313 2980 3378 dilectio,
3012 3327 3169 3381 quam
3198 3311 3265 3365 ab
3286 3324 3353 3364 eo
3382 3310 3473 3379 qui
3501 3310 3730 3379 imperat

2150 3420 2273 3475 erga
2317 3421 2438 3458 eum
2469 3404 2560 3473 qui
2604 3412 2793 3472 paret:
2839 3402 2908 3456 ab
2953 3402 3045 3456 illo
3089 3402 3231 3456 enim
3275 3410 3360 3455 est
3400 3400 3726 3455 obedientia.

2147 3496 2281 3551 Nam
2311 3494 2451 3564 quod
2483 3495 2691 3548 mulieri
2723 3506 2806 3547 cst
2833 3492 3198 3562 pulchritudo,
3230 3492 3347 3547 viro
3367 3502 3546 3548 autem
3574 3492 3728 3560 cupi-

2147 3586 2284 3641 ditas
2317 3594 2371 3640 et
2409 3583 2755 3648 desiderium,
2789 3584 2919 3638 nihil
2945 3583 3089 3638 aliud
3118 3583 3356 3638 ostendit
3383 3598 3543 3653 quam
3570 3582 3723 3653 quod

2147 3678 2226 3733 sic
2252 3677 2343 3731 ﬁat
2372 3685 2587 3746 propter
2615 3676 2979 3731 dilectionem.
3016 3675 3094 3730 Ne
3130 3690 3280 3745 ergo,
3312 3675 3564 3744 quoniam
3592 3673 3724 3728 sub-

2142 3771 2281 3840 jecta
2303 3779 2386 3825 est
2408 3769 2618 3832 mulier,
2647 3768 2723 3823 sis
2750 3768 3015 3833 insolens;
3048 3782 3221 3837 neque
3251 3777 3328 3829 tu,
3360 3767 3611 3836 quoniam
3639 3766 3724 3819 vir

2146 3861 2338 3931 diligit,
2372 3860 2688 3914 iutumcsce.
2720 3857 2906 3928 Neque
2932 3858 3030 3911 viri
3061 3857 3293 3912 amicitia
3335 3857 3557 3913 extollat
3607 3872 3726 3911 mu-

2146 3951 2370 4018 lierem;
2416 3965 2589 4018 neque
2627 3950 2866 4003 mulieris
2902 3949 3162 4018 subjectio
3189 3948 3335 4004 inllet
3363 3950 3557 4006 virum.
3586 3949 3725 4003 Pro-

2148 4054 2327 4111 pterea
2373 4042 2465 4096 tibi
2502 4057 2619 4096 eam
2657 4040 2902 4110 subjecit,
2949 4055 2983 4093 ο
3026 4040 3126 4105 vir,
3170 4051 3226 4094 ut
3270 4043 3441 4110 magis
3477 4051 3722 4097 ametur:

2146 4144 2426 4202 pmpterea
2455 4141 2504 4185 te
2532 4130 2658 4186 fecit
2699 4131 2888 4194 amari,
2938 4145 2972 4183 o
3022 4131 3234 4195 mulier,
3281 4140 3337 4183 ut
3380 4131 3536 4185 facile
3575 4130 3718 4186 feras

2144 4225 2286 4293 quod
2316 4227 2391 4278 sis
2424 4221 2681 4292 subjecta.
2711 4221 2789 4277 Ne
2820 4223 3009 4275 timeas
3051 4221 3194 4290 quod
3236 4223 3310 4277 sis
3356 4224 3626 4292 subjecta;
3673 4225 3724 4279 ei

2145 4318 2286 4372 enim
2329 4317 2419 4385 qui
2464 4323 2610 4370 amat
2649 4328 2768 4369 esse
2807 4313 3125 4383 subjectum,
3164 4313 3364 4368 nullam
3399 4315 3559 4369 habet
3584 4314 3725 4368 diffi-

2143 4407 2446 4461 cultatem:
2497 4420 2563 4459 ne
2618 4405 2806 4458 timeas
2858 4417 3085 4468 amans;
3141 4402 3308 4457 habes
3354 4405 3496 4458 enim
3552 4404 3721 4472 ipsam

2144 4498 2444 4553 cedentem.
2495 4495 2610 4550 Non
2654 4497 2787 4551 alias
2831 4511 2961 4565 ergo
3004 4503 3148 4550 esset
3197 4495 3490 4549 vinculum.
3548 4495 3724 4549 llahes

2146 4588 2505 4645 necessarium
2551 4602 2581 4641 a
2629 4597 2815 4642 natura
2866 4588 3188 4657 imperium;
3233 4586 3368 4641 habe
3409 4586 3569 4640 etiam
3610 4587 3725 4640 viu-

2142 4680 2321 4734 culum
2354 4679 2494 4748 quod
2541 4689 2618 4734 est
2649 4695 2714 4735 ex
2743 4680 2964 4733 caritate
2991 4697 3004 4732 :
3037 4695 3154 4734 eam
3184 4679 3326 4733 enim
3356 4693 3475 4748 qua:
3505 4686 3587 4733 est
3618 4678 3721 4730 im—

2143 4770 2407 4836 becillior,
2436 4771 2561 4824 sinit
2592 4788 2713 4825 esse
2742 4771 3098 4826 tolerabilem.
3130 4769 3278 4835 Filii,
3313 4769 3507 4823 obedite
3536 4784 3719 4838 parcn-

2142 4864 2272 4918 tibtts
2312 4880 2400 4933 per
2428 4865 2637 4916 omnia:
2679 4863 2772 4916 hoc
2801 4864 2934 4918 enim
2974 4864 3219 4931 placitum
3261 4870 3333 4914 est
3377 4862 3433 4913 in
3478 4860 3719 4913 Domino.

2142 4957 2347 5011 Rursus
2370 4957 2562 5025 posuit,
2590 4954 2657 5009 In
2678 4954 2917 5018 Domino,
2941 4963 2993 5007 ct
3016 4954 3157 5022 leges
3177 4952 3354 5005 ferens
3373 4951 3713 5015 obedientiac,

2141 5058 2195 5103 ct
2241 5049 2499 5119 pttdorcm
2553 5047 2837 5110 incutiens,
2900 5061 2963 5100 ac
3015 5045 3343 5112 deprimens.
3402 5043 3516 5098 Hoc
3564 5045 3717 5109 enim,

2141 5140 2334 5209 inquit,
2382 5149 2453 5193 est
2502 5140 2745 5207 placitum
2786 5136 3024 5190 Domino.
3066 5136 3196 5189 Vide
3219 5136 3488 5204 quomodo
3514 5151 3618 5190 non
3650 5151 3717 5190 ex

2141 5232 2254 5285 Sola
2301 5240 2511 5287 natura.
2562 5229 2654 5281 sed
2696 5239 2819 5281 ante
2865 5244 2981 5281 eam
3009 5242 3076 5280 ex
3110 5227 3174 5279 iis
3200 5243 3319 5296 quae
3349 5228 3456 5281 Deo
3484 5227 3717 5296 placent,

2140 5322 2252 5374 vult
2283 5335 2381 5373 nos
2406 5319 2583 5370 omnia
2607 5333 2785 5384 agere,
2808 5317 3044 5370 utetiam
3074 5317 3374 5372 mercedem
3404 5316 3715 5372 habeamus.

2142 5410 2341 5474 Patres,
2380 5408 2535 5461 nolite
2573 5409 2639 5460 ad
2681 5406 2997 5460 iracundiam
3036 5423 3309 5475 provocare
3337 5407 3473 5475 ﬁlios
3505 5418 3714 5471 vestros,

2141 5514 2193 5555 ut
2225 5521 2326 5557 non
2353 5501 2540 5571 pusillo
2568 5502 2736 5553 animo
2774 5502 2920 5569 fiant.
2963 5501 3100 5555 Ecce
3143 5500 3231 5555 hic
3274 5517 3487 5571 quoque
3531 5517 3718 5556 rursus

2140 5605 2220 5649 est
2249 5593 2510 5662 subjectio
2539 5603 2590 5646 ct
2620 5607 2790 5646 amor.
2825 5592 2891 5646 Et
2943 5606 3048 5646 non
3080 5592 3235 5658 dixit,
3278 5592 3487 5662 Diligite
3535 5592 3715 5659 ﬁlios;

2140 5696 2284 5743 esset
2325 5688 2466 5741 enim
2507 5700 2997 5751 supervacaneum;
3046 5686 3158 5754 ipsa
3203 5686 3400 5757 quippe
3438 5688 3582 5758 cogit
3616 5704 3715 5741 na-

2140 5795 2284 5846 tura;
2319 5778 2411 5836 scd
2441 5780 2671 5835 correxit
2697 5778 2838 5851 quod
2870 5779 3122 5851 oportuit,
3158 5781 3300 5854 quod
3325 5789 3380 5838 ct
3418 5797 3569 5839 amor
3618 5782 3704 5838 hic
