4026 6148
487 348 601 406 367

505 471 600 537 Τίς
625 469 800 526 ἐστιν
836 471 906 537 ἐξ
952 464 1121 543 ὑμῶν
1148 471 1483 542 ἄνθρωπος,
1515 474 1590 529 ὃν
1632 474 1745 529 ἐὰν
1794 475 2016 544 αἰτήσῃ
2047 479 2080 530 ὀ

500 559 634 625 υίὸς
686 558 888 629 ἄρτον,
918 560 1005 630 μὴ
1044 561 1222 616 ,λίθον
1263 560 1549 616 ἐπιδώσει
1588 563 1792 630 uinci);
1826 565 1925 618 καὶ
1968 565 2091 625 ἐὰν,

507 649 526 701 ι
528 647 681 716 χθὺν
693 648 934 716 αἰτήσῃ,
954 647 1040 717 μὴ
1057 646 1199 718 ὄφιν
1214 648 1494 703 ἐπιδώσει
1516 649 1711 717 αὐτῷε
1725 680 1797 691 —-
1813 654 1880 705 Οί
1895 651 2076 705 πατέο

495 750 624 803 ρες,
644 734 732 803 μὴ
751 733 1031 802 ἐρεθίζετε
1062 736 1135 790 τὰ
1163 735 1348 791 τέκνα
1367 737 1558 807 ὑμῶν,
1597 738 1700 791 ἵνα
1729 738 1816 807 μὴ
1846 737 2079 809 ἀθυμῶη

506 835 628 874 σιν.
666 822 730 874 '0
761 821 997 893 μάλιστα
1036 823 1236 887 αὐτοὺς
1274 823 1393 894 ᾔδει
1423 823 1649 878 δυνατὸν
1679 824 1886 886 δακεῖν,
1920 825 2078 879 τοῦτο

503 908 736 974 τέθεικε,
784 909 881 962 καὶ
917 908 1280 983 φιλικώτερον
1324 907 1478 964 εἶπεν
1532 912 1840 966 ἐπιτάττων
1866 912 2075 978 αὐτοῖς,

504 997 596 1049 καὶ
627 994 864 1067 οὐδαμοῦ
902 998 997 1051 τὸν
1028 998 1164 1052 Θεὸν
1198 998 1450 1068 τίθησινο
1498 999 1769 1053 ἐπέκλασε
1809 1000 1919 1071 γὰρ
1950 1002 2080 1064 τοὺς

502 1080 718 1150 γονέας,
747 1084 848 1137 καὶ
878 1083 1232 1154 κατέκαμψεν
1260 1084 1442 1139 αὐτῶν
1472 1086 1541 1139 τὰ
1570 1086 1875 1157 σπλάγχνα.
1903 1088 1978 1140 Τὸ
1995 1087 2074 1149 δὲ,

502 1168 600 1237 Μὴ
630 1168 933 1239 ἐρεθίζετε,
963 1170 1123 1224 τοῦτό
1166 1173 1305 1237 ἐστι,
1333 1172 1426 1242 Μὴ
1478 1172 1948 1244 φιλονεικοτέρους
1980 1176 2079 1228 αὑ-

504 1255 632 1318 τοὺς
694 1258 902 1309 ποιεῖτε
925 1272 940 1286 ο
981 1255 1130 1312 ἐστιν
1174 1258 1311 1311 ὅπου
1367 1259 1463 1313 καὶ
1507 1263 1810 1330 συγχωρεῖν
1866 1260 2080 1329 ὀφείλε-

505 1357 586 1394 τε.
633 1335 772 1396 Εἶτα
819 1343 913 1396 ἐπὶ
978 1343 1169 1416 τρίτην
1229 1340 1396 1415 ἦλθεν
1434 1346 1644 1419 ἀρχὴν,
1703 1350 1769 1402 Οἱ
1828 1347 2077 1413 δοῦλοι,

506 1425 706 1495 λέγων,
740 1431 1078 1484 ὑπακούετε
1103 1431 1230 1496 τοῖς
1255 1434 1405 1486 κατὰ
1426 1434 1626 1500 σάρκα
1661 1435 1913 1502 κυρίοις.
1957 1435 2080 1488 Ἑν-

509 1514 684 1568 ταῦθα
720 1515 837 1569 ἐστι
873 1517 972 1587 μέν
990 1535 1043 1571 τι
1071 1519 1166 1571 καὶ
1204 1518 1443 1589 φίλτρον,
1475 1519 1590 1573 ἀλλ’
1611 1521 1798 1575 οὐκέτι
1828 1522 2078 1591 φυσικὸν,

510 1604 764 1676 καθάπερ
799 1606 931 1672 ἀνω,
969 1607 1107 1661 ἀλλά
1145 1607 1456 1677 συνηθείας,
1489 1610 1584 1663 καὶ
1621 1609 1716 1664 ἀπ’
1764 1610 1934 1680 αὐτῆς
1982 1611 2082 1681 τῆς

508 1693 702 1763 ἀρχῆς,
745 1695 838 1747 καὶ
864 1693 972 1748 ἀπὸ
1012 1694 1119 1748 τῶν
1148 1694 1344 1765 ἔργων.
1395 1697 1550 1751 Ἐπεὶ
1600 1693 1695 1751 οῦν
1741 1697 1977 1750 ἐνταῦθα
2021 1697 2082 1750 τὸ

512 1779 611 1848 μὲν
639 1778 733 1832 τοῦ
782 1779 1004 1850 φίλτρου
1057 1781 1455 1853 ὑποτέτμηται,
1501 1783 1564 1836 τὸ
1593 1783 1649 1837 δὲ
1682 1784 1782 1854 τῆς
1836 1784 2084 1855 ὑπακοῆς

509 1864 848 1930 ἐπιτέταται,
886 1865 1065 1937 τούτῳ
1092 1867 1443 1939 ἐνδιατρίϐει,
1490 1868 1832 1939 βουλόμενος,
1866 1871 2005 1939 ὅπερ
2033 1870 2081 1924 οἱ

511 1950 720 2020 πρῶτοι
751 1952 968 2023 ἔχουσιν
993 1955 1102 2009 ἀπὸ
1139 1951 1241 2022 τῆς
1274 1955 1515 2026 φύσεως,
1548 1955 1706 2010 τοῦτο
1742 1958 1927 2011 δοῦναι
1957 1956 2083 2011 τού-

510 2053 626 2101 τοις
655 2040 763 2092 ἀπὸ
794 2041 895 2110 τῆς
925 2040 1194 2113 ὑπακοῆς.
1236 2043 1425 2109 Ὥστε,
1439 2044 1538 2114 οὐχ
1572 2045 1714 2116 ὑπὲρ
1747 2044 1858 2099 τῶν
1891 2045 2085 2100 δεσπο-

510 2124 620 2176 τῶν
648 2128 758 2189 τοῖς
791 2127 1031 2191 οἰκέταις
1062 2129 1243 2198 μόνοις
1276 2130 1608 2198 διαλέγεται,
1638 2131 1779 2185 ἀλλά
1807 2133 1905 2185 καὶ
1939 2133 2083 2205 ὑπὲρ

514 2209 716 2275 αὐτῶν,
748 2210 835 2265 ἵνα
869 2210 1150 2277 ποθεινοὺς
1186 2216 1415 2280 ἑαυτοὺς
1469 2216 1813 2288 ἐργάζωνται
1844 2221 1956 2280 τοῖς
1999 2220 2083 2274 63-

518 2298 764 2362 σπόταις.
806 2300 943 2353 Ἀλλ’
992 2301 1052 2355 οὐ
1092 2302 1272 2373 τίθησι
1306 2302 1463 2357 τοῦτο
1487 2305 1737 2376 φανερῶς
1760 2322 1776 2337 ⁸
1808 2303 1844 2380 ἦ
1884 2308 1992 2380 γάρ
2018 2307 2088 2363 ἀν

518 2385 742 2449 ὑπτίους
781 2387 981 2452 αὐτοὺς
1040 2390 1320 2459 ἐποίησεν.
1354 2393 1418 2445 Οἱ
1465 2390 1695 2459 δοῦλοι,
1737 2396 1921 2465 φησὶν,
1975 2398 2088 2451 ὐπ-

514 2473 764 2526 ακούετε
787 2474 937 2528 κατὰ
958 2475 1154 2529 πάντα
1192 2476 1317 2542 τοῖς
1340 2483 1489 2531 κατὰ
1517 2478 1716 2545 σάρκα
1742 2483 1991 2550 κυρίοις.

587 2559 654 2628 β’.
675 2561 784 2614 Καὶ
800 2562 901 2632 ὅρα
918 2561 1034 2624 πῶς
1050 2562 1137 2616 ἀεὶ
1149 2563 1216 2616 τὰ
1232 2564 1469 2634 ὀνόματα
1483 2565 1685 2636 τίθησι,
1704 2571 2088 2637 γυναῖκες,τά

512 2643 716 2708 τέκνα,
735 2649 789 2700 οί
810 2647 1041 2713 δοῦλοι,
1070 2650 1146 2713 ὡς
1171 2650 1445 2722 δικαίωμα
1465 2652 1560 2704 τοῦ
1592 2654 1912 2711 ὑπακούειν.
1947 2657 2086 2711 Ἀλλ’

512 2732 601 2786 ἵνα
629 2733 706 2804 μὴ
727 2734 963 2808 ἁλγήσῃ,
993 2739 1240 2807 ἐπήγαγε
1259 2752 1274 2767 ·
1299 2738 1427 2804 Τοῖς
1444 2740 1595 2794 κατὰ
1617 2741 1815 2810 σάρκα
1835 2745 2087 2812 κυρίοις.

513 2821 591 2873 Τὸ
632 2823 879 2891 κρεῖττόν
911 2840 1006 2877 σου
1035 2826 1068 2894 ἠ
1098 2826 1246 2895 ψυχὴ
1293 2826 1676 2898 ἐλευθέρωται,
1708 2830 1871 2901 φησί’
1915 2833 2085 2903 πρόσ-

514 2925 708 2979 καιρος
736 2912 770 2980 ἡ
806 2909 1043 2965 δουλεία.
1099 2913 1308 2966 Ἐκεῖνο
1335 2913 1516 2967 τοίνυν
1546 2916 1835 2982 ὑπόταξον,
1866 2918 1952 2973 ἵνα
1984 2937 2090 2991 μη-

516 2996 638 3049 κέτι
653 2996 947 3071 ἀνάγκηςῇ
971 3001 1004 3071 ἡ
1028 2999 1262 3055 δουλεία.
1284 3001 1378 3069 Μὴ
1402 3002 1472 3055 ἐν
1490 3002 2086 3074 ὀφθαλμοδουλείαις,

515 3084 602 3150 ὡς
628 3086 1129 3155 ἀνθρωπάρεσκοι.
1164 3089 1418 3160 Ποίησον,
1444 3091 1597 3160 φησὶ,
1629 3090 1725 3162 τὴν
1752 3092 1862 3146 ἀπὸ
1885 3092 1978 3147 τοῦ
2005 3095 2090 3147 νό-

520 3189 629 3242 μου
661 3173 906 3229 δουλείαν
941 3176 1050 3231 ἀπὸ
1093 3175 1188 3230 τοῦ
1220 3177 1387 3247 φόϐου
1418 3178 1665 3247 γίνεσθαι
1696 3178 1791 3232 τοῦ
1829 3181 2088 3252 Χριστοῦ.

514 3258 638 3313 Κᾶν
666 3260 772 3333 γάρ
803 3264 877 3333 μὴ
904 3262 1138 3333 ὁρῶντος
1167 3263 1373 3318 ἐκείνου
1406 3266 1650 3337 πράττῃς
1679 3265 1748 3319 τά
1780 3265 1967 3322 δέοντα
2001 3268 2094 3322 καὶ

510 3347 587 3400 τά
618 3349 756 3420 πρὸς
786 3350 952 3422 τιμὴν
980 3350 1073 3405 τοῦ
1104 3351 1388 3416 δεσπότου,
1417 3351 1658 3423 δηλονότι
1691 3352 1778 3407 διὰ
1818 3354 1909 3408 τὸν
1937 3355 2095 3408 ἀκοί-

516 3453 694 3508 μητον
717 3439 997 3510 ὀφθαλμὸν
1018 3444 1211 3504 ποιεῖς.
1237 3440 1334 3509 Μὴ
1358 3442 1484 3494 κατ’
1512 3441 2090 3511 ὀφθαλμοδουλείαν,

516 3526 710 3593 φησὶν,
742 3526 823 3592 ὡς
846 3526 1358 3595 ἀνθρωπάρεσκοι.
1380 3528 1543 3581 Ὥστε
1571 3528 1730 3598 ὑμεῖς
1757 3528 1855 3601 τὴν
1890 3529 2095 3602 βλάϐην

519 3611 921 3682 ὐποστήσεσθε.
969 3614 1170 3667 Ἀκουε
1200 3614 1308 3685 γὰρ
1333 3614 1428 3667 τοῦ
1473 3614 1763 3687 Προφήτου
1806 3615 2091 3687 λέγοντος·

522 3700 921 3765 Διεσκόρπισε
957 3701 1172 3769 Κύριος
1200 3700 1349 3757 ὀστᾶ
1381 3702 1921 3772 ἀνθρωπαρέσκων.
1954 3707 2095 3778 Ὅρα

523 3783 709 3835 τοίνυν
740 3785 856 3849 πῶς
903 3787 1083 3842 αὐτῶν
1134 3788 1390 3857 φείδεται,
1427 3790 1524 3844 καὶ
1572 3792 1767 3855 αὐτοὺς
1819 3792 2092 3865 ῥυθμίζει.

539 3870 697 3924 Ἀλλ’
730 3872 801 3927 ἐν
845 3876 1157 3944 ἁπλότητι,
1199 3877 1351 3949 φησὶ,
1411 3878 1683 3947 καρδίας,
1741 3882 2098 3950 φοϐούμενοι

522 3957 641 4011 τὸν
662 3962 826 4015 Θεόν.
869 3963 1072 4016 Ἐκεῖνο
1101 3965 1209 4035 γὰρ
1229 3965 1325 4035 οὐχ
1349 3966 1610 4036 ἁπλότης,
1638 3968 1753 4021 ἀλλ’
1784 3968 2095 4038 ὑπόκρισις,

518 4047 715 4119 ἕτερον
735 4050 878 4122 ἔχειν
899 4065 924 4093 ιι
949 4055 1041 4106 καὶ
1066 4054 1251 4124 ἕτερον
1278 4058 1450 4108 ποιεῖν
1469 4072 1482 4087 ·
1511 4056 1669 4111 ἀλλον
1704 4056 1804 4127 μὲν
1832 4058 2100 4126 παρόντος

515 4138 816 4203 φαίνεσθαι
850 4140 941 4193 τοῦ
976 4140 1257 4206 δεσπότου,
1301 4142 1461 4196 ἀλλον
1489 4143 1548 4196 δὲ
1595 4144 2099 4208 ἀπόντος.⁸οὐκοῦν

510 4225 620 4296 οὐχ
648 4226 834 4291 ἁπλῶς
861 4224 1015 4281 εἶπεν
1037 4247 1050 4259 ·
1069 4229 1173 4284 Ἐν
1203 4231 1491 4296 ἁπλότητι
1514 4234 1779 4299 καρδίας,
1803 4232 1959 4296 ἀλλὰ,
1987 4237 2099 4287 Φο-

513 4313 805 4381 ϐοὐμειυι
839 4314 944 4368 τὸν
971 4317 1140 4373 Θεόν.
1186 4317 1358 4370 Τοῦτο
1389 4317 1499 4388 γάρ
1531 4319 1648 4371 ὲστι
1686 4319 1970 4387 φοϐεῖσθαι
2009 4321 2101 4374 τὸν

512 4402 682 4464 Θεὸν,
704 4405 833 4455 ὅταν
862 4405 1088 4475 μηδενὸς
1103 4406 1358 4478 ὁρῶντος,
1389 4407 1558 4477 μηδὲν
1590 4409 1918 4479 πράττωμεν
1940 4426 2101 4480 πονη-

520 4489 659 4558 ρόν·
703 4490 766 4542 ἂν
808 4492 864 4544 δὲ
904 4493 1256 4565 πράττοιμεν,
1288 4493 1410 4564 οὐχὶ
1451 4495 1544 4547 τὸν
1596 4495 1748 4559 Θεὸν,
1791 4496 1928 4550 ἀλλά
1974 4499 2101 4560 τοὺς

517 4577 628 4627 ἀνθ
640 4575 853 4645 ρώπους
878 4580 1209 4651 φοϐούμεθα.
1254 4582 1416 4652 Ὁρᾷς
1445 4582 1526 4634 ὅτι
1552 4580 1792 4644 ἐκείνους
1822 4582 2100 4653 ρυθμίζει;

518 4663 648 4715 Πᾶν
673 4663 700 4716 ὃ
733 4680 784 4716 τι
816 4665 881 4718 ἂν
914 4668 1126 4734 ποιῆτε,
1159 4669 1344 4738 φησὶν,
1380 4670 1444 4722 ἐκ
1470 4668 1646 4738 ψυχῆς
1679 4668 2000 4737 ἐργάζεσθε,
2027 4669 2103 4733 ὼς

514 4750 604 4819 τῷ
640 4752 851 4821 Κυρίῳ,
876 4757 967 4807 καὶ
986 4755 1084 4808 οὐκ
1108 4755 1438 4826 ἀνθρώποις.
1458 4757 1532 4809 Οὐ
1559 4757 1720 4825 μόνον
1739 4756 2099 4827 ὑποκρίσεως,

516 4839 672 4892 ἀλλὰ
705 4841 798 4892 καὶ
826 4841 1023 4911 ἀργίας
1041 4843 1235 4906 αὐτοὺς
1253 4843 1594 4913 ἀπηλλάχθαι
1617 4843 1882 4912 βούλεται.
1923 4844 2104 4897 Ἐλευ-

514 4928 729 4997 θέρους
758 4929 956 4991 αὐτοὺς
988 4930 1242 5000 ἐποίησεν
1276 4931 1398 4983 ἀντὶ
1424 4929 1647 4994 δούλων,
1680 4931 1808 4983 ὅταν
1841 4931 1916 5001 μὴ
1942 4930 2102 4982 δέων-

510 5034 616 5068 ται
657 5016 813 5088 [598]
862 5019 960 5087 τῆς
1000 5018 1110 5072 τῶν
1155 5019 1432 5072 δεσποτῶν
1480 5018 1832 5082 ἐπιστασίας·
1874 5020 1935 5071 τὸ
1972 5018 2102 5088 γὰρ,

527 5106 637 5157 Ἐκ
674 5104 907 5173 ψυχῆς,
944 5106 1101 5159 τοῦτό
1139 5108 1278 5170 ἐστι,
1315 5107 1375 5161 τὺ
1413 5108 1529 5178 μετ’
1562 5106 1794 5170 εὐνοίας,
1847 5106 1921 5176 μὴ
1966 5107 2108 5176 μετά

510 5192 793 5260 δουλικῆς
820 5193 1084 5263 ἀνάγκης,
1123 5194 1260 5247 ἀλλά
1295 5196 1410 5263 μετ’
1445 5193 1755 5265 ἐλευθερίας
1785 5193 1881 5246 καὶ
1910 5209 2107 5263 προαι-

465 5284 479 5331 ἰ
513 5281 769 5350 ρέσεως.
799 5281 909 5333 Καὶ
940 5281 1023 5344 τίς
1048 5284 1076 5334 ὁ
1106 5281 1331 5352 μισθός;
1358 5283 1618 5348 Είδότες,
1653 5282 1838 5351 φησὶν,
1872 5279 1962 5333 ὅτι
1990 5277 2108 5332 ἀπὸ

510 5366 762 5434 Κυρίου
785 5366 1065 5435 λήψεσθε
1101 5368 1217 5435 τὴν
1246 5370 1659 5423 ἀνταπόδοσιν
1684 5365 1791 5433 τῆς
1818 5371 2112 5432 κληρονο-

504 5457 669 5524 μίας
694 5451 889 5519 ἡμῶν
916 5454 994 5519 τῷ
1020 5456 1127 5525 γὰρ
1156 5457 1348 5523 Κυρίῳ
1366 5454 1738 5509 δουλεύετει).
1759 5453 1966 5506 Οὐκοῦν
1984 5451 2109 5522 παρ’

511 5539 701 5597 αὐτοῦ
744 5539 908 5610 δῆλον
946 5540 1033 5593 ὅτι
1087 5541 1322 5613 λήψεσθε
1355 5543 1448 5594 τὸν
1502 5541 1711 5613 μισθόν.
1756 5540 1866 5594 Καὶ
1908 5540 1991 5592 ὅτι
2034 5538 2112 5608 τῷ

582 5699 611 5728 8
652 5684 742 5732 Ἰῖν
768 5686 834 5743 Vt?)
860 5683 1018 5747 ἓχεινῩ

582 5752 614 5793 b
642 5748 768 5807 Reg
810 5744 1075 5796 δουλεύετε.
1103 5749 1195 5797 Καὶ
1222 5749 1309 5812 γὰρ
1330 5749 1436 5811 παρ’
1460 5744 1625 5797 αὐτοῦ.

1436 349 1507 408 IN
1546 350 1766 410 EPKST.
1804 352 1896 409 AD
1933 348 2220 410 COLOSS.
2260 355 2414 412 CAP.
2456 352 2547 411 IV.
2609 352 2843 411 HOMIL.
2870 351 2944 410 Χ.

3642 359 3751 417 368

2174 476 2365 548 Κυρίῳ
2397 475 2699 542 δουλεύετε,
2729 475 2888 545 δῆλον
2931 475 2994 528 ἐκ
3035 471 3247 529 τούτου.
3282 471 3348 527 '0
3392 470 3463 528 δὲ
3504 473 3752 542 ἀδικῶν,

2174 564 2332 632 φησὶ,
2374 563 2683 643 κομίσεται
2712 562 2744 616 ὃ
2777 561 3093 630 ἠδίκησεν.
3127 558 3396 613 Ἐνταῦθα
3430 557 3642 630 βεϐαιοῖ
3661 561 3753 614 τὸν

2174 651 2442 723 πρότερον
2471 651 2655 719 λόγον.
2685 649 2806 704 Ἵνα
2836 650 2946 719 γάρ
2989 648 3065 721 μὴ
3105 647 3233 720 δόξῃ
3284 647 3576 711 κολακείας
3609 643 3752 702 εἶναι

2173 738 2242 792 τὰ
2279 739 2520 808 ῥήματα,
2552 735 2840 806 Λήψεται,
2880 736 3067 806 φησὶν,
3093 734 3125 789 ὃ
3148 734 3406 803 ἠδίκησε
3426 751 3440 764 ·
3480 732 3749 797 τουτέστι,

2175 825 2270 879 καὶ
2305 824 2579 894 τιμωρίαν
2611 823 2826 877 δίδωσιν
2851 837 2866 852 ⁸
2906 824 2988 877 οὐ
3019 821 3129 892 γὰρ
3166 823 3300 877 ἐστι
3352 822 3752 889 προσωπολη-
3818 826 3843 833 “

2174 914 2290 985 ψια
2318 915 2479 981 παρὰ
2505 910 2584 979 τῷ
2621 912 2765 977 Θεῷ.
2799 912 2865 965 Τί
2908 911 3037 982 γὰρ,
3095 911 3144 964 εί
3190 909 3379 974 δοῦλος
3407 904 3493 974 εἷς
3529 908 3630 961 οὐκ
3667 908 3755 961 αῖ·-

2179 1001 2372 1074 σχύνῃ.
2406 1000 2517 1054 Καὶ
2574 1000 2681 1071 μὴν
2710 999 2868 1053 τοῦτο
2922 997 3061 1067 πρὸς
3092 1007 3115 1036 ο
3165 998 3293 1061 τοὺς
3345 995 3611 1057 δεσπότας
3644 994 3753 1047 ἔδει

2177 1090 2373 1150 εἰπεῖν,
2413 1087 2604 1159 ὥσπερ
2634 1087 2728 1140 καὶ
2757 1088 2814 1139 ἐν
2849 1088 2914 1155 τῇ
2946 1085 3085 1154 πρὸς
3133 1082 3438 1151 Ἐφεσίους.
3489 1081 3630 1135 Ἀλλ’
3661 1083 3749 1134 ἐν·-

2176 1174 2352 1231 ταῦθά
2374 1192 2464 1246 μοι
2490 1175 2639 1229 δοκεῖ
2656 1175 2781 1237 τοὺς
2805 1173 3079 1238 ’Έλληνας
3111 1171 3444 1223 αίνίττεσθαι
3464 1168 3748 1231 δεσπότας.

2177 1263 2244 1316 Τί
2273 1262 2403 1333 γάρ,
2445 1264 2495 1315 εί
2533 1264 2742 1323 ἐκεῖνος
2795 1260 2893 1329 μὲν
2929 1258 3152 1327 Ἕλλην,
3191 1257 3254 1310 σὺ
3293 1255 3351 1309 δέ
3394 1256 3749 1325 Χριστιανόςς
3800 1286 3805 1291 ~

2179 1352 2256 1404 Οὐ
2310 1351 2383 1405 τά
2433 1350 2724 1420 πρόσωπα,
2769 1346 2905 1400 ἀλλά
2948 1345 3016 1399 τὰ
3063 1344 3365 1413 πράγματα
3417 1341 3750 1407 ἐξετάζεται.

2179 1440 2346 1494 Ὥστε
2386 1439 2480 1494 κα)⁸
2507 1437 2650 1492 οὕτω
2691 1436 2806 1507 μετ’
2824 1434 3059 1497 εὐνοίας.
3088 1433 3184 1486 καὶ
3212 1433 3276 1484 ἐκ
3309 1429 3490 1501 ψυχῆς
3521 1430 3604 1482 δεῖ
3630 1429 3753 1482 δου-

2176 1526 2373 1583 λεύειν.
2402 1530 2465 1581 οι
2495 1526 2707 1593 κύριοι,
2742 1522 2809 1576 τὸ
2839 1522 3076 1575 δίκαιον
3092 1518 3193 1573 καί
3211 1517 3327 1587 τὴν
3357 1518 3605 1585 ἰσότητα
3628 1515 3756 1583 τοῖς

2179 1616 2426 1682 δούλοις
2455 1613 2809 1683 παρέχεσθε.
2855 1609 2922 1661 Τί
2959 1608 3016 1662 δέ
3046 1611 3161 1661 ἐστι
3205 1606 3268 1660 τὸ
3310 1604 3583 1668 δίκαιον;
3609 1603 3664 1657 τί
3696 1602 3754 1656 δέ

2179 1704 2328 1756 ἐστιν
2352 1703 2595 1767 ίσότης;
2618 1698 2846 1754 Πάντων
2883 1696 2941 1748 ἐν
2970 1693 3204 1765 ἀφθονίᾳ
3236 1692 3525 1761 καθιστᾷν,
3554 1691 3651 1746 καὶ
3679 1689 3756 1761 μὴ

2179 1791 2276 1862 ἐᾷν
2324 1790 2525 1860 ἐτέρων
2557 1786 2789 1848 δεῖσθαι,
2839 1784 2976 1838 ἀλλά
3025 1779 3350 1852 ἀμείϐεσθαι
3400 1780 3597 1843 αὐτοὺς
3644 1778 3756 1830 τῶν

2182 1876 2382 1932 πόνων.
2410 1874 2503 1947 Μὴ
2537 1874 2666 1945 γάρ,
2696 1871 2883 1942 ἐπειδὴ
2914 1866 3089 1932 εἷπον,
3113 1869 3195 1922 ὅτι
3228 1866 3380 1939 παρά
3403 1864 3539 1919 Θεοῦ
3570 1864 3756 1935 έχουσι

2179 1964 2273 2018 τὸν
2304 1960 2517 2034 μισθὸν,
2557 1958 2645 2013 διά
2674 1957 2835 2012 τοῦτο
2861 1958 2925 2010 σὺ
2958 1956 3363 2026 ἀποστερήσῃς.
3405 1952 3667 2024 Ἐτέρωθι
3695 1949 3754 2004 δέ

2182 2068 2368 2123 φησιν,
2410 2047 2694 2113 Ἄνιέντες
2724 2044 2839 2113 τὴν
2858 2042 3137 2110 ἀπειλὴν,
3169 2039 3555 2113 ἡμερωτέρους
3588 2037 3756 2108 ἐργά-

2184 2136 2381 2193 σασθαι
2422 2133 2743 2206 βουλόμενος
2764 2148 2778 2162 ⁸
2810 2130 3007 2185 τέλειοι
3037 2129 3146 2200 γάρ
3169 2124 3310 2198 ἦσαν
3351 2126 3756 2179 ἐκεῖνοιίτουτ-

2182 2225 2353 2286 ἐστιν,
2397 2223 2501 2276 Ἐν
2538 2213 2587 2288 ᾧ
2631 2218 2826 2289 μέτρῳ
2861 2217 3147 2289 μετρεῖτε,
3180 2211 3751 2283 ἀντιμετρηθήσεται

2182 2313 2346 2384 ὑμῖν.
2370 2310 2479 2365 Καὶ
2506 2308 2588 2375 τὸ,
2615 2310 2737 2360 Οὐκ
2764 2306 2899 2360 ἐστι
2922 2300 3425 2373 προσωποληψία,
3467 2298 3605 2384 πρὸς
3628 2295 3755 2384 τού-

2182 2379 2313 2463 τους
2350 2396 2601 2468 εἴρηταιο
2646 2396 2823 2447 κεῖται
2852 2392 2911 2445 δὲ
2949 2392 3038 2445 ἐπ’
3080 2388 3327 2451 ἐκείνων,
3369 2386 3457 2440 ἵνα
3499 2379 3645 2439 οῦτοι
3672 2383 3758 2438 δέ·

2184 2487 2405 2555 ξωνται.
2429 2485 2600 2538 Ὅταν
2628 2481 2737 2552 γὰρ
2759 2479 2928 2559 ἑτέρῳ
2944 2476 3184 2548 ἁρμόζον
3214 2474 3351 2546 πρὸς
3377 2474 3565 2545 ἕτερον
3591 2472 3758 2526 εἴπω-

2188 2592 2309 2648 μεν,
2338 2574 2440 2629 οὐκ
2462 2574 2670 2626 ἐκεῖνον
2699 2567 2977 2631 τοσοῦτον,
3009 2567 3133 2620 ὅσον
3164 2564 3253 2618 τὸν
3282 2561 3583 2616 ὑπεύθυνον
3624 2578 3751 2615 κατ-

2184 2647 2542 2735 ωρθώσαμεν.
2587 2660 2699 2714 Καὶ
2742 2659 2900 2728 ὑμεῖς
2947 2654 3063 2727 μετ’
3104 2652 3352 2718 ἐκείνων,
3413 2647 3599 2721 φησίν.
3642 2648 3760 2735 Ἑν-

2184 2733 2358 2805 ταῦθα
2397 2749 2582 2821 κοινὴν
2627 2746 2852 2816 ἐποίησε
2890 2743 2988 2815 τὴν
3014 2739 3297 2795 δουλείαν·
3337 2737 3580 2801 Ε’ίδότες
3625 2733 3758 2806 γάρ,

2187 2842 2373 2911 φησὶν,
2408 2839 2497 2893 ὅτι
2548 2836 2648 2891 καί
2689 2833 2859 2905 ὑμεῖς
2887 2832 3058 2902 ἔχετε
3103 2831 3323 2900 Κύριον
3363 2828 3434 2882 ἐν
3457 2822 3759 2894 οὐρανοῖς.

2192 2929 2270 2998 Τῇ
2302 2922 2616 2996 προσευχῇ
2661 2918 3173 2991 προσκαρτερεῖτε,
3207 2914 3642 2986 γρηγοροῦντες
3691 2911 3764 2964 ἐν

2187 3013 2343 3083 αὐτῇ
2364 3015 2436 3069 ἐν
2468 3010 2841 3081 εὐχαριστίᾳ.
2873 3005 3098 3077 Ἐπειδὴ
3127 3004 3236 3076 γὰρ
3280 3004 3342 3056 τὸ
3384 3002 3672 3074 καρτερεῖν
3702 3000 3762 3053 ἐν

2187 3103 2524 3173 ταῖςνεύχαῖς
2546 3098 2811 3170 ῥᾳθυμεῖν
2841 3093 3103 3158 πολλάκις
3124 3093 3290 3158 ποιεῖ,
3318 3089 3405 3144 διά
3429 3087 3588 3142 τοῦτό
3605 3102 3760 3155 φησιο

2191 3188 2671 3259 Γρηγοροῦντες,
2696 3182 2967 3245 τουτέστι,
2996 3182 3276 3251 νήφοντες,
3307 3178 3383 3248 μὴ
3411 3174 3761 3259 ῥεμϐόμενοι.

2191 3257 2479 3346 Οίδεγάρ,
2526 3269 2667 3327 οἶδεν
2700 3272 2729 3324 ό
2768 3268 3016 3330 διάϐολος
3057 3267 3183 3320 ὅσον
3227 3262 3430 3332 ἀγαθὸν
3464 3261 3633 3333 εὐχή·
3681 3257 3766 3313 διὸ

2195 3362 2367 3434 βαρὺς
2400 3361 2664 3429 ἔγκειται.
2702 3353 2823 3409 οἶδε
2865 3355 2922 3408 δὲ
2971 3354 3066 3406 καὶ
3096 3350 3307 3413 Παῦλος
3339 3349 3457 3413 πῶς
3496 3346 3764 3434 ἀκηδιῶσι

2197 3431 2381 3502 πολλοὶ
2424 3445 2747 3516 εὐχόμενοι·
2803 3439 2885 3495 διό
2933 3455 3090 3511 φησι,
3138 3433 3638 3506 Προσκαρτερεῖτε
3688 3431 3765 3501 τῇ

2195 3531 2531 3603 προσευχῇ,
2562 3530 2636 3594 ὡς
2666 3528 2793 3601 περί
2820 3544 2965 3592 τινος
3006 3524 3288 3578 ἐπιπόνου.
3319 3520 3767 3591 Γρηγοροῦντες

2192 3624 2263 3677 ἐν
2283 3620 2460 3689 αὐτῇ,
2501 3620 2570 3674 ἐν
2597 3616 2968 3686 εὐχαριστίᾳ.
3005 3613 3175 3667 Τοῦτο
3217 3612 3347 3684 γὰρ,
3385 3609 3570 3681 φησὶν,
3605 3608 3769 3677 ἔργον

2196 3708 2351 3781 ὑμῶν
2396 3708 2558 3773 ἔστω,
2610 3707 2667 3758 ἐν
2702 3707 2819 3767 ταῖς
2867 3702 3051 3773 εὐχαῖς
3105 3699 3446 3771 εὐχαριστεῖν
3491 3696 3586 3750 καὶ
3629 3696 3769 3781 ὑπὲρ

2195 3775 2302 3852 τῶν
2333 3795 2584 3866 φανερῶν
2628 3791 2724 3845 καὶ
2756 3790 2898 3860 ὑπὲρ
2944 3788 3054 3842 τῶν
3098 3785 3340 3856 ἀφανῶν,
3375 3785 3469 3839 καλ⁵
3504 3783 3643 3854 ὑπὲρ
3691 3775 3769 3834 ὧν

2199 3885 2424 3947 ἑκόντας
2457 3882 2550 3936 καὶ
2583 3881 2721 3953 ὑπὲρ
2750 3872 2825 3932 ὧν
2852 3879 3084 3938 ἄκοντας
3110 3875 3362 3945 ἐποίησεν
3394 3868 3477 3937 εὖ,
3504 3873 3599 3926 καὶ
3626 3870 3767 3940 ὑπὲρ

2201 3971 2479 4045 βασιλείας
2507 3969 2603 4022 καὶ
2645 3967 2785 4037 ὑπὲρ
2810 3964 3056 4035 γεέννης,
3092 3965 3187 4017 καλ⁸
3224 3962 3366 4033 ὑπὲρ
3412 3960 3642 4030 θλίψεως
3672 3958 3769 4010 καὶ

2200 4061 2340 4130 ὑπὲρ
2373 4058 2632 4118 ἀνέσεως.
2674 4053 2831 4107 Οὐτω
2855 4053 2964 4122 γάρ
2999 4051 3119 4112 ἔθος
3144 4052 3255 4112 τοῖς
3279 4048 3453 4116 ἁγίοις
3489 4046 3766 4117 εῦχεσθαι,

2200 4149 2294 4203 καὶ
2318 4147 2457 4216 ὑπὲρ
2484 4145 2594 4198 τῶν
2623 4140 2816 4196 κοινῶν
2845 4135 3177 4209 εὐεργεσιῶν
3204 4136 3570 4206 εὐχαριστεῖν,

2269 4240 2340 4302 γ’.
2357 4229 2489 4287 Οἶδα
2508 4228 2618 4298 ἐγώ
2634 4244 2758 4281 τινα
2769 4226 2921 4293 ἅγιον
2944 4223 3110 4292 ἀνδρα
3132 4220 3303 4283 οὓτως
3327 4220 3638 4290 εὐχόμενον.
3665 4218 3771 4270 Οὐ-

2200 4323 2287 4375 δὲν
2308 4318 2414 4389 πρὸ
2435 4319 2624 4371 τούτου
2641 4314 2734 4368 τοῦ
2762 4313 3005 4384 ῥήματος
3024 4310 3228 4378 ἔλεγεν,
3264 4307 3378 4360 ἀλλ’
3397 4309 3500 4361 ὅτι.
3532 4306 3605 4359 Εὐ
3612 4322 3772 4374 χαρι-

2204 4406 2437 4476 στοῦμεν
2465 4403 2607 4473 ὑπὲρ
2645 4399 2836 4453 πασῶν
2880 4398 2988 4451 τῶν
3028 4394 3355 4467 εὐεργεσιῶν
3403 4410 3498 4446 σου
3545 4392 3655 4446 τῶν
3707 4393 3772 4446 ἐκ

2207 4494 2428 4566 πρώτης
2462 4490 2676 4561 ἡμέρας
2708 4488 2869 4558 μέχρι
2898 4485 2998 4555 τῆς
3025 4483 3310 4554 παρούσης
3351 4482 3430 4566 είς
3467 4481 3617 4551 ἡμᾶς
3645 4481 3772 4542 τοὺς

2208 4562 2358 4655 [399]
2390 4576 2641 4642 ἀναξίους
2687 4571 3142 4642 ἐπιδεικνυμένων
3165 4587 3179 4601 ·
3208 4570 3347 4640 ὑπὲρ
3384 4562 3459 4622 ὧν
3494 4568 3651 4637 ἴσμεν
3670 4567 3772 4655 ,καὶ

2205 4652 2307 4723 οὐκ
2348 4668 2527 4737 ἴσμεν,
2561 4663 2705 4734 ὑπὲρ
2732 4661 2840 4715 τῶν
2880 4658 3152 4730 φανερῶν,
3187 4657 3330 4728 ὑπὲρ
3362 4655 3468 4710 τῶν
3505 4652 3753 4722 ἀφανῶν,

2206 4757 2316 4810 τῶν
2342 4756 2397 4808 ἐν
2432 4752 2578 4824 ἔργῳ
2623 4749 2965 4822 γενομένων,
2985 4748 3093 4802 τῶν
3134 4750 3191 4800 ἐν
3224 4746 3387 4815 λόγῳ,
3421 4742 3530 4796 τῶν
3569 4739 3770 4804 ἑκοντὶ,

2206 4846 2316 4898 τῶν
2346 4841 2530 4896 άκοντί
2547 4858 2561 4873 ·
2602 4839 2791 4893 πασῶν
2816 4837 2926 4891 τῶν
2957 4838 3036 4899 είς
3072 4835 3197 4897 τοὺς
3225 4831 3476 4895 ἀναξίους
3505 4828 3650 4899 ἡμᾶς
3676 4842 3774 4894 γε·

2208 4929 2522 5001 γενημένων
2543 4943 2556 4956 ⁸
2597 4928 2736 4996 ὐπὲρ
2765 4925 3018 4993 θλίψεων,
3056 4922 3194 4991 ὑπὲρ
3228 4918 3488 4981 ἀνέσεων,
3514 4914 3654 4984 ὑπὲρ
3679 4913 3777 4982 τῆς

2209 5000 2455 5087 γεέννης,
2490 5016 2632 5086 ὑπὲρ
2681 5013 2782 5082 τῆς
2827 5011 3122 5072 κολάσεως,
3173 5005 3314 5076 ὑπὲρ
3351 5003 3626 5074 βασιλείας
3670 5000 3780 5087 τῶν

2211 5086 2476 5175 οὐρανῶν.
2503 5098 2938 5170 Παρακαλοῦμεν
2963 5112 3020 5147 σε
3046 5092 3281 5162 φυλάξαι
3299 5092 3396 5158 τὴν
3419 5089 3598 5161 ψυχὴν
3620 5086 3779 5175 ἡμῶν

2212 5174 2396 5259 ἁγίαν,
2429 5185 2675 5256 καθαρὰν
2700 5182 3004 5252 συνείδησιν
3033 5180 3282 5250 ἔχουσαν,
3314 5178 3466 5240 τέλος
3509 5177 3657 5241 ἀξιον
3682 5174 3782 5242 τῆς

2216 5273 2626 5345 φιλανθρωπίας
2665 5287 2781 5335 σου.
2850 5268 2908 5320 '0
2965 5267 3258 5337 ἀγαπήσας
3308 5266 3456 5335 ἡμᾶς
3498 5262 3640 5315 ὥστε
3689 5260 3783 5313 τὸν

2215 5360 2492 5428 Μονογενῆ
2528 5376 2621 5411 σου
2650 5356 2830 5409 δοῦναι
2857 5355 2996 5424 ὑπὲρ
3019 5352 3197 5423 ἡμῶν,
3230 5352 3565 5418 καταξίωσον
3595 5348 3782 5413 ἀξίους

2217 5448 2467 5519 γενέσθαι
2492 5444 2589 5512 τῆς
2615 5446 2712 5514 σῆς
2729 5443 2945 5512 ἀγάπης
2971 5456 2984 5470 ·
3003 5441 3089 5504 δὸς
3115 5442 3171 5493 ἐν
3195 5439 3428 5509 τῷλόγῳ
3448 5453 3541 5488 σου
3571 5434 3781 5502 σοφίαν,

2221 5539 2311 5591 καὶ
2344 5531 2500 5602 ἐντῷ
2530 5532 2678 5601 φόϐῳ
2721 5548 2834 5593 σου,
2876 5528 3159 5598 μονογενὲς
3206 5525 3428 5599 Χριστὲ,
3483 5522 3786 5593 ἔμπνωσον

2280 5738 2300 5765 ⁸
2330 5732 2620 5794 Prmpositio
2643 5744 2704 5783 ex
2725 5729 2864 5782 codd.
2892 5729 3077 5792 adjecta
3105 5733 3199 5779 est.
3222 5727 3353 5780 Em.
