4026 6148
276 286 384 342 369

281 398 439 469 ίσχὺν
488 395 586 464 τὴν
636 396 786 465 παρὰ
837 393 930 449 σοῦ
960 411 974 424 ·
1020 395 1049 446 6
1083 392 1174 446 τὸν
1226 391 1507 460 Μονογενῆ
1557 390 1681 454 δοὺς
1717 391 1858 460 ὑπὲρ

284 485 460 554 ἡμῶν,
490 484 583 536 καὶ
620 483 679 535 τὸ
710 481 933 551 Πνεῦμά
960 497 1053 532 σου
1082 478 1143 529 τὸ
1178 477 1333 544 ἅγιον
1363 476 1751 543 ἐξαποστείλας
1781 477 1861 539 είς

278 571 474 638 ἄφεσιν
521 566 630 622 τῶν
668 567 950 638 ἡμετέρων
995 563 1300 636 ἁμαρτιῶν,
1359 563 1415 616 εἴ
1453 581 1505 617 τι
1564 565 1781 626 ἑκόντες
1826 562 1860 633 ἦ

279 659 504 720 ἄκοντες
534 657 874 728 ἡμάρτομεν,
925 652 1302 724 συγχώρησον,
1355 652 1451 706 καὶ
1503 652 1578 722 μὴ
1624 651 1859 724 λογίσῃ·

285 743 556 814 μνήσθητι
593 743 811 795 πάντων
845 740 955 794 τῶν
982 739 1432 807 ἐπικαλουμένων
1467 739 1529 792 τὸ
1553 739 1728 808 ὄνομά
1763 754 1859 790 σου

282 833 340 883 ἐν
368 829 623 900 ἀληθεία·
657 829 929 900 μνήσθητι
958 829 1178 882 πάντων
1209 828 1319 881 τῶν
1348 823 1435 892 εὖ,
1471 827 1568 880 καὶ
1601 825 1866 880 τάναντία

281 918 414 986 ἡμῖν
446 916 736 968 θελόντων·
783 917 980 972 πάντες
1026 916 1135 985 γὰρ
1167 914 1447 986 ἄνθρωποί
1496 915 1686 985 ἐσμεν.
1732 908 1866 966 Εἶτα

282 1002 490 1065 ἐπιθεὶς
520 1004 618 1072 τὴν
639 1000 935 1072 εύχὴντῶν
967 1002 1198 1063 πιστῶν,
1232 1000 1468 1053 ἐνταῦθα
1502 1001 1760 1062 ἐπαύετο,
1790 999 1866 1062 ὡς

282 1089 552 1161 κορωνίδα
579 1090 703 1141 τινὰ
724 1090 818 1142 καὶ
837 1088 1133 1159 σύνδεσμον
1158 1087 1303 1157 ὑπὲρ
1333 1089 1550 1141 πάντων
1575 1088 1674 1158 τὴν
1702 1087 1866 1157 εὐχὴν

284 1176 672 1245 ποιησάμενος.
722 1174 899 1228 Πολλά
929 1177 1035 1247 γάρ
1076 1178 1221 1246 ἡμᾶς
1253 1177 1281 1228 6
1328 1175 1461 1239 Θε>ις
1493 1176 1588 1228 καὶ
1633 1175 1868 1237 ἄκοντας

284 1260 344 1318 εὖ
381 1268 556 1317 ποιεῖ·
600 1263 770 1317 πολλὰ
804 1263 913 1334 γάρ
953 1266 1046 1317 καὶ
1076 1263 1175 1316 οὐκ
1213 1262 1446 1325 εἰδότας,
1485 1265 1581 1316 καὶ
1616 1262 1864 1332 μείζονα.

288 1353 457 1406 Ὅταν
489 1353 598 1423 γὰρ
628 1353 890 1405 τάναντία
930 1350 1241 1421 εὐχώμεθα,
1289 1350 1450 1413 αὐτὸς
1498 1351 1554 1404 δὲ
1607 1351 1870 1403 τάναντία

288 1439 442 1507 ποιῇ,
485 1437 645 1505 δῆλον
684 1438 765 1489 ὃτι
792 1437 885 1491 καὶ
914 1438 1014 1489 οὐκ
1043 1436 1250 1498 εἰδότας
1298 1430 1357 1487 εὖ
1399 1436 1563 1487 ποιεῖ.
1598 1438 1869 1500 Προσευ-

288 1517 531 1592 χόμενοι
564 1523 684 1592 ἅμα
708 1524 804 1577 καὶ
833 1523 965 1590 περὶ
999 1518 1193 1590 ἡμῶν.
1221 1522 1359 1591 Ὅρα
1386 1521 1486 1591 τὴν
1507 1538 1870 1591 ταπεινοφρο-

291 1610 480 1680 σύνην,
526 1610 641 1679 μετ’
699 1611 942 1673 ἐκείνους
994 1609 1188 1662 ἐαυτὸν
1222 1608 1457 1677 τίθησιν.
1485 1608 1613 1662 Ἵνα
1660 1612 1691 1661 ό
1726 1608 1871 1674 Θεὸς

288 1696 505 1764 ἀνοίξῃ
531 1696 674 1766 ἡμῖν
697 1698 886 1763 θύραν
902 1696 1007 1749 τοῦ
1031 1696 1238 1763 λόγου,
1264 1694 1536 1763 λαλῆσαι
1562 1695 1627 1747 τὸ
1643 1694 1873 1764 μυστή-

283 1803 423 1855 ριον
465 1784 569 1838 τοῦ
613 1783 893 1852 Χριστοῦ.
938 1783 1154 1836 Εῖσοδόν
1187 1800 1320 1853 φησι
1376 1784 1472 1836 καὶ
1528 1782 1870 1854 παρρησίαν.

294 1870 461 1924 Βαόαί
487 1872 498 1924 ί
530 1872 556 1922 6
584 1871 819 1940 ἀθλητὴς
849 1870 876 1922 6
903 1869 1155 1932 τοσοῦτος
1194 1871 1295 1921 οὐκ
1321 1863 1473 1922 εἶπεν
1492 1911 1506 1935 ,
1544 1869 1665 1923 Ἵνα
1695 1867 1872 1921 άπαλο

290 1958 439 2026 λαγῶ
472 1957 581 2010 τῶν
621 1956 859 2026 δεσμῶν,
907 1957 1045 2009 ἀλλὰ
1089 1956 1310 2026 δέσμιος
1343 1954 1419 2010 ῶν
1461 1957 1684 2026 ἐτέρους
1731 1971 1873 2025 παρ-

291 2048 476 2101 εκάλει
499 2089 515 2113 ,
551 2047 646 2099 καὶ
681 2046 981 2118 παρεκάλει
1036 2045 1130 2099 ἐπ)⁵
1162 2045 1449 2116 πράγματι
1508 2046 1750 2117 μεγάλῳ,
1787 2044 1874 2097 ἴνα

293 2133 605 2207 παρρησίαν
628 2133 791 2207 λάϐῃ.
833 2133 914 2186 Τά
946 2131 1041 2185 δύο
1079 2134 1311 2203 μεγάλα.
1344 2132 1441 2186 καὶ
1474 2135 1507 2202 ή
1537 2133 1759 2203 ποιότης
1779 2132 1874 2185 τοῦ

291 2221 603 2293 προσώπου,
652 2223 745 2274 καὶ
788 2222 821 2290 ή
864 2218 958 2272 τοῦ
1012 2220 1356 2289 πράγματος.
1408 2219 1616 2273 Βαῦαίῑ
1654 2221 1778 2273 ὅσον
1816 2219 1877 2271 τὸ

291 2309 528 2379 άξωμα.
567 2311 636 2363 T6
652 2307 1014 2377 μυστήριον,
1044 2309 1200 2376 φησὶ,
1227 2309 1334 2361 τοῦ
1361 2307 1640 2375 Χριστοῦ.
1660 2307 1879 2359 Δείκνυ-

294 2414 399 2461 σιν,
417 2397 498 2449 δτι
521 2396 671 2447 οὐδὲν
690 2395 840 2462 αὐτῷ
858 2393 1048 2447 τούτου
1076 2392 1473 2465 ποθεινότερον,
1504 2394 1597 2448 τοῦ
1622 2394 1876 2463 λαλῆσαι.

292 2486 373 2537 Δι’
409 2482 440 2535 6
478 2483 574 2534 καὶ
613 2481 875 2550 δέδεμαι,
907 2482 1008 2533 ἵνα
1037 2480 1365 2550 φανερὼσω
1391 2482 1560 2543 αὐτὸ,
1590 2483 1672 2548 ὡς
1695 2480 1790 2534 δεῖ
1802 2498 1880 2551 με

293 2570 584 2639 λαλῆσαι.
617 2571 773 2624 Μετά
811 2571 1033 2640 πολλῆς,
1073 2572 1228 2641 φησὶ,
1272 2571 1374 2640 τῆς
1416 2572 1754 2641 παρρησίας,
1789 2571 1882 2623 καὶ

299 2660 463 2729 μηδὲν
519 2657 1002 2727 ὑποστειλάμενον.
1070 2657 1269 2727 Ὁρᾷς,
1327 2658 1396 2711 τὰ
1428 2657 1605 2727 δεσμά
1656 2658 1883 2727 φανεροῖ

296 2748 483 2809 αὑτὸν,
521 2748 580 2800 οὺ
618 2745 921 2810 συσκιάζει.
953 2745 1110 2799 Μετὰ
1144 2745 1369 2814 πολλῆς.
1410 2747 1562 2814 φησὶ,
1596 2744 1697 2813 τῆς
1740 2746 1884 2815 παῤ-

301 2835 517 2906 ρησίας.
567 2836 701 2888 Εἰπέ
738 2852 849 2905 μοι,
886 2834 949 2886 σὺ
992 2834 1228 2896 δέδεσαι,
1262 2833 1358 2888 καὶ
1395 2833 1589 2896 ἄλλους
1628 2850 1885 2903 παρακα-

298 2924 441 2987 λεῖςς
484 2924 611 2983 Ναῖ,
652 2923 817 2993 φησί·
854 2921 1082 2991 μείζονά
1117 2940 1208 2993 μοι
1249 2921 1563 2994 παρρησίαν
1602 2921 1786 2973 δίδωσι
1811 2919 1882 2973 τὰ

297 3014 501 3084 δεσμά·
538 3012 675 3066 ἀλλὰ
725 3012 916 3080 δέομαι
957 3011 1059 3080 τῆς
1113 3012 1206 3065 τοῦ
1255 3010 1390 3065 Θεοῦ
1437 3010 1644 3080 ῥοπῆς·
1676 3010 1887 3080 ηκουσα

300 3104 408 3173 γὰρ
423 3100 517 3155 τοῦ
545 3098 780 3170 Χριστοῦ
795 3099 1046 3166 λέγοντος
1062 3116 1075 3130 ο
1104 3099 1296 3152 ’Ὅταν
1315 3095 1686 3167 παραδιδῶσι
1706 3094 1883 3165 ὑμᾶς,

295 3189 382 3260 μὴ
409 3188 807 3258 μεριμνήσετε
841 3185 969 3253 πῶς
988 3187 1024 3255 ἣ
1050 3188 1107 3240 τί
1129 3184 1466 3252 λαλήσητε.
1496 3186 1607 3237 Kal
1636 3186 1738 3253 ὅρα
1768 3183 1886 3247 πῶς

305 3274 687 3347 μεταφορικῶς
707 3269 882 3326 εἶπεν·
910 3274 1043 3328 Ἵνα
1068 3276 1101 3327 ό
1130 3272 1274 3339 Θεὸς
1293 3271 1509 3339 ἀνοίξῃ
1528 3271 1674 3340 ἡμῖν
1699 3271 1887 3338 θύραν

302 3365 411 3420 τοῦ
438 3366 623 3433 λόγου
644 3381 658 3394 ·
695 3364 837 3432 Ὅρα
870 3362 988 3425 πῶς
1014 3363 1218 3431 ἇτυφός
1249 3364 1387 3425 ἐστι,
1423 3362 1520 3415 καὶ
1551 3362 1669 3425 πῶς
1702 3360 1759 3413 ἐν
1775 3363 1887 3424 τοῖς

301 3453 520 3522 δεσμοῖς
550 3452 625 3503 ὢν
658 3450 892 3502 ταπεινὰ
918 3451 1247 3516 φθέγγεται·
1286 3448 1588 3514 τούτεστιν,
1624 3449 1744 3500 Ἵνα
1780 3463 1877 3516 μα-

302 3540 440 3610 λάξῃ
459 3540 554 3603 τὰς
572 3538 799 3607 καρδίας
833 3538 1033 3592 αὐτῶν.
1058 3539 1174 3589 Οὐκ
1202 3534 1355 3590 εἶπεν
1388 3537 1583 3603 οὓτως,
1614 3537 1753 3598 ἀλλ’,
1773 3537 1890 3588 Ἵνα

305 3629 438 3697 ἡμῖν
472 3624 787 3696 παρρησίαν
833 3624 930 3690 δῷ,
974 3624 1418 3693 ταπεινοφρονῶν
1468 3623 1643 3686 οὕτως
1674 3624 1885 3694 εἴρηκε,

308 3715 406 3768 καὶ
449 3712 607 3765 τοῦτο
656 3712 793 3780 ὅπερ
851 3707 1020 3779 εἶχεν,
1057 3709 1198 3774 ἀξιοῖ
1246 3711 1455 3764 λαϐεῖν.
1510 3712 1791 3764 Δείκνυσιν
1833 3714 1889 3764 ἐν

306 3800 481 3874 ταύτῃ
508 3802 573 3870 τῇ
617 3798 902 3869 Ἐπιστολῇ
927 3798 1015 3851 διά
1043 3798 1095 3851 τί
1129 3800 1248 3852 τότε
1283 3800 1384 3852 ούκ
1412 3795 1576 3869 ἦλθεν
1607 3800 1635 3852 6
1656 3799 1892 3870 Χριστὸς

311 3906 393 3978 τῷ
426 3906 586 3959 σκιάν
611 3907 797 3958 ἐκεῖνα
829 3905 1098 3958 καλέσαι·
1141 3904 1211 3959 T6
1254 3904 1323 3959 δὲ
1359 3904 1552 3975 σῶμα,
1595 3907 1749 3974 φησί,
1783 3904 1890 3958 τοῦ

308 4007 591 4076 Χριστοῦ.
619 4007 781 4060 Ὥστε
808 4006 913 4060 ἔδει
936 4008 993 4059 ἐν
1023 4008 1089 4077 τῇ
1121 4007 1249 4076 σκιᾷ
1278 4005 1583 4077 ἐθισθῆναι.
1611 4006 1765 4077 Ἀμα
1795 4007 1891 4060 καὶ

307 4114 408 4184 τῆς
437 4112 658 4182 ἀγάπης
682 4111 786 4182 τῆς
825 4113 906 4175 εἰς
938 4113 1136 4174 αὐτοὺς
1162 4109 1317 4183 [400]
1355 4110 1611 4181 μέγιστον
1635 4111 1890 4178 ἐμφαίνει

307 4212 608 4289 τεκμήριον
627 4234 640 4247 ⁸
671 4217 790 4271 Ἵνα
815 4218 994 4287 ὑμεῖς,
1020 4218 1205 4288 φησὶν,
1241 4216 1531 4286 ἀκούσητε·
1564 4215 1704 4285 Ἐγὼ
1722 4215 1778 4269 δέ
1807 4216 1892 4270 δέ·

307 4319 490 4391 δεμαι.
525 4318 693 4371 Πάλιν
727 4317 811 4370 τὸν
839 4317 1038 4388 δεσμὸν
1066 4318 1147 4381 εἰς
1186 4317 1349 4387 μέσον
1386 4316 1623 4386 τίθησιν,
1655 4311 1718 4369 οὗ
1755 4316 1889 4384 σφό-

310 4406 413 4476 δρα
462 4404 592 4475 ἐρῶ,
638 4404 696 4467 ὃς
744 4404 1047 4472 διανίστησί
1082 4422 1184 4473 μου
1233 4406 1331 4475 τὴν
1379 4405 1624 4475 καρδίαν,
1663 4406 1755 4458 καὶ
1802 4404 1893 4456 ἀεὶ

311 4493 391 4556 εἰς
420 4492 712 4563 ἐπιθυμίαν
748 4491 872 4559 ἄγει
901 4492 996 4543 τοῦ
1037 4492 1129 4544 τὸν
1176 4490 1384 4543 Παῦλον
1421 4492 1707 4562 δεδεμένον
1740 4491 1888 4555 ἰδεῖν,

310 4581 404 4634 καὶ
425 4582 481 4633 ἐν
500 4580 719 4649 δεσμοῖς
748 4580 1049 4649 γράφοντα.
1081 4579 1177 4631 καί
1198 4578 1555 4647 κηρύττοντά,
1591 4578 1683 4631 καὶ
1705 4577 1893 4648 βαπτί-

311 4666 494 4731 ζοντα,
531 4668 627 4720 καὶ
656 4665 1020 4736 κατηχοῦντα.
1066 4666 1239 4735 Ὑπὲρ
1260 4665 1368 4718 τῶν
1415 4665 1752 4735 Ἐκκλησιῶν
1784 4664 1892 4717 τῶν

314 4752 630 4824 ἁπανταχοῦ
671 4753 972 4823 ἀνεφέρετο
998 4752 1146 4822 αὖτῷ
1173 4752 1465 4823 δεδεμένῳ.
1494 4753 1662 4823 μυρία
1697 4753 1894 4824 ᾠκοδό-

316 4859 406 4912 μει
436 4841 737 4910 δεδεμένος.
773 4840 907 4893 Τότε
935 4838 1156 4903 εὖλυτος
1188 4840 1386 4911 μᾶλλον
1429 4836 1520 4911 ἦν.
1555 4842 1753 4893 ’Λκουε
1783 4841 1893 4912 γάρ

314 4928 480 4983 αὐτοῦ
515 4928 783 4997 λέγοντος·
826 4928 1006 4982 Ὥστε
1049 4928 1194 4995 τοὺς
1242 4928 1530 4993 πλείονας
1564 4926 1679 4979 τῶν
1711 4926 1890 4981 ἀδελ-

314 5014 445 5086 φῶν
473 5018 832 5082 πεποιθότας
856 5014 980 5081 τοῖς
1010 5014 1259 5084 δεσμοῖς
1284 5033 1404 5084 μου
1451 5013 1893 5082 περισσοτέρως

316 5101 547 5171 τολμᾷν·
575 5103 813 5171 ἀφόϐως
848 5103 954 5155 τὸν
990 5104 1179 5173 λόγον
1216 5100 1451 5156 λαλεῖν.
1507 5102 1617 5154 Kal
1650 5100 1812 5163 αὐτὸς
1837 5101 1892 5153 δὲ

317 5191 480 5244 πάλιν
521 5188 678 5242 τοῦτο
721 5190 972 5259 ὁμολογεῖ
1014 5191 1209 5259 λέγων·
1254 5190 1433 5243 Ὅταν
1479 5190 1587 5259 γὰρ
1633 5188 1888 5251 ἀσθενῶ,

318 5282 452 5332 τότε
488 5276 740 5341 δυνατός
773 5280 905 5346 εἰμι.
947 5279 1046 5332 Διά
1072 5279 1230 5331 τοῦτο
1258 5280 1352 5332 καὶ
1400 5278 1587 5343 ἔλεγεν
1608 5293 1620 5305 ·
1653 5277 1814 5331 Ἀλλ’
1861 5279 1894 5330 ό

316 5366 499 5435 λόγος
522 5363 630 5419 τοῦ
668 5364 815 5417 Θεοῦ
857 5367 929 5419 οὐ
964 5365 1216 5419 δέδεται.
1262 5366 1571 5435 Ἐδεσμεῖτο
1604 5366 1740 5434 μετά
1786 5364 1894 5417 τῶν

318 5447 664 5518 κακούργων,
700 5447 838 5517 μετά
874 5448 983 5501 τῶν
1012 5449 1329 5518 δεσμωτῶν,
1383 5449 1521 5520 μετὰ
1558 5449 1666 5501 τῶν
1708 5448 1895 5517 ἀνδρο-

318 5534 523 5600 φόνων·
564 5537 593 5587 6
636 5536 734 5603 τῆς
776 5535 1102 5605 οἰκουμένης
1139 5535 1478 5598 διδάσκαλος.
1516 5539 1544 5589 6
1586 5539 1664 5598 εἰς
1712 5536 1894 5605 τρίτον

320 5617 558 5671 ἀνελθὼν
616 5621 867 5690 λύρανδν,
899 5623 929 5673 6
974 5621 1045 5674 τὰ
1096 5622 1309 5692 ἄρρητα
1366 5625 1587 5691 ῥήματα
1633 5624 1890 5686 ἀκούσας,

324 5703 546 5758 ἐδέδετο.
591 5707 751 5760 Ἀλλᾷ
791 5709 909 5761 τότε
957 5712 1250 5778 ταχύτερος
1281 5712 1307 5763 6
1346 5710 1541 5776 δρόμος
1585 5706 1671 5777 ἦν.
1719 5712 1776 5766 Ὀ
1806 5712 1891 5763 δε·

1027 277 1086 333 S.
1117 272 1404 330 JOANNIS
1433 267 1925 326 CHRYSOSTOMI
1956 269 2277 328 ARCHIEP.
2318 268 2867 327 CONSTANTINOP.

3430 265 3539 321 370

1969 390 2083 453 θεὶς
2112 392 2351 450 ἐλέλυτο.
2372 392 2467 444 καὶ
2486 391 2515 443 6
2546 391 2619 462 μὴ
2657 388 2938 475 δεδεμένος
2968 380 3197 441 ἐδέδετο.
3238 378 3409 448 θῦτος
3441 385 3539 457 μὲν

1967 478 2078 548 γάρ
2116 480 2254 549 ὅπερ
2291 478 2504 548 ἤθελεν,
2539 472 3093 547 ἔπραττενοέκεῖνος
3137 473 3193 527 δὲ
3226 472 3390 526 αὑτὸν
3440 473 3543 527 οὐκ

1969 564 2229 626 ἐκώλυεν,
2256 565 2378 618 ούδέ
2398 564 2496 636 τὴν
2528 565 2664 617 ἰδίαν
2691 564 2931 634 ἐπλήρου
2950 560 3226 635 πρόθεσιν;
3253 560 3319 612 Τί
3347 562 3543 623 ποιεῖς,

1969 649 2015 708 ὦ
2048 657 2277 725 ἀνόητε;
2314 657 2389 726 μὴ
2417 656 2527 726 γάρ
2550 655 2863 724 σωματικός
2894 655 3011 705 ἐστι
3038 651 3299 724 δρομεύς;
3333 650 3408 720 μὴ
3435 650 3545 719 γάρ

1970 744 2030 795 ἐν
2064 708 2524 813 ο·τ.7.;’5ίῳ’τλ”ῥ’παρΟ
2560 708 2691 812 ἡμῖν
2723 708 3083 809 ἀγωνίζεταιξ
3116 708 3173 790 ὲιν
3200 708 3415 809 ούρανῶ

1970 828 2279 882 λιτεύεται·
2331 829 2425 883 τὸν
2474 831 2532 881 ἐν
2576 828 2793 898 οὐρανῷ
2825 827 3087 899 τρέχοντα
3124 826 3284 895 δῆσαι
3328 825 3400 877 τά
3453 823 3542 877 ἐπὶ

1971 917 2077 987 γῆς
2104 918 2166 969 οὺ
2198 917 2442 979 δύναται,
2473 917 2592 970 ούδέ
2638 918 2951 986 κατασχεῖν.
2987 915 3098 985 Οὐχ
3148 915 3279 985 ὁρᾷς
3334 913 3554 965 τουτονὶ,

1972 1006 2064 1058 τὸν
2092 1005 2281 1075 ἥλιον;
2316 1005 2589 1076 Περίϐαλε
2619 1004 2794 1074 δεσμά
2822 1005 2938 1065 ταῖς
2968 1003 3173 1062 ἀκτῖσι,
3206 1000 3407 1068 στῆσον
3452 997 3549 1051 τοῦ

1972 1093 2176 1163 δρόμου
2196 1111 2209 1123 ·
2248 1094 2364 1147 ἀλλ’
2394 1094 2454 1146 οὐ
2486 1093 2713 1164 δυνήσῃ.
2756 1090 2967 1144 Οὐκοῦν
2991 1090 3114 1142 οὐδὲ
3156 1088 3371 1142 Παῦλον
3390 1103 3406 1119 ο
3454 1087 3551 1140 καὶ

1974 1179 2154 1251 πολλῷ
2180 1180 2379 1251 μᾶλλον
2405 1180 2616 1244 τοῦτον,
2640 1178 2672 1250 ἢ
2704 1181 2912 1233 ἐκεῖνον
2931 1194 2945 1208 ·
2974 1176 3215 1239 πλείονος
3238 1175 3347 1245 γάρ
3372 1166 3554 1237 οὗτος,

1974 1271 2008 1339 ἢ
2053 1273 2261 1332 ἐκεῖνος
2317 1268 2595 1323 ἀπέλαυσε
2630 1268 2905 1339 προνοίας,
2955 1265 3052 1319 ἇτε
3088 1267 3205 1332 φῶς
3259 1264 3439 1333 φέρων
3488 1263 3557 1315 ού

1973 1357 2214 1411 τοιοῦτον
2238 1359 2394 1429 ἡμῖν,
2424 1356 2562 1409 ἀλλά
2582 1356 2643 1409 τὸ
2671 1354 2922 1424 ἀληθινὸν
2954 1353 3256 1423 βαστάζων.
3299 1351 3409 1403 Ποῦ
3456 1350 3552 1403 νῦν

1976 1448 2115 1499 εἰσιν
2131 1446 2180 1498 οἱ
2209 1444 2375 1515 μηδὲν
2396 1441 2712 1513 βουλόμενοι
2739 1442 2830 1496 διὰ
2843 1441 2936 1494 τὸν
2954 1440 3187 1508 Χριστὸν
3207 1440 3465 1507 πάσχειν;
3498 1438 3555 1492 τί

1974 1533 2032 1587 δὲ
2065 1532 2208 1601 λέγω
2230 1533 2481 1600 πάσχειν,
2518 1532 2652 1584 ὅπου
2700 1546 2765 1597 γε
2804 1529 2924 1581 οὐδὲ
2961 1529 3219 1600 χρήματα
3274 1525 3555 1596 βούλονται

1977 1619 2281 1692 προέσθαι;
2319 1618 2573 1688 Ἐδέσμει
2603 1617 2698 1671 καὶ
2730 1614 3117 1678 Παῦλόςοποτε,
3156 1613 3251 1666 καὶ
3269 1610 3555 1663 ἐνέϐαλλεν

1977 1708 2058 1767 είς
2104 1705 2514 1774 δεσμωτήριον·
2556 1701 2671 1753 ἀλλ’
2706 1699 2894 1768 ἐπειδὴ
2936 1698 3032 1750 τοῦ
3082 1695 3317 1765 Χριστοῦ
3364 1695 3557 1762 γέγονε

1976 1789 2182 1855 δοῦλος,
2220 1791 2280 1843 ού
2324 1790 2403 1860 τῷ
2433 1791 2608 1841 ποιεῖν
2647 1787 2853 1849 λοιπὸν,
2908 1784 3045 1838 ἀλλὰ
3069 1781 3148 1853 τῷ
3183 1782 3414 1851 πάσχειν
3471 1798 3561 1833 σε-

1983 1879 2260 1948 μνύνεται.
2288 1878 2397 1930 Kal
2423 1875 2581 1929 τοῦτο
2607 1874 2664 1927 δέ
2693 1873 2786 1927 τοῦ
2815 1871 3171 1943 κηρύγματος
3193 1869 3399 1937 θαῦμα,
3428 1870 3564 1921 ὅταν

1979 1966 2069 2019 διὰ
2105 1965 2212 2018 τῶν
2264 1964 2579 2034 πασχόντων
2614 1961 2816 2025 αὐτῶν,
2866 1960 2982 2013 ἀλλ’
3012 1961 3074 2013 οὐ
3110 1958 3219 2011 τῶν
3258 1956 3562 2010 ποιούντων

1980 2054 2188 2118 κακῶς,
2224 2054 2398 2116 οὓτως
2443 2054 2723 2123 ἐγείρηται
2754 2052 2847 2103 καὶ
2873 2048 3126 2119 αὔξηται.
3158 2044 3268 2099 Ποῦ
3305 2062 3391 2108 τις
3420 2037 3562 2095 εἶδεν

1987 2143 2207 2212 ἀγῶνας
2232 2141 2541 2204 τοιούτουςς
2580 2141 2639 2192 Ὀ
2675 2140 2899 2209 πάσχων
2941 2136 3149 2199 κακῶς,
3202 2135 3360 2204 νικᾷ·
3404 2130 3499 2184 καὶ
3529 2129 3563 2183 ἁ

1983 2231 2155 2286 ποιῶν
2191 2229 2396 2295 κακῶς,
2429 2230 2680 2299 ἡττᾶται.
2712 2222 2880 2289 Οὗτος
2901 2224 3110 2278 ἐκείνου
3140 2220 3517 2291 λαμπρότερος
3540 2231 3558 2246 ·

1982 2319 2073 2372 διὰ
2100 2318 2315 2388 δεσμῶν
2350 2316 2413 2369 τὸ
2445 2316 2708 2387 κήρυγμα
2744 2312 3008 2384 εἰσῆλθεν.
3057 2311 3173 2363 Οὐκ
3211 2308 3559 2377 αἰσχύνομαι⁴

1984 2408 2123 2463 ἀλλά
2152 2408 2248 2461 καὶ
2279 2405 2639 2476 σεμνύνομαι,
2673 2402 2829 2472 φησὶ,
2872 2401 2963 2454 τὸν
3003 2397 3421 2467 ἐσταυρωμένον
3463 2412 3565 2458 κη-

1987 2494 2515 2568 ρύττων.Ἐννόησ-ον
2537 2493 2646 2563 γάρ
2674 2506 2798 2561 μοι·
2834 2490 2898 2542 Ἦ
2932 2487 3224 2558 οἰκουμένη
3260 2486 3411 2537 πᾶσα
3438 2485 3566 2544 τοὺς

1985 2587 2311 2656 λελυμένους
2360 2586 2580 2653 ἀφεῖσα,
2630 2584 2744 2643 τοῖς
2791 2579 3096 2649 δεδεμένοις
3125 2575 3391 2647 προσῄει·
3440 2572 3567 2634 τοὺς

1986 2676 2324 2747 δεσμοῦντας
2362 2670 2843 2743 ἀποστρεφομένη,
2875 2669 3002 2731 τοὺς
3046 2669 3144 2735 τὴν
3183 2665 3376 2719 ἆλυσιν
3414 2678 3570 2729 περι-

1989 2763 2274 2832 κειμένους
2302 2762 2475 2831 τιμᾷ·
2515 2760 2642 2822 τοὺς
2685 2754 3108 2828 σταυρώσαντας
3148 2754 3448 2823 μισήσασα,
3476 2750 3569 2801 τὸν

1989 2852 2406 2925 ἐσταυρωμένον
2436 2851 2752 2919 προσκυνεῖ.

2061 2980 2124 3035 δ’.
2148 2980 2261 3033 Οὐκ
2277 2978 2390 3031 ἔστι
2406 2978 2565 3048 μόνον
2583 2974 2915 3045 θαυμαστὸν,
2937 2974 3021 3026 ὅτι
3047 2972 3240 3034 ἁλιεῖς,
3257 2971 3339 3023 ὅτι
3363 2966 3574 3021 ἰδιῶται

1990 3064 2129 3141 ἦσαν
2153 3069 2202 3121 οἰ
2241 3067 2503 3137 κήρυκες,
2534 3065 2648 3117 ἀλλ’
2682 3064 2763 3116 ὅτι
2793 3065 2886 3115 καὶ
2909 3062 3072 3131 ἕτερα
3112 3057 3431 3128 κωλύματα,
3467 3054 3572 3123 φύ-

1994 3175 2076 3210 σει
2104 3155 2403 3224 κωλύματα
2423 3151 2584 3222 ἦσαν,
2642 3152 2736 3204 καὶ
2767 3163 2791 3191 ο
2825 3150 3024 3202 πλείων
3066 3148 3289 3216 γέγονεν
3315 3146 3346 3215 ἡ
3389 3142 3574 3195 ἐπίδο-

1994 3264 2097 3309 σις.
2128 3245 2200 3299 Οὐ
2242 3244 2400 3313 μόνον
2429 3241 2579 3294 οὐδὲν
2629 3240 2901 3293 ἐκώλυσεν
2930 3241 2963 3308 ἡ
3015 3234 3269 3299 ἰδιωτεία,
3312 3230 3444 3284 ἀλλὰ
3474 3230 3570 3281 καὶ

1993 3332 2123 3387 αὐτὸ
2143 3330 2301 3385 τοῦτο
2323 3328 2702 3400 φανερωθῆναι
2734 3326 2957 3395 ἐποίησε
2987 3325 3047 3376 τὸ
3066 3325 3343 3392 κήρυγμα.
3366 3317 3564 3369 Ἀκουε

1994 3421 2103 3491 γάρ
2158 3418 2253 3473 τοῦ
2315 3418 2501 3472 Λουκᾶ
2562 3415 2839 3482 λέγοντος·
2905 3415 3019 3466 Καὶ
3076 3405 3564 3491 καταλαϐόμενοι,

1996 3489 2180 3580 φησὶν,
2215 3509 2303 3560 ὅτι
2343 3502 2494 3579 [401]
2528 3502 2826 3571 ἅνθρωποι
2876 3497 3249 3568 ἀγράμματοι
3294 3496 3413 3548 εἰσι
3468 3489 3573 3580 καὶ

1998 3579 2238 3656 ἰδιῶται,
2269 3591 2618 3661 ἐθαύμαζον.
2661 3590 2736 3643 Οὐ
2771 3590 2931 3659 μόνον
2959 3586 3113 3639 οὐδὲν
3136 3582 3375 3637 ἐκώλυεν
3415 3581 3443 3632 6
3484 3579 3577 3631 δε-

1999 3686 2157 3755 σμὸς,
2196 3683 2334 3737 ἀλλὰ
2359 3683 2454 3735 καὶ
2477 3680 2607 3734 αὐτὸ
2635 3678 2793 3732 τοῦτο
2833 3677 3088 3745 ἐποίησεν
3114 3674 3313 3734 αὐτοὺς
3366 3669 3577 3737 θαρσα-

1996 3754 2313 3842 λεωτέρους.
2350 3770 2461 3839 Οὐχ
2484 3767 2655 3829 οὕτως
2682 3765 2945 3836 ἐθάρρουν
2971 3765 3019 3816 οἱ
3050 3760 3312 3831 μαθηταὶ,
3345 3754 3576 3825 λελυμέ-

1998 3880 2090 3914 νου
2114 3860 2207 3913 τοῦ
2235 3857 2473 3919 Παύλου,
2505 3856 2578 3919 ώς
2612 3853 2898 3922 δεδεμένου
2921 3866 2934 3879 ·
2968 3850 3419 3919 Περισσοτέρως
3444 3843 3576 3912 γὰρ,

1999 3949 2153 4019 φησὶ,
2181 3944 2414 4014 τολμᾷν
2430 3944 2665 4012 ἀφόϐως
2697 3941 2803 3994 τὸν
2823 3941 3011 4007 λόγον
3036 3935 3141 3989 τοῦ
3162 3934 3314 3988 Θεοῦ
3339 3929 3577 4019 λαλεῖν.

1999 4018 2108 4092 Ποῦ
2148 4039 2196 4089 οἱ
2226 4088 2231 4091 .
2261 4033 2633 4104 ἀντεροῦντες.
2676 4032 2758 4083 ὅτι
2798 4028 2859 4080 οὐ
2901 4026 3041 4078 θεῖον
3085 4024 3145 4076 τὸ
3194 4022 3499 4093 κήρυγμα;
3541 4018 3579 4087 ἡ

2003 4123 2241 4179 ῖδιωτεία
2287 4122 2386 4172 οὑκ
2432 4116 2499 4189 ἦν
2536 4118 2696 4188 ἱκανὴ
2728 4116 2951 4185 ποιῆσαι
2992 4109 3448 4180 καταγνωσθῆναι
3482 4106 3579 4158 αῦ-

1998 4212 2163 4275 τούς;
2212 4206 2406 4261 οὐκοῦν
2462 4206 2567 4258 ἔδει
2624 4203 2904 4257 κάνταῦθα
2937 4202 2965 4240 ιι
3020 4199 3258 4268 φοϐῆσαι
3327 4192 3578 4260 αὑτούς;

2002 4301 2146 4352 Ἶστε
2182 4295 2295 4366 γὰρ
2323 4294 2406 4347 δτι
2434 4292 2527 4346 δύο
2568 4291 2763 4344 πάθεσι
2788 4289 2997 4348 τούτοις
3023 4288 3083 4341 τὸ
3115 4286 3319 4355 πλῆθος
3345 4283 3578 4351 κατέχε-

1998 4406 2109 4453 ται,
2144 4383 2419 4454 κενοδοξία
2475 4381 2568 4435 καὶ
2620 4379 2813 4449 δειλίᾳ.
2859 4378 2924 4431 ’Π
2980 4374 3215 4429 ῖδιωτεία
3265 4372 3367 4425 οὐκ
3428 4368 3578 4437 ἠφίει

2000 4472 2463 4544 ἐπαισχύνεσθαι·
2526 4471 2575 4522 οἱ
2639 4466 2875 4520 κίνδυνοι
2928 4466 3007 4528 είς
3063 4460 3266 4515 δειλίαν
3321 4456 3583 4529 ἐμϐαλεῖν

1998 4542 2249 4634 ὤφειλον.
2288 4559 2450 4612 Ἀλλὰ
2477 4557 2752 4626 θαύματα,
2787 4553 2972 4622 φησὶν,
3007 4549 3243 4602 ἐποίουν.
3285 4542 3581 4634 Πιστεύετε

1999 4630 2092 4704 οὖν
2120 4652 2203 4704 ὅτι
2234 4648 2452 4703 ἐποίουν
2500 4644 2773 4713 θαύματα.
2814 4640 2953 4694 Ἀλλ’
2985 4639 3085 4691 οὐκ
3123 4634 3370 4699 ἐποίουν;
3410 4630 3583 4685 Τοῦτο

2003 4738 2188 4811 μεῖζον
2218 4737 2403 4808 θαῦμα
2434 4733 2527 4789 τοῦ
2555 4734 2751 4796 ποιεῖν,
2780 4731 2829 4783 εἰ
2867 4730 3037 4801 χωρὶς
3068 4726 3367 4797 θαυμάτων
3411 4736 3585 4790 προσ-

2000 4828 2215 4897 ήγοντο.

2082 4961 2270 5032 Ἐδέθη
2310 4961 2406 5014 καὶ
2444 4958 2740 5029 Σωκράτης
2774 4954 2903 5025 παρ’
2936 4954 3194 5024 Ἕλλησι·
3230 4950 3285 5002 τί
3319 4944 3447 5012 οὗν;
3480 4947 3584 5000 οὐκ

2000 5050 2202 5114 εὐθέως
2232 5050 2432 5116 ἔφυγον
2458 5050 2536 5110 εἰς
2565 5046 2797 5115 Μέγαρα
2820 5045 2867 5095 οἰ
2899 5039 3175 5113 μαθηταῖς
3206 5038 3353 5090 Πάνυ
3387 5051 3450 5101 γε
3472 5049 3485 5062 ·
3519 5033 3582 5085 οὐ

1999 5140 2108 5211 γάρ
2140 5140 2265 5203 τοὺς
2290 5140 2418 5207 περὶ
2451 5135 2748 5197 ἀθανασίας
2774 5132 3025 5195 ἐδέξαντο
3059 5130 3270 5197 λόγους.
3311 5123 3452 5179 Ἀλλ’
3480 5123 3583 5191 δρα

2000 5227 2233 5281 ἐνταῦθα
2261 5243 2273 5255 ·
2310 5225 2468 5294 ἐδέθη
2494 5222 2725 5286 Παῦλος,
2760 5222 2858 5273 καὶ
2883 5217 3083 5289 μᾶλλον
3106 5217 3375 5286 ἐθάρρουν
3400 5212 3447 5265 οί
3482 5226 3587 5281 μα-

2000 5315 2163 5386 θηταί
2188 5332 2203 5347 ·
2242 5314 2502 5376 εἰκότως·
2553 5310 2739 5379 ἐώρων
2777 5308 2889 5376 γὰρ
2914 5307 3015 5359 οῦκ
3062 5295 3581 5386 ἐμποδιζόμενον-τδ

2000 5383 2279 5475 κηρυγμα.
2334 5402 2425 5472 Μὴ
2466 5401 2573 5471 γὰρ
2625 5397 2870 5466 γλῶτταν
2904 5392 3133 5446 δύνασαι
3158 5389 3360 5460 δήσαις
3412 5383 3585 5450 ταύτῃ

2063 5592 2089 5623 δ
2112 5590 2263 5640 Savil.
2291 5590 2417 5641 coni.
2442 5586 2704 5647 κωλύματα
2729 5583 2884 5647 φύσει.
2904 5582 2968 5647 ὀῦ
2991 5580 3133 5647 κωλ.,
3159 5580 3282 5647 ἀλλὰ
3304 5577 3404 5626 καί.

2058 5653 2087 5692 ι’
2114 5634 2452 5713 Ρῖοῇειὸζέιίι
2484 5634 2712 5713 Ιίὶιιιίιευε,
2738 5634 2997 5710 ’ίθθεηιίιωι
3040 5634 3131 5689 κάν
3166 5640 3336 5701 ταῦτα,
3361 5646 3527 5695 nempe
3546 5634 3578 5690 ἡ

2000 5714 2207 5765 Maenia
2220 5712 2313 5761 καὶ
2344 5712 2530 5771 δεσμοί,
