  <div class='ocr_page' id='page_1' title='image "/cluster/home/n/w/nwhite01/storage/ocr_20150623/62/mdp.39015008622626/376.png"; bbox 0 0 4026 6148; ppageno 0'>
   <div class='ocr_carea' id='block_1_1' title="bbox 502 274 3784 340">
    <p class='ocr_par' dir='ltr' id='par_1_1' title="bbox 502 274 3784 340">
     <span class='ocr_line' id='line_1_1' title="bbox 502 274 3784 340; baseline 0 -1"><span class='ocrx_word' id='word_1_1' title='bbox 502 274 614 339; x_wconf 72' lang='lat'><strong>369</strong></span> <span class='ocrx_word' id='word_1_2' title='bbox 1396 276 1466 336; x_wconf 81' lang='grc' dir='ltr'><strong>ΙΝ</strong></span> <span class='ocrx_word' id='word_1_3' title='bbox 1501 276 1720 336; x_wconf 81' lang='lat' dir='ltr'><strong>EPIST.</strong></span> <span class='ocrx_word' id='word_1_4' title='bbox 1761 276 1855 334; x_wconf 83' lang='lat' dir='ltr'><strong>AD</strong></span> <span class='ocrx_word' id='word_1_5' title='bbox 1892 274 2166 333; x_wconf 76' lang='lat' dir='ltr'><strong>COLOSS.</strong></span> <span class='ocrx_word' id='word_1_6' title='bbox 2205 274 2357 331; x_wconf 79' lang='lat' dir='ltr'><strong>CAP.</strong></span> <span class='ocrx_word' id='word_1_7' title='bbox 2399 275 2488 333; x_wconf 76' lang='lat' dir='ltr'><strong>IV.</strong></span> <span class='ocrx_word' id='word_1_8' title='bbox 2528 275 2758 335; x_wconf 71' lang='lat' dir='ltr'><strong>llOMlL.</strong></span> <span class='ocrx_word' id='word_1_9' title='bbox 2799 275 2872 334; x_wconf 67' lang='grc' dir='ltr'>Χ.</span> <span class='ocrx_word' id='word_1_10' title='bbox 3679 282 3784 340; x_wconf 73' lang='grc'><strong>570</strong></span> 
     </span>
    </p>
   </div>
   <div class='ocr_carea' id='block_1_2' title="bbox 506 392 3785 471">
    <p class='ocr_par' dir='ltr' id='par_1_2' title="bbox 506 392 3785 471">
     <span class='ocr_line' id='line_1_2' title="bbox 506 392 3785 471; baseline 0.002 -18"><span class='ocrx_word' id='word_1_11' title='bbox 506 397 713 468; x_wconf 77' lang='lat' dir='ltr'><strong>inspira</strong></span> <span class='ocrx_word' id='word_1_12' title='bbox 741 395 1105 452; x_wconf 77' lang='lat' dir='ltr'><strong>fortitudinem</strong></span> <span class='ocrx_word' id='word_1_13' title='bbox 1136 411 1149 449; x_wconf 91' lang='lat'><strong>:</strong></span> <span class='ocrx_word' id='word_1_14' title='bbox 1181 392 1273 465; x_wconf 83' lang='lat' dir='ltr'><strong>qui</strong></span> <span class='ocrx_word' id='word_1_15' title='bbox 1301 408 1400 465; x_wconf 86' lang='lat' dir='ltr'><strong>pro</strong></span> <span class='ocrx_word' id='word_1_16' title='bbox 1426 393 1582 451; x_wconf 89' lang='lat' dir='ltr'><strong>nobis</strong></span> <span class='ocrx_word' id='word_1_17' title='bbox 1613 394 1807 450; x_wconf 86' lang='lat' dir='ltr'><strong>dedisti</strong></span> <span class='ocrx_word' id='word_1_18' title='bbox 1835 394 2091 464; x_wconf 79' lang='lat' dir='ltr'><strong>Unigeni-</strong></span> <span class='ocrx_word' id='word_1_19' title='bbox 2209 392 2518 459; x_wconf 86' lang='lat' dir='ltr'><strong>bomicidis.</strong></span> <span class='ocrx_word' id='word_1_20' title='bbox 2568 396 2762 453; x_wconf 90' lang='lat' dir='ltr'><strong>doctor</strong></span> <span class='ocrx_word' id='word_1_21' title='bbox 2804 397 2952 454; x_wconf 84' lang='lat' dir='ltr'><strong>orbis</strong></span> <span class='ocrx_word' id='word_1_22' title='bbox 2996 402 3424 471; x_wconf 84' lang='lat' dir='ltr'><strong>terrarum:an</strong></span> <span class='ocrx_word' id='word_1_23' title='bbox 3467 401 3519 457; x_wconf 92' lang='lat' dir='ltr'><strong>iu</strong></span> <span class='ocrx_word' id='word_1_24' title='bbox 3572 405 3785 459; x_wconf 85' lang='lat' dir='ltr'><strong>tertium</strong></span> 
     </span>
    </p>
   </div>
   <div class='ocr_carea' id='block_1_3' title="bbox 500 486 3782 559">
    <p class='ocr_par' dir='ltr' id='par_1_3' title="bbox 500 486 3782 559">
     <span class='ocr_line' id='line_1_3' title="bbox 500 486 3782 559; baseline 0.002 -16"><span class='ocrx_word' id='word_1_25' title='bbox 500 499 643 554; x_wconf 89' lang='lat' dir='ltr'><strong>tum,</strong></span> <span class='ocrx_word' id='word_1_26' title='bbox 671 497 726 543; x_wconf 90' lang='lat' dir='ltr'><strong>et</strong></span> <span class='ocrx_word' id='word_1_27' title='bbox 755 496 995 543; x_wconf 87' lang='lat' dir='ltr'><strong>sanctum</strong></span> <span class='ocrx_word' id='word_1_28' title='bbox 1025 496 1177 541; x_wconf 84' lang='lat' dir='ltr'><strong>tuum</strong></span> <span class='ocrx_word' id='word_1_29' title='bbox 1198 486 1423 543; x_wconf 73' lang='lat' dir='ltr'><strong>emisisti</strong></span> <span class='ocrx_word' id='word_1_30' title='bbox 1452 486 1708 556; x_wconf 74' lang='lat' dir='ltr'><strong>Spiritum</strong></span> <span class='ocrx_word' id='word_1_31' title='bbox 1738 488 1791 541; x_wconf 91' lang='lat' dir='ltr'><strong>in</strong></span> <span class='ocrx_word' id='word_1_32' title='bbox 1818 488 2092 543; x_wconf 62' lang='lat' dir='ltr'><strong>remissio.</strong></span> <span class='ocrx_word' id='word_1_33' title='bbox 2200 487 2445 542; x_wconf 76' lang='lat' dir='ltr'><strong>ascendit</strong></span> <span class='ocrx_word' id='word_1_34' title='bbox 2467 488 2683 552; x_wconf 74' lang='lat' dir='ltr'><strong>czelmn,</strong></span> <span class='ocrx_word' id='word_1_35' title='bbox 2710 489 2801 559; x_wconf 93' lang='lat' dir='ltr'><strong>qui</strong></span> <span class='ocrx_word' id='word_1_36' title='bbox 2830 489 2992 545; x_wconf 89' lang='lat' dir='ltr'><strong>verba</strong></span> <span class='ocrx_word' id='word_1_37' title='bbox 3034 489 3237 544; x_wconf 79' lang='lat' dir='ltr'><strong>audivit</strong></span> <span class='ocrx_word' id='word_1_38' title='bbox 3262 506 3454 547; x_wconf 88' lang='lat' dir='ltr'><strong>arcana</strong></span> <span class='ocrx_word' id='word_1_39' title='bbox 3495 503 3551 546; x_wconf 89' lang='lat' dir='ltr'><strong>et</strong></span> <span class='ocrx_word' id='word_1_40' title='bbox 3593 494 3782 549; x_wconf 84' lang='lat' dir='ltr'><strong>inell‘a-</strong></span> 
     </span>
    </p>
   </div>
   <div class='ocr_carea' id='block_1_4' title="bbox 506 576 3785 653">
    <p class='ocr_par' dir='ltr' id='par_1_4' title="bbox 506 576 3785 653">
     <span class='ocr_line' id='line_1_4' title="bbox 506 576 3785 653; baseline 0.002 -21"><span class='ocrx_word' id='word_1_41' title='bbox 506 593 633 633; x_wconf 89' lang='lat' dir='ltr'><strong>nem</strong></span> <span class='ocrx_word' id='word_1_42' title='bbox 662 588 1004 649; x_wconf 75' lang='lat' dir='ltr'><strong>peccatorum</strong></span> <span class='ocrx_word' id='word_1_43' title='bbox 1030 585 1360 642; x_wconf 87' lang='lat' dir='ltr'><strong>nostrorum,</strong></span> <span class='ocrx_word' id='word_1_44' title='bbox 1393 579 1439 634; x_wconf 91' lang='lat' dir='ltr'><strong>si</strong></span> <span class='ocrx_word' id='word_1_45' title='bbox 1480 578 1606 648; x_wconf 90' lang='lat' dir='ltr'><strong>quid</strong></span> <span class='ocrx_word' id='word_1_46' title='bbox 1630 580 1874 634; x_wconf 88' lang='lat' dir='ltr'><strong>volentes</strong></span> <span class='ocrx_word' id='word_1_47' title='bbox 1899 579 1981 633; x_wconf 90' lang='lat' dir='ltr'><strong>vel</strong></span> <span class='ocrx_word' id='word_1_48' title='bbox 2010 580 2091 634; x_wconf 85' lang='lat' dir='ltr'><strong>in-</strong></span> <span class='ocrx_word' id='word_1_49' title='bbox 2198 576 2347 642; x_wconf 90' lang='lat' dir='ltr'><strong>bilia,</strong></span> <span class='ocrx_word' id='word_1_50' title='bbox 2377 589 2497 635; x_wconf 91' lang='lat' dir='ltr'><strong>erat</strong></span> <span class='ocrx_word' id='word_1_51' title='bbox 2526 580 2758 636; x_wconf 83' lang='lat' dir='ltr'><strong>vinctus.</strong></span> <span class='ocrx_word' id='word_1_52' title='bbox 2788 581 2895 636; x_wconf 86' lang='lat' dir='ltr'><strong>Sed</strong></span> <span class='ocrx_word' id='word_1_53' title='bbox 2932 590 3058 637; x_wconf 90' lang='lat' dir='ltr'><strong>tunc</strong></span> <span class='ocrx_word' id='word_1_54' title='bbox 3098 580 3337 637; x_wconf 87' lang='lat' dir='ltr'><strong>velocior</strong></span> <span class='ocrx_word' id='word_1_55' title='bbox 3373 591 3489 637; x_wconf 86' lang='lat' dir='ltr'><strong>erat</strong></span> <span class='ocrx_word' id='word_1_56' title='bbox 3514 583 3633 653; x_wconf 84' lang='lat' dir='ltr'><strong>ejus</strong></span> <span class='ocrx_word' id='word_1_57' title='bbox 3662 600 3785 639; x_wconf 87' lang='lat' dir='ltr'><strong>cur-</strong></span> 
     </span>
    </p>
   </div>
   <div class='ocr_carea' id='block_1_5' title="bbox 507 671 3780 747">
    <p class='ocr_par' dir='ltr' id='par_1_5' title="bbox 507 671 3780 747">
     <span class='ocr_line' id='line_1_5' title="bbox 507 671 3780 747; baseline 0.002 -20"><span class='ocrx_word' id='word_1_58' title='bbox 507 673 596 727; x_wconf 76' lang='lat' dir='ltr'><strong>viti</strong></span> <span class='ocrx_word' id='word_1_59' title='bbox 634 672 995 742; x_wconf 75' lang='lat' dir='ltr'><strong>peccavimus,</strong></span> <span class='ocrx_word' id='word_1_60' title='bbox 1018 672 1288 739; x_wconf 88' lang='lat' dir='ltr'><strong>condona,</strong></span> <span class='ocrx_word' id='word_1_61' title='bbox 1319 682 1375 728; x_wconf 90' lang='lat' dir='ltr'><strong>et</strong></span> <span class='ocrx_word' id='word_1_62' title='bbox 1401 688 1470 729; x_wconf 89' lang='lat' dir='ltr'><strong>ne</strong></span> <span class='ocrx_word' id='word_1_63' title='bbox 1508 683 1723 743; x_wconf 86' lang='lat' dir='ltr'><strong>reputes</strong></span> <span class='ocrx_word' id='word_1_64' title='bbox 1755 691 1769 727; x_wconf 89' lang='lat'>:</span> <span class='ocrx_word' id='word_1_65' title='bbox 1801 675 2089 730; x_wconf 81' lang='lat' dir='ltr'><strong>recordare</strong></span> <span class='ocrx_word' id='word_1_66' title='bbox 2194 684 2308 725; x_wconf 89' lang='lat' dir='ltr'><strong>sus.</strong></span> <span class='ocrx_word' id='word_1_67' title='bbox 2348 671 2450 738; x_wconf 90' lang='lat' dir='ltr'><strong>Qui</strong></span> <span class='ocrx_word' id='word_1_68' title='bbox 2490 682 2605 727; x_wconf 87' lang='lat' dir='ltr'><strong>erat</strong></span> <span class='ocrx_word' id='word_1_69' title='bbox 2631 672 2861 740; x_wconf 88' lang='lat' dir='ltr'><strong>vinctus,</strong></span> <span class='ocrx_word' id='word_1_70' title='bbox 2889 682 3007 729; x_wconf 88' lang='lat' dir='ltr'><strong>erat</strong></span> <span class='ocrx_word' id='word_1_71' title='bbox 3041 673 3283 741; x_wconf 87' lang='lat' dir='ltr'><strong>solutus;</strong></span> <span class='ocrx_word' id='word_1_72' title='bbox 3316 682 3371 728; x_wconf 87' lang='lat' dir='ltr'><strong>et</strong></span> <span class='ocrx_word' id='word_1_73' title='bbox 3406 677 3493 747; x_wconf 90' lang='lat' dir='ltr'><strong>qui</strong></span> <span class='ocrx_word' id='word_1_74' title='bbox 3533 692 3640 732; x_wconf 91' lang='lat' dir='ltr'><strong>non</strong></span> <span class='ocrx_word' id='word_1_75' title='bbox 3666 687 3780 733; x_wconf 90' lang='lat' dir='ltr'><strong>erat</strong></span> 
     </span>
    </p>
   </div>
   <div class='ocr_carea' id='block_1_6' title="bbox 502 762 3780 840">
    <p class='ocr_par' dir='ltr' id='par_1_6' title="bbox 502 762 3780 840">
     <span class='ocr_line' id='line_1_6' title="bbox 502 762 3780 840; baseline 0.002 -23"><span class='ocrx_word' id='word_1_76' title='bbox 502 763 738 817; x_wconf 89' lang='lat' dir='ltr'><strong>omnium</strong></span> <span class='ocrx_word' id='word_1_77' title='bbox 766 762 857 832; x_wconf 87' lang='lat' dir='ltr'><strong>qui</strong></span> <span class='ocrx_word' id='word_1_78' title='bbox 897 763 1151 818; x_wconf 79' lang='lat' dir='ltr'><strong>invocant</strong></span> <span class='ocrx_word' id='word_1_79' title='bbox 1190 779 1388 819; x_wconf 87' lang='lat' dir='ltr'><strong>nomen</strong></span> <span class='ocrx_word' id='word_1_80' title='bbox 1426 773 1575 819; x_wconf 84' lang='lat' dir='ltr'><strong>tuum</strong></span> <span class='ocrx_word' id='word_1_81' title='bbox 1620 766 1674 819; x_wconf 94' lang='lat' dir='ltr'><strong>in</strong></span> <span class='ocrx_word' id='word_1_82' title='bbox 1703 766 1969 831; x_wconf 75' lang='lat' dir='ltr'><strong>veritate;</strong></span> <span class='ocrx_word' id='word_1_83' title='bbox 2000 782 2089 821; x_wconf 85' lang='lat' dir='ltr'><strong>re-</strong></span> <span class='ocrx_word' id='word_1_84' title='bbox 2193 762 2427 826; x_wconf 87' lang='lat' dir='ltr'><strong>vinctus,</strong></span> <span class='ocrx_word' id='word_1_85' title='bbox 2467 774 2585 820; x_wconf 84' lang='lat' dir='ltr'><strong>erat</strong></span> <span class='ocrx_word' id='word_1_86' title='bbox 2629 766 2864 820; x_wconf 89' lang='lat' dir='ltr'><strong>vinctus.</strong></span> <span class='ocrx_word' id='word_1_87' title='bbox 2895 766 3025 821; x_wconf 86' lang='lat' dir='ltr'><strong>Nam</strong></span> <span class='ocrx_word' id='word_1_88' title='bbox 3051 767 3140 822; x_wconf 90' lang='lat' dir='ltr'><strong>ille</strong></span> <span class='ocrx_word' id='word_1_89' title='bbox 3170 766 3388 838; x_wconf 84' lang='lat' dir='ltr'><strong>quidem</strong></span> <span class='ocrx_word' id='word_1_90' title='bbox 3423 769 3613 839; x_wconf 84' lang='lat' dir='ltr'><strong>agebat</strong></span> <span class='ocrx_word' id='word_1_91' title='bbox 3635 769 3780 840; x_wconf 87' lang='lat' dir='ltr'><strong>quod</strong></span> 
     </span>
    </p>
   </div>
   <div class='ocr_carea' id='block_1_7' title="bbox 499 852 3780 931">
    <p class='ocr_par' dir='ltr' id='par_1_7' title="bbox 499 852 3780 931">
     <span class='ocr_line' id='line_1_7' title="bbox 499 852 3780 931; baseline 0.003 -26"><span class='ocrx_word' id='word_1_92' title='bbox 499 852 725 907; x_wconf 85' lang='lat' dir='ltr'><strong>cordare</strong></span> <span class='ocrx_word' id='word_1_93' title='bbox 770 852 1010 907; x_wconf 90' lang='lat' dir='ltr'><strong>omnium</strong></span> <span class='ocrx_word' id='word_1_94' title='bbox 1053 855 1143 924; x_wconf 90' lang='lat' dir='ltr'><strong>qui</strong></span> <span class='ocrx_word' id='word_1_95' title='bbox 1191 854 1326 910; x_wconf 83' lang='lat' dir='ltr'><strong>bene</strong></span> <span class='ocrx_word' id='word_1_96' title='bbox 1358 864 1412 911; x_wconf 83' lang='lat' dir='ltr'><strong>et</strong></span> <span class='ocrx_word' id='word_1_97' title='bbox 1458 871 1612 911; x_wconf 84' lang='lat' dir='ltr'><strong>secus</strong></span> <span class='ocrx_word' id='word_1_98' title='bbox 1654 857 1808 911; x_wconf 85' lang='lat' dir='ltr'><strong>nobis</strong></span> <span class='ocrx_word' id='word_1_99' title='bbox 1855 858 2082 913; x_wconf 79' lang='lat' dir='ltr'><strong>volunt:</strong></span> <span class='ocrx_word' id='word_1_100' title='bbox 2192 853 2459 908; x_wconf 86' lang='lat' dir='ltr'><strong>volebat:</strong></span> <span class='ocrx_word' id='word_1_101' title='bbox 2492 853 2579 908; x_wconf 90' lang='lat' dir='ltr'><strong>hic</strong></span> <span class='ocrx_word' id='word_1_102' title='bbox 2623 864 2802 910; x_wconf 88' lang='lat' dir='ltr'><strong>autem</strong></span> <span class='ocrx_word' id='word_1_103' title='bbox 2848 857 3022 926; x_wconf 91' lang='lat' dir='ltr'><strong>ipsum</strong></span> <span class='ocrx_word' id='word_1_104' title='bbox 3070 874 3177 911; x_wconf 89' lang='lat' dir='ltr'><strong>non</strong></span> <span class='ocrx_word' id='word_1_105' title='bbox 3224 858 3559 928; x_wconf 77' lang='lat' dir='ltr'><strong>prohibebat,</strong></span> <span class='ocrx_word' id='word_1_106' title='bbox 3607 876 3780 931; x_wconf 86' lang='lat' dir='ltr'><strong>neque</strong></span> 
     </span>
    </p>
   </div>
   <div class='ocr_carea' id='block_1_8' title="bbox 498 943 3777 1020">
    <p class='ocr_par' dir='ltr' id='par_1_8' title="bbox 498 943 3777 1020">
     <span class='ocr_line' id='line_1_8' title="bbox 498 943 3777 1020; baseline 0.005 -25"><span class='ocrx_word' id='word_1_107' title='bbox 498 956 686 998; x_wconf 90' lang='lat' dir='ltr'><strong>omnes</strong></span> <span class='ocrx_word' id='word_1_108' title='bbox 714 943 856 998; x_wconf 91' lang='lat' dir='ltr'><strong>enim</strong></span> <span class='ocrx_word' id='word_1_109' title='bbox 882 958 1068 999; x_wconf 84' lang='lat' dir='ltr'><strong>sumus</strong></span> <span class='ocrx_word' id='word_1_110' title='bbox 1094 945 1354 1002; x_wconf 84' lang='lat' dir='ltr'><strong>homines.</strong></span> <span class='ocrx_word' id='word_1_111' title='bbox 1387 946 1588 1004; x_wconf 88' lang='lat' dir='ltr'><strong>Deinde</strong></span> <span class='ocrx_word' id='word_1_112' title='bbox 1614 950 1819 1019; x_wconf 87' lang='lat' dir='ltr'><strong>adjecta</strong></span> <span class='ocrx_word' id='word_1_113' title='bbox 1849 950 2083 1006; x_wconf 81' lang='lat' dir='ltr'><strong>ﬁdelium</strong></span> <span class='ocrx_word' id='word_1_114' title='bbox 2191 961 2348 1001; x_wconf 85' lang='lat' dir='ltr'><strong>suum</strong></span> <span class='ocrx_word' id='word_1_115' title='bbox 2394 947 2645 1017; x_wconf 81' lang='lat' dir='ltr'><strong>implebat</strong></span> <span class='ocrx_word' id='word_1_116' title='bbox 2691 952 3042 1018; x_wconf 89' lang='lat' dir='ltr'><strong>propositum.</strong></span> <span class='ocrx_word' id='word_1_117' title='bbox 3090 952 3225 1020; x_wconf 89' lang='lat' dir='ltr'><strong>Quid</strong></span> <span class='ocrx_word' id='word_1_118' title='bbox 3273 953 3424 1019; x_wconf 83' lang='lat' dir='ltr'><strong>facis,</strong></span> <span class='ocrx_word' id='word_1_119' title='bbox 3472 972 3506 1008; x_wconf 84' lang='grc' dir='ltr'><strong>ο</strong></span> <span class='ocrx_word' id='word_1_120' title='bbox 3550 957 3777 1011; x_wconf 85' lang='lat' dir='ltr'><strong>stolide?</strong></span> 
     </span>
    </p>
   </div>
   <div class='ocr_carea' id='block_1_9' title="bbox 495 1033 3778 1116">
    <p class='ocr_par' dir='ltr' id='par_1_9' title="bbox 495 1033 3778 1116">
     <span class='ocr_line' id='line_1_9' title="bbox 495 1033 3778 1116; baseline 0.006 -32"><span class='ocrx_word' id='word_1_121' title='bbox 495 1033 762 1099; x_wconf 89' lang='lat' dir='ltr'><strong>oratione,</strong></span> <span class='ocrx_word' id='word_1_122' title='bbox 812 1033 983 1088; x_wconf 87' lang='lat' dir='ltr'><strong>veluti</strong></span> <span class='ocrx_word' id='word_1_123' title='bbox 1030 1036 1257 1104; x_wconf 86' lang='lat' dir='ltr'><strong>quadam</strong></span> <span class='ocrx_word' id='word_1_124' title='bbox 1307 1037 1567 1093; x_wconf 85' lang='lat' dir='ltr'><strong>coronide</strong></span> <span class='ocrx_word' id='word_1_125' title='bbox 1607 1049 1662 1093; x_wconf 93' lang='lat' dir='ltr'><strong>et</strong></span> <span class='ocrx_word' id='word_1_126' title='bbox 1700 1056 1797 1110; x_wconf 90' lang='lat' dir='ltr'><strong>pro</strong></span> <span class='ocrx_word' id='word_1_127' title='bbox 1834 1041 2084 1095; x_wconf 87' lang='lat' dir='ltr'><strong>omnilms</strong></span> <span class='ocrx_word' id='word_1_128' title='bbox 2191 1053 2318 1091; x_wconf 87' lang='lat' dir='ltr'><strong>num</strong></span> <span class='ocrx_word' id='word_1_129' title='bbox 2346 1048 2426 1091; x_wconf 80' lang='lat' dir='ltr'><strong>est</strong></span> <span class='ocrx_word' id='word_1_130' title='bbox 2469 1054 2659 1094; x_wconf 83' lang='lat' dir='ltr'><strong>cursor</strong></span> <span class='ocrx_word' id='word_1_131' title='bbox 2687 1043 3025 1112; x_wconf 78' lang='lat' dir='ltr'><strong>corporalis?</strong></span> <span class='ocrx_word' id='word_1_132' title='bbox 3055 1060 3181 1097; x_wconf 91' lang='lat' dir='ltr'><strong>num</strong></span> <span class='ocrx_word' id='word_1_133' title='bbox 3224 1045 3277 1099; x_wconf 91' lang='lat' dir='ltr'><strong>in</strong></span> <span class='ocrx_word' id='word_1_134' title='bbox 3309 1047 3482 1101; x_wconf 83' lang='lat' dir='ltr'><strong>stadio</strong></span> <span class='ocrx_word' id='word_1_135' title='bbox 3525 1049 3666 1116; x_wconf 89' lang='lat' dir='ltr'><strong>quod</strong></span> <span class='ocrx_word' id='word_1_136' title='bbox 3693 1058 3778 1104; x_wconf 86' lang='lat' dir='ltr'><strong>est</strong></span> 
     </span>
    </p>
   </div>
   <div class='ocr_carea' id='block_1_10' title="bbox 494 1125 3775 1209">
    <p class='ocr_par' dir='ltr' id='par_1_10' title="bbox 494 1125 3775 1209">
     <span class='ocr_line' id='line_1_10' title="bbox 494 1125 3775 1209; baseline 0.006 -31"><span class='ocrx_word' id='word_1_137' title='bbox 494 1125 859 1194; x_wconf 88' lang='lat' dir='ltr'><strong>colligatione,</strong></span> <span class='ocrx_word' id='word_1_138' title='bbox 904 1128 1039 1181; x_wconf 79' lang='lat' dir='ltr'><strong>facta</strong></span> <span class='ocrx_word' id='word_1_139' title='bbox 1075 1142 1258 1198; x_wconf 84' lang='lat' dir='ltr'><strong>prece,</strong></span> <span class='ocrx_word' id='word_1_140' title='bbox 1305 1127 1393 1183; x_wconf 91' lang='lat' dir='ltr'><strong>hic</strong></span> <span class='ocrx_word' id='word_1_141' title='bbox 1431 1131 1697 1185; x_wconf 81' lang='lat' dir='ltr'><strong>cessabat.</strong></span> <span class='ocrx_word' id='word_1_142' title='bbox 1740 1132 1900 1186; x_wconf 81' lang='lat' dir='ltr'><strong>Multa</strong></span> <span class='ocrx_word' id='word_1_143' title='bbox 1937 1134 2080 1188; x_wconf 92' lang='lat' dir='ltr'><strong>enim</strong></span> <span class='ocrx_word' id='word_1_144' title='bbox 2187 1127 2327 1197; x_wconf 74' lang='lat' dir='ltr'><strong>apud</strong></span> <span class='ocrx_word' id='word_1_145' title='bbox 2360 1144 2460 1183; x_wconf 83' lang='lat' dir='ltr'><strong>n08</strong></span> <span class='ocrx_word' id='word_1_146' title='bbox 2488 1131 2690 1185; x_wconf 71' lang='lat' dir='ltr'><strong>certat?</strong></span> <span class='ocrx_word' id='word_1_147' title='bbox 2721 1132 2777 1186; x_wconf 88' lang='lat' dir='ltr'><strong>lu</strong></span> <span class='ocrx_word' id='word_1_148' title='bbox 2817 1134 2965 1188; x_wconf 65' lang='lat' dir='ltr'><strong>caulis</strong></span> <span class='ocrx_word' id='word_1_149' title='bbox 3008 1144 3297 1191; x_wconf 79' lang='lat' dir='ltr'><strong>versatur:</strong></span> <span class='ocrx_word' id='word_1_150' title='bbox 3333 1153 3453 1191; x_wconf 90' lang='lat' dir='ltr'><strong>eum</strong></span> <span class='ocrx_word' id='word_1_151' title='bbox 3490 1141 3576 1209; x_wconf 88' lang='lat' dir='ltr'><strong>qui</strong></span> <span class='ocrx_word' id='word_1_152' title='bbox 3606 1142 3775 1195; x_wconf 82' lang='lat' dir='ltr'><strong>currit</strong></span> 
     </span>
    </p>
   </div>
   <div class='ocr_carea' id='block_1_11' title="bbox 492 1217 3773 1301">
    <p class='ocr_par' dir='ltr' id='par_1_11' title="bbox 492 1217 3773 1301">
     <span class='ocr_line' id='line_1_11' title="bbox 492 1217 3773 1301; baseline 0.004 -29"><span class='ocrx_word' id='word_1_153' title='bbox 492 1218 649 1272; x_wconf 90' lang='lat' dir='ltr'><strong>nobis</strong></span> <span class='ocrx_word' id='word_1_154' title='bbox 679 1219 818 1273; x_wconf 90' lang='lat' dir='ltr'><strong>bona</strong></span> <span class='ocrx_word' id='word_1_155' title='bbox 846 1219 972 1274; x_wconf 81' lang='lat' dir='ltr'><strong>facit</strong></span> <span class='ocrx_word' id='word_1_156' title='bbox 1005 1221 1142 1274; x_wconf 84' lang='lat' dir='ltr'><strong>Deus</strong></span> <span class='ocrx_word' id='word_1_157' title='bbox 1167 1222 1327 1276; x_wconf 88' lang='lat' dir='ltr'><strong>etiam</strong></span> <span class='ocrx_word' id='word_1_158' title='bbox 1357 1222 1557 1287; x_wconf 81' lang='lat' dir='ltr'><strong>invitis,</strong></span> <span class='ocrx_word' id='word_1_159' title='bbox 1591 1225 1754 1277; x_wconf 86' lang='lat' dir='ltr'><strong>multa</strong></span> <span class='ocrx_word' id='word_1_160' title='bbox 1786 1239 1998 1296; x_wconf 88' lang='lat' dir='ltr'><strong>quoque</strong></span> <span class='ocrx_word' id='word_1_161' title='bbox 2026 1235 2082 1281; x_wconf 90' lang='lat' dir='ltr'><strong>et</strong></span> <span class='ocrx_word' id='word_1_162' title='bbox 2186 1217 2240 1272; x_wconf 79' lang='lat' dir='ltr'><strong>in</strong></span> <span class='ocrx_word' id='word_1_163' title='bbox 2272 1220 2430 1286; x_wconf 66' lang='lat' dir='ltr'><strong>cado,</strong></span> <span class='ocrx_word' id='word_1_164' title='bbox 2461 1236 2567 1276; x_wconf 85' lang='lat' dir='ltr'><strong>non</strong></span> <span class='ocrx_word' id='word_1_165' title='bbox 2611 1232 2835 1291; x_wconf 88' lang='lat' dir='ltr'><strong>possunt</strong></span> <span class='ocrx_word' id='word_1_166' title='bbox 2862 1239 2924 1279; x_wconf 89' lang='lat' dir='ltr'><strong>ea</strong></span> <span class='ocrx_word' id='word_1_167' title='bbox 2957 1240 3076 1294; x_wconf 75' lang='lat' dir='ltr'><strong>qua:</strong></span> <span class='ocrx_word' id='word_1_168' title='bbox 3105 1234 3224 1279; x_wconf 83' lang='lat' dir='ltr'><strong>sum</strong></span> <span class='ocrx_word' id='word_1_169' title='bbox 3257 1227 3309 1280; x_wconf 94' lang='lat' dir='ltr'><strong>in</strong></span> <span class='ocrx_word' id='word_1_170' title='bbox 3357 1229 3513 1283; x_wconf 87' lang='lat' dir='ltr'><strong>terris</strong></span> <span class='ocrx_word' id='word_1_171' title='bbox 3554 1230 3773 1301; x_wconf 77' lang='lat' dir='ltr'><strong>alligare</strong></span> 
     </span>
    </p>
   </div>
   <div class='ocr_carea' id='block_1_12' title="bbox 493 1306 3773 1389">
    <p class='ocr_par' dir='ltr' id='par_1_12' title="bbox 493 1306 3773 1389">
     <span class='ocr_line' id='line_1_12' title="bbox 493 1306 3773 1389; baseline 0.004 -27"><span class='ocrx_word' id='word_1_172' title='bbox 493 1306 697 1377; x_wconf 83' lang='lat' dir='ltr'><strong>majora</strong></span> <span class='ocrx_word' id='word_1_173' title='bbox 746 1310 1128 1365; x_wconf 81' lang='lat' dir='ltr'><strong>nescientibus.</strong></span> <span class='ocrx_word' id='word_1_174' title='bbox 1181 1311 1313 1366; x_wconf 87' lang='lat' dir='ltr'><strong>Nam</strong></span> <span class='ocrx_word' id='word_1_175' title='bbox 1361 1314 1578 1382; x_wconf 87' lang='lat' dir='ltr'><strong>quando</strong></span> <span class='ocrx_word' id='word_1_176' title='bbox 1628 1315 1898 1369; x_wconf 89' lang='lat' dir='ltr'><strong>contraria</strong></span> <span class='ocrx_word' id='word_1_177' title='bbox 1954 1330 2079 1384; x_wconf 86' lang='lat' dir='ltr'><strong>pre—</strong></span> <span class='ocrx_word' id='word_1_178' title='bbox 2186 1318 2241 1364; x_wconf 90' lang='lat' dir='ltr'><strong>et</strong></span> <span class='ocrx_word' id='word_1_179' title='bbox 2281 1312 2536 1366; x_wconf 84' lang='lat' dir='ltr'><strong>retinere.</strong></span> <span class='ocrx_word' id='word_1_180' title='bbox 2584 1313 2700 1368; x_wconf 84' lang='lat' dir='ltr'><strong>Non</strong></span> <span class='ocrx_word' id='word_1_181' title='bbox 2748 1315 2901 1370; x_wconf 93' lang='lat' dir='ltr'><strong>vides</strong></span> <span class='ocrx_word' id='word_1_182' title='bbox 2941 1314 3083 1370; x_wconf 91' lang='lat' dir='ltr'><strong>hunc</strong></span> <span class='ocrx_word' id='word_1_183' title='bbox 3123 1316 3336 1371; x_wconf 84' lang='lat' dir='ltr'><strong>solem?</strong></span> <span class='ocrx_word' id='word_1_184' title='bbox 3383 1318 3566 1373; x_wconf 81' lang='lat' dir='ltr'><strong>Radiis</strong></span> <span class='ocrx_word' id='word_1_185' title='bbox 3614 1322 3773 1389; x_wconf 86' lang='lat' dir='ltr'><strong>injice</strong></span> 
     </span>
    </p>
   </div>
   <div class='ocr_carea' id='block_1_13' title="bbox 490 1402 3772 1479">
    <p class='ocr_par' dir='ltr' id='par_1_13' title="bbox 490 1402 3772 1479">
     <span class='ocr_line' id='line_1_13' title="bbox 490 1402 3772 1479; baseline 0.004 -25"><span class='ocrx_word' id='word_1_186' title='bbox 490 1413 699 1468; x_wconf 85' lang='lat' dir='ltr'><strong>camur,</strong></span> <span class='ocrx_word' id='word_1_187' title='bbox 732 1402 846 1473; x_wconf 87' lang='lat' dir='ltr'><strong>ipse</strong></span> <span class='ocrx_word' id='word_1_188' title='bbox 873 1412 1053 1457; x_wconf 85' lang='lat' dir='ltr'><strong>autem</strong></span> <span class='ocrx_word' id='word_1_189' title='bbox 1097 1402 1220 1458; x_wconf 78' lang='lat' dir='ltr'><strong>facit</strong></span> <span class='ocrx_word' id='word_1_190' title='bbox 1259 1406 1549 1467; x_wconf 84' lang='lat' dir='ltr'><strong>contraria,</strong></span> <span class='ocrx_word' id='word_1_191' title='bbox 1582 1406 1758 1476; x_wconf 80' lang='lat' dir='ltr'><strong>palam</strong></span> <span class='ocrx_word' id='word_1_192' title='bbox 1785 1418 1868 1461; x_wconf 85' lang='lat' dir='ltr'><strong>est</strong></span> <span class='ocrx_word' id='word_1_193' title='bbox 1897 1407 2073 1477; x_wconf 86' lang='lat' dir='ltr'><strong>ipsum</strong></span> <span class='ocrx_word' id='word_1_194' title='bbox 2181 1403 2417 1469; x_wconf 78' lang='lat' dir='ltr'><strong>vincula,</strong></span> <span class='ocrx_word' id='word_1_195' title='bbox 2467 1404 2597 1459; x_wconf 83' lang='lat' dir='ltr'><strong>siste</strong></span> <span class='ocrx_word' id='word_1_196' title='bbox 2636 1406 2759 1475; x_wconf 79' lang='lat' dir='ltr'><strong>eius</strong></span> <span class='ocrx_word' id='word_1_197' title='bbox 2804 1421 3019 1462; x_wconf 83' lang='lat' dir='ltr'><strong>cursnm</strong></span> <span class='ocrx_word' id='word_1_198' title='bbox 3051 1426 3065 1462; x_wconf 91' lang='lat'><strong>:</strong></span> <span class='ocrx_word' id='word_1_199' title='bbox 3096 1408 3190 1462; x_wconf 86' lang='lat' dir='ltr'><strong>sed</strong></span> <span class='ocrx_word' id='word_1_200' title='bbox 3232 1423 3338 1463; x_wconf 90' lang='lat' dir='ltr'><strong>non</strong></span> <span class='ocrx_word' id='word_1_201' title='bbox 3398 1412 3617 1479; x_wconf 86' lang='lat' dir='ltr'><strong>poteris.</strong></span> <span class='ocrx_word' id='word_1_202' title='bbox 3659 1411 3772 1468; x_wconf 80' lang='lat' dir='ltr'><strong>Nec</strong></span> 
     </span>
    </p>
   </div>
   <div class='ocr_carea' id='block_1_14' title="bbox 494 1493 3770 1572">
    <p class='ocr_par' dir='ltr' id='par_1_14' title="bbox 494 1493 3770 1572">
     <span class='ocr_line' id='line_1_14' title="bbox 494 1493 3770 1572; baseline 0.005 -29"><span class='ocrx_word' id='word_1_203' title='bbox 494 1493 857 1550; x_wconf 88' lang='lat' dir='ltr'><strong>nescientibus</strong></span> <span class='ocrx_word' id='word_1_204' title='bbox 884 1493 1019 1549; x_wconf 71' lang='lat' dir='ltr'><strong>hcine</strong></span> <span class='ocrx_word' id='word_1_205' title='bbox 1048 1496 1239 1550; x_wconf 78' lang='lat' dir='ltr'><strong>facere.</strong></span> <span class='ocrx_word' id='word_1_206' title='bbox 1274 1495 1326 1551; x_wconf 78' lang='lat'><strong>5.</strong></span> <span class='ocrx_word' id='word_1_207' title='bbox 1362 1495 1579 1551; x_wconf 78' lang='lat' dir='ltr'><strong>Orantes</strong></span> <span class='ocrx_word' id='word_1_208' title='bbox 1608 1497 1765 1550; x_wconf 87' lang='lat' dir='ltr'><strong>simul</strong></span> <span class='ocrx_word' id='word_1_209' title='bbox 1791 1508 1836 1551; x_wconf 87' lang='lat' dir='ltr'><strong>et</strong></span> <span class='ocrx_word' id='word_1_210' title='bbox 1866 1514 1960 1567; x_wconf 88' lang='lat' dir='ltr'><strong>pro</strong></span> <span class='ocrx_word' id='word_1_211' title='bbox 1985 1515 2078 1552; x_wconf 80' lang='lat' dir='ltr'><strong>no-</strong></span> <span class='ocrx_word' id='word_1_212' title='bbox 2182 1511 2312 1565; x_wconf 87' lang='lat' dir='ltr'><strong>ergo</strong></span> <span class='ocrx_word' id='word_1_213' title='bbox 2335 1495 2575 1559; x_wconf 88' lang='lat' dir='ltr'><strong>Paulum,</strong></span> <span class='ocrx_word' id='word_1_214' title='bbox 2601 1507 2655 1551; x_wconf 93' lang='lat' dir='ltr'><strong>et</strong></span> <span class='ocrx_word' id='word_1_215' title='bbox 2679 1499 2847 1553; x_wconf 81' lang='lat' dir='ltr'><strong>multo</strong></span> <span class='ocrx_word' id='word_1_216' title='bbox 2869 1500 3048 1556; x_wconf 86' lang='lat' dir='ltr'><strong>minus</strong></span> <span class='ocrx_word' id='word_1_217' title='bbox 3073 1500 3216 1556; x_wconf 91' lang='lat' dir='ltr'><strong>hunc</strong></span> <span class='ocrx_word' id='word_1_218' title='bbox 3235 1517 3395 1572; x_wconf 90' lang='lat' dir='ltr'><strong>quam</strong></span> <span class='ocrx_word' id='word_1_219' title='bbox 3427 1504 3576 1558; x_wconf 93' lang='lat' dir='ltr'><strong>illum</strong></span> <span class='ocrx_word' id='word_1_220' title='bbox 3610 1523 3626 1560; x_wconf 90' lang='lat'><strong>:</strong></span> <span class='ocrx_word' id='word_1_221' title='bbox 3657 1521 3770 1559; x_wconf 88' lang='lat' dir='ltr'><strong>ma-</strong></span> 
     </span>
    </p>
   </div>
   <div class='ocr_carea' id='block_1_15' title="bbox 490 1584 3766 1667">
    <p class='ocr_par' dir='ltr' id='par_1_15' title="bbox 490 1584 3766 1667">
     <span class='ocr_line' id='line_1_15' title="bbox 490 1584 3766 1667; baseline 0.004 -30"><span class='ocrx_word' id='word_1_222' title='bbox 490 1584 587 1639; x_wconf 79' lang='lat' dir='ltr'><strong>bis.</strong></span> <span class='ocrx_word' id='word_1_223' title='bbox 620 1584 754 1640; x_wconf 83' lang='lat' dir='ltr'><strong>Vide</strong></span> <span class='ocrx_word' id='word_1_224' title='bbox 793 1586 1146 1642; x_wconf 84' lang='lat' dir='ltr'><strong>humilitatem</strong></span> <span class='ocrx_word' id='word_1_225' title='bbox 1180 1606 1194 1641; x_wconf 91' lang='lat'><strong>:</strong></span> <span class='ocrx_word' id='word_1_226' title='bbox 1223 1598 1342 1657; x_wconf 89' lang='lat' dir='ltr'><strong>post</strong></span> <span class='ocrx_word' id='word_1_227' title='bbox 1371 1589 1494 1643; x_wconf 88' lang='lat' dir='ltr'><strong>illos</strong></span> <span class='ocrx_word' id='word_1_228' title='bbox 1536 1590 1772 1658; x_wconf 85' lang='lat' dir='ltr'><strong>seipsum</strong></span> <span class='ocrx_word' id='word_1_229' title='bbox 1803 1591 1971 1659; x_wconf 90' lang='lat' dir='ltr'><strong>ponit.</strong></span> <span class='ocrx_word' id='word_1_230' title='bbox 2007 1590 2075 1645; x_wconf 88' lang='lat' dir='ltr'><strong>Ut</strong></span> <span class='ocrx_word' id='word_1_231' title='bbox 2177 1585 2351 1655; x_wconf 83' lang='lat' dir='ltr'><strong>jorem</strong></span> <span class='ocrx_word' id='word_1_232' title='bbox 2378 1589 2521 1642; x_wconf 88' lang='lat' dir='ltr'><strong>enim</strong></span> <span class='ocrx_word' id='word_1_233' title='bbox 2551 1589 2644 1644; x_wconf 88' lang='lat' dir='ltr'><strong>Dei</strong></span> <span class='ocrx_word' id='word_1_234' title='bbox 2671 1605 2853 1645; x_wconf 87' lang='lat' dir='ltr'><strong>curam</strong></span> <span class='ocrx_word' id='word_1_235' title='bbox 2884 1606 2946 1646; x_wconf 85' lang='lat' dir='ltr'><strong>ac</strong></span> <span class='ocrx_word' id='word_1_236' title='bbox 2976 1593 3363 1661; x_wconf 90' lang='lat' dir='ltr'><strong>providentiam</strong></span> <span class='ocrx_word' id='word_1_237' title='bbox 3388 1605 3473 1651; x_wconf 89' lang='lat' dir='ltr'><strong>est</strong></span> <span class='ocrx_word' id='word_1_238' title='bbox 3502 1597 3587 1651; x_wconf 91' lang='lat' dir='ltr'><strong>hic</strong></span> <span class='ocrx_word' id='word_1_239' title='bbox 3606 1613 3766 1667; x_wconf 91' lang='lat' dir='ltr'><strong>quam</strong></span> 
     </span>
    </p>
   </div>
   <div class='ocr_carea' id='block_1_16' title="bbox 488 1674 3764 1755">
    <p class='ocr_par' dir='ltr' id='par_1_16' title="bbox 488 1674 3764 1755">
     <span class='ocr_line' id='line_1_16' title="bbox 488 1674 3764 1755; baseline 0.004 -26"><span class='ocrx_word' id='word_1_240' title='bbox 488 1674 630 1730; x_wconf 87' lang='lat' dir='ltr'><strong>Deus</strong></span> <span class='ocrx_word' id='word_1_241' title='bbox 652 1679 846 1746; x_wconf 77' lang='lat' dir='ltr'><strong>aperiat</strong></span> <span class='ocrx_word' id='word_1_242' title='bbox 874 1680 1017 1734; x_wconf 85' lang='lat' dir='ltr'><strong>nobis</strong></span> <span class='ocrx_word' id='word_1_243' title='bbox 1055 1681 1238 1734; x_wconf 87' lang='lat' dir='ltr'><strong>ostium</strong></span> <span class='ocrx_word' id='word_1_244' title='bbox 1264 1682 1508 1736; x_wconf 83' lang='lat' dir='ltr'><strong>senuouis</strong></span> <span class='ocrx_word' id='word_1_245' title='bbox 1532 1682 1601 1735; x_wconf 90' lang='lat' dir='ltr'><strong>ad</strong></span> <span class='ocrx_word' id='word_1_246' title='bbox 1624 1683 1929 1753; x_wconf 82' lang='lat' dir='ltr'><strong>loquendum</strong></span> <span class='ocrx_word' id='word_1_247' title='bbox 1959 1701 2069 1755; x_wconf 71' lang='lat' dir='ltr'><strong>my-</strong></span> <span class='ocrx_word' id='word_1_248' title='bbox 2181 1676 2269 1730; x_wconf 92' lang='lat' dir='ltr'><strong>ille</strong></span> <span class='ocrx_word' id='word_1_249' title='bbox 2295 1691 2679 1749; x_wconf 84' lang='lat' dir='ltr'><strong>consequutus,</strong></span> <span class='ocrx_word' id='word_1_250' title='bbox 2711 1690 2771 1735; x_wconf 90' lang='lat' dir='ltr'><strong>ut</strong></span> <span class='ocrx_word' id='word_1_251' title='bbox 2798 1683 2887 1751; x_wconf 89' lang='lat' dir='ltr'><strong>qui</strong></span> <span class='ocrx_word' id='word_1_252' title='bbox 2921 1699 3027 1737; x_wconf 91' lang='lat' dir='ltr'><strong>non</strong></span> <span class='ocrx_word' id='word_1_253' title='bbox 3060 1685 3212 1740; x_wconf 86' lang='lat' dir='ltr'><strong>nobis</strong></span> <span class='ocrx_word' id='word_1_254' title='bbox 3247 1686 3427 1750; x_wconf 82' lang='lat' dir='ltr'><strong>talem,</strong></span> <span class='ocrx_word' id='word_1_255' title='bbox 3460 1687 3552 1741; x_wconf 85' lang='lat' dir='ltr'><strong>sed</strong></span> <span class='ocrx_word' id='word_1_256' title='bbox 3586 1703 3764 1743; x_wconf 83' lang='lat' dir='ltr'><strong>veram</strong></span> 
     </span>
    </p>
   </div>
   <div class='ocr_carea' id='block_1_17' title="bbox 486 1767 3768 1849">
    <p class='ocr_par' dir='ltr' id='par_1_17' title="bbox 486 1767 3768 1849">
     <span class='ocr_line' id='line_1_17' title="bbox 486 1767 3768 1849; baseline 0.003 -30"><span class='ocrx_word' id='word_1_257' title='bbox 486 1769 694 1821; x_wconf 82' lang='lat' dir='ltr'><strong>sterium</strong></span> <span class='ocrx_word' id='word_1_258' title='bbox 727 1767 933 1823; x_wconf 75' lang='lat' dir='ltr'><strong>Christi.</strong></span> <span class='ocrx_word' id='word_1_259' title='bbox 968 1771 1205 1833; x_wconf 83' lang='lat' dir='ltr'><strong>Aditum,</strong></span> <span class='ocrx_word' id='word_1_260' title='bbox 1241 1773 1440 1842; x_wconf 89' lang='lat' dir='ltr'><strong>inquit,</strong></span> <span class='ocrx_word' id='word_1_261' title='bbox 1478 1783 1531 1829; x_wconf 91' lang='lat' dir='ltr'><strong>et</strong></span> <span class='ocrx_word' id='word_1_262' title='bbox 1561 1774 1807 1845; x_wconf 85' lang='lat' dir='ltr'><strong>loquendi</strong></span> <span class='ocrx_word' id='word_1_263' title='bbox 1843 1776 2068 1830; x_wconf 87' lang='lat' dir='ltr'><strong>liberta-</strong></span> <span class='ocrx_word' id='word_1_264' title='bbox 2181 1767 2318 1823; x_wconf 61' lang='lat' dir='ltr'><strong>[erat</strong></span> <span class='ocrx_word' id='word_1_265' title='bbox 2360 1770 2554 1826; x_wconf 81' lang='lat' dir='ltr'><strong>lucem.</strong></span> <span class='ocrx_word' id='word_1_266' title='bbox 2599 1772 2696 1828; x_wconf 85' lang='lat' dir='ltr'><strong>Ubi</strong></span> <span class='ocrx_word' id='word_1_267' title='bbox 2735 1783 2860 1829; x_wconf 83' lang='lat' dir='ltr'><strong>sunt</strong></span> <span class='ocrx_word' id='word_1_268' title='bbox 2893 1777 2984 1845; x_wconf 87' lang='lat' dir='ltr'><strong>qui</strong></span> <span class='ocrx_word' id='word_1_269' title='bbox 3020 1778 3150 1831; x_wconf 88' lang='lat' dir='ltr'><strong>nihil</strong></span> <span class='ocrx_word' id='word_1_270' title='bbox 3195 1778 3382 1833; x_wconf 87' lang='lat' dir='ltr'><strong>volunt</strong></span> <span class='ocrx_word' id='word_1_271' title='bbox 3412 1780 3514 1849; x_wconf 91' lang='lat' dir='ltr'><strong>pati</strong></span> <span class='ocrx_word' id='word_1_272' title='bbox 3549 1788 3768 1849; x_wconf 78' lang='lat' dir='ltr'><strong>propter</strong></span> 
     </span>
    </p>
   </div>
   <div class='ocr_carea' id='block_1_18' title="bbox 486 1858 3765 1941">
    <p class='ocr_par' dir='ltr' id='par_1_18' title="bbox 486 1858 3765 1941">
     <span class='ocr_line' id='line_1_18' title="bbox 486 1858 3765 1941; baseline 0.003 -28"><span class='ocrx_word' id='word_1_273' title='bbox 486 1868 618 1913; x_wconf 85' lang='lat' dir='ltr'><strong>tem.</strong></span> <span class='ocrx_word' id='word_1_274' title='bbox 665 1860 857 1930; x_wconf 70' lang='lat' dir='ltr'><strong>Paptel</strong></span> <span class='ocrx_word' id='word_1_275' title='bbox 904 1871 1081 1917; x_wconf 82' lang='lat' dir='ltr'><strong>tantus</strong></span> <span class='ocrx_word' id='word_1_276' title='bbox 1118 1864 1315 1918; x_wconf 84' lang='lat' dir='ltr'><strong>athleta</strong></span> <span class='ocrx_word' id='word_1_277' title='bbox 1350 1880 1456 1919; x_wconf 92' lang='lat' dir='ltr'><strong>non</strong></span> <span class='ocrx_word' id='word_1_278' title='bbox 1501 1864 1654 1928; x_wconf 76' lang='lat' dir='ltr'><strong>dixit,</strong></span> <span class='ocrx_word' id='word_1_279' title='bbox 1700 1865 1767 1921; x_wconf 91' lang='lat' dir='ltr'><strong>Ut</strong></span> <span class='ocrx_word' id='word_1_280' title='bbox 1810 1866 2004 1921; x_wconf 89' lang='lat' dir='ltr'><strong>liberer</strong></span> <span class='ocrx_word' id='word_1_281' title='bbox 2039 1881 2071 1921; x_wconf 87' lang='lat' dir='ltr'><strong>a</strong></span> <span class='ocrx_word' id='word_1_282' title='bbox 2181 1858 2497 1915; x_wconf 75' lang='lat' dir='ltr'><strong>Christum?</strong></span> <span class='ocrx_word' id='word_1_283' title='bbox 2539 1863 2666 1933; x_wconf 91' lang='lat' dir='ltr'><strong>quid</strong></span> <span class='ocrx_word' id='word_1_284' title='bbox 2710 1875 2888 1920; x_wconf 89' lang='lat' dir='ltr'><strong>autem</strong></span> <span class='ocrx_word' id='word_1_285' title='bbox 2920 1867 3041 1923; x_wconf 84' lang='lat' dir='ltr'><strong>dico</strong></span> <span class='ocrx_word' id='word_1_286' title='bbox 3083 1870 3213 1939; x_wconf 88' lang='lat' dir='ltr'><strong>pati,</strong></span> <span class='ocrx_word' id='word_1_287' title='bbox 3247 1884 3371 1924; x_wconf 91' lang='lat' dir='ltr'><strong>cum</strong></span> <span class='ocrx_word' id='word_1_288' title='bbox 3415 1886 3482 1925; x_wconf 89' lang='lat' dir='ltr'><strong>ne</strong></span> <span class='ocrx_word' id='word_1_289' title='bbox 3509 1870 3765 1941; x_wconf 83' lang='lat' dir='ltr'><strong>pecunias</strong></span> 
     </span>
    </p>
   </div>
   <div class='ocr_carea' id='block_1_19' title="bbox 486 1949 3766 2032">
    <p class='ocr_par' dir='ltr' id='par_1_19' title="bbox 486 1949 3766 2032">
     <span class='ocr_line' id='line_1_19' title="bbox 486 1949 3766 2032; baseline 0.005 -31"><span class='ocrx_word' id='word_1_290' title='bbox 486 1949 736 2015; x_wconf 83' lang='lat' dir='ltr'><strong>vinculis,</strong></span> <span class='ocrx_word' id='word_1_291' title='bbox 765 1949 860 2005; x_wconf 89' lang='lat' dir='ltr'><strong>sed</strong></span> <span class='ocrx_word' id='word_1_292' title='bbox 890 1965 1010 2006; x_wconf 91' lang='lat' dir='ltr'><strong>cum</strong></span> <span class='ocrx_word' id='word_1_293' title='bbox 1042 1961 1187 2009; x_wconf 82' lang='lat' dir='ltr'><strong>esset</strong></span> <span class='ocrx_word' id='word_1_294' title='bbox 1217 1954 1271 2007; x_wconf 92' lang='lat' dir='ltr'><strong>in</strong></span> <span class='ocrx_word' id='word_1_295' title='bbox 1302 1954 1550 2021; x_wconf 88' lang='lat' dir='ltr'><strong>vinculis,</strong></span> <span class='ocrx_word' id='word_1_296' title='bbox 1580 1956 1713 2010; x_wconf 88' lang='lat' dir='ltr'><strong>alios</strong></span> <span class='ocrx_word' id='word_1_297' title='bbox 1742 1957 1983 2026; x_wconf 74' lang='lat' dir='ltr'><strong>rogabat,</strong></span> <span class='ocrx_word' id='word_1_298' title='bbox 2016 1966 2072 2013; x_wconf 92' lang='lat' dir='ltr'><strong>et</strong></span> <span class='ocrx_word' id='word_1_299' title='bbox 2175 1952 2393 2021; x_wconf 85' lang='lat' dir='ltr'><strong>quidem</strong></span> <span class='ocrx_word' id='word_1_300' title='bbox 2442 1955 2608 2009; x_wconf 87' lang='lat' dir='ltr'><strong>velint</strong></span> <span class='ocrx_word' id='word_1_301' title='bbox 2659 1956 3021 2026; x_wconf 81' lang='lat' dir='ltr'><strong>pml&#39;undere?</strong></span> <span class='ocrx_word' id='word_1_302' title='bbox 3074 1960 3347 2016; x_wconf 83' lang='lat' dir='ltr'><strong>Vinciebat</strong></span> <span class='ocrx_word' id='word_1_303' title='bbox 3403 1977 3616 2032; x_wconf 90' lang='lat' dir='ltr'><strong>quoque</strong></span> <span class='ocrx_word' id='word_1_304' title='bbox 3665 1962 3766 2016; x_wconf 89' lang='lat' dir='ltr'><strong>ali-</strong></span> 
     </span>
    </p>
   </div>
   <div class='ocr_carea' id='block_1_20' title="bbox 484 2044 3765 2124">
    <p class='ocr_par' dir='ltr' id='par_1_20' title="bbox 484 2044 3765 2124">
     <span class='ocr_line' id='line_1_20' title="bbox 484 2044 3765 2124; baseline 0.005 -31"><span class='ocrx_word' id='word_1_305' title='bbox 484 2048 709 2108; x_wconf 83' lang='lat' dir='ltr'><strong>propter</strong></span> <span class='ocrx_word' id='word_1_306' title='bbox 750 2056 865 2096; x_wconf 90' lang='lat' dir='ltr'><strong>rem</strong></span> <span class='ocrx_word' id='word_1_307' title='bbox 906 2058 1149 2113; x_wconf 83' lang='lat' dir='ltr'><strong>magnam</strong></span> <span class='ocrx_word' id='word_1_308' title='bbox 1184 2044 1425 2114; x_wconf 78' lang='lat' dir='ltr'><strong>rogabat,</strong></span> <span class='ocrx_word' id='word_1_309' title='bbox 1466 2061 1658 2115; x_wconf 90' lang='lat' dir='ltr'><strong>nempe</strong></span> <span class='ocrx_word' id='word_1_310' title='bbox 1704 2057 1763 2100; x_wconf 91' lang='lat' dir='ltr'><strong>ut</strong></span> <span class='ocrx_word' id='word_1_311' title='bbox 1804 2046 2072 2116; x_wconf 87' lang='lat' dir='ltr'><strong>acciperet</strong></span> <span class='ocrx_word' id='word_1_312' title='bbox 2176 2044 2393 2112; x_wconf 89' lang='lat' dir='ltr'><strong>quando</strong></span> <span class='ocrx_word' id='word_1_313' title='bbox 2418 2044 2634 2113; x_wconf 86' lang='lat' dir='ltr'><strong>Paulus,</strong></span> <span class='ocrx_word' id='word_1_314' title='bbox 2663 2056 2720 2102; x_wconf 89' lang='lat' dir='ltr'><strong>et</strong></span> <span class='ocrx_word' id='word_1_315' title='bbox 2738 2050 3058 2119; x_wconf 84' lang='lat' dir='ltr'><strong>conjiciebat</strong></span> <span class='ocrx_word' id='word_1_316' title='bbox 3085 2052 3135 2107; x_wconf 94' lang='lat' dir='ltr'><strong>in</strong></span> <span class='ocrx_word' id='word_1_317' title='bbox 3162 2067 3434 2109; x_wconf 87' lang='lat' dir='ltr'><strong>carcerem</strong></span> <span class='ocrx_word' id='word_1_318' title='bbox 3461 2072 3474 2108; x_wconf 91' lang='lat'><strong>:</strong></span> <span class='ocrx_word' id='word_1_319' title='bbox 3499 2054 3591 2109; x_wconf 89' lang='lat' dir='ltr'><strong>sed</strong></span> <span class='ocrx_word' id='word_1_320' title='bbox 3621 2066 3765 2124; x_wconf 88' lang='lat' dir='ltr'><strong>post-</strong></span> 
     </span>
    </p>
   </div>
   <div class='ocr_carea' id='block_1_21' title="bbox 486 2130 3760 2215">
    <p class='ocr_par' dir='ltr' id='par_1_21' title="bbox 486 2130 3760 2215">
     <span class='ocr_line' id='line_1_21' title="bbox 486 2130 3760 2215; baseline 0.005 -33"><span class='ocrx_word' id='word_1_321' title='bbox 486 2130 737 2198; x_wconf 83' lang='lat' dir='ltr'><strong>loquendi</strong></span> <span class='ocrx_word' id='word_1_322' title='bbox 763 2131 1082 2187; x_wconf 87' lang='lat' dir='ltr'><strong>libertatem.</strong></span> <span class='ocrx_word' id='word_1_323' title='bbox 1108 2131 1215 2189; x_wconf 86' lang='lat' dir='ltr'><strong>Res</strong></span> <span class='ocrx_word' id='word_1_324' title='bbox 1236 2134 1355 2188; x_wconf 77' lang='lat' dir='ltr'><strong>dna:</strong></span> <span class='ocrx_word' id='word_1_325' title='bbox 1380 2150 1608 2205; x_wconf 70' lang='lat' dir='ltr'><strong>magum,</strong></span> <span class='ocrx_word' id='word_1_326' title='bbox 1640 2151 1835 2206; x_wconf 88' lang='lat' dir='ltr'><strong>nempe</strong></span> <span class='ocrx_word' id='word_1_327' title='bbox 1862 2145 1918 2191; x_wconf 90' lang='lat' dir='ltr'><strong>et</strong></span> <span class='ocrx_word' id='word_1_328' title='bbox 1945 2153 2068 2206; x_wconf 71' lang='lat' dir='ltr'><strong>per.</strong></span> <span class='ocrx_word' id='word_1_329' title='bbox 2176 2148 2337 2201; x_wconf 85' lang='lat' dir='ltr'><strong>quam</strong></span> <span class='ocrx_word' id='word_1_330' title='bbox 2382 2134 2550 2190; x_wconf 79' lang='lat' dir='ltr'><strong>lactus</strong></span> <span class='ocrx_word' id='word_1_331' title='bbox 2580 2147 2662 2192; x_wconf 85' lang='lat' dir='ltr'><strong>est</strong></span> <span class='ocrx_word' id='word_1_332' title='bbox 2690 2137 2885 2193; x_wconf 87' lang='lat' dir='ltr'><strong>Christi</strong></span> <span class='ocrx_word' id='word_1_333' title='bbox 2918 2157 3128 2206; x_wconf 87' lang='lat' dir='ltr'><strong>servus,</strong></span> <span class='ocrx_word' id='word_1_334' title='bbox 3161 2159 3267 2197; x_wconf 91' lang='lat' dir='ltr'><strong>non</strong></span> <span class='ocrx_word' id='word_1_335' title='bbox 3313 2143 3454 2214; x_wconf 89' lang='lat' dir='ltr'><strong>quod</strong></span> <span class='ocrx_word' id='word_1_336' title='bbox 3491 2153 3614 2215; x_wconf 87' lang='lat' dir='ltr'><strong>agat</strong></span> <span class='ocrx_word' id='word_1_337' title='bbox 3641 2146 3760 2215; x_wconf 88' lang='lat' dir='ltr'><strong>glo-</strong></span> 
     </span>
    </p>
   </div>
   <div class='ocr_carea' id='block_1_22' title="bbox 488 2222 3760 2299">
    <p class='ocr_par' dir='ltr' id='par_1_22' title="bbox 488 2222 3760 2299">
     <span class='ocr_line' id='line_1_22' title="bbox 488 2222 3760 2299; baseline 0.006 -31"><span class='ocrx_word' id='word_1_338' title='bbox 488 2234 637 2274; x_wconf 74' lang='lat' dir='ltr'><strong>sena:</strong></span> <span class='ocrx_word' id='word_1_339' title='bbox 692 2222 944 2291; x_wconf 79' lang='lat' dir='ltr'><strong>qualitas,</strong></span> <span class='ocrx_word' id='word_1_340' title='bbox 1000 2232 1055 2277; x_wconf 83' lang='lat' dir='ltr'><strong>et</strong></span> <span class='ocrx_word' id='word_1_341' title='bbox 1104 2224 1203 2278; x_wconf 76' lang='lat' dir='ltr'><strong>rei.</strong></span> <span class='ocrx_word' id='word_1_342' title='bbox 1255 2225 1444 2294; x_wconf 54' lang='lat' dir='ltr'><strong>Papa}!</strong></span> <span class='ocrx_word' id='word_1_343' title='bbox 1502 2237 1698 2297; x_wconf 75' lang='lat' dir='ltr'><strong>quanta</strong></span> <span class='ocrx_word' id='word_1_344' title='bbox 1755 2230 2065 2284; x_wconf 74' lang='lat' dir='ltr'><strong>auctoritas,</strong></span> <span class='ocrx_word' id='word_1_345' title='bbox 2176 2224 2364 2287; x_wconf 85' lang='lat' dir='ltr'><strong>riatur,</strong></span> <span class='ocrx_word' id='word_1_346' title='bbox 2403 2226 2496 2280; x_wconf 89' lang='lat' dir='ltr'><strong>sed</strong></span> <span class='ocrx_word' id='word_1_347' title='bbox 2543 2229 2685 2297; x_wconf 89' lang='lat' dir='ltr'><strong>quod</strong></span> <span class='ocrx_word' id='word_1_348' title='bbox 2740 2231 2990 2299; x_wconf 87' lang='lat' dir='ltr'><strong>patiatur.</strong></span> <span class='ocrx_word' id='word_1_349' title='bbox 3050 2232 3117 2287; x_wconf 85' lang='lat' dir='ltr'><strong>Et</strong></span> <span class='ocrx_word' id='word_1_350' title='bbox 3166 2232 3268 2288; x_wconf 90' lang='lat' dir='ltr'><strong>hoe</strong></span> <span class='ocrx_word' id='word_1_351' title='bbox 3318 2244 3401 2288; x_wconf 89' lang='lat' dir='ltr'><strong>est</strong></span> <span class='ocrx_word' id='word_1_352' title='bbox 3446 2236 3760 2290; x_wconf 86' lang='lat' dir='ltr'><strong>miraculum</strong></span> 
     </span>
    </p>
   </div>
   <div class='ocr_carea' id='block_1_23' title="bbox 490 2310 2080 2393">
    <p class='ocr_par' dir='ltr' id='par_1_23' title="bbox 490 2310 2068 2383">
     <span class='ocr_line' id='line_1_23' title="bbox 490 2310 2068 2383; baseline 0.007 -20"><span class='ocrx_word' id='word_1_353' title='bbox 490 2310 816 2381; x_wconf 81' lang='lat' dir='ltr'><strong>Mysterium,</strong></span> <span class='ocrx_word' id='word_1_354' title='bbox 857 2312 1048 2383; x_wconf 89' lang='lat' dir='ltr'><strong>inquit,</strong></span> <span class='ocrx_word' id='word_1_355' title='bbox 1090 2313 1297 2371; x_wconf 72' lang='lat' dir='ltr'><strong>Christi.</strong></span> <span class='ocrx_word' id='word_1_356' title='bbox 1339 2316 1586 2372; x_wconf 86' lang='lat' dir='ltr'><strong>Ostendit</strong></span> <span class='ocrx_word' id='word_1_357' title='bbox 1628 2318 1758 2372; x_wconf 90' lang='lat' dir='ltr'><strong>nihil</strong></span> <span class='ocrx_word' id='word_1_358' title='bbox 1799 2334 1920 2374; x_wconf 76' lang='lat' dir='ltr'><strong>esse</strong></span> <span class='ocrx_word' id='word_1_359' title='bbox 1964 2321 2068 2375; x_wconf 86' lang='lat' dir='ltr'><strong>sibi</strong></span> 
     </span>
    </p>
   </div>
   <div class='ocr_carea' id='block_1_24' title="bbox 2170 2310 3760 2393">
    <p class='ocr_par' dir='ltr' id='par_1_24' title="bbox 2173 2316 3760 2393">
     <span class='ocr_line' id='line_1_24' title="bbox 2173 2316 3760 2393; baseline 0.006 -25"><span class='ocrx_word' id='word_1_360' title='bbox 2173 2316 2596 2386; x_wconf 73' lang='lat' dir='ltr'><strong>prmdicationis,</strong></span> <span class='ocrx_word' id='word_1_361' title='bbox 2627 2320 2844 2389; x_wconf 86' lang='lat' dir='ltr'><strong>quando</strong></span> <span class='ocrx_word' id='word_1_362' title='bbox 2876 2337 2969 2391; x_wconf 90' lang='lat' dir='ltr'><strong>per</strong></span> <span class='ocrx_word' id='word_1_363' title='bbox 3011 2322 3155 2392; x_wconf 88' lang='lat' dir='ltr'><strong>ipsos</strong></span> <span class='ocrx_word' id='word_1_364' title='bbox 3203 2325 3487 2393; x_wconf 87' lang='lat' dir='ltr'><strong>patientes,</strong></span> <span class='ocrx_word' id='word_1_365' title='bbox 3524 2341 3629 2380; x_wconf 91' lang='lat' dir='ltr'><strong>non</strong></span> <span class='ocrx_word' id='word_1_366' title='bbox 3665 2341 3760 2379; x_wconf 82' lang='lat' dir='ltr'><strong>au-</strong></span> 
     </span>
    </p>
   </div>
   <div class='ocr_carea' id='block_1_25' title="bbox 483 2402 3761 2485">
    <p class='ocr_par' dir='ltr' id='par_1_25' title="bbox 483 2402 3761 2485">
     <span class='ocr_line' id='line_1_25' title="bbox 483 2402 3761 2485; baseline 0.004 -28"><span class='ocrx_word' id='word_1_367' title='bbox 483 2402 895 2460; x_wconf 86' lang='lat' dir='ltr'><strong>desiderabilius</strong></span> <span class='ocrx_word' id='word_1_368' title='bbox 940 2421 1099 2476; x_wconf 89' lang='lat' dir='ltr'><strong>quam</strong></span> <span class='ocrx_word' id='word_1_369' title='bbox 1131 2408 1233 2462; x_wconf 91' lang='lat' dir='ltr'><strong>hoc</strong></span> <span class='ocrx_word' id='word_1_370' title='bbox 1275 2409 1439 2479; x_wconf 90' lang='lat' dir='ltr'><strong>loqui.</strong></span> <span class='ocrx_word' id='word_1_371' title='bbox 1483 2408 1701 2479; x_wconf 84' lang='lat' dir='ltr'><strong>Prapter</strong></span> <span class='ocrx_word' id='word_1_372' title='bbox 1744 2412 1879 2479; x_wconf 88' lang='lat' dir='ltr'><strong>quod</strong></span> <span class='ocrx_word' id='word_1_373' title='bbox 1917 2413 2067 2466; x_wconf 79' lang='lat' dir='ltr'><strong>etiam</strong></span> <span class='ocrx_word' id='word_1_374' title='bbox 2175 2415 2281 2462; x_wconf 92' lang='lat' dir='ltr'><strong>tem</strong></span> <span class='ocrx_word' id='word_1_375' title='bbox 2313 2423 2409 2477; x_wconf 91' lang='lat' dir='ltr'><strong>per</strong></span> <span class='ocrx_word' id='word_1_376' title='bbox 2435 2411 2575 2464; x_wconf 86' lang='lat' dir='ltr'><strong>male</strong></span> <span class='ocrx_word' id='word_1_377' title='bbox 2600 2421 2839 2481; x_wconf 78' lang='lat' dir='ltr'><strong>agentes,</strong></span> <span class='ocrx_word' id='word_1_378' title='bbox 2868 2414 2946 2467; x_wconf 91' lang='lat' dir='ltr'><strong>sic</strong></span> <span class='ocrx_word' id='word_1_379' title='bbox 2977 2414 3238 2468; x_wconf 77' lang='lat' dir='ltr'><strong>excitatur</strong></span> <span class='ocrx_word' id='word_1_380' title='bbox 3265 2424 3320 2469; x_wconf 87' lang='lat' dir='ltr'><strong>et</strong></span> <span class='ocrx_word' id='word_1_381' title='bbox 3348 2425 3591 2485; x_wconf 88' lang='lat' dir='ltr'><strong>augetur.</strong></span> <span class='ocrx_word' id='word_1_382' title='bbox 3625 2415 3761 2472; x_wconf 83' lang='lat' dir='ltr'><strong>Ubi-</strong></span> 
     </span>
    </p>
   </div>
   <div class='ocr_carea' id='block_1_26' title="bbox 482 2496 3759 2573">
    <p class='ocr_par' dir='ltr' id='par_1_26' title="bbox 482 2496 3759 2573">
     <span class='ocr_line' id='line_1_26' title="bbox 482 2496 3759 2573; baseline 0.003 -24"><span class='ocrx_word' id='word_1_383' title='bbox 482 2496 683 2550; x_wconf 82' lang='lat' dir='ltr'><strong>uinctus</strong></span> <span class='ocrx_word' id='word_1_384' title='bbox 716 2514 848 2563; x_wconf 88' lang='lat' dir='ltr'><strong>sum,</strong></span> <span class='ocrx_word' id='word_1_385' title='bbox 878 2499 932 2554; x_wconf 68' lang='grc' dir='ltr'>Δ.</span> <span class='ocrx_word' id='word_1_386' title='bbox 963 2506 1019 2552; x_wconf 84' lang='lat' dir='ltr'><strong>ut</strong></span> <span class='ocrx_word' id='word_1_387' title='bbox 1046 2500 1362 2570; x_wconf 79' lang='lat' dir='ltr'><strong>manifestem</strong></span> <span class='ocrx_word' id='word_1_388' title='bbox 1392 2501 1540 2565; x_wconf 79' lang='lat' dir='ltr'><strong>illud,</strong></span> <span class='ocrx_word' id='word_1_389' title='bbox 1578 2503 1649 2556; x_wconf 87' lang='lat' dir='ltr'><strong>ita</strong></span> <span class='ocrx_word' id='word_1_390' title='bbox 1676 2513 1727 2556; x_wconf 87' lang='lat' dir='ltr'><strong>ut</strong></span> <span class='ocrx_word' id='word_1_391' title='bbox 1768 2514 1960 2571; x_wconf 85' lang='lat' dir='ltr'><strong>oportet</strong></span> <span class='ocrx_word' id='word_1_392' title='bbox 1987 2522 2068 2559; x_wconf 87' lang='lat' dir='ltr'><strong>me</strong></span> <span class='ocrx_word' id='word_1_393' title='bbox 2174 2513 2295 2553; x_wconf 74' lang='lat' dir='ltr'><strong>nam</strong></span> <span class='ocrx_word' id='word_1_394' title='bbox 2337 2500 2471 2555; x_wconf 70' lang='lat' dir='ltr'><strong>Vidit</strong></span> <span class='ocrx_word' id='word_1_395' title='bbox 2511 2502 2773 2573; x_wconf 79' lang='lat' dir='ltr'><strong>quispiam</strong></span> <span class='ocrx_word' id='word_1_396' title='bbox 2804 2503 3066 2573; x_wconf 88' lang='lat' dir='ltr'><strong>ejusmodi</strong></span> <span class='ocrx_word' id='word_1_397' title='bbox 3113 2505 3445 2560; x_wconf 83' lang='lat' dir='ltr'><strong>certamina?</strong></span> <span class='ocrx_word' id='word_1_398' title='bbox 3483 2506 3583 2573; x_wconf 90' lang='lat' dir='ltr'><strong>Qui</strong></span> <span class='ocrx_word' id='word_1_399' title='bbox 3619 2505 3759 2561; x_wconf 88' lang='lat' dir='ltr'><strong>male</strong></span> 
     </span>
    </p>
   </div>
   <div class='ocr_carea' id='block_1_27' title="bbox 479 2588 3757 2670">
    <p class='ocr_par' dir='ltr' id='par_1_27' title="bbox 479 2588 3757 2670">
     <span class='ocr_line' id='line_1_27' title="bbox 479 2588 3757 2670; baseline 0.003 -28"><span class='ocrx_word' id='word_1_400' title='bbox 479 2588 639 2659; x_wconf 80' lang='lat' dir='ltr'><strong>loqui.</strong></span> <span class='ocrx_word' id='word_1_401' title='bbox 687 2588 821 2643; x_wconf 90' lang='lat' dir='ltr'><strong>Cum</strong></span> <span class='ocrx_word' id='word_1_402' title='bbox 868 2606 1083 2662; x_wconf 87' lang='lat' dir='ltr'><strong>magna,</strong></span> <span class='ocrx_word' id='word_1_403' title='bbox 1136 2593 1323 2664; x_wconf 87' lang='lat' dir='ltr'><strong>inquit,</strong></span> <span class='ocrx_word' id='word_1_404' title='bbox 1383 2595 1574 2651; x_wconf 76' lang='lat' dir='ltr'><strong>fiducia</strong></span> <span class='ocrx_word' id='word_1_405' title='bbox 1623 2605 1679 2651; x_wconf 89' lang='lat' dir='ltr'><strong>et</strong></span> <span class='ocrx_word' id='word_1_406' title='bbox 1732 2597 1941 2651; x_wconf 87' lang='lat' dir='ltr'><strong>dicendi</strong></span> <span class='ocrx_word' id='word_1_407' title='bbox 1999 2599 2065 2652; x_wconf 86' lang='lat' dir='ltr'><strong>li-</strong></span> <span class='ocrx_word' id='word_1_408' title='bbox 2172 2596 2385 2664; x_wconf 88' lang='lat' dir='ltr'><strong>patitur,</strong></span> <span class='ocrx_word' id='word_1_409' title='bbox 2422 2596 2586 2651; x_wconf 87' lang='lat' dir='ltr'><strong>vincit</strong></span> <span class='ocrx_word' id='word_1_410' title='bbox 2620 2614 2633 2649; x_wconf 94' lang='lat'><strong>:</strong></span> <span class='ocrx_word' id='word_1_411' title='bbox 2665 2606 2720 2652; x_wconf 92' lang='lat' dir='ltr'><strong>et</strong></span> <span class='ocrx_word' id='word_1_412' title='bbox 2758 2599 2846 2668; x_wconf 94' lang='lat' dir='ltr'><strong>qni</strong></span> <span class='ocrx_word' id='word_1_413' title='bbox 2889 2600 3030 2654; x_wconf 90' lang='lat' dir='ltr'><strong>male</strong></span> <span class='ocrx_word' id='word_1_414' title='bbox 3072 2599 3201 2670; x_wconf 88' lang='lat' dir='ltr'><strong>agit,</strong></span> <span class='ocrx_word' id='word_1_415' title='bbox 3237 2599 3489 2653; x_wconf 87' lang='lat' dir='ltr'><strong>vincitur.</strong></span> <span class='ocrx_word' id='word_1_416' title='bbox 3520 2597 3613 2653; x_wconf 91' lang='lat' dir='ltr'><strong>llle</strong></span> <span class='ocrx_word' id='word_1_417' title='bbox 3653 2597 3757 2653; x_wconf 90' lang='lat' dir='ltr'><strong>hoc</strong></span> 
     </span>
    </p>
   </div>
   <div class='ocr_carea' id='block_1_28' title="bbox 476 2679 3755 2760">
    <p class='ocr_par' dir='ltr' id='par_1_28' title="bbox 476 2679 3755 2760">
     <span class='ocr_line' id='line_1_28' title="bbox 476 2679 3755 2760; baseline 0.003 -26"><span class='ocrx_word' id='word_1_418' title='bbox 476 2679 712 2749; x_wconf 81' lang='lat' dir='ltr'><strong>bertate,</strong></span> <span class='ocrx_word' id='word_1_419' title='bbox 745 2681 881 2738; x_wconf 86' lang='lat' dir='ltr'><strong>nihil</strong></span> <span class='ocrx_word' id='word_1_420' title='bbox 910 2686 1248 2741; x_wconf 91' lang='lat' dir='ltr'><strong>reticentem.</strong></span> <span class='ocrx_word' id='word_1_421' title='bbox 1277 2687 1463 2751; x_wconf 80' lang='lat' dir='ltr'><strong>Vides,</strong></span> <span class='ocrx_word' id='word_1_422' title='bbox 1496 2689 1704 2743; x_wconf 84' lang='lat' dir='ltr'><strong>vincula</strong></span> <span class='ocrx_word' id='word_1_423' title='bbox 1735 2707 1855 2745; x_wconf 84' lang='lat' dir='ltr'><strong>eum</strong></span> <span class='ocrx_word' id='word_1_424' title='bbox 1890 2693 2064 2746; x_wconf 82' lang='lat' dir='ltr'><strong>mani-</strong></span> <span class='ocrx_word' id='word_1_425' title='bbox 2169 2686 2485 2756; x_wconf 73' lang='lat' dir='ltr'><strong>praeclarior</strong></span> <span class='ocrx_word' id='word_1_426' title='bbox 2516 2704 2532 2744; x_wconf 91' lang='lat'><strong>:</strong></span> <span class='ocrx_word' id='word_1_427' title='bbox 2566 2688 2875 2757; x_wconf 71' lang='lat' dir='ltr'><strong>prtedicatio</strong></span> <span class='ocrx_word' id='word_1_428' title='bbox 2921 2690 3159 2744; x_wconf 88' lang='lat' dir='ltr'><strong>introivit</strong></span> <span class='ocrx_word' id='word_1_429' title='bbox 3207 2704 3304 2760; x_wconf 89' lang='lat' dir='ltr'><strong>per</strong></span> <span class='ocrx_word' id='word_1_430' title='bbox 3349 2689 3582 2744; x_wconf 84' lang='lat' dir='ltr'><strong>vincula.</strong></span> <span class='ocrx_word' id='word_1_431' title='bbox 3637 2688 3755 2743; x_wconf 82' lang='lat' dir='ltr'><strong>Non</strong></span> 
     </span>
    </p>
   </div>
   <div class='ocr_carea' id='block_1_29' title="bbox 478 2773 3758 2851">
    <p class='ocr_par' dir='ltr' id='par_1_29' title="bbox 478 2773 3758 2851">
     <span class='ocr_line' id='line_1_29' title="bbox 478 2773 3758 2851; baseline 0.002 -25"><span class='ocrx_word' id='word_1_432' title='bbox 478 2773 677 2829; x_wconf 73' lang='lat' dir='ltr'><strong>festum</strong></span> <span class='ocrx_word' id='word_1_433' title='bbox 731 2774 981 2842; x_wconf 89' lang='lat' dir='ltr'><strong>reddunt,</strong></span> <span class='ocrx_word' id='word_1_434' title='bbox 1029 2792 1139 2833; x_wconf 75' lang='lat' dir='ltr'><strong>non</strong></span> <span class='ocrx_word' id='word_1_435' title='bbox 1188 2780 1240 2834; x_wconf 86' lang='lat' dir='ltr'><strong>in</strong></span> <span class='ocrx_word' id='word_1_436' title='bbox 1307 2781 1540 2836; x_wconf 74' lang='lat' dir='ltr'><strong>obscuro</strong></span> <span class='ocrx_word' id='word_1_437' title='bbox 1589 2784 1875 2839; x_wconf 75' lang='lat' dir='ltr'><strong>collocant,</strong></span> <span class='ocrx_word' id='word_1_438' title='bbox 1929 2784 2061 2839; x_wconf 81' lang='lat' dir='ltr'><strong>Cum</strong></span> <span class='ocrx_word' id='word_1_439' title='bbox 2169 2778 2446 2845; x_wconf 86' lang='lat' dir='ltr'><strong>erubesco,</strong></span> <span class='ocrx_word' id='word_1_440' title='bbox 2479 2780 2671 2851; x_wconf 91' lang='lat' dir='ltr'><strong>inquit,</strong></span> <span class='ocrx_word' id='word_1_441' title='bbox 2704 2780 2799 2836; x_wconf 89' lang='lat' dir='ltr'><strong>sed</strong></span> <span class='ocrx_word' id='word_1_442' title='bbox 2828 2782 2990 2837; x_wconf 85' lang='lat' dir='ltr'><strong>etiam</strong></span> <span class='ocrx_word' id='word_1_443' title='bbox 3021 2783 3242 2851; x_wconf 81' lang='lat' dir='ltr'><strong>glorior,</strong></span> <span class='ocrx_word' id='word_1_444' title='bbox 3270 2782 3588 2836; x_wconf 77' lang='lat' dir='ltr'><strong>crncilixum</strong></span> <span class='ocrx_word' id='word_1_445' title='bbox 3619 2794 3758 2851; x_wconf 63' lang='lat' dir='ltr'><strong>prae.</strong></span> 
     </span>
    </p>
   </div>
   <div class='ocr_carea' id='block_1_30' title="bbox 477 2865 3754 2944">
    <p class='ocr_par' dir='ltr' id='par_1_30' title="bbox 477 2865 3754 2944">
     <span class='ocr_line' id='line_1_30' title="bbox 477 2865 3754 2944; baseline 0.002 -26"><span class='ocrx_word' id='word_1_446' title='bbox 477 2865 665 2929; x_wconf 80' lang='lat' dir='ltr'><strong>multa,</strong></span> <span class='ocrx_word' id='word_1_447' title='bbox 697 2865 887 2936; x_wconf 85' lang='lat' dir='ltr'><strong>inquit,</strong></span> <span class='ocrx_word' id='word_1_448' title='bbox 921 2866 1112 2924; x_wconf 84' lang='lat' dir='ltr'><strong>ﬁducia</strong></span> <span class='ocrx_word' id='word_1_449' title='bbox 1147 2878 1203 2925; x_wconf 90' lang='lat' dir='ltr'><strong>et</strong></span> <span class='ocrx_word' id='word_1_450' title='bbox 1226 2870 1436 2927; x_wconf 87' lang='lat' dir='ltr'><strong>dicendi</strong></span> <span class='ocrx_word' id='word_1_451' title='bbox 1472 2872 1738 2929; x_wconf 88' lang='lat' dir='ltr'><strong>libertate.</strong></span> <span class='ocrx_word' id='word_1_452' title='bbox 1785 2875 1877 2930; x_wconf 91' lang='lat' dir='ltr'><strong>Dic</strong></span> <span class='ocrx_word' id='word_1_453' title='bbox 1908 2877 2059 2944; x_wconf 91' lang='lat' dir='ltr'><strong>mihi,</strong></span> <span class='ocrx_word' id='word_1_454' title='bbox 2168 2869 2377 2927; x_wconf 88' lang='lat' dir='ltr'><strong>dicans.</strong></span> <span class='ocrx_word' id='word_1_455' title='bbox 2409 2870 2499 2928; x_wconf 91' lang='lat' dir='ltr'><strong>Sic</strong></span> <span class='ocrx_word' id='word_1_456' title='bbox 2529 2881 2711 2927; x_wconf 87' lang='lat' dir='ltr'><strong>autem</strong></span> <span class='ocrx_word' id='word_1_457' title='bbox 2741 2874 2915 2944; x_wconf 84' lang='lat' dir='ltr'><strong>cogita</strong></span> <span class='ocrx_word' id='word_1_458' title='bbox 2950 2891 2963 2928; x_wconf 90' lang='lat'><strong>:</strong></span> <span class='ocrx_word' id='word_1_459' title='bbox 2998 2873 3295 2930; x_wconf 81' lang='lat' dir='ltr'><strong>Universos</strong></span> <span class='ocrx_word' id='word_1_460' title='bbox 3323 2874 3471 2928; x_wconf 91' lang='lat' dir='ltr'><strong>orbis</strong></span> <span class='ocrx_word' id='word_1_461' title='bbox 3502 2884 3660 2927; x_wconf 69' lang='lat' dir='ltr'><strong>terra:</strong></span> <span class='ocrx_word' id='word_1_462' title='bbox 3689 2872 3754 2925; x_wconf 91' lang='lat' dir='ltr'><strong>iis</strong></span> 
     </span>
    </p>
   </div>
   <div class='ocr_carea' id='block_1_31' title="bbox 483 2959 3754 3042">
    <p class='ocr_par' dir='ltr' id='par_1_31' title="bbox 483 2959 3754 3042">
     <span class='ocr_line' id='line_1_31' title="bbox 483 2959 3754 3042; baseline 0.002 -28"><span class='ocrx_word' id='word_1_463' title='bbox 483 2969 539 3012; x_wconf 87' lang='lat' dir='ltr'><strong>tu</strong></span> <span class='ocrx_word' id='word_1_464' title='bbox 565 2959 778 3015; x_wconf 88' lang='lat' dir='ltr'><strong>vinctus</strong></span> <span class='ocrx_word' id='word_1_465' title='bbox 805 2976 885 3028; x_wconf 84' lang='lat' dir='ltr'><strong>es,</strong></span> <span class='ocrx_word' id='word_1_466' title='bbox 918 2971 972 3018; x_wconf 86' lang='lat' dir='ltr'><strong>et</strong></span> <span class='ocrx_word' id='word_1_467' title='bbox 997 2965 1133 3019; x_wconf 85' lang='lat' dir='ltr'><strong>alios</strong></span> <span class='ocrx_word' id='word_1_468' title='bbox 1155 2966 1480 3022; x_wconf 79' lang='lat' dir='ltr'><strong>consolaris?</strong></span> <span class='ocrx_word' id='word_1_469' title='bbox 1505 2968 1732 3026; x_wconf 73' lang='lat' dir='ltr'><strong>Maxime</strong></span> <span class='ocrx_word' id='word_1_470' title='bbox 1760 2989 1775 3026; x_wconf 74' lang='grc' dir='ltr'>ε</span> <span class='ocrx_word' id='word_1_471' title='bbox 1803 2972 2061 3042; x_wconf 62' lang='grc' dir='ltr'><strong>νηπίου-«ιω</strong></span> <span class='ocrx_word' id='word_1_472' title='bbox 2169 2962 2406 3020; x_wconf 88' lang='lat' dir='ltr'><strong>dimissis</strong></span> <span class='ocrx_word' id='word_1_473' title='bbox 2433 2964 2525 3035; x_wconf 88' lang='lat' dir='ltr'><strong>qui</strong></span> <span class='ocrx_word' id='word_1_474' title='bbox 2555 2978 2679 3020; x_wconf 89' lang='lat' dir='ltr'><strong>sunt</strong></span> <span class='ocrx_word' id='word_1_475' title='bbox 2709 2967 2890 3031; x_wconf 88' lang='lat' dir='ltr'><strong>soluti,</strong></span> <span class='ocrx_word' id='word_1_476' title='bbox 2923 2968 3131 3022; x_wconf 87' lang='lat' dir='ltr'><strong>accedit</strong></span> <span class='ocrx_word' id='word_1_477' title='bbox 3159 2967 3225 3021; x_wconf 90' lang='lat' dir='ltr'><strong>ad</strong></span> <span class='ocrx_word' id='word_1_478' title='bbox 3255 2967 3459 3020; x_wconf 86' lang='lat' dir='ltr'><strong>vinctos</strong></span> <span class='ocrx_word' id='word_1_479' title='bbox 3491 2983 3505 3017; x_wconf 90' lang='lat'><strong>:</strong></span> <span class='ocrx_word' id='word_1_480' title='bbox 3537 2979 3632 3020; x_wconf 89' lang='lat' dir='ltr'><strong>eos</strong></span> <span class='ocrx_word' id='word_1_481' title='bbox 3661 2965 3754 3033; x_wconf 89' lang='lat' dir='ltr'><strong>qui</strong></span> 
     </span>
    </p>
   </div>
   <div class='ocr_carea' id='block_1_32' title="bbox 481 3050 3752 3137">
    <p class='ocr_par' dir='ltr' id='par_1_32' title="bbox 481 3050 3752 3137">
     <span class='ocr_line' id='line_1_32' title="bbox 481 3050 3752 3137; baseline 0.001 -30"><span class='ocrx_word' id='word_1_482' title='bbox 481 3050 736 3120; x_wconf 84' lang='lat' dir='ltr'><strong>loquendi</strong></span> <span class='ocrx_word' id='word_1_483' title='bbox 768 3054 1067 3111; x_wconf 89' lang='lat' dir='ltr'><strong>libertatem</strong></span> <span class='ocrx_word' id='word_1_484' title='bbox 1088 3058 1218 3112; x_wconf 85' lang='lat' dir='ltr'><strong>dant</strong></span> <span class='ocrx_word' id='word_1_485' title='bbox 1245 3060 1373 3114; x_wconf 83' lang='lat' dir='ltr'><strong>mihi</strong></span> <span class='ocrx_word' id='word_1_486' title='bbox 1405 3060 1611 3117; x_wconf 75' lang='lat' dir='ltr'><strong>vincula</strong></span> <span class='ocrx_word' id='word_1_487' title='bbox 1643 3081 1658 3119; x_wconf 71' lang='grc' dir='ltr'>ε</span> <span class='ocrx_word' id='word_1_488' title='bbox 1687 3064 1780 3119; x_wconf 68' lang='lat' dir='ltr'><strong>sed</strong></span> <span class='ocrx_word' id='word_1_489' title='bbox 1808 3066 1901 3121; x_wconf 77' lang='lat' dir='ltr'><strong>Dei</strong></span> <span class='ocrx_word' id='word_1_490' title='bbox 1932 3082 2062 3137; x_wconf 65' lang='lat' dir='ltr'><strong>rogo</strong></span> <span class='ocrx_word' id='word_1_491' title='bbox 2167 3056 2409 3111; x_wconf 87' lang='lat' dir='ltr'><strong>vinciunt</strong></span> <span class='ocrx_word' id='word_1_492' title='bbox 2436 3073 2713 3123; x_wconf 79' lang='lat' dir='ltr'><strong>aversaris,</strong></span> <span class='ocrx_word' id='word_1_493' title='bbox 2747 3059 2978 3114; x_wconf 85' lang='lat' dir='ltr'><strong>honorat</strong></span> <span class='ocrx_word' id='word_1_494' title='bbox 3017 3074 3110 3114; x_wconf 89' lang='lat' dir='ltr'><strong>eos</strong></span> <span class='ocrx_word' id='word_1_495' title='bbox 3151 3060 3239 3129; x_wconf 92' lang='lat' dir='ltr'><strong>qui</strong></span> <span class='ocrx_word' id='word_1_496' title='bbox 3272 3067 3399 3113; x_wconf 90' lang='lat' dir='ltr'><strong>sunt</strong></span> <span class='ocrx_word' id='word_1_497' title='bbox 3436 3056 3752 3112; x_wconf 86' lang='lat' dir='ltr'><strong>circumdati</strong></span> 
     </span>
    </p>
   </div>
   <div class='ocr_carea' id='block_1_33' title="bbox 476 3144 3753 3225">
    <p class='ocr_par' dir='ltr' id='par_1_33' title="bbox 476 3144 3753 3225">
     <span class='ocr_line' id='line_1_33' title="bbox 476 3144 3753 3225; baseline 0.005 -31"><span class='ocrx_word' id='word_1_498' title='bbox 476 3144 759 3211; x_wconf 84' lang='lat' dir='ltr'><strong>auxilium,</strong></span> <span class='ocrx_word' id='word_1_499' title='bbox 800 3147 980 3202; x_wconf 80' lang='lat' dir='ltr'><strong>audivi</strong></span> <span class='ocrx_word' id='word_1_500' title='bbox 1026 3151 1169 3204; x_wconf 91' lang='lat' dir='ltr'><strong>enim</strong></span> <span class='ocrx_word' id='word_1_501' title='bbox 1206 3149 1478 3208; x_wconf 89' lang='lat' dir='ltr'><strong>Christum</strong></span> <span class='ocrx_word' id='word_1_502' title='bbox 1520 3154 1809 3220; x_wconf 87' lang='lat' dir='ltr'><strong>dicentem,</strong></span> <span class='ocrx_word' id='word_1_503' title='bbox 1844 3158 2061 3225; x_wconf 79' lang='lat' dir='ltr'><strong>Quando</strong></span> <span class='ocrx_word' id='word_1_504' title='bbox 2166 3148 2409 3213; x_wconf 79' lang='lat' dir='ltr'><strong>catenis;</strong></span> <span class='ocrx_word' id='word_1_505' title='bbox 2453 3162 2548 3204; x_wconf 86' lang='lat' dir='ltr'><strong>eos</strong></span> <span class='ocrx_word' id='word_1_506' title='bbox 2587 3148 2713 3203; x_wconf 85' lang='lat' dir='ltr'><strong>odio</strong></span> <span class='ocrx_word' id='word_1_507' title='bbox 2752 3149 2967 3205; x_wconf 83' lang='lat' dir='ltr'><strong>habens</strong></span> <span class='ocrx_word' id='word_1_508' title='bbox 3004 3150 3095 3219; x_wconf 87' lang='lat' dir='ltr'><strong>qui</strong></span> <span class='ocrx_word' id='word_1_509' title='bbox 3126 3150 3189 3219; x_wconf 81' lang='lat' dir='ltr'><strong>in</strong></span> <span class='ocrx_word' id='word_1_510' title='bbox 3236 3163 3450 3204; x_wconf 87' lang='lat' dir='ltr'><strong>crucem</strong></span> <span class='ocrx_word' id='word_1_511' title='bbox 3498 3155 3753 3217; x_wconf 75' lang='lat' dir='ltr'><strong>egerunt.</strong></span> 
     </span>
    </p>
   </div>
   <div class='ocr_carea' id='block_1_34' title="bbox 470 3235 2060 3321">
    <p class='ocr_par' dir='ltr' id='par_1_34' title="bbox 470 3235 2059 3321">
     <span class='ocr_line' id='line_1_34' title="bbox 470 3235 2059 3321; baseline 0.011 -35"><span class='ocrx_word' id='word_1_512' title='bbox 470 3249 563 3287; x_wconf 69' lang='lat' dir='ltr'><strong>eos</strong></span> <span class='ocrx_word' id='word_1_513' title='bbox 588 3235 804 3301; x_wconf 88' lang='lat' dir='ltr'><strong>tradent,</strong></span> <span class='ocrx_word' id='word_1_514' title='bbox 848 3239 1005 3293; x_wconf 80' lang='lat' dir='ltr'><strong>nolite</strong></span> <span class='ocrx_word' id='word_1_515' title='bbox 1031 3257 1138 3295; x_wconf 82' lang='lat' dir='ltr'><strong>esse</strong></span> <span class='ocrx_word' id='word_1_516' title='bbox 1163 3243 1389 3308; x_wconf 83' lang='lat' dir='ltr'><strong>solliciti,</strong></span> <span class='ocrx_word' id='word_1_517' title='bbox 1421 3248 1671 3315; x_wconf 82' lang='lat' dir='ltr'><strong>quomodo</strong></span> <span class='ocrx_word' id='word_1_518' title='bbox 1698 3258 1787 3301; x_wconf 86' lang='lat' dir='ltr'><strong>aut</strong></span> <span class='ocrx_word' id='word_1_519' title='bbox 1829 3251 1951 3321; x_wconf 83' lang='lat' dir='ltr'><strong>quid</strong></span> <span class='ocrx_word' id='word_1_520' title='bbox 1978 3251 2059 3304; x_wconf 67' lang='lat' dir='ltr'><strong>lo.</strong></span> 
     </span>
    </p>
   </div>
   <div class='ocr_carea' id='block_1_35' title="bbox 1120 3235 2710 3321">
    <p class='ocr_par' dir='ltr' id='par_1_35' title="bbox 1120 3237 2710 3321">
     <span class='ocr_line' id='line_1_35' title="bbox 1120 3237 2710 3321; baseline 0.004 -26"><span class='ocrx_word' id='word_1_521' title='bbox 1120 3259 1138 3295; x_wconf 74' lang='grc' dir='ltr'>ε</span> <span class='ocrx_word' id='word_1_522' title='bbox 1163 3243 1389 3308; x_wconf 83' lang='lat' dir='ltr'><strong>solliciti,</strong></span> <span class='ocrx_word' id='word_1_523' title='bbox 1421 3248 1671 3315; x_wconf 82' lang='lat' dir='ltr'><strong>quomodo</strong></span> <span class='ocrx_word' id='word_1_524' title='bbox 1698 3258 1787 3301; x_wconf 86' lang='lat' dir='ltr'><strong>aut</strong></span> <span class='ocrx_word' id='word_1_525' title='bbox 1829 3251 1951 3321; x_wconf 83' lang='lat' dir='ltr'><strong>quid</strong></span> <span class='ocrx_word' id='word_1_526' title='bbox 1978 3251 2059 3304; x_wconf 71' lang='lat' dir='ltr'><strong>lo.</strong></span> <span class='ocrx_word' id='word_1_527' title='bbox 2170 3237 2359 3292; x_wconf 63' lang='grc' dir='ltr'><strong>δάοτειῑ</strong></span> <span class='ocrx_word' id='word_1_528' title='bbox 2383 3237 2710 3293; x_wconf 69' lang='grc' dir='ltr'><strong>οτυοῖηκιιῐῐιι</strong></span> 
     </span>
    </p>
   </div>
   <div class='ocr_carea' id='block_1_36' title="bbox 471 3326 3748 3406">
    <p class='ocr_par' dir='ltr' id='par_1_36' title="bbox 471 3326 3748 3406">
     <span class='ocr_line' id='line_1_36' title="bbox 471 3326 3748 3406; baseline 0.006 -29"><span class='ocrx_word' id='word_1_529' title='bbox 471 3326 700 3389; x_wconf 81' lang='lat' dir='ltr'><strong>quamini</strong></span> <span class='ocrx_word' id='word_1_530' title='bbox 725 3326 945 3397; x_wconf 83' lang='lat' dir='ltr'><strong>(Matth.</strong></span> <span class='ocrx_word' id='word_1_531' title='bbox 978 3330 1067 3384; x_wconf 88' lang='grc'>10.</span> <span class='ocrx_word' id='word_1_532' title='bbox 1100 3330 1213 3402; x_wconf 88' lang='grc'>19).</span> <span class='ocrx_word' id='word_1_533' title='bbox 1247 3333 1312 3387; x_wconf 86' lang='lat' dir='ltr'><strong>Et</strong></span> <span class='ocrx_word' id='word_1_534' title='bbox 1339 3334 1460 3390; x_wconf 88' lang='lat' dir='ltr'><strong>vide</strong></span> <span class='ocrx_word' id='word_1_535' title='bbox 1486 3338 1757 3406; x_wconf 90' lang='lat' dir='ltr'><strong>quomodo</strong></span> <span class='ocrx_word' id='word_1_536' title='bbox 1784 3339 1917 3394; x_wconf 81' lang='lat' dir='ltr'><strong>dixit</strong></span> <span class='ocrx_word' id='word_1_537' title='bbox 1942 3357 2057 3395; x_wconf 90' lang='lat' dir='ltr'><strong>me-</strong></span> <span class='ocrx_word' id='word_1_538' title='bbox 2236 3333 2290 3385; x_wconf 70' lang='grc'><strong>4-</strong></span> <span class='ocrx_word' id='word_1_539' title='bbox 2323 3329 2509 3400; x_wconf 81' lang='lat' dir='ltr'><strong>Neque</strong></span> <span class='ocrx_word' id='word_1_540' title='bbox 2529 3333 2705 3386; x_wconf 68' lang='lat' dir='ltr'><strong>30mm</strong></span> <span class='ocrx_word' id='word_1_541' title='bbox 2732 3338 2816 3384; x_wconf 72' lang='grc' dir='ltr'><strong>εει</strong></span> <span class='ocrx_word' id='word_1_542' title='bbox 2841 3330 3168 3395; x_wconf 65' lang='lat' dir='ltr'><strong>mirandum.</strong></span> <span class='ocrx_word' id='word_1_543' title='bbox 3202 3329 3343 3399; x_wconf 73' lang='grc' dir='ltr'><strong>(ιιιοά</strong></span> <span class='ocrx_word' id='word_1_544' title='bbox 3366 3330 3665 3399; x_wconf 51' lang='lat' dir='ltr'><strong>l’l‘s‘cal‘ln8</strong></span> <span class='ocrx_word' id='word_1_545' title='bbox 3693 3336 3748 3381; x_wconf 68' lang='grc' dir='ltr'><strong>ει</strong></span> 
     </span>
    </p>
   </div>
   <div class='ocr_carea' id='block_1_37' title="bbox 475 3416 3750 3491">
    <p class='ocr_par' dir='ltr' id='par_1_37' title="bbox 475 3416 3750 3491">
     <span class='ocr_line' id='line_1_37' title="bbox 475 3416 3750 3491; baseline 0 -16"><span class='ocrx_word' id='word_1_546' title='bbox 475 3416 772 3483; x_wconf 75' lang='lat' dir='ltr'><strong>laphorice.</strong></span> <span class='ocrx_word' id='word_1_547' title='bbox 825 3416 893 3471; x_wconf 82' lang='lat' dir='ltr'><strong>Ut</strong></span> <span class='ocrx_word' id='word_1_548' title='bbox 940 3418 1078 3475; x_wconf 85' lang='lat' dir='ltr'><strong>Deus</strong></span> <span class='ocrx_word' id='word_1_549' title='bbox 1118 3425 1315 3491; x_wconf 81' lang='lat' dir='ltr'><strong>aperiat</strong></span> <span class='ocrx_word' id='word_1_550' title='bbox 1357 3426 1501 3480; x_wconf 85' lang='lat' dir='ltr'><strong>nobis</strong></span> <span class='ocrx_word' id='word_1_551' title='bbox 1546 3430 1728 3482; x_wconf 82' lang='lat' dir='ltr'><strong>ostium</strong></span> <span class='ocrx_word' id='word_1_552' title='bbox 1772 3432 2063 3487; x_wconf 68' lang='lat' dir='ltr'><strong>sermonis?</strong></span> <span class='ocrx_word' id='word_1_553' title='bbox 2169 3423 2350 3478; x_wconf 74' lang='lat' dir='ltr'><strong>idiota:</strong></span> <span class='ocrx_word' id='word_1_554' title='bbox 2370 3432 2529 3477; x_wconf 88' lang='lat' dir='ltr'><strong>erant</strong></span> <span class='ocrx_word' id='word_1_555' title='bbox 2559 3423 2963 3491; x_wconf 74' lang='lat' dir='ltr'><strong>praedicatores,</strong></span> <span class='ocrx_word' id='word_1_556' title='bbox 3000 3421 3089 3475; x_wconf 86' lang='lat' dir='ltr'><strong>sed</strong></span> <span class='ocrx_word' id='word_1_557' title='bbox 3118 3422 3277 3474; x_wconf 90' lang='lat' dir='ltr'><strong>etiam</strong></span> <span class='ocrx_word' id='word_1_558' title='bbox 3304 3423 3447 3491; x_wconf 86' lang='lat' dir='ltr'><strong>quod</strong></span> <span class='ocrx_word' id='word_1_559' title='bbox 3478 3422 3605 3486; x_wconf 85' lang='lat' dir='ltr'><strong>alia,</strong></span> <span class='ocrx_word' id='word_1_560' title='bbox 3625 3434 3750 3490; x_wconf 67' lang='lat' dir='ltr'><strong>qua</strong></span> 
     </span>
    </p>
   </div>
   <div class='ocr_carea' id='block_1_38' title="bbox 480 3504 2070 3583">
    <p class='ocr_par' dir='ltr' id='par_1_38' title="bbox 480 3504 2059 3583">
     <span class='ocr_line' id='line_1_38' title="bbox 480 3504 2059 3583; baseline 0.013 -25"><span class='ocrx_word' id='word_1_561' title='bbox 480 3504 614 3561; x_wconf 76' lang='lat' dir='ltr'><strong>Vide</strong></span> <span class='ocrx_word' id='word_1_562' title='bbox 634 3523 795 3577; x_wconf 89' lang='lat' dir='ltr'><strong>quam</strong></span> <span class='ocrx_word' id='word_1_563' title='bbox 838 3511 908 3564; x_wconf 88' lang='lat' dir='ltr'><strong>sit</strong></span> <span class='ocrx_word' id='word_1_564' title='bbox 932 3526 960 3563; x_wconf 89' lang='lat' dir='ltr'><strong>a</strong></span> <span class='ocrx_word' id='word_1_565' title='bbox 989 3509 1125 3567; x_wconf 81' lang='lat' dir='ltr'><strong>fastu</strong></span> <span class='ocrx_word' id='word_1_566' title='bbox 1171 3515 1398 3583; x_wconf 87' lang='lat' dir='ltr'><strong>alienus,</strong></span> <span class='ocrx_word' id='word_1_567' title='bbox 1432 3526 1486 3572; x_wconf 90' lang='lat' dir='ltr'><strong>et</strong></span> <span class='ocrx_word' id='word_1_568' title='bbox 1514 3535 1635 3575; x_wconf 90' lang='lat' dir='ltr'><strong>cum</strong></span> <span class='ocrx_word' id='word_1_569' title='bbox 1679 3531 1823 3577; x_wconf 86' lang='lat' dir='ltr'><strong>esset</strong></span> <span class='ocrx_word' id='word_1_570' title='bbox 1855 3524 1906 3577; x_wconf 92' lang='lat' dir='ltr'><strong>in</strong></span> <span class='ocrx_word' id='word_1_571' title='bbox 1938 3524 2059 3578; x_wconf 89' lang='lat' dir='ltr'><strong>vin-</strong></span> 
     </span>
    </p>
   </div>
   <div class='ocr_carea' id='block_1_39' title="bbox 2155 3504 3745 3583">
    <p class='ocr_par' dir='ltr' id='par_1_39' title="bbox 2165 3510 3745 3581">
     <span class='ocr_line' id='line_1_39' title="bbox 2165 3510 3745 3581; baseline -0.001 -15"><span class='ocrx_word' id='word_1_572' title='bbox 2165 3522 2370 3566; x_wconf 63' lang='lat' dir='ltr'><strong>natura‘.</strong></span> <span class='ocrx_word' id='word_1_573' title='bbox 2400 3511 2774 3581; x_wconf 88' lang='lat' dir='ltr'><strong>impedimenta</strong></span> <span class='ocrx_word' id='word_1_574' title='bbox 2801 3523 2974 3575; x_wconf 87' lang='lat' dir='ltr'><strong>erant.</strong></span> <span class='ocrx_word' id='word_1_575' title='bbox 2993 3527 3098 3567; x_wconf 93' lang='lat' dir='ltr'><strong>non</strong></span> <span class='ocrx_word' id='word_1_576' title='bbox 3118 3511 3329 3567; x_wconf 79' lang='lat' dir='ltr'><strong>fuerunt</strong></span> <span class='ocrx_word' id='word_1_577' title='bbox 3347 3510 3745 3581; x_wconf 82' lang='lat' dir='ltr'><strong>impedimenta,</strong></span> 
     </span>
    </p>
   </div>
   <div class='ocr_carea' id='block_1_40' title="bbox 481 3596 3750 3675">
    <p class='ocr_par' dir='ltr' id='par_1_40' title="bbox 481 3596 3750 3675">
     <span class='ocr_line' id='line_1_40' title="bbox 481 3596 3750 3675; baseline 0.001 -19"><span class='ocrx_word' id='word_1_578' title='bbox 481 3596 617 3650; x_wconf 81' lang='lat' dir='ltr'><strong>culis</strong></span> <span class='ocrx_word' id='word_1_579' title='bbox 646 3613 806 3666; x_wconf 75' lang='lat' dir='ltr'><strong>(tuam</strong></span> <span class='ocrx_word' id='word_1_580' title='bbox 838 3598 1112 3657; x_wconf 89' lang='lat' dir='ltr'><strong>humiliter</strong></span> <span class='ocrx_word' id='word_1_581' title='bbox 1137 3604 1404 3675; x_wconf 87' lang='lat' dir='ltr'><strong>loquatur.</strong></span> <span class='ocrx_word' id='word_1_582' title='bbox 1437 3609 1548 3663; x_wconf 86' lang='lat' dir='ltr'><strong>Hoc</strong></span> <span class='ocrx_word' id='word_1_583' title='bbox 1576 3621 1676 3675; x_wconf 80' lang='lat' dir='ltr'><strong>est,</strong></span> <span class='ocrx_word' id='word_1_584' title='bbox 1720 3612 1790 3669; x_wconf 83' lang='lat' dir='ltr'><strong>Ut</strong></span> <span class='ocrx_word' id='word_1_585' title='bbox 1854 3614 2062 3669; x_wconf 74' lang='lat' dir='ltr'><strong>molliat</strong></span> <span class='ocrx_word' id='word_1_586' title='bbox 2165 3613 2220 3660; x_wconf 92' lang='lat' dir='ltr'><strong>et</strong></span> <span class='ocrx_word' id='word_1_587' title='bbox 2247 3604 2418 3675; x_wconf 85' lang='lat' dir='ltr'><strong>major</strong></span> <span class='ocrx_word' id='word_1_588' title='bbox 2438 3604 2571 3660; x_wconf 81' lang='lat' dir='ltr'><strong>facta</strong></span> <span class='ocrx_word' id='word_1_589' title='bbox 2597 3613 2681 3659; x_wconf 90' lang='lat' dir='ltr'><strong>est</strong></span> <span class='ocrx_word' id='word_1_590' title='bbox 2699 3606 2956 3661; x_wconf 85' lang='lat' dir='ltr'><strong>accessio.</strong></span> <span class='ocrx_word' id='word_1_591' title='bbox 2987 3605 3103 3661; x_wconf 89' lang='lat' dir='ltr'><strong>Non</strong></span> <span class='ocrx_word' id='word_1_592' title='bbox 3133 3606 3307 3660; x_wconf 88' lang='lat' dir='ltr'><strong>solum</strong></span> <span class='ocrx_word' id='word_1_593' title='bbox 3337 3606 3466 3660; x_wconf 91' lang='lat' dir='ltr'><strong>nihil</strong></span> <span class='ocrx_word' id='word_1_594' title='bbox 3507 3604 3750 3673; x_wconf 89' lang='lat' dir='ltr'><strong>impediit</strong></span> 
     </span>
    </p>
   </div>
   <div class='ocr_carea' id='block_1_41' title="bbox 484 3688 3752 3773">
    <p class='ocr_par' dir='ltr' id='par_1_41' title="bbox 484 3688 3752 3773">
     <span class='ocr_line' id='line_1_41' title="bbox 484 3688 3752 3773; baseline 0 -27"><span class='ocrx_word' id='word_1_595' title='bbox 484 3688 645 3742; x_wconf 82' lang='lat' dir='ltr'><strong>corda</strong></span> <span class='ocrx_word' id='word_1_596' title='bbox 673 3689 932 3757; x_wconf 87' lang='lat' dir='ltr'><strong>ipsorum.</strong></span> <span class='ocrx_word' id='word_1_597' title='bbox 978 3693 1094 3749; x_wconf 83' lang='lat' dir='ltr'><strong>Non</strong></span> <span class='ocrx_word' id='word_1_598' title='bbox 1134 3698 1212 3752; x_wconf 83' lang='lat' dir='ltr'><strong>sic</strong></span> <span class='ocrx_word' id='word_1_599' title='bbox 1254 3708 1431 3756; x_wconf 85' lang='lat' dir='ltr'><strong>autem</strong></span> <span class='ocrx_word' id='word_1_600' title='bbox 1473 3702 1626 3767; x_wconf 67' lang='lat' dir='ltr'><strong>dixit,</strong></span> <span class='ocrx_word' id='word_1_601' title='bbox 1657 3706 1774 3773; x_wconf 66' lang='lat' dir='ltr'><strong>sed,</strong></span> <span class='ocrx_word' id='word_1_602' title='bbox 1805 3706 1874 3763; x_wconf 67' lang='lat' dir='ltr'><strong>Ui</strong></span> <span class='ocrx_word' id='word_1_603' title='bbox 1902 3709 2059 3763; x_wconf 71' lang='grc' dir='ltr'><strong>ηοιιίε</strong></span> <span class='ocrx_word' id='word_1_604' title='bbox 2101 3700 2127 3708; x_wconf 66' lang='grc'><strong>“</strong></span> <span class='ocrx_word' id='word_1_605' title='bbox 2166 3688 2370 3750; x_wconf 75' lang='lat' dir='ltr'><strong>ruditas</strong></span> <span class='ocrx_word' id='word_1_606' title='bbox 2394 3704 2449 3749; x_wconf 92' lang='lat' dir='ltr'><strong>et</strong></span> <span class='ocrx_word' id='word_1_607' title='bbox 2477 3696 2775 3765; x_wconf 88' lang='lat' dir='ltr'><strong>imperitia,</strong></span> <span class='ocrx_word' id='word_1_608' title='bbox 2806 3697 2898 3751; x_wconf 92' lang='lat' dir='ltr'><strong>sed</strong></span> <span class='ocrx_word' id='word_1_609' title='bbox 2927 3697 3087 3752; x_wconf 84' lang='lat' dir='ltr'><strong>etiam</strong></span> <span class='ocrx_word' id='word_1_610' title='bbox 3119 3697 3219 3752; x_wconf 91' lang='lat' dir='ltr'><strong>hoc</strong></span> <span class='ocrx_word' id='word_1_611' title='bbox 3263 3697 3433 3766; x_wconf 90' lang='lat' dir='ltr'><strong>ipsum</strong></span> <span class='ocrx_word' id='word_1_612' title='bbox 3474 3694 3650 3750; x_wconf 79' lang='lat' dir='ltr'><strong>effecit</strong></span> <span class='ocrx_word' id='word_1_613' title='bbox 3693 3703 3752 3747; x_wconf 91' lang='lat' dir='ltr'><strong>ut</strong></span> 
     </span>
    </p>
   </div>
   <div class='ocr_carea' id='block_1_42' title="bbox 484 3774 3753 3869">
    <p class='ocr_par' dir='ltr' id='par_1_42' title="bbox 484 3774 3753 3869">
     <span class='ocr_line' id='line_1_42' title="bbox 484 3774 3753 3869; baseline 0 -33"><span class='ocrx_word' id='word_1_614' title='bbox 484 3774 574 3831; x_wconf 82' lang='lat' dir='ltr'><strong>del</strong></span> <span class='ocrx_word' id='word_1_615' title='bbox 596 3777 839 3835; x_wconf 78' lang='lat' dir='ltr'><strong>ﬁduciam</strong></span> <span class='ocrx_word' id='word_1_616' title='bbox 868 3791 920 3837; x_wconf 88' lang='lat' dir='ltr'><strong>et</strong></span> <span class='ocrx_word' id='word_1_617' title='bbox 949 3785 1197 3856; x_wconf 86' lang='lat' dir='ltr'><strong>loquendi</strong></span> <span class='ocrx_word' id='word_1_618' title='bbox 1232 3790 1567 3860; x_wconf 67' lang='lat' dir='ltr'><strong>libertatem;</strong></span> <span class='ocrx_word' id='word_1_619' title='bbox 1599 3798 1677 3852; x_wconf 74' lang='lat' dir='ltr'><strong>sic</strong></span> <span class='ocrx_word' id='word_1_620' title='bbox 1705 3799 1929 3869; x_wconf 63' lang='lat' dir='ltr'><strong>loquens</strong></span> <span class='ocrx_word' id='word_1_621' title='bbox 1956 3801 2058 3855; x_wconf 72' lang='lat' dir='ltr'><strong>hu-</strong></span> <span class='ocrx_word' id='word_1_622' title='bbox 2168 3785 2442 3839; x_wconf 79' lang='lat' dir='ltr'><strong>manifesta</strong></span> <span class='ocrx_word' id='word_1_623' title='bbox 2477 3784 2629 3841; x_wconf 81' lang='lat' dir='ltr'><strong>ﬁeret</strong></span> <span class='ocrx_word' id='word_1_624' title='bbox 2657 3786 2986 3854; x_wconf 67' lang='lat' dir='ltr'><strong>praedicatio.</strong></span> <span class='ocrx_word' id='word_1_625' title='bbox 3017 3787 3152 3843; x_wconf 78' lang='lat' dir='ltr'><strong>Audi</strong></span> <span class='ocrx_word' id='word_1_626' title='bbox 3180 3786 3322 3841; x_wconf 92' lang='lat' dir='ltr'><strong>enim</strong></span> <span class='ocrx_word' id='word_1_627' title='bbox 3347 3785 3545 3841; x_wconf 89' lang='lat' dir='ltr'><strong>Lucam</strong></span> <span class='ocrx_word' id='word_1_628' title='bbox 3568 3784 3753 3861; x_wconf 79' lang='lat' dir='ltr'><strong>dicen-</strong></span> 
     </span>
    </p>
   </div>
   <div class='ocr_carea' id='block_1_43' title="bbox 484 3868 3750 3959">
    <p class='ocr_par' dir='ltr' id='par_1_43' title="bbox 484 3868 3750 3959">
     <span class='ocr_line' id='line_1_43' title="bbox 484 3868 3750 3959; baseline 0.009 -38"><span class='ocrx_word' id='word_1_629' title='bbox 484 3868 686 3925; x_wconf 89' lang='lat' dir='ltr'><strong>militer</strong></span> <span class='ocrx_word' id='word_1_630' title='bbox 711 3879 767 3926; x_wconf 91' lang='lat' dir='ltr'><strong>et</strong></span> <span class='ocrx_word' id='word_1_631' title='bbox 793 3875 1031 3932; x_wconf 87' lang='lat' dir='ltr'><strong>modeste</strong></span> <span class='ocrx_word' id='word_1_632' title='bbox 1053 3893 1113 3934; x_wconf 90' lang='lat' dir='ltr'><strong>se</strong></span> <span class='ocrx_word' id='word_1_633' title='bbox 1133 3896 1324 3950; x_wconf 88' lang='lat' dir='ltr'><strong>gerens</strong></span> <span class='ocrx_word' id='word_1_634' title='bbox 1352 3902 1366 3938; x_wconf 91' lang='lat'><strong>:</strong></span> <span class='ocrx_word' id='word_1_635' title='bbox 1397 3894 1451 3940; x_wconf 90' lang='lat' dir='ltr'><strong>et</strong></span> <span class='ocrx_word' id='word_1_636' title='bbox 1479 3886 1529 3940; x_wconf 94' lang='lat' dir='ltr'><strong>id</strong></span> <span class='ocrx_word' id='word_1_637' title='bbox 1559 3890 1698 3959; x_wconf 88' lang='lat' dir='ltr'><strong>quod</strong></span> <span class='ocrx_word' id='word_1_638' title='bbox 1728 3868 1956 3947; x_wconf 85' lang='lat' dir='ltr'><strong>habebat</strong></span> <span class='ocrx_word' id='word_1_639' title='bbox 1979 3909 2059 3948; x_wconf 91' lang='lat' dir='ltr'><strong>ro-</strong></span> <span class='ocrx_word' id='word_1_640' title='bbox 2165 3886 2272 3932; x_wconf 66' lang='lat' dir='ltr'><strong>“3m</strong></span> <span class='ocrx_word' id='word_1_641' title='bbox 2307 3895 2320 3933; x_wconf 76' lang='grc' dir='ltr'><strong>ε</strong></span> <span class='ocrx_word' id='word_1_642' title='bbox 2354 3876 2417 3930; x_wconf 59' lang='lat' dir='ltr'><strong>Ei</strong></span> <span class='ocrx_word' id='word_1_643' title='bbox 2448 3894 2559 3930; x_wconf 64' lang='lat' dir='ltr'><strong>cum</strong></span> <span class='ocrx_word' id='word_1_644' title='bbox 2587 3879 2941 3948; x_wconf 73' lang='grc' dir='ltr'><strong>εοηιρενί⁸³εη¹</strong></span> <span class='ocrx_word' id='word_1_645' title='bbox 2966 3920 2981 3943; x_wconf 72' lang='grc' dir='ltr'><strong><em>ν</em></strong></span> <span class='ocrx_word' id='word_1_646' title='bbox 3011 3880 3182 3949; x_wconf 72' lang='grc' dir='ltr'><strong>ίηιιιιίι</strong></span> <span class='ocrx_word' id='word_1_647' title='bbox 3204 3921 3217 3943; x_wconf 73' lang='grc' dir='ltr'><strong><em>υ</em></strong></span> <span class='ocrx_word' id='word_1_648' title='bbox 3249 3881 3383 3951; x_wconf 74' lang='grc' dir='ltr'><em>ηυοά</em></span> <span class='ocrx_word' id='word_1_649' title='bbox 3415 3880 3640 3933; x_wconf 58' lang='lat' dir='ltr'><strong>homin“</strong></span> <span class='ocrx_word' id='word_1_650' title='bbox 3669 3894 3750 3931; x_wconf 71' lang='grc'><strong>⁸³·</strong></span> 
     </span>
    </p>
   </div>
   <div class='ocr_carea' id='block_1_44' title="bbox 478 3966 3747 4051">
    <p class='ocr_par' dir='ltr' id='par_1_44' title="bbox 478 3966 3747 4051">
     <span class='ocr_line' id='line_1_44' title="bbox 478 3966 3747 4051; baseline 0.001 -31"><span class='ocrx_word' id='word_1_651' title='bbox 478 3969 570 4029; x_wconf 72' lang='lat' dir='ltr'><strong>sal</strong></span> <span class='ocrx_word' id='word_1_652' title='bbox 606 3970 664 4018; x_wconf 79' lang='lat' dir='ltr'><strong>ut</strong></span> <span class='ocrx_word' id='word_1_653' title='bbox 695 3966 936 4036; x_wconf 80' lang='lat' dir='ltr'><strong>aecipiat.</strong></span> <span class='ocrx_word' id='word_1_654' title='bbox 970 3967 1212 4028; x_wconf 87' lang='lat' dir='ltr'><strong>Ostendit</strong></span> <span class='ocrx_word' id='word_1_655' title='bbox 1251 3986 1427 4030; x_wconf 79' lang='lat' dir='ltr'><strong>autem</strong></span> <span class='ocrx_word' id='word_1_656' title='bbox 1472 3977 1523 4033; x_wconf 73' lang='lat' dir='ltr'><strong>in</strong></span> <span class='ocrx_word' id='word_1_657' title='bbox 1562 3978 1661 4034; x_wconf 68' lang='lat' dir='ltr'><strong>hac</strong></span> <span class='ocrx_word' id='word_1_658' title='bbox 1687 3982 1931 4051; x_wconf 46' lang='lat' dir='ltr'><strong>epistola.</strong></span> <span class='ocrx_word' id='word_1_659' title='bbox 1961 3999 2059 4039; x_wconf 64' lang='lat' dir='ltr'><strong>cur</strong></span> <span class='ocrx_word' id='word_1_660' title='bbox 2164 3978 2271 4023; x_wconf 86' lang='lat' dir='ltr'><strong>sent</strong></span> <span class='ocrx_word' id='word_1_661' title='bbox 2295 3968 2525 4023; x_wconf 83' lang='lat' dir='ltr'><strong>illiterati</strong></span> <span class='ocrx_word' id='word_1_662' title='bbox 2552 3978 2599 4021; x_wconf 86' lang='lat' dir='ltr'><strong>et</strong></span> <span class='ocrx_word' id='word_1_663' title='bbox 2625 3970 2807 4035; x_wconf 83' lang='lat' dir='ltr'><strong>rudes,</strong></span> <span class='ocrx_word' id='word_1_664' title='bbox 2853 3970 3169 4023; x_wconf 84' lang='lat' dir='ltr'><strong>mirabantur</strong></span> <span class='ocrx_word' id='word_1_665' title='bbox 3198 3970 3341 4041; x_wconf 78' lang='lat' dir='ltr'><strong>(Act.</strong></span> <span class='ocrx_word' id='word_1_666' title='bbox 3381 3971 3432 4024; x_wconf 69' lang='grc'>4.</span> <span class='ocrx_word' id='word_1_667' title='bbox 3468 3972 3534 4023; x_wconf 77' lang='grc'>15</span> <span class='ocrx_word' id='word_1_668' title='bbox 3557 3969 3599 4041; x_wconf 93' lang='grc'>).</span> <span class='ocrx_word' id='word_1_669' title='bbox 3631 3969 3747 4023; x_wconf 79' lang='lat' dir='ltr'><strong>Non</strong></span> 
     </span>
    </p>
   </div>
   <div class='ocr_carea' id='block_1_45' title="bbox 478 4059 3751 4137">
    <p class='ocr_par' dir='ltr' id='par_1_45' title="bbox 478 4059 3751 4137">
     <span class='ocr_line' id='line_1_45' title="bbox 478 4059 3751 4137; baseline 0 -24"><span class='ocrx_word' id='word_1_670' title='bbox 478 4062 606 4109; x_wconf 76' lang='lat' dir='ltr'><strong>tunc</strong></span> <span class='ocrx_word' id='word_1_671' title='bbox 653 4071 762 4111; x_wconf 86' lang='lat' dir='ltr'><strong>non</strong></span> <span class='ocrx_word' id='word_1_672' title='bbox 806 4061 1017 4116; x_wconf 82' lang='lat' dir='ltr'><strong>venerit</strong></span> <span class='ocrx_word' id='word_1_673' title='bbox 1057 4063 1329 4129; x_wconf 78' lang='lat' dir='ltr'><strong>Christus,</strong></span> <span class='ocrx_word' id='word_1_674' title='bbox 1375 4082 1442 4121; x_wconf 79' lang='lat' dir='ltr'><strong>eo</strong></span> <span class='ocrx_word' id='word_1_675' title='bbox 1488 4071 1626 4137; x_wconf 73' lang='lat' dir='ltr'><strong>quod</strong></span> <span class='ocrx_word' id='word_1_676' title='bbox 1676 4072 1761 4127; x_wconf 68' lang='lat' dir='ltr'><strong>illa</strong></span> <span class='ocrx_word' id='word_1_677' title='bbox 1814 4074 2056 4129; x_wconf 63' lang='lat' dir='ltr'><strong>umbram</strong></span> <span class='ocrx_word' id='word_1_678' title='bbox 2165 4061 2339 4115; x_wconf 88' lang='lat' dir='ltr'><strong>solum</strong></span> <span class='ocrx_word' id='word_1_679' title='bbox 2363 4061 2493 4115; x_wconf 85' lang='lat' dir='ltr'><strong>nihil</strong></span> <span class='ocrx_word' id='word_1_680' title='bbox 2523 4059 2875 4129; x_wconf 85' lang='lat' dir='ltr'><strong>prohibebant</strong></span> <span class='ocrx_word' id='word_1_681' title='bbox 2903 4060 3143 4123; x_wconf 83' lang='lat' dir='ltr'><strong>vincula,</strong></span> <span class='ocrx_word' id='word_1_682' title='bbox 3176 4060 3271 4113; x_wconf 89' lang='lat' dir='ltr'><strong>sed</strong></span> <span class='ocrx_word' id='word_1_683' title='bbox 3302 4074 3364 4113; x_wconf 83' lang='lat' dir='ltr'><strong>ea</strong></span> <span class='ocrx_word' id='word_1_684' title='bbox 3394 4060 3505 4130; x_wconf 84' lang='lat' dir='ltr'><strong>ipsa</strong></span> <span class='ocrx_word' id='word_1_685' title='bbox 3545 4060 3751 4114; x_wconf 83' lang='lat' dir='ltr'><strong>elﬁcie-</strong></span> 
     </span>
    </p>
   </div>
   <div class='ocr_carea' id='block_1_46' title="bbox 473 4146 3748 4235">
    <p class='ocr_par' dir='ltr' id='par_1_46' title="bbox 473 4146 3748 4235">
     <span class='ocr_line' id='line_1_46' title="bbox 473 4146 3748 4235; baseline -0 -31"><span class='ocrx_word' id='word_1_686' title='bbox 473 4146 681 4201; x_wconf 73' lang='lat' dir='ltr'><strong>Vocarit</strong></span> <span class='ocrx_word' id='word_1_687' title='bbox 714 4166 728 4203; x_wconf 92' lang='lat'><em>:</em></span> <span class='ocrx_word' id='word_1_688' title='bbox 760 4147 957 4220; x_wconf 85' lang='lat' dir='ltr'><strong>Corpus</strong></span> <span class='ocrx_word' id='word_1_689' title='bbox 991 4164 1179 4221; x_wconf 84' lang='lat' dir='ltr'><strong>autem,</strong></span> <span class='ocrx_word' id='word_1_690' title='bbox 1228 4158 1421 4228; x_wconf 75' lang='lat' dir='ltr'><strong>inquit,</strong></span> <span class='ocrx_word' id='word_1_691' title='bbox 1455 4159 1642 4215; x_wconf 62' lang='lat' dir='ltr'><strong>Christi</strong></span> <span class='ocrx_word' id='word_1_692' title='bbox 1684 4162 1814 4234; x_wconf 74' lang='grc' dir='ltr'><em>(σοι,</em></span> <span class='ocrx_word' id='word_1_693' title='bbox 1854 4164 1911 4219; x_wconf 67' lang='grc'><strong>2,</strong></span> <span class='ocrx_word' id='word_1_694' title='bbox 1942 4166 2055 4235; x_wconf 68' lang='grc'><strong>17),</strong></span> <span class='ocrx_word' id='word_1_695' title='bbox 2168 4151 2294 4205; x_wconf 89' lang='lat' dir='ltr'><strong>bant</strong></span> <span class='ocrx_word' id='word_1_696' title='bbox 2314 4165 2409 4205; x_wconf 87' lang='lat' dir='ltr'><strong>eos</strong></span> <span class='ocrx_word' id='word_1_697' title='bbox 2437 4149 2875 4205; x_wconf 77' lang='lat' dir='ltr'><strong>conﬁdentiores.</strong></span> <span class='ocrx_word' id='word_1_698' title='bbox 2905 4149 3023 4203; x_wconf 89' lang='lat' dir='ltr'><strong>Non</strong></span> <span class='ocrx_word' id='word_1_699' title='bbox 3054 4150 3188 4204; x_wconf 87' lang='lat' dir='ltr'><strong>adeo</strong></span> <span class='ocrx_word' id='word_1_700' title='bbox 3216 4151 3557 4204; x_wconf 77' lang='lat' dir='ltr'><strong>conﬁdebant</strong></span> <span class='ocrx_word' id='word_1_701' title='bbox 3582 4150 3748 4203; x_wconf 83' lang='lat' dir='ltr'><strong>disci-</strong></span> 
     </span>
    </p>
   </div>
   <div class='ocr_carea' id='block_1_47' title="bbox 472 4233 3749 4312">
    <p class='ocr_par' dir='ltr' id='par_1_47' title="bbox 472 4233 3749 4312">
     <span class='ocr_line' id='line_1_47' title="bbox 472 4233 3749 4312; baseline -0.001 -17"><span class='ocrx_word' id='word_1_702' title='bbox 472 4233 835 4301; x_wconf 75' lang='lat' dir='ltr'><strong>Quamobrem</strong></span> <span class='ocrx_word' id='word_1_703' title='bbox 864 4245 1145 4309; x_wconf 86' lang='lat' dir='ltr'><strong>oportebat</strong></span> <span class='ocrx_word' id='word_1_704' title='bbox 1169 4260 1263 4300; x_wconf 86' lang='lat' dir='ltr'><strong>eos</strong></span> <span class='ocrx_word' id='word_1_705' title='bbox 1292 4250 1494 4304; x_wconf 69' lang='lat' dir='ltr'><strong>umbm</strong></span> <span class='ocrx_word' id='word_1_706' title='bbox 1525 4266 1857 4308; x_wconf 71' lang='lat' dir='ltr'><strong>assuescere,</strong></span> <span class='ocrx_word' id='word_1_707' title='bbox 1887 4233 2059 4309; x_wconf 57' lang='lat' dir='ltr'><strong>Simul</strong></span> <span class='ocrx_word' id='word_1_708' title='bbox 2168 4243 2276 4312; x_wconf 91' lang='lat' dir='ltr'><strong>puli</strong></span> <span class='ocrx_word' id='word_1_709' title='bbox 2302 4257 2423 4297; x_wconf 91' lang='lat' dir='ltr'><strong>cum</strong></span> <span class='ocrx_word' id='word_1_710' title='bbox 2452 4241 2645 4296; x_wconf 87' lang='lat' dir='ltr'><strong>Paulus</strong></span> <span class='ocrx_word' id='word_1_711' title='bbox 2671 4249 2814 4295; x_wconf 81' lang='lat' dir='ltr'><strong>esset</strong></span> <span class='ocrx_word' id='word_1_712' title='bbox 2838 4240 3063 4304; x_wconf 89' lang='lat' dir='ltr'><strong>solutus,</strong></span> <span class='ocrx_word' id='word_1_713' title='bbox 3088 4255 3246 4310; x_wconf 88' lang='lat' dir='ltr'><strong>quam</strong></span> <span class='ocrx_word' id='word_1_714' title='bbox 3274 4255 3394 4295; x_wconf 89' lang='lat' dir='ltr'><strong>cum</strong></span> <span class='ocrx_word' id='word_1_715' title='bbox 3418 4240 3647 4295; x_wconf 88' lang='lat' dir='ltr'><strong>vinctus.</strong></span> <span class='ocrx_word' id='word_1_716' title='bbox 3679 4238 3749 4294; x_wconf 80' lang='lat' dir='ltr'><strong>Ut</strong></span> 
     </span>
    </p>
   </div>
   <div class='ocr_carea' id='block_1_48' title="bbox 476 4324 3748 4416">
    <p class='ocr_par' dir='ltr' id='par_1_48' title="bbox 476 4324 3748 4416">
     <span class='ocr_line' id='line_1_48' title="bbox 476 4324 3748 4416; baseline 0.001 -33"><span class='ocrx_word' id='word_1_717' title='bbox 476 4324 637 4380; x_wconf 77' lang='lat' dir='ltr'><strong>etiam</strong></span> <span class='ocrx_word' id='word_1_718' title='bbox 674 4344 785 4383; x_wconf 76' lang='lat' dir='ltr'><strong>sua:</strong></span> <span class='ocrx_word' id='word_1_719' title='bbox 832 4331 883 4384; x_wconf 90' lang='lat' dir='ltr'><strong>in</strong></span> <span class='ocrx_word' id='word_1_720' title='bbox 916 4346 1010 4386; x_wconf 89' lang='lat' dir='ltr'><strong>eos</strong></span> <span class='ocrx_word' id='word_1_721' title='bbox 1049 4336 1288 4390; x_wconf 84' lang='lat' dir='ltr'><strong>caritatis</strong></span> <span class='ocrx_word' id='word_1_722' title='bbox 1329 4342 1622 4396; x_wconf 63' lang='lat' dir='ltr'><strong>maximum</strong></span> <span class='ocrx_word' id='word_1_723' title='bbox 1660 4344 1861 4399; x_wconf 62' lang='lat' dir='ltr'><strong>indicat</strong></span> <span class='ocrx_word' id='word_1_724' title='bbox 1898 4360 2059 4416; x_wconf 63' lang='grc' dir='ltr'><strong>περ-</strong></span> <span class='ocrx_word' id='word_1_725' title='bbox 2167 4333 2524 4397; x_wconf 83' lang='lat' dir='ltr'><strong>abundantius,</strong></span> <span class='ocrx_word' id='word_1_726' title='bbox 2547 4334 2740 4401; x_wconf 87' lang='lat' dir='ltr'><strong>inquit,</strong></span> <span class='ocrx_word' id='word_1_727' title='bbox 2770 4335 2989 4386; x_wconf 81' lang='lat' dir='ltr'><strong>audeant</strong></span> <span class='ocrx_word' id='word_1_728' title='bbox 3015 4333 3122 4386; x_wconf 87' lang='lat' dir='ltr'><strong>sine</strong></span> <span class='ocrx_word' id='word_1_729' title='bbox 3151 4334 3329 4386; x_wconf 89' lang='lat' dir='ltr'><strong>timore</strong></span> <span class='ocrx_word' id='word_1_730' title='bbox 3351 4348 3631 4387; x_wconf 85' lang='lat' dir='ltr'><strong>sermonem</strong></span> <span class='ocrx_word' id='word_1_731' title='bbox 3652 4330 3748 4386; x_wconf 84' lang='lat' dir='ltr'><strong>Dei</strong></span> 
     </span>
    </p>
   </div>
   <div class='ocr_carea' id='block_1_49' title="bbox 479 4418 2069 4501">
    <p class='ocr_par' dir='ltr' id='par_1_49' title="bbox 479 4418 2062 4501">
     <span class='ocr_line' id='line_1_49' title="bbox 479 4418 2062 4501; baseline 0.015 -34"><span class='ocrx_word' id='word_1_732' title='bbox 479 4426 715 4471; x_wconf 89' lang='lat' dir='ltr'><strong>mentum</strong></span> <span class='ocrx_word' id='word_1_733' title='bbox 744 4435 759 4472; x_wconf 89' lang='lat'><strong>:</strong></span> <span class='ocrx_word' id='word_1_734' title='bbox 785 4418 852 4474; x_wconf 89' lang='lat' dir='ltr'><strong>Ut</strong></span> <span class='ocrx_word' id='word_1_735' title='bbox 877 4435 993 4488; x_wconf 88' lang='lat' dir='ltr'><strong>vos,</strong></span> <span class='ocrx_word' id='word_1_736' title='bbox 1020 4424 1209 4494; x_wconf 86' lang='lat' dir='ltr'><strong>inquit,</strong></span> <span class='ocrx_word' id='word_1_737' title='bbox 1232 4428 1479 4497; x_wconf 85' lang='lat' dir='ltr'><strong>audiatis,</strong></span> <span class='ocrx_word' id='word_1_738' title='bbox 1509 4431 1621 4501; x_wconf 85' lang='lat' dir='ltr'><strong>Ego</strong></span> <span class='ocrx_word' id='word_1_739' title='bbox 1650 4444 1826 4488; x_wconf 87' lang='lat' dir='ltr'><strong>autem</strong></span> <span class='ocrx_word' id='word_1_740' title='bbox 1853 4437 2062 4493; x_wconf 89' lang='lat' dir='ltr'><strong>vinctus</strong></span> 
     </span>
    </p>
   </div>
   <div class='ocr_carea' id='block_1_50' title="bbox 2160 4418 3750 4501">
    <p class='ocr_par' dir='ltr' id='par_1_50' title="bbox 2170 4421 3750 4493">
     <span class='ocr_line' id='line_1_50' title="bbox 2170 4421 3750 4493; baseline 0 -16"><span class='ocrx_word' id='word_1_741' title='bbox 2170 4424 2306 4491; x_wconf 79' lang='lat' dir='ltr'><strong>loqui</strong></span> <span class='ocrx_word' id='word_1_742' title='bbox 2337 4421 2491 4493; x_wconf 84' lang='lat' dir='ltr'><strong>(Col.</strong></span> <span class='ocrx_word' id='word_1_743' title='bbox 2524 4425 2574 4476; x_wconf 89' lang='grc'><strong>1.</strong></span> <span class='ocrx_word' id='word_1_744' title='bbox 2608 4423 2674 4477; x_wconf 49' lang='lat' dir='ltr'><strong>lii</strong></span> <span class='ocrx_word' id='word_1_745' title='bbox 2701 4425 2739 4492; x_wconf 94' lang='lat'><strong>).</strong></span> <span class='ocrx_word' id='word_1_746' title='bbox 2776 4422 2871 4478; x_wconf 88' lang='lat' dir='ltr'><strong>Ubi</strong></span> <span class='ocrx_word' id='word_1_747' title='bbox 2901 4431 3028 4476; x_wconf 88' lang='lat' dir='ltr'><strong>sunt</strong></span> <span class='ocrx_word' id='word_1_748' title='bbox 3052 4424 3139 4492; x_wconf 90' lang='lat' dir='ltr'><strong>qui</strong></span> <span class='ocrx_word' id='word_1_749' title='bbox 3170 4423 3355 4477; x_wconf 86' lang='lat' dir='ltr'><strong>dicunt</strong></span> <span class='ocrx_word' id='word_1_750' title='bbox 3378 4423 3613 4477; x_wconf 89' lang='lat' dir='ltr'><strong>divinam</strong></span> <span class='ocrx_word' id='word_1_751' title='bbox 3642 4438 3750 4477; x_wconf 91' lang='lat' dir='ltr'><strong>non</strong></span> 
     </span>
    </p>
   </div>
   <div class='ocr_carea' id='block_1_51' title="bbox 481 4509 3749 4599">
    <p class='ocr_par' dir='ltr' id='par_1_51' title="bbox 481 4509 3749 4599">
     <span class='ocr_line' id='line_1_51' title="bbox 481 4509 3749 4599; baseline 0 -32"><span class='ocrx_word' id='word_1_752' title='bbox 481 4520 621 4560; x_wconf 75' lang='lat' dir='ltr'><strong>sum.</strong></span> <span class='ocrx_word' id='word_1_753' title='bbox 670 4509 877 4568; x_wconf 82' lang='lat' dir='ltr'><strong>Rursus</strong></span> <span class='ocrx_word' id='word_1_754' title='bbox 926 4515 1199 4572; x_wconf 88' lang='lat' dir='ltr'><strong>vinculum</strong></span> <span class='ocrx_word' id='word_1_755' title='bbox 1243 4520 1462 4576; x_wconf 82' lang='lat' dir='ltr'><strong>adducit</strong></span> <span class='ocrx_word' id='word_1_756' title='bbox 1510 4524 1562 4578; x_wconf 81' lang='lat' dir='ltr'><strong>in</strong></span> <span class='ocrx_word' id='word_1_757' title='bbox 1619 4526 1871 4591; x_wconf 53' lang='lat' dir='ltr'><strong>medium,</strong></span> <span class='ocrx_word' id='word_1_758' title='bbox 1916 4530 2059 4599; x_wconf 72' lang='lat' dir='ltr'><strong>quod</strong></span> <span class='ocrx_word' id='word_1_759' title='bbox 2169 4530 2289 4570; x_wconf 85' lang='lat' dir='ltr'><strong>esse</strong></span> <span class='ocrx_word' id='word_1_760' title='bbox 2315 4515 2786 4584; x_wconf 74' lang='lat' dir='ltr'><strong>przedicationem?</strong></span> <span class='ocrx_word' id='word_1_761' title='bbox 2823 4514 3027 4569; x_wconf 76' lang='lat' dir='ltr'><strong>ruditus</strong></span> <span class='ocrx_word' id='word_1_762' title='bbox 3051 4525 3105 4571; x_wconf 93' lang='lat' dir='ltr'><strong>et</strong></span> <span class='ocrx_word' id='word_1_763' title='bbox 3136 4515 3397 4584; x_wconf 86' lang='lat' dir='ltr'><strong>imperitia</strong></span> <span class='ocrx_word' id='word_1_764' title='bbox 3444 4529 3550 4568; x_wconf 90' lang='lat' dir='ltr'><strong>non</strong></span> <span class='ocrx_word' id='word_1_765' title='bbox 3601 4512 3749 4567; x_wconf 75' lang='lat' dir='ltr'><strong>suill-</strong></span> 
     </span>
    </p>
   </div>
   <div class='ocr_carea' id='block_1_52' title="bbox 481 4595 3751 4680">
    <p class='ocr_par' dir='ltr' id='par_1_52' title="bbox 481 4595 3751 4680">
     <span class='ocr_line' id='line_1_52' title="bbox 481 4595 3751 4680; baseline 0.001 -23"><span class='ocrx_word' id='word_1_766' title='bbox 481 4595 634 4652; x_wconf 73' lang='lat' dir='ltr'><strong>Valde</strong></span> <span class='ocrx_word' id='word_1_767' title='bbox 672 4614 811 4665; x_wconf 74' lang='lat' dir='ltr'><strong>amo.</strong></span> <span class='ocrx_word' id='word_1_768' title='bbox 858 4604 1000 4671; x_wconf 87' lang='lat' dir='ltr'><strong>quod</strong></span> <span class='ocrx_word' id='word_1_769' title='bbox 1034 4622 1131 4660; x_wconf 90' lang='lat' dir='ltr'><strong>cor</strong></span> <span class='ocrx_word' id='word_1_770' title='bbox 1168 4623 1346 4663; x_wconf 90' lang='lat' dir='ltr'><strong>meum</strong></span> <span class='ocrx_word' id='word_1_771' title='bbox 1387 4612 1604 4680; x_wconf 78' lang='lat' dir='ltr'><strong>excitat,</strong></span> <span class='ocrx_word' id='word_1_772' title='bbox 1646 4626 1701 4670; x_wconf 80' lang='lat' dir='ltr'><strong>et</strong></span> <span class='ocrx_word' id='word_1_773' title='bbox 1734 4595 2062 4674; x_wconf 42' lang='lat' dir='ltr'><strong>desiileéium</strong></span> <span class='ocrx_word' id='word_1_774' title='bbox 2170 4610 2343 4663; x_wconf 82' lang='lat' dir='ltr'><strong>ciebat</strong></span> <span class='ocrx_word' id='word_1_775' title='bbox 2370 4608 2434 4661; x_wconf 89' lang='lat' dir='ltr'><strong>ad</strong></span> <span class='ocrx_word' id='word_1_776' title='bbox 2460 4607 2798 4662; x_wconf 72' lang='lat' dir='ltr'><strong>efficiendum</strong></span> <span class='ocrx_word' id='word_1_777' title='bbox 2828 4618 2886 4663; x_wconf 90' lang='lat' dir='ltr'><strong>ut</strong></span> <span class='ocrx_word' id='word_1_778' title='bbox 2914 4610 3012 4679; x_wconf 90' lang='lat' dir='ltr'><strong>ipsi</strong></span> <span class='ocrx_word' id='word_1_779' title='bbox 3041 4607 3565 4664; x_wconf 86' lang='lat' dir='ltr'><strong>condemnarentur?</strong></span> <span class='ocrx_word' id='word_1_780' title='bbox 3591 4621 3751 4676; x_wconf 88' lang='lat' dir='ltr'><strong>opor-</strong></span> 
     </span>
    </p>
   </div>
   <div class='ocr_carea' id='block_1_53' title="bbox 479 4692 3756 4773">
    <p class='ocr_par' dir='ltr' id='par_1_53' title="bbox 479 4692 3756 4773">
     <span class='ocr_line' id='line_1_53' title="bbox 479 4692 3756 4773; baseline -0.002 -15"><span class='ocrx_word' id='word_1_781' title='bbox 479 4704 695 4760; x_wconf 71' lang='grc' dir='ltr'><strong>δεπηΡθΓ</strong></span> <span class='ocrx_word' id='word_1_782' title='bbox 713 4692 868 4747; x_wconf 68' lang='grc' dir='ltr'><strong>θπεη</strong></span> <span class='ocrx_word' id='word_1_783' title='bbox 892 4697 1105 4751; x_wconf 74' lang='lat' dir='ltr'><strong>Videudi</strong></span> <span class='ocrx_word' id='word_1_784' title='bbox 1134 4700 1358 4755; x_wconf 84' lang='lat' dir='ltr'><strong>Paulum</strong></span> <span class='ocrx_word' id='word_1_785' title='bbox 1386 4703 1436 4757; x_wconf 92' lang='lat' dir='ltr'><strong>in</strong></span> <span class='ocrx_word' id='word_1_786' title='bbox 1466 4705 1709 4773; x_wconf 81' lang='lat' dir='ltr'><strong>vinculis,</strong></span> <span class='ocrx_word' id='word_1_787' title='bbox 1742 4719 1796 4762; x_wconf 83' lang='lat' dir='ltr'><strong>et</strong></span> <span class='ocrx_word' id='word_1_788' title='bbox 1821 4712 2064 4765; x_wconf 67' lang='lat' dir='ltr'><strong>scribe&quot;-</strong></span> <span class='ocrx_word' id='word_1_789' title='bbox 2171 4702 2315 4756; x_wconf 87' lang='lat' dir='ltr'><strong>tebat</strong></span> <span class='ocrx_word' id='word_1_790' title='bbox 2354 4717 2482 4769; x_wconf 88' lang='lat' dir='ltr'><strong>ergo</strong></span> <span class='ocrx_word' id='word_1_791' title='bbox 2509 4715 2600 4755; x_wconf 87' lang='lat' dir='ltr'><strong>eos</strong></span> <span class='ocrx_word' id='word_1_792' title='bbox 2628 4700 2713 4755; x_wconf 86' lang='lat' dir='ltr'><strong>hic</strong></span> <span class='ocrx_word' id='word_1_793' title='bbox 2743 4717 2955 4772; x_wconf 90' lang='lat' dir='ltr'><strong>quoque</strong></span> <span class='ocrx_word' id='word_1_794' title='bbox 2999 4701 3240 4755; x_wconf 77' lang='lat' dir='ltr'><strong>terrere?</strong></span> <span class='ocrx_word' id='word_1_795' title='bbox 3286 4700 3445 4754; x_wconf 86' lang='lat' dir='ltr'><strong>Scitis</strong></span> <span class='ocrx_word' id='word_1_796' title='bbox 3487 4699 3631 4753; x_wconf 90' lang='lat' dir='ltr'><strong>enim</strong></span> <span class='ocrx_word' id='word_1_797' title='bbox 3670 4698 3756 4752; x_wconf 87' lang='lat' dir='ltr'><strong>his</strong></span> 
     </span>
    </p>
   </div>
   <div class='ocr_carea' id='block_1_54' title="bbox 479 4785 3750 4863">
    <p class='ocr_par' dir='ltr' id='par_1_54' title="bbox 479 4785 3750 4863">
     <span class='ocr_line' id='line_1_54' title="bbox 479 4785 3750 4863; baseline -0.001 -16"><span class='ocrx_word' id='word_1_798' title='bbox 479 4789 609 4841; x_wconf 64' lang='grc' dir='ltr'><strong>ποίην</strong></span> <span class='ocrx_word' id='word_1_799' title='bbox 646 4793 700 4837; x_wconf 77' lang='grc' dir='ltr'>ει</span> <span class='ocrx_word' id='word_1_800' title='bbox 742 4785 1148 4853; x_wconf 69' lang='lat' dir='ltr'><strong>Prmdicaulem.</strong></span> <span class='ocrx_word' id='word_1_801' title='bbox 1193 4800 1248 4846; x_wconf 81' lang='lat' dir='ltr'><strong>et</strong></span> <span class='ocrx_word' id='word_1_802' title='bbox 1286 4794 1660 4863; x_wconf 86' lang='lat' dir='ltr'><strong>baptizantem,</strong></span> <span class='ocrx_word' id='word_1_803' title='bbox 1699 4809 1753 4853; x_wconf 88' lang='lat' dir='ltr'><strong>et</strong></span> <span class='ocrx_word' id='word_1_804' title='bbox 1789 4803 2062 4856; x_wconf 83' lang='lat' dir='ltr'><strong>catcchcsi</strong></span> <span class='ocrx_word' id='word_1_805' title='bbox 2171 4794 2378 4849; x_wconf 90' lang='lat' dir='ltr'><strong>duobus</strong></span> <span class='ocrx_word' id='word_1_806' title='bbox 2404 4793 2567 4847; x_wconf 88' lang='lat' dir='ltr'><strong>animi</strong></span> <span class='ocrx_word' id='word_1_807' title='bbox 2601 4795 2798 4847; x_wconf 86' lang='lat' dir='ltr'><strong>morbis</strong></span> <span class='ocrx_word' id='word_1_808' title='bbox 2829 4795 2997 4850; x_wconf 88' lang='lat' dir='ltr'><strong>teneri</strong></span> <span class='ocrx_word' id='word_1_809' title='bbox 3028 4795 3437 4854; x_wconf 85' lang='lat' dir='ltr'><strong>multitudinem,</strong></span> <span class='ocrx_word' id='word_1_810' title='bbox 3469 4792 3608 4847; x_wconf 86' lang='lat' dir='ltr'><strong>inani</strong></span> <span class='ocrx_word' id='word_1_811' title='bbox 3630 4790 3750 4862; x_wconf 84' lang='lat' dir='ltr'><strong>glo-</strong></span> 
     </span>
    </p>
   </div>
   <div class='ocr_carea' id='block_1_55' title="bbox 482 4873 3754 4956">
    <p class='ocr_par' dir='ltr' id='par_1_55' title="bbox 482 4873 3754 4956">
     <span class='ocr_line' id='line_1_55' title="bbox 482 4873 3754 4956; baseline 0 -21"><span class='ocrx_word' id='word_1_812' title='bbox 482 4873 871 4930; x_wconf 73' lang='lat' dir='ltr'><strong>iuSliluenlcm.</strong></span> <span class='ocrx_word' id='word_1_813' title='bbox 897 4878 972 4933; x_wconf 84' lang='lat' dir='ltr'><strong>De</strong></span> <span class='ocrx_word' id='word_1_814' title='bbox 991 4882 1240 4937; x_wconf 89' lang='lat' dir='ltr'><strong>omnibus</strong></span> <span class='ocrx_word' id='word_1_815' title='bbox 1264 4899 1384 4954; x_wconf 62' lang='lat' dir='ltr'><strong>quae</strong></span> <span class='ocrx_word' id='word_1_816' title='bbox 1412 4886 1607 4956; x_wconf 89' lang='lat' dir='ltr'><strong>ubique</strong></span> <span class='ocrx_word' id='word_1_817' title='bbox 1633 4898 1785 4944; x_wconf 84' lang='lat' dir='ltr'><strong>erant</strong></span> <span class='ocrx_word' id='word_1_818' title='bbox 1808 4890 2065 4948; x_wconf 84' lang='lat' dir='ltr'><strong>Ecclesiis</strong></span> <span class='ocrx_word' id='word_1_819' title='bbox 2170 4887 2249 4940; x_wconf 88' lang='lat' dir='ltr'><strong>ria</strong></span> <span class='ocrx_word' id='word_1_820' title='bbox 2278 4894 2332 4940; x_wconf 90' lang='lat' dir='ltr'><strong>et</strong></span> <span class='ocrx_word' id='word_1_821' title='bbox 2357 4885 2546 4953; x_wconf 75' lang='lat' dir='ltr'><strong>alijecti</strong></span> <span class='ocrx_word' id='word_1_822' title='bbox 2575 4885 2738 4938; x_wconf 90' lang='lat' dir='ltr'><strong>animi</strong></span> <span class='ocrx_word' id='word_1_823' title='bbox 2768 4887 2916 4939; x_wconf 89' lang='lat' dir='ltr'><strong>vitio.</strong></span> <span class='ocrx_word' id='word_1_824' title='bbox 2966 4884 3191 4939; x_wconf 80' lang='lat' dir='ltr'><strong>Rudilas</strong></span> <span class='ocrx_word' id='word_1_825' title='bbox 3233 4894 3287 4937; x_wconf 93' lang='lat' dir='ltr'><strong>et</strong></span> <span class='ocrx_word' id='word_1_826' title='bbox 3332 4884 3597 4951; x_wconf 87' lang='lat' dir='ltr'><strong>imperitia</strong></span> <span class='ocrx_word' id='word_1_827' title='bbox 3646 4897 3754 4935; x_wconf 89' lang='lat' dir='ltr'><strong>non</strong></span> 
     </span>
    </p>
   </div>
   <div class='ocr_carea' id='block_1_56' title="bbox 480 4961 3756 5048">
    <p class='ocr_par' dir='ltr' id='par_1_56' title="bbox 480 4961 3756 5048">
     <span class='ocr_line' id='line_1_56' title="bbox 480 4961 3756 5048; baseline 0.004 -35"><span class='ocrx_word' id='word_1_828' title='bbox 480 4961 547 5013; x_wconf 86' lang='lat' dir='ltr'><strong>ad</strong></span> <span class='ocrx_word' id='word_1_829' title='bbox 580 4978 702 5017; x_wconf 90' lang='lat' dir='ltr'><strong>eum</strong></span> <span class='ocrx_word' id='word_1_830' title='bbox 735 4967 968 5022; x_wconf 90' lang='lat' dir='ltr'><strong>vinctum</strong></span> <span class='ocrx_word' id='word_1_831' title='bbox 1002 4971 1332 5028; x_wconf 76' lang='lat' dir='ltr'><strong>referebatur</strong></span> <span class='ocrx_word' id='word_1_832' title='bbox 1364 4994 1377 5029; x_wconf 92' lang='lat'>:</span> <span class='ocrx_word' id='word_1_833' title='bbox 1411 4978 1619 5031; x_wconf 88' lang='lat' dir='ltr'><strong>vinctus</strong></span> <span class='ocrx_word' id='word_1_834' title='bbox 1657 4993 1814 5048; x_wconf 88' lang='lat' dir='ltr'><strong>supra</strong></span> <span class='ocrx_word' id='word_1_835' title='bbox 1847 4982 2065 5037; x_wconf 88' lang='lat' dir='ltr'><strong>modum</strong></span> <span class='ocrx_word' id='word_1_836' title='bbox 2173 4977 2382 5032; x_wconf 84' lang='lat' dir='ltr'><strong>sinebat</strong></span> <span class='ocrx_word' id='word_1_837' title='bbox 2410 4991 2503 5031; x_wconf 86' lang='lat' dir='ltr'><strong>eos</strong></span> <span class='ocrx_word' id='word_1_838' title='bbox 2532 4976 2761 5029; x_wconf 80' lang='lat' dir='ltr'><strong>sull‘undi</strong></span> <span class='ocrx_word' id='word_1_839' title='bbox 2804 4976 3041 5044; x_wconf 86' lang='lat' dir='ltr'><strong>pudore;</strong></span> <span class='ocrx_word' id='word_1_840' title='bbox 3086 4975 3317 5045; x_wconf 83' lang='lat' dir='ltr'><strong>pericula</strong></span> <span class='ocrx_word' id='word_1_841' title='bbox 3362 4974 3441 5027; x_wconf 87' lang='lat' dir='ltr'><strong>eis</strong></span> <span class='ocrx_word' id='word_1_842' title='bbox 3489 4972 3756 5027; x_wconf 81' lang='lat' dir='ltr'><strong>debebunt</strong></span> 
     </span>
    </p>
   </div>
   <div class='ocr_carea' id='block_1_57' title="bbox 481 5054 3753 5136">
    <p class='ocr_par' dir='ltr' id='par_1_57' title="bbox 481 5054 3753 5136">
     <span class='ocr_line' id='line_1_57' title="bbox 481 5054 3753 5136; baseline 0.002 -24"><span class='ocrx_word' id='word_1_843' title='bbox 481 5054 797 5114; x_wconf 78' lang='lat' dir='ltr'><strong>:udilicabat.</strong></span> <span class='ocrx_word' id='word_1_844' title='bbox 832 5059 982 5115; x_wconf 87' lang='lat' dir='ltr'><strong>Tune</strong></span> <span class='ocrx_word' id='word_1_845' title='bbox 1010 5065 1175 5133; x_wconf 82' lang='lat' dir='ltr'><strong>magis</strong></span> <span class='ocrx_word' id='word_1_846' title='bbox 1202 5076 1317 5120; x_wconf 85' lang='lat' dir='ltr'><strong>erat</strong></span> <span class='ocrx_word' id='word_1_847' title='bbox 1342 5067 1567 5124; x_wconf 87' lang='lat' dir='ltr'><strong>solutus,</strong></span> <span class='ocrx_word' id='word_1_848' title='bbox 1602 5071 1736 5125; x_wconf 74' lang='lat' dir='ltr'><strong>Audi</strong></span> <span class='ocrx_word' id='word_1_849' title='bbox 1768 5073 1910 5126; x_wconf 84' lang='lat' dir='ltr'><strong>enim</strong></span> <span class='ocrx_word' id='word_1_850' title='bbox 1942 5089 2064 5128; x_wconf 79' lang='lat' dir='ltr'><strong>eum</strong></span> <span class='ocrx_word' id='word_1_851' title='bbox 2175 5067 2394 5136; x_wconf 83' lang='lat' dir='ltr'><strong>injicere</strong></span> <span class='ocrx_word' id='word_1_852' title='bbox 2447 5067 2712 5119; x_wconf 91' lang='lat' dir='ltr'><strong>timorem.</strong></span> <span class='ocrx_word' id='word_1_853' title='bbox 2768 5067 2834 5118; x_wconf 84' lang='lat' dir='ltr'><strong>At</strong></span> <span class='ocrx_word' id='word_1_854' title='bbox 2881 5065 3182 5126; x_wconf 80' lang='lat' dir='ltr'><strong>faciebant,</strong></span> <span class='ocrx_word' id='word_1_855' title='bbox 3238 5064 3440 5133; x_wconf 89' lang='lat' dir='ltr'><strong>inquit,</strong></span> <span class='ocrx_word' id='word_1_856' title='bbox 3474 5064 3753 5119; x_wconf 85' lang='lat' dir='ltr'><strong>miracula.</strong></span> 
     </span>
    </p>
   </div>
   <div class='ocr_carea' id='block_1_58' title="bbox 478 5143 3760 5227">
    <p class='ocr_par' dir='ltr' id='par_1_58' title="bbox 478 5143 3760 5227">
     <span class='ocr_line' id='line_1_58' title="bbox 478 5143 3760 5227; baseline 0.002 -23"><span class='ocrx_word' id='word_1_857' title='bbox 478 5143 744 5201; x_wconf 75' lang='lat' dir='ltr'><strong>dicentem</strong></span> <span class='ocrx_word' id='word_1_858' title='bbox 777 5165 790 5201; x_wconf 91' lang='lat'>:</span> <span class='ocrx_word' id='word_1_859' title='bbox 827 5148 895 5204; x_wconf 84' lang='lat' dir='ltr'><strong>Ut</strong></span> <span class='ocrx_word' id='word_1_860' title='bbox 920 5153 1093 5221; x_wconf 87' lang='lat' dir='ltr'><strong>plures</strong></span> <span class='ocrx_word' id='word_1_861' title='bbox 1120 5171 1147 5207; x_wconf 89' lang='lat' dir='ltr'><strong>e</strong></span> <span class='ocrx_word' id='word_1_862' title='bbox 1171 5158 1414 5227; x_wconf 80' lang='lat' dir='ltr'><strong>fratribus</strong></span> <span class='ocrx_word' id='word_1_863' title='bbox 1444 5161 1751 5227; x_wconf 74' lang='lat' dir='ltr'><strong>conﬁdentes</strong></span> <span class='ocrx_word' id='word_1_864' title='bbox 1776 5164 1827 5216; x_wconf 78' lang='lat' dir='ltr'><strong>in</strong></span> <span class='ocrx_word' id='word_1_865' title='bbox 1853 5165 2068 5218; x_wconf 63' lang='lat' dir='ltr'><strong>uinculis</strong></span> <span class='ocrx_word' id='word_1_866' title='bbox 2174 5159 2400 5212; x_wconf 75' lang='lat' dir='ltr'><strong>Creditis</strong></span> <span class='ocrx_word' id='word_1_867' title='bbox 2426 5173 2553 5225; x_wconf 75' lang='lat' dir='ltr'><strong>ergo</strong></span> <span class='ocrx_word' id='word_1_868' title='bbox 2580 5173 2673 5211; x_wconf 89' lang='lat' dir='ltr'><strong>eos</strong></span> <span class='ocrx_word' id='word_1_869' title='bbox 2705 5156 2894 5211; x_wconf 81' lang='lat' dir='ltr'><strong>fecisse</strong></span> <span class='ocrx_word' id='word_1_870' title='bbox 2922 5157 3197 5212; x_wconf 86' lang='lat' dir='ltr'><strong>miracula.</strong></span> <span class='ocrx_word' id='word_1_871' title='bbox 3231 5159 3297 5210; x_wconf 87' lang='lat' dir='ltr'><strong>At</strong></span> <span class='ocrx_word' id='word_1_872' title='bbox 3318 5173 3423 5211; x_wconf 90' lang='lat' dir='ltr'><strong>non</strong></span> <span class='ocrx_word' id='word_1_873' title='bbox 3455 5155 3760 5212; x_wconf 80' lang='lat' dir='ltr'><strong>iaciebant?</strong></span> 
     </span>
    </p>
   </div>
   <div class='ocr_carea' id='block_1_59' title="bbox 479 5237 3753 5316">
    <p class='ocr_par' dir='ltr' id='par_1_59' title="bbox 479 5237 3753 5316">
     <span class='ocr_line' id='line_1_59' title="bbox 479 5237 3753 5316; baseline 0.005 -28"><span class='ocrx_word' id='word_1_874' title='bbox 479 5237 624 5303; x_wconf 85' lang='lat' dir='ltr'><strong>meis,</strong></span> <span class='ocrx_word' id='word_1_875' title='bbox 672 5238 1017 5298; x_wconf 82' lang='lat' dir='ltr'><strong>abundantius</strong></span> <span class='ocrx_word' id='word_1_876' title='bbox 1062 5247 1308 5301; x_wconf 84' lang='lat' dir='ltr'><strong>auderent</strong></span> <span class='ocrx_word' id='word_1_877' title='bbox 1347 5251 1454 5302; x_wconf 85' lang='lat' dir='ltr'><strong>sine</strong></span> <span class='ocrx_word' id='word_1_878' title='bbox 1498 5252 1675 5306; x_wconf 85' lang='lat' dir='ltr'><strong>timore</strong></span> <span class='ocrx_word' id='word_1_879' title='bbox 1721 5255 1925 5307; x_wconf 83' lang='lat' dir='ltr'><strong>verbum</strong></span> <span class='ocrx_word' id='word_1_880' title='bbox 1972 5253 2069 5308; x_wconf 71' lang='grc' dir='ltr'><strong><em>Ηεὶ</em></strong></span> <span class='ocrx_word' id='word_1_881' title='bbox 2176 5248 2286 5302; x_wconf 82' lang='lat' dir='ltr'><strong>Hoc</strong></span> <span class='ocrx_word' id='word_1_882' title='bbox 2316 5258 2393 5301; x_wconf 87' lang='lat' dir='ltr'><strong>cst</strong></span> <span class='ocrx_word' id='word_1_883' title='bbox 2422 5248 2593 5316; x_wconf 77' lang='lat' dir='ltr'><strong>majus</strong></span> <span class='ocrx_word' id='word_1_884' title='bbox 2620 5248 2931 5301; x_wconf 88' lang='lat' dir='ltr'><strong>miraculum</strong></span> <span class='ocrx_word' id='word_1_885' title='bbox 2961 5264 3116 5316; x_wconf 86' lang='lat' dir='ltr'><strong>quam</strong></span> <span class='ocrx_word' id='word_1_886' title='bbox 3164 5247 3375 5315; x_wconf 81' lang='lat' dir='ltr'><strong>facere,</strong></span> <span class='ocrx_word' id='word_1_887' title='bbox 3420 5250 3465 5303; x_wconf 88' lang='lat' dir='ltr'><strong>si</strong></span> <span class='ocrx_word' id='word_1_888' title='bbox 3518 5248 3753 5303; x_wconf 85' lang='lat' dir='ltr'><strong>adduce-</strong></span> 
     </span>
    </p>
   </div>
   <div class='ocr_carea' id='block_1_60' title="bbox 480 5329 3181 5410">
    <p class='ocr_par' dir='ltr' id='par_1_60' title="bbox 480 5329 3181 5410">
     <span class='ocr_line' id='line_1_60' title="bbox 480 5329 3181 5410; baseline 0.007 -28"><span class='ocrx_word' id='word_1_889' title='bbox 480 5329 620 5398; x_wconf 73' lang='grc' dir='ltr'><strong>Ιοᾳυὶ</strong></span> <span class='ocrx_word' id='word_1_890' title='bbox 649 5330 911 5402; x_wconf 79' lang='lat' dir='ltr'><strong>(Philipp.</strong></span> <span class='ocrx_word' id='word_1_891' title='bbox 941 5336 996 5389; x_wconf 90' lang='grc'><strong>1.</strong></span> <span class='ocrx_word' id='word_1_892' title='bbox 1031 5338 1141 5407; x_wconf 61' lang='lat' dir='ltr'><strong>ll).</strong></span> <span class='ocrx_word' id='word_1_893' title='bbox 1174 5338 1288 5406; x_wconf 90' lang='lat' dir='ltr'><strong>Ipse</strong></span> <span class='ocrx_word' id='word_1_894' title='bbox 1318 5356 1528 5410; x_wconf 86' lang='lat' dir='ltr'><strong>quoque</strong></span> <span class='ocrx_word' id='word_1_895' title='bbox 1556 5359 1742 5399; x_wconf 89' lang='lat' dir='ltr'><strong>rursus</strong></span> <span class='ocrx_word' id='word_1_896' title='bbox 1773 5345 1873 5398; x_wconf 91' lang='lat' dir='ltr'><strong>hoc</strong></span> <span class='ocrx_word' id='word_1_897' title='bbox 1902 5346 2070 5398; x_wconf 88' lang='lat' dir='ltr'><strong>conli-</strong></span> <span class='ocrx_word' id='word_1_898' title='bbox 2177 5340 2368 5393; x_wconf 75' lang='lat' dir='ltr'><strong>banlur</strong></span> <span class='ocrx_word' id='word_1_899' title='bbox 2399 5338 2641 5392; x_wconf 63' lang='lat' dir='ltr'><strong>humines</strong></span> <span class='ocrx_word' id='word_1_900' title='bbox 2665 5338 2865 5404; x_wconf 64' lang='grc' dir='ltr'><strong>πιιειιυθ</strong></span> <span class='ocrx_word' id='word_1_901' title='bbox 2894 5339 3181 5392; x_wconf 69' lang='lat' dir='ltr'><strong>IllifaCUliS-</strong></span> 
     </span>
    </p>
   </div>
   <div class='ocr_carea' id='block_1_61' title="bbox 480 5423 3757 5504">
    <p class='ocr_par' dir='ltr' id='par_1_61' title="bbox 480 5423 3757 5504">
     <span class='ocr_line' id='line_1_61' title="bbox 480 5423 3757 5504; baseline 0.007 -31"><span class='ocrx_word' id='word_1_902' title='bbox 480 5431 625 5475; x_wconf 87' lang='lat' dir='ltr'><strong>tetur</strong></span> <span class='ocrx_word' id='word_1_903' title='bbox 653 5423 860 5484; x_wconf 79' lang='lat' dir='ltr'><strong>dicens,</strong></span> <span class='ocrx_word' id='word_1_904' title='bbox 922 5425 1140 5492; x_wconf 82' lang='lat' dir='ltr'><strong>Quando</strong></span> <span class='ocrx_word' id='word_1_905' title='bbox 1167 5431 1297 5483; x_wconf 88' lang='lat' dir='ltr'><strong>enim</strong></span> <span class='ocrx_word' id='word_1_906' title='bbox 1326 5431 1578 5497; x_wconf 79' lang='lat' dir='ltr'><strong>inﬁrmor,</strong></span> <span class='ocrx_word' id='word_1_907' title='bbox 1611 5444 1728 5486; x_wconf 88' lang='lat' dir='ltr'><strong>tunc</strong></span> <span class='ocrx_word' id='word_1_908' title='bbox 1753 5446 1930 5504; x_wconf 86' lang='lat' dir='ltr'><strong>potens</strong></span> <span class='ocrx_word' id='word_1_909' title='bbox 1956 5453 2068 5489; x_wconf 87' lang='lat' dir='ltr'><strong>sum</strong></span> <span class='ocrx_word' id='word_1_910' title='bbox 2247 5429 2326 5482; x_wconf 80' lang='lat' dir='ltr'><strong>De</strong></span> <span class='ocrx_word' id='word_1_911' title='bbox 2356 5428 2885 5483; x_wconf 68' lang='lat' dir='ltr'><strong>SOlee-—Vl&quot;ClUS</strong></span> <span class='ocrx_word' id='word_1_912' title='bbox 2913 5431 3072 5483; x_wconf 65' lang='lat' dir='ltr'><strong>ﬁliam</strong></span> <span class='ocrx_word' id='word_1_913' title='bbox 3102 5429 3199 5483; x_wconf 66' lang='lat' dir='ltr'><strong>mil»</strong></span> <span class='ocrx_word' id='word_1_914' title='bbox 3224 5431 3361 5493; x_wconf 68' lang='lat' dir='ltr'><strong>&quot;Nili</strong></span> <span class='ocrx_word' id='word_1_915' title='bbox 3392 5429 3609 5486; x_wconf 64' lang='lat' dir='ltr'><strong>Grmcns</strong></span> <span class='ocrx_word' id='word_1_916' title='bbox 3653 5429 3757 5485; x_wconf 74' lang='grc' dir='ltr'><strong>δη·</strong></span> 
     </span>
    </p>
   </div>
   <div class='ocr_carea' id='block_1_62' title="bbox 482 5512 3754 5591">
    <p class='ocr_par' dir='ltr' id='par_1_62' title="bbox 482 5512 3754 5591">
     <span class='ocr_line' id='line_1_62' title="bbox 482 5512 3754 5591; baseline 0.003 -25"><span class='ocrx_word' id='word_1_917' title='bbox 482 5512 563 5579; x_wconf 76' lang='grc'><strong>(2.</strong></span> <span class='ocrx_word' id='word_1_918' title='bbox 595 5512 714 5568; x_wconf 83' lang='lat' dir='ltr'><strong>Cor.</strong></span> <span class='ocrx_word' id='word_1_919' title='bbox 757 5515 846 5569; x_wconf 72' lang='grc'>12.</span> <span class='ocrx_word' id='word_1_920' title='bbox 878 5516 987 5587; x_wconf 87' lang='grc'>10).</span> <span class='ocrx_word' id='word_1_921' title='bbox 1027 5519 1313 5589; x_wconf 80' lang='lat' dir='ltr'><strong>PrOpterea</strong></span> <span class='ocrx_word' id='word_1_922' title='bbox 1356 5522 1566 5576; x_wconf 82' lang='lat' dir='ltr'><strong>diccbat</strong></span> <span class='ocrx_word' id='word_1_923' title='bbox 1603 5526 1787 5588; x_wconf 82' lang='lat' dir='ltr'><strong>etiam,</strong></span> <span class='ocrx_word' id='word_1_924' title='bbox 1821 5526 1925 5580; x_wconf 82' lang='lat' dir='ltr'><strong>Sed</strong></span> <span class='ocrx_word' id='word_1_925' title='bbox 1953 5542 2068 5579; x_wconf 76' lang='lat' dir='ltr'><strong>uer-</strong></span> <span class='ocrx_word' id='word_1_926' title='bbox 2177 5531 2351 5574; x_wconf 83' lang='lat' dir='ltr'><strong>crates</strong></span> <span class='ocrx_word' id='word_1_927' title='bbox 2382 5537 2393 5572; x_wconf 75' lang='grc' dir='ltr'><strong>ε</strong></span> <span class='ocrx_word' id='word_1_928' title='bbox 2424 5519 2551 5587; x_wconf 89' lang='lat' dir='ltr'><strong>quid</strong></span> <span class='ocrx_word' id='word_1_929' title='bbox 2589 5520 2760 5587; x_wconf 82' lang='lat' dir='ltr'><strong>ergo?</strong></span> <span class='ocrx_word' id='word_1_930' title='bbox 2804 5535 2983 5575; x_wconf 88' lang='lat' dir='ltr'><strong>annon</strong></span> <span class='ocrx_word' id='word_1_931' title='bbox 3009 5521 3185 5575; x_wconf 86' lang='lat' dir='ltr'><strong>statim</strong></span> <span class='ocrx_word' id='word_1_932' title='bbox 3216 5521 3482 5591; x_wconf 71' lang='lat' dir='ltr'><strong>Megaram</strong></span> <span class='ocrx_word' id='word_1_933' title='bbox 3513 5520 3754 5591; x_wconf 79' lang='lat' dir='ltr'><strong>fugerunt</strong></span> 
     </span>
    </p>
   </div>
   <div class='ocr_carea' id='block_1_63' title="bbox 484 5601 3759 5686">
    <p class='ocr_par' dir='ltr' id='par_1_63' title="bbox 484 5601 3759 5686">
     <span class='ocr_line' id='line_1_63' title="bbox 484 5601 3759 5686; baseline 0.003 -29"><span class='ocrx_word' id='word_1_934' title='bbox 484 5606 603 5657; x_wconf 86' lang='lat' dir='ltr'><strong>bum</strong></span> <span class='ocrx_word' id='word_1_935' title='bbox 638 5601 730 5657; x_wconf 89' lang='lat' dir='ltr'><strong>Dei</strong></span> <span class='ocrx_word' id='word_1_936' title='bbox 755 5621 856 5660; x_wconf 90' lang='lat' dir='ltr'><strong>non</strong></span> <span class='ocrx_word' id='word_1_937' title='bbox 883 5616 957 5661; x_wconf 90' lang='lat' dir='ltr'><strong>est</strong></span> <span class='ocrx_word' id='word_1_938' title='bbox 994 5610 1259 5681; x_wconf 84' lang='lat' dir='ltr'><strong>alligatum</strong></span> <span class='ocrx_word' id='word_1_939' title='bbox 1291 5612 1368 5681; x_wconf 72' lang='grc' dir='ltr'>(Ξ.</span> <span class='ocrx_word' id='word_1_940' title='bbox 1399 5611 1535 5666; x_wconf 85' lang='lat' dir='ltr'><strong>Tim.</strong></span> <span class='ocrx_word' id='word_1_941' title='bbox 1563 5612 1618 5666; x_wconf 71' lang='grc'>2.</span> <span class='ocrx_word' id='word_1_942' title='bbox 1651 5612 1730 5686; x_wconf 88' lang='grc'><strong>9).</strong></span> <span class='ocrx_word' id='word_1_943' title='bbox 1760 5614 1815 5669; x_wconf 85' lang='grc' dir='ltr'>1η</span> <span class='ocrx_word' id='word_1_944' title='bbox 1846 5616 2072 5671; x_wconf 82' lang='lat' dir='ltr'><strong>vinculis</strong></span> <span class='ocrx_word' id='word_1_945' title='bbox 2179 5612 2470 5680; x_wconf 63' lang='lat' dir='ltr'><strong>discipuli?</strong></span> <span class='ocrx_word' id='word_1_946' title='bbox 2502 5612 2732 5666; x_wconf 82' lang='lat' dir='ltr'><strong>Maxime</strong></span> <span class='ocrx_word' id='word_1_947' title='bbox 2761 5630 2775 5666; x_wconf 88' lang='lat'><strong>:</strong></span> <span class='ocrx_word' id='word_1_948' title='bbox 2803 5628 2907 5667; x_wconf 88' lang='lat' dir='ltr'><strong>n0n</strong></span> <span class='ocrx_word' id='word_1_949' title='bbox 2937 5615 3078 5668; x_wconf 89' lang='lat' dir='ltr'><strong>enim</strong></span> <span class='ocrx_word' id='word_1_950' title='bbox 3106 5614 3438 5670; x_wconf 88' lang='lat' dir='ltr'><strong>admiserunt</strong></span> <span class='ocrx_word' id='word_1_951' title='bbox 3468 5630 3588 5683; x_wconf 65' lang='lat' dir='ltr'><strong>qua:</strong></span> <span class='ocrx_word' id='word_1_952' title='bbox 3612 5613 3759 5669; x_wconf 78' lang='lat' dir='ltr'><strong>dicc-</strong></span> 
     </span>
    </p>
   </div>
   <div class='ocr_carea' id='block_1_64' title="bbox 488 5696 3759 5775">
    <p class='ocr_par' dir='ltr' id='par_1_64' title="bbox 488 5696 3759 5775">
     <span class='ocr_line' id='line_1_64' title="bbox 488 5696 3759 5775; baseline 0.003 -26"><span class='ocrx_word' id='word_1_953' title='bbox 488 5702 610 5749; x_wconf 85' lang='lat' dir='ltr'><strong>crat</strong></span> <span class='ocrx_word' id='word_1_954' title='bbox 643 5708 769 5748; x_wconf 87' lang='lat' dir='ltr'><strong>cum</strong></span> <span class='ocrx_word' id='word_1_955' title='bbox 796 5696 1052 5755; x_wconf 85' lang='lat' dir='ltr'><strong>maleﬁcis</strong></span> <span class='ocrx_word' id='word_1_956' title='bbox 1091 5716 1154 5756; x_wconf 89' lang='lat' dir='ltr'><strong>ac</strong></span> <span class='ocrx_word' id='word_1_957' title='bbox 1189 5703 1486 5769; x_wconf 87' lang='lat' dir='ltr'><strong>sceleratis,</strong></span> <span class='ocrx_word' id='word_1_958' title='bbox 1524 5719 1644 5761; x_wconf 86' lang='lat' dir='ltr'><strong>cum</strong></span> <span class='ocrx_word' id='word_1_959' title='bbox 1674 5705 1918 5775; x_wconf 87' lang='lat' dir='ltr'><strong>captivis,</strong></span> <span class='ocrx_word' id='word_1_960' title='bbox 1945 5721 2069 5762; x_wconf 87' lang='lat' dir='ltr'><strong>cum</strong></span> <span class='ocrx_word' id='word_1_961' title='bbox 2185 5708 2378 5762; x_wconf 87' lang='lat' dir='ltr'><strong>bantur</strong></span> <span class='ocrx_word' id='word_1_962' title='bbox 2404 5705 2471 5762; x_wconf 89' lang='lat' dir='ltr'><strong>de</strong></span> <span class='ocrx_word' id='word_1_963' title='bbox 2499 5704 2918 5763; x_wconf 85' lang='lat' dir='ltr'><strong>immortalitate.</strong></span> <span class='ocrx_word' id='word_1_964' title='bbox 2950 5706 3056 5763; x_wconf 85' lang='lat' dir='ltr'><strong>Sed</strong></span> <span class='ocrx_word' id='word_1_965' title='bbox 3099 5707 3184 5764; x_wconf 81' lang='lat' dir='ltr'><strong>hic</strong></span> <span class='ocrx_word' id='word_1_966' title='bbox 3228 5708 3349 5764; x_wconf 86' lang='lat' dir='ltr'><strong>vide</strong></span> <span class='ocrx_word' id='word_1_967' title='bbox 3379 5724 3393 5763; x_wconf 88' lang='lat'><strong>:</strong></span> <span class='ocrx_word' id='word_1_968' title='bbox 3431 5709 3641 5763; x_wconf 79' lang='lat' dir='ltr'><strong>vinctus</strong></span> <span class='ocrx_word' id='word_1_969' title='bbox 3676 5714 3759 5760; x_wconf 77' lang='lat' dir='ltr'><strong>est</strong></span> 
     </span>
    </p>
   </div>
  </div>
