4026 6148
308 336 409 397 37!

317 450 550 518 Paulus,
577 461 635 507 et
659 451 829 523 magis
870 448 1214 505 conﬁdebant
1254 444 1497 514 discipuli
1523 462 1536 497 :
1561 451 1616 497 et
1655 441 1885 496 merito:

316 545 572 602 videbant
613 546 754 600 enim
804 558 910 598 non
956 540 1203 611 impediri
1254 536 1706 608 prredicationem.
1753 534 1892 589 Num

320 646 474 706 potes
497 635 757 706 impedire
784 631 1056 703 linguam?
1083 645 1178 700 per
1205 645 1324 685 eam
1350 629 1519 683 currit
1547 627 1797 682 maxime.
1826 625 1896 680 Ut

320 728 464 783 enim
490 741 797 792 cursorem,
825 724 925 778 nisi
967 723 1130 794 pedes
1174 721 1417 777 vinxeris
1445 760 1461 784 ,
1505 735 1535 773 a
1587 734 1746 773 cursu
1790 731 1895 771 non

323 817 658 888 prohibueris
688 832 702 868 :
734 817 806 869 ita
831 815 994 870 etiam
1023 812 1365 883 evangelista:
1413 811 1516 866 nisi
1560 810 1790 877 linguam
1836 807 1897 861 li-

320 907 486 974 garis,
517 920 624 959 non
651 905 988 973 prohibueris
1014 903 1298 972 quominus
1327 902 1371 956 is
1397 908 1598 957 currat.
1630 899 1733 953 Sed
1761 899 1901 952 sicut

323 997 415 1052 ille
440 997 483 1051 si
512 996 721 1052 lumbos
748 996 951 1065 ligaris,
986 995 1155 1063 magis
1198 992 1367 1048 currit
1410 1001 1465 1047 et
1513 1000 1754 1061 portatur
1783 1004 1796 1040 :
1828 989 1898 1042 ita

325 1086 412 1141 hic
436 1101 664 1156 quoque,
695 1087 903 1141 vinctus
929 1087 1099 1155 magis
1140 1084 1427 1155 praedicat,
1477 1083 1801 1152 liberiusque
1846 1089 1900 1136 et

320 1176 699 1233 confidentius.
722 1178 1031 1233 Extimescit
1050 1176 1280 1242 vinctus,
1305 1173 1517 1244 quando
1543 1173 1715 1227 solum
1744 1171 1901 1226 fuerit

323 1268 592 1323 vinculum
624 1285 638 1320 τ
667 1269 757 1338 qui
810 1274 986 1322 autem
1042 1277 1268 1323 mortem
1320 1263 1582 1333 despicit,
1620 1259 1901 1331 quomodo

322 1362 489 1417 fuerit
511 1361 737 1430 ligatus?
764 1360 988 1416 Perinde
1012 1359 1276 1415 faciebant
1300 1368 1461 1428 atque
1501 1357 1545 1412 si
1590 1357 1733 1411 l’auli
1780 1370 1899 1408 um-

327 1452 479 1508 bram
508 1454 844 1518 vinxissent,
873 1461 930 1507 et
954 1466 1017 1506 os
1042 1452 1158 1521 ejus
1178 1451 1536 1506 obturassent.
1586 1448 1715 1502 Erat
1758 1450 1900 1501 enim

329 1558 503 1611 pugna
531 1542 831 1598 umbratilis
863 1558 879 1596 :
908 1556 1030 1596 nam
1056 1550 1112 1596 et
1134 1540 1248 1594 suis
1274 1539 1441 1608 magis
1484 1546 1598 1594 erat
1632 1537 1908 1592 desidera-

329 1633 484 1696 bilis,
513 1643 569 1689 et
597 1633 827 1688 inimicis
869 1632 1038 1702 magis
1081 1629 1440 1695 reverendus;
1487 1638 1546 1683 ut
1590 1628 1680 1696 qui
1725 1627 1904 1695 magni

328 1736 387 1780 et
413 1724 564 1780 fortis
588 1724 751 1779 animi
769 1721 931 1777 ferret
954 1722 1188 1791 prmmia,
1222 1734 1413 1789 nempe
1439 1718 1666 1773 vincula.
1693 1716 1905 1771 Corona

329 1822 488 1869 ornat
515 1823 693 1888 caput,
725 1826 829 1867 non
857 1811 1058 1882 pudore
1085 1810 1268 1876 allicit,
1293 1809 1385 1864 sed
1407 1809 1568 1864 etiam
1596 1806 1905 1877 praeclarum

329 1905 516 1961 eilicit.
549 1903 702 1958 Inviti
728 1918 850 1958 eum
873 1901 1204 1957 coronabant
1226 1907 1432 1955 catena.
1461 1897 1711 1959 Nam,dic
1741 1897 1869 1952 mihi
1890 1938 1906 1964 ,

331 2004 585 2066 possetne
609 1993 805 2050 ferrum
834 1991 1119 2047 formidare
1140 1991 1232 2062 qui
1271 1989 1502 2046 audebat
1541 1988 1910 2044 adamantiuas

332 2084 583 2155 frangere
626 2083 814 2138 mortis
849 2082 1070 2154 partas?

415 2173 633 2229 Vincula
664 2172 818 2227 Pauli
843 2188 996 2242 quant
1033 2170 1273 2243 pretiosa.
1296 2167 1706 2236 —Veniamus,
1754 2187 1790 2225 ο
1832 2169 1914 2224 di-

336 2264 484 2332 lecti,
513 2263 579 2321 ad
610 2263 945 2319 vinculorum
973 2261 1165 2317 horum
1194 2263 1368 2317 zelum
1396 2271 1452 2317 et
1494 2263 1909 2318 :emulattonent.

334 2357 696 2426 Quacumque
724 2355 975 2409 mulieres
1000 2369 1160 2409 aurea
1191 2353 1438 2409 iuduistis
1465 2353 1684 2410 monilia
1710 2394 1727 2421 ,
1764 2353 1914 2408 Pauli

336 2447 644 2504 desiderate
676 2446 908 2502 vincula.
935 2444 1049 2500 Non
1079 2446 1157 2500 sic
1181 2446 1333 2501 vobis
1365 2447 1508 2501 circa
1533 2447 1731 2502 collum
1752 2446 1918 2516 fulget

337 2536 559 2597 eollare,
578 2545 633 2589 ut
659 2535 715 2590 in
731 2535 847 2605 ejus
872 2536 1046 2589 anima
1072 2534 1303 2605 fulgebat
1318 2545 1690 2592 ornamentum
1710 2536 1916 2593 ferreo-

340 2641 456 2681 rnm
485 2625 835 2680 vinculorum.
863 2625 918 2682 Si
949 2627 1206 2696 quispiam
1229 2628 1319 2681 illa
1345 2628 1628 2693 desiderat,
1655 2628 1769 2683 haec
1794 2630 1918 2685 odio

340 2714 557 2769 habeat.
585 2713 722 2782 Quid
748 2716 890 2771 enim
913 2706 999 2773 est
1025 2732 1308 2774 commune
1343 2718 1566 2791 ignaviae
1589 2735 1710 2775 cmn
1741 2722 1916 2790 magni

339 2806 505 2861 animi
534 2806 748 2877 virtute,
772 2810 1013 2879 corporis
1049 2821 1364 2866 ornamento
1395 2825 1517 2867 cum
1550 2809 1919 2884 philosophia?

343 2895 437 2953 llla
459 2897 669 2954 vincula
696 2911 1010 2956 reverentur
1034 2900 1209 2971 angeli
1234 2918 1250 2968 ;
1281 2900 1398 2957 haec
1424 2917 1552 2958 vero
1575 2904 1733 2958 etiam
1781 2903 1919 2958 ludi-

346 2989 575 3045 ticantnr
602 3009 617 3045 :
649 2990 737 3045 illa
789 2991 1002 3046 vincula
1046 2990 1223 3046 solent
1268 3006 1299 3046 a
1328 3000 1469 3047 terra
1497 2992 1566 3048 ad
1592 2993 1780 3048 caelum
1814 2994 1918 3049 tol-

344 3079 493 3145 lere;
524 3078 640 3135 haec
655 3079 862 3136 vincula
881 3094 911 3133 a
938 3080 1072 3135 casio
1086 3080 1357 3136 deducunt
1375 3081 1442 3137 ad
1469 3091 1685 3137 terram.
1710 3082 1916 3138 Revera

340 3170 485 3225 enim
514 3170 628 3226 hare
655 3178 781 3226 sunt
808 3170 1019 3227 vincula
1041 3210 1060 3237 ,
1088 3185 1195 3227 non
1230 3171 1318 3226 illa
1347 3187 1361 3225 :
1390 3172 1476 3226 illa
1521 3184 1916 3240 ornamentum,

344 3263 461 3319 haec
485 3264 693 3319 vincula
720 3280 735 3317 :
766 3263 883 3319 inec
908 3278 1029 3318 cum
1061 3278 1288 3333 corpore
1314 3264 1549 3319 animam
1578 3279 1795 3337 quoque
1815 3281 1914 3336 op-

344 3358 612 3425 primunt;
641 3356 730 3410 illa
751 3370 872 3411 cum
893 3370 1123 3428 corpore
1146 3364 1341 3411 ornant
1364 3356 1525 3411 etiam
1544 3359 1797 3414 animam.
1826 3358 1919 3415 Vis

342 3449 486 3503 seire
514 3446 657 3519 quod
688 3448 780 3503 illa
825 3449 933 3503 sint
982 3449 1396 3504 ornamentum?
1444 3449 1538 3504 Dic
1577 3451 1708 3505 mihi
1736 3492 1752 3517 ,
1802 3451 1922 3521 quis

346 3539 516 3608 magis
543 3547 873 3608 spectatores
901 3539 1153 3604 attraxit,
1187 3549 1262 3605 tu,
1309 3554 1381 3594 an
1420 3540 1650 3597 Paulus?
1693 3540 1821 3613 quid
1872 3551 1924 3596 te

343 3628 506 3684 dico?
534 3627 647 3697 ipsa
673 3627 986 3697 lmperatrix
1017 3638 1124 3682 tota
1151 3643 1283 3684 auro
1306 3630 1629 3686 circumdata
1648 3672 1665 3698 ,
1709 3646 1805 3687 eos
1829 3633 1921 3703 qui

347 3718 531 3774 vident
553 3734 659 3773 non
688 3719 855 3788 magis
881 3719 1157 3773 attraxerit
1182 3736 1196 3772 :
1223 3720 1320 3774 sed
1341 3721 1387 3774 si
1411 3722 1693 3793 contigerit
1715 3732 1770 3780 et
1788 3724 1927 3780 Pau-

349 3810 461 3864 lum
488 3823 554 3863 eo
581 3817 823 3878 tempore
868 3807 1141 3873 vinctum,
1186 3817 1242 3864 et
1283 3807 1677 3879 lmperatricem
1720 3814 1926 3885 ingredi

347 3898 654 3961 ecclesiam,
684 3911 872 3953 omnes
895 3898 967 3953 ab
994 3898 1082 3954 illa
1110 3900 1163 3954 in
1205 3913 1329 3954 eum
1379 3912 1755 3959 converterent
1797 3920 1926 3960 ocu-

354 3990 437 4045 los
466 4006 480 4042 :
506 3996 562 4044 et
589 3987 803 4043 merito.
841 3987 1033 4044 Videre
1059 3990 1202 4045 enim
1233 3990 1503 4046 hominem
1549 3991 1781 4051 humana
1826 4013 1926 4052 na-

350 4091 469 4137 tura
489 4081 841 4152 superiorem,
869 4089 925 4135 et
952 4081 1042 4151 qui
1068 4081 1201 4137 nihil
1235 4081 1395 4139 habet
1426 4082 1660 4140 hominis
1678 4127 1694 4153 ,
1721 4086 1816 4143 sed
1842 4098 1928 4144 est

350 4172 570 4242 angelus
590 4171 645 4227 in
676 4180 842 4239 terra,
867 4181 949 4227 est
974 4172 1340 4230 admirabilius
1388 4189 1550 4246 quam
1595 4177 1783 4235 videre
1830 4194 1925 4235 or-

350 4275 532 4319 natam
559 4264 856 4319 mulierem.
882 4262 1016 4319 Nam
1044 4264 1158 4320 haec
1185 4265 1400 4335 quidem
1426 4266 1551 4323 licet
1575 4268 1758 4325 videre
1784 4281 1837 4326 et
1872 4271 1925 4328 iu

349 4358 693 4426 spectaculis,
722 4368 778 4413 et
806 4358 860 4414 in
891 4359 1120 4428 pompis,
1151 4367 1206 4414 et
1234 4361 1285 4414 in
1312 4358 1541 4427 balneis,
1569 4373 1624 4417 et
1644 4362 1827 4419 multis
1871 4364 1925 4419 in

351 4450 487 4505 locis
511 4458 567 4505 et
595 4450 790 4520 ubique
813 4467 829 4504 :
856 4449 1125 4516 hominem
1150 4461 1332 4507 autem
1378 4452 1765 4510 circumdatum
1811 4459 1929 4511 vin-

348 4542 509 4607 culis,
535 4550 592 4597 et
618 4542 1012 4597 existimantem
1039 4558 1097 4598 se
1115 4545 1401 4599 maximum
1422 4544 1624 4602 habere
1642 4561 1929 4604 ornamen-

351 4644 484 4697 tum,
518 4642 571 4687 et
596 4632 819 4687 vinculis
850 4648 954 4687 non
978 4633 1254 4689 cedentem
1281 4674 1294 4700 ,
1341 4636 1455 4691 fieri
1504 4654 1610 4693 non
1655 4648 1832 4709 potest
1871 4648 1929 4695 ut

349 4723 441 4793 qui
472 4722 663 4787 cernit,
695 4731 967 4777 terrenum
1004 4724 1231 4792 aspiciat
1257 4728 1641 4794 Spectaenlum,
1672 4729 1766 4784 sed
1797 4730 1926 4785 illud

343 4813 496 4867 caelis
521 4810 760 4882 dignum.
788 4811 891 4883 Qui
918 4822 998 4867 est
1024 4811 1110 4866 his
1134 4814 1495 4870 circumdatus
1532 4817 1741 4873 animus
1764 4859 1779 4884 ,
1823 4820 1929 4875 cir-

348 4902 633 4971 cumspicit
662 4903 781 4972 quis
827 4902 1036 4964 videat,
1084 4904 1205 4970 quis
1255 4920 1360 4958 non
1403 4906 1623 4961 videat:
1654 4918 1730 4962 est
1789 4907 1929 4963 fastu

354 4992 567 5064 plenus,
597 4995 741 5047 curis
762 5001 973 5049 tenetur
998 5002 1052 5049 et
1078 4993 1526 5051 sollicitudinibus
1549 5039 1564 5061 ,
1594 4998 1802 5052 vinetus
1847 5007 1931 5053 est

350 5081 475 5139 aliis
504 5083 980 5141 innumerabilibus
1001 5085 1164 5139 animi
1190 5084 1467 5141 ail’ectibus
1494 5105 1507 5141 :
1531 5087 1618 5156 qui
1647 5096 1730 5142 est
1751 5097 1926 5143 autem

352 5175 460 5230 illis
476 5176 853 5241 circumdatus,
884 5187 967 5232 est
986 5191 1207 5246 exspers
1230 5176 1415 5240 fastus,
1444 5179 1674 5231 exsultat
1698 5178 1925 5243 animus,

364 5268 425 5314 et
476 5259 615 5313 liber
661 5270 745 5316 est
791 5261 860 5317 ab
908 5264 1056 5317 ornui
1095 5265 1487 5331 sollicitudine,
1538 5268 1697 5323 ltetus
1742 5272 1936 5327 cadum

361 5349 613 5419 suspicit.
662 5346 725 5406 Si
767 5353 894 5422 quis
939 5355 1075 5409 mihi
1112 5355 1273 5410 daret
1315 5357 1617 5425 optionem,
1647 5362 1936 5418 mallemne

358 5440 553 5496 Videre
592 5440 820 5497 Paulum
849 5459 880 5498 e
911 5446 1045 5499 cado
1077 5457 1425 5503 exserentem
1449 5459 1632 5520 caput,
1663 5461 1719 5506 et
1742 5469 1929 5508 vocem

356 5532 724 5599 emittentem,
766 5549 834 5589 an
873 5549 941 5589 ex
970 5551 1228 5603 carcere;
1259 5540 1477 5595 mallem
1504 5556 1574 5595 ex
1608 5557 1828 5599 carcere
1861 5560 1932 5600 :e

355 5619 490 5674 cazlo
518 5623 665 5677 enim
711 5623 778 5678 ad
827 5624 1005 5694 ipsum
1055 5627 1305 5694 veniunt,
1335 5645 1459 5684 cum
1492 5632 1564 5685 sit
1601 5633 1657 5687 in
1687 5649 1927 5691 carcere.

354 5705 645 5781 Colligatio
669 5712 1076 5782 prmdieationis
1105 5726 1237 5772 sunt
1269 5719 1485 5775 vincula
1500 5710 1661 5777 'Pauli
1693 5740 1706 5778 :
1737 5726 1932 5785 [unda—

730 0 2219 29 Ψ

1036 333 1095 390 S.
1133 328 1409 389 JOANNIS
1443 318 1917 383 CHRYSOSTOMI
1954 320 2268 381 ARCHIEP.
2310 322 2856 382 CONSTANTINOP.

3471 319 3579 381 572

2002 445 2249 491 mentum
2291 447 2376 492 est
2419 438 2507 492 illa
2538 448 2749 493 catena.
2786 436 3017 491 Vincula
3063 436 3153 491 illa
3179 434 3575 490 desideremus.

2070 528 2126 582 5.
2153 527 2221 581 Et
2247 528 2535 596 quomodo,
2569 529 2758 612 inquit,
2785 528 2896 583 fieri
2929 530 3140 601 potest?
3167 530 3222 587 Si
3246 533 3361 588 inec
3377 532 3579 588 contri-

2000 619 2235 672 verimus
2260 628 2314 674 et
2341 618 2773 688 perfregerimus.
2804 619 2991 675 Nullus
3036 635 3163 676 usus
3186 662 3201 685 ,
3257 621 3351 677 sed
3399 624 3577 691 potius

2001 707 2252 761 damnum
2278 717 2357 762 est
2379 709 2532 763 nobis
2556 723 2624 762 ex
2650 708 2733 763 his
2755 709 2996 764 vinculis.
3038 710 3162 765 llaec
3201 725 3301 765 nos
3341 711 3451 767 illic
3487 727 3579 766 os-

2003 797 2222 852 tendent
2270 799 2510 865 vinctos;
2555 799 2704 853 Pauli
2747 810 2925 854 autem
2978 800 3185 855 vincula
3230 802 3321 855 illa
3372 803 3584 857 solvent

2005 887 2210 942 vincula
2241 905 2255 942 :
2287 903 2405 958 quae
2429 896 2511 944 est
2542 888 2625 943 his
2653 889 2741 944 hic
2768 890 2943 944 vincta
2962 930 2979 957 ,
3031 891 3421 947 immortalibus
3470 893 3583 948 Illic

2004 978 2227 1034 vinculis
2257 980 2459 1035 vinctas
2482 980 2699 1037 habebit
2727 996 2914 1036 manus
2940 992 2995 1037 et
3037 982 3233 1050 pedes;
3270 1000 3391 1053 quae
3430 984 3579 1039 Pauli

2005 1070 2183 1124 vincta
2212 1070 2371 1125 fuerit
2391 1068 2653 1134 vinculis,
2696 1072 2915 1127 habebit
2935 1073 3096 1128 veluti
3126 1083 3500 1129 ornamentum
3530 1076 3581 1130 ei

2008 1169 2132 1214 tunc
2157 1161 2564 1216 circumdatum.
2596 1162 2757 1218 Solve
2805 1172 2858 1218 et
2899 1164 3123 1232 teipsatn
3174 1179 3206 1218 a
3248 1166 3488 1231 vinculo,
3529 1176 3585 1220 et

2008 1267 2292 1321 pauperem
2323 1267 2351 1305 a
2403 1253 2563 1308 fame.
2594 1254 2702 1309 Cur
2742 1264 3078 1323 peccatorum
3118 1263 3336 1310 catenas
3379 1271 3583 1312 conne-

2007 1344 2148 1399 etis?
2167 1344 2482 1410 Quomodo?
2506 1347 2691 1416 inquit.
2706 1346 2929 1414 Quando
2947 1354 3001 1401 tu
3019 1363 3206 1401 aurum
3227 1357 3428 1417 gestas,
3447 1349 3586 1404 alius

2007 1443 2182 1488 autem
2214 1436 2388 1504 perit;
2418 1437 2631 1506 quando
2650 1447 2706 1491 tu
2726 1435 2939 1507 quidem
2967 1447 3024 1491 ut
3042 1438 3253 1492 inanem
3276 1442 3585 1507 assequaris

2008 1525 2257 1595 gloriam,
2284 1536 2488 1582 tantum
2520 1528 2636 1582 auri
2666 1529 2886 1597 accipis.
2917 1529 3054 1583 alius
3082 1539 3261 1584 autem
3293 1544 3399 1584 non
3427 1530 3590 1586 habet

2009 1618 2150 1686 quod
2167 1618 2310 1685 edat,
2327 1633 2503 1673 annon
2524 1629 2736 1688 peccata
2761 1619 3075 1674 eonnectis?
3105 1619 3265 1675 indue
3292 1620 3587 1686 Christum,

2010 1717 2067 1763 et
2122 1723 2226 1764 non
2284 1724 2519 1764 aurum:
2566 1710 2652 1763 ubi
2704 1719 2788 1765 est
2834 1725 3118 1776 mamona,
3166 1711 3274 1766 illic
3340 1726 3448 1766 non
3504 1722 3590 1767 est

2010 1797 2302 1853 Christus:
2335 1798 2425 1852 ubi
2467 1811 2550 1854 est
2571 1799 2846 1866 Christus,
2878 1800 2987 1855 illic
3038 1817 3141 1857 non
3187 1810 3272 1857 est
3316 1817 3586 1857 mamoua.

2012 1888 2131 1944 Non
2173 1890 2252 1943 vis
2291 1889 2435 1944 indui
2478 1891 2593 1962 ipso
2627 1890 2774 1961 Rege
2802 1892 3211 1947 universorum?
3238 1894 3296 1948 Si
3322 1894 3588 1965 quispiam

2014 1981 2107 2036 tibi
2130 1981 2284 2037 daret
2305 1998 2594 2052 purpuram
2623 1993 2678 2039 et
2702 1983 2949 2040 diadema
2971 2026 2986 2050 ,
3029 1981 3134 2040 no'n
3158 1986 3209 2040 id
3241 1987 3413 2057 potius
3447 1988 3594 2042 acci-

2018 2089 2172 2144 peres
2196 2091 2352 2146 quam
2378 2076 2602 2145 quodvis
2630 2078 2857 2132 aurum?
2884 2077 2995 2148 Ego
3019 2078 3111 2133 tibi
3154 2093 3258 2132 non
3303 2093 3593 2134 ornamen-

2016 2174 2129 2222 tum
2160 2169 2361 2238 regium
2392 2167 2483 2231 do,
2516 2168 2611 2223 sed
2640 2169 2812 2239 ipsum
2854 2169 3055 2239 Regem
3101 2171 3316 2240 pnebeo
3349 2171 3440 2225 tibi
3484 2186 3594 2240 quo

2018 2258 2274 2314 induaris.
2305 2260 2371 2315 Et
2394 2261 2682 2331 quomodo,
2724 2262 2912 2332 inquit,
2942 2261 3157 2318 Christo
3177 2262 3424 2317 induetur
3448 2263 3600 2331 quis-

2019 2351 2200 2421 piam?
2226 2352 2366 2407 Audi
2399 2353 2619 2408 Paulum
2647 2353 2914 2409 dicentem
2943 2369 2957 2408 :
2987 2355 3299 2425 Quicumque
3321 2355 3374 2409 in
3393 2354 3596 2409 Christo

2016 2441 2258 2512 baptizati
2285 2443 2402 2498 estis
2420 2484 2436 2508 ,
2465 2443 2721 2499 Christum
2744 2446 2979 2501 induistis
3021 2451 3039 2518 (
3062 2445 3180 2501 Gal.
3207 2449 3262 2502 3.
3284 2446 3352 2501 27
3377 2447 3396 2518 )
3424 2463 3438 2499 :
3466 2447 3593 2503 audi

2029 2532 2379 2600 apostolicam
2403 2533 2824 2590 admonitionetn
2857 2553 2871 2589 :
2902 2536 3081 2591 Carnis
3104 2576 3120 2603 ,
3154 2536 3322 2606 inquit
3350 2577 3365 2601 ,
3419 2552 3598 2592 curans

2018 2634 2083 2674 ne
2109 2624 2325 2693 feceritis
2347 2624 2415 2677 ad
2464 2627 2918 2695 concupiscentiam
2969 2626 3163 2698 (Rom.
3214 2628 3301 2683 15.
3347 2629 3468 2698 ιι).
3509 2628 3599 2683 Sic

2021 2714 2285 2783 quispiam
2313 2715 2528 2770 Christo
2555 2716 2812 2782 induitur,
2836 2718 2878 2772 si
2903 2719 3081 2772 carnis
3101 2733 3285 2772 curam
3311 2734 3417 2773 non
3449 2729 3600 2789 gerat

2020 2803 2086 2858 ad
2111 2806 2618 2876 concupiscentiam.
2650 2806 2705 2863 Si
2730 2806 2947 2864 Christo
2968 2807 3238 2872 indnaris,
3263 2808 3362 2877 ipsi
3407 2818 3458 2864 te
3493 2808 3601 2864 for-

2023 2897 2300 2951 tnidabunt
2327 2900 2637 2965 daemones;
2668 2900 2750 2954 sin
2778 2909 2953 2953 autem
2978 2914 3130 2963 auro,
3157 2900 3321 2953 etiam
3355 2899 3601 2956 homines
3653 2929 3668 2936 ί

2024 2986 2319 3043 irridehunt
2348 3005 2364 3045 :
2393 2990 2438 3044 si
2471 2989 2682 3045 Christo
2708 2989 2963 3058 induaris,
2996 2991 3157 3046 etiam
3197 3000 3251 3047 te
3277 2991 3603 3048 reverebun-

2022 3086 2111 3133 tur
2138 3077 2399 3136 homines.

2095 3170 2280 3226 Contra
2299 3172 2508 3225 nimium
2534 3172 2801 3226 mulierum
2821 3182 3161 3227 ornatum.—
3185 3173 3273 3228 Vis
3299 3174 3463 3228 videri
3488 3174 3606 3243 pul-

2023 3261 2152 3318 chra
2179 3274 2234 3316 et
2258 3261 2496 3317 decora?
2519 3263 2609 3317 tibi
2639 3262 2865 3319 sufiiciat
2889 3263 3136 3318 formatio
3156 3263 3438 3318 Creatoris.
3458 3265 3599 3332 Quid

2026 3368 2185 3410 aurea
2232 3354 2437 3410 inducis
2475 3365 2825 3423 ornamenta,
2870 3366 3140 3426 tamquam
3184 3356 3232 3410 id
3270 3356 3409 3426 quod
3451 3356 3597 3411 Deus

2025 3446 2236 3502 effinxit
2259 3447 2606 3503 correctura?
2630 3447 2722 3503 Vis
2751 3448 2923 3503 videri
2944 3448 3183 3503 decora?
3210 3447 3426 3503 induere
3455 3447 3598 3502 elee-

2028 3552 2274 3608 mosyua,
2307 3538 2532 3594 induere
2562 3538 2885 3609 benignitate
2907 3579 2921 3601 ,
2972 3538 3195 3594 induere
3242 3537 3497 3593 modestia
3542 3547 3602 3592 et

2031 3629 2398 3699 temperantia,
2417 3640 2473 3685 et
2488 3644 2519 3683 a
2544 3638 2593 3684 te
2612 3629 2751 3684 absit
2769 3627 2958 3685 fastus.
2982 3628 3108 3684 ilice
3125 3629 3305 3709 outnia
3329 3639 3455 3684 sunt
3473 3643 3605 3684 auro

2030 3721 2341 3791 pretiosiora
2368 3738 2383 3774 :
2417 3720 2529 3775 haec
2548 3721 2707 3775 etiam
2731 3721 3028 3789 speciosam
3060 3720 3291 3775 reddunt
3319 3720 3488 3790 magis
3507 3719 3606 3776 de-

2029 3825 2209 3866 coram
2236 3813 2385 3867 :luec
2409 3813 2569 3867 etiam
2595 3827 2697 3867 non
2725 3811 3016 3868 formosam
3038 3810 3277 3868 efficiunt
3297 3811 3607 3868 famosam.

2030 3900 2253 3968 Quando
2273 3902 2416 3958 enim
2441 3904 2562 3972 quis
2585 3917 2709 3957 eum
2736 3902 3105 3957 benevolentia
3136 3902 3480 3973 conjunctam
3524 3904 3609 3958 vi-

2030 3992 2169 4047 derit
2189 3982 2435 4061 formam,
2458 4009 2523 4049 ex
2549 3995 2770 4049 caritate
2788 3993 2892 4048 fert
2907 3996 3224 4050 sententiain
3251 4012 3265 4049 :
3292 3995 3607 4065 pravitatem

2031 4093 2234 4149 autem,
2269 4070 2337 4139 ne
2360 4084 2405 4139 si
2445 4083 2515 4138 sit
2557 4083 2770 4154 quidem
2814 4084 3070 4153 pulchra,
3120 4094 3297 4155 potest
3343 4084 3609 4155 quispiam

2032 4173 2211 4229 dicere
2252 4172 2575 4243 pulchram:
2617 4175 2883 4229 sauciatus
2921 4177 3062 4230 enim
3103 4175 3314 4231 animus
3362 4193 3469 4232 non
3518 4193 3609 4230 re-

2033 4271 2175 4319 ctam
2221 4262 2326 4318 fert
2368 4265 2707 4319 sententiam.
2754 4263 2951 4320 Ornata
2979 4265 3246 4335 quondam
3296 4266 3394 4321 fuit
3440 4267 3609 4340 [Egyo

2034 4356 2162 4425 ptia,
2195 4362 2413 4409 ornatus
2433 4370 2646 4425 quoque
2676 4354 2777 4410 fuit
2814 4355 3015 4426 Joseph
3047 4375 3061 4411 :
3090 4366 3208 4412 uter
3243 4368 3358 4413 erat
3403 4360 3610 4415 forum-

2033 4446 2182 4500 sior?
2206 4431 2312 4502 non
2338 4446 2460 4501 dico
2492 4447 2706 4515 quando
2738 4448 2829 4502 illa
2861 4456 2978 4504 erat
3011 4448 3063 4503 in
3095 4448 3238 4519 regia
3260 4490 3276 4513 ,
3308 4449 3395 4505 hic
3430 4459 3610 4505 autem

2035 4535 2088 4590 in
2119 4549 2355 4590 carcere.
2385 4535 2482 4591 Hic
2505 4545 2624 4591 erat
2650 4536 2825 4593 nudus
2846 4575 2863 4601 ,
2905 4538 2999 4593 sed
3028 4546 3148 4594 erat
3187 4538 3402 4594 indutus
3443 4541 3612 4594 vesti-

2036 4627 2231 4682 mentis
2279 4628 2645 4698 temperantize
2684 4638 2740 4684 et
2764 4630 3144 4686 continentiae:
3178 4632 3265 4685 illa
3304 4642 3420 4687 erat
3458 4631 3615 4688 indu-

2036 4726 2108 4784 ta,
2137 4717 2231 4772 sed
2253 4727 2369 4774 erat
2391 4718 2530 4772 nuda
2562 4719 2806 4789 turpior;
2845 4736 2951 4776 non
2984 4720 3216 4776 habebat
3239 4721 3382 4777 enim
3412 4729 3615 4791 tempe-

2035 4810 2287 4864 rantiam.
2313 4809 2538 4876 Quando
2570 4819 2621 4864 te
2652 4813 2892 4880 impense
2917 4812 3152 4875 ornaris,
3182 4826 3216 4866 o
3242 4811 3457 4878 mulier,
3489 4823 3616 4868 tunc

2034 4899 2177 4956 nuda
2202 4897 2339 4954 facta
2362 4915 2421 4954 es
2448 4900 2690 4970 turpior;
2723 4901 2915 4956 exuisti
2936 4902 3079 4956 enim
3107 4902 3443 4958 modestiam.
3485 4902 3615 4959 Erat

2036 4993 2198 5047 etiam
2230 4991 2337 5046 Eva
2366 4993 2504 5048 nuda
2525 5033 2542 5058 ,
2574 4992 2666 5047 sed
2693 4993 2910 5064 quando
2948 4992 3046 5047 fuit
3080 4993 3264 5049 induta
3284 5036 3298 5058 ,
3332 5004 3460 5050 tunc
3497 5002 3615 5048 erat

2036 5086 2243 5153 turpior
2276 5102 2288 5138 :
2324 5100 2443 5138 nam
2474 5084 2688 5153 quando
2718 5094 2832 5139 erat
2864 5083 3004 5140 nuda
3032 5126 3047 5148 ,
3095 5085 3262 5155 gloria
3302 5084 3398 5141 Dei
3441 5084 3615 5141 fuerat

2036 5185 2223 5230 ornata
2253 5194 2267 5239 ;
2300 5176 2518 5246 quando
2540 5185 2713 5230 autem
2750 5175 2921 5231 induit
2946 5186 3151 5230 vestem
3199 5176 3433 5245 peccati,
3490 5186 3615 5230 tunc

2037 5278 2148 5321 crat
2179 5268 2368 5336 turpis.
2397 5268 2465 5323 Et
2490 5277 2545 5322 tu
2570 5282 2691 5322 cum
2719 5267 2989 5322 mundano
3009 5266 3244 5321 indueris
3259 5277 3614 5333 ornatu,tuuc

2037 5372 2262 5426 appares
2284 5359 2508 5427 turpior.
2532 5356 2663 5411 Nam
2686 5357 2827 5427 quod
2855 5357 3053 5412 nimius
3078 5367 3324 5426 sumptus
3362 5366 3416 5411 et
3459 5356 3615 5412 lusus

2039 5462 2146 5501 non
2191 5446 2417 5501 sui‘ticiat
2451 5447 2519 5501 ad
2562 5447 2948 5503 ostendendam
2997 5446 3478 5516 pulchritudinem,
3518 5446 3614 5501 sed

2039 5536 2152 5591 fieri
2181 5539 2347 5607 possit
2373 5548 2429 5592 ut
2459 5538 2641 5592 induta
2669 5542 2843 5594 minus
2880 5540 2951 5594 sit
2991 5538 3213 5594 honesta
3242 5555 3399 5609 quam
3438 5537 3574 5594 nuda
3596 5579 3613 5602 ,

2035 5643 2136 5697 ego
2161 5629 2355 5685 dicam.
2386 5629 2440 5686 Si
2485 5630 2701 5700 quando
2746 5632 2965 5686 induisti
3013 5632 3333 5687 vestimenta
3386 5633 3614 5688 tibicinis

2040 5730 2130 5775 aut
2161 5720 2418 5789 chorauli,
2450 5737 2515 5777 an
2544 5721 2595 5777 id
2619 5738 2722 5778 non
2760 5732 2871 5777 eral
2918 5722 3263 5778 inhonestum
3301 5734 3355 5781 et
3397 5723 3611 5779 indeco-
