4026 6148
441 242 550 300 371

429 359 680 430 μάλιστα
712 355 916 428 τρέχει.
944 357 1154 426 Ὥσπερ
1179 356 1308 427 γὰρ.
1341 357 1588 429 δρομέως
1623 359 1690 413 ἂν
1722 360 1797 431 μὴ
1848 361 2016 436 δήσῃς

430 450 565 511 τοὺς
590 447 784 510 πόδας,
806 447 904 500 οὐκ
936 446 1218 509 ἐκώλυσας
1248 446 1340 500 τοῦ
1364 449 1568 520 δρόμου
1592 465 1605 478 ·
1642 450 1784 504 οὕτω
1811 452 1906 504 καὶ
1929 455 2018 504 εὐ-

433 532 765 604 αγγελιστοῦ
793 533 889 586 ἐάν
938 533 1013 604 μὴ
1051 532 1221 605 δήσῃς
1249 533 1348 604 τὴν
1381 536 1649 603 γλῶτταν,
1681 539 1779 590 οὐκ
1812 537 2018 592 ἐκώλυ-

439 640 540 685 σας
568 621 664 675 τοῦ
693 621 911 691 δρόμου.
968 620 1079 672 Kal
1114 620 1302 691 ῶσπερ
1337 623 1562 687 ἐκεῖνος,
1599 624 1694 678 ὲάν
1721 625 1891 696 δήσῃς
1919 627 2017 696 τὴν

433 710 630 778 ὀσφὺν,
657 706 854 777 μᾶλλον
881 706 1068 776 τρέχει
1110 707 1204 759 καὶ
1251 707 1695 778 διαδαστάζεται,
1747 710 1892 766 οὓτω
1920 714 2018 766 καὶ

430 791 590 859 οὗτος
641 794 1011 864 δεσμούμενος
1060 807 1087 834 ι
1140 795 1341 866 μᾶλλον
1399 798 1681 869 κηρύττει,
1732 802 1827 854 καὶ
1876 803 2016 872 μετὰ

432 883 676 945 πλείονος
705 883 805 950 τῆς
835 881 1168 953 παρρησίας.
1212 882 1396 955 Δειλιᾷ
1425 885 1454 937 ό
1480 885 1718 956 δέσμιος,
1753 888 1884 944 ὅταν
1925 889 2016 942 δε-

431 963 625 1042 σμὸςῇ
659 967 820 1038 μόνον
841 983 855 996 ·
895 970 923 1020 ό
949 969 1006 1021 δὲ
1057 968 1150 1022 τοῦ
1202 969 1438 1024 θανάτου
1482 975 1868 1043 καταφρονῶν,
1896 977 2014 1040 πῶς

427 1055 497 1108 ἂν
533 1055 721 1126 ἐδέθη;
753 1055 963 1109 Ταυτὸν
993 1056 1232 1122 ἐποίουν,
1258 1051 1372 1111 οἷον
1391 1057 1458 1111 ἂν
1487 1061 1536 1112 εί
1575 1061 1676 1130 τὴν
1711 1061 1870 1116 σκιὰν
1894 1063 2010 1116 ἐδέ-

429 1156 597 1211 σμουν
627 1141 865 1205 Παύλου,
893 1143 987 1196 καὶ
1003 1142 1066 1196 τὺ
1095 1143 1270 1214 στόμα
1293 1144 1464 1216 αὐτῆς
1485 1147 1830 1217 ἐνέφραττον.
1855 1150 2011 1203 Σκιο-

427 1231 600 1300 μαχία
638 1232 749 1302 γὰρ
793 1227 896 1301 ἦν·
959 1233 1075 1295 τοῖς
1105 1247 1165 1285 τε
1197 1233 1304 1304 γάρ
1351 1235 1573 1298 οἰκείοις
1627 1237 2011 1310 ποθεινότερος

423 1317 633 1387 μᾶλλον
663 1314 754 1389 ἦν,
787 1321 900 1381 τοῖς
931 1335 993 1372 τε
1043 1318 1257 1388 ἐχθροῖς
1303 1320 1748 1394 αἰδεσιμὼτερος,
1785 1326 1879 1379 am
1914 1328 2009 1380 ἀν-

425 1403 610 1475 δρείας
643 1405 825 1475 φέρων
849 1405 1083 1460 ἔπαθλον
1111 1407 1204 1458 τὸν
1232 1406 1448 1476 δεσμόν.
1502 1409 1768 1478 Στέφανος
1812 1418 2011 1485 κοσμεῖ

426 1493 693 1562 κεφαλὴν,
719 1492 835 1546 ἀλλ’
855 1494 956 1547 οὐκ
983 1494 1251 1563 αἰσχύνει,
1278 1493 1414 1547 ἀλλά
1441 1497 1536 1550 καὶ
1559 1496 1814 1570 λαμπρὸν
1841 1506 2002 1555 ποιεῖ.

431 1578 690 1643 ’Δκοντες
719 1579 1051 1643 ἐστεφάνουν
1075 1581 1237 1634 αὐτὸν
1262 1584 1328 1652 τῇ
1350 1582 1558 1639 ἀλύσει.
1591 1586 1726 1637 Εἰπὲ
1750 1591 1859 1658 γάρ
1891 1607 2002 1658 μοι,

423 1664 644 1736 σίδηρον
669 1661 784 1736 εἶχε
813 1666 990 1722 δεῖσαι
1019 1671 1048 1721 ό
1090 1669 1198 1722 τῶν
1227 1669 1606 1739 ἀδαμαντίνων
1639 1672 1735 1726 τοῦ
1769 1674 2003 1730 θανάτου

422 1752 778 1822 κατατολμῶν
807 1753 994 1808 πυλῶν
1011 1772 1028 1818 ς

495 1839 779 1910 Ἐλθωμεν
807 1842 888 1906 είς
937 1840 1123 1911 ζῆλον,
1162 1844 1461 1913 ἀγαπητοὶ,
1491 1847 1602 1900 τῶν
1633 1848 1850 1918 δεσμῶν
1876 1851 2002 1904 τού-

420 1943 551 1984 των.
585 1929 747 1981 Ὀσαι
775 1933 1034 1998 γυναῖκες
1069 1929 1271 2002 χρυσία
1297 1934 1639 2004 περίκεισθε,
1675 1939 1745 1992 τά
1786 1939 2001 1994 Παύλου

421 2014 601 2086 δεσμά
631 2017 928 2085 ποθήσατε.
958 2019 1071 2088 Οὐχ
1100 2019 1273 2082 οὕτως
1294 2022 1423 2090 ὑμῖν
1447 2023 1576 2094 περὶ⁵
1603 2023 1695 2077 τὸν
1729 2027 2001 2096 τράχηλον

421 2102 486 2155 τὸ
533 2103 915 2176 περιδέρραιον
961 2107 1300 2178 ἀπολάμπει,
1351 2111 1426 2173 ὡς
1474 2113 1683 2164 ἐκείνου
1730 2115 1856 2184 περὶ
1903 2119 2002 2187 τὴν
2052 2139 2057 2144 ’

422 2189 604 2260 ψυχὴν
660 2192 688 2243 ό
739 2191 847 2244 τῶν
900 2191 1138 2263 σιδηρῶν
1169 2195 1386 2265 δεσμῶν
1427 2197 1638 2252 ἔστιλϐε
1670 2200 1892 2271 κόσμος.
1937 2203 2006 2257 EI

422 2293 505 2338 τις
545 2278 729 2330 ὲκεῖνα
757 2278 936 2346 ποθεῖ,
978 2281 1149 2335 ταῦτα
1205 2284 1451 2352 μισείτω.
1486 2286 1582 2350 Τίς
1605 2285 1714 2357 γάρ
1746 2292 2000 2344 κοινωνία

421 2362 650 2435 βλακείᾳ
670 2365 806 2433 πρὸς
827 2366 1080 2438 ἀνδρείαν
1103 2384 1116 2434 ;
1149 2371 1520 2442 καλλωπισμῷ
1543 2375 1841 2446 σωματικῷ
1865 2378 2000 2449 πρὸς

419 2450 780 2519 φιλοσοφίανς
821 2455 1035 2509 Ἐκεῖνα
1093 2457 1160 2510 τά
1191 2458 1368 2528 δεσμά
1417 2459 1641 2529 ἄγγελοι
1699 2463 1996 2531 αίδοῦνται,

416 2539 626 2590 τούτων
668 2539 761 2592 καὶ
792 2543 1224 2608 καταπαίξουσιν
1250 2561 1263 2574 ·
1302 2547 1487 2600 ἐκεῖνα
1529 2548 1600 2603 τὰ
1647 2550 1825 2622 δεσμά
1861 2554 1998 2625 πρὸς

415 2623 507 2677 τὸν
537 2625 767 2696 οὐρανὸν
813 2628 923 2681 ἀπὸ
969 2630 1066 2700 τῆς
1115 2632 1219 2701 γῆς
1260 2632 1439 2688 ἕλκειν
1489 2637 1670 2704 εἴωθε,
1703 2637 1875 2692 ταῦτα
1906 2623 1996 2696 ήτά

414 2710 589 2781 δεσμά
634 2713 772 2784 πρὸς
801 2715 900 2786 τὴν
923 2715 1028 2786 γῆν
1053 2717 1164 2771 ἀπὸ
1190 2720 1287 2773 τοῦ
1318 2722 1549 2790 ούρανοῦ
1589 2726 1838 2795 κατάγει.
1869 2729 1994 2781 Ὃν-

412 2814 522 2861 τως
554 2799 662 2870 γὰρ
694 2800 869 2854 ταῦτα
897 2802 1093 2872 δεσμὰ,
1140 2805 1240 2858 οὐκ
1274 2807 1460 2861 ἐκεῖνα
1487 2826 1500 2838 ·
1540 2811 1724 2864 ἐκεῖνα
1764 2814 1990 2884 κόσμος,

413 2885 587 2938 ταῦτα
615 2887 817 2958 δεσμά·
853 2889 1026 2944 ταῦτα
1068 2893 1208 2961 μετά
1235 2894 1330 2948 τοῦ
1359 2897 1609 2966 σώματος
1645 2903 1742 2954 καὶ
1769 2902 1868 2973 τὴν
1891 2904 1992 2974 ψυ-

408 2973 519 3042 χὴν
549 2974 742 3038 θλίϐει,
773 2978 954 3033 ἐκεῖνα
987 2982 1127 3050 μετά
1152 2980 1244 3034 τοῦ
1277 2982 1530 3052 σώματος
1563 2988 1658 3040 καὶ
1687 2989 1784 3060 τὴν
1813 2990 1992 3062 ψυχὴν

415 3062 631 3129 κοσμεῖ.
689 3062 876 3117 Βούλει
925 3067 1117 3134 μαθεῖν
1171 3068 1253 3121 ὅτι
1304 3071 1488 3124 ἐκεῖνα
1550 3074 1752 3145 κόσμος
1800 3079 1986 3144 ἐστίν;

410 3145 548 3198 Εἰπέ
585 3164 697 3216 μοι.
725 3150 809 3213 τίς
840 3151 1039 3220 μᾶλλον
1067 3155 1419 3210 ἐπεσπάσατο
1448 3160 1572 3223 τοὺς
1603 3161 1867 3231 ὁρῶντας,
1899 3167 1985 3231 σὺ,

404 3233 441 3300 ἢ
478 3233 726 3302 Παῦλος;
771 3235 920 3311 [402]
953 3241 1047 3320 καὶ
1078 3241 1132 3293 τί
1161 3241 1324 3310 λέγω,
1380 3243 1480 3308 σῦς
1531 3248 1674 3318 αὐτὴ
1701 3251 1735 3319 ἡ
1773 3250 1986 3320 βασιλὶς

409 3322 442 3390 ἡ
497 3322 678 3376 πάντα
713 3326 913 3394 χρυσὸν
959 3317 1352 3401 περικειμένη.
1396 3333 1494 3386 οὐκ
1540 3333 1605 3387 ἂν
1641 3317 1847 3406 μᾶλλον
1885 3342 1987 3392 ἐπ-

403 3409 691 3464 εσπάσατο
717 3415 843 3476 τοὺς
863 3413 1102 3484 ὁρῶντας
1124 3432 1140 3448 ·
1187 3417 1304 3470 ἀλλ’
1337 3419 1387 3471 εἰ
1419 3421 1615 3492 συνέϐη
1654 3424 1746 3477 καὶ
1778 3426 1987 3479 Παῦλον

407 3496 554 3549 κατὰ
581 3498 674 3551 τὸν
703 3498 867 3552 αὐτὸν
894 3502 1084 3571 καιρὸν
1129 3503 1433 3574 δεδεμένον,
1476 3507 1572 3559 καὶ
1604 3509 1704 3579 τὴν
1739 3510 1985 3581 βασιλίδα

407 3583 490 3643 είς
515 3582 615 3652 τὴν
643 3584 940 3656 ἐκκλησίαν
970 3589 1252 3653 εἰσελθεῖν,
1277 3590 1482 3655 πάντες
1515 3593 1582 3647 ἂν
1628 3597 1724 3649 ἀπ’
1771 3599 1986 3671 ἐκείνης

406 3667 506 3754 ἐπὶ
542 3669 730 3723 τοῦτον
751 3674 1063 3744 μετήγαγον
1083 3677 1209 3740 τοὺς
1240 3678 1551 3754 ὀφθαλμούς
1573 3697 1586 3711 ⁸
1618 3685 1711 3737 καὶ
1736 3667 1981 3750 εἰκότως.

411 3751 486 3845 EF?)
507 3755 616 3825 γάρ
636 3757 765 3827 όρᾷν
797 3759 966 3830 ἄνδρα
991 3764 1088 3832 τῆς
1117 3764 1330 3832 φύσεως
1347 3751 1451 3837 ’τῆς
1482 3769 1830 3843 ἀνθρωπίνης
1865 3776 1984 3845 μεί-

405 3839 695 3932 ζοναηκαὶ
748 3849 898 3900 οὐδὲν
929 3849 1121 3918 ἔχοντα
1169 3853 1532 3925 ἀνθρώπινον,
1587 3839 1704 3912 ἀλλ’
1750 3839 1982 3932 ἄγγελον

396 3929 501 3981 ἐπὶ
527 3930 650 4001 γῆς,
685 3932 1129 4006 θαυμασιώτερον
1160 3939 1254 3994 τοῦ
1274 3944 1407 4013 όρᾷν
1444 3948 1680 4011 γυναῖκα
1705 3951 1979 4004 κεκαλλω-

402 4019 698 4090 πισμένην.
727 4022 910 4079 Ταῦτα
958 4027 1057 4096 μὲν
1091 4029 1199 4100 γάρ
1239 4032 1336 4083 καὶ
1391 4035 1450 4084 ἐν
1501 4033 1771 4106 θεάτροις,
1803 4041 1896 4092 καὶ
1923 4043 1980 4094 ἐν

396 4110 666 4176 πομπαῖς.
696 4113 790 4164 καὶ
814 4111 1137 4181 βαλανείοις,
1190 4118 1284 4171 καὶ
1321 4120 1592 4190 πολλαχοῦ
1631 4124 1780 4178 ἐστιν
1812 4128 1939 4180 ἰδεῖν
1959 4146 1976 4162 ·

387 4193 684 4266 ἄνθρωπον
721 4199 776 4252 δὲ
805 4199 979 4273 δεσμά
1012 4207 1412 4276 περικείμενον,
1447 4211 1539 4262 καὶ
1571 4213 1859 4280 νομίζοντα
1888 4215 1978 4270 τὸν

389 4283 659 4350 μέγιστον
688 4286 889 4356 κόσμον
914 4289 1078 4359 ἔχειν,
1105 4295 1200 4345 καὶ
1232 4294 1333 4346 οὐκ
1358 4296 1573 4350 είκοντα
1599 4301 1709 4362 τοῖς
1737 4301 1974 4371 δεσμοῖς,

394 4370 495 4420 οὐκ
525 4370 638 4423 ἔστι
664 4373 768 4441 γῆς
793 4374 974 4444 θέαμα
1020 4378 1148 4429 ἰδεῖν
1198 4381 1289 4431 τὸν
1321 4381 1554 4450 ὁρῶντα,
1591 4385 1705 4438 ἀλλ’
1731 4370 1977 4460 οὐρανῶν

393 4455 544 4520 ἄξιον
575 4459 634 4510 τὸ
667 4460 866 4530 θέαμα.
905 4462 969 4514 Ἦ
1020 4464 1191 4517 ταῦτα
1224 4470 1584 4540 περικειμένη
1625 4472 1771 4544 ψυχὴ
1798 4455 1976 4548 ⁷περι--

399 4545 611 4608 σκοπεῖ,
657 4547 739 4608 τίς
783 4544 911 4610 εἶδε,
955 4549 1037 4612 τίς
1069 4553 1168 4605 οὐκ
1227 4549 1358 4614 εἶδε,
1392 4556 1561 4624 τύφου
1595 4561 1973 4631 πεπλήρωται,

398 4631 642 4697 φροντίσι
675 4635 980 4704 κατέχεται,
1015 4638 1230 4709 μυρίοις
1259 4641 1462 4711 ἑτέροις
1488 4644 1693 4699 δέδεται
1727 4648 1970 4703 πάθεσιν·

391 4716 423 4768 ό
465 4716 520 4770 δὲ
549 4720 730 4772 ἐκεῖνα
787 4724 1194 4793 περικείμενος,
1236 4728 1467 4797 ἄτυφος·
1503 4733 1534 4801 ἡ
1573 4731 1714 4804 ψυχὴ
1745 4738 1975 4807 γαυροῦο

387 4820 502 4868 ται,
558 4807 735 4877 πάσης
787 4810 1132 4880 ἀπήλλακται
1187 4814 1486 4884 φροντίδος,
1516 4818 1802 4888 γεγηθυῖα,
1837 4826 1974 4893 πρὸς

382 4892 480 4943 τὸν
512 4892 736 4962 οὐρανὸν
770 4895 1064 4964 βλέπουσα,
1099 4901 1477 4971 ἐπτερωμένη.
1505 4903 1572 4955 Εἴ
1597 4904 1678 4968 τίς
1707 4924 1796 4976 μοι
1824 4892 1973 4963 Παῦ-

383 4977 480 5029 λον
530 4978 698 5032 ὲδίδου
743 4983 848 5034 ἀπὸ
887 4983 980 5035 τοῦ
1019 4986 1250 5056 οὐρανοῦ
1299 4989 1667 5046 διακόπτοντα
1723 4995 1849 5050 ίδεῖν
1879 4999 1973 5051 καὶ

384 5066 576 5135 φωνὴν
597 5068 846 5134 ἀφιέντα,
873 5071 904 5141 ἦ
935 5073 998 5124 ἐκ
1017 5073 1112 5124 τοῦ
1140 5075 1534 5148 δεσμωτηρίου,
1560 5081 1622 5133 ὲκ
1642 5081 1734 5134 τοῦ
1763 5083 1974 5154 δεσμω-

378 5153 575 5222 τηρίου
625 5155 689 5208 ἂν
743 5157 965 5228 εἱλόμην
1006 5178 1019 5190 ·
1086 5163 1133 5213 ot
1210 5163 1317 5234 γάρ
1352 5164 1379 5202 b
1451 5167 1514 5218 ἐκ
1573 5168 1664 5221 τοῦ
1740 5153 1969 5242 οὐρανοῦ

379 5241 522 5308 πρὸς
580 5242 741 5294 αὐτὸν
801 5244 1087 5315 ἔρχονται,
1157 5249 1284 5302 ὅταν
1341 5253 1421 5314 εἰς
1479 5253 1538 5306 τὸ
1596 5241 1968 5330 δεσμωτήριον

375 5322 436 5400 ᾖ.
497 5328 556 5380 ⁸0
593 5329 889 5401 σύνδεσμος
937 5335 1030 5387 τοῦ
1085 5337 1437 5407 κηρύγματος
1484 5341 1552 5394 τά
1599 5322 1774 5413 δεσμά
1819 5322 1969 5400 Παύ-

377 5491 471 5601 En:
495 5490 708 5554 Vocem,
768 5507 880 5555 quae
919 5495 1096 5546 deerat
1137 5502 1185 5549 in
1231 5499 1363 5561 edd.,
1421 5517 1482 5551 ex
1506 5505 1646 5554 codd.
1671 5509 1964 5571 recepimus.

471 5568 519 5601 το

443 5565 580 5693 frgi?
601 5613 700 5661 duo
721 5615 859 5693 cgddz
888 5618 1110 5693 el‘SaYil.
1141 5623 1492 5693 Legehalurpﬁ
1515 5628 1602 5690 γάρ
1624 5641 1683 5676 ex
1702 5630 1962 5693 Commol.,

375 5673 524 5735 Quod
556 5680 723 5725 tamen
746 5675 860 5725 ferri
885 5687 1072 5742 potest,
1097 5673 1239 5733 modB
1265 5689 1400 5748 legas
1421 5673 1960 5753 ίυιεὶίτῖῄσὶίῦἒῖῗυιῖἶ

1339 242 1405 299 ΙΝ
1446 243 1665 302 EPIST.
1705 248 1793 301 AD
1831 247 2117 304 COLOSS.
2161 249 2311 307 CAP.
2354 253 2446 311 IV.
2509 248 2744 307 IIOMIL.
2780 251 2847 307 Χ.

3602 258 3710 312 573

2123 363 2236 430 λου,
2276 367 2305 417 ὁ
2341 365 2588 437 θεμέλιος
2617 368 2650 438 ἠ
2684 367 2871 430 ἅλυσις
2914 365 3116 437 ἐκείνη.
3169 366 3377 420 Ἐκεῖνα
3425 368 3492 422 τὰ
3532 370 3706 440 δεσμά

2119 453 2469 523 ποθήσωμεν.

2191 548 2253 594 ε’.
2294 544 2404 596 Kal
2434 545 2572 609 πῶς,
2602 543 2788 614 φησὶν,
2817 543 2932 609 ένι;
2971 543 3098 597 Ἐὰν
3123 544 3295 599 ταῦτα
3324 545 3704 618 συντρίψωμεν

2118 629 2213 682 καὶ
2239 629 2637 701 διακλάσωμεν.
2671 632 2835 686 Οὐδὲν
2862 634 2991 703 ἡμῖν
3009 633 3116 686 ἀπὸ
3145 633 3349 687 τούτων
3381 634 3569 702 δφελος
3594 636 3705 688 τῶν

2115 715 2353 786 δεσμῶν,
2389 718 2523 772 ἀλλά
2556 719 2650 771 καὶ
2683 719 2878 788 βλάϐη.
2906 719 3201 788 Δεσμώτας
3227 723 3372 791 ἡμᾶς
3407 724 3524 774 ἐκεῖ
3541 721 3704 786 δείξει

2115 801 2311 867 ταῦτα,
2343 803 2412 857 τὰ
2436 804 2740 858 δέ.Παύλου
2769 807 2945 875 δεσμά
2979 807 3131 861 λύσει
3163 810 3347 862 ἐκεῖνα
3373 808 3444 862 τά
3485 809 3661 878 δεσμά
3683 824 3701 840 ⁹
3729 879 3732 882 ,

2114 890 2148 958 ἡ
2182 889 2391 952 τούτοις
2436 891 2671 944 ἐνταῦθα
2708 893 2965 964 δεδεμένη
2997 896 3090 947 καὶ
3116 897 3228 959 τοῖς
3256 896 3553 959 ἀθανάτοις
3586 897 3703 950 ἐκεῖ

2114 964 2334 1045 δεσμοῖς
2375 976 2663 1048 δεθήσεται
2697 982 2884 1049 χεῖρας
2920 981 3015 1033 καὶ
3047 982 3236 1048 πόδας,
3271 984 3304 1053 ἡ
3339 987 3452 1046 τοῖς
3485 983 3700 1038 Παύλου

2113 1059 2369 1133 δεδεμένη
2405 1064 2516 1130 ἕξει
2567 1066 2822 1138 καθάπερ
2880 1067 3086 1138 κόσμον
3123 1069 3509 1140 περικείμενον
3556 1073 3694 1143 αὐτῇ

2111 1149 2254 1202 τότε.
2293 1150 2470 1204 Λῦσον
2491 1153 2588 1205 καὶ
2619 1154 2822 1224 σαυτὴν
2861 1153 2957 1206 τοῦ
2988 1154 3212 1225 δεσμοῦ,
3239 1160 3334 1208 καὶ
3364 1156 3455 1209 τὸν
3489 1157 3700 1228 πένητα

2111 1235 2205 1288 τοῦ
2235 1236 2416 1308 λιμοῦ.
2439 1239 2504 1292 Τί
2522 1240 2632 1292 τῶν
2657 1241 3072 1312 ἁμαρτημάτων
3097 1241 3197 1304 τὰς
3229 1241 3416 1310 σειράς
3445 1244 3699 1312 ἐπισφίγ-

2111 1339 2267 1390 γεις;
2304 1326 2466 1391 Πῶς;
2523 1328 2707 1398 φησίν,
2744 1330 2913 1382 Ὅταν
2953 1330 3018 1382 σὺ
3054 1329 3154 1399 μὲν
3177 1332 3544 1402 χρυσοφορῇς,
3573 1332 3696 1385 ἐτε-

2111 1428 2204 1481 ρος
2232 1412 2288 1464 δὲ
2311 1415 2606 1469 ἀπόλλυται
2629 1433 2643 1446 ·
2684 1417 2814 1470 ὅταν
2848 1418 2912 1470 σὺ
2949 1417 3047 1488 μὲν
3079 1417 3166 1470 ἵνα
3197 1418 3354 1488 δόξης
3375 1418 3544 1491 τύχῃς
3592 1420 3696 1489 τῆς

2108 1499 2292 1567 κενῆς,
2346 1502 2600 1556 τοσοῦτον
2632 1503 2916 1576 λαμϐάνῃς
2962 1503 3204 1576 χρυσίον,
3234 1505 3420 1576 ἕτερος
3462 1506 3519 1559 δὲ
3556 1507 3693 1576 μηδὲ

2107 1587 2300 1652 φαγεῖν
2326 1587 2446 1658 ἔχη,
2473 1589 2594 1658 οὐχὶ
2620 1589 2721 1653 τάς
2752 1589 3030 1661 ἁμαρτίας
3049 1591 3385 1661 ὲπέσφιγξας
3409 1609 3424 1657 ;
3455 1593 3688 1664 Περίθου

2103 1671 2197 1722 τὸν
2226 1673 2480 1742 Χριστὸν,
2518 1675 2612 1728 καὶ
2649 1676 2724 1746 μὴ
2772 1677 2864 1730 τὸν
2893 1678 3122 1748 χρυσόν·
3168 1677 3298 1733 ἔνθα
3352 1682 3686 1752 μαμμωνᾶς,

2101 1757 2223 1810 ἐκεῖ
2253 1759 2488 1829 Χριστὸς
2515 1763 2613 1814 οὐκ
2647 1762 2794 1816 ἐστιν
2819 1781 2832 1794 ⁸
2868 1763 2996 1817 ἔνθα
3022 1766 3280 1832 Χριστὸς,
3309 1766 3427 1840 ἐκεῖ
3457 1785 3690 1838 μαμμω-

2103 1846 2199 1907 vi;
2221 1847 2322 1898 οὐκ
2348 1845 2516 1900 ἔστιν.
2537 1848 2611 1901 Ού
2643 1848 2821 1920 βούλει
2851 1852 2942 1906 τὸν
2973 1852 3210 1907 Βασιλέα
3245 1854 3411 1907 αὐτὸν
3437 1857 3685 1926 περικεῖ-

2106 1930 2228 1984 σθαι
2263 1932 2372 1986 τῶν
2403 1935 2654 2001 πάντωνς
2697 1937 2764 1992 Et
2800 1939 2886 2002 τίς
2917 1956 3002 1992 σοι
3028 1940 3129 2009 τὴν
3161 1940 3454 2010 ἁλουργίδα
3503 1943 3598 1995 καὶ
3621 1943 3686 1995 τὸ

2100 2017 2340 2088 διάδημα
2367 2019 2587 2086 ἔδωκεν,
2624 2024 2724 2076 οὐκ
2755 2025 2820 2079 ἂν
2856 2025 3022 2091 ἐδέξω
3048 2028 3170 2080 ἀντὶ
3193 2029 3395 2094 παντὸς
3421 2028 3516 2082 τοῦ
3545 2046 3682 2098 χρυ-

2104 2107 2220 2160 σίου
2245 2126 2260 2174 ;
2307 2108 2450 2176 Ἐγώ
2485 2127 2568 2162 σοι
2599 2113 2660 2163 οὐ
2691 2112 2782 2166 τὸν
2811 2115 3014 2184 κόσμον
3037 2115 3232 2186 δίδωμι
3255 2116 3349 2170 τὸν
3379 2115 3681 2188 βασιλικὸν,

2102 2193 2219 2246 ἀλλ’
2251 2195 2412 2249 αὐτὸν
2443 2197 2762 2268 περιθέσθαι
2790 2200 2881 2253 τὸν
2901 2201 3134 2256 Βασιλέα
3155 2204 3396 2275 παρέχω.
3428 2205 3538 2258 Καὶ
3563 2204 3682 2268 πῶς

2100 2280 2166 2335 ἄν
2190 2299 2275 2345 τις
2305 2287 2615 2354 περικέοιτο
2661 2287 2752 2340 τὸν
2795 2289 3048 2358 Χριστὸν,
3095 2293 3294 2362 φησίν;
3343 2294 3543 2346 ’Ἄκουε
3581 2293 3680 2346 τοῦ

2101 2367 2314 2422 Παύλου
2339 2369 2593 2440 λέγοντος
2615 2386 2628 2400 ⁸
2659 2373 2830 2429 Ὅσοι
2851 2378 2939 2442 είς
2967 2378 3227 2445 Χριστὸν
3258 2380 3678 2447 ἐϐαπτίσθητε,

2097 2456 2356 2522 Χριστόν
2416 2457 2790 2514 ἐνεδύσασθε
2813 2477 2827 2490 ⁸
2871 2461 3104 2517 ἄκουσον
3152 2463 3254 2534 τῆς
3304 2466 3679 2536 παραινέσεως

2096 2543 2196 2614 τῆς
2220 2544 2610 2617 ἀποστολικῆς·
2648 2547 2770 2617 Τῆς
2795 2551 3045 2618 σαρκὸς,
3083 2554 3239 2622 φησὶ,
3269 2556 3558 2622 πρόνοιαν
3588 2558 3677 2625 μὴ

2097 2631 2364 2685 ποιεῖσθε
2388 2636 2474 2698 είς
2499 2633 2836 2703 ἐπιθυμίαν.
2866 2637 3022 2690 Οὕτω
3041 2657 3125 2704 τις
3155 2640 3401 2695 ἐνδύεται
3423 2643 3515 2697 τὸν
3544 2643 3680 2714 Χρι-

2097 2719 2240 2784 στὸν,
2280 2720 2355 2792 μὴ
2381 2723 2632 2797 ,προνοῶν
2657 2727 2757 2795 τῆς
2781 2727 2982 2796 σαρκὸς
3007 2730 3086 2790 είς
3113 2729 3427 2800 ἐπιθυμίαν.
3459 2732 3553 2784 Ἂν
3584 2734 3679 2784 τὸν

2093 2808 2331 2877 Χριστὸν
2364 2811 2581 2883 ἐνδύσῃ,
2615 2814 2709 2866 καὶ
2739 2813 2994 2885 δαίμονές
3024 2835 3085 2870 σε
3121 2819 3557 2890 φοδηθήσονται·
3609 2821 3677 2875 ἂν

2091 2896 2148 2950 δὲ
2182 2899 2274 2950 τὸν
2315 2901 2535 2970 χρυσὸν,
2567 2902 2665 2955 καὶ
2695 2904 2972 2974 ἄνθρωποι
3030 2909 3530 2978 καταγελάσονται·
3579 2912 3676 2965 ἐὰν

2092 2983 2288 3059 ἐνδύσῃ
2320 2987 2409 3041 τὸν
2464 2989 2722 3059 Χριστὸν,
2779 2993 2871 3045 καὶ
2915 2992 3192 3065 ἄνθρωποί
3233 3013 3292 3049 σε
3324 2997 3675 3068 αίδεσθήσον-

2090 3090 2201 3128 ται.

2160 3162 2349 3216 Βούλει
2380 3164 2666 3234 φαίνεσθαι
2716 3167 2855 3239 καλὴ
2880 3170 2972 3222 καὶ
3002 3170 3322 3242 εὐπρεπήςς
3372 3173 3672 3243 ἀρκέσθητι

2088 3249 2181 3301 τοῦ
2208 3252 2552 3324 Δημιουργοῦ
2584 3251 2735 3324 [405]
2759 3257 2822 3325 τῇ
2854 3255 3067 3312 πλάσει.
3092 3258 3245 3311 Τίτά
3270 3260 3467 3328 χρυσία
3484 3263 3674 3313 ἐπεισ-

2089 3337 2262 3404 άγεις,
2286 3339 2361 3400 ὡς
2389 3338 2788 3410 διορθωσομένη
2821 3340 2913 3393 τοῦ
2944 3342 3078 3395 Θεοῦ
3100 3343 3161 3395 τὸ
3185 3343 3441 3414 πλάσμα;
3484 3347 3670 3412 Θέλεις

2087 3422 2369 3493 εὐπρεπὴς
2403 3422 2717 3492 φαίνεσθαι;
2757 3428 3052 3496 περιϐαλοῦ
3080 3429 3471 3501 ἐλεημοσύνην,
3510 3452 3669 3503 περι-

2087 3507 2251 3561 ϐαλοῦ
2281 3509 2711 3581 φιλανθρωπίαν,
2763 3513 3061 3584 περιδαλοῦ
3117 3519 3491 3589 σωφροσύνην,
3536 3523 3669 3575 ἀτυ-

2087 3597 2249 3665 φίαν·
2297 3597 2473 3651 ταῦτα
2526 3601 2704 3654 πάντα
2738 3602 2941 3673 χρυσοῦ
2971 3605 3277 3678 τιμιώτερα
3302 3625 3315 3637 ·
3365 3609 3539 3663 ταῦτα
3573 3614 3667 3664 καὶ

2084 3684 2184 3756 τὴν
2241 3685 2450 3755 ὡραίαν
2509 3687 2958 3761 εὐπρεπεστέραν
3008 3696 3184 3746 ποιεῖ·
3237 3695 3410 3749 ταῦτα
3440 3698 3532 3750 καὶ
3565 3698 3669 3768 τὴν

2083 3772 2180 3823 οὐκ
2217 3770 2491 3843 εὔμορφον
2546 3774 2821 3845 εὔμορφον
2882 3778 3390 3849 ἐργάζεται.”υταν
3432 3785 3542 3856 γάρ
3579 3803 3667 3848 τις

2085 3859 2202 3930 μετ’
2229 3862 2439 3925 εὐνοίας
2462 3863 2584 3932 ὄψιν
2609 3866 2731 3935 ὁρᾷ,
2751 3866 2860 3918 ἀπὸ
2887 3867 3108 3938 ἀγάπης
3134 3871 3287 3942 φέρει
3311 3873 3405 3936 τὰς
3427 3873 3664 3943 ψήφους·

2081 3949 2179 4018 τὴν
2207 3947 2263 4000 δέ
2297 3951 2541 4019 πονηρὰν
2571 3951 2632 4003 οὐ
2679 3952 2902 4006 δύναταί
2955 3973 3040 4018 τις
3096 3958 3218 4009 οὐδέ
3268 3960 3440 4029 καλὴν
3473 3957 3660 4027 οὖσαν,

2080 4036 2253 4098 καλὴν
2276 4037 2483 4090 εἰπεῖν·
2521 4037 2882 4109 πεπληγμένη
2912 4040 3022 4112 γάρ
3054 4044 3086 4110 ἡ
3140 4044 3348 4097 διάνοια
3394 4047 3454 4097 οὐ
3507 4050 3662 4118 φέρει

2079 4125 2178 4201 τὴν
2212 4124 2392 4194 ψῆφον
2420 4126 2608 4196 ὀρθήν.
2647 4127 2957 4198 Ἐκοσμήθη
2985 4132 3112 4182 ποτέ
3142 4134 3174 4201 ἡ
3220 4134 3506 4200 Αἰγυπτία,
3542 4135 3661 4188 ἐκο-

2081 4197 2264 4281 σμήθη
2297 4213 2392 4264 καὶ
2438 4213 2466 4264 ό
2509 4212 2742 4282 Ἰωσήφ·
2774 4197 2858 4277 τίς
2894 4211 2988 4267 οὖν
3017 4210 3086 4286 ἦν
3117 4197 3538 4289 ότὼραιότεροςς
3598 4222 3658 4273 οὐ

2078 4293 2220 4360 λέγω
2242 4295 2329 4346 ὅτε
2359 4297 2416 4347 ἐν
2437 4298 2549 4358 τοῖς
2580 4295 2871 4365 βασιλείοις
2897 4294 2965 4369 ἦν
3004 4300 3209 4370 ἐκείνη,
3237 4293 3387 4365 οὗτος
3414 4302 3469 4356 δὲ
3495 4306 3551 4357 ὲν
3580 4304 3659 4375 τῷ

2077 4379 2454 4452 δεσμωτηρίῳ.
2503 4383 2714 4450 Γυμνδς
2756 4380 2825 4453 ἦν
2853 4379 3026 4450 οὗτος,
3085 4385 3200 4438 ἀλλ’
3253 4388 3526 4443 ἐνεδέδυτο
3558 4393 3658 4460 τῆς

2079 4466 2435 4536 σωφροσύνης
2468 4467 2534 4520 τὰ
2570 4469 2760 4538 ἱμάτια
2781 4484 2794 4498 ·
2834 4471 3158 4543 ἐνδέδυμένη
3191 4469 3258 4544 ἦν
3293 4476 3494 4546 ἐκείνη,
3521 4477 3655 4530 ἀλλά

2075 4555 2288 4626 γυμνῆς
2316 4549 2384 4624 ἦν
2412 4556 2739 4628 αἰσχροτέρα
2765 4575 2777 4586 ·
2821 4561 3177 4632 σωφροσύνην
3214 4562 3325 4635 γὰρ
3349 4565 3448 4617 οὐκ
3487 4560 3652 4635 εἶχεν.

2080 4643 2242 4694 Ὅταν
2275 4641 2519 4713 σφοδρῶς
2545 4645 2822 4718 κοσμήσῃ,
2869 4639 2912 4698 ὦ
2945 4647 3124 4715 γύναι,
3155 4650 3276 4703 τότε
3310 4651 3407 4721 τῆς
3437 4655 3653 4722 γυμνῆς

2075 4727 2402 4798 αἰσχροτέρα
2456 4729 2719 4797 γέγονας·
2755 4733 3008 4786 ἁπεδύσω
3041 4737 3150 4806 γὰρ
3194 4737 3292 4808 τὴν
3333 4739 3649 4808 εὐκοσμίαν.

2074 4809 2181 4867 Ἦν
2208 4815 2299 4867 καὶ
2325 4817 2356 4884 ή
2393 4815 2508 4869 Εὐα
2536 4819 2716 4889 γυμνή
2738 4835 2751 4848 ·
2783 4819 2899 4872 ἀλλ’
2942 4821 3029 4874 ὅτε
3081 4823 3387 4886 ἐνεδύσατο,
3429 4827 3554 4880 τότε
3583 4823 3652 4896 ἧν

2074 4902 2433 4974 αἰσχροτέρα·
2485 4906 2571 4957 ὅτε
2605 4909 2702 4974 μὲν
2747 4907 2856 4977 γάρ
2883 4904 2951 4978 ἦν
2996 4909 3548 4986 γυμνὴ,,κεκόσμητο
3579 4920 3647 4988 τῇ

2072 4989 2198 5062 δόξῃ
2229 4991 2320 5043 τοῦ
2357 4992 2522 5044 Θεοῦ·
2558 4993 2647 5045 ὅτε
2697 4993 2752 5045 δὲ
2781 4993 2842 5046 τὸ
2869 4995 2968 5062 τῆς
3007 4998 3276 5065 ἁμαρτίας
3319 5000 3530 5069 ἱμάτιον
3559 5007 3648 5056 έν-

2072 5078 2314 5146 εδύσατο,
2336 5080 2457 5131 τότε
2485 5075 2552 5147 ἦν
2581 5081 2801 5150 αἰσχρά.
2830 5083 2936 5134 Kal
2964 5085 3026 5135 σὺ
3049 5085 3147 5154 τῆς
3171 5087 3528 5159 φιλοκοσμίας
3558 5095 3647 5145 ἐν·
3731 5075 3739 5086 ’

2071 5165 2301 5235 δυομένη
2326 5166 2386 5217 τὸ
2412 5167 2644 5234 ἱμάτιον,
2672 5168 2791 5218 τότε
2821 5169 3146 5239 αἰσχροτέρα
3178 5173 3360 5244 φαίνῃ.
3391 5177 3510 5229 Ὅτι
3538 5179 3645 5250 γὰρ

2070 5255 2102 5320 ἡ
2139 5252 2459 5304 πολυτέλεια
2507 5253 2607 5304 οὐκ
2655 5253 2815 5322 ἀρκεῖ
2847 5253 3014 5317 δεῖξαι
3057 5255 3348 5328 εὔμορφον,
3383 5263 3497 5316 ἀλλ’
3529 5266 3643 5318 ἔστι

2071 5341 2164 5390 καὶ
2203 5339 2558 5407 ἐνδεδυμένην
2611 5339 2711 5409 τῆς
2769 5341 2986 5409 γυμνῆς
3033 5344 3229 5412 μᾶλλον
3289 5349 3640 5418 ἀσχημονεῖν,

2070 5426 2179 5494 ἐγὼ
2213 5425 2340 5496 ἐρῶ.
2393 5427 2457 5476 Εἴ
2489 5443 2619 5478 ποτε
2668 5427 2900 5496 αὐλητοῦ
2948 5428 2979 5497 ἦ
3029 5433 3291 5499 χοραύλου
3339 5438 3506 5507 σκεύη
3552 5441 3642 5490 ἐν-

2070 5514 2261 5577 εδύσω,
2288 5507 2395 5580 ἆρα
2422 5511 2519 5563 οὐκ
2537 5508 2604 5582 ἦν
2626 5513 3012 5584 ἀσχημοσύνης
3055 5519 3246 5572 Καίτοι
3269 5537 3332 5590 γε
3363 5527 3540 5591 χρυσᾶ
3567 5528 3634 5580 τὰ

2070 5598 2262 5668 ἱμάτιά
2285 5599 2422 5650 εἰσιν
2441 5616 2452 5630 ·
2490 5599 2625 5650 ἀλλά
2647 5599 2736 5651 διὰ
2764 5599 2922 5652 τοῦτο
2950 5602 3325 5673 ἀσχημοσύνη,
3374 5609 3454 5662 ὅτι
3503 5628 3637 5681 χρυ-

2075 5688 2162 5740 σᾶ.
2181 5685 2243 5737 Ἢ
2275 5684 2383 5755 γὰρ
2409 5685 2721 5740 πολυτέλεια
2752 5687 2849 5757 τῆς
2881 5688 3078 5758 σκηνῆς
3112 5690 3337 5762 ἁρμόζει
3367 5699 3476 5760 τοῖς
3504 5700 3636 5768 τρα-
