4026 6148
388 274 495 330 373

368 387 704 462 γῳδοῖς,τοῖς
736 387 1076 459 ὑποκριταῖς,
1118 386 1232 447 τοῖς
1274 383 1479 454 μίμοιςς
1507 385 1620 445 τοῖς
1644 382 1960 454 ὀρχησταῖς,

386 480 502 541 τοῖς
540 477 675 548 πρὸς
708 477 775 530 τά
812 475 976 546 θηρία
1022 473 1348 543 μαχομένοις
1373 488 1387 501 ⁸
1431 472 1654 535 γυναικὶ
1702 471 1760 523 δὲ
1795 474 1959 543 πιστῇ

386 564 555 634 ἔτερα
581 564 789 617 δέδοται
824 562 1015 631 ἱμάτια
1048 560 1201 630 παρά
1234 558 1327 612 τοῦ
1357 558 1516 624 Θεοῦ,
1548 559 1710 621 αὐτὸς
1742 559 1771 610 ὁ
1805 575 1963 628 μονο-

388 651 553 721 γενὴς
594 649 686 703 τοῦ
747 648 878 702 Θεοῦ
931 650 1083 710 Παῖς.
1119 647 1297 700 Ὅσοι
1330 649 1461 716 γὰρ,
1493 647 1678 717 φησὶν,
1713 647 1802 711 είς
1833 647 1966 713 Χρι-

389 740 541 794 στὸν
593 737 1006 802 ἐϐαπτίσθητε,
1055 735 1316 804 Χριστὸν
1372 734 1768 787 ἐνεδύσασθε.
1830 731 1966 785 Εἰπέ

394 845 503 898 μοι,
536 826 591 880 εί
617 826 702 888 τίς
742 843 823 878 σοι
855 825 1135 895 βασιλικὸν
1164 823 1364 876 ἔδωκεν
1397 822 1629 892 ἱμάτιον,
1661 823 1724 874 σὺ
1751 820 1809 874 δὲ
1834 820 1969 873 ὲπά-

388 934 464 969 νω
495 913 701 967 ἐκείνου
735 912 795 966 τδ
824 910 916 965 τοῦ
972 912 1191 973 εῖλωτος
1228 909 1468 963 λαϐοῦσα
1524 908 1801 979 περιέθου,
1856 903 1967 977 ἆρα

388 1002 488 1054 ούκ
521 1000 586 1053 ἂν
614 999 750 1070 μετά
777 998 870 1052 τοῦ
911 1000 1240 1069 ἀσχημονεῖν
1267 1000 1360 1050 καὶ
1388 997 1722 1063 ὲκολάσθης;
1758 994 1850 1047 τὸν
1872 992 1966 1047 τοῦ

388 1088 617 1158 ούρανοῦ
649 1087 923 1158 Δεσπότην
982 1086 1078 1139 καὶ
1130 1085 1241 1138 τῶν
1295 1084 1545 1151 ἀγγέλων
1576 1081 1832 1145 ένεδύσω,
1876 1081 1970 1133 καὶ

389 1177 520 1246 περὶ
548 1177 645 1246 τὴν
676 1175 781 1244 γῆν
812 1175 891 1227 ἔτι
944 1174 1194 1245 στρέφῃ;
1232 1173 1421 1226 Ταῦτά
1465 1187 1556 1242 μοι
1596 1171 1832 1241 εἴρηται,
1886 1170 1969 1222 ὄτι

395 1263 538 1333 μέγα
590 1263 688 1333 μὲν
718 1263 810 1315 καὶ
842 1261 962 1315 καθ’
995 1261 1156 1315 ἑαυτὸ
1188 1260 1358 1313 κακὸν
1398 1261 1431 1330 ὴ
1480 1258 1838 1327 φιλοκοσμία,
1867 1256 1971 1309 κᾶν

366 1356 371 1361 ’
396 1350 562 1419 μηδὲν
582 1346 650 1419 ἦν
675 1351 857 1417 ἕτερον
883 1348 1129 1403 ἐντεῦθεν
1157 1347 1496 1418 τικτόμενον,
1527 1345 1642 1399 ἀλλ’
1665 1345 1794 1413 ἐξῆν
1821 1346 1972 1398 ἀκιν-

386 1435 562 1501 δύνως
591 1436 733 1507 ἔχειν
764 1437 868 1508 (είς
895 1437 1002 1505 γάρ
1028 1434 1333 1499 κενοδοξίαν
1376 1433 1588 1501 ἀλείφει
1632 1433 1729 1485 καὶ
1759 1429 1968 1501 τῦφον)·

394 1522 489 1576 νῦν
518 1523 573 1576 δὲ
597 1524 688 1577 καὶ
710 1523 873 1592 ἔτερα
889 1521 1063 1575 πολλά
1082 1522 1323 1574 τίκτεται
1345 1522 1409 1573 ὲκ
1434 1518 1528 1572 τοῦ
1553 1514 1968 1586 καλλωπισμοῦ,

395 1609 621 1679 ὑποψίαι
694 1609 945 1680 φανεραὶ,
996 1608 1231 1662 δαπάναι
1303 1608 1543 1677 ἄκαιροι,
1606 1603 1971 1675 βλασφημίαι,

395 1698 721 1762 πλεονεξιῶν
761 1696 1067 1760 ὑποθέσεις.
1093 1696 1158 1749 Τί
1188 1695 1296 1765 γὰρ
1323 1694 1662 1766 καλλωπίζῃ.
1695 1692 1817 1745 εἰπέ
1839 1708 1930 1761 μοι
1954 1705 1970 1753 ;

399 1783 486 1838 ῖνα
513 1785 713 1856 ἀρέσῃς
760 1785 837 1855 τῷ
868 1784 1060 1856 ἀνδρες
1101 1782 1309 1855 Οὐκοῦν
1338 1781 1429 1834 ὲπί
1451 1780 1552 1849 τῆς
1599 1780 1774 1841 οἰκίας
1815 1776 1974 1830 τοῦτο

397 1871 563 1925 ποίει.
598 1871 859 1925 Ἐνταῦθα
903 1872 960 1923 δὲ
998 1870 1313 1924 τούναντίον
1346 1869 1577 1938 γίνεται.
1627 1867 1693 1920 El
1753 1865 1862 1936 γὰρ
1895 1862 1974 1932 τῷ

398 1959 584 2031 οἰκείῳ
617 1960 807 2029 ἀρέσαι
839 1958 1012 2021 Θέλεις
1035 1959 1212 2028 ἀνδρὶ,
1239 1960 1353 2021 τοῖς
1400 1957 1582 2018 ἄλλοις
1614 1955 1688 2025 μὴ
1731 1954 1930 2024 ἄρεσκε
1956 1965 1971 1979 ο

399 2050 449 2100 εί
485 2048 542 2101 δὲ
575 2052 686 2111 τοῖς
732 2048 910 2108 ἄλλοις
939 2047 1213 2119 ἀρέσκεις,
1248 2047 1310 2098 ού
1360 2046 1564 2114 δυνήσῃ
1607 2042 1862 2111 ἀρέσκειν
1892 2038 1970 2108 τῷ

396 2135 604 2205 οἰκείῳ.
642 2136 804 2188 Ὥστε
836 2135 1014 2189 πάντα
1046 2132 1401 2187 ἀποτίθεσθαι
1450 2131 1544 2184 τὸν
1600 2129 1803 2199 κόσμον
1862 2126 1970 2178 ἔδει

1096 332 1112 340 ι

1077 272 1136 330 S.
1177 271 1462 328 JOANNIS
1497 267 1989 327 CIIBYSOSTOMI
2029 271 2350 330 ARCIIIEP.
2392 274 2940 331 CONSTANTINOP.

3538 274 3645 330 δτι

2066 387 2151 448 είς
2184 386 2393 455 ἀγορὰν
2426 384 2823 455 ἐμϐάλλουσαν,
2872 390 2951 451 εἰς
2995 386 3294 457 ἐκκλησίαν
3322 384 3643 453 προϊοῦσαν.

2070 471 2280 534 ’Ἄλλως
2303 472 2382 536 δὲ,
2418 472 2492 542 μὴ
2520 473 2628 525 ἀπὸ
2657 474 2862 527 τούτων
2892 475 3094 546 ἄρεσκε
3125 473 3203 543 τῷ
3232 473 3410 544 ἀνδρὶ,
3445 473 3541 540 ἀφ’
3571 466 3646 526 ὧν

2066 561 2161 613 καὶ
2193 561 2251 612 αί
2285 559 2502 630 πόρναι,
2536 561 2651 613 ἀλλ’
2696 562 2808 616 ἀπὸ
2855 562 3046 616 τούτου
3099 562 3321 633 μᾶλλον,
3356 560 3509 632 [404]
3554 562 3647 629 ἀφ’

2067 641 2127 700 οῦ
2162 649 2220 700 αἱ
2251 650 2509 714 γυναῖκες
2560 649 2617 700 αἱ
2670 649 2974 719 ἐλεύθεραι.
3015 650 3133 701 Τίνι
3187 648 3320 721 γὰρ,
3374 649 3498 700 εἰπέ
3533 665 3644 717 μοι,

2065 735 2319 806 διέστηκε
2349 736 2485 806 γυνὴ
2517 735 2761 806 πόρνης;
2805 738 2927 791 Ὅτι
2961 739 2994 808 ἡ
3031 737 3129 808 μὲν
3161 736 3296 808 πρὸς
3324 734 3470 808 ἓν[α]
3491 736 3649 806 μόνον

2066 824 2189 895 ὁρᾷ,
2214 823 2362 886 ὅπως
2414 821 2493 891 τῷ
2527 821 2715 877 κάλλει
2742 824 2836 877 τοῦ
2865 823 3117 894 σώματος
3146 823 3519 893 ὲφελκύσηται
3556 823 3652 875 τὸν

2068 912 2379 983 ἐρώμενον·
2414 910 2554 983 αὕτη
2586 912 2642 964 δὲ
2678 912 2772 966 καὶ
2812 913 2991 976 οἰκίας
3016 913 3364 984 προΐσταται,
3415 911 3513 965 καὶ
3560 912 3650 964 τέ-

2069 1015 2212 1051 κνων
2234 1001 2504 1062 κοινωνεῖ,
2552 999 2647 1050 καὶ
2673 998 2785 1051 τῶν
2814 998 2987 1053 ἄλλων
3016 1000 3297 1052 ἁπάντων.
3344 999 3649 1070 Θυγάτριον

2069 1088 2249 1159 ἔχειςς
2310 1089 2411 1158 ὅρα
2464 1089 2538 1159 μὴ
2570 1087 2877 1159 διαδέξηται
2920 1089 3022 1158 τὴν
3070 1088 3276 1158 βλάϐην
3303 1102 3317 1118 ⁸
3365 1087 3510 1157 φιλεῖ
3539 1087 3650 1158 γάρ

2071 1193 2188 1238 πως
2213 1175 2350 1246 πρὸς
2390 1175 2486 1251 τὰς
2521 1175 2832 1244 ἀνατροφὰς
2874 1175 2942 1228 τά
2972 1175 3075 1247 ἢθη
3124 1174 3505 1246 ρυθμίζεσθαι,
3554 1173 3651 1227 καὶ⁸

2075 1264 2358 1333 μιμεῖσθαι
2398 1261 2468 1318 τὰ
2500 1263 2609 1316 τῶν
2636 1264 2891 1334 μητέρων
2923 1263 3050 1335 ἢθη.
3081 1265 3217 1317 Ἐσο
3245 1263 3555 1333 ὑπόδειγμα
3579 1265 3647 1332 τῇ

2071 1349 2302 1421 θυγατρὶ
2346 1349 2719 1420 σωφροσύνης,
2752 1350 3032 1421 κόσμησαι
3060 1350 3149 1403 τὸν
3172 1351 3377 1419 κόσμον
3410 1351 3645 1414 ἐκεῖνον,

2072 1439 2167 1491 καὶ
2216 1438 2318 1508 δρα
2368 1436 2485 1500 πῶς
2541 1435 2732 1490 τούτου
2787 1437 3243 1507 καταφρονήσεις.
3272 1438 3483 1497 Ὄντως
3539 1436 3649 1504 γὰρ

2073 1528 2257 1579 ἐκεῖνα
2291 1525 2495 1594 κόσμος
2552 1524 2690 1590 ἐστὶ,
2724 1524 2900 1579 ταῦτα
2950 1526 3009 1579 δὲ
3057 1525 3319 1595 ἀκοσμία.
3364 1524 3651 1593 Ἀρκεῖτά

2071 1613 2359 1684 είρημένα.
2376 1615 2433 1665 ὐ
2455 1613 2511 1665 δὲ
2547 1612 2680 1676 Θεὸς
2707 1612 2735 1662 ὀ
2769 1612 2863 1666 τὸν
2889 1618 3093 1681 κόσμον
3121 1613 3376 1680 ποιήσας,
3405 1610 3500 1662 καὶ
3527 1609 3651 1673 δοὺς

2070 1702 2203 1771 ἡμῖν
2227 1699 2320 1751 τὸν
2348 1698 2448 1767 τῆς
2490 1698 2668 1779 ψυχῆς
2717 1698 2941 1768 κόσμον,
2985 1700 3315 1775 κοσμήσειεν
3347 1697 3518 1767 ἡμᾶς,
3554 1696 3651 1748 καὶ

2068 1791 2134 1858 τῇ
2163 1786 2326 1840 αὑτοῦ
2376 1785 2504 1857 δόξῃ
2554 1787 2883 1856 ἀμφιάσειεν
2908 1803 2921 1816 ’
2972 1785 3059 1839 ἵνα
3112 1787 3313 1847 πάντες
3340 1786 3398 1838 ἐν
3426 1782 3652 1851 ἀγαθοῖς

2069 1877 2249 1948 ἔργοις
2304 1873 2722 1944 διαλάμποντες,
2772 1875 2869 1927 καὶ
2918 1875 2997 1938 είς
3027 1872 3188 1937 δόξαν
3227 1872 3394 1927 αὐτοῦ
3428 1871 3647 1937 ζῶντες,

2067 1962 2226 2030 δόξαν
2255 1962 2666 2031 ἀναπέμψωμεν
2703 1961 2782 2034 τῷ
2817 1964 2994 2034 Πατρὶ
3038 1961 3135 2016 καὶ
3182 1961 3260 2032 τῷ
3300 1960 3417 2031 Υἱῷ
3446 1959 3543 2012 καὶ
3574 1957 3652 2028 τῷ

2076 2052 2217 2122 ἀγίῳ
2240 2050 2534 2120 Πνεύματι.
2964 2072 2969 2077 -

425 2331 3616 2362 W

1852 2545 2104 2600 OMIAIA
2141 2547 2246 2604 IA'.

414 2692 518 2747 Ἐν
551 2692 737 2760 σοφίᾳ
763 2706 1134 2759 περιπατειτε
1160 2693 1308 2760 πρὸς
1336 2692 1477 2758 τοὺς
1508 2691 1646 2760 ἕξω,
1684 2690 1798 2760 τὸν
1841 2701 1973 2740 και-

2076 2683 2185 2739 τὸν
2216 2683 2440 2754 ἥγημαι
2470 2696 2568 2737 sm
2602 2682 2718 2737 σοῦ
2745 2680 2988 2752 μέλλων
3013 2679 3443 2750 ἀπολογεῖσθαι
3473 2678 3654 2747 σήμε-

464 2762 581 2844 ρὸν
608 2755 1116 2845 ἐξάγορρζόμενοθι.
1158 2755 1223 2816 ’0
1262 2755 1467 2845 ᾆόγοξ
1717 2755 1984 2845 πέντοξεξ,
2069 2788 2205 2839 ρον,
2250 2771 2517 2837 μάλιστα
2567 2769 2848 2839 γνώστην
2873 2783 2947 2821 σε
2972 2767 3117 2821 ὄντα
3155 2766 3276 2820 τῶν
3330 2767 3482 2821 κατὰ
3512 2768 3656 2821 Ἰου-

470 2823 1009 2924 Ξῗλζάξξῗ
1044 2823 1681 2924 (δ’ἐξ-ειδέναι
1722 2824 1849 2891 πῶς
1888 2823 1984 2877 δεῖ
2333 2823 2501 2913 έθῶν
2681 2823 3175 2924 καὶ-ζητημάτων.
3214 2852 3279 2906 Et
3330 2852 3389 2907 δὲ
3442 2852 3654 2924 ἐνόμιζε

470 2899 627 2970 ὑμᾶς
651 2901 742 2953 ἐνὶ
773 2900 1008 2964 ἑκάστῳ
1035 2899 1483 2970 ἀποκρίνεσθαι.

470 3052 542 3101 α’.
566 3046 746 3117 Ὅπερ
760 3048 789 3100 ὁ
808 3048 1045 3120 Χριστὸς
1056 3048 1192 3120 πρὸς
1214 3042 1341 3108 τοὺς
1365 3047 1612 3119 μαθητὰς
1629 3045 1803 3114 ἔλεγε,
1820 3042 1978 3097 τοῦτο

401 3135 496 3190 καὶ
523 3134 619 3188 νῦν
646 3135 861 3200 Παῦλος
901 3139 1175 3210 παραινεῖ.
1210 3138 1275 3190 Τί
1309 3137 1365 3190 δὲ
1393 3138 1422 3190 ό
1473 3134 1708 3206 Χριστὸς
1751 3132 1976 3201 ἔλεγεν;

414 3221 560 3277 Ἰδοὺ
587 3221 701 3291 ἐγὼ
733 3222 1090 3277 ἀποστέλλω
1131 3222 1288 3292 ὑμᾶς
1314 3223 1395 3289 ὡς
1432 3223 1697 3290 πρόϐατα
1718 3220 1789 3274 ἐν
1811 3217 1982 3289 μέσῳ

400 3312 619 3365 λύκων.
674 3311 932 3366 Γίνεσθε
983 3307 1098 3368 οὖν
1130 3313 1404 3382 φρόνιμοι
1435 3309 1581 3364 ὡσεὶ
1637 3310 1823 3378 ὄφεις,
1885 3305 1983 3361 καὶ

400 3396 668 3467 ἀκέραιοι
726 3397 869 3453 ὡσεὶ
908 3399 1276 3468 περιστεραί.
1333 3400 1376 3452 Τ
1379 3399 1616 3462 ουτέστι,
1662 3395 1984 3466 φυλακτικοὶ

402 3485 642 3554 γίνεσθε,
685 3485 955 3555 μηδεμίαν
983 3486 1167 3551 αὐτοῖς
1191 3485 1361 3557 λαϐὴν
1383 3486 1619 3548 διδόντες
1647 3483 1767 3538 καθ’
1801 3480 1979 3553 ὑμῶν.

406 3570 508 3624 Διά
533 3571 643 3643 γὰρ
671 3571 831 3625 τοῦτο
853 3572 1196 3642 πρόσκειται,
1229 3573 1386 3641 Πρὸς
1411 3572 1551 3639 τοὺς
1584 3572 1722 3636 ἔξω,
1752 3572 1840 3624 ῖνα
1876 3570 1984 3638 μά-

405 3658 609 3728 θωμεν,
655 3661 737 3713 ὅτι
784 3658 922 3726 πρὸς
962 3660 1031 3712 τὰ
1079 3659 1215 3732 μέλη
1261 3659 1330 3712 τὰ
1365 3660 1542 3713 οἰκεῖα
1600 3659 1660 3712 ού
1715 3656 1984 3727 τοσαύτης

403 3749 539 3815 ἡμῖν
566 3745 649 3797 δεῖ
672 3744 994 3812 ἀσφαλείας,
1025 3746 1158 3815 ὅσης
1186 3746 1322 3816 πρὸς
1361 3748 1489 3809 τοὺς
1524 3745 1646 3810 ἔξω.
1676 3745 1847 3798 Ἔνθα
1884 3747 1984 3814 μὲν

406 3831 516 3902 γὰρ
538 3831 776 3901 ἀδελφοὶ,
810 3832 919 3884 είσῖ
943 3832 1036 3885 καὶ
1068 3833 1387 3903 συγγνῶμαι
1418 3832 1611 3886 πολλαὶ
1630 3833 1724 3885 καὶ
1748 3832 1981 3898 ἀγάπαι.

406 3920 500 3970 Δεῖ
539 3918 637 3989 μὲν
663 3913 757 3972 οῦν
794 3919 891 3972 καὶ
914 3919 1150 3974 ἐνταῦθα
1187 3920 1487 3990 ἀσφάλειαν
1522 3915 1684 3982 εἶναι,
1716 3918 1897 3989 πολλῷ
1927 3917 1986 3970 δὲ

409 4006 573 4059 πλέον
624 4006 762 4073 ἔξω·
803 4009 863 4061 οὐ
900 4009 1007 4079 γάρ
1044 4011 1194 4063 ἐστιν
1226 4011 1340 4063 ῖσον
1382 4009 1586 4081 μεταξὺ
1636 4007 1848 4079 ἐχθρῶν
1890 4008 1987 4061 καὶ

410 4094 685 4164 πολεμίων
716 4090 879 4159 εἶναι,
914 4098 1007 4149 καὶ
1058 4097 1248 4166 φίλων.
1303 4094 1418 4151 Εἶτ’
1462 4097 1651 4168 ἐπειδὴ
1697 4095 1985 4166 ἐφόϐησεν,

413 4184 519 4252 ὅρα
553 4182 669 4245 πῶς
701 4183 864 4237 πάλιν
910 4184 1192 4255 θαῤῥύνει.
1243 4185 1356 4239 Τὸν
1401 4184 1631 4252 καιρὸν,
1675 4183 1859 4253 φησὶν,
1891 4182 1990 4248 ἐξ·

378 4268 858 4338 λαγαραζόμενοι·
901 4271 1173 4337 τουτέστι,
1228 4271 1437 4343 βραχὺς
1481 4272 1510 4324 ὁ
1546 4271 1734 4342 παρὼν
1777 4269 1986 4341 καιρός.

410 4356 594 4409 Ταῦτα
609 4355 667 4409 δὲ
693 4357 897 4425 ἔλεγεν,
918 4360 981 4411 ού
1008 4358 1287 4422 ποικίλους
1316 4355 1457 4414 εἶναι
1487 4358 1837 4430 βουλόμενος,
1865 4357 1989 4412 οὐδὲ

412 4436 961 4513 ὁποκριτάς”τοῦτο
1016 4446 1125 4516 γὰρ
1177 4447 1239 4499 ού
1302 4447 1515 4517 σοφίας,
1581 4446 1719 4502 ἀλλά
1764 4447 1988 4510 ἀνοίας’

411 4531 548 4584 ἀλλά
584 4531 635 4584 τί
662 4549 676 4596 ;
712 4532 799 4585 Ἐν
828 4527 910 4595 οἷς
943 4531 1016 4603 μὴ
1049 4533 1366 4603 βλάπτουσι,
1398 4536 1554 4604 φησὶ,
1594 4534 1865 4606 μηδεμίαν
1896 4534 1995 4589 αὑ-

411 4622 526 4684 τοῖς
580 4619 752 4673 δίδοτε
786 4619 958 4692 λαϐήν
981 4637 993 4649 ·
1046 4620 1075 4674 ὃ
1112 4623 1207 4675 καὶ
1245 4622 1383 4694 πρὸς
1409 4625 1715 4695 Ῥωμαίους
1766 4623 1995 4695 γράφων

416 4708 615 4777 φησίν*
649 4707 931 4763 Ἀπόδοτε
970 4708 1123 4763 πᾶσι
1154 4709 1263 4777 τὰς
1298 4712 1568 4781 ὀφειλάς,
1618 4710 1698 4777 τῷ
1742 4710 1849 4765 τὸν
1889 4711 1997 4779 φό-

407 4811 546 4865 ρον,
580 4793 689 4849 τὸν
714 4796 938 4865 φόρον·
989 4795 1068 4850 τῶ
1096 4798 1165 4852 τὸ
1190 4797 1387 4863 τέλος,
1425 4797 1492 4850 τὸ
1525 4798 1723 4863 τέλοςο
1773 4795 1854 4862 τῷ
1880 4796 1996 4864 τὴν

415 4883 615 4953 τιμὴν,
645 4884 763 4952 τὴν
784 4883 982 4955 τιμήν.
1010 4884 1110 4938 Διά
1133 4884 1194 4938 τὸ
1234 4886 1495 4957 κήρυγμα
1530 4885 1694 4954 μόνον
1732 4884 1873 4937 ἔστω
1913 4900 1997 4936 σοι

417 4971 676 5041 πόλεμος,
728 4972 898 5042 φησί·
937 4972 1209 5043 μηδεμίαν
1257 4973 1451 5042 ἑτέραν
1497 4975 1527 5025 ὀ
1572 4972 1808 5041 πόλεμος
1843 4963 1998 5034 οὗτος

417 5059 592 5129 ἀρχὴν
618 5058 966 5129 λαμϐανέτω.
1001 5061 1062 5113 Ei
1085 5060 1192 5132 γὰρ
1225 5060 1469 5129 μέλλοιεν
1499 5060 1630 5129 ἡμῖν
1661 5057 1757 5111 καὶ
1782 5057 1849 5110 δι’
1878 5057 1998 5109 ἓτε-

421 5162 489 5217 ρα
520 5146 946 5216 ἀπεχθάνεσθαι,
984 5147 1107 5201 οῦτε
1136 5147 1327 5218 μισθὸς
1356 5150 1487 5218 ἡμῖν
1515 5146 1692 5208 ἔσται,
1723 5145 1817 5199 καί⁵
1840 5144 1997 5197 αὐτοὶ

419 5232 636 5304 χείρους
660 5233 894 5300 ἔσονται,
930 5235 1025 5288 καὶ
1053 5234 1295 5302 δόξουσιν
1317 5237 1450 5305 ἡμῖν
1482 5234 1667 5287 δίκαια
1710 5230 1993 5301 ἐγκαλεῖνο

419 5313 531 5371 οἷον
566 5318 633 5371 τὰ
656 5321 961 5391 τελέσματα
994 5320 1061 5375 ἀν
1094 5324 1168 5392 μὴ
1197 5321 1649 5392 καταϐάλλωμεν,
1702 5319 1804 5383 τὰς
1830 5319 1997 5389 τιμάς

420 5410 520 5471 τὰς
570 5409 955 5479 προσηκούσας
1006 5409 1101 5462 ἐὰν
1147 5410 1222 5481 μὴ
1256 5410 1616 5479 ἀποδιδῶμεν,
1650 5408 1715 5462 ἂν
1745 5407 1820 5478 μὴ
1847 5400 1998 5475 ὦμεν

425 5493 576 5566 [403]
599 5498 860 5551 ταπεινοί.
885 5497 997 5566 Οὐχ
1015 5497 1150 5568 ὁρᾷς
1171 5496 1405 5561 Παῦλον,
1424 5496 1553 5549 ἔνθα
1574 5495 1740 5566 μηδὲν
1762 5492 1998 5546 ἔϐλαπτε

423 5585 484 5634 τδ
511 5585 794 5654 κήρυγμα,
829 5585 945 5648 πῶς
988 5586 1105 5639 ἐστι
1155 5585 1477 5654 καθυφιείς;
1530 5588 1729 5639 Ἀκουε
1758 5582 1866 5652 γὰρ
1898 5581 2001 5635 αύυ

425 5669 518 5721 τοῦ
548 5673 793 5740 λέγοντος
824 5674 959 5744 πρδς
992 5674 1081 5727 τὸν
1113 5673 1447 5744 Ἀγρίππαν·
1485 5673 1797 5743 Μακάρων
1820 5672 2000 5741 ἐμαυ-

2076 2946 2188 2998 δεῖν
2239 2944 2482 3017 ὑϐρίζειν
2531 2944 2623 2998 τὸν
2667 2945 2924 3015 ἄρχοντα,
2977 2940 3156 2995 πάντα
3217 2940 3285 2994 ἂν
3338 2940 3651 3013 ἀνέτρεψεν.

2084 3033 2283 3085 Ἀκουε
2315 3032 2371 3085 δὲ
2405 3032 2500 3086 καὶ
2540 3031 2650 3084 τῶν
2679 3030 2808 3101 περὶ
2836 3028 2927 3082 τὸν
2971 3028 3240 3099 μακάριον
3283 3028 3512 3101 Πέτρον,
3541 3027 3657 3089 πῶς

2081 3121 2342 3185 ἐπιεικῶς
2409 3120 2803 3190 ἀποκρίνονται
2864 3120 2980 3182 τοῖς
3035 3117 3315 3179 Ἰουδαίοις
3380 3116 3654 3185 λέγοντες’

2082 3209 2432 3277 Πειθαρχεῖν
2459 3206 2555 3260 δεῖ
2576 3204 2700 3270 Θεῷ
2721 3205 2987 3275 μᾶλλον.
3014 3203 3054 3272 ἢ
3083 3203 3437 3272 ἀνθρώποις.
3468 3204 3661 3257 Καίτοι

2081 3313 2146 3365 γε
2170 3294 2444 3367 ἄνθρωποι
2492 3295 2592 3364 τῆς
2644 3292 2856 3346 ἑαυτῶν
2885 3293 3063 3363 ψυχῆς
3106 3292 3505 3359 ἀπεγνωκότες,
3564 3289 3662 3343 καὶ

2084 3381 2328 3455 ὑϐρίζειν
2371 3381 2467 3436 καὶ
2515 3381 2624 3435 πᾶν
2656 3380 2834 3435 ὁτιοῦν
2869 3382 3042 3433 ποιεῖν
3072 3378 3355 3447 ἠδύναντοο
3403 3375 3537 3429 ἀλλά
3564 3376 3656 3435 διὰ

2082 3471 2240 3525 τοῦτο
2287 3469 2613 3538 ἀπέγνωσαν
2672 3469 2775 3539 τῆς
2822 3467 3022 3537 ψυχῆς,
3082 3465 3173 3519 ἵνα
3217 3463 3289 3536 μὴ
3337 3461 3654 3528 κενοδοξῶσι

2087 3554 2415 3626 (κενοδοξίας
2444 3554 2555 3624 γὰρ
2581 3552 2740 3606 τοῦτό
2784 3553 2977 3623 ἐστιν),
3027 3552 3142 3606 ἀλλ’
3184 3553 3272 3605 ἵνα
3319 3550 3658 3621 κηρύσσωσι,

2086 3643 2181 3697 καὶ
2213 3641 2299 3694 ἵνα
2330 3641 2468 3711 μετά
2494 3640 2811 3712 παρρησίας
2849 3641 3030 3694 πάντα
3062 3637 3409 3707 φθέγγωνται
3434 3654 3447 3669 ·
3488 3638 3665 3691 ἐκεῖνο

2083 3730 2143 3786 δὲ
2172 3730 2437 3801 ἀμετρίας
2469 3730 2637 3782 ἐστίν·
2678 3729 2740 3782 '0
2773 3730 2956 3798 λόγος
2986 3729 3156 3798 ὑμῶν
3188 3727 3447 3781 πάντοτε
3476 3726 3545 3779 ἐν
3563 3723 3666 3793 χάο

2079 3834 2220 3888 ριτι,
2253 3818 2429 3874 ἅλατι
2457 3815 2789 3885 ἠρτυμένος
2809 3833 2823 3847 ·
2854 3815 3121 3882 τουτέστι,
3150 3816 3225 3886 μὴ
3248 3818 3327 3879 εἰς
3347 3811 3665 3882 ἀδιαφορίαν

2086 3905 2149 3959 τδ
2175 3906 2365 3976 χαρίεν
2392 3903 2632 3974 ἐκπίπτῃ
2681 3913 2729 3955 ι.
2753 3903 2874 3956 Ἔνι
2923 3896 3033 3973 γὰρ
3065 3902 3162 3955 καὶ
3204 3896 3662 3973 χαριεντίζεσθαι,

2089 3995 2169 4047 ἔνι
2221 3994 2317 4047 καὶ
2374 3992 2513 4064 μετὰ
2543 3994 2644 4061 τῆς
2688 3991 3075 4064 προσηκούσης
3105 3990 3470 4061 κοσμιότητος
3512 3986 3666 4040 τοῦτο

2089 4082 2283 4134 ποιεῖν.
2313 4080 2554 4134 Είδέναι
2583 4078 2708 4145 πῶς
2737 4079 2834 4133 δεῖ
2851 4078 3008 4148 ὑμᾶς
3033 4077 3126 4132 ἐνὶ
3152 4075 3395 4142 ἑκάστῳ
3422 4072 3667 4140 ἀποκρί-

2090 4172 2320 4222 νεσθαι.
2354 4167 2517 4220 Ὥστε
2571 4166 2669 4237 ούχ
2708 4167 2910 4237 ὁμοίως
2963 4167 3097 4219 πᾶσι
3138 4163 3488 4233 διαλέγεσθαι
3539 4159 3667 4232 χρὴ.

2094 4255 2318 4324 Ἕλλησι
2352 4254 2496 4321 λέγω
2543 4254 2638 4306 καὶ
2691 4254 2962 4324 ἀδελφοῖς.
3017 4251 3320 4322 Οὐδαμῶς·
3359 4252 3482 4304 ἐπεὶ
3515 4247 3669 4302 τοῦτο

2091 4345 2192 4413 τῆς
2223 4341 2459 4411 ἐσχάτης
2487 4341 2670 4405 ἀνοίας
2701 4342 2838 4396 ἔστί.
2884 4341 2961 4395 Τὰ
2995 4341 3125 4395 κατ’
3159 4339 3265 4409 ἐμὲ
3291 4336 3491 4392 πάντα
3521 4349 3670 4406 γνω-

2085 4430 2248 4499 ρίσει
2269 4429 2411 4498 ὑμῖν
2430 4427 2700 4498 Τιαικὸς,
2732 4431 2764 4482 ὁ
2797 4427 3107 4499 ἀγαπητὸς
3136 4426 3423 4496 ἀδελφὸς,
3451 4422 3547 4478 καὶ
3578 4438 3669 4476 πι-

2094 4517 2243 4584 στὸς
2287 4515 2588 4582 διάκονος,
2621 4515 2719 4568 καὶ
2736 4515 3084 4581 σύνδουλος
3109 4514 3180 4568 ἐν
3210 4514 3429 4581 Κυρίῳ.
3461 4509 3667 4571 Βαϐαῖ,

2094 4605 2193 4677 ὅση
2220 4604 2378 4672 σοφία
2415 4602 2629 4658 Παύλου
2653 4603 2669 4657 ί
2695 4602 2818 4666 Πῶς
2844 4602 2905 4656 οὐ
2938 4602 3116 4655 πάντα
3147 4600 3427 4668 ἐντίθησιν
3457 4598 3539 4660 εἰς
3567 4595 3669 4656 τὰς

2096 4690 2401 4756 ἐπιστολὰς,
2427 4689 2562 4743 ἀλλά
2595 4689 2664 4743 τὰ
2690 4690 2962 4757 ἀναγκαῖα
3006 4688 3102 4741 καὶ
3128 4688 3198 4740 τὰ
3230 4685 3631 4753 κατεπείγοντα
3656 4698 3671 4744 ;

2097 4780 2319 4852 Πρῶτον
2372 4779 2492 4850 μὲν,
2520 4779 2582 4831 ού
2617 4777 2939 4849 βουλόμενος
2969 4774 3140 4838 αὐτὰς
3176 4777 3259 4837 είς
3293 4771 3472 4843 μῆκος
3498 4769 3675 4825 ἐκτεί-

2097 4884 2229 4921 νεινο
2262 4865 2513 4936 δεύτερον
2540 4865 2616 4930 δὲ,
2659 4866 2755 4919 καὶ
2785 4865 2879 4917 τὸν
2908 4862 3285 4933 ἀπερχόμενον
3315 4855 3674 4928 αίδεσιμώτε-

2103 4972 2193 5028 ρον
2221 4952 2411 5015 ποιῶν,
2438 4953 2525 5005 ἵνα
2547 4952 2646 5024 ἔχῃ
2668 4969 2722 5005 τι
2743 4953 2836 5005 καὶ
2858 4950 3164 5022 διηγεῖσθαι
3179 4966 3193 4980 ο
3231 4946 3437 5018 τρίτον,
3464 4942 3675 5004 δεικνὺς

2100 5045 2218 5107 πῶς
2252 5042 2389 5115 πρὸς
2433 5040 2595 5095 αὐτὸν
2621 5040 2911 5095 διάκειται·
2966 5039 3027 5091 ού
3060 5037 3170 5107 γὰρ
3198 5037 3264 5089 ἂν
3306 5031 3458 5102 αὐτῷ
3508 5029 3676 5084 ταῦτα
3705 5093 3721 5119 .

2100 5131 2449 5202 ἐνεχείρισεν.
2479 5129 2712 5181 Ἔπειτα
2759 5124 2846 5200 ἦν,
2883 5127 2919 5181 ἃ
2948 5126 3049 5181 οὐκ
3074 5124 3180 5177 ἔδει
3213 5122 3302 5175 διά
3329 5117 3678 5191 γραμμάτων

2097 5219 2422 5290 δηλωθῆναι.
2454 5218 2517 5271 '0
2549 5215 2875 5284 ἀγαπητὸς,
2914 5213 3103 5285 φησὶν,
3132 5208 3420 5278 ἁδελφός·
3458 5207 3520 5259 Et
3547 5207 3680 5271 ἀγα·

2099 5307 2291 5377 πητὸς,
2328 5309 2505 5360 πάντα
2528 5302 2658 5371 οἶδε,
2718 5306 2815 5358 καὶ
2867 5303 3019 5359 οὐδὲν
3066 5301 3232 5355 αὐτὸν
3273 5297 3538 5367 ἔκρυπτε.
3570 5290 3678 5346 Καὶ

2101 5395 2316 5459 πιστὸς
2347 5393 2623 5460 διάκονος
2650 5392 2749 5447 καὶ
2774 5390 3118 5455 σύνδουλος
3141 5388 3210 5442 ἐν
3239 5384 3457 5453 Κυρίῳ.
3486 5382 3552 5434 Εἰ
3584 5395 3677 5432 πι-

2104 5484 2248 5547 στὸς,
2282 5481 2432 5535 οὐδὲν
2454 5481 2713 5551 ψεύσεται
2733 5495 2745 5508 °
2781 5481 2831 5533 εἰ
2850 5477 3153 5540 σύνδουλος,
3178 5469 3547 5540 κεκοινώνηκε
3570 5462 3684 5519 τῶν

2168 5679 2197 5710 ι
2231 5667 2387 5720 Ambo
2412 5680 2526 5720 mss.
2550 5666 2733 5719 habent
2751 5665 3004 5719 ἐκπίπτειν.
