4026 6148
367 420 470 482 575

371 537 533 594 rum?
565 531 727 603 Atqui
761 527 1067 584 indumenta
1116 530 1241 576 sunt
1279 535 1440 575 aurea
1469 536 1484 584 ;
1528 516 1623 572 sed
1669 528 1948 586 propterea

368 625 696 686 estdedecus
712 637 772 676 ac
803 615 1070 688 turpitudo
1097 613 1236 684 quod
1259 614 1364 667 sint
1391 625 1571 666 aurea.
1600 610 1786 666 Scense
1808 609 1950 663 enim

367 732 611 790 sumptus
658 731 720 770 ac
764 713 919 767 luxus
965 709 1213 765 convenit
1260 707 1550 776 tragmdis,
1582 705 1946 769 histrionibus,

365 813 566 876 mimis,
599 805 938 863 saltatoribus
957 843 973 868 ,
1003 810 1057 857 et
1084 801 1147 855 iis
1176 798 1268 870 qui
1300 805 1536 868 pugnant
1562 811 1684 851 cum
1713 796 1898 850 bestiis
1930 811 1945 847 :

367 903 510 958 ﬁdeli
539 904 712 954 autem
747 894 958 950 mulieri
985 893 1104 946 alia:
1135 891 1329 945 dantur
1351 905 1381 942 a
1409 889 1518 942 Deo
1538 895 1734 953 vestes,
1755 900 1950 955 nempe

365 996 482 1061 ipse
511 989 810 1058 tmigen'rtus
844 985 936 1039 Dei
969 981 1156 1036 Filius.
1189 980 1441 1050 Quotquot
1469 979 1624 1044 enim,
1656 977 1864 1046 inquit,
1898 977 1951 1029 in

368 1083 618 1136 Christum
639 1076 880 1148 baptizati
900 1074 1038 1136 estis,
1063 1071 1316 1126 Christum
1337 1067 1568 1123 induistis
1589 1066 1731 1135 (Gal.
1759 1069 1810 1122 5.
1832 1067 1947 1138 Ξῖ).

368 1168 754 1238 Dic,qurcso,si
782 1167 905 1236 quis
929 1163 1131 1233 regiam
1161 1160 1398 1216 dedisset
1426 1169 1653 1225 vestem,
1688 1168 1742 1212 tu
1768 1167 1947 1212 autem

368 1260 683 1314 mercenarii
709 1258 870 1317 vilem
892 1263 1097 1310 vestem
1137 1251 1471 1324 accepisses,
1499 1265 1675 1306 annon
1707 1266 1772 1305 eo
1806 1249 1949 1320 quod

367 1363 422 1406 te
452 1351 663 1420 turpior
689 1364 844 1420 geras
871 1353 926 1402 et
954 1345 1207 1401 indecore
1234 1386 1250 1411 ,
1281 1345 1444 1398 etiam
1474 1340 1781 1412 punireris?
1828 1341 1949 1396 οξειί

363 1456 424 1500 et
450 1445 760 1514 angelorum
789 1440 1070 1496 Dominum
1117 1438 1296 1493 induta
1331 1453 1424 1502 es,
1471 1445 1525 1490 et
1566 1435 1706 1489 circa
1753 1444 1949 1489 terram

369 1535 646 1590 versaris?
675 1533 798 1588 Haec
824 1548 852 1585 a
872 1547 957 1586 me
973 1529 1114 1585 dicta
1132 1539 1277 1594 sunt,
1309 1537 1366 1582 ut
1396 1525 1672 1581 ostendam
1695 1526 1833 1596 quod
1855 1541 1951 1596 per

369 1642 432 1681 se
462 1639 711 1694 magnum
741 1623 809 1676 sit
835 1621 1032 1675 malum
1056 1619 1252 1674 nimius
1273 1627 1708 1672 ornamentorum
1745 1616 1950 1686 appeti-

368 1729 458 1772 tus
488 1727 538 1772 et
563 1715 908 1777 desiderium,
939 1711 1148 1766 etiamsi
1175 1710 1380 1764 nullum
1411 1707 1554 1762 aliud
1582 1707 1706 1762 inde
1753 1721 1946 1762 nasce-

361 1817 537 1874 retur,
569 1807 660 1863 sed
689 1807 822 1862 citra
845 1802 1140 1875 periculum
1168 1801 1219 1857 id
1247 1803 1434 1857 liceret
1457 1801 1655 1854 trahere
1682 1799 1700 1869 (
1724 1814 1845 1852 nam
1880 1798 1947 1854 ad

366 1901 578 1953 inanem
603 1897 824 1968 gloriam
855 1895 1154 1964 festumque
1181 1901 1338 1964 parat
1377 1899 1434 1947 et
1485 1889 1733 1961 instruit)
1765 1908 1779 1944 :
1808 1905 1950 1946 nunc

341 1991 545 2043 'autem
574 1987 736 2042 multa
761 1985 926 2041 etiam
954 1986 1056 2039 alia
1085 1984 1226 2038 mala
1251 1989 1542 2036 nascuntur
1571 1996 1638 2035 ex
1664 1980 1829 2034 nimia
1860 1997 1952 2036 or-

360 2079 531 2136 nandi
553 2079 634 2133 sui
660 2091 806 2141 cura,
841 2074 1133 2130 manifestae
1159 2073 1490 2144 suspiciones
1511 2113 1527 2138 ,
1574 2081 1819 2141 sumptus
1864 2071 1950 2125 in-

362 2169 711 2238 tempestivi,
758 2166 1138 2237 blasphemiae,
1195 2165 1431 2218 avaritiae
1450 2171 1511 2218 et
1539 2163 1689 2233 plura
1719 2161 1952 2217 habendi

359 2261 678 2329 cupiditatis
703 2260 1033 2314 occasiones.
1064 2256 1202 2323 Quid
1223 2257 1390 2322 enim,
1409 2257 1512 2322 die,
1531 2270 1740 2325 quaeso,
1787 2264 1953 2311 orna-

362 2351 484 2404 ris?
511 2359 567 2402 ut
595 2349 806 2416 placeas
834 2343 1064 2402 marito?
1086 2344 1196 2401 [loc
1217 2363 1342 2416 ergo
1363 2345 1446 2400 fac
1463 2346 1626 2399 domi.
1647 2346 1744 2400 llic
1771 2356 1947 2399 autem

1247 401 1310 461 IN
1352 401 1563 458 EPIST.
1607 401 1695 455 AD
1733 395 2004 454 COLOSS.
2046 394 2196 450 C.\f‘.
2240 394 2326 448 lV.
2369 394 2592 450 llOMlL.
2636 393 2722 449 XI.

3537 395 3637 450 37L

2065 511 2488 566 ﬁtcontrarinm.
2517 511 2646 566 Nam
2675 512 2718 564 si
2761 511 2839 563 vis
2879 519 2966 562 tuo
3002 507 3212 579 placere
3254 507 3446 562 marito
3469 548 3484 574 ,
3527 509 3638 562 noli

2059 604 2268 672 placere
2289 603 2435 668 aliis;
2463 604 2506 658 si
2526 613 2698 657 autem
2722 602 2932 672 placeas
2953 599 3088 664 aliis,
3117 600 3407 657 maritotuo
3427 600 3640 671 placere

2059 711 2164 749 non
2191 698 2408 764 poteris.
2432 695 2786 762 Quamobrem
2815 710 3028 750 omnem
3071 702 3319 748 ornatum
3365 703 3641 763 oporteret

2058 788 2326 857 deponere
2346 803 2469 843 cum
2490 788 2638 841 vadis
2665 787 2731 841 ad
2755 787 2925 841 forum
2948 827 2963 853 ,
2990 802 3109 840 cum
3139 783 3318 855 prodis
3359 785 3412 839 in
3458 786 3635 840 eccle-

2057 879 2211 934 siam.
2245 879 2455 948 Alioqui
2483 887 2683 944 autem,
2717 894 2784 933 ne
2805 894 2869 932 ex
2894 879 2957 932 iis
2981 878 3191 946 placeas
3217 878 3406 932 marito
3436 892 3498 931 ex
3517 893 3636 946 qut-

2059 972 2158 1026 bus
2185 979 2239 1026 et
2266 976 2595 1033 meretrices,
2622 969 2716 1024 sed
2743 985 2806 1024 ex
2837 985 2902 1024 eo
2930 971 3105 1038 potius
3132 986 3196 1022 ex
3225 985 3330 1038 quo
3378 968 3631 1023 mulieres

2057 1062 2263 1116 liberae.
2300 1059 2352 1115 In
2383 1077 2488 1130 quo
2510 1060 3010 1130 enim,dic,qu:eso,
3036 1058 3214 1113 differt
3245 1074 3380 1113 uxor
3412 1075 3439 1112 a
3465 1075 3641 1115 mere-

2059 1151 2229 1206 trice?
2255 1149 2407 1218 Quod
2437 1151 2551 1204 hare
2572 1150 2787 1220 quidem
2813 1165 2972 1203 unum
2995 1149 3169 1202 solum
3193 1155 3418 1216 spectat,
3441 1157 3496 1202 ut
3513 1165 3638 1204 cor-

2058 1244 2204 1313 poris
2257 1241 2649 1314 pulchritudine
2700 1241 2900 1296 alliciat
2956 1255 3076 1296 eum
3115 1255 3270 1309 quem
3315 1249 3506 1294 amat:
3550 1241 3638 1296 ilia

2057 1350 2186 1389 vero
2216 1344 2267 1388 et
2291 1344 2487 1403 przeest
2515 1333 2719 1400 domui,
2751 1331 3153 1402 liberorumque
3177 1341 3226 1386 et
3251 1331 3478 1384 aliorum
3524 1348 3639 1384 om-

2057 1425 2202 1479 nium
2225 1425 2384 1479 habet
2401 1424 2733 1479 societatem.
2761 1423 2933 1477 llahes
2957 1423 3211 1476 filiolam?
3241 1420 3362 1476 vide
3385 1437 3451 1477 ne
3484 1422 3640 1477 dam-

2057 1532 2182 1569 num
2206 1516 2432 1586 accipiat
2455 1532 2467 1568 :
2489 1515 2659 1569 solent
2679 1515 2820 1568 enim
2841 1527 3015 1568 mores
3037 1528 3361 1580 componere
3393 1528 3459 1568 ex
3496 1513 3632 1568 edu-

2057 1608 2284 1673 catione,
2313 1616 2369 1662 et
2389 1617 2618 1660 matrum
2639 1619 2816 1658 mores
2838 1603 3054 1657 imitari.
3077 1604 3162 1658 Sis
3187 1603 3308 1657 ﬁliae
3335 1604 3636 1673 exemplum

2057 1699 2332 1755 modestiae
2356 1709 2410 1754 et
2438 1696 2835 1768 temperantiae;
2865 1697 2956 1751 illo
2990 1705 3183 1751 ornatu
3211 1713 3422 1764 ornare,
3451 1699 3641 1753 etvitle

2057 1800 2114 1846 ut
2129 1790 2271 1845 hunc
2287 1789 2570 1859 despicias.
2589 1787 2797 1843 Revera
2815 1787 2957 1841 enim
2981 1787 3068 1842 illa
3089 1796 3600 1843 suntornamentum
3622 1807 3636 1853 ;

2056 1883 2172 1938 hmc
2191 1897 2318 1938 vero
2339 1880 2506 1951 magis
2529 1879 2763 1935 dedecus
2781 1878 3031 1945 alferunt,
3050 1895 3209 1950 quam
3228 1890 3441 1936 ornant.
3479 1880 3642 1935 Sufﬁ-

2055 1976 2204 2031 ciunt
2219 1987 2336 2045 quae
2352 1971 2490 2028 dicta
2508 1979 2653 2026 sunt.
2678 1972 2817 2026 Deus
2836 1981 3014 2026 autem
3035 1971 3124 2040 qui
3146 1971 3402 2026 mundum
3422 1971 3567 2038 fecit,
3588 1984 3642 2028 et

2056 2069 2212 2126 nobis
2227 2069 2373 2124 dedit
2401 2067 2652 2123 mundum
2679 2067 2869 2122 animae
2888 2110 2902 2133 ,
2943 2082 3042 2122 nos
3072 2067 3294 2123 mundet
3325 2079 3379 2124 et
3408 2078 3637 2123 exornet

2057 2170 2110 2217 et
2132 2175 2224 2216 sua
2246 2161 2412 2231 gloria
2443 2157 2666 2214 induat:
2692 2167 2745 2212 ut
2773 2174 2960 2214 omnes
2983 2159 3034 2213 in
3066 2159 3222 2214 bonis
3259 2160 3515 2230 operibus
3543 2174 3634 2212 re-

2057 2253 2416 2324 splendentes,
2435 2259 2490 2307 et
2505 2249 2568 2304 ad
2587 2250 2701 2320 ejus
2720 2250 2941 2320 gloriam
2959 2251 3222 2318 viventes,
3245 2251 3468 2322 gloriam
3486 2250 3642 2304 emit-

2060 2357 2232 2398 tamus
2254 2343 2396 2398 Patri
2424 2355 2472 2395 et
2497 2342 2633 2396 Filio
2657 2351 2708 2394 et
2733 2340 2948 2408 Spiritui
2976 2351 3181 2396 sancto.

1770 2490 2099 2552 HOMILIA
2141 2491 2255 2552 XI.

351 2601 498 2656 CAP.
530 2597 621 2653 IV.
650 2612 704 2651 ν.
733 2596 790 2650 5.
846 2592 916 2648 In
943 2593 1201 2664 sapientia
1247 2592 1501 2647 ambulate
1526 2593 1595 2645 ad
1617 2608 1700 2646 eos
1727 2593 1814 2661 qui
1842 2592 1968 2662 {oris
2067 2601 2306 2657 acturus,
2337 2591 2425 2661 qui
2451 2606 2501 2644 es
2524 2590 2741 2645 maxime
2769 2591 2956 2661 peritus
2993 2591 3411 2645 consuetudinum
3430 2601 3479 2646 et
3506 2607 3642 2661 qua:-

432 2697 571 2753 sunt,
607 2697 801 2756 tempus
827 2684 1147 2738 redimentes.
1189 2683 1243 2738 5.
1290 2681 1469 2736 Sermo
1492 2686 1650 2736 vester
1670 2698 1868 2752 semper
1899 2682 1954 2735 in

429 2779 622 2851 gratia,
652 2777 759 2832 sate
785 2776 852 2829 sit
879 2775 1134 2840 conditus,
1178 2783 1234 2828 ut
1257 2774 1429 2828 sciatis
1449 2776 1697 2843 quomodo
1727 2781 1955 2846 oporteat

429 2886 524 2925 vos
551 2868 821 2938 unicuique
843 2867 1172 2934 respondere.

433 2966 492 3018 1.
533 2961 681 3030 Quod
708 2960 952 3015 Christus
969 2959 1177 3014 dicebat
1197 2958 1492 3029 discipulis,
1521 2957 1624 3015 hoe
1651 2973 1792 3016 nunc
1817 2971 1953 3030 quo-

347 3068 475 3122 que
526 3058 707 3106 monet
746 3049 960 3104 Paulus.
1007 3048 1144 3116 Quid
1185 3057 1363 3103 autem
1402 3049 1614 3105 dicebat
1661 3049 1953 3106 Christus?

346 3145 510 3201 Ecce
537 3160 626 3212 ego
655 3144 796 3196 mitto
822 3157 910 3196 vos
941 3142 1072 3196 sicut
1104 3157 1223 3196 oves
1251 3142 1304 3194 in
1338 3141 1503 3195 medio
1531 3140 1795 3210 luporum.
1824 3143 1952 3197 Sitis

338 3253 484 3308 .ergo
533 3234 804 3303 prudentes
845 3236 974 3287 sicut
1013 3243 1287 3303 serpentes,
1330 3241 1379 3286 et
1420 3233 1674 3303 simplices
1711 3235 1839 3287 sicut
1866 3249 1952 3287 co-

338 3328 554 3384 lumst
581 3325 791 3396 (Matth.
827 3324 916 3380 to.
955 3325 1078 3399 ιθ).
1140 3325 1252 3380 Hoc
1273 3333 1357 3381 est
1376 3366 1391 3392 ,
1413 3325 1568 3380 Cauti
1596 3333 1769 3381 estote
1793 3367 1808 3392 ,
1832 3325 1952 3380 nul-

339 3425 462 3477 lam
495 3421 579 3476 eis
611 3422 866 3474 adversus
904 3432 1003 3473 vos
1039 3418 1229 3473 dantes
1271 3429 1458 3472 ansam
1488 3412 1542 3472 et
1588 3419 1947 3473 occasionem.

337 3515 661 3582 Propterea
693 3521 872 3566 autem
904 3510 1172 3578 adjicitur,
1200 3509 1281 3562 Ad
1317 3515 1401 3564 eas
1444 3509 1529 3579 qui
1558 3511 1683 3580 faris
1710 3519 1862 3574 sunt;
1890 3518 1950 3564 ut

334 3606 639 3659 discamus
665 3643 679 3666 ,
712 3602 854 3672 quod
881 3602 1140 3656 adversus
1171 3609 1354 3656 nostra
1400 3602 1638 3657 membra
1667 3617 1773 3658 non
1805 3611 1950 3657 tanta

338 3693 526 3748 nobis
555 3706 690 3759 opus
717 3700 800 3745 est
815 3693 1065 3746 cautione
1085 3732 1101 3757 ,
1133 3700 1328 3760 quanta
1356 3691 1611 3748 adversus
1641 3704 1945 3750 extraneos.

334 3785 460 3842 Ubi
521 3797 755 3851 namque
793 3783 982 3837 fratres
1027 3791 1180 3849 sunt,
1227 3783 1298 3838 ibi
1348 3785 1508 3839 multa
1555 3784 1947 3852 condonantur,

335 3877 421 3931 ibi
457 3875 671 3928 caritas
689 3888 897 3944 magna.
919 3873 1139 3945 Oportet
1162 3876 1317 3929 etiam
1342 3875 1426 3931 hic
1448 3893 1566 3933 esse
1586 3878 1945 3944 securitatem,

329 3969 634 4038 majorem
661 3981 789 4021 vero
820 3966 948 4021 foris
980 3981 1121 4022 :non
1150 3976 1274 4022 sunt
1299 3969 1439 4023 enim
1469 3970 1636 4039 paria,
1666 3983 1786 4024 esse
1813 3972 1951 4024 inter

324 4059 617 4117 inimicos
641 4070 696 4113 et
719 4059 919 4124 hostes,
949 4069 1002 4114 et
1032 4060 1170 4114 inter
1190 4062 1411 4116 amicos.
1438 4062 1637 4117 Deinde
1668 4072 1947 4131 postquam

319 4153 584 4216 terruit,
638 4149 760 4205 vide
810 4151 1081 4220 quomodo
1127 4167 1313 4206 rursus
1361 4154 1439 4208 eis
1492 4153 1641 4208 addit
1685 4154 1944 4208 animum.

311 4245 585 4314 Tempus
606 4282 621 4307 ,
656 4241 827 4310 inquit
849 4281 864 4305 ,
895 4242 1216 4296 redimentes.
1248 4243 1360 4296 Hoc
1396 4254 1477 4298 est
1500 4285 1514 4308 ,
1546 4259 1783 4313 prmsens
1808 4253 1946 4299 tem-

310 4353 431 4406 pus
463 4343 564 4388 est
600 4332 784 4385 breve.
822 4331 947 4384 llaec
987 4340 1164 4385 autem
1204 4332 1448 4397 dicebat,
1482 4349 1587 4387 non
1616 4335 1758 4403 quod
1788 4336 1949 4390 vellet

309 4440 424 4480 eos
481 4437 626 4477 esse
669 4423 846 4476 varios
873 4430 930 4476 et
969 4422 1278 4492 hypocritas
1320 4437 1383 4477 ac
1429 4425 1800 4490 simulatores;
1847 4425 1948 4480 hoe

306 4516 484 4570 enim
546 4526 666 4565 non
696 4521 777 4565 est
815 4513 1090 4581 sapientize
1114 4553 1130 4579 ,
1163 4512 1256 4568 sed
1303 4514 1584 4578 amentiae;
1633 4515 1724 4568 sed
1775 4515 1946 4584 quid?

311 4607 376 4659 In
416 4603 494 4657 iis
526 4642 543 4666 ,
579 4601 779 4669 inquit,
812 4603 865 4655 in
888 4603 1079 4672 quibus
1107 4619 1210 4656 non
1243 4602 1474 4665 laedunt,
1503 4604 1701 4657 nullam
1726 4605 1801 4658 eis
1824 4605 1947 4661 date

300 4710 529 4750 ansam
559 4707 675 4746 nec
691 4693 1047 4747 occasionem.
1069 4692 1220 4759 Quod
1243 4694 1402 4747 etiam
1425 4693 1554 4749 dicit
1569 4694 1634 4748 ad
1654 4692 1942 4761 Romanos,

296 4787 568 4845 Reddite
610 4783 848 4838 omnibus
875 4785 1041 4837 debita
1077 4799 1096 4838 :
1125 4785 1208 4837 cui
1233 4785 1418 4838 debetis
1462 4786 1700 4839 tributum
1720 4827 1735 4852 ,
1784 4785 1944 4839 tribu-

292 4893 422 4938 tum
447 4897 471 4946 ;
524 4878 627 4932 cui
675 4878 890 4945 vectigal
914 4917 930 4943 ,
973 4878 1223 4947 vectigal;
1257 4879 1340 4931 cui
1375 4878 1646 4945 honorem,
1681 4880 1922 4933 honorent

287 4973 510 5046 (Rom.
569 4969 678 5022 15.
729 4969 808 5036 7).
840 4968 1067 5038 Propter
1111 4968 1544 5038 praedicationem
1587 4971 1757 5024 solum
1804 4979 1942 5034 esto,

286 5063 542 5136 inquis,
606 5057 713 5112 tibi
766 5058 1002 5114 bellum:
1035 5060 1238 5114 nullum
1278 5061 1420 5115 aliud
1467 5061 1672 5115 initium
1721 5062 1947 5132 accipiat

284 5159 413 5213 hoc
451 5151 721 5208 bellum.
755 5149 883 5204 Nam
914 5152 958 5205 si
989 5153 1151 5206 etiam
1201 5160 1421 5222 propter
1445 5153 1545 5207 alia
1575 5164 1758 5210 essent
1789 5156 1944 5210 nobis

279 5264 430 5306 cum
464 5246 562 5302 eis
596 5241 864 5314 gerenda:
899 5244 1192 5298 inimicitiae
1213 5284 1229 5310 ,
1259 5260 1431 5314 neque
1459 5247 1612 5301 nobis
1634 5257 1774 5301 esset
1801 5263 1944 5302 mer-

275 5357 387 5398 ces
412 5381 429 5404 ,
470 5346 540 5392 et
574 5332 705 5404 ipsi
732 5332 892 5387 futuri
923 5343 1050 5388 sunt
1071 5335 1386 5400 deteriores,
1422 5343 1476 5390 et
1503 5336 1823 5392 videbuntur
1844 5352 1942 5391 nos

279 5437 430 5508 jure
471 5439 814 5487 accusare:
844 5427 992 5480 velut
1034 5428 1078 5480 si
1119 5427 1395 5497 vectigalia
1424 5443 1528 5482 non
1557 5430 1826 5483 solvamus
1847 5471 1861 5494 ,
1897 5431 1943 5483 si

278 5531 566 5584 honores
598 5530 756 5589 quos
785 5520 1042 5572 convenit
1070 5534 1176 5573 non
1206 5518 1524 5583 reddamus,
1568 5519 1612 5573 si
1639 5533 1744 5573 non
1777 5520 1945 5574 simus

276 5616 582 5676 humiles.
621 5607 805 5664 Vides
832 5618 1090 5678 quantum
1114 5624 1174 5665 se
1204 5609 1450 5666 demittat
1477 5609 1673 5664 Paulus
1697 5651 1713 5677 ,
1746 5611 1836 5664 ubi
1858 5611 1943 5664 ni-

275 5715 360 5769 hil
397 5709 573 5766 lmdit
603 5699 1067 5774 prmdicationem
1089 5701 1113 5754 ἲ
1137 5701 1274 5755 Audi
1304 5703 1448 5756 enim
1477 5701 1649 5770 ipsum
1677 5701 1942 5756 dicentem

279 5805 578 5877 Agrippa:
615 5813 632 5848 :
675 5789 906 5844 Beatum
934 5807 1012 5843 mc
1036 5791 1297 5856 existimo,
1333 5791 1480 5845 hodie
1509 5793 1646 5863 apud
1673 5801 1720 5848 te
1739 5808 1942 5847 causam

645 5895 945 5957 PATROL.
995 5894 1114 5954 Gn.
1163 5896 1355 5958 LXII.

2064 2683 2284 2737 stionum
2309 2698 2423 2752 qua:
2437 2691 2553 2737 sunt
2595 2683 2732 2753 apud
2765 2681 2976 2737 Judwos
3002 2685 3138 2751 (Act.
3169 2683 3258 2739 26.
3284 2685 3335 2738 2.
3361 2685 3437 2753 3).
3468 2685 3520 2740 Si
3549 2699 3644 2738 au-

2065 2787 2170 2832 tem
2200 2775 2560 2831 existimasset
2591 2785 2844 2846 Oportere
2883 2777 3204 2831 contumelia
3249 2776 3466 2833 afﬁcere
3499 2779 3644 2848 prin-

2060 2868 2234 2938 cipem
2262 2910 2277 2935 ,
2323 2869 2504 2923 omnia
2533 2869 2833 2924 evertisset.
2864 2869 3000 2924 Audi
3042 2879 3096 2924 et
3139 2870 3351 2924 beatum
3381 2871 3594 2926 Petrum
3615 2911 3631 2935 ,

2061 2973 2218 3029 quam
2247 2959 2436 3014 leniter
2462 2971 2516 3014 et
2545 2969 2822 3016 mansuete
2849 2960 3139 3028 respondet
3158 2960 3380 3025 Iudaeis,
3409 2961 3594 3016 dicens
3619 2980 3633 3014 :

2065 3049 2285 3105 Obedire
2313 3060 2506 3120 oportet
2552 3051 2661 3105 Deo
2687 3053 2847 3122 magis
2885 3069 3036 3122 quam
3078 3051 3368 3105 hominibus
3416 3051 3550 3120 (Act.
3583 3053 3638 3108 5.

2057 3144 2355 3214 29).Atqui
2407 3143 2649 3198 homines
2693 3144 2781 3213 qui
2830 3145 3068 3197 animum
3107 3143 3536 3213 desponderant,
3585 3154 3638 3198 et

2057 3237 2180 3290 vita:
2201 3250 2350 3304 spem
2383 3235 2707 3304 ahjeeerant,
2733 3235 3033 3304 potuissent
3055 3235 3375 3290 contumelia
3401 3234 3637 3299 afﬁcere,

2064 3338 2117 3380 et
2147 3327 2357 3396 quidvis
2398 3325 2606 3379 facere:
2636 3323 2728 3379 sed
2761 3335 3047 3396 propterea
3076 3327 3311 3380 animum
3339 3326 3638 3396 dc5ponde-

2056 3428 2197 3485 rant,
2221 3427 2276 3473 et
2303 3418 2425 3472 vita:
2450 3429 2600 3487 spem
2635 3417 2965 3487 abjecerant,
2997 3426 3054 3472 ut
3077 3433 3146 3472 ne
3175 3418 3387 3473 inanem
3413 3418 3635 3488 gloriam

2055 3517 2331 3578 captarent
2357 3507 2376 3576 (
2399 3507 2500 3561 hoc
2528 3515 2611 3562 est
2637 3507 2778 3562 enim
2804 3507 2976 3561 inanis
3002 3508 3188 3578 gloriae
3212 3508 3262 3577 );
3291 3508 3383 3563 sed
3417 3517 3474 3563 ιιι
3497 3525 3633 3578 pra:-

2056 3599 2299 3654 dicarent
2318 3639 2332 3664 ,
2353 3607 2408 3652 et
2436 3607 2492 3652 ut
2523 3599 2687 3654 libere
2708 3606 2763 3654 et
2789 3598 3120 3654 conﬁdenter
3145 3600 3323 3654 omnia
3353 3600 3640 3670 loqueren-

2059 3702 2182 3747 tur:
2211 3692 2341 3746 illud
2381 3701 2592 3758 autem,
2639 3708 2833 3762 nempe
2871 3692 3084 3748 inanem
3130 3703 3347 3764 captare
3373 3695 3632 3765 gloriam,

2056 3797 2138 3841 est
2185 3785 2554 3840 immodestiae.
2591 3786 2772 3840 Sermo
2796 3796 2954 3840 vester
2980 3802 3180 3857 semper
3203 3787 3256 3839 in
3286 3788 3451 3857 gratia
3472 3829 3486 3851 ,
3530 3789 3637 3841 sate

2054 3878 2119 3931 sit
2143 3878 2398 3932 conditus.
2432 3877 2545 3932 Hoc
2574 3887 2692 3944 est,
2743 3894 2810 3933 ne
2855 3881 3120 3934 sermonis
3150 3881 3316 3948 gratia
3363 3896 3427 3936 eo
3471 3881 3634 3936 deve-

2055 3968 2198 4035 niat,
2234 3979 2288 4024 ut
2311 3984 2376 4024 eo
2405 3979 2624 4024 utantur
2647 3970 2781 4023 citra
2806 3969 3117 4024 discrimen.
3151 3969 3296 4025 Licet
3321 3974 3485 4037 enim,
3511 3972 3636 4027 licet

2053 4060 2257 4114 urbane
2282 4069 2336 4115 ct
2366 4061 2543 4131 lepide
2585 4061 2728 4129 loqui
2753 4101 2768 4125 ,
2799 4060 2894 4114 sed
2924 4075 3045 4114 cum
3071 4075 3132 4114 ea
3173 4077 3274 4129 qua
3304 4077 3401 4131 par
3428 4073 3509 4117 est
3540 4062 3636 4116 ho-

2053 4163 2263 4208 nestate
2304 4163 2358 4209 et
2388 4154 2602 4208 decore.
2658 4153 2725 4206 Ut
2768 4153 2942 4206 sciatis
2981 4153 3231 4221 quomodo
3272 4165 3502 4223 oporteat
3546 4171 3634 4209 vos

2052 4244 2318 4312 unicuique
2354 4244 2676 4313 respondere.
2708 4242 3066 4310 Quamobrem
3100 4257 3202 4296 non
3248 4253 3460 4312 Oportet
3486 4245 3634 4299 simi-

2053 4336 2176 4390 liter
2215 4336 2358 4404 loqui
2388 4351 2506 4389 cum
2554 4335 2833 4401 omnibus,
2882 4349 3000 4388 cum
3049 4333 3268 4400 Graecis,
3309 4336 3542 4404 inquam,
3575 4346 3631 4391 et

2053 4428 2325 4482 fratribus.
2355 4427 2697 4497 Nequaquam
2722 4445 2735 4479 :
2762 4427 2863 4480 hoc
2889 4427 3032 4480 enim
3061 4436 3141 4481 est
3163 4437 3418 4482 extremae
3448 4443 3632 4482 amen-

2055 4521 2161 4573 tiae.
2193 4519 2248 4572 7.
2292 4517 2418 4584 Quae
2454 4518 2588 4570 circa
2627 4534 2704 4570 me
2749 4526 2897 4581 sunt,
2931 4517 3101 4570 omnia
3143 4517 3278 4572 vobis
3321 4525 3438 4570 nota
3483 4518 3635 4587 faciet

2055 4609 2302 4680 Tychicus
2327 4650 2341 4674 ,
2393 4609 2684 4662 carissimus
2726 4609 2904 4677 frater,
2937 4617 2982 4661 et
3026 4608 3191 4677 ﬁdelis
3222 4609 3469 4673 minister,
3510 4625 3632 4660 con-

2051 4715 2223 4754 servus
2247 4701 2301 4752 in
2331 4697 2570 4753 Domino.
2608 4700 2763 4769 Papa:
2790 4701 2802 4752 !
2832 4705 3030 4769 quanta
3058 4707 3141 4754 est
3169 4699 3320 4754 Pauli
3347 4700 3627 4768 sapientia.

2050 4787 2167 4844 Non
2201 4791 2378 4843 omnia
2411 4791 2595 4844 inserit
2624 4793 2676 4844 in
2705 4791 2975 4860 epistolis,
3014 4789 3110 4847 sed
3135 4807 3252 4859 quae
3280 4800 3406 4844 sunt
3435 4805 3628 4843 neces-

2051 4884 2189 4936 saria
2214 4892 2268 4938 et
2290 4885 2527 4954 urgentia
2555 4902 2567 4938 :
2591 4885 2761 4953 primo
2779 4883 2992 4954 quidem
3015 4883 3204 4937 nolens
3225 4897 3315 4936 eas
3332 4883 3383 4935 in
3410 4881 3626 4935 nimiam
3707 4935 3709 4938 .

2052 4974 2340 5029 extendere
2387 4975 2773 5045 longitudinem
2805 4990 2820 5028 :
2853 4975 3092 5029 secundo
3121 4983 3329 5036 autem,
3376 4988 3497 5026 eum
3535 4973 3625 5042 qui

2050 5065 2406 5135 proficiscitur
2455 5068 2682 5122 reddens
2710 5069 2877 5136 magis
2907 5065 3259 5121 reverendum
3282 5105 3297 5128 ,
3333 5073 3390 5118 ut
3434 5065 3628 5120 habeat

2051 5157 2248 5226 aliquid
2279 5159 2419 5227 quod
2462 5167 2642 5212 narret
2673 5176 2684 5211 :
2723 5159 2912 5223 tertio,
2949 5156 3239 5210 ostendens
3276 5164 3529 5224 quantum
3571 5157 3625 5210 ιιι

2050 5263 2171 5302 cum
2202 5249 2269 5303 sit
2297 5248 2545 5314 affectus;
2597 5263 2702 5302 non
2729 5251 2870 5303 enim
2902 5249 3032 5302 alias
3073 5248 3120 5302 ei
3153 5249 3266 5300 haec
3289 5246 3619 5301 mandasset.

2053 5341 2256 5396 Deinde
2281 5351 2434 5395 erant
2462 5341 2704 5410 quaedam
2734 5355 2852 5410 quae
2882 5355 2988 5393 non
3027 5337 3308 5407 oportebat
3337 5338 3624 5407 signiﬁcari
3659 5339 3674 5346 ’

2049 5433 2238 5487 literis.
2273 5432 2595 5495 Carissimus,
2628 5432 2816 5500 inquit,
2861 5435 3038 5501 frater.
3067 5429 3123 5484 Si
3152 5429 3480 5494 carissimus,
3513 5431 3622 5483 sci-

2051 5523 2124 5575 vit
2147 5523 2352 5584 omnia,
2386 5531 2439 5575 et
2471 5536 2595 5575 eum
2624 5520 2755 5576 nihil
2782 5521 3008 5577 celabat.
3042 5519 3106 5573 Et
3139 5519 3304 5588 ﬁdelis
3325 5519 3552 5572 minister
3575 5529 3621 5572 et

2050 5629 2316 5666 conservus
2346 5614 2396 5665 in
2425 5611 2662 5666 Domino.
2695 5612 2751 5666 Si
2790 5610 2962 5665 ﬁdelis
2987 5653 3000 5675 ,
3045 5611 3177 5665 nihil
3221 5609 3543 5674 mentietur;
3576 5610 3621 5664 si

2049 5714 2343 5759 conservus
2367 5743 2381 5768 ,
2410 5702 2508 5757 fuit
2538 5704 2716 5758 socius
2745 5713 2795 5758 et
2822 5703 3086 5773 particeps
3113 5700 3484 5756 tentationum.
3507 5698 3620 5754 Un-

2050 5793 2209 5863 dique
2235 5807 2364 5862 ergo
2392 5793 2604 5864 collegit
2634 5793 2686 5849 id
2729 5792 2868 5866 quod
2912 5793 3069 5849 fidem
3101 5792 3317 5848 faceret.
3358 5788 3412 5846 8.
3457 5790 3618 5858 Quem

3217 5895 3296 5954 Ωιι
