4026 6148
461 321 568 379 575

464 434 582 488 misi
603 433 668 486 ad
698 449 782 487 vos
807 432 873 487 ad
902 434 995 487 hoc
1017 433 1202 504 ipsum.
1235 431 1331 487 ilic
1357 429 1580 486 multam
1625 427 1863 485 ostendit
1911 424 2046 481 dile-

465 525 697 580 ctionem
717 567 729 586 ,
757 524 1017 595 siquidem
1049 539 1172 579 cum
1203 522 1327 578 ideo
1353 523 1532 585 misit,
1561 532 1615 576 et
1657 535 1721 575 ea
1751 521 1846 574 fuit
1883 531 2044 575 causa

464 631 561 669 cur
587 631 805 685 peregre
847 614 913 669 sit
956 613 1226 685 profectus
1253 632 1266 669 :
1297 611 1442 686 quod
1469 614 1630 670 etiam
1675 613 1886 669 dicebat
1910 613 2042 668 seri-

465 706 597 761 hcns
638 705 703 760 ad
755 705 1261 762 Thessalonicenses
1285 724 1298 760 :
1323 705 1545 776 Propter
1585 705 1723 776 quod
1770 722 1870 760 non
1899 704 2051 759 susti-

464 808 634 851 nentes
661 798 882 868 amplius
903 838 918 862 ,
946 798 1136 868 placuit
1170 799 1313 852 nobis
1357 798 1478 852 solis
1504 813 1761 852 remanere
1799 795 2010 850 Athenis
2030 836 2045 860 ,

462 900 510 942 et
553 890 781 944 misimus
832 888 1153 943 Timotheum
1200 893 1411 960 fratrem
1462 899 1690 944 nostrum
1735 889 1752 958 (
1786 889 1837 943 1.
1861 886 2044 942 Thess.

1137 318 1195 375 S.
1232 316 1508 376 JOANNlS
1544 312 1896 374 CHRYSOST
1900 309 2014 368 0111
2054 306 2369 365 ARClllEP.
2408 309 2934 375 CONSTANTINOP.

2126 421 2370 503 efficite.
2417 425 2651 482 Summa:
2688 428 2830 483 enim
2861 427 3021 485 fuerit
3063 433 3312 488 amentiae
3334 475 3349 500 ,
3397 434 3655 494 bellorum
3679 452 3726 497 et

3629 329 3729 388 37‘)

2156 513 2553 570 inimicitiarum
2589 517 2894 587 excogitare
2939 522 3270 578 occasiones.
3315 523 3448 581 Nam
3497 529 3563 583 ad
3597 531 3722 596 hoc,

2153 603 2293 674 quod
2321 607 2555 675 pericula
2583 613 2913 666 sustinemus
2939 613 3209 683 superflua
3249 625 3305 671 et
3335 633 3458 687 quac
3485 620 3616 676 nihil
3647 622 3728 677 ha-

2151 693 2472 762 bent'lucri,
2503 699 2644 755 aliud
2671 716 2884 771 quoque
2922 702 3176 759 damnum
3219 707 3462 772 accedit,
3501 712 3642 780 quod
3668 715 3725 768 ad

2153 803 2249 842 nos
2293 788 2467 845 Graeci
2510 806 2615 847 non
2652 794 2930 850 accedant.
2970 795 3102 852 Nam
3151 801 3365 868 quando
3409 801 3576 860 fueris
3604 806 3724 862 inter

2153 881 2362 948 fratres,
2393 884 2586 939 merito
2611 887 2838 942 confidis
2864 907 2876 941 :
2909 888 3039 944 foris
3060 902 3238 946 autem
3265 909 3370 948 non
3399 895 3477 950 sic
3503 908 3723 967 oportet.

460 983 513 1038 5.
549 986 598 1039 l.
625 983 703 1054 2).
747 983 827 1038 Ad
859 982 1122 1052 Ephesios
1149 997 1362 1052 quoque
1391 997 1512 1037 eum
1558 982 1727 1050 ipsum
1760 981 1949 1044 mittit,
1993 989 2048 1035 et
2136 971 2312 1028 Vides
2333 977 2599 1045 quomodo
2621 977 2815 1049 ubique
2836 995 2929 1036 eos
2951 982 3038 1050 qui
3061 982 3332 1040 suntforis
3349 985 3721 1046 dicitGraecos.

460 1085 681 1146 propter
731 1074 972 1130 eamdem
1017 1089 1280 1130 causam:
1342 1071 1410 1129 Ut
1451 1081 1716 1145 cognoscat
1756 1088 1869 1143 qucc
1912 1072 2048 1125 circa

462 1185 548 1222 vos
600 1178 716 1222 stmt
761 1177 808 1222 et
860 1167 1146 1222 consoletur
1185 1165 1340 1219 corda
1387 1175 1548 1219 vestra
1577 1163 1789 1234 (Ep/tes.
1840 1165 1890 1219 6.
1923 1163 2041 1233 ‘22).

463 1259 596 1314 \‘ide
623 1258 747 1328 quid
786 1258 928 1313 dicat
956 1276 968 1308 :
996 1257 1110 1312 Non
1143 1266 1199 1312 ut
1230 1270 1325 1312 vos
1370 1271 1460 1311 res
1487 1270 1633 1310 meas
1663 1255 1879 1310 discetis
1903 1296 1917 1318 ,
1950 1253 2043 1311 sed

462 1363 522 1404 ut
546 1366 645 1422 ego
675 1359 881 1406 vestras
908 1368 922 1405 :
949 1350 1019 1405 ita
1068 1365 1328 1421 nusquam
1375 1349 1515 1420 quod
1557 1365 1709 1404 suum
1757 1359 1838 1404 est
1867 1349 2038 1420 ponit.

460 1443 706 1498 Ostendit
729 1459 822 1496 eos
850 1457 1071 1512 quoque
1097 1456 1218 1496 esse
1249 1441 1300 1496 in
1331 1440 1712 1496 tentationibus
1733 1482 1746 1505 ,
1779 1439 2004 1495 dicendo
2024 1480 2040 1505 ,

465 1534 532 1589 Ut
552 1534 834 1589 consoletur
862 1532 1019 1587 corda
1043 1543 1227 1587 vestra.
1261 1533 1317 1588 9.
1344 1531 1468 1587 Cum
1499 1531 1755 1595 Onesimo,
1780 1532 2042 1586 carissimo

459 1637 506 1682 et
533 1629 670 1697 ﬁdeli
699 1633 874 1699 fratre,
904 1629 990 1699 qtti
1013 1644 1077 1683 ea:
1104 1629 1239 1682 vobis
1265 1635 1357 1682 est.
1389 1626 1602 1693 Omnia,
1628 1641 1741 1696 qua:
1767 1625 1849 1679 hic
1874 1641 2040 1695 agun-

461 1732 562 1784 tttr,
592 1729 708 1774 nota
736 1721 922 1790 facient
948 1720 1103 1774 vobis.
1138 1719 1235 1774 llic
1275 1727 1357 1774 est
1383 1716 1668 1774 Onesimus
1689 1758 1703 1782 ,
1730 1715 1798 1772 de
1838 1732 1944 1787 quo
1973 1717 2038 1772 ad

461 1811 826 1867 Philemonem
869 1811 1110 1867 scribens
1155 1811 1398 1876 dicebat,
1459 1809 1617 1875 Quem
1661 1826 1751 1880 ego
1784 1811 2038 1864 volueram

457 1919 651 1955 mecum
683 1902 907 1957 detinere
930 1943 945 1967 ,
978 1910 1033 1956 ut
1060 1918 1151 1971 pro
1178 1912 1223 1956 te
1252 1902 1376 1955 mihi
1413 1901 1721 1955 ministraret
1749 1901 1800 1955 in
1823 1901 2036 1956 vinculis

457 1994 701 2064 evangelii
737 1996 890 2048 :sine
933 1994 1145 2048 consilio
1173 2003 1340 2048 autem
1379 2003 1466 2048 tuo
1506 1993 1634 2048 nihil
1671 1993 1806 2048 volui
1848 1995 2016 2065 facere

458 2084 848 2155 (PhilemJS).
905 2085 1068 2140 Addit
1111 2085 1272 2141 etiam
1319 2085 1617 2141 eucomium
1667 2085 1919 2152 civitatis,
1979 2095 2036 2141 ut

457 2177 616 2230 etiam
649 2177 1028 2247 gloriarentur,
1080 2193 1177 2231 nec
1209 2177 1378 2232 solum
1427 2192 1531 2230 non
1565 2175 1909 2232 afficerentur
1936 2192 2036 2247 pu-

456 2269 608 2336 dore,
639 2269 826 2325 dicens
858 2286 871 2322 :
909 2269 1010 2335 Qui
1035 2279 1106 2322 est
1131 2285 1193 2323 ea:
1224 2270 1376 2323 vobis.
1403 2268 1607 2336 Omnia,
1626 2286 1739 2338 qua:
1758 2271 1839 2324 hic
1867 2286 2036 2339 agun-

463 2372 564 2426 tur,
590 2368 726 2414 ‘nota
765 2363 951 2430 facient
989 2361 1144 2414 vobis.
1181 2360 1268 2424 10',
1311 2358 1515 2415 Salutat
1570 2377 1654 2416 vos
1709 2360 2032 2416 Aristarchus

460 2451 786 2521 concaptivus
828 2468 988 2504 mnus.

526 2542 582 2596 9..
630 2542 740 2596 lloc
763 2543 1006 2597 encomio
1031 2543 1227 2598 nullum
1250 2552 1330 2598 est
1357 2543 1544 2613 majus.
1576 2544 1671 2599 llic
1703 2553 1784 2600 est
1805 2545 1891 2615 qui
1914 2561 2032 2600 cum

458 2634 575 2702 ipso
613 2633 876 2689 abductus
915 2633 1012 2689 fuit
1058 2635 1428 2707 Jerosolymis.
1477 2636 1646 2706 Majus
1692 2637 1826 2691 dixit
1872 2651 2030 2707 quam

459 2725 735 2794 propinata:
765 2743 777 2778 :
810 2739 932 2779 nam
959 2725 1031 2780 illi
1063 2725 1276 2795 quidem
1309 2727 1516 2796 scipsos
1554 2727 1738 2782 dicunt
1765 2727 2028 2797 hOSpitcs,

459 2815 694 2871 advenas
719 2828 786 2873 et
817 2817 1162 2888 peregrinos;
1208 2817 1294 2874 hic
1334 2828 1513 2874 autem
1555 2821 1714 2875 etiam
1745 2821 2032 2891 captivum.

460 2907 751 2977 Tamquam
781 2909 924 2964 enim
953 2909 1193 2979 captivus
1237 2903 1315 2965 sic
1349 2911 1606 2981 agebatur
1648 2921 1701 2968 et
1740 2912 2036 2980 ferebatur,

459 3008 512 3054 et
540 2998 606 3054 ad
637 2998 772 3056 male
803 2999 1107 3069 patiendum
1135 3000 1213 3055 sic
1255 3010 1370 3056 erat
1399 3002 1649 3057 omnibus
1689 3005 2029 3073 propositus;

451 3093 567 3147 imo
595 3107 722 3147 vero
751 3093 854 3147 iliis
880 3093 1054 3164 pejus.
1087 3093 1218 3147 Nam
1248 3093 1368 3148 illos
1388 3093 1599 3163 quidem
1622 3103 1899 3164 postquam
1925 3109 2032 3151 ce-

457 3193 650 3252 perunt
691 3183 906 3251 hostes,
948 3200 1041 3240 eos
1090 3184 1242 3240 valde
1283 3194 1473 3240 curant
1515 3194 1572 3240 ut
1618 3186 1716 3241 sibi
1749 3188 2030 3256 proprios;

461 3275 602 3332 hunc
621 3285 798 3332 autem
827 3286 883 3332 ut
906 3276 1112 3334 hostem
1145 3288 1196 3332 et
1221 3278 1490 3333 inimicum
1511 3293 1698 3334 omnes
1727 3279 1958 3350 agebant
1979 3289 2034 3334 et

457 3366 728 3433 ferebant,
756 3369 1102 3425 verberantes
1121 3409 1136 3435 ,
1166 3370 1343 3440 flagris
1367 3369 1666 3438 caedentes,
1695 3373 2034 3430 contumeliis

458 3458 782 3524 allicientes,
824 3461 1236 3536 calumniantes.
1287 3461 1398 3517 iloc
1428 3462 1535 3518 illis
1575 3463 1736 3519 etiam
1768 3474 1884 3520 erat
1909 3479 2036 3521 con-

458 3549 705 3603 Sulaliotti
740 3567 753 3601 :
781 3564 902 3604 cum
937 3552 1080 3606 enim
1110 3562 1410 3620 praeceptor
1450 3554 1505 3607 in
1549 3554 1738 3609 iisdem
1771 3565 2038 3624 versatur,

461 3642 716 3711 majorem
748 3643 1169 3696 consolationem
1195 3644 1462 3712 accipiunt
1491 3646 1767 3716 discipuli.
1803 3648 1868 3703 Et
1897 3649 2042 3703 Mar-

461 3748 549 3786 cus
576 3732 903 3786 consobrinus
932 3731 1204 3786 Barnabw.
1239 3733 1392 3788 linne
1425 3751 1636 3806 quoque
1659 3739 1770 3808 jam
1799 3740 2040 3796 laudavit

461 3837 527 3876 ex
554 3823 869 3892 cognatione
901 3841 915 3878 :
944 3834 1061 3880 erat
1093 3825 1238 3880 enim
1273 3826 1545 3884 Barnabas
1575 3830 1656 3884 vir
1686 3847 1930 3903 magnus.
1961 3835 2038 3888 De

459 3931 558 3979 quo
579 3916 839 3984 accepistis
877 3917 1117 3970 mandata
1141 3919 1222 3973 :si
1249 3921 1436 3973 venerit
1462 3921 1529 3974 ad
1552 3937 1669 3989 vos,
1707 3926 1943 3994 suscipite
1971 3927 2041 3980 il-

462 4005 586 4060 lunt.
621 4006 757 4073 Quid
801 4007 1098 4063 vero?non
1145 4009 1302 4065 aliter
1345 4013 1752 4081 suscepissent?
1779 4015 2038 4081 Maxime;

461 4098 552 4153 sed
579 4140 594 4165 ,
625 4099 754 4153 Cum
785 4114 977 4172 magno
1000 4141 1015 4165 ,
1059 4101 1265 4172 inquit,
1297 4104 1420 4158 volo
1449 4104 1624 4160 studio
1659 4125 1674 4160 :
1717 4108 1898 4162 ethoc
1928 4123 2044 4162 ma-

465 4206 618 4256 gnum
677 4191 848 4246 virum
896 4193 1150 4248 ostendit.
1186 4191 1462 4249 Undenam
1514 4205 1692 4252 autem
1738 4200 2042 4267 acceperint

467 4281 708 4337 mandata
730 4324 746 4348 ,
775 4298 879 4338 non
906 4283 1054 4339 dicit.
1080 4285 1171 4340 11.
1217 4284 1285 4338 Et
1313 4284 1485 4353 Iesus,
1515 4287 1602 4356 qui
1628 4287 1813 4342 dicitur
1835 4288 2035 4344 Justus.

466 4371 565 4425 Isle
609 4372 836 4428 fortasse
886 4385 1002 4429 erat
1052 4374 1380 4431 Corinthius.
1413 4377 1615 4433 Deinde
1658 4377 1749 4432 dat
1790 4379 2042 4436 omnibus

459 4478 745 4518 etnnntuuc
772 4465 1074 4519 eucomium
1097 4505 1112 4530 ,
1142 4480 1263 4521 cum
1293 4467 1518 4523 dixisset
1545 4471 1685 4539 quod
1715 4480 1831 4536 erat
1857 4472 2040 4526 unius-

460 4553 720 4623 cujusque
765 4555 1044 4625 proprium
1075 4573 1090 4609 :
1125 4556 1226 4621 Qui
1272 4568 1388 4612 sunt
1431 4575 1494 4614 ea:
1534 4561 1914 4616 circumcisione
1939 4578 1958 4616 :
1988 4563 2041 4616 hi

459 4647 558 4700 soli
574 4655 689 4700 sunt
719 4647 980 4716 adjutores
1019 4648 1113 4702 mei
1140 4649 1192 4702 in
1215 4665 1369 4720 regno
1397 4650 1494 4706 Dei
1519 4669 1538 4705 :
1563 4654 1648 4722 qui
1682 4654 1806 4707 mihi
1833 4654 2039 4723 fuerunt

460 4737 662 4792 solatio.
705 4737 994 4806 Postquam
1030 4738 1205 4804 dixit,
1237 4739 1571 4812 Concaptivus
1591 4783 1606 4810 ,
1640 4759 1708 4799 ne
1736 4744 2039 4800 auditorum

463 4829 699 4883 animum
729 4830 888 4885 simul
917 4829 1128 4900 dejiciat
1152 4871 1168 4898 ,
1201 4831 1322 4887 vide
1349 4834 1618 4902 quomodo
1642 4833 1745 4890 hoc
1772 4844 1953 4904 ponat,
1985 4844 2042 4890 et

463 4935 558 4975 eos
601 4921 832 4976 excitet:
863 4921 1140 4994 Adjutores
1161 4965 1176 4990 ,
1229 4923 1417 4994 inquit,
1449 4925 1548 4979 mei
1574 4925 1641 4978 ad
1684 4942 1895 4997 regnum
1925 4926 2040 4982 Dei.

463 5015 820 5082 Quamobrem
847 5030 968 5071 eum
999 5017 1106 5071 sint
1133 5017 1266 5072 socii
1298 5017 1649 5072 tentationum
1674 5059 1689 5084 ,
1719 5027 1844 5073 sunt
1872 5018 2034 5074 etiam

465 5108 616 5175 regni
634 5106 785 5161 socii.
811 5105 910 5172 Qui
930 5107 1134 5176 fuerunt
1151 5106 1276 5160 mihi
1293 5102 1496 5162 solatio.
1527 5107 1771 5164 Ostendit
1801 5123 1895 5164 eos
1922 5125 2043 5166 esse

465 5210 709 5263 magnms,
729 5195 990 5264 siquidem
1003 5197 1175 5252 Paulo
1191 5197 1403 5254 fuerunt
1417 5197 1627 5254 solatio.
1646 5197 1752 5254 Sed
1769 5199 2042 5256 videamus

467 5285 613 5339 Pauli
634 5285 988 5354 prudentiam.
1011 5286 1077 5341 In
1094 5289 1360 5356 sapientia,
1387 5289 1575 5359 inquit,
1600 5291 1854 5345 ambulate
1874 5291 1942 5345 ad
1957 5308 2041 5346 eos

377 5420 390 5431 .
463 5377 549 5448 qui
567 5377 694 5445 [oris
707 5386 848 5442 sunt,
873 5387 1068 5447 tempus
1088 5379 1404 5434 redimentes.
1429 5379 1542 5435 Hoc
1561 5391 1665 5448 est,
1687 5381 1802 5437 Non
1831 5392 1913 5437 est
1947 5397 2040 5437 ve-

465 5482 632 5524 strum
663 5479 891 5539 tempus.
915 5469 1009 5524 sed
1037 5470 1246 5524 illorum
1274 5488 1288 5527 :
1319 5471 1485 5526 nolite
1510 5486 1640 5542 ergo
1662 5472 1956 5527 dominium
1976 5482 2042 5532 et

462 5562 838 5617 auctoritatem
865 5561 1017 5616 vobis
1047 5557 1351 5628 vindicare,
1398 5563 1493 5618 sed
1525 5573 1736 5633 tempus
1767 5565 2039 5623 redimite.

465 5651 647 5719 Neque
675 5652 809 5707 dixit
836 5651 1196 5717 solummodo,
1229 5653 1436 5720 Emite,
1466 5655 1595 5723 sed,
1627 5655 1927 5723 Redimite,
1964 5657 2044 5711 si-

464 5740 726 5808 gnificans
780 5743 944 5811 quod,
996 5745 1074 5797 sic
1118 5743 1324 5811 allecti,
1379 5744 1536 5800 aliter
1585 5747 1758 5816 ipsum
1805 5764 2040 5805 vestrum

2151 1064 2438 1135 Propterea
2475 1067 2688 1124 dicebat
2729 1072 2888 1126 etiam
2938 1074 3181 1130 scribens
3234 1078 3300 1131 ad
3349 1079 3721 1138 Timotheum:

2153 1156 2364 1228 Oportet
2373 1160 2543 1229 ipsum
2559 1171 2607 1215 et
2625 1160 2686 1215 ab
2705 1163 2766 1217 iis
2788 1165 2878 1234 qui
2901 1165 3028 1236 [oris
3046 1177 3160 1220 sunt
3178 1168 3362 1224 bonum
3384 1173 3567 1229 habere
3593 1179 3721 1232 testi—

2149 1251 2372 1305 monium
2401 1250 2638 1323 (L'Tim.
2666 1254 2720 1308 5.
2749 1255 2835 1326 7);
2865 1265 2916 1310 et
2957 1273 3163 1324 rursus,
3197 1261 3334 1327 Quid
3361 1266 3494 1318 enim
3523 1283 3632 1320 utea
3655 1285 3725 1320 re-

2147 1345 2244 1412 fert
2273 1342 2335 1396 de
2361 1342 2426 1396 iis
2463 1344 2549 1412 qui
2577 1344 2702 1415 [oris
2729 1356 2846 1400 sunt
2866 1347 3104 1416 judicare
3132 1352 3218 1421 (l.
3249 1351 3366 1408 Cor.
3401 1356 3454 1410 5.
3493 1358 3723 1430 f2)?.1n

2146 1433 2417 1504 sapientia,
2447 1435 2639 1505 inquit,
2667 1436 2920 1492 ambulate
2943 1434 3014 1492 ad
3036 1455 3118 1494 eos
3143 1443 3230 1512 qui
3257 1445 3384 1513 foris
3411 1458 3545 1501 sunt.
3579 1447 3722 1506 Foris

2145 1525 2287 1579 enim
2311 1534 2454 1592 sunt,
2485 1527 2584 1580 etsi
2607 1527 2852 1582 eumdem
2876 1544 3034 1599 quem
3063 1546 3162 1587 nos
3185 1535 3441 1590 mundum
3470 1537 3719 1605 habitent,

2145 1627 2203 1672 ut
2245 1617 2332 1688 qui
2361 1618 2465 1672 sint
2504 1628 2654 1674 extra
2700 1635 2922 1691 regnum
2964 1630 3018 1677 et
3061 1623 3279 1679 domum
3329 1629 3513 1696 patris.
3563 1629 3720 1686 Simul

2145 1709 2305 1764 etiam
2336 1724 2430 1764 eos
2457 1710 2785 1777 consolatur,
2836 1712 2954 1767 illos
2995 1728 3194 1769 vocans
3229 1726 3516 1774 extraneos
3544 1738 3556 1772 :
3590 1724 3719 1790 quod

2144 1801 2356 1870 quidem
2380 1801 2592 1858 dicebat
2621 1804 2888 1872 superius,
2924 1802 3038 1857 Vita
3065 1817 3228 1860 vestra
3256 1808 3501 1864 absconsa
3525 1821 3596 1865 est
3618 1829 3722 1867 cunt

2144 1894 2344 1950 Christo
2370 1895 2421 1948 in
2452 1894 2556 1950 Deo
2583 1896 2715 1969 (Col.
2739 1896 2792 1952 5.
2812 1896 2890 1968 3).
2921 1896 3092 1963 Tunc,
3125 1899 3316 1970 inquit,
3340 1901 3566 1972 gloriam
3593 1920 3722 1974 qua:-

2143 1988 2266 2056 rite,
2297 1997 2422 2044 tunc
2445 1989 2700 2055 honores,
2731 2000 2856 2045 tunc
2881 1990 2981 2044 alia
3004 1991 3214 2057 omnia;
3250 2009 3390 2049 nunc
3420 2005 3599 2051 autem
3631 2013 3721 2053 nc-

2142 2096 2407 2152 quaquam
2428 2124 2444 2148 ,
2478 2081 2571 2137 sed
2611 2081 3003 2152 illisprtcbete.
3055 2083 3290 2153 Deinde,
3326 2102 3393 2141 ne
3415 2098 3581 2157 putes
3607 2105 3718 2146 eum

2143 2171 2209 2225 de
2241 2172 2480 2242 pecuniis
2504 2172 2669 2242 loqui,
2702 2173 2849 2228 addit
2877 2192 2889 2228 :
2922 2171 3102 2229 Sermo
3128 2184 3288 2230 vester
3313 2193 3512 2249 semper
3538 2181 3588 2232 in
3610 2198 3720 2252 gra-

2144 2263 2243 2327 tia,
2270 2264 2377 2317 sale
2406 2264 2472 2317 sit
2501 2263 2735 2319 conditus
2758 2305 2772 2329 ,
2817 2273 2870 2318 ut
2901 2265 3073 2319 sciatis
3109 2267 3359 2335 quomodo
3387 2281 3615 2338 oporteat
3643 2288 3720 2327 vos

2143 2355 2413 2426 unicuique
2431 2355 2750 2424 respondere.
2777 2353 2848 2411 Ut
2873 2370 2982 2411 non
3009 2357 3076 2411 sit
3106 2358 3298 2427 plenus
3329 2361 3618 2430 hypocrisi,
3648 2363 3721 2418 in-

2143 2448 2292 2518 quit:
2327 2447 2430 2503 hoc
2453 2448 2594 2502 enim
2623 2462 2729 2503 non
2759 2456 2842 2502 est
2867 2448 3034 2518 gratia
3057 2491 3073 2516 ,
3101 2465 3274 2520 neque
3293 2492 3308 2517 ,
3343 2451 3469 2507 Sale
3497 2462 3580 2509 est
3602 2468 3720 2510 con-

2143 2539 2331 2595 ditum.
2356 2538 2426 2595 Ut
2454 2547 2599 2609 puta,
2629 2539 2834 2610 absque
2875 2539 3113 2610 periculo
3142 2541 3323 2597 colere
3349 2553 3627 2613 Oporteat,
3657 2562 3720 2601 ne

2143 2645 2358 2687 recuses
2381 2650 2397 2686 :
2420 2633 2465 2686 si
2494 2639 2703 2700 tempus
2728 2632 2797 2686 sit
2819 2631 3029 2701 placide
3056 2632 3329 2702 loquendi,
3364 2651 3429 2689 ne
3457 2651 3571 2690 eam
3598 2652 3709 2692 rem

2144 2723 2419 2779 existimes
2448 2723 2900 2778 assentationem:
2933 2723 3014 2778 fac
3034 2723 3212 2779 omnia
3239 2741 3358 2794 qua:
3379 2725 3446 2780 ad
3470 2726 3715 2783 honorem

2144 2815 2404 2879 attinent,
2454 2815 2526 2869 ita
2564 2823 2622 2869 ut
2659 2830 2764 2869 non
2805 2814 3031 2870 laedatur
3057 2815 3242 2885 pictas.
3277 2815 3394 2872 Non
3422 2818 3570 2874 vides
3597 2834 3722 2890 quo—

2144 2907 2306 2963 modo
2335 2907 2514 2963 Daniel
2545 2905 2816 2964 hominem
2845 2908 2973 2963 colit
3002 2909 3262 2978 impium?
3290 2925 3396 2964 non
3427 2911 3575 2966 vides
3599 2925 3723 2982 quo-

2143 2999 2306 3055 modo
2328 3007 2437 3055 tres
2460 2999 2611 3070 pueri
2627 3014 2748 3054 eum
2772 3000 3029 3070 sapientia
3051 3001 3166 3071 regi
3186 3000 3480 3056 olierantnr
3499 3002 3720 3058 etanimi

2145 3092 2492 3148 ostendentes
2519 3091 2891 3147 fortitudinem
2919 3101 2974 3148 et
3008 3091 3220 3149 dicendi
3255 3093 3591 3162 libertatem,
3618 3109 3722 3150 non

2145 3193 2322 3239 autem
2377 3185 2714 3239 temerariam
2762 3182 3037 3238 audaciam
3088 3193 3144 3240 et
3191 3186 3582 3252 asperitatem?
3629 3186 3727 3240 hoc

2146 3276 2418 3331 enimnon
2446 3283 2527 3330 est
2551 3274 2802 3345 loquendi
2827 3274 3089 3330 libertatis
3109 3283 3164 3330 et
3182 3274 3404 3338 ﬁducita,
3430 3275 3525 3329 sed
3550 3276 3730 3332 inanis

2145 3366 2351 3437 gloriae.
2386 3364 2452 3420 Ut
2491 3365 2661 3419 sciatis
2682 3406 2698 3432 ,
2731 3365 2936 3436 inquit,
2961 3366 3216 3436 quomodo
3243 3376 3469 3435 oporteat
3498 3382 3585 3420 vos
3612 3371 3732 3421 uni-

2145 3459 2322 3526 cuique
2352 3458 2675 3528 respondere.
2708 3457 2879 3514 Aliter
2916 3460 3058 3514 enim
3086 3459 3344 3530 principi,
3375 3458 3526 3514 aliter
3551 3460 3600 3514 ei
3631 3462 3728 3530 qui

2147 3550 2366 3606 alterius
2394 3559 2547 3620 paret
2593 3551 2858 3620 imperio;
2898 3550 3054 3607 aliter
3078 3551 3273 3620 diviti,
3299 3552 3455 3606 aliter
3481 3553 3730 3624 pauperi.

2147 3642 2359 3710 Quare?
2408 3643 2671 3710 Quoniam
2718 3643 2941 3699 divitum
2988 3653 3040 3700 et
3071 3645 3370 3715 principum
3410 3647 3574 3701 animi
3612 3654 3736 3702 sunt

2148 3735 2542 3802 imbecilliores,
2581 3743 2637 3790 ut
2667 3737 2756 3806 qui
2787 3745 3031 3792 tumeant
3059 3746 3114 3792 et.
3137 3736 3386 3792 diliiuant
3414 3754 3428 3790 :
3458 3753 3564 3807 quo
3591 3737 3649 3792 fit
3677 3747 3735 3792 ut

2148 3826 2288 3896 apud
2315 3841 2408 3881 eos
2435 3842 2494 3881 se
2539 3827 2706 3896 magis
2734 3825 3019 3882 demittere
3046 3835 3102 3882 et
3145 3829 3554 3884 accommodare
3577 3845 3736 3899 opor-

2150 3926 2257 3972 teat
2282 3936 2294 3970 :
2328 3934 2621 3988 pauperum
2649 3925 2825 3974 autem
2853 3928 3116 3974 eteorum
3142 3921 3228 3990 qui
3259 3929 3384 3975 sunt
3412 3921 3638 3990 subjecti
3659 3921 3737 3975 al-

2150 4010 2280 4074 teri,
2320 4009 2602 4064 solidiores
2644 4019 2700 4064 et
2742 4009 3115 4078 prudentiores
3147 4028 3160 4063 :
3195 4026 3361 4081 quare
3389 4021 3442 4067 et
3467 4011 3555 4066 hic
3583 4021 3736 4067 uten-

2148 4100 2275 4155 dum
2301 4109 2386 4155 est
2415 4100 2602 4170 majori
2631 4100 2882 4171 loquendi
2914 4101 3178 4166 libertate,
3225 4118 3391 4156 unum
3417 4103 3732 4172 spectando,

2150 4205 2341 4260 nempe
2383 4189 2813 4244 mdiﬁeationctn.
2855 4189 2971 4245 Non
3000 4191 3252 4260 quoniam
3283 4191 3370 4247 hic
3412 4193 3626 4262 quidem
3655 4203 3740 4248 est

2150 4296 2372 4352 pauper,
2402 4281 2490 4336 ille
2520 4295 2650 4336 vero
2677 4281 2846 4345 dives,
2881 4281 2970 4335 ille
3002 4281 3121 4337 ideo
3152 4282 3271 4350 plus
3302 4282 3620 4349 honoretur,
3652 4284 3742 4339 hic

2150 4385 2279 4426 vero
2305 4371 2511 4436 minus;
2542 4370 2636 4426 sed
2667 4382 2884 4440 propter
2931 4371 3351 4428 imbecillitatem
3397 4374 3487 4428 hic
3519 4374 3741 4444 quidem

2149 4465 2371 4530 feratur,
2403 4464 2492 4518 ille
2523 4478 2652 4518 vero
2683 4479 2789 4517 non
2821 4463 2968 4518 item.
3016 4465 3256 4534 Exempli
3293 4479 3485 4530 causa,
3522 4467 3624 4519 nisi
3669 4465 3746 4519 sit

2149 4571 2345 4623 causa,
2395 4555 2641 4612 Graecum
2687 4569 2754 4609 ne
2785 4568 2943 4610 voces
2970 4555 3355 4610 exsecrandum
3377 4596 3390 4618 ,
3442 4571 3621 4625 neque
3665 4556 3746 4609 sis

2150 4649 2605 4714 contumeliosus;
2638 4647 2732 4702 sed
2776 4647 2820 4702 si
2851 4647 2918 4701 de
2961 4647 3209 4717 dogmate
3245 4647 3458 4718 quidem
3490 4646 3744 4718 rogeris,

2151 4742 2415 4812 responde
2441 4741 2494 4795 id
2523 4755 2644 4796 esse
2674 4738 3063 4796 exsecrandum
3092 4748 3146 4794 et
3181 4739 3400 4808 impium
3432 4757 3446 4793 :
3489 4739 3535 4793 si
3576 4754 3747 4793 nemo

2151 4845 2329 4890 autem
2354 4841 2527 4903 roget,
2551 4847 2723 4902 neque
2752 4840 2910 4901 cogat
2935 4831 3135 4895 dicere,
3161 4845 3267 4884 non
3293 4839 3508 4900 oportet
3534 4824 3748 4886 temere

2152 4925 2482 4981 inimicitiam
2520 4924 2816 4995 suscipere.
2848 4924 2984 4990 Quid
3011 4924 3153 4978 enim
3185 4937 3408 4978 necesse
3438 4933 3524 4980 est
3548 4938 3748 4993 super-

2150 5031 2411 5073 vacaneas
2431 5015 2533 5072 sibi
2553 5030 2864 5086 comparare
2882 5015 3218 5070 inimicitias?
3241 5015 3470 5082 Rursus,
3489 5016 3536 5070 si
3555 5030 3726 5085 quem

2152 5113 2292 5183 piam
2335 5110 2600 5166 catechesi
2629 5110 2907 5175 instituas,
2947 5109 3035 5164 die
3061 5118 3119 5162 ut
3163 5109 3398 5179 postulat
3434 5109 3745 5178 subjectum

2151 5211 2558 5272 argumentum;
2588 5201 2786 5270 alioqui
2813 5211 2952 5254 tace.
2985 5199 3042 5253 Si
3085 5215 3266 5255 sermo
3309 5200 3382 5255 sit
3407 5199 3523 5255 sale
3547 5199 3722 5255 condi

2152 5303 2255 5359 tus,
2284 5291 2494 5348 etiamsi
2521 5291 2574 5345 in
2602 5289 2930 5346 difﬂuentem
2959 5289 3208 5344 inciderit
3233 5290 3488 5354 animam,
3517 5288 3746 5343 mollem

2151 5385 2454 5454 restringit;
2487 5383 2698 5438 etiamsi
2723 5382 2777 5436 in
2817 5396 3061 5451 asperam
3080 5423 3094 5449 ,
3125 5381 3316 5451 ievigat
3347 5380 3623 5436 duritiem.
3653 5379 3752 5434 Sis

2151 5476 2450 5547 gratiosus,
2482 5488 2582 5529 nec
2611 5473 2900 5537 molestus;
2936 5487 3037 5527 nec
3084 5486 3270 5526 rursus
3303 5473 3512 5534 mollis,
3545 5470 3645 5526 sed
3689 5478 3752 5523 et

2151 5567 2517 5623 austeritatem
2559 5563 2757 5619 habeas
2783 5573 2838 5619 et
2865 5561 3210 5632 voluptatem.
3253 5561 3383 5617 Nam
3429 5561 3478 5616 si
3520 5559 3645 5630 quis
3672 5560 3758 5616 sit

2150 5673 2309 5728 supra
2350 5656 2566 5712 modum
2591 5663 2864 5722 austeros,
2898 5653 3065 5723 magis
3106 5653 3252 5707 laedit
3289 5667 3448 5722 quam
3477 5649 3756 5721 prodest;

2151 5751 2233 5804 sin
2263 5755 2442 5804 autem
2471 5746 2542 5803 sit
2569 5760 2731 5817 supra
2761 5745 2979 5800 modum
3008 5742 3278 5814 urbanus,
3309 5743 3475 5814 magis
3507 5749 3594 5797 est
3625 5755 3762 5795 mo-
