4026 6148
466 370 571 425 377

463 487 568 554 ψεν
599 484 632 557 ἢ
662 483 963 558 ὠφέλησεν·
992 483 1089 538 ἐὰν
1110 484 1165 538 δὲ
1192 484 1446 556 ἀμέτρως
1465 484 1893 556 χαριεντίσηται,
1909 481 2049 553 μᾶλ-

466 577 557 631 λον
584 576 858 648 ἐλύπησεν
886 577 918 647 ἦ
947 576 1176 647 ὤνησεν·
1227 575 1370 630 ὥστε
1417 575 1697 646 πανταχοῦ
1758 574 1934 646 μέτρα
1969 572 2053 627 δεῖ

467 667 631 725 εἶναι.
666 670 821 740 Μήτε
858 669 1110 741 κατηφὴς
1126 668 1217 722 ἔσο
1239 669 1333 723 καὶ
1365 667 1710 742 σκυθρωπός·
1738 665 1901 738 ἀηδὲς
1916 664 2047 736 γάρ·

468 761 605 831 μήτε
630 759 1039 830 διακεχυμένος·
1100 759 1580 830 εὐκαταφρόνητον
1611 759 1721 830 γὰρ
1742 758 1838 812 zeal
1872 773 2050 810 πεπα-

463 852 715 923 τημένον·
742 852 860 906 ἀλλ’
888 851 1151 924 ἐκατέρου
1184 852 1283 923 τὴν
1319 849 1519 922 ἀρετὴν
1551 847 1753 913 λαϐὼν,
1819 846 1918 920 τὴν
1940 864 2049 901 σκα-

463 945 589 999 κίαν
619 943 770 1017 [408]
803 943 963 1013 φύγε,
995 944 1250 1016 καθάπερ
1284 944 1317 1014 ή
1340 944 1566 1014 μέλιττα
1586 942 1681 996 τοῦ
1709 941 1809 1013 μέν
1829 941 1891 995 τὸ
1918 954 2069 1010 φαι-“

463 1034 612 1106 δρὸν,
662 1033 755 1087 τοῦ
786 1034 843 1088 δὲ
871 1034 930 1088 τὸ
961 1035 1178 1105 σεμνόν.
1227 1034 1292 1087 Εἰ
1335 1034 1444 1106 γάρ
1479 1033 1663 1105 ἰατρὸς
1696 1033 1794 1103 οὐχ
1844 1030 2050 1101 ὁμοίως

463 1128 601 1181 πᾶσι
630 1126 894 1199 χρήσεται
914 1126 1027 1189 τοῖς
1060 1124 1299 1195 σώμασι,
1338 1122 1519 1194 πολλῷ
1546 1121 1749 1194 μᾶλλον
1791 1121 2049 1175 ’διδάσκα-

462 1218 572 1283 λος.
606 1217 802 1271 Καίτοι
826 1216 1029 1287 μᾶλλον
1058 1216 1125 1270 ἂν
1148 1216 1215 1270 τὰ
1250 1213 1480 1286 σώματα
1518 1211 1871 1284 ἀκατάλληλα
1905 1212 2051 1283 φάρ-

468 1327 619 1380 μακα
644 1312 877 1378 ἐνέγκοι,
900 1310 933 1380 ἢ
956 1307 1102 1380 ψυχὴ
1130 1308 1311 1377 λόγον·
1344 1301 1474 1371 οἷον,
1511 1306 1793 1378 πρόσεισιν
1826 1304 2045 1375 Ἕλλην,

464 1402 561 1456 zeal
589 1401 797 1470 γίνεταί
821 1419 903 1455 σοι
933 1401 1122 1472 φίλος;
1154 1400 1320 1472 μηδὲν
1358 1396 1507 1470 αὐτῷ
1532 1397 1661 1467 περὶ
1689 1395 1881 1450 τούτου
1930 1394 2049 1448 δια-

462 1492 680 1565 λεχθῇς,
708 1493 812 1554 ἓως
841 1494 907 1546 ἂν
932 1492 1154 1562 γένηται
1182 1492 1325 1545 πάνυ
1347 1488 1518 1560 φίλος·
1538 1488 1634 1543 zeal
1654 1488 1784 1542 ὅταν
1803 1486 2047 1558 γένηται,

462 1586 667 1657 ἡρέμα.

532 1704 603 1767 γ’.
648 1699 789 1771 Ὅρα
823 1696 931 1770 γὰρ
969 1697 1065 1752 zeal
1085 1696 1114 1750 ὁ
1147 1693 1359 1759 Παῦλος
1387 1693 1549 1767 ἡνίκα
1571 1692 1652 1757 είς
1679 1691 1781 1756 τὰς
1817 1690 2050 1763 Ἀθήνας

462 1791 814 1863 παρεγένετοζ
848 1789 966 1855 πῶς
980 1791 1167 1855 αὐτοῖς
1185 1788 1475 1858 διελέγετο.
1495 1788 1609 1842 Οὐκ
1636 1781 1812 1855 εἶπεν,
1833 1782 1905 1842 Ὦ
1919 1804 2049 1858 μια-

463 1880 549 1950 ροὶ
601 1881 695 1936 καὶ
734 1881 1047 1953 παμμίαροι
1074 1898 1089 1913 ·
1130 1879 1268 1935 ἀλλά
1316 1879 1404 1948 τί;
1447 1879 1699 1949 ’Ἄνδρες
1737 1879 2046 1949 Ἀθηναῖοι,

459 1971 611 2028 κατὰ
627 1971 825 2027 πάντα
844 1972 924 2040 ὡς
942 1971 1601 2043 δεισιδαιμονεστέρους
1637 1971 1793 2043 ὑμᾶς
1831 1971 2045 2042 θεωρῶ.

458 2063 630 2118 Πάλιν
652 2064 741 2119 ὅτε
770 2063 991 2136 ὑϐρίσαι
1016 2064 1207 2136 ἐχρῆν,
1234 2064 1296 2118 οὐ
1320 2065 1702 2137 παρῃτήσατο·
1743 2064 1880 2120 ἀλλὰ
1908 2064 2049 2137 μετά

459 2156 658 2227 πολλῆς
681 2156 783 2228 τῆς
816 2156 1176 2229 σφοδρότητος
1228 2157 1381 2228 ἔλεγε
1412 2157 1490 2229 τῷ
1529 2157 1753 2230 Ἐλύμᾳ·
1794 2159 1857 2215 ’Ὠ
1891 2158 2049 2228 πλή-

452 2266 570 2319 ρης
594 2248 822 2316 παντὸς
869 2249 1057 2304 δόλου
1103 2248 1204 2304 καί
1251 2248 1458 2318 πάσης
1490 2249 1898 2320 ῥᾳδιοῳγίας,
1955 2250 2050 2305 υἱὲ

458 2340 765 2407 διαϐόλου,
792 2340 969 2409 ἐχθρὲ
999 2340 1204 2408 πάσης
1250 2340 1661 2412 δικαιοσύνης.
1694 2342 1906 2415 ’Ὠσπερ
1937 2343 2048 2417 γὰρ

459 2431 703 2493 ἐκείνους
733 2430 955 2503 ὑϐρίσαι
981 2431 1169 2496 ἀνοίας
1202 2425 1292 2503 ἦν,
1316 2430 1469 2486 οῦτω
1492 2432 1682 2489 τοῦτον
1712 2432 1788 2506 μὴ
1823 2433 2048 2506 ὑϐρίσαι

462 2521 737 2593 μαλακίας
786 2518 875 2593 ἦν.
934 2522 1126 2589 Πάλιν,
1179 2523 1439 2595 είσήχθης
1497 2524 1633 2596 πρὸς
1664 2525 1901 2597 ἄρχοντα
1958 2525 2047 2580 διὰ

460 2613 724 2682 πρᾶγμα;
754 2612 855 2677 τὰς
877 2613 1264 2683 προσηκούσας
1299 2615 1595 2688 ἀπόνειμαι
1624 2617 1813 2687 τιμάς.
1844 2617 2048 2673 Πάντα

458 2702 621 2773 ὑμῖν,
657 2706 811 2775 φησὶ,
847 2705 1168 2774 γνωριοῦσι
1215 2705 1287 2759 τὰ
1312 2699 1447 2760 ὧδε.
1497 2707 1598 2761 Διά
1633 2707 1688 2761 τί
1734 2707 1810 2780 μὴ
1847 2710 2049 2782 συνῆλ-

461 2793 572 2858 θον,
606 2794 742 2865 φησί
765 2812 779 2861 ;
823 2793 890 2847 Τί
910 2795 971 2848 δέ
1012 2796 1150 2860 ἐστι,
1192 2795 1398 2875 Πάντα
1433 2798 1578 2868 ὑμῖν
1610 2801 1931 2871 γνωριοῦσι
1973 2803 2048 2858 τὰ

456 2878 608 2948 ὧδε;
637 2886 916 2950 Τουτέστι,
940 2886 1022 2940 Ta
1043 2886 1240 2959 δεσμὰ,
1272 2890 1366 2943 zeal
1389 2888 1609 2945 τάάλλα
1630 2890 1811 2946 πάντα
1826 2891 1898 2948 τὰ
1912 2911 2045 2948 κατ·-

460 2978 654 3050 έχοντά
701 2996 790 3050 με.
852 2981 967 3035 Οὐκ
1008 2978 1079 3035 ἂν
1134 2976 1230 3036 οῦν
1281 2983 1311 3036 6
1360 2983 1798 3056 προσευχόμενος
1850 2986 2048 3053 αὐτοὺς

457 3071 612 3137 ἰδεῖν,
644 3073 673 3125 ὁ
692 3071 788 3126 zeal
816 3072 1039 3146 ἐτέρους
1063 3073 1431 3141 ἀποστέλλων,
1465 3077 1629 3141 αὐτὸς
1649 3077 1944 3151 ὑστέρησα,
1970 3080 2046 3152 μὴ

463 3161 707 3235 μεγάλης
724 3181 794 3236 με
823 3164 1164 3238 κατεχούσης
1191 3166 1459 3239 ἀνάγκης.
1486 3168 1597 3224 Kal
1624 3169 1732 3243 μὴν
1768 3170 1929 3226 τοῦτο
1949 3173 2049 3228 οὐκ

458 3246 529 3325 ἦν
567 3254 967 3324 ἐγκαλούντων.
1017 3258 1129 3312 Kal
1159 3258 1269 3330 μὴν
1297 3258 1503 3331 σφόδρα
1553 3260 1952 3330 ἐγκαλούντων.
1975 3264 2049 3318 Τὸ

460 3344 571 3416 γάρ
599 3344 792 3416 μαθεῖν
823 3347 906 3401 ὅτι
933 3347 1029 3402 zeal
1052 3351 1382 3421 πειρασμοῖς
1405 3351 1701 3424 περιέπεσε
1736 3354 1832 3408 καὶ
1849 3356 2047 3427 ήνεγκε

460 3439 749 3507 γενναίως,
797 3440 956 3494 τοῦτο
1006 3441 1373 3513 πιστουμένου
1419 3439 1487 3517 ἧν
1546 3444 1611 3499 τὸ
1664 3447 1924 3519 πρᾶγμα,
1955 3449 2050 3504 zeal

462 3531 817 3603 ἀνορθοῦντος
837 3532 937 3596 τὰς
962 3533 1186 3587 ἐκείνων
1207 3532 1406 3605 ψυχάς.

530 3622 658 3677 Σὺν
700 3623 1018 3691 Ὀνησίμῳ,
1051 3624 1205 3694 φησὶ,
1261 3623 1344 3690 τῷ
1389 3625 1675 3696 ἀγαπητῷ
1715 3630 1812 3684 καί
1854 3629 2050 3698 πιστῷ

464 3705 727 3774 ἀδελφῷ.
776 3705 1029 3773 ’Δδελφὸν
1052 3705 1145 3759 τὸν
1172 3706 1359 3760 δοῦλον
1380 3709 1409 3762 6
1434 3706 1648 3776 Παῦλός
1678 3729 1864 3780 φησιν·
1904 3714 2050 3768 είκό-

462 3813 593 3860 τιυς·
610 3797 746 3849 ὅπου
766 3812 831 3865 γε
851 3797 947 3851 zeal
969 3797 1160 3851 ἐαυτὸν
1187 3795 1373 3850 δοῦλον
1403 3799 1658 3870 ὀνομάζει
1681 3801 1791 3856 τῶν
1819 3802 2048 3859 πιστῶν.

463 3885 904 3958 Κατενέγκωμεν
955 3887 1155 3952 πάντες
1204 3886 1298 3942 τὸν
1345 3885 1538 3959 τῦφον,
1570 3893 2051 3965 καταπατήσωμεν

462 3977 563 4050 τὴν
589 3975 934 4042 ἀλαζονείαν.
970 3977 1168 4034 Δοῦλον
1196 3979 1450 4050 ὀνομάζει
1501 3980 1696 4035 ἐαυτὸν
1723 3982 1958 4048 Παῦλος,
2022 3986 2051 4038 6

462 4069 564 4141 τῆς
582 4071 730 4125 οίκου
740 4070 910 4143 μένης
932 4070 1181 4139 ἀντάξιος
1207 4071 1302 4126 zeal
1332 4072 1543 4145 μυρίων
1575 4074 1839 4146 οὐρανῶν,
1871 4076 1965 4129 zeal
1984 4077 2048 4130 σὺ

468 4163 612 4235 μέγα
650 4167 899 4236 φρονεῖςς
937 4165 966 4218 ὀ
991 4165 1170 4220 πάντα
1202 4164 1352 4234 άγων
1380 4165 1474 4219 zeal
1524 4164 1702 4239 φέρων
1727 4166 1803 4231 ὡς
1833 4167 2047 4240 ἤθελεν,

463 4258 493 4310 ὀ
513 4256 583 4313 τὰ
608 4258 851 4324 πρωτεῖα
878 4256 1019 4329 ἔχων
1050 4257 1109 4310 ἐν
1155 4259 1221 4329 τῇ
1263 4256 1512 4329 βασιλείᾳ
1555 4256 1666 4313 τῶν
1700 4258 1971 4332 οὐρανῶν,
2021 4262 2050 4314 6

465 4349 932 4419 ἐστεφανωμένος,
960 4349 1088 4412 ὁείς
1108 4346 1290 4420 τρίτον
1331 4346 1571 4403 ἀνελθὼν
1614 4347 1863 4421 οὐρανὸν,
1923 4351 2050 4415 τούς

464 4441 681 4504 δούλους
710 4440 974 4510 ἀδελφοὺς
1007 4439 1181 4507 καλεῖ,
1220 4441 1315 4494 zeal
1360 4440 1700 4506 συνδούλους.
1733 4441 1845 4496 Ποῦ
1880 4444 1914 4514 ή
1942 4460 2048 4514 μα-

465 4535 589 4601 νία;
616 4531 721 4586 ποῦ
753 4534 789 4602 ή
813 4531 1134 4597 ἀλαζονεία;
1168 4531 1355 4595 Οὕτως
1404 4531 1719 4599 ἀξιόπιστος
1750 4535 1976 4604 γέγονεν
2022 4537 2051 4589 6

480 4627 809 4697 Ὀνήσιμος,
862 4622 1012 4676 ὥστε
1063 4622 1159 4676 zeal
1213 4623 1442 4677 τοιαῦτα
1499 4624 1874 4680 πιστεύεσθαι.
1940 4627 2050 4682 Kal

466 4715 728 4785 Μάρκος,
747 4713 931 4787 φησὶν,
962 4717 995 4769 ό
1021 4713 1274 4783 ἀνεψιὸς
1301 4713 1601 4784 Βαρνάϐα,
1655 4717 1788 4786 περὶ
1811 4713 1885 4773 οὗ
1906 4717 2051 4772 ἐλαι

468 4815 597 4868 ϐετε
619 4811 893 4878 ἐντολάς·
916 4809 1176 4876 δέξασθε
1205 4810 1412 4865 αὐτόν.
1435 4810 1594 4874 Ἴσως
1625 4811 1778 4884 παρά
1799 4811 2054 4884 Βαρνάϐα

468 4905 690 4969 ἐντολὰς
718 4903 931 4959 ἔλαϐον.
967 4905 1033 4957 Ol
1060 4901 1231 4968 ὄντες
1262 4901 1332 4955 ἐκ
1361 4900 1701 4972 περιτομῆς.
1737 4903 2052 4958 Καταστέλ-

469 4996 553 5051 λει
576 4996 685 5051 τῶν
724 4996 994 5050 Ἰουδαίων
1038 4993 1102 5048 τὸ
1148 4992 1395 5065 φύσημα·
1429 4994 1645 5065 ἐπαίρει
1690 4993 1897 5048 τούτων
1949 4996 2050 5061 τὰς

471 5085 669 5156 ψυχὰς,
688 5087 769 5139 ὅτι
789 5084 957 5154 ὀλίγοι
982 5083 1080 5154 μὲν
1108 5084 1174 5137 ἐκ
1214 5080 1542 5155 περιτομῆς,
1570 5083 1620 5136 οί
1650 5082 1709 5137 δὲ
1734 5082 1950 5149 πλείους
1989 5086 2055 5139 ἐκ

471 5178 579 5230 τῶν
613 5177 803 5232 ἐθνῶν.
835 5177 1064 5242 Οἵτινες
1109 5173 1490 5246 ἐγενήθησάν
1537 5191 1659 5244 μοι,
1705 5175 1859 5248 φησὶ,
1909 5189 2056 5246 παρ-

472 5269 701 5339 ηγορία.
721 5268 1001 5323 Δείκνυσιν
1018 5267 1210 5322 ἐαυτὸν
1223 5266 1283 5319 ἐν
1295 5267 1619 5340 πειρασμοῖς
1633 5265 1762 5321 ὄντα
1776 5266 2054 5339 μεγάλοις.

476 5361 641 5413 Ὥστε
673 5358 793 5412 οὐδὲ
820 5359 979 5412 τοῦτο
1024 5357 1247 5430 μικρόν·
1298 5357 1429 5411 ὅταν
1458 5358 1585 5421 τοὺς
1642 5355 1830 5427 ἁγίους
1873 5374 2054 5430 παρα-

476 5451 731 5521 καλῶμεν
748 5451 840 5505 zeal
861 5450 1131 5522 παρουσίᾳ
1156 5448 1253 5503 zeal
1282 5448 1423 5519 λόγῳ
1452 5448 1546 5501 zeal
1567 5447 1912 5521 προσεδρείᾳ,
1928 5449 2056 5503 ὅταν

476 5541 982 5614 συγκακουχώμεθα
1015 5542 1150 5611 (τοῖς
1181 5539 1422 5610 δεσμίοις
1448 5539 1579 5612 γὰρ,
1611 5540 1797 5612 φησὶν,
1825 5539 1901 5604 ὼς
1927 5558 2055 5595 συν-

474 5635 790 5707 δεδεμένοι)·
821 5636 948 5688 ὅταν
973 5634 1042 5688 τά
1068 5632 1289 5687 ἐκείνων
1324 5633 1568 5705 ήμέτερα
1599 5632 1841 5705 ποιῶμεν
1884 5632 2053 5706 πάθη,

482 5726 576 5777 zeal
605 5726 663 5776 ἐν
693 5727 807 5785 τοῖς
841 5725 1125 5793 στεφάνοις
1164 5725 1588 5795 κοινωνήσομεν.
1625 5723 1736 5794 Οὐχ
1766 5723 2054 5796 είλκύσθης

487 5813 564 5874 τίς
595 5813 655 5865 τὸ
685 5812 893 5865 στάδιον
921 5830 937 5879 ;
983 5814 1044 5866 οὐ
1098 5813 1344 5882 καθῆκας
1388 5816 1465 5876 εἰς
1498 5813 1587 5866 τὸν
1641 5814 1860 5882 ἀγῶνα;
1893 5815 2051 5880 ἄλλος

1181 368 1237 423 s.
1273 364 1559 422 JOANNIS
1595 365 2083 422 cmusosz‘om
2126 366 2452 425 ARCHIEP.
2496 345 3070 427 CONSTANTINOP.‘

3624 368 3725 430 378

2151 483 2476 551 ἀπεδύσατο,
2502 484 2660 550 ἀλλος
2689 485 2932 541 παλαίει.
2974 483 3115 539 Ἀλλ’
3135 482 3231 539 ἐὰν
3261 481 3445 558 θέλῃς,
3479 488 3725 563 κοινωνήο

2153 592 2267 639 σεις
2295 577 2392 631 zeal
2419 578 2505 632 σύ·
2535 578 2756 650 ἄλειψον
2778 580 3007 645 ἐκεῖνον,
3051 576 3212 648 γενοῦ
3244 576 3412 632 αὐτοῦ
3461 575 3613 652 [409]
3644 599 3721 651 φι-

2150 661 2321 733 λητὴς
2378 664 2475 717 καὶ
2524 663 2869 736 σπουδαστὴς
2893 705 2910 732 ,
2987 663 3188 728 ἔξωθεν
3253 661 3454 716 ἐπιϐόα
3507 665 3725 735 μεγάλα,

2151 744 2387 816 διέγειρε
2438 746 2538 819 τὴν
2577 746 2830 813 δύναμιν,
2876 744 3100 801 ἀνακτῶ
3150 744 3250 818 τὴν
3297 744 3500 817 ψυχήν.
3553 746 3726 802 Ταῦτα

2151 829 2247 883 ἐπὶ
2272 829 2382 883 τῶν
2410 830 2586 886 ἀλλων
2613 831 2871 885 ἁπάντων
2925 829 3172 899 γίνεσθαι
3221 828 3537 883 ἀκόλουθον.
3593 830 3726 884 Παῦ-

2151 913 2244 979 λος
2274 914 2383 988 γὰρ
2429 916 2530 970 οὐκ
2560 916 2754 980 ἐδεῖτο,
2812 913 2933 969 ἀλλ’
2987 915 3233 978 ἐκείνους
3275 912 3526 985 ἐπαίρων
3584 914 3725 985 ἔλεγε

2151 996 2345 1052 ταῦτα.
2366 997 2439 1051 Σὺ
2463 997 2643 1052 τοίνυν
2667 999 2763 1052 ἐπὶ
2792 997 2902 1052 τῶν
2931 997 3108 1053 ἄλλων
3160 996 3419 1051 ἁπάντων
3442 998 3570 1061 τοὺς
3613 996 3724 1068 βου-

2153 1080 2418 1152 λομένους
2463 1079 2714 1146 κακίζειν
2759 1080 3103 1152 ἐπιστόμιζε,
3163 1078 3544 1144 κατασκεύαζε
3590 1081 3729 1152 αὐτῷ

2152 1164 2413 1235 ἐραστὰς,
2440 1165 2701 1230 ὑπόδεξαι
2751 1164 2963 1231 ἐξιόντα
3017 1164 3161 1236 μετά
3212 1163 3420 1235 πολλῆς
3449 1165 3551 1235 τῆς
3574 1164 3726 1237 θερα-

2152 1253 2336 1317 πείας·
2368 1251 2514 1307 οὕτω
2546 1252 2903 1325 κοινωνήσεις
2958 1252 3070 1305 τῶν
3102 1252 3409 1322 στεφάνων,
3464 1252 3611 1306 οῦτω
3641 1254 3729 1323 τῆς

2149 1335 2329 1407 δόξης·
2360 1334 2462 1390 κᾶν
2496 1335 2664 1408 μηδὲν
2692 1335 2879 1406 ἕτερον
2912 1335 3164 1407 ποιήσῃς,
3218 1335 3393 1406 ήσθῇς
3416 1335 3475 1388 δὲ
3503 1338 3597 1390 ἐπὶ
3627 1340 3728 1400 τοῖς

2152 1420 2489 1490 γενομένοις,
2537 1420 2632 1474 zeal
2656 1416 2830 1483 οὕτως
2871 1416 3238 1490 ἐκοινώνησας
3287 1419 3385 1489 οὐχ
3416 1418 3494 1483 ῶς
3526 1419 3725 1491 ἔτυχεν·

2152 1505 2479 1575 εἰσήνεγκας
2499 1503 2610 1575 γὰρ
2633 1505 2883 1576 ἀγάπην,
2909 1503 2972 1557 τὸ
3021 1503 3242 1558 πάντων
3268 1503 3568 1574 κεφάλαιον
3633 1504 3729 1557 τῶν

2152 1587 2398 1658 ἀγαθῶν.
2447 1589 2512 1641 El
2543 1588 2654 1660 γὰρ
2682 1588 2737 1640 οἱ
2778 1586 3061 1651 κλαίοντες
3106 1585 3325 1641 δοκοῦσι
3374 1585 3466 1640 τοῦ
3507 1586 3729 1650 πένθους

2153 1673 2454 1739 κοινωνεῖν,
2514 1670 2614 1727 zeal
2668 1670 2882 1743 μεγάλα
2944 1670 3264 1742 χαρίζονται
3293 1671 3405 1733 τοῖς
3454 1670 3728 1733 πενθοῦσι,

2152 1755 2248 1809 zeal
2278 1754 2341 1809 τὸ
2370 1753 2506 1809 πολύ
2543 1754 2647 1826 τῆς
2701 1753 2895 1825 ὀδύνης
2946 1753 3265 1825 ἀφαιροῦσι,
3318 1751 3499 1823 πολλῷ
3537 1752 3733 1824 μᾶλλον

2152 1840 2249 1895 zeal
2276 1840 2327 1895 οἱ
2360 1838 2648 1912 χαίροντες
2693 1837 2918 1908 μείζονα
2944 1836 3162 1893 ποιοῦσι
3202 1836 3302 1910 τὴν
3330 1836 3544 1909 ήδονήν.
3577 1838 3734 1890 Ὅσον

2150 1926 2264 1997 γὰρ
2295 1923 2466 1979 κακὸν
2499 1923 2561 1978 τὸ
2586 1923 2661 1995 μὴ
2675 1923 2821 1995 ἔχειν
2849 1924 2978 1987 τούς
3027 1920 3518 1993 συλλυπουμένους,
3577 1922 3732 1975 ἄκουε

2150 2006 2244 2062 τοῦ
2266 2008 2553 2079 Προφήτου
2572 2006 2844 2076 λέγοντος·
2869 2005 2980 2060 Kal
3002 2004 3294 2076 ὑπέμεινα
3311 2004 3734 2073 συλλυπούμεο

2148 2107 2284 2155 νον,
2310 2089 2411 2144 zeal
2440 2091 2555 2161 οὐκ
2580 2089 2839 2159 ὑπῆρξε.
2890 2088 2993 2143 Διά
3017 2089 3177 2143 τοῦτο
3204 2088 3299 2142 zeal
3329 2088 3544 2152 Παῦλός
3580 2104 3727 2159 φησι·

2150 2174 2389 2242 Χαίρειν
2408 2171 2559 2243 μετά
2568 2174 2918 2244 χαιρόντων,
2938 2171 3040 2227 καὶ
3070 2171 3305 2227 κλαίειν·
3319 2172 3473 2242 μετὰ
3498 2172 3735 2227 κλαιόν-

2148 2273 2289 2311 των.
2312 2254 2557 2329 Αὕξησον
2577 2256 2677 2330 τὴν
2707 2256 2923 2329 ἡδονήν·
2968 2255 3036 2311 ἂν
3059 2254 3176 2328 ίδῃς
3193 2255 3287 2309 τὸν
3325 2253 3558 2325 ἀδελφὸν
3600 2255 3734 2308 εὐδο-

2151 2340 2436 2412 κιμοῦντα,
2458 2342 2533 2415 μὴ
2558 2343 2740 2416 εῖπῃς,
2770 2340 3062 2413 Ἑκείνουή
3082 2340 3452 2412 εὐδοκίμησις,
3467 2339 3588 2410 ἐγὼ
3605 2340 3734 2403 τίνος

2149 2422 2335 2478 ἕνεκεν
2366 2423 2542 2495 χαίρω
2568 2443 2583 2493 ;
2621 2425 2723 2480 οὐκ
2750 2423 2982 2495 ἀδελφοῦ
3033 2423 3209 2479 ταῦτα
3235 2424 3303 2478 τά
3327 2423 3581 2495 ῥήματα,
3611 2421 3735 2478 ἀλλά

2149 2504 2434 2578 πολεμίου.
2472 2509 2568 2563 Ἂν
2607 2507 2791 2580 θέλῃς,
2821 2507 2924 2562 οὐκ
2974 2507 3187 2562 ἐκείνου
3224 2506 3394 2571 ἐστὶν,
3447 2505 3596 2561 ἀλλά
3627 2505 3731 2558 σοῦ·

2150 2589 2217 2643 σύ
2240 2589 2431 2659 κύριος
2460 2591 2683 2662 ποιῆσαι
2716 2589 2889 2662 αὐτὴν
2926 2588 3170 2661 μείζονα,
3185 2589 3252 2643 ἀν
3277 2586 3353 2660 μὴ
3376 2587 3634 2661 κατηφὴς
3654 2585 3734 2661 ᾗς,

2140 2671 2266 2725 »ἀλλ’
2298 2672 2492 2745 ἡσθῇς,
2523 2673 2591 2727 ἂν
2621 2672 2847 2744 φαιδρὸς
2885 2672 3041 2745 γένῃ,
3070 2672 3138 2728 ἂν
3174 2672 3592 2743 γεγανωμένος.
3636 2670 3739 2725 Καὶ

2149 2755 2232 2809 ὅτι
2250 2753 2425 2820 οὕτως
2448 2754 2561 2827 ἔχει
2584 2755 2646 2810 τὸ
2675 2756 2929 2826 πρᾶγμα,
2958 2755 3167 2813 ἐκεῖθεν
3195 2755 3372 2828 δῆλον·
3398 2757 3462 2809 Ol
3484 2752 3742 2826 φθονοῦν-

2148 2855 2241 2902 τες
2275 2839 2376 2893 οὐκ
2405 2838 2636 2902 ἐκείνοις
2666 2837 2923 2908 φθονοῦσι
2959 2838 3145 2910 μόνοις
3192 2841 3307 2903 τοῖς
3334 2836 3739 2910 εὐδοκιμοῦσιν,

2150 2921 2289 2976 ἀλλὰ
2309 2922 2406 2976 zeal
2430 2925 2543 2988 τοῖς
2572 2925 2697 2988 ταῖς
2728 2923 2958 2978 ἐκείνων
3005 2923 3393 2995 εὐδοκιμήσεσι
3430 2922 3737 2994 χαίρουσιν*

2149 3006 2325 3072 οὔτως
2352 3007 2533 3061 ῖσασιν
2566 3008 2652 3064 δτι
2677 3006 2774 3062 καὶ
2806 2998 2957 3061 οῦτοι
2995 3006 3055 3060 ἐν
3105 3008 3173 3078 τῇ
3203 3005 3567 3078 εὐδοκιμήσει
3614 3005 3740 3070 εἰσὶ,

2150 3090 2249 3145 zeal
2285 3083 2430 3145 οῦτοι
2489 3091 2729 3162 μάλιστά
2767 3091 2908 3145 είσιν
2949 3091 2999 3144 οἱ
3046 3090 3457 3163 σεμνυνόμενοι.
3501 3091 3742 3153 Ἐκεῖνος

2142 3173 2254 3244 ,μὲν
2280 3174 2388 3246 γὰρ
2410 3174 2506 3228 καὶ
2528 3174 2758 3247 ἐρυθριᾷ
2788 3174 2991 3247 σφόδρα
3041 3173 3555 3246 ἐγκωμιαζόμενος·
3592 3169 3748 3236 οὗτος

2144 3259 2208 3313 δὲ
2264 3258 2403 3330 μετά
2451 3257 2654 3331 πολλῆς
2696 3259 2797 3330 τῆς
2839 3258 3034 3332 ήδονῆς
3085 3256 3575 3329 ἐγκαλλωπίζεται.
3636 3257 3749 3329 Οὐχ

2150 3347 2314 3417 ὁρᾶτε
2341 3346 2435 3400 ἐπὶ
2465 3346 2577 3400 τῶν
2605 3345 2857 3418 ἀθλητῶν
2898 3345 3016 3410 πῶς
3041 3346 3073 3399 6
3124 3347 3223 3418 μὲν
3273 3343 3670 3415 στεφανοῦται,
3724 3346 3752 3398 ὁ

2149 3432 2208 3487 δὲ
2234 3434 2294 3488 οὐ
2322 3432 2723 3504 στεφανοῦταις
2772 3435 2807 3506 ή
2853 3432 2913 3488 δέ
2941 3433 3103 3506 ὀδύνη
3155 3435 3252 3489 zeal
3284 3433 3429 3507 χαρὰ
3465 3433 3589 3487 τῶν
3618 3434 3751 3505 ἐραν

2153 3523 2294 3576 στῶν
2344 3523 2462 3577 ἐστι
2514 3522 2609 3576 καὶ
2666 3522 2775 3577 τῶν
2831 3521 3152 3594 μισούντων·
3215 3522 3414 3576 ἐκεῖνοι
3471 3520 3749 3593 πηδῶσιν,

2151 3611 2353 3665 ἐκεῖνοι
2395 3610 2710 3682 σκιρτῶσιν.
2769 3609 2910 3681 Ὅρα
2957 3608 3124 3664 πόσον
3177 3610 3298 3663 ἐστὶ
3351 3608 3413 3662 τὸ
3462 3609 3547 3682 μὴ
3624 3608 3753 3679 epeo-

2151 3701 2283 3754 νεῖν·
2335 3699 2523 3771 ἐτέρου
2571 3700 2601 3753 6
2642 3699 2824 3763 πόνος,
2857 3697 3077 3765 καιροῦ
3102 3699 3139 3770 ἡ
3186 3697 3374 3770 ἡδονή·
3435 3697 3639 3769 ἕτερος
3663 3696 3753 3750 τὸν

2154 3787 2418 3858 στέφανον
2448 3786 2777 3858 περίκειται,
2816 3786 2909 3840 zeal
2950 3787 3014 3840 σὺ
3071 3787 3317 3858 σκιρτᾷς,
3355 3783 3753 3861 σύθέγκαλλω-

2151 3872 2307 3943 πίζῃ.
2343 3870 2480 3924 Είπέ
2509 3870 2619 3943 γάρ
2650 3887 2763 3942 μοι,
2795 3869 2955 3934 ἀλλος
3003 3869 3277 3940 νενίκηκε,
3331 3869 3398 3922 σὺ
3437 3866 3493 3922 τί
3535 3867 3753 3940 πηδᾷςς

2164 3958 2306 4012 Ἀλλ’
2341 3958 2487 4012 ῖσασι
2515 3958 2760 4012 κάκεῖνοι
2786 3956 2987 4022 καλῶς,
3019 3958 3102 4011 δτι
3127 3956 3308 4010 κοινὸν
3335 3956 3398 4009 τὸ
3421 3957 3755 4027 γενόμενον.

2151 4046 2255 4100 Διά
2272 4044 2430 4100 τοῦτο
2454 4044 2627 4115 τούτῳ
2655 4045 2756 4116 μὲν
2791 4045 2893 4098 οὐκ
2920 4042 3244 4114 ἐγκαλοῦσιν
3289 4045 3339 4097 οἱ
3392 4042 3754 4113 φθονοῦντες,

2153 4131 2453 4205 πειρῶνται
2505 4131 2563 4186 δὲ
2601 4130 2962 4187 καταϐάλλειν
2982 4131 3081 4202 τὴν
3130 4130 3309 4199 νίκην·
3361 4130 3458 4184 καὶ
3526 4129 3759 4192 ἀκούεις

2154 4222 2376 4292 ῥήματα
2403 4217 2629 4273 τοιαῦτα
2656 4219 2922 4288 λεγόντων
2949 4217 3128 4272 αὐτῶν
3148 4233 3164 4249 ·
3183 4217 3477 4288 Ἐξήλειψά
3513 4230 3605 4281 σε,
3637 4219 3754 4279 καὶ,

2154 4307 2472 4363 Κατέϐαλόν
2499 4324 2578 4362 σε·
2604 4307 2784 4363 καίτοι
2834 4324 2901 4378 γε
2947 4306 3138 4379 ἐτέρου
3180 4308 3241 4360 τὸ
3267 4306 3450 4379 ἔργον,
3492 4307 3648 4361 ἀλλά
3698 4306 3762 4359 τὸ

2154 4395 2428 4468 ἐγκώμιον
2477 4396 2589 4451 σόν.
2617 4398 2681 4450 El
2714 4396 2773 4449 δέ
2802 4397 2861 4450 ἐν
2887 4398 2999 4460 τοῖς
3022 4394 3222 4461 ἔξωθεν
3250 4393 3514 4451 τοσοῦτον
3543 4394 3761 4464 ἀγαθὸν

2152 4487 2216 4542 τὸ
2249 4486 2325 4559 μὴ
2349 4486 2586 4558 φθονεῖν,
2644 4486 2762 4541 ἀλλ’
2798 4485 3131 4541 οἰκειοῦσθαι
3173 4484 3241 4539 τὰ
3290 4486 3487 4557 ἐτέρου
3541 4484 3761 4555 ἀγαθά,

2154 4574 2335 4646 πολλῷ
2365 4575 2567 4647 μᾶλλον
2603 4575 2697 4629 ἐπὶ
2725 4578 2792 4647 τῇ
2816 4574 2942 4646 νίκῃ
2987 4574 3085 4630 τοῦ
3126 4573 3397 4628 διαϐόλου·
3453 4574 3590 4628 τότε
3650 4573 3765 4643 γὰρ

2157 4664 2279 4718 καθ’
2311 4663 2467 4736 ήμῶν
2486 4663 2649 4717 πλέον
2674 4665 2819 4728 πνεῖ,
2845 4662 3089 4734 δηλονότι
3129 4661 3206 4726 ὡς
3246 4660 3410 4715 πλέον
3438 4661 3766 4733 ἡδομένων.

2154 4752 2350 4806 Καίτοι
2377 4769 2441 4820 γε
2471 4750 2666 4823 μιαρὸς
2704 4749 2783 4804 ὣν
2807 4745 2947 4804 οἶδεν
2968 4749 3213 4822 ἀκριϐῶς
3236 4750 3320 4804 δτι
3353 4749 3581 4822 μεγάλη
3616 4748 3770 4818 αῦτη

2152 4837 2187 4907 ή
2213 4835 2394 4907 ἡδονή.
2426 4834 2615 4898 Θέλεις
2637 4833 2801 4889 αὐτὸν
2824 4835 3101 4907 λυπῆσαι;
3150 4833 3351 4906 ήσθητι
3378 4833 3475 4888 καὶ
3520 4834 3768 4906 χάρηθι.

2153 4921 2344 4986 Θέλεις
2372 4922 2534 4978 αὐτὸν
2559 4921 2857 4991 εὐφρᾶναι;
2915 4920 3240 4994 σκυθρωπὸς
3291 4919 3473 4991 γενοῦ·
3531 4923 3650 4991 τὴν
3703 4922 3773 4973 ἐκ

2154 5013 2253 5083 τῆς
2280 5010 2437 5081 νίκης
2495 5008 2588 5064 τοῦ
2623 5008 2854 5080 ἀδελφοῦ
2883 5009 3183 5081 γενομένην
3219 5007 3372 5080 αὐτῷ
3399 5007 3601 5079 λύπην
3642 5009 3777 5060 ἐπι·

2155 5098 2433 5169 κουφίζεις
2455 5098 2543 5152 διά
2572 5099 2674 5170 τῆς
2695 5099 2795 5170 σῆς
2816 5096 3075 5168 ἀθυμίας·
3128 5099 3248 5169 μετ’
3274 5097 3487 5152 ἐκείνου
3530 5097 3781 5151 ῖσυτασαι

2154 5188 2506 5261 ἀποσχισθεὶς
2531 5186 2626 5241 τοῦ
2653 5186 2904 5257 ἀδελφοῦ·
2931 5180 3172 5259 μεῖζονῆ
3199 5188 3404 5250 ἐκεῖνος
3432 5188 3639 5251 ποιεῖς
3672 5203 3781 5239 κα-

2156 5280 2269 5333 κόν.
2304 5278 2381 5331 οὐ
2411 5277 2519 5349 γάρ
2552 5277 2698 5347 ἐστιν
2747 5275 2862 5330 ῖσον
2898 5273 3094 5347 ἐχθρὸν
3128 5274 3259 5329 ὄντα
3284 5273 3354 5328 τά
3377 5271 3490 5327 τῶν
3539 5273 3786 5344 ἐχθρῶν

2157 5369 2353 5434 ποιεῖν,
2385 5366 2480 5420 zeal
2510 5361 2664 5437 [HO]
2699 5362 2855 5432 φίλον
2896 5360 3026 5416 ὄντα
3052 5361 3191 5431 μετὰ
3208 5360 3317 5415 τῶν
3344 5358 3574 5431 ἐχθρῶν
3612 5361 3787 5413 ι’στα-

2158 5451 2302 5505 σθαι·
2342 5444 2500 5514 οῦτος
2520 5448 2631 5501 τῶν
2661 5445 2871 5518 ἐχθρῶν
2896 5444 3255 5517 μιαρώτερος.
3292 5445 3356 5499 El
3378 5441 3791 5515 εὐδοκίμησεν

2157 5535 2186 5586 6
2213 5533 2460 5603 ἀδελφὸς,
2490 5531 2525 5603 ή
2561 5530 2753 5600 λέγων,
2779 5527 3274 5601 ῆέπιδεικνύμενος
3292 5540 3339 5597 ι,
3371 5525 3403 5597 ἢ
3425 5525 3788 5600 κατορθῶν,

2224 5820 2252 5848 ⁸
2274 5817 2424 5879 Marg.
2447 5812 2593 5865 Savil.
2622 5810 2964 5872 ἐπαινούμενος.
