4026 6148
348 355 457 412 377

351 473 520 526 testas
548 478 708 536 quam
744 461 914 533 juvat.
943 456 1304 528 Quamobrem
1347 463 1560 524 oportet
1589 453 1784 522 ubique
1815 465 1935 506 esse

354 561 596 616 modum.
628 556 738 613 Nec
761 556 839 610 sis
865 553 1033 608 tristis
1062 558 1118 606 et
1146 557 1302 604 torvo
1330 546 1511 610 vultu;
1555 553 1638 599 est
1680 544 1822 598 enim
1855 543 1938 596 in-

352 653 682 724 iucundum:
709 660 884 716 neque
929 641 1159 698 diﬂ'usus
1209 654 1272 695 ac
1315 637 1640 700 dissolutus;
1681 644 1764 689 est
1794 635 1936 688 enim

353 745 634 818 despectui-
661 739 988 803 obnoxium;
1032 735 1126 791 sed
1168 734 1446 802 utriusque
1471 741 1688 798 accepza
1721 730 1935 794 virtute,

355 841 480 911 fuge
504 838 707 899 vitium,
736 832 876 886 sicut
904 829 1020 898 apis
1063 825 1222 896 hujus
1247 825 1466 896 quidem
1495 821 1731 875 laztitiam
1755 830 1805 874 et
1827 819 1941 872 ala-

353 935 619 993 critatem,
643 927 786 982 illius
809 939 940 978 vero
969 934 1199 990 carpens
1223 919 1564 988 gravitatem.
1595 913 1727 968 Nam
1755 913 1798 965 si
1826 926 1939 968 me-

351 1027 505 1079 dicus
533 1037 640 1076 non
664 1019 916 1073 similiter
945 1012 1196 1070 omnibus
1225 1011 1392 1066 utitur
1407 1006 1744 1079 corporibus,
1768 1004 1939 1058 multo

351 1115 518 1185 magis
549 1110 842 1182 magister:
877 1120 1199 1178 quamquam
1232 1117 1339 1156 non
1367 1098 1740 1155 convenientia
1772 1094 1940 1150 medi-

348 1214 594 1260 camenta
625 1206 797 1272 magis
827 1199 1318 1264 tulerintcorpora,
1348 1209 1506 1263 quam
1536 1191 1712 1244 anima
1741 1201 1939 1242 sermo-

349 1315 496 1352 nem.
526 1296 682 1352 Verbi
701 1293 894 1365 gratia,
913 1290 1120 1346 accedit
1149 1287 1390 1351 Cra-cus,
1418 1293 1473 1340 et
1500 1283 1594 1339 tibi
1621 1282 1680 1336 ﬁt
1698 1278 1938 1336 amicus?

346 1391 417 1444 tle
460 1390 548 1443 illa
597 1402 655 1442 re
700 1400 820 1441 cum
852 1385 968 1453 ipso
1011 1380 1146 1435 nihil
1200 1378 1540 1440 disserueris,
1597 1373 1770 1428 donec
1814 1386 1935 1425 cum

345 1501 415 1535 eo
450 1492 622 1536 tecum
657 1492 847 1546 magna
877 1475 1034 1530 fuerit
1057 1471 1319 1536 amicitia;
1345 1478 1401 1524 et
1431 1483 1553 1522 cum
1590 1467 1770 1530 fuerit,
1809 1478 1938 1532 pau-

349 1577 523 1630 latim.

425 1669 479 1722 5.
523 1665 659 1721 Vide
685 1662 900 1734 quando
949 1659 1144 1714 Paulus
1191 1655 1330 1710 venit
1377 1653 1636 1714 Athenas,
1667 1647 1941 1721 quomodo

347 1775 475 1814 cum
499 1758 579 1812 eis
601 1753 923 1811 disserebat.
952 1751 1067 1806 Non
1095 1749 1326 1810 dicebat,
1353 1745 1400 1801 0
1430 1743 1677 1799 scelerati
1707 1741 1940 1811 etplane

344 1849 694 1906 exsecrandi!
725 1846 819 1902 sed
849 1845 1007 1916 quid?
1039 1841 1146 1896 Viri
1169 1841 1518 1902 Athenienses,
1542 1854 1627 1892 vos
1655 1853 1744 1906 per
1771 1835 1941 1888 omnia

344 1944 493 1996 video
520 1957 624 1996 esse
652 1951 907 2010 tamquam
929 1935 1376 2007 superstitiosiores
1401 1933 1538 2003 (Act.
1570 1933 1654 1986 l7.
1674 1927 1788 1999 2‘2).
1807 1929 1943 1983 Rur-

347 2048 445 2089 sus
475 2031 688 2103 quando
737 2029 949 2101 probris
975 2025 1256 2095 Oportebat
1297 2023 1532 2087 afﬁcere,
1578 2037 1685 2076 non
1723 2034 1941 2075 recusa-

345 2127 449 2190 vit,
501 2123 595 2178 sed
646 2137 767 2176 cum
817 2135 1006 2190 magna
1047 2117 1383 2173 vehementia
1432 2115 1645 2171 dicebat
1689 2114 1938 2184 Elymre:

352 2218 517 2273 Plcne
546 2216 684 2270 omni
726 2213 844 2268 dolo
873 2223 918 2268 et
947 2212 1084 2266 omni
1125 2210 1353 2280 fallacia,
1389 2210 1465 2278 ﬁli
1507 2208 1716 2275 diaboli,
1745 2209 1944 2261 inimice

347 2310 520 2363 omnis
547 2308 759 2380 justitite
792 2304 952 2375 (Ibid.
989 2305 1076 2358 15.
1117 2302 1229 2372 10).
1261 2301 1393 2356 Nam
1422 2301 1560 2356 sicut
1598 2299 1720 2366 illo;
1746 2298 1944 2368 probro

343 2402 606 2455 aﬁ‘eeisse
652 2398 966 2468 insipientia:
1003 2396 1225 2460 fuisset,
1275 2394 1345 2448 ita
1387 2393 1529 2446 hunc
1566 2407 1672 2446 non
1701 2390 1945 2445 affecisse

340 2495 544 2549 fuisset
570 2491 748 2562 pusilli
775 2503 829 2545 et
856 2489 1048 2558 abjecti
1083 2486 1266 2542 animi.
1297 2486 1534 2549 Rursus,
1566 2486 1629 2538 ad
1660 2485 1942 2556 magistra-

335 2597 464 2641 tmn
510 2601 569 2640 es
612 2583 875 2636 adductus
921 2590 1141 2650 propter
1184 2577 1509 2649 negotium?
1567 2576 1763 2632 exhibe
1809 2592 1944 2648 quos

336 2693 448 2747 par
477 2684 560 2730 est
607 2675 860 2728 honores.
907 2672 1113 2738 Omnia,
1162 2672 1351 2740 inquit,
1389 2686 1504 2734 qua:
1543 2670 1625 2723 hic
1666 2679 1801 2736 sunt,
1854 2685 1942 2726 vo.-

330 2770 418 2822 bis
469 2778 591 2821 nota
634 2767 841 2836 facient.
892 2762 1001 2818 Cur
1047 2779 1174 2828 non,
1229 2762 1430 2832 inquit,
1485 2761 1640 2815 simul
1681 2762 1950 2816 venerim?

332 2859 487 2928 Quid
533 2867 617 2914 est
651 2869 849 2920 autem,
897 2855 1082 2910 Omnia
1109 2853 1244 2909 vobis
1273 2865 1390 2907 nota
1433 2853 1657 2921 facient?
1700 2853 1810 2907 lloc
1836 2862 1939 2918 est,

337 2953 592 3016 vincula,
634 2960 692 3005 et
739 2950 840 3003 alia
886 2949 1065 3003 omnia
1113 2962 1232 3017 qua:
1262 2962 1348 3001 me
1389 2946 1640 3000 retinent.
1667 2943 1784 2999 Non
1812 2959 1942 3014 ergo

328 3047 436 3117 qui
481 3059 581 3099 vos
621 3053 748 3113 opto
776 3041 978 3105 videre,
1005 3048 1062 3096 et
1101 3041 1254 3095 mitto
1296 3037 1450 3106 alios,
1483 3039 1594 3107 ipse
1623 3038 1938 3102 tardassem,

327 3141 381 3194 si
421 3153 541 3192 non
576 3151 659 3190 me
689 3148 874 3204 magna
906 3133 1160 3188 retineret
1190 3131 1499 3186 necessitas.
1522 3130 1680 3199 Atqui
1703 3147 1808 3184 non
1826 3139 1942 3185 erat

324 3233 448 3287 hoc
490 3228 934 3284 insimulantium.
964 3227 1077 3281 lmo
1125 3241 1251 3281 vero
1301 3224 1454 3279 valde
1497 3225 1937 3280 insimulantium.

324 3324 571 3378 Discere
600 3321 744 3375 enim
773 3318 916 3388 quod
942 3329 998 3373 et
1025 3316 1275 3372 inciderit
1303 3318 1356 3371 in
1389 3316 1732 3384 tentationes,
1770 3326 1824 3371 et
1849 3333 1941 3372 eas

321 3414 560 3469 fortiter
589 3419 642 3466 et
667 3425 930 3481 generose
959 3409 1159 3474 tulerit,
1187 3409 1302 3479 ejus
1325 3415 1446 3462 erat
1464 3408 1552 3478 qui
1575 3409 1652 3463 rei
1681 3407 1838 3463 ﬁdem
1863 3411 1940 3461 l'a-

319 3506 545 3569 eiehat,
575 3514 631 3558 et
651 3502 889 3572 erigebat
913 3517 1100 3558 eorum
1124 3501 1352 3557 animos.

407 3597 590 3652 Pauli
629 3597 894 3650 modestia.
923 3594 1069 3650 —9.
1098 3594 1223 3651 Cum
1265 3594 1523 3660 Onesimo,
1556 3595 1745 3664 inquit,
1778 3594 1941 3648 caris-

317 3693 474 3746 simo
517 3699 566 3742 ct
595 3689 732 3755 ﬁdeli
759 3689 938 3757 fratre.
966 3688 1191 3743 Servum
1236 3689 1430 3743 Paulus
1455 3688 1580 3742 dicit
1610 3687 1862 3743 fratrem:
1888 3699 1943 3742 et

317 3782 577 3846 merito,
599 3795 721 3834 cum
748 3790 802 3834 et
833 3780 946 3849 ipse
971 3795 1030 3835 se
1047 3795 1258 3835 servum
1285 3781 1519 3836 nominet
1549 3780 1802 3835 ﬁdelium.
1839 3781 1940 3836 De-

315 3879 657 3946 primamus
683 3886 869 3925 omnes
896 3870 1114 3939 fastum,
1135 3873 1508 3928 eoneulcemus
1530 3873 1888 3944 arrogantiam
1922 3890 1938 3928 :

307 3979 574 4022 servum
605 3978 664 4018 se
695 3964 933 4018 nominat
959 3964 1171 4029 Paulus,
1206 3965 1293 4035 qui
1339 3975 1421 4020 est
1466 3968 1634 4022 instar
1661 3966 1806 4020 orbis
1832 3976 1940 4021 ter-

306 4073 528 4113 rarum
567 4063 622 4110 et
647 4055 897 4110 caelorum
917 4055 1401 4122 innumerabilium,
1427 4066 1481 4112 et
1505 4068 1557 4111 tu
1586 4058 1752 4112 altum
1775 4059 1941 4128 sapis?

298 4151 424 4221 Qui
473 4148 675 4204 omnia
706 4157 764 4202 ut
791 4148 1024 4215 volebat,
1055 4149 1246 4219 agebat
1272 4158 1327 4203 ct
1358 4151 1590 4215 ferebat;
1621 4151 1714 4220 qui
1757 4152 1808 4204 in
1854 4166 1942 4205 re-

295 4259 424 4315 gno
454 4241 735 4296 caelorum
767 4240 966 4308 primas
997 4241 1230 4307 tenebat,
1264 4241 1354 4310 qui
1385 4241 1480 4294 fuit
1507 4251 1816 4308 coronatus,
1851 4243 1941 4312 qui

294 4341 361 4394 in
413 4335 663 4392 tertium
708 4333 950 4388 ascendit
987 4334 1177 4388 cadum
1199 4375 1214 4399 ,
1251 4350 1439 4389 servos
1469 4333 1662 4391 fratres
1694 4346 1849 4391 vocat
1888 4345 1942 4392 et

293 4442 664 4487 conservos.
710 4427 813 4482 Ubi
853 4436 939 4481 est
978 4427 1222 4481 insania?
1277 4428 1364 4481 ubi
1408 4430 1749 4498 arrogantia?
1792 4431 1942 4484 Adeo

292 4524 422 4579 fide
460 4522 683 4588 dignus
713 4519 808 4574 fuit
847 4519 1171 4586 Onesimus,
1218 4529 1276 4573 ut
1320 4520 1436 4575 haec
1478 4523 1526 4574 ei
1566 4523 1936 4575 crederentur.

292 4620 401 4672 {0.
441 4615 522 4668 Et
563 4613 804 4680 Marcus,
849 4615 1040 4683 inquit,
1071 4614 1400 4669 consobrinus
1439 4613 1708 4668 Barnabw.
1739 4614 1816 4668 De
1842 4633 1939 4685 quo

280 4707 616 4779 accepistis
641 4707 880 4758 mandata
899 4722 919 4760 :
938 4707 1178 4776 suscipite
1196 4707 1364 4760 illum.
1395 4706 1646 4761 Fortasse
1678 4723 1708 4761 a
1738 4708 1937 4762 Barna-

281 4804 361 4858 ba
418 4796 711 4854 mandata
753 4805 1094 4866 acceperant.
1133 4797 1233 4864 Qui
1273 4806 1391 4851 sunt
1429 4813 1492 4851 ea:
1537 4799 1936 4852 circumcisione.

272 4887 665 4960 Comprimit
693 4896 957 4942 tumorem
977 4889 1306 4954 ludat-orum,
1333 4889 1489 4959 erigit
1509 4905 1692 4943 eorum
1711 4893 1937 4958 animos,

271 4985 448 5057 quod
483 4979 669 5052 pauci
692 4989 873 5035 essent
902 4997 969 5035 ex
991 4980 1419 5045 circumcisione,
1459 4981 1637 5050 plures
1673 4991 1846 5035 autem
1875 4998 1940 5036 ex

268 5076 607 5153 gentibus.
644 5073 736 5127 M.
768 5073 871 5140 Qui
891 5079 1116 5144 fuerunt,
1141 5075 1330 5144 inquit,
1359 5074 1484 5127 mihi
1505 5075 1706 5128 solatio.
1742 5072 1937 5129 Osten-

263 5177 364 5230 dit
395 5187 472 5228 se
503 5180 660 5224 esse
690 5165 744 5218 in
787 5167 995 5236 magnis
1041 5167 1443 5220 tentationibus.
1494 5166 1678 5233 Itaque
1722 5183 1826 5220 nou
1857 5175 1940 5221 est

263 5268 393 5324 hoc
430 5272 729 5336 parvum,
759 5259 972 5327 quando
992 5268 1209 5314 sanctos
1229 5260 1569 5314 consolamur
1587 5269 1640 5315 et
1655 5260 1938 5329 praesentia

260 5371 324 5415 ct
361 5365 678 5413 sermone
705 5359 763 5403 et
787 5349 1123 5417 assiduitate,
1148 5351 1362 5420 quando
1390 5352 1551 5406 simul
1591 5367 1712 5406 cum
1748 5353 1826 5406 eis
1855 5351 1938 5405 af-

257 5453 551 5526 ﬂigimur
577 5463 596 5500 :
623 5442 774 5497 Cum
807 5443 1002 5498 vinctis
1045 5444 1209 5508 enim,
1250 5445 1444 5515 inquit,
1479 5457 1746 5515 tamquam
1777 5445 1936 5499 simul

256 5544 450 5599 vincti
517 5531 740 5610 (Hebr.
792 5533 881 5586 l5.
923 5535 1016 5604 5):
1049 5535 1264 5598 quando
1309 5536 1518 5591 illorum
1563 5536 1937 5605 perpessiones

253 5646 511 5694 "051mg
544 5639 701 5685 csse
729 5624 995 5691 ducimus,
1019 5631 1072 5680 in
1093 5628 1307 5683 coronis
1328 5644 1539 5698 quoque
1563 5629 1692 5683 socii
1715 5631 1929 5684 erimus.

253 5732 388 5786 Non
441 5739 514 5780 es
552 5722 792 5776 tractus
818 5717 869 5770 in
899 5717 1167 5772 stadium?
1209 5736 1313 5775 non
1345 5721 1667 5776 descendisti
1712 5721 1777 5775 ad
1819 5738 1934 5776 cer-

253 5818 512 5880 tamen?
561 5811 736 5869 altus
776 5805 845 5863 ad
886 5808 1198 5866 luctandum
1228 5827 1288 5868 se
1315 5813 1483 5882 exuit,
1514 5813 1648 5869 alius
1676 5814 1923 5869 luctatur.

1248 341 1310 397 IN
1351 340 1565 397 EPIST.
1609 340 1700 396 Al)
1739 338 2015 396 COLOSS.
2057 339 2211 396 CAP.
2256 339 2345 397 ιν.
2387 341 2601 400 ΗΟΜΠ..
2644 342 2731 397 XI.

3521 357 3626 416 578

2043 450 2148 505 Sed
2179 451 2224 506 si
2251 453 2404 521 velis,
2448 464 2504 510 tu
2533 469 2744 526 quoque
2772 453 2880 508 eris
2909 455 3120 510 Sceius:
3152 474 3288 530 unge
3335 464 3480 520 illum
3511 483 3629 526 cer.

2043 549 2299 608 laturum,
2330 545 2450 611 ejus
2487 545 2562 598 sis
2604 546 2808 599 amicus
2836 553 2890 600 et
2933 549 3222 616 studiosus,
3266 553 3394 609 foris
3435 572 3626 627 magna

2044 644 2174 684 voce
2203 632 2462 697 exclama,
2495 635 2668 690 excita
2708 635 2868 702 vires,
2900 653 3084 695 recrea
3123 642 3381 698 animum.
3417 645 3541 703 [hec
3571 651 3625 707 in

2042 722 2164 776 aliis
2189 723 2435 778 omnibus
2465 725 2576 779 ﬁeri
2627 735 2710 781 est
2758 740 3197 790 consentaneum.
3246 737 3446 796 Paulus
3483 746 3628 800 enim

2044 827 2152 867 non
2198 828 2332 883 Opus
2373 813 2624 880 habebat,
2670 818 2765 873 sed
2809 820 2931 874 illos
2969 825 3208 881 excitans
3256 829 3468 888 dicebat
3513 835 3631 894 haec

2042 905 2242 960 omnia.
2275 905 2354 960 Tu
2401 922 2530 976 ergo
2559 911 2614 963 in
2642 911 2762 966 aliis
2805 915 3072 983 omnibus,
3104 934 3288 975 eorum
3323 927 3408 995 qui
3443 929 3628 986 volunt

2043 996 2369 1066 vituperare,
2416 1013 2511 1054 ora
2555 1001 2796 1071 obstrue,
2846 1021 3070 1075 procura
3121 1021 3176 1066 ut
3216 1012 3326 1069 sint
3370 1020 3459 1088 qui
3509 1038 3630 1077 eum

2042 1097 2240 1179 ament,
2297 1100 2581 1148 exeuntem
2611 1093 2932 1154 ofﬁciose-et
2961 1101 3245 1172 diligenter
3291 1086 3479 1179 excipe
3509 1131 3522 1167 :
3553 1116 3632 1170 sic
3726 1086 3734 1093 ’

2046 1178 2154 1270 eris
2217 1182 2484 1253 particeps
2529 1199 2594 1240 ac
2640 1187 2820 1244 socius
2891 1204 3249 1263 coronarum,
3302 1199 3379 1253 sic
3416 1178 3631 1270 gloriae.

2044 1269 2264 1326 Etiamsi
2293 1273 2426 1329 nihil
2477 1275 2624 1332 aliud
2661 1281 2857 1349 egeris,
2903 1281 3109 1338 hetatus
3138 1299 3197 1339 es
3223 1295 3398 1342 autem
3435 1269 3516 1345 ob
3564 1310 3626 1348 ea

2042 1378 2163 1431 quae
2198 1362 2337 1419 facta
2358 1376 2502 1433 sunt,
2532 1369 2611 1424 sic
2630 1385 2842 1441 quoque
2867 1389 2973 1428 non
3007 1391 3191 1443 parum
3221 1377 3363 1433 fuisti
3393 1382 3573 1437 socius
3613 1404 3628 1437 :

2042 1455 2268 1510 attulisti
2298 1459 2443 1513 enim
2481 1462 2782 1529 caritatem,
2829 1480 2964 1535 quae»
2997 1479 3080 1521 est
3119 1485 3326 1525 summa
3366 1473 3628 1530 bonorum
3705 1523 3707 1525 .

2044 1547 2304 1602 omnium.
2335 1549 2466 1605 Nam
2496 1552 2540 1605 si
2567 1553 2658 1622 qui
2689 1553 2839 1621 ﬁent,
2868 1556 3114 1613 videntttr
3153 1576 3273 1617 esse
3311 1562 3486 1619 luctus
3510 1583 3632 1635 par-

2044 1639 2254 1709 ticipes,
2284 1651 2340 1697 et
2368 1643 2431 1697 iis
2456 1643 2546 1713 qui
2574 1644 2758 1715 lugent
2781 1649 3003 1703 multum
3034 1651 3418 1723 gratiﬁcantur,
3443 1673 3506 1713 ac
3537 1661 3633 1714 do-

2043 1731 2175 1787 loris
2201 1734 2426 1790 multum
2451 1738 2720 1820 adimunt;
2751 1741 2918 1797 multo
2951 1746 3122 1816 magis
3163 1749 3320 1804 etiatn
3339 1753 3427 1822 qui
3447 1753 3635 1811 laetan-

2047 1836 2133 1881 tur
2162 1827 2420 1898 majorem
2447 1829 2679 1887 aﬂ‘erunt
2709 1835 3051 1905 voluptatem.
3090 1841 3359 1907 Quantum
3388 1849 3531 1902 enim
3563 1852 3635 1904 sit

2045 1920 2244 1975 malum
2271 1937 2376 1976 non
2396 1923 2592 1979 habere
2619 1927 2704 1994 qui
2732 1927 2886 1982 simul
2909 1929 3144 1998 doleant,
3169 1935 3289 1989 audi
3313 1939 3629 2007 prophetam

2044 2013 2332 2082 dicentem,
2364 2015 2432 2070 Et
2461 2020 2746 2087 exspectavi
2777 2022 2822 2074 si
2858 2023 2968 2092 quis
3009 2026 3410 2099 cataristarctur,
3440 2042 3486 2086 et
3529 2051 3632 2090 non

2046 2106 2143 2174 fuit
2187 2105 2358 2177 (Psal.
2401 2109 2490 2164 68.
2532 2110 2645 2181 21).
2689 2112 2977 2183 Propterea
3009 2117 3211 2173 Paulus
3237 2137 3450 2192 quoque
3480 2125 3627 2192 dicit,

2048 2196 2283 2254 Gaudere
2307 2217 2420 2255 cum
2450 2203 2804 2272 gaudentibus,
2838 2217 2884 2259 et
2906 2209 3028 2276 ﬂere
3053 2226 3164 2264 cum
3187 2213 3428 2281 flentibus
3454 2216 3628 2286 (Rom.

2047 2290 2134 2344 12.
2181 2290 2294 2361 l5).
2342 2294 2492 2364 Auge
2533 2294 2770 2351 lmtitiam
2813 2315 2827 2352 :
2872 2299 2916 2352 si
2972 2300 3117 2356 vides
3165 2303 3378 2358 fratrem
3429 2322 3548 2363 ese
3580 2312 3632 2364 in

2046 2383 2462 2454 existimatione,
2488 2403 2556 2443 ne
2585 2389 2804 2459 dixeris,
2838 2391 2937 2448 Est
2960 2393 3100 2450 illius
3127 2396 3264 2451 bona
3287 2399 3629 2470 existimatio,

2046 2492 2142 2531 cur
2169 2493 2269 2549 ego
2301 2480 2597 2550 gaudeam?
2624 2483 2739 2539 haec
2767 2499 2872 2540 non
2903 2495 3029 2542 sunt
3079 2491 3240 2545 verba
3291 2491 3489 2560 fratris,
3537 2497 3633 2550 ενα

2047 2571 2238 2629 hostis.
2277 2573 2335 2629 Si
2376 2575 2529 2645 velis,
2559 2592 2665 2632 non
2709 2589 2834 2634 sunt
2874 2581 3036 2648 illius,
3064 2583 3158 2640 sed
3189 2594 3313 2642 tua:
3346 2599 3429 2643 est
3458 2590 3508 2644 in
3545 2601 3632 2646 tua

2048 2675 2311 2734 potestate
2340 2683 2458 2724 eam
2504 2669 2680 2727 facere
2728 2673 3004 2743 majorem,
3048 2678 3094 2732 si
3139 2693 3246 2734 non
3277 2681 3352 2736 sis
3381 2694 3630 2751 moestus,

2046 2758 2140 2813 sed
2185 2760 2406 2830 laeteris,
2448 2762 2493 2818 si
2522 2763 2685 2820 fueris
2713 2765 2926 2833 alacris,
2960 2770 3303 2841 cxsultesque
3333 2783 3386 2829 et
3411 2777 3627 2846 gestias.

2045 2850 2199 2916 Quod
2229 2851 2331 2908 hoc
2353 2864 2530 2910 autem
2562 2857 2632 2911 ita
2663 2873 2721 2912 se
2751 2859 2962 2928 haheat,
2991 2863 3135 2918 illinc
3163 2876 3246 2919 est
3266 2872 3628 2936 perspicuum;

2045 2943 2135 3011 qui
2161 2944 2397 3000 invident
2419 2962 2524 3000 non
2559 2948 2662 3004 illis
2687 2951 2818 3005 solis
2844 2951 3101 3017 invident,
3131 2957 3220 3024 qui
3249 2957 3300 3010 in
3341 2959 3478 3014 bona
3505 2973 3631 3015 sunt

2045 3035 2461 3108 existimatione,
2494 3039 2588 3094 sed
2620 3041 2683 3094 iis
2712 3044 2871 3097 etiam
2899 3045 2987 3114 qui
3030 3045 3169 3100 bona
3199 3048 3409 3104 illorum
3441 3051 3630 3105 existi-

2047 3127 2280 3182 matione
2309 3129 2587 3184 laetantur:
2618 3132 2688 3186 ita
2719 3135 2894 3188 sciunt
2919 3136 3060 3205 quod
3097 3136 3150 3190 hi
3191 3153 3405 3209 quoque
3443 3141 3552 3196 sint
3576 3145 3630 3197 in

2046 3222 2183 3276 bona
2209 3224 2636 3292 existimatione;
2670 3235 2725 3281 ct
2743 3227 2779 3282 ii
2801 3238 2926 3282 sunt
2949 3231 3039 3300 qui
3062 3232 3292 3287 maxime
3312 3234 3624 3303 gloriantur,

2044 3313 2176 3367 Nam
2206 3314 2295 3368 ille
2323 3315 2536 3384 quidem
2563 3318 2721 3370 etiam
2749 3319 3018 3373 erubescit
3041 3335 3160 3374 cum
3183 3323 3337 3378 valde
3357 3324 3628 3381 laudatur:

2047 3405 2148 3459 iste
2172 3407 2330 3460 etiam
2353 3423 2473 3461 cum
2498 3407 2664 3462 multa
2695 3411 2964 3479 voluptate
2992 3412 3267 3481 gloriatur.
3291 3416 3408 3472 Non
3440 3419 3631 3475 videtis

2045 3497 2314 3564 quomodo
2340 3496 2660 3552 athletarum
2708 3501 2844 3556 alter
2891 3503 3107 3572 quidem
3135 3521 3444 3579 coronatur,
3493 3513 3630 3568 alter

2045 3602 2174 3640 vero
2203 3599 2315 3642 non
2330 3593 2657 3646 coronatur?
2683 3591 2838 3647 dolor
2857 3603 3036 3651 autem
3059 3610 3112 3653 et
3132 3597 3313 3655 lzetitia
3339 3613 3424 3658 est
3443 3620 3630 3660 eorum

2047 3680 2136 3749 qni
2165 3690 2349 3734 amant
2382 3691 2436 3736 et
2462 3698 2644 3736 eorum
2678 3686 2766 3754 qui
2791 3688 3057 3744 oderunt:
3084 3690 3160 3744 illi
3189 3694 3405 3760 saltant,
3431 3697 3503 3748 illi
3531 3698 3630 3748 tri-

2047 3772 2288 3840 pudiant.
2327 3773 2452 3828 Vide
2477 3785 2671 3842 quanta
2703 3793 2791 3832 res
2826 3779 2896 3832 sit
2937 3795 3040 3834 non
3087 3783 3330 3839 invidere
3364 3807 3377 3842 :
3410 3787 3630 3843 alterius

2046 3874 2127 3918 est
2159 3865 2333 3928 labor,
2367 3875 2421 3920 et
2463 3877 2550 3920 tua
2579 3878 2662 3922 est
2689 3871 2938 3940 voluptas
2971 3888 2986 3924 :
3025 3873 3179 3928 alteri
3207 3875 3499 3946 imponitur
3535 3897 3630 3935 co-

2047 3971 2198 4022 rona,
2222 3967 2276 4011 et
2308 3967 2362 4011 tu
2389 3959 2571 4026 saltas,
2600 3970 2651 4013 tu
2682 3962 2946 4029 gloriaris.
2979 3963 3227 4026 Nam,dic
3250 3969 3399 4035 mihi,
3424 3988 3628 4040 qua-so,

2046 4049 2183 4103 alius
2229 4050 2372 4117 vicit,
2428 4061 2482 4104 tu
2528 4053 2655 4122 quid
2699 4053 2898 4106 saltas?
2941 4053 3046 4108 Sed
3099 4056 3175 4109 illi
3225 4074 3438 4127 quoque
3487 4075 3631 4118 recte

2047 4142 2223 4196 sciunt
2249 4144 2389 4210 quod
2415 4157 2699 4197 commune
2727 4144 2795 4197 sit
2824 4145 2965 4214 quod
2986 4145 3185 4200 factum
3211 4159 3314 4202 est.
3341 4151 3630 4222 Propterea

2048 4232 2188 4287 hunc
2235 4233 2449 4303 quidem
2500 4250 2605 4288 non
2651 4237 2952 4305 vituperant
2992 4239 3082 4306 qui
3113 4239 3380 4308 invident;
3426 4255 3633 4302 tentant

2046 4336 2225 4380 autem
2257 4327 2558 4396 deprimere
2603 4328 2902 4394 victoriam,
2936 4339 2990 4384 et
3015 4331 3167 4386 audis
3204 4349 3298 4388 eos
3325 4334 3439 4389 hanc
3469 4340 3630 4391 verba

2047 4419 2320 4472 dicentes:
2347 4419 2420 4472 'l‘e
2467 4419 2659 4483 delevi,
2711 4429 2761 4474 te
2805 4419 2974 4490 dejeci
3010 4439 3024 4474 :
3058 4425 3265 4479 etiamsi
3313 4429 3532 4482 alterius
3561 4433 3631 4484 sit

2047 4525 2201 4580 opus,
2234 4519 2320 4564 tua
2347 4519 2522 4564 tamen
2550 4519 2632 4564 est
2661 4511 2795 4564 laus.
2824 4511 2879 4566 Si
2910 4528 3039 4583 ergo
3071 4514 3122 4567 in
3150 4519 3392 4572 externis
3427 4529 3627 4574 tantum
3647 4538 3674 4561 κ

2049 4604 2243 4657 bonum
2272 4611 2354 4656 est
2382 4617 2484 4656 non
2518 4603 2775 4669 invidere,
2819 4606 2915 4659 sed
2964 4607 3188 4662 alierum
3237 4611 3373 4664 bona
3407 4613 3504 4666 sibi
3537 4631 3630 4665 nt:-

2047 4694 2388 4750 eutnmodare
2414 4704 2467 4749 et
2496 4711 2588 4748 sua
2619 4695 2835 4762 ducere,
2862 4698 3029 4753 multo
3061 4702 3227 4770 magis
3266 4704 3315 4756 in
3358 4715 3537 4758 nostra
3566 4707 3631 4760 de

2046 4787 2259 4842 diabolo
2291 4789 2540 4852 victoria;
2567 4796 2692 4842 tunc
2715 4788 2804 4844 ille
2829 4791 2998 4860 magis
3027 4806 3208 4846 contra
3244 4811 3338 4847 nos
3365 4800 3551 4864 spirat,
3577 4807 3631 4849 ut

2046 4880 2134 4949 qui
2156 4879 2325 4950 magis
2362 4881 2624 4934 laetemur.
2658 4882 2771 4936 Etsi
2811 4892 2892 4936 est
2921 4886 3235 4950 sceleratus,
3263 4899 3452 4942 exacte
3483 4893 3630 4944 novit

2048 4972 2184 5026 hanc
2210 4987 2452 5042 magnam
2479 4989 2600 5028 esse
2620 4975 2968 5044 voluptatem.
3003 4977 3092 5031 Vis
3120 4993 3239 5030 eum
3269 4981 3514 5035 molestia
3545 4987 3628 5037 af-

2047 5067 2240 5120 ﬁcere?
2277 5067 2448 5136 gaude
2490 5077 2546 5122 et
2574 5067 2775 5122 laetare.
2833 5069 2921 5122 Vis
2964 5085 3085 5124 eum
3141 5069 3472 5129 exhilarare?
3513 5086 3629 5131 esto

2047 5165 2234 5219 tristis.
2266 5166 2514 5219 Dolorem
2543 5169 2629 5235 qui
2661 5183 2724 5220 ex
2754 5166 2974 5220 victoria
3005 5166 3184 5222 fratris
3222 5171 3270 5223 ei
3302 5171 3516 5238 accidit,
3550 5173 3627 5227 lc—

2045 5274 2137 5313 vas
2187 5275 2282 5328 per
2329 5269 2472 5312 tuant
2517 5259 2681 5312 animi
2727 5261 3279 5329 a-gritttdineni:cum
3329 5265 3417 5317 ill.)
3456 5275 3567 5320 stas
3597 5285 3626 5319 ιι

2045 5350 2211 5405 fratre
2240 5351 2541 5405 abscissus:
2567 5351 2739 5419 majus
2785 5369 2943 5420 quatn
2987 5353 3078 5408 ille
3104 5358 3299 5408 tnalum
3329 5356 3478 5412 facis.
3510 5358 3625 5412 Non

2044 5455 2166 5497 sunt
2192 5445 2330 5498 enim
2359 5444 2526 5512 paria,
2557 5459 2678 5498 cum
2706 5445 2779 5499 sis
2809 5445 3076 5511 inimicus,
3119 5446 3294 5502 facere
3339 5466 3457 5518 qua:
3505 5459 3630 5504 sunt

2043 5536 2406 5603 inimicorum,
2437 5549 2488 5591 et
2519 5552 2638 5590 cum
2663 5538 2737 5591 sis
2764 5539 2986 5601 amicus,
3016 5550 3157 5594 stare
3199 5557 3318 5595 cum
3354 5543 3581 5596 inimicis
3612 5564 3624 5598 :

2043 5627 2145 5681 iste
2185 5635 2267 5681 est
2307 5627 2538 5682 inimicis
2580 5628 2728 5696 pejor
2755 5637 2808 5682 et
2854 5631 3185 5685 sceleratior.
3236 5633 3291 5686 Si
3325 5631 3490 5687 frater
3525 5635 3626 5688 sibi

2041 5719 2233 5773 bonam
2263 5719 2469 5788 paravit
2489 5722 2958 5786 existimationem,
2988 5724 3070 5778 vel
3103 5725 3226 5779 dum
3255 5726 3507 5794 loquitur,
3545 5730 3623 5783 vel

2046 5812 2169 5866 dum
2221 5820 2368 5881 utut,
2427 5816 2505 5872 vel
2553 5813 2748 5884 aiiquid
2795 5824 2941 5872 recte
2988 5817 3146 5887 gerit,
3197 5827 3313 5874 eJo
3364 5821 3621 5889 partim-ps
