  <div class='ocr_page' id='page_1' title='image "/cluster/home/n/w/nwhite01/storage/ocr_20150623/62/mdp.39015008622626/385.png"; bbox 0 0 4026 6148; ppageno 0'>
   <div class='ocr_carea' id='block_1_1' title="bbox 400 320 505 376">
    <p class='ocr_par' dir='ltr' id='par_1_1' title="bbox 400 320 505 376">
     <span class='ocr_line' id='line_1_1' title="bbox 400 320 505 376; baseline -0.019 0"><span class='ocrx_word' id='word_1_1' title='bbox 400 320 505 376; x_wconf 76' lang='lat'><strong>579</strong></span> 
     </span>
    </p>
   </div>
   <div class='ocr_carea' id='block_1_2' title="bbox 401 422 1981 491">
    <p class='ocr_par' dir='ltr' id='par_1_2' title="bbox 401 422 1981 491">
     <span class='ocr_line' id='line_1_2' title="bbox 401 422 1981 491; baseline -0.011 0"><span class='ocrx_word' id='word_1_2' title='bbox 401 436 574 491; x_wconf 84' lang='lat' dir='ltr'><strong>laudis</strong></span> <span class='ocrx_word' id='word_1_3' title='bbox 616 444 671 489; x_wconf 90' lang='lat' dir='ltr'><strong>et</strong></span> <span class='ocrx_word' id='word_1_4' title='bbox 716 435 869 489; x_wconf 62' lang='lat' dir='ltr'><strong>bona:</strong></span> <span class='ocrx_word' id='word_1_5' title='bbox 919 427 1370 490; x_wconf 87' lang='lat' dir='ltr'><strong>existimationis,</strong></span> <span class='ocrx_word' id='word_1_6' title='bbox 1419 422 1642 478; x_wconf 89' lang='lat' dir='ltr'><strong>ostende</strong></span> <span class='ocrx_word' id='word_1_7' title='bbox 1688 436 1809 478; x_wconf 90' lang='lat' dir='ltr'><strong>eum</strong></span> <span class='ocrx_word' id='word_1_8' title='bbox 1862 432 1981 475; x_wconf 85' lang='lat' dir='ltr'><strong>esse</strong></span> 
     </span>
    </p>
   </div>
   <div class='ocr_carea' id='block_1_3' title="bbox 405 525 901 582">
    <p class='ocr_par' dir='ltr' id='par_1_3' title="bbox 405 525 901 582">
     <span class='ocr_line' id='line_1_3' title="bbox 405 525 901 582; baseline -0.014 -1"><span class='ocrx_word' id='word_1_9' title='bbox 405 540 551 582; x_wconf 88' lang='lat' dir='ltr'><strong>tuum</strong></span> <span class='ocrx_word' id='word_1_10' title='bbox 583 525 901 581; x_wconf 81' lang='lat' dir='ltr'><strong>membrum.</strong></span> 
     </span>
    </p>
   </div>
   <div class='ocr_carea' id='block_1_4' title="bbox 476 600 1982 683">
    <p class='ocr_par' dir='ltr' id='par_1_4' title="bbox 476 600 1982 683">
     <span class='ocr_line' id='line_1_4' title="bbox 476 600 1982 683; baseline -0.013 -12"><span class='ocrx_word' id='word_1_11' title='bbox 476 619 531 670; x_wconf 73' lang='grc' dir='ltr'><strong>οἱ.</strong></span> <span class='ocrx_word' id='word_1_12' title='bbox 566 615 830 683; x_wconf 81' lang='lat' dir='ltr'><strong>Quomodo</strong></span> <span class='ocrx_word' id='word_1_13' title='bbox 857 628 969 665; x_wconf 87' lang='lat' dir='ltr'><strong>cum</strong></span> <span class='ocrx_word' id='word_1_14' title='bbox 1001 608 1216 663; x_wconf 79' lang='lat' dir='ltr'><strong>inimicis</strong></span> <span class='ocrx_word' id='word_1_15' title='bbox 1238 605 1585 677; x_wconf 67' lang='lat' dir='ltr'><strong>agendum—</strong></span> <span class='ocrx_word' id='word_1_16' title='bbox 1606 603 1672 657; x_wconf 83' lang='lat' dir='ltr'><strong>Et</strong></span> <span class='ocrx_word' id='word_1_17' title='bbox 1694 600 1982 672; x_wconf 87' lang='lat' dir='ltr'><strong>quomodo,</strong></span> 
     </span>
    </p>
   </div>
   <div class='ocr_carea' id='block_1_5' title="bbox 401 692 1983 778">
    <p class='ocr_par' dir='ltr' id='par_1_5' title="bbox 401 692 1983 778">
     <span class='ocr_line' id='line_1_5' title="bbox 401 692 1983 778; baseline -0.012 -15"><span class='ocrx_word' id='word_1_18' title='bbox 401 708 645 778; x_wconf 82' lang='lat' dir='ltr'><strong>ait?egn</strong></span> <span class='ocrx_word' id='word_1_19' title='bbox 685 708 825 761; x_wconf 90' lang='lat' dir='ltr'><strong>enim</strong></span> <span class='ocrx_word' id='word_1_20' title='bbox 871 718 977 758; x_wconf 91' lang='lat' dir='ltr'><strong>non</strong></span> <span class='ocrx_word' id='word_1_21' title='bbox 1006 716 1123 755; x_wconf 85' lang='lat' dir='ltr'><strong>sum</strong></span> <span class='ocrx_word' id='word_1_22' title='bbox 1155 700 1350 754; x_wconf 87' lang='lat' dir='ltr'><strong>bonam</strong></span> <span class='ocrx_word' id='word_1_23' title='bbox 1390 704 1711 765; x_wconf 89' lang='lat' dir='ltr'><strong>assequutus</strong></span> <span class='ocrx_word' id='word_1_24' title='bbox 1763 692 1983 747; x_wconf 81' lang='lat' dir='ltr'><strong>famam.</strong></span> 
     </span>
    </p>
   </div>
   <div class='ocr_carea' id='block_1_6' title="bbox 402 784 1989 858">
    <p class='ocr_par' dir='ltr' id='par_1_6' title="bbox 402 784 1989 858">
     <span class='ocr_line' id='line_1_6' title="bbox 402 784 1989 858; baseline -0.01 -5"><span class='ocrx_word' id='word_1_25' title='bbox 402 798 479 853; x_wconf 83' lang='lat' dir='ltr'><strong>Ne</strong></span> <span class='ocrx_word' id='word_1_26' title='bbox 497 798 595 853; x_wconf 87' lang='lat' dir='ltr'><strong>hoc</strong></span> <span class='ocrx_word' id='word_1_27' title='bbox 625 796 842 850; x_wconf 86' lang='lat' dir='ltr'><strong>verbum</strong></span> <span class='ocrx_word' id='word_1_28' title='bbox 865 794 1087 858; x_wconf 79' lang='lat' dir='ltr'><strong>dixeris,</strong></span> <span class='ocrx_word' id='word_1_29' title='bbox 1114 791 1252 845; x_wconf 91' lang='lat' dir='ltr'><strong>labia</strong></span> <span class='ocrx_word' id='word_1_30' title='bbox 1280 787 1596 857; x_wconf 84' lang='lat' dir='ltr'><strong>comprime.</strong></span> <span class='ocrx_word' id='word_1_31' title='bbox 1626 784 1682 839; x_wconf 93' lang='lat' dir='ltr'><strong>Si</strong></span> <span class='ocrx_word' id='word_1_32' title='bbox 1713 797 1876 855; x_wconf 88' lang='lat' dir='ltr'><strong>prope</strong></span> <span class='ocrx_word' id='word_1_33' title='bbox 1903 796 1989 837; x_wconf 88' lang='lat' dir='ltr'><strong>me</strong></span> 
     </span>
    </p>
   </div>
   <div class='ocr_carea' id='block_1_7' title="bbox 403 873 1986 958">
    <p class='ocr_par' dir='ltr' id='par_1_7' title="bbox 403 873 1986 958">
     <span class='ocr_line' id='line_1_7' title="bbox 403 873 1986 958; baseline -0.012 -14"><span class='ocrx_word' id='word_1_34' title='bbox 403 904 551 944; x_wconf 83' lang='lat' dir='ltr'><strong>esses</strong></span> <span class='ocrx_word' id='word_1_35' title='bbox 584 898 636 941; x_wconf 90' lang='lat' dir='ltr'><strong>tu</strong></span> <span class='ocrx_word' id='word_1_36' title='bbox 668 888 758 958; x_wconf 92' lang='lat' dir='ltr'><strong>qni</strong></span> <span class='ocrx_word' id='word_1_37' title='bbox 815 886 931 941; x_wconf 75' lang='lat' dir='ltr'><strong>Ita-c</strong></span> <span class='ocrx_word' id='word_1_38' title='bbox 963 882 1221 955; x_wconf 87' lang='lat' dir='ltr'><strong>loqueris,</strong></span> <span class='ocrx_word' id='word_1_39' title='bbox 1256 880 1630 950; x_wconf 90' lang='lat' dir='ltr'><strong>imposuissem</strong></span> <span class='ocrx_word' id='word_1_40' title='bbox 1662 890 1881 931; x_wconf 86' lang='lat' dir='ltr'><strong>manum</strong></span> <span class='ocrx_word' id='word_1_41' title='bbox 1904 873 1986 927; x_wconf 88' lang='lat' dir='ltr'><strong>la-</strong></span> 
     </span>
    </p>
   </div>
   <div class='ocr_carea' id='block_1_8' title="bbox 402 966 1987 1042">
    <p class='ocr_par' dir='ltr' id='par_1_8' title="bbox 402 966 1987 1042">
     <span class='ocr_line' id='line_1_8' title="bbox 402 966 1987 1042; baseline -0.011 -9"><span class='ocrx_word' id='word_1_42' title='bbox 402 979 515 1034; x_wconf 89' lang='lat' dir='ltr'><strong>bris</strong></span> <span class='ocrx_word' id='word_1_43' title='bbox 542 978 667 1042; x_wconf 90' lang='lat' dir='ltr'><strong>tuis,</strong></span> <span class='ocrx_word' id='word_1_44' title='bbox 700 993 766 1031; x_wconf 89' lang='lat' dir='ltr'><strong>ne</strong></span> <span class='ocrx_word' id='word_1_45' title='bbox 808 975 1017 1031; x_wconf 91' lang='lat' dir='ltr'><strong>audiret</strong></span> <span class='ocrx_word' id='word_1_46' title='bbox 1046 974 1317 1028; x_wconf 90' lang='lat' dir='ltr'><strong>inimicus.</strong></span> <span class='ocrx_word' id='word_1_47' title='bbox 1345 971 1502 1040; x_wconf 64' lang='lat' dir='ltr'><strong>Stepe</strong></span> <span class='ocrx_word' id='word_1_48' title='bbox 1525 970 1663 1024; x_wconf 89' lang='lat' dir='ltr'><strong>inter</strong></span> <span class='ocrx_word' id='word_1_49' title='bbox 1692 981 1788 1025; x_wconf 91' lang='lat' dir='ltr'><strong>nos</strong></span> <span class='ocrx_word' id='word_1_50' title='bbox 1815 966 1987 1018; x_wconf 85' lang='lat' dir='ltr'><strong>inter-</strong></span> 
     </span>
    </p>
   </div>
   <div class='ocr_carea' id='block_1_9' title="bbox 404 1060 1989 1133">
    <p class='ocr_par' dir='ltr' id='par_1_9' title="bbox 404 1060 1989 1133">
     <span class='ocr_line' id='line_1_9' title="bbox 404 1060 1989 1133; baseline -0.013 -7"><span class='ocrx_word' id='word_1_51' title='bbox 404 1071 601 1126; x_wconf 90' lang='lat' dir='ltr'><strong>cedunt</strong></span> <span class='ocrx_word' id='word_1_52' title='bbox 628 1069 939 1133; x_wconf 72' lang='lat' dir='ltr'><strong>inimicitize,</strong></span> <span class='ocrx_word' id='word_1_53' title='bbox 969 1076 1024 1123; x_wconf 88' lang='lat' dir='ltr'><strong>et</strong></span> <span class='ocrx_word' id='word_1_54' title='bbox 1046 1065 1274 1121; x_wconf 90' lang='lat' dir='ltr'><strong>inimicis</strong></span> <span class='ocrx_word' id='word_1_55' title='bbox 1295 1077 1401 1117; x_wconf 94' lang='lat' dir='ltr'><strong>non</strong></span> <span class='ocrx_word' id='word_1_56' title='bbox 1422 1060 1789 1116; x_wconf 84' lang='lat' dir='ltr'><strong>ostendimus:</strong></span> <span class='ocrx_word' id='word_1_57' title='bbox 1821 1065 1876 1110; x_wconf 87' lang='lat' dir='ltr'><strong>ttt</strong></span> <span class='ocrx_word' id='word_1_58' title='bbox 1898 1070 1989 1106; x_wconf 88' lang='lat' dir='ltr'><strong>ve-</strong></span> 
     </span>
    </p>
   </div>
   <div class='ocr_carea' id='block_1_10' title="bbox 405 1148 1985 1218">
    <p class='ocr_par' dir='ltr' id='par_1_10' title="bbox 405 1148 1985 1218">
     <span class='ocr_line' id='line_1_10' title="bbox 405 1148 1985 1218; baseline -0.012 0"><span class='ocrx_word' id='word_1_59' title='bbox 405 1178 467 1218; x_wconf 91' lang='lat' dir='ltr'><strong>ro</strong></span> <span class='ocrx_word' id='word_1_60' title='bbox 489 1160 727 1217; x_wconf 87' lang='lat' dir='ltr'><strong>ostendis</strong></span> <span class='ocrx_word' id='word_1_61' title='bbox 753 1160 987 1215; x_wconf 83' lang='lat' dir='ltr'><strong>diabolo.</strong></span> <span class='ocrx_word' id='word_1_62' title='bbox 1013 1158 1092 1214; x_wconf 88' lang='lat' dir='ltr'><strong>Ne</strong></span> <span class='ocrx_word' id='word_1_63' title='bbox 1116 1157 1218 1212; x_wconf 87' lang='lat' dir='ltr'><strong>hoe</strong></span> <span class='ocrx_word' id='word_1_64' title='bbox 1237 1154 1460 1218; x_wconf 79' lang='lat' dir='ltr'><strong>dixeris,</strong></span> <span class='ocrx_word' id='word_1_65' title='bbox 1485 1167 1553 1208; x_wconf 89' lang='lat' dir='ltr'><strong>ne</strong></span> <span class='ocrx_word' id='word_1_66' title='bbox 1584 1152 1685 1205; x_wconf 86' lang='lat' dir='ltr'><strong>hoc</strong></span> <span class='ocrx_word' id='word_1_67' title='bbox 1713 1148 1985 1218; x_wconf 81' lang='lat' dir='ltr'><strong>cOgitave-</strong></span> 
     </span>
    </p>
   </div>
   <div class='ocr_carea' id='block_1_11' title="bbox 407 1240 1990 1317">
    <p class='ocr_par' dir='ltr' id='par_1_11' title="bbox 407 1240 1990 1317">
     <span class='ocr_line' id='line_1_11' title="bbox 407 1240 1990 1317; baseline -0.009 -10"><span class='ocrx_word' id='word_1_68' title='bbox 407 1254 519 1317; x_wconf 88' lang='lat' dir='ltr'><strong>ris;</strong></span> <span class='ocrx_word' id='word_1_69' title='bbox 571 1251 666 1307; x_wconf 90' lang='lat' dir='ltr'><strong>sed</strong></span> <span class='ocrx_word' id='word_1_70' title='bbox 719 1263 934 1313; x_wconf 85' lang='lat' dir='ltr'><strong>contra,</strong></span> <span class='ocrx_word' id='word_1_71' title='bbox 962 1248 1059 1305; x_wconf 82' lang='lat' dir='ltr'><strong>Est</strong></span> <span class='ocrx_word' id='word_1_72' title='bbox 1102 1262 1280 1303; x_wconf 91' lang='lat' dir='ltr'><strong>meum</strong></span> <span class='ocrx_word' id='word_1_73' title='bbox 1314 1244 1653 1300; x_wconf 84' lang='lat' dir='ltr'><strong>membrum:</strong></span> <span class='ocrx_word' id='word_1_74' title='bbox 1697 1240 1762 1294; x_wconf 88' lang='lat' dir='ltr'><strong>ad</strong></span> <span class='ocrx_word' id='word_1_75' title='bbox 1793 1253 1990 1308; x_wconf 90' lang='lat' dir='ltr'><strong>corpus</strong></span> 
     </span>
    </p>
   </div>
   <div class='ocr_carea' id='block_1_12' title="bbox 409 1328 1989 1413">
    <p class='ocr_par' dir='ltr' id='par_1_12' title="bbox 409 1328 1989 1413">
     <span class='ocr_line' id='line_1_12' title="bbox 409 1328 1989 1413; baseline -0.01 -15"><span class='ocrx_word' id='word_1_76' title='bbox 409 1342 603 1398; x_wconf 86' lang='lat' dir='ltr'><strong>transit</strong></span> <span class='ocrx_word' id='word_1_77' title='bbox 629 1342 820 1413; x_wconf 92' lang='lat' dir='ltr'><strong>gloria.</strong></span> <span class='ocrx_word' id='word_1_78' title='bbox 852 1340 959 1397; x_wconf 91' lang='lat' dir='ltr'><strong>Cur</strong></span> <span class='ocrx_word' id='word_1_79' title='bbox 987 1354 1145 1410; x_wconf 87' lang='lat' dir='ltr'><strong>ergo,</strong></span> <span class='ocrx_word' id='word_1_80' title='bbox 1193 1337 1382 1408; x_wconf 82' lang='lat' dir='ltr'><strong>inquit,</strong></span> <span class='ocrx_word' id='word_1_81' title='bbox 1410 1350 1515 1390; x_wconf 85' lang='lat' dir='ltr'><strong>non</strong></span> <span class='ocrx_word' id='word_1_82' title='bbox 1545 1335 1617 1389; x_wconf 90' lang='lat' dir='ltr'><strong>ita</strong></span> <span class='ocrx_word' id='word_1_83' title='bbox 1649 1340 1773 1387; x_wconf 84' lang='lat' dir='ltr'><strong>sunt</strong></span> <span class='ocrx_word' id='word_1_84' title='bbox 1810 1328 1989 1385; x_wconf 84' lang='lat' dir='ltr'><strong>alfecti</strong></span> 
     </span>
    </p>
   </div>
   <div class='ocr_carea' id='block_1_13' title="bbox 411 1424 1983 1506">
    <p class='ocr_par' dir='ltr' id='par_1_13' title="bbox 411 1424 1983 1506">
     <span class='ocr_line' id='line_1_13' title="bbox 411 1424 1983 1506; baseline -0.005 -18"><span class='ocrx_word' id='word_1_85' title='bbox 411 1436 501 1506; x_wconf 90' lang='lat' dir='ltr'><strong>qui</strong></span> <span class='ocrx_word' id='word_1_86' title='bbox 530 1444 656 1490; x_wconf 90' lang='lat' dir='ltr'><strong>sunt</strong></span> <span class='ocrx_word' id='word_1_87' title='bbox 681 1434 849 1490; x_wconf 88' lang='lat' dir='ltr'><strong>foris?</strong></span> <span class='ocrx_word' id='word_1_88' title='bbox 873 1435 1216 1501; x_wconf 61' lang='lat' dir='ltr'><strong>Quoniam~tu</strong></span> <span class='ocrx_word' id='word_1_89' title='bbox 1246 1445 1305 1486; x_wconf 84' lang='lat' dir='ltr'><strong>es</strong></span> <span class='ocrx_word' id='word_1_90' title='bbox 1332 1445 1513 1486; x_wconf 88' lang='lat' dir='ltr'><strong>causa.</strong></span> <span class='ocrx_word' id='word_1_91' title='bbox 1536 1427 1668 1483; x_wconf 88' lang='lat' dir='ltr'><strong>Nam</strong></span> <span class='ocrx_word' id='word_1_92' title='bbox 1686 1441 1812 1482; x_wconf 86' lang='lat' dir='ltr'><strong>cum</strong></span> <span class='ocrx_word' id='word_1_93' title='bbox 1835 1424 1983 1480; x_wconf 82' lang='lat' dir='ltr'><strong>vidc-</strong></span> 
     </span>
    </p>
   </div>
   <div class='ocr_carea' id='block_1_14' title="bbox 411 1516 1991 1596">
    <p class='ocr_par' dir='ltr' id='par_1_14' title="bbox 411 1516 1991 1596">
     <span class='ocr_line' id='line_1_14' title="bbox 411 1516 1991 1596; baseline -0.006 -16"><span class='ocrx_word' id='word_1_94' title='bbox 411 1525 521 1582; x_wconf 85' lang='grc' dir='ltr'>ιῑιιι</span> <span class='ocrx_word' id='word_1_95' title='bbox 567 1535 619 1582; x_wconf 91' lang='lat' dir='ltr'><strong>te</strong></span> <span class='ocrx_word' id='word_1_96' title='bbox 673 1527 790 1596; x_wconf 90' lang='lat' dir='ltr'><strong>ejus</strong></span> <span class='ocrx_word' id='word_1_97' title='bbox 834 1526 1071 1581; x_wconf 60' lang='lat' dir='ltr'><strong>laetitiam</strong></span> <span class='ocrx_word' id='word_1_98' title='bbox 1110 1525 1338 1579; x_wconf 90' lang='lat' dir='ltr'><strong>alienam</strong></span> <span class='ocrx_word' id='word_1_99' title='bbox 1387 1535 1507 1577; x_wconf 88' lang='lat' dir='ltr'><strong>esse</strong></span> <span class='ocrx_word' id='word_1_100' title='bbox 1551 1521 1840 1583; x_wconf 87' lang='lat' dir='ltr'><strong>dicentem,</strong></span> <span class='ocrx_word' id='word_1_101' title='bbox 1890 1516 1991 1586; x_wconf 78' lang='lat' dir='ltr'><strong>ipsi</strong></span> 
     </span>
    </p>
   </div>
   <div class='ocr_carea' id='block_1_15' title="bbox 413 1611 1993 1691">
    <p class='ocr_par' dir='ltr' id='par_1_15' title="bbox 413 1611 1993 1691">
     <span class='ocr_line' id='line_1_15' title="bbox 413 1611 1993 1691; baseline -0.006 -18"><span class='ocrx_word' id='word_1_102' title='bbox 413 1634 626 1691; x_wconf 87' lang='lat' dir='ltr'><strong>quoque</strong></span> <span class='ocrx_word' id='word_1_103' title='bbox 673 1620 977 1674; x_wconf 86' lang='lat' dir='ltr'><strong>alienantur</strong></span> <span class='ocrx_word' id='word_1_104' title='bbox 1008 1636 1020 1672; x_wconf 90' lang='lat'><strong>:</strong></span> <span class='ocrx_word' id='word_1_105' title='bbox 1053 1616 1195 1688; x_wconf 90' lang='lat' dir='ltr'><strong>quod</strong></span> <span class='ocrx_word' id='word_1_106' title='bbox 1236 1616 1280 1670; x_wconf 92' lang='lat' dir='ltr'><strong>si</strong></span> <span class='ocrx_word' id='word_1_107' title='bbox 1307 1613 1539 1670; x_wconf 80' lang='lat' dir='ltr'><strong>viderint</strong></span> <span class='ocrx_word' id='word_1_108' title='bbox 1568 1621 1619 1668; x_wconf 91' lang='lat' dir='ltr'><strong>te</strong></span> <span class='ocrx_word' id='word_1_109' title='bbox 1648 1627 1768 1666; x_wconf 89' lang='lat' dir='ltr'><strong>eam</strong></span> <span class='ocrx_word' id='word_1_110' title='bbox 1795 1611 1993 1665; x_wconf 87' lang='lat' dir='ltr'><strong>ducen-</strong></span> 
     </span>
    </p>
   </div>
   <div class='ocr_carea' id='block_1_16' title="bbox 414 1705 1994 1783">
    <p class='ocr_par' dir='ltr' id='par_1_16' title="bbox 414 1705 1994 1783">
     <span class='ocr_line' id='line_1_16' title="bbox 414 1705 1994 1783; baseline -0.006 -15"><span class='ocrx_word' id='word_1_111' title='bbox 414 1724 523 1769; x_wconf 89' lang='lat' dir='ltr'><strong>tem</strong></span> <span class='ocrx_word' id='word_1_112' title='bbox 567 1727 688 1768; x_wconf 89' lang='lat' dir='ltr'><strong>esse</strong></span> <span class='ocrx_word' id='word_1_113' title='bbox 734 1713 1022 1783; x_wconf 86' lang='lat' dir='ltr'><strong>propriam,</strong></span> <span class='ocrx_word' id='word_1_114' title='bbox 1055 1728 1159 1765; x_wconf 89' lang='lat' dir='ltr'><strong>non</strong></span> <span class='ocrx_word' id='word_1_115' title='bbox 1203 1709 1428 1774; x_wconf 87' lang='lat' dir='ltr'><strong>audent;</strong></span> <span class='ocrx_word' id='word_1_116' title='bbox 1472 1705 1567 1762; x_wconf 91' lang='lat' dir='ltr'><strong>sed</strong></span> <span class='ocrx_word' id='word_1_117' title='bbox 1598 1714 1653 1761; x_wconf 86' lang='lat' dir='ltr'><strong>tu</strong></span> <span class='ocrx_word' id='word_1_118' title='bbox 1696 1719 1908 1776; x_wconf 90' lang='lat' dir='ltr'><strong>quoque</strong></span> <span class='ocrx_word' id='word_1_119' title='bbox 1935 1717 1994 1759; x_wconf 88' lang='lat' dir='ltr'><strong>es</strong></span> 
     </span>
    </p>
   </div>
   <div class='ocr_carea' id='block_1_17' title="bbox 414 1800 1991 1868">
    <p class='ocr_par' dir='ltr' id='par_1_17' title="bbox 414 1800 1991 1868">
     <span class='ocr_line' id='line_1_17' title="bbox 414 1800 1991 1868; baseline -0.006 -8"><span class='ocrx_word' id='word_1_120' title='bbox 414 1805 663 1862; x_wconf 90' lang='lat' dir='ltr'><strong>similiter</strong></span> <span class='ocrx_word' id='word_1_121' title='bbox 687 1804 884 1860; x_wconf 88' lang='lat' dir='ltr'><strong>clarus.</strong></span> <span class='ocrx_word' id='word_1_122' title='bbox 914 1804 1033 1859; x_wconf 81' lang='lat' dir='ltr'><strong>Non</strong></span> <span class='ocrx_word' id='word_1_123' title='bbox 1051 1817 1110 1858; x_wconf 92' lang='lat' dir='ltr'><strong>es</strong></span> <span class='ocrx_word' id='word_1_124' title='bbox 1151 1801 1380 1857; x_wconf 89' lang='lat' dir='ltr'><strong>dicendo</strong></span> <span class='ocrx_word' id='word_1_125' title='bbox 1405 1800 1617 1855; x_wconf 89' lang='lat' dir='ltr'><strong>laudem</strong></span> <span class='ocrx_word' id='word_1_126' title='bbox 1642 1805 1991 1868; x_wconf 85' lang='lat' dir='ltr'><strong>assequutus;</strong></span> 
     </span>
    </p>
   </div>
   <div class='ocr_carea' id='block_1_18' title="bbox 415 1886 1996 1966">
    <p class='ocr_par' dir='ltr' id='par_1_18' title="bbox 415 1886 1996 1966">
     <span class='ocr_line' id='line_1_18' title="bbox 415 1886 1996 1966; baseline -0.007 -14"><span class='ocrx_word' id='word_1_127' title='bbox 415 1895 510 1952; x_wconf 88' lang='lat' dir='ltr'><strong>sed</strong></span> <span class='ocrx_word' id='word_1_128' title='bbox 542 1906 596 1951; x_wconf 93' lang='lat' dir='ltr'><strong>tu</strong></span> <span class='ocrx_word' id='word_1_129' title='bbox 622 1896 747 1950; x_wconf 90' lang='lat' dir='ltr'><strong>dum</strong></span> <span class='ocrx_word' id='word_1_130' title='bbox 782 1897 831 1951; x_wconf 91' lang='lat' dir='ltr'><strong>ei</strong></span> <span class='ocrx_word' id='word_1_131' title='bbox 863 1896 1147 1966; x_wconf 89' lang='lat' dir='ltr'><strong>gratularis</strong></span> <span class='ocrx_word' id='word_1_132' title='bbox 1171 1934 1187 1960; x_wconf 97' lang='lat'><strong>,</strong></span> <span class='ocrx_word' id='word_1_133' title='bbox 1231 1894 1490 1963; x_wconf 86' lang='lat' dir='ltr'><strong>majorem</strong></span> <span class='ocrx_word' id='word_1_134' title='bbox 1522 1905 1582 1946; x_wconf 90' lang='lat' dir='ltr'><strong>es</strong></span> <span class='ocrx_word' id='word_1_135' title='bbox 1627 1889 1836 1945; x_wconf 87' lang='lat' dir='ltr'><strong>laudem</strong></span> <span class='ocrx_word' id='word_1_136' title='bbox 1869 1886 1996 1942; x_wconf 85' lang='lat' dir='ltr'><strong>ade-</strong></span> 
     </span>
    </p>
   </div>
   <div class='ocr_carea' id='block_1_19' title="bbox 413 1987 1998 2060">
    <p class='ocr_par' dir='ltr' id='par_1_19' title="bbox 413 1987 1998 2060">
     <span class='ocr_line' id='line_1_19' title="bbox 413 1987 1998 2060; baseline -0.004 -17"><span class='ocrx_word' id='word_1_137' title='bbox 413 1999 536 2059; x_wconf 90' lang='lat' dir='ltr'><strong>ptus</strong></span> <span class='ocrx_word' id='word_1_138' title='bbox 554 2003 711 2060; x_wconf 89' lang='lat' dir='ltr'><strong>quam</strong></span> <span class='ocrx_word' id='word_1_139' title='bbox 740 1989 846 2043; x_wconf 89' lang='lat' dir='ltr'><strong>ille.</strong></span> <span class='ocrx_word' id='word_1_140' title='bbox 871 1988 924 2044; x_wconf 89' lang='lat' dir='ltr'><strong>Si</strong></span> <span class='ocrx_word' id='word_1_141' title='bbox 949 1989 1091 2043; x_wconf 92' lang='lat' dir='ltr'><strong>enim</strong></span> <span class='ocrx_word' id='word_1_142' title='bbox 1114 1987 1312 2043; x_wconf 88' lang='lat' dir='ltr'><strong>caritas</strong></span> <span class='ocrx_word' id='word_1_143' title='bbox 1339 1995 1421 2041; x_wconf 88' lang='lat' dir='ltr'><strong>est</strong></span> <span class='ocrx_word' id='word_1_144' title='bbox 1442 2000 1530 2040; x_wconf 90' lang='lat' dir='ltr'><strong>res</strong></span> <span class='ocrx_word' id='word_1_145' title='bbox 1550 1999 1739 2055; x_wconf 89' lang='lat' dir='ltr'><strong>magna</strong></span> <span class='ocrx_word' id='word_1_146' title='bbox 1765 1991 1819 2038; x_wconf 89' lang='lat' dir='ltr'><strong>et</strong></span> <span class='ocrx_word' id='word_1_147' title='bbox 1838 1991 1998 2052; x_wconf 88' lang='lat' dir='ltr'><strong>caput</strong></span> 
     </span>
    </p>
   </div>
   <div class='ocr_carea' id='block_1_20' title="bbox 415 2075 1999 2149">
    <p class='ocr_par' dir='ltr' id='par_1_20' title="bbox 415 2075 1999 2149">
     <span class='ocr_line' id='line_1_20' title="bbox 415 2075 1999 2149; baseline -0.004 -14"><span class='ocrx_word' id='word_1_148' title='bbox 415 2079 676 2146; x_wconf 87' lang='lat' dir='ltr'><strong>onmium,</strong></span> <span class='ocrx_word' id='word_1_149' title='bbox 705 2088 758 2133; x_wconf 92' lang='lat' dir='ltr'><strong>tu</strong></span> <span class='ocrx_word' id='word_1_150' title='bbox 783 2095 920 2144; x_wconf 88' lang='lat' dir='ltr'><strong>eam,</strong></span> <span class='ocrx_word' id='word_1_151' title='bbox 941 2094 1060 2149; x_wconf 67' lang='lat' dir='ltr'><strong>quae</strong></span> <span class='ocrx_word' id='word_1_152' title='bbox 1081 2094 1145 2134; x_wconf 90' lang='lat' dir='ltr'><strong>ex</strong></span> <span class='ocrx_word' id='word_1_153' title='bbox 1170 2079 1283 2148; x_wconf 86' lang='lat' dir='ltr'><strong>ipsa</strong></span> <span class='ocrx_word' id='word_1_154' title='bbox 1316 2085 1553 2147; x_wconf 81' lang='lat' dir='ltr'><strong>paratur,</strong></span> <span class='ocrx_word' id='word_1_155' title='bbox 1570 2075 1822 2146; x_wconf 90' lang='lat' dir='ltr'><strong>accepisti</strong></span> <span class='ocrx_word' id='word_1_156' title='bbox 1843 2089 1999 2129; x_wconf 82' lang='lat' dir='ltr'><strong>coro-</strong></span> 
     </span>
    </p>
   </div>
   <div class='ocr_carea' id='block_1_21' title="bbox 355 2164 1997 2241">
    <p class='ocr_par' dir='ltr' id='par_1_21' title="bbox 355 2164 1997 2241">
     <span class='ocr_line' id='line_1_21' title="bbox 355 2164 1997 2241; baseline -0.003 -17"><span class='ocrx_word' id='word_1_157' title='bbox 355 2164 360 2171; x_wconf 82' lang='grc'><em>’</em></span> <span class='ocrx_word' id='word_1_158' title='bbox 416 2186 542 2225; x_wconf 89' lang='lat' dir='ltr'><strong>nam</strong></span> <span class='ocrx_word' id='word_1_159' title='bbox 562 2189 577 2226; x_wconf 88' lang='lat'><strong>:</strong></span> <span class='ocrx_word' id='word_1_160' title='bbox 596 2171 683 2224; x_wconf 90' lang='lat' dir='ltr'><strong>ille</strong></span> <span class='ocrx_word' id='word_1_161' title='bbox 700 2186 818 2226; x_wconf 89' lang='lat' dir='ltr'><strong>eam</strong></span> <span class='ocrx_word' id='word_1_162' title='bbox 845 2186 963 2241; x_wconf 74' lang='lat' dir='ltr'><strong>qua:</strong></span> <span class='ocrx_word' id='word_1_163' title='bbox 991 2171 1282 2240; x_wconf 89' lang='lat' dir='ltr'><strong>acquiritur</strong></span> <span class='ocrx_word' id='word_1_164' title='bbox 1298 2184 1364 2224; x_wconf 82' lang='lat' dir='ltr'><strong>ex</strong></span> <span class='ocrx_word' id='word_1_165' title='bbox 1382 2177 1498 2223; x_wconf 89' lang='lat' dir='ltr'><strong>arte</strong></span> <span class='ocrx_word' id='word_1_166' title='bbox 1514 2166 1747 2233; x_wconf 88' lang='lat' dir='ltr'><strong>dicendi,</strong></span> <span class='ocrx_word' id='word_1_167' title='bbox 1780 2174 1837 2220; x_wconf 90' lang='lat' dir='ltr'><strong>tu</strong></span> <span class='ocrx_word' id='word_1_168' title='bbox 1877 2180 1997 2221; x_wconf 91' lang='lat' dir='ltr'><strong>eam</strong></span> 
     </span>
    </p>
   </div>
   <div class='ocr_carea' id='block_1_22' title="bbox 417 2256 1986 2330">
    <p class='ocr_par' dir='ltr' id='par_1_22' title="bbox 417 2256 1986 2330">
     <span class='ocr_line' id='line_1_22' title="bbox 417 2256 1986 2330; baseline -0.001 -17"><span class='ocrx_word' id='word_1_169' title='bbox 417 2275 536 2330; x_wconf 83' lang='lat' dir='ltr'><strong>quae</strong></span> <span class='ocrx_word' id='word_1_170' title='bbox 552 2277 616 2315; x_wconf 85' lang='lat' dir='ltr'><strong>ex</strong></span> <span class='ocrx_word' id='word_1_171' title='bbox 637 2259 935 2316; x_wconf 83' lang='lat' dir='ltr'><strong>vehementi</strong></span> <span class='ocrx_word' id='word_1_172' title='bbox 955 2276 1167 2317; x_wconf 87' lang='lat' dir='ltr'><strong>amore:</strong></span> <span class='ocrx_word' id='word_1_173' title='bbox 1185 2260 1274 2315; x_wconf 92' lang='lat' dir='ltr'><strong>ille</strong></span> <span class='ocrx_word' id='word_1_174' title='bbox 1291 2259 1525 2315; x_wconf 89' lang='lat' dir='ltr'><strong>ostendit</strong></span> <span class='ocrx_word' id='word_1_175' title='bbox 1546 2259 1653 2313; x_wconf 85' lang='lat' dir='ltr'><strong>vim</strong></span> <span class='ocrx_word' id='word_1_176' title='bbox 1669 2256 1952 2312; x_wconf 82' lang='lat' dir='ltr'><strong>verborum</strong></span> <span class='ocrx_word' id='word_1_177' title='bbox 1971 2272 1986 2323; x_wconf 90' lang='lat'><strong>;</strong></span> 
     </span>
    </p>
   </div>
   <div class='ocr_carea' id='block_1_23' title="bbox 418 2349 1995 2424">
    <p class='ocr_par' dir='ltr' id='par_1_23' title="bbox 418 2349 1995 2424">
     <span class='ocr_line' id='line_1_23' title="bbox 418 2349 1995 2424; baseline -0.002 -19"><span class='ocrx_word' id='word_1_178' title='bbox 418 2362 476 2405; x_wconf 89' lang='lat' dir='ltr'><strong>tu</strong></span> <span class='ocrx_word' id='word_1_179' title='bbox 497 2365 590 2422; x_wconf 89' lang='lat' dir='ltr'><strong>per</strong></span> <span class='ocrx_word' id='word_1_180' title='bbox 612 2351 749 2408; x_wconf 86' lang='lat' dir='ltr'><strong>facta</strong></span> <span class='ocrx_word' id='word_1_181' title='bbox 771 2353 1013 2424; x_wconf 87' lang='lat' dir='ltr'><strong>dejecisti</strong></span> <span class='ocrx_word' id='word_1_182' title='bbox 1028 2352 1299 2417; x_wconf 78' lang='lat' dir='ltr'><strong>invidiam,</strong></span> <span class='ocrx_word' id='word_1_183' title='bbox 1325 2360 1381 2407; x_wconf 84' lang='lat' dir='ltr'><strong>et</strong></span> <span class='ocrx_word' id='word_1_184' title='bbox 1403 2349 1729 2406; x_wconf 88' lang='lat' dir='ltr'><strong>conculcasti</strong></span> <span class='ocrx_word' id='word_1_185' title='bbox 1750 2349 1995 2404; x_wconf 91' lang='lat' dir='ltr'><strong>livorem.</strong></span> 
     </span>
    </p>
   </div>
   <div class='ocr_carea' id='block_1_24' title="bbox 418 2439 1996 2515">
    <p class='ocr_par' dir='ltr' id='par_1_24' title="bbox 418 2439 1996 2515">
     <span class='ocr_line' id='line_1_24' title="bbox 418 2439 1996 2515; baseline -0.001 -20"><span class='ocrx_word' id='word_1_186' title='bbox 418 2441 779 2509; x_wconf 89' lang='lat' dir='ltr'><strong>Quamobrem</strong></span> <span class='ocrx_word' id='word_1_187' title='bbox 811 2444 933 2514; x_wconf 91' lang='lat' dir='ltr'><strong>jure</strong></span> <span class='ocrx_word' id='word_1_188' title='bbox 961 2444 1130 2515; x_wconf 88' lang='lat' dir='ltr'><strong>magis</strong></span> <span class='ocrx_word' id='word_1_189' title='bbox 1149 2458 1307 2514; x_wconf 91' lang='lat' dir='ltr'><strong>quam</strong></span> <span class='ocrx_word' id='word_1_190' title='bbox 1350 2442 1444 2497; x_wconf 91' lang='lat' dir='ltr'><strong>ille</strong></span> <span class='ocrx_word' id='word_1_191' title='bbox 1473 2439 1637 2497; x_wconf 83' lang='lat' dir='ltr'><strong>fueris</strong></span> <span class='ocrx_word' id='word_1_192' title='bbox 1662 2449 1952 2496; x_wconf 89' lang='lat' dir='ltr'><strong>coronatus</strong></span> <span class='ocrx_word' id='word_1_193' title='bbox 1982 2456 1996 2492; x_wconf 93' lang='lat'><strong>:</strong></span> 
     </span>
    </p>
   </div>
   <div class='ocr_carea' id='block_1_25' title="bbox 420 2530 2002 2603">
    <p class='ocr_par' dir='ltr' id='par_1_25' title="bbox 420 2530 2002 2603">
     <span class='ocr_line' id='line_1_25' title="bbox 420 2530 2002 2603; baseline -0.004 -14"><span class='ocrx_word' id='word_1_194' title='bbox 420 2541 692 2589; x_wconf 90' lang='lat' dir='ltr'><strong>certamen</strong></span> <span class='ocrx_word' id='word_1_195' title='bbox 725 2543 871 2589; x_wconf 92' lang='lat' dir='ltr'><strong>tuum</strong></span> <span class='ocrx_word' id='word_1_196' title='bbox 903 2542 987 2590; x_wconf 85' lang='lat' dir='ltr'><strong>est</strong></span> <span class='ocrx_word' id='word_1_197' title='bbox 1019 2533 1357 2603; x_wconf 62' lang='lat' dir='ltr'><strong>praeclarius:</strong></span> <span class='ocrx_word' id='word_1_198' title='bbox 1384 2547 1491 2586; x_wconf 92' lang='lat' dir='ltr'><strong>non</strong></span> <span class='ocrx_word' id='word_1_199' title='bbox 1516 2531 1688 2587; x_wconf 86' lang='lat' dir='ltr'><strong>solum</strong></span> <span class='ocrx_word' id='word_1_200' title='bbox 1717 2530 2002 2586; x_wconf 62' lang='lat' dir='ltr'><strong>conculca.</strong></span> 
     </span>
    </p>
   </div>
   <div class='ocr_carea' id='block_1_26' title="bbox 423 2623 2004 2696">
    <p class='ocr_par' dir='ltr' id='par_1_26' title="bbox 423 2623 2004 2696">
     <span class='ocr_line' id='line_1_26' title="bbox 423 2623 2004 2696; baseline -0.003 -16"><span class='ocrx_word' id='word_1_201' title='bbox 423 2626 491 2680; x_wconf 89' lang='lat' dir='ltr'><strong>sti</strong></span> <span class='ocrx_word' id='word_1_202' title='bbox 520 2627 795 2692; x_wconf 79' lang='lat' dir='ltr'><strong>invidiam,</strong></span> <span class='ocrx_word' id='word_1_203' title='bbox 827 2627 920 2682; x_wconf 87' lang='lat' dir='ltr'><strong>sed</strong></span> <span class='ocrx_word' id='word_1_204' title='bbox 961 2626 1121 2681; x_wconf 91' lang='lat' dir='ltr'><strong>etiam</strong></span> <span class='ocrx_word' id='word_1_205' title='bbox 1154 2624 1352 2696; x_wconf 87' lang='lat' dir='ltr'><strong>aliquid</strong></span> <span class='ocrx_word' id='word_1_206' title='bbox 1380 2624 1569 2680; x_wconf 75' lang='lat' dir='ltr'><strong>fecisti.</strong></span> <span class='ocrx_word' id='word_1_207' title='bbox 1600 2623 1692 2679; x_wconf 86' lang='lat' dir='ltr'><strong>Ille</strong></span> <span class='ocrx_word' id='word_1_208' title='bbox 1731 2638 1888 2678; x_wconf 90' lang='lat' dir='ltr'><strong>unam</strong></span> <span class='ocrx_word' id='word_1_209' title='bbox 1915 2637 2004 2677; x_wconf 91' lang='lat' dir='ltr'><strong>so-</strong></span> 
     </span>
    </p>
   </div>
   <div class='ocr_carea' id='block_1_27' title="bbox 419 2716 2001 2787">
    <p class='ocr_par' dir='ltr' id='par_1_27' title="bbox 419 2716 2001 2787">
     <span class='ocr_line' id='line_1_27' title="bbox 419 2716 2001 2787; baseline -0.005 -11"><span class='ocrx_word' id='word_1_210' title='bbox 419 2722 530 2776; x_wconf 88' lang='lat' dir='ltr'><strong>lum</strong></span> <span class='ocrx_word' id='word_1_211' title='bbox 566 2722 723 2778; x_wconf 84' lang='lat' dir='ltr'><strong>habet</strong></span> <span class='ocrx_word' id='word_1_212' title='bbox 752 2737 1032 2787; x_wconf 89' lang='lat' dir='ltr'><strong>coronam,</strong></span> <span class='ocrx_word' id='word_1_213' title='bbox 1060 2729 1112 2776; x_wconf 92' lang='lat' dir='ltr'><strong>tu</strong></span> <span class='ocrx_word' id='word_1_214' title='bbox 1144 2728 1322 2774; x_wconf 88' lang='lat' dir='ltr'><strong>autem</strong></span> <span class='ocrx_word' id='word_1_215' title='bbox 1348 2718 1501 2786; x_wconf 92' lang='lat' dir='ltr'><strong>duas,</strong></span> <span class='ocrx_word' id='word_1_216' title='bbox 1525 2724 1579 2773; x_wconf 92' lang='lat' dir='ltr'><strong>et</strong></span> <span class='ocrx_word' id='word_1_217' title='bbox 1607 2716 1742 2773; x_wconf 86' lang='lat' dir='ltr'><strong>duas</strong></span> <span class='ocrx_word' id='word_1_218' title='bbox 1762 2716 1882 2771; x_wconf 91' lang='lat' dir='ltr'><strong>illas</strong></span> <span class='ocrx_word' id='word_1_219' title='bbox 1898 2730 2001 2770; x_wconf 92' lang='lat' dir='ltr'><strong>una</strong></span> 
     </span>
    </p>
   </div>
   <div class='ocr_carea' id='block_1_28' title="bbox 420 2808 2003 2885">
    <p class='ocr_par' dir='ltr' id='par_1_28' title="bbox 420 2808 2003 2885">
     <span class='ocr_line' id='line_1_28' title="bbox 420 2808 2003 2885; baseline -0.004 -16"><span class='ocrx_word' id='word_1_220' title='bbox 420 2814 831 2885; x_wconf 82' lang='lat' dir='ltr'><strong>splendidiores.</strong></span> <span class='ocrx_word' id='word_1_221' title='bbox 848 2814 1106 2882; x_wconf 76' lang='lat' dir='ltr'><strong>Quamam</strong></span> <span class='ocrx_word' id='word_1_222' title='bbox 1125 2819 1251 2868; x_wconf 89' lang='lat' dir='ltr'><strong>sunt</strong></span> <span class='ocrx_word' id='word_1_223' title='bbox 1270 2811 1392 2867; x_wconf 65' lang='lat' dir='ltr'><strong>hac?</strong></span> <span class='ocrx_word' id='word_1_224' title='bbox 1417 2811 1586 2868; x_wconf 83' lang='lat' dir='ltr'><strong>Unam</strong></span> <span class='ocrx_word' id='word_1_225' title='bbox 1606 2809 1886 2880; x_wconf 89' lang='lat' dir='ltr'><strong>suscepisti</strong></span> <span class='ocrx_word' id='word_1_226' title='bbox 1906 2808 2003 2863; x_wconf 88' lang='lat' dir='ltr'><strong>ad-</strong></span> 
     </span>
    </p>
   </div>
   <div class='ocr_carea' id='block_1_29' title="bbox 425 2898 1999 2973">
    <p class='ocr_par' dir='ltr' id='par_1_29' title="bbox 425 2898 1999 2973">
     <span class='ocr_line' id='line_1_29' title="bbox 425 2898 1999 2973; baseline -0.002 -17"><span class='ocrx_word' id='word_1_227' title='bbox 425 2917 617 2959; x_wconf 85' lang='lat' dir='ltr'><strong>versus</strong></span> <span class='ocrx_word' id='word_1_228' title='bbox 642 2903 931 2971; x_wconf 84' lang='lat' dir='ltr'><strong>invidiam;</strong></span> <span class='ocrx_word' id='word_1_229' title='bbox 961 2904 1128 2959; x_wconf 87' lang='lat' dir='ltr'><strong>altera</strong></span> <span class='ocrx_word' id='word_1_230' title='bbox 1157 2911 1240 2958; x_wconf 90' lang='lat' dir='ltr'><strong>est</strong></span> <span class='ocrx_word' id='word_1_231' title='bbox 1281 2918 1381 2973; x_wconf 91' lang='lat' dir='ltr'><strong>qua</strong></span> <span class='ocrx_word' id='word_1_232' title='bbox 1443 2898 1587 2957; x_wconf 79' lang='lat' dir='ltr'><strong>fuisti</strong></span> <span class='ocrx_word' id='word_1_233' title='bbox 1613 2901 1890 2957; x_wconf 86' lang='lat' dir='ltr'><strong>redimitus</strong></span> <span class='ocrx_word' id='word_1_234' title='bbox 1933 2914 1999 2954; x_wconf 81' lang='lat' dir='ltr'><strong>ex</strong></span> 
     </span>
    </p>
   </div>
   <div class='ocr_carea' id='block_1_30' title="bbox 423 2990 2003 3063">
    <p class='ocr_par' dir='ltr' id='par_1_30' title="bbox 423 2990 2003 3063">
     <span class='ocr_line' id='line_1_30' title="bbox 423 2990 2003 3063; baseline -0.002 -15"><span class='ocrx_word' id='word_1_235' title='bbox 423 2997 668 3051; x_wconf 86' lang='lat' dir='ltr'><strong>caritate.</strong></span> <span class='ocrx_word' id='word_1_236' title='bbox 698 2993 812 3050; x_wconf 83' lang='lat' dir='ltr'><strong>Non</strong></span> <span class='ocrx_word' id='word_1_237' title='bbox 840 2994 980 3049; x_wconf 89' lang='lat' dir='ltr'><strong>enim</strong></span> <span class='ocrx_word' id='word_1_238' title='bbox 1009 2994 1259 3050; x_wconf 73' lang='lat' dir='ltr'><strong>eollaztari</strong></span> <span class='ocrx_word' id='word_1_239' title='bbox 1288 2994 1459 3048; x_wconf 81' lang='lat' dir='ltr'><strong>solum</strong></span> <span class='ocrx_word' id='word_1_240' title='bbox 1477 3002 1560 3049; x_wconf 87' lang='lat' dir='ltr'><strong>est</strong></span> <span class='ocrx_word' id='word_1_241' title='bbox 1584 2992 1837 3048; x_wconf 89' lang='lat' dir='ltr'><strong>indicium</strong></span> <span class='ocrx_word' id='word_1_242' title='bbox 1860 2990 2003 3063; x_wconf 88' lang='lat' dir='ltr'><strong>quod</strong></span> 
     </span>
    </p>
   </div>
   <div class='ocr_carea' id='block_1_31' title="bbox 425 3083 2004 3155">
    <p class='ocr_par' dir='ltr' id='par_1_31' title="bbox 425 3083 2004 3155">
     <span class='ocr_line' id='line_1_31' title="bbox 425 3083 2004 3155; baseline -0.004 -11"><span class='ocrx_word' id='word_1_243' title='bbox 425 3087 502 3144; x_wconf 90' lang='lat' dir='ltr'><strong>sis</strong></span> <span class='ocrx_word' id='word_1_244' title='bbox 539 3086 774 3142; x_wconf 87' lang='lat' dir='ltr'><strong>mundus</strong></span> <span class='ocrx_word' id='word_1_245' title='bbox 818 3085 888 3140; x_wconf 89' lang='lat' dir='ltr'><strong>ab</strong></span> <span class='ocrx_word' id='word_1_246' title='bbox 914 3085 1134 3149; x_wconf 86' lang='lat' dir='ltr'><strong>invidia,</strong></span> <span class='ocrx_word' id='word_1_247' title='bbox 1164 3087 1256 3140; x_wconf 91' lang='lat' dir='ltr'><strong>sed</strong></span> <span class='ocrx_word' id='word_1_248' title='bbox 1280 3086 1441 3140; x_wconf 89' lang='lat' dir='ltr'><strong>etiam</strong></span> <span class='ocrx_word' id='word_1_249' title='bbox 1468 3084 1608 3155; x_wconf 93' lang='lat' dir='ltr'><strong>quod</strong></span> <span class='ocrx_word' id='word_1_250' title='bbox 1639 3083 1836 3138; x_wconf 82' lang='lat' dir='ltr'><strong>habeas</strong></span> <span class='ocrx_word' id='word_1_251' title='bbox 1860 3083 2004 3138; x_wconf 90' lang='lat' dir='ltr'><strong>eari-</strong></span> 
     </span>
    </p>
   </div>
   <div class='ocr_carea' id='block_1_32' title="bbox 426 3175 2005 3248">
    <p class='ocr_par' dir='ltr' id='par_1_32' title="bbox 426 3175 2005 3248">
     <span class='ocr_line' id='line_1_32' title="bbox 426 3175 2005 3248; baseline -0.003 -16"><span class='ocrx_word' id='word_1_252' title='bbox 426 3188 588 3233; x_wconf 88' lang='lat' dir='ltr'><strong>tatem</strong></span> <span class='ocrx_word' id='word_1_253' title='bbox 622 3193 740 3248; x_wconf 77' lang='lat' dir='ltr'><strong>qua:</strong></span> <span class='ocrx_word' id='word_1_254' title='bbox 772 3177 982 3233; x_wconf 89' lang='lat' dir='ltr'><strong>radices</strong></span> <span class='ocrx_word' id='word_1_255' title='bbox 1013 3177 1199 3248; x_wconf 85' lang='lat' dir='ltr'><strong>egerit.</strong></span> <span class='ocrx_word' id='word_1_256' title='bbox 1229 3177 1309 3230; x_wconf 91' lang='lat' dir='ltr'><strong>llli</strong></span> <span class='ocrx_word' id='word_1_257' title='bbox 1353 3191 1496 3246; x_wconf 67' lang='lat' dir='ltr'><strong>smpe</strong></span> <span class='ocrx_word' id='word_1_258' title='bbox 1523 3175 1828 3230; x_wconf 89' lang='lat' dir='ltr'><strong>molestiam</strong></span> <span class='ocrx_word' id='word_1_259' title='bbox 1853 3175 2005 3230; x_wconf 83' lang='lat' dir='ltr'><strong>exhi-</strong></span> 
     </span>
    </p>
   </div>
   <div class='ocr_carea' id='block_1_33' title="bbox 424 3269 2002 3341">
    <p class='ocr_par' dir='ltr' id='par_1_33' title="bbox 424 3269 2002 3341">
     <span class='ocr_line' id='line_1_33' title="bbox 424 3269 2002 3341; baseline -0.002 -16"><span class='ocrx_word' id='word_1_260' title='bbox 424 3270 516 3325; x_wconf 91' lang='lat' dir='ltr'><strong>bet</strong></span> <span class='ocrx_word' id='word_1_261' title='bbox 540 3271 766 3324; x_wconf 87' lang='lat' dir='ltr'><strong>lmmana</strong></span> <span class='ocrx_word' id='word_1_262' title='bbox 789 3269 962 3341; x_wconf 88' lang='lat' dir='ltr'><strong>aliqua</strong></span> <span class='ocrx_word' id='word_1_263' title='bbox 981 3269 1142 3325; x_wconf 89' lang='lat' dir='ltr'><strong>animi</strong></span> <span class='ocrx_word' id='word_1_264' title='bbox 1174 3269 1518 3340; x_wconf 89' lang='lat' dir='ltr'><strong>perturbatio,</strong></span> <span class='ocrx_word' id='word_1_265' title='bbox 1553 3278 1608 3324; x_wconf 89' lang='lat' dir='ltr'><strong>ut</strong></span> <span class='ocrx_word' id='word_1_266' title='bbox 1629 3269 1798 3324; x_wconf 89' lang='lat' dir='ltr'><strong>inanis</strong></span> <span class='ocrx_word' id='word_1_267' title='bbox 1813 3269 2002 3338; x_wconf 79' lang='lat' dir='ltr'><strong>gloria:</strong></span> 
     </span>
    </p>
   </div>
   <div class='ocr_carea' id='block_1_34' title="bbox 425 3360 2005 3431">
    <p class='ocr_par' dir='ltr' id='par_1_34' title="bbox 425 3360 2005 3431">
     <span class='ocr_line' id='line_1_34' title="bbox 425 3360 2005 3431; baseline -0.001 -15"><span class='ocrx_word' id='word_1_268' title='bbox 425 3371 483 3416; x_wconf 88' lang='lat' dir='ltr'><strong>tu</strong></span> <span class='ocrx_word' id='word_1_269' title='bbox 524 3372 701 3416; x_wconf 87' lang='lat' dir='ltr'><strong>autent</strong></span> <span class='ocrx_word' id='word_1_270' title='bbox 730 3376 789 3417; x_wconf 88' lang='lat' dir='ltr'><strong>es</strong></span> <span class='ocrx_word' id='word_1_271' title='bbox 826 3361 1056 3418; x_wconf 87' lang='lat' dir='ltr'><strong>mundus</strong></span> <span class='ocrx_word' id='word_1_272' title='bbox 1088 3361 1154 3416; x_wconf 90' lang='lat' dir='ltr'><strong>ab</strong></span> <span class='ocrx_word' id='word_1_273' title='bbox 1199 3361 1343 3417; x_wconf 90' lang='lat' dir='ltr'><strong>omni</strong></span> <span class='ocrx_word' id='word_1_274' title='bbox 1371 3360 1773 3431; x_wconf 89' lang='lat' dir='ltr'><strong>perturbatione</strong></span> <span class='ocrx_word' id='word_1_275' title='bbox 1795 3361 1958 3415; x_wconf 86' lang='lat' dir='ltr'><strong>animi</strong></span> <span class='ocrx_word' id='word_1_276' title='bbox 1990 3378 2005 3414; x_wconf 87' lang='lat'><strong>:</strong></span> 
     </span>
    </p>
   </div>
   <div class='ocr_carea' id='block_1_35' title="bbox 426 3451 2010 3524">
    <p class='ocr_par' dir='ltr' id='par_1_35' title="bbox 426 3451 2010 3524">
     <span class='ocr_line' id='line_1_35' title="bbox 426 3451 2010 3524; baseline -0.003 -14"><span class='ocrx_word' id='word_1_277' title='bbox 426 3453 571 3510; x_wconf 82' lang='lat' dir='ltr'><strong>haud</strong></span> <span class='ocrx_word' id='word_1_278' title='bbox 600 3454 742 3508; x_wconf 90' lang='lat' dir='ltr'><strong>enim</strong></span> <span class='ocrx_word' id='word_1_279' title='bbox 765 3453 907 3507; x_wconf 89' lang='lat' dir='ltr'><strong>inani</strong></span> <span class='ocrx_word' id='word_1_280' title='bbox 941 3452 1111 3524; x_wconf 90' lang='lat' dir='ltr'><strong>gloria</strong></span> <span class='ocrx_word' id='word_1_281' title='bbox 1141 3452 1413 3520; x_wconf 85' lang='lat' dir='ltr'><strong>laborans,</strong></span> <span class='ocrx_word' id='word_1_282' title='bbox 1442 3451 1638 3507; x_wconf 70' lang='lat' dir='ltr'><strong>lmtaris</strong></span> <span class='ocrx_word' id='word_1_283' title='bbox 1675 3460 1893 3522; x_wconf 87' lang='lat' dir='ltr'><strong>propter</strong></span> <span class='ocrx_word' id='word_1_284' title='bbox 1913 3451 2010 3506; x_wconf 92' lang='lat' dir='ltr'><strong>bo-</strong></span> 
     </span>
    </p>
   </div>
   <div class='ocr_carea' id='block_1_36' title="bbox 428 3543 2007 3614">
    <p class='ocr_par' dir='ltr' id='par_1_36' title="bbox 428 3543 2007 3614">
     <span class='ocr_line' id='line_1_36' title="bbox 428 3543 2007 3614; baseline -0.003 -14"><span class='ocrx_word' id='word_1_285' title='bbox 428 3561 496 3602; x_wconf 88' lang='lat' dir='ltr'><strong>na</strong></span> <span class='ocrx_word' id='word_1_286' title='bbox 544 3545 786 3599; x_wconf 89' lang='lat' dir='ltr'><strong>alterius.</strong></span> <span class='ocrx_word' id='word_1_287' title='bbox 817 3545 996 3599; x_wconf 79' lang='lat' dir='ltr'><strong>Erexit</strong></span> <span class='ocrx_word' id='word_1_288' title='bbox 1020 3547 1378 3614; x_wconf 86' lang='lat' dir='ltr'><strong>,die,qnaeso,</strong></span> <span class='ocrx_word' id='word_1_289' title='bbox 1437 3543 1734 3599; x_wconf 87' lang='lat' dir='ltr'><strong>Ecclesiam</strong></span> <span class='ocrx_word' id='word_1_290' title='bbox 1760 3585 1776 3610; x_wconf 95' lang='lat'><strong>,</strong></span> <span class='ocrx_word' id='word_1_291' title='bbox 1809 3551 2007 3599; x_wconf 81' lang='lat' dir='ltr'><strong>coetum</strong></span> 
     </span>
    </p>
   </div>
   <div class='ocr_carea' id='block_1_37' title="bbox 426 3635 2007 3706">
    <p class='ocr_par' dir='ltr' id='par_1_37' title="bbox 426 3635 2007 3706">
     <span class='ocr_line' id='line_1_37' title="bbox 426 3635 2007 3706; baseline -0.001 -15"><span class='ocrx_word' id='word_1_292' title='bbox 426 3636 810 3706; x_wconf 79' lang='lat' dir='ltr'><strong>ampliﬁcavit?</strong></span> <span class='ocrx_word' id='word_1_293' title='bbox 832 3651 1020 3691; x_wconf 88' lang='lat' dir='ltr'><strong>rursus</strong></span> <span class='ocrx_word' id='word_1_294' title='bbox 1045 3635 1201 3690; x_wconf 87' lang='lat' dir='ltr'><strong>lauda</strong></span> <span class='ocrx_word' id='word_1_295' title='bbox 1233 3654 1246 3690; x_wconf 93' lang='lat'><strong>:</strong></span> <span class='ocrx_word' id='word_1_296' title='bbox 1281 3636 1448 3691; x_wconf 90' lang='lat' dir='ltr'><strong>babes</strong></span> <span class='ocrx_word' id='word_1_297' title='bbox 1472 3635 1713 3705; x_wconf 81' lang='lat' dir='ltr'><strong>duplices</strong></span> <span class='ocrx_word' id='word_1_298' title='bbox 1739 3649 1968 3690; x_wconf 88' lang='lat' dir='ltr'><strong>coronas</strong></span> <span class='ocrx_word' id='word_1_299' title='bbox 1992 3654 2007 3701; x_wconf 89' lang='lat'><strong>;</strong></span> 
     </span>
    </p>
   </div>
   <div class='ocr_carea' id='block_1_38' title="bbox 430 3725 2010 3796">
    <p class='ocr_par' dir='ltr' id='par_1_38' title="bbox 430 3725 2010 3796">
     <span class='ocr_line' id='line_1_38' title="bbox 430 3725 2010 3796; baseline -0.001 -14"><span class='ocrx_word' id='word_1_300' title='bbox 430 3727 674 3795; x_wconf 73' lang='lat' dir='ltr'><strong>deiecisti</strong></span> <span class='ocrx_word' id='word_1_301' title='bbox 702 3726 954 3781; x_wconf 86' lang='lat' dir='ltr'><strong>invidiam</strong></span> <span class='ocrx_word' id='word_1_302' title='bbox 975 3767 991 3792; x_wconf 95' lang='lat'><strong>,</strong></span> <span class='ocrx_word' id='word_1_303' title='bbox 1020 3725 1243 3781; x_wconf 89' lang='lat' dir='ltr'><strong>caritate</strong></span> <span class='ocrx_word' id='word_1_304' title='bbox 1264 3740 1327 3781; x_wconf 90' lang='lat' dir='ltr'><strong>es</strong></span> <span class='ocrx_word' id='word_1_305' title='bbox 1345 3725 1641 3780; x_wconf 89' lang='lat' dir='ltr'><strong>redimitus.</strong></span> <span class='ocrx_word' id='word_1_306' title='bbox 1680 3727 1852 3781; x_wconf 88' lang='lat' dir='ltr'><strong>Etiam</strong></span> <span class='ocrx_word' id='word_1_307' title='bbox 1879 3741 2010 3796; x_wconf 88' lang='lat' dir='ltr'><strong>rogo</strong></span> 
     </span>
    </p>
   </div>
   <div class='ocr_carea' id='block_1_39' title="bbox 432 3814 2013 3885">
    <p class='ocr_par' dir='ltr' id='par_1_39' title="bbox 432 3814 2013 3885">
     <span class='ocr_line' id='line_1_39' title="bbox 432 3814 2013 3885; baseline -0.001 -13"><span class='ocrx_word' id='word_1_308' title='bbox 432 3825 489 3872; x_wconf 91' lang='lat' dir='ltr'><strong>et</strong></span> <span class='ocrx_word' id='word_1_309' title='bbox 509 3817 755 3872; x_wconf 85' lang='lat' dir='ltr'><strong>obsecro.</strong></span> <span class='ocrx_word' id='word_1_310' title='bbox 779 3814 873 3871; x_wconf 92' lang='lat' dir='ltr'><strong>Vis</strong></span> <span class='ocrx_word' id='word_1_311' title='bbox 899 3824 953 3871; x_wconf 90' lang='lat' dir='ltr'><strong>et</strong></span> <span class='ocrx_word' id='word_1_312' title='bbox 971 3816 1179 3870; x_wconf 89' lang='lat' dir='ltr'><strong>tertiam</strong></span> <span class='ocrx_word' id='word_1_313' title='bbox 1200 3814 1385 3870; x_wconf 89' lang='lat' dir='ltr'><strong>audire</strong></span> <span class='ocrx_word' id='word_1_314' title='bbox 1402 3815 1690 3870; x_wconf 82' lang='lat' dir='ltr'><strong>coronam?</strong></span> <span class='ocrx_word' id='word_1_315' title='bbox 1713 3816 1761 3871; x_wconf 88' lang='lat' dir='ltr'><strong>ei</strong></span> <span class='ocrx_word' id='word_1_316' title='bbox 1790 3816 2013 3885; x_wconf 83' lang='lat' dir='ltr'><strong>applau-</strong></span> 
     </span>
    </p>
   </div>
   <div class='ocr_carea' id='block_1_40' title="bbox 433 3908 2013 3981">
    <p class='ocr_par' dir='ltr' id='par_1_40' title="bbox 433 3908 2013 3981">
     <span class='ocr_line' id='line_1_40' title="bbox 433 3908 2013 3981; baseline -0.002 -15"><span class='ocrx_word' id='word_1_317' title='bbox 433 3913 569 3966; x_wconf 89' lang='lat' dir='ltr'><strong>dunt</strong></span> <span class='ocrx_word' id='word_1_318' title='bbox 595 3911 682 3981; x_wconf 91' lang='lat' dir='ltr'><strong>qui</strong></span> <span class='ocrx_word' id='word_1_319' title='bbox 707 3911 914 3967; x_wconf 84' lang='lat' dir='ltr'><strong>inferne</strong></span> <span class='ocrx_word' id='word_1_320' title='bbox 939 3918 1064 3965; x_wconf 89' lang='lat' dir='ltr'><strong>sunt</strong></span> <span class='ocrx_word' id='word_1_321' title='bbox 1089 3908 1356 3973; x_wconf 87' lang='lat' dir='ltr'><strong>homines,</strong></span> <span class='ocrx_word' id='word_1_322' title='bbox 1391 3908 1484 3963; x_wconf 92' lang='lat' dir='ltr'><strong>tibi</strong></span> <span class='ocrx_word' id='word_1_323' title='bbox 1504 3916 1680 3962; x_wconf 86' lang='lat' dir='ltr'><strong>autem</strong></span> <span class='ocrx_word' id='word_1_324' title='bbox 1709 3910 1798 3978; x_wconf 89' lang='lat' dir='ltr'><strong>qui</strong></span> <span class='ocrx_word' id='word_1_325' title='bbox 1827 3923 2013 3978; x_wconf 89' lang='lat' dir='ltr'><strong>super-</strong></span> 
     </span>
    </p>
   </div>
   <div class='ocr_carea' id='block_1_41' title="bbox 437 3998 2016 4073">
    <p class='ocr_par' dir='ltr' id='par_1_41' title="bbox 437 3998 2016 4073">
     <span class='ocr_line' id='line_1_41' title="bbox 437 3998 2016 4073; baseline -0.003 -15"><span class='ocrx_word' id='word_1_326' title='bbox 437 4018 507 4058; x_wconf 89' lang='lat' dir='ltr'><strong>ne</strong></span> <span class='ocrx_word' id='word_1_327' title='bbox 559 4011 683 4057; x_wconf 87' lang='lat' dir='ltr'><strong>sunt</strong></span> <span class='ocrx_word' id='word_1_328' title='bbox 725 4001 921 4073; x_wconf 89' lang='lat' dir='ltr'><strong>angeli.</strong></span> <span class='ocrx_word' id='word_1_329' title='bbox 953 3999 1070 4056; x_wconf 83' lang='lat' dir='ltr'><strong>Non</strong></span> <span class='ocrx_word' id='word_1_330' title='bbox 1121 3999 1263 4055; x_wconf 84' lang='lat' dir='ltr'><strong>enim</strong></span> <span class='ocrx_word' id='word_1_331' title='bbox 1292 4009 1414 4054; x_wconf 90' lang='lat' dir='ltr'><strong>sunt</strong></span> <span class='ocrx_word' id='word_1_332' title='bbox 1452 3998 1620 4069; x_wconf 90' lang='lat' dir='ltr'><strong>paria,</strong></span> <span class='ocrx_word' id='word_1_333' title='bbox 1652 3998 1933 4068; x_wconf 84' lang='lat' dir='ltr'><strong>pulchram</strong></span> <span class='ocrx_word' id='word_1_334' title='bbox 1961 4007 2016 4054; x_wconf 87' lang='lat' dir='ltr'><strong>et</strong></span> 
     </span>
    </p>
   </div>
   <div class='ocr_carea' id='block_1_42' title="bbox 434 4091 2014 4166">
    <p class='ocr_par' dir='ltr' id='par_1_42' title="bbox 434 4091 2014 4166">
     <span class='ocr_line' id='line_1_42' title="bbox 434 4091 2014 4166; baseline -0.003 -15"><span class='ocrx_word' id='word_1_335' title='bbox 434 4096 732 4166; x_wconf 87' lang='lat' dir='ltr'><strong>elegantem</strong></span> <span class='ocrx_word' id='word_1_336' title='bbox 764 4093 1050 4151; x_wconf 91' lang='lat' dir='ltr'><strong>ostendere</strong></span> <span class='ocrx_word' id='word_1_337' title='bbox 1076 4092 1362 4148; x_wconf 90' lang='lat' dir='ltr'><strong>dictionem</strong></span> <span class='ocrx_word' id='word_1_338' title='bbox 1392 4133 1406 4160; x_wconf 92' lang='lat'><strong>,</strong></span> <span class='ocrx_word' id='word_1_339' title='bbox 1437 4100 1492 4147; x_wconf 85' lang='lat' dir='ltr'><strong>et</strong></span> <span class='ocrx_word' id='word_1_340' title='bbox 1521 4100 1695 4147; x_wconf 91' lang='lat' dir='ltr'><strong>motus</strong></span> <span class='ocrx_word' id='word_1_341' title='bbox 1732 4091 1897 4147; x_wconf 87' lang='lat' dir='ltr'><strong>animi</strong></span> <span class='ocrx_word' id='word_1_342' title='bbox 1925 4108 2014 4147; x_wconf 85' lang='lat' dir='ltr'><strong>su-</strong></span> 
     </span>
    </p>
   </div>
   <div class='ocr_carea' id='block_1_43' title="bbox 439 4183 2011 4258">
    <p class='ocr_par' dir='ltr' id='par_1_43' title="bbox 439 4183 2011 4258">
     <span class='ocr_line' id='line_1_43' title="bbox 439 4183 2011 4258; baseline 0 -18"><span class='ocrx_word' id='word_1_343' title='bbox 439 4202 627 4258; x_wconf 89' lang='lat' dir='ltr'><strong>perare</strong></span> <span class='ocrx_word' id='word_1_344' title='bbox 658 4204 673 4243; x_wconf 93' lang='lat'><strong>:</strong></span> <span class='ocrx_word' id='word_1_345' title='bbox 699 4186 816 4242; x_wconf 76' lang='lat' dir='ltr'><strong>inec</strong></span> <span class='ocrx_word' id='word_1_346' title='bbox 840 4186 957 4242; x_wconf 90' lang='lat' dir='ltr'><strong>laus</strong></span> <span class='ocrx_word' id='word_1_347' title='bbox 1003 4194 1087 4241; x_wconf 92' lang='lat' dir='ltr'><strong>est</strong></span> <span class='ocrx_word' id='word_1_348' title='bbox 1116 4184 1426 4255; x_wconf 88' lang='lat' dir='ltr'><strong>temporalis</strong></span> <span class='ocrx_word' id='word_1_349' title='bbox 1447 4225 1466 4250; x_wconf 90' lang='lat'><strong>,</strong></span> <span class='ocrx_word' id='word_1_350' title='bbox 1491 4183 1580 4238; x_wconf 89' lang='lat' dir='ltr'><strong>illa</strong></span> <span class='ocrx_word' id='word_1_351' title='bbox 1612 4198 1739 4239; x_wconf 91' lang='lat' dir='ltr'><strong>vero</strong></span> <span class='ocrx_word' id='word_1_352' title='bbox 1768 4193 1967 4239; x_wconf 86' lang='lat' dir='ltr'><strong>aeterna</strong></span> <span class='ocrx_word' id='word_1_353' title='bbox 1997 4204 2011 4240; x_wconf 89' lang='lat'><strong>:</strong></span> 
     </span>
    </p>
   </div>
   <div class='ocr_carea' id='block_1_44' title="bbox 439 4275 2017 4346">
    <p class='ocr_par' dir='ltr' id='par_1_44' title="bbox 439 4275 2017 4346">
     <span class='ocr_line' id='line_1_44' title="bbox 439 4275 2017 4346; baseline -0.001 -14"><span class='ocrx_word' id='word_1_354' title='bbox 439 4279 526 4334; x_wconf 82' lang='lat' dir='ltr'><strong>ltic</strong></span> <span class='ocrx_word' id='word_1_355' title='bbox 555 4289 637 4334; x_wconf 85' lang='lat' dir='ltr'><strong>cst</strong></span> <span class='ocrx_word' id='word_1_356' title='bbox 664 4294 730 4334; x_wconf 85' lang='lat' dir='ltr'><strong>ex</strong></span> <span class='ocrx_word' id='word_1_357' title='bbox 762 4276 1098 4341; x_wconf 84' lang='lat' dir='ltr'><strong>hominibus,</strong></span> <span class='ocrx_word' id='word_1_358' title='bbox 1131 4276 1222 4332; x_wconf 91' lang='lat' dir='ltr'><strong>ille</strong></span> <span class='ocrx_word' id='word_1_359' title='bbox 1249 4291 1315 4332; x_wconf 86' lang='lat' dir='ltr'><strong>ex</strong></span> <span class='ocrx_word' id='word_1_360' title='bbox 1353 4275 1502 4331; x_wconf 92' lang='lat' dir='ltr'><strong>Deo:</strong></span> <span class='ocrx_word' id='word_1_361' title='bbox 1535 4275 1622 4330; x_wconf 90' lang='lat' dir='ltr'><strong>bic</strong></span> <span class='ocrx_word' id='word_1_362' title='bbox 1646 4275 1901 4346; x_wconf 87' lang='lat' dir='ltr'><strong>aspicitur</strong></span> <span class='ocrx_word' id='word_1_363' title='bbox 1926 4290 2017 4330; x_wconf 87' lang='lat' dir='ltr'><strong>eo-</strong></span> 
     </span>
    </p>
   </div>
   <div class='ocr_carea' id='block_1_45' title="bbox 437 4367 2021 4436">
    <p class='ocr_par' dir='ltr' id='par_1_45' title="bbox 437 4367 2021 4436">
     <span class='ocr_line' id='line_1_45' title="bbox 437 4367 2021 4436; baseline -0.004 -7"><span class='ocrx_word' id='word_1_364' title='bbox 437 4380 658 4429; x_wconf 79' lang='lat' dir='ltr'><strong>t&#39;onatus</strong></span> <span class='ocrx_word' id='word_1_365' title='bbox 682 4411 697 4436; x_wconf 94' lang='lat'><strong>,</strong></span> <span class='ocrx_word' id='word_1_366' title='bbox 727 4379 780 4426; x_wconf 92' lang='lat' dir='ltr'><strong>tu</strong></span> <span class='ocrx_word' id='word_1_367' title='bbox 812 4380 989 4426; x_wconf 87' lang='lat' dir='ltr'><strong>autem</strong></span> <span class='ocrx_word' id='word_1_368' title='bbox 1041 4369 1095 4424; x_wconf 92' lang='lat' dir='ltr'><strong>in</strong></span> <span class='ocrx_word' id='word_1_369' title='bbox 1140 4369 1352 4425; x_wconf 88' lang='lat' dir='ltr'><strong>occulto</strong></span> <span class='ocrx_word' id='word_1_370' title='bbox 1403 4368 1701 4435; x_wconf 87' lang='lat' dir='ltr'><strong>coronaris,</strong></span> <span class='ocrx_word' id='word_1_371' title='bbox 1742 4367 1829 4423; x_wconf 92' lang='lat' dir='ltr'><strong>ubi</strong></span> <span class='ocrx_word' id='word_1_372' title='bbox 1860 4367 2021 4423; x_wconf 81' lang='lat' dir='ltr'><strong>Pater</strong></span> 
     </span>
    </p>
   </div>
   <div class='ocr_carea' id='block_1_46' title="bbox 437 4458 2018 4530">
    <p class='ocr_par' dir='ltr' id='par_1_46' title="bbox 437 4458 2018 4530">
     <span class='ocr_line' id='line_1_46' title="bbox 437 4458 2018 4530; baseline -0.002 -14"><span class='ocrx_word' id='word_1_373' title='bbox 437 4470 562 4517; x_wconf 89' lang='lat' dir='ltr'><strong>tuus</strong></span> <span class='ocrx_word' id='word_1_374' title='bbox 601 4469 654 4517; x_wconf 90' lang='lat' dir='ltr'><strong>te</strong></span> <span class='ocrx_word' id='word_1_375' title='bbox 680 4461 842 4518; x_wconf 88' lang='lat' dir='ltr'><strong>videt.</strong></span> <span class='ocrx_word' id='word_1_376' title='bbox 873 4460 931 4516; x_wconf 89' lang='lat' dir='ltr'><strong>Si</strong></span> <span class='ocrx_word' id='word_1_377' title='bbox 951 4460 1183 4515; x_wconf 90' lang='lat' dir='ltr'><strong>dissecto</strong></span> <span class='ocrx_word' id='word_1_378' title='bbox 1209 4474 1434 4530; x_wconf 89' lang='lat' dir='ltr'><strong>corpore</strong></span> <span class='ocrx_word' id='word_1_379' title='bbox 1460 4459 1645 4515; x_wconf 89' lang='lat' dir='ltr'><strong>liceret</strong></span> <span class='ocrx_word' id='word_1_380' title='bbox 1686 4458 2018 4527; x_wconf 86' lang='lat' dir='ltr'><strong>uniuscujus-</strong></span> 
     </span>
    </p>
   </div>
   <div class='ocr_carea' id='block_1_47' title="bbox 441 4549 2018 4624">
    <p class='ocr_par' dir='ltr' id='par_1_47' title="bbox 441 4549 2018 4624">
     <span class='ocr_line' id='line_1_47' title="bbox 441 4549 2018 4624; baseline -0.004 -15"><span class='ocrx_word' id='word_1_381' title='bbox 441 4569 545 4624; x_wconf 91' lang='lat' dir='ltr'><strong>que</strong></span> <span class='ocrx_word' id='word_1_382' title='bbox 561 4552 744 4608; x_wconf 89' lang='lat' dir='ltr'><strong>videre</strong></span> <span class='ocrx_word' id='word_1_383' title='bbox 762 4552 1016 4616; x_wconf 89' lang='lat' dir='ltr'><strong>animam,</strong></span> <span class='ocrx_word' id='word_1_384' title='bbox 1038 4550 1393 4606; x_wconf 90' lang='lat' dir='ltr'><strong>ostendissem</strong></span> <span class='ocrx_word' id='word_1_385' title='bbox 1421 4550 1514 4605; x_wconf 90' lang='lat' dir='ltr'><strong>tibi</strong></span> <span class='ocrx_word' id='word_1_386' title='bbox 1539 4551 1683 4605; x_wconf 84' lang='lat' dir='ltr'><strong>hunc</strong></span> <span class='ocrx_word' id='word_1_387' title='bbox 1699 4564 1819 4606; x_wconf 88' lang='lat' dir='ltr'><strong>esse</strong></span> <span class='ocrx_word' id='word_1_388' title='bbox 1846 4549 2018 4605; x_wconf 79' lang='lat' dir='ltr'><strong>bone-</strong></span> 
     </span>
    </p>
   </div>
   <div class='ocr_carea' id='block_1_48' title="bbox 392 4638 2021 4711">
    <p class='ocr_par' dir='ltr' id='par_1_48' title="bbox 392 4638 2021 4711">
     <span class='ocr_line' id='line_1_48' title="bbox 392 4638 2021 4711; baseline -0.005 -10"><span class='ocrx_word' id='word_1_389' title='bbox 392 4647 400 4653; x_wconf 83' lang='grc'><strong>’</strong></span> <span class='ocrx_word' id='word_1_390' title='bbox 440 4644 662 4701; x_wconf 76' lang='lat' dir='ltr'><strong>stioretn</strong></span> <span class='ocrx_word' id='word_1_391' title='bbox 711 4652 767 4699; x_wconf 88' lang='lat' dir='ltr'><strong>et</strong></span> <span class='ocrx_word' id='word_1_392' title='bbox 817 4642 988 4711; x_wconf 84' lang='lat' dir='ltr'><strong>magis</strong></span> <span class='ocrx_word' id='word_1_393' title='bbox 1030 4640 1482 4710; x_wconf 88' lang='lat' dir='ltr'><strong>resplendentem.</strong></span> <span class='ocrx_word' id='word_1_394' title='bbox 1515 4639 1733 4695; x_wconf 72' lang='lat' dir='ltr'><strong>Invidia:</strong></span> <span class='ocrx_word' id='word_1_395' title='bbox 1775 4638 2021 4694; x_wconf 83' lang='lat' dir='ltr'><strong>stimulos</strong></span> 
     </span>
    </p>
   </div>
   <div class='ocr_carea' id='block_1_49' title="bbox 441 4728 2024 4811">
    <p class='ocr_par' dir='ltr' id='par_1_49' title="bbox 441 4728 2024 4811">
     <span class='ocr_line' id='line_1_49' title="bbox 441 4728 2024 4811; baseline -0.006 -19"><span class='ocrx_word' id='word_1_396' title='bbox 441 4746 780 4807; x_wconf 87' lang='lat' dir='ltr'><strong>proteramus</strong></span> <span class='ocrx_word' id='word_1_397' title='bbox 809 4750 823 4788; x_wconf 89' lang='lat'><strong>:</strong></span> <span class='ocrx_word' id='word_1_398' title='bbox 854 4733 1008 4811; x_wconf 71' lang='lat' dir='ltr'><strong>nobis</strong></span> <span class='ocrx_word' id='word_1_399' title='bbox 1038 4732 1169 4803; x_wconf 89' lang='lat' dir='ltr'><strong>ipsis</strong></span> <span class='ocrx_word' id='word_1_400' title='bbox 1195 4732 1461 4803; x_wconf 89' lang='lat' dir='ltr'><strong>prosimus</strong></span> <span class='ocrx_word' id='word_1_401' title='bbox 1485 4772 1501 4799; x_wconf 94' lang='lat'><strong>,</strong></span> <span class='ocrx_word' id='word_1_402' title='bbox 1545 4746 1580 4787; x_wconf 88' lang='grc' dir='ltr'>ο</span> <span class='ocrx_word' id='word_1_403' title='bbox 1628 4730 1844 4786; x_wconf 83' lang='lat' dir='ltr'><strong>dilecti!</strong></span> <span class='ocrx_word' id='word_1_404' title='bbox 1894 4728 2024 4799; x_wconf 88' lang='lat' dir='ltr'><strong>ipsis</strong></span> 
     </span>
    </p>
   </div>
   <div class='ocr_carea' id='block_1_50' title="bbox 443 4824 1257 4894">
    <p class='ocr_par' dir='ltr' id='par_1_50' title="bbox 443 4824 1257 4894">
     <span class='ocr_line' id='line_1_50' title="bbox 443 4824 1257 4894; baseline -0.002 -13"><span class='ocrx_word' id='word_1_405' title='bbox 443 4826 597 4882; x_wconf 90' lang='lat' dir='ltr'><strong>nobis</strong></span> <span class='ocrx_word' id='word_1_406' title='bbox 626 4838 876 4881; x_wconf 89' lang='lat' dir='ltr'><strong>coronam</strong></span> <span class='ocrx_word' id='word_1_407' title='bbox 899 4824 1257 4894; x_wconf 90' lang='lat' dir='ltr'><strong>imponemus.</strong></span> 
     </span>
    </p>
   </div>
   <div class='ocr_carea' id='block_1_51' title="bbox 517 4911 2025 4990">
    <p class='ocr_par' dir='ltr' id='par_1_51' title="bbox 517 4911 2025 4990">
     <span class='ocr_line' id='line_1_51' title="bbox 517 4911 2025 4990; baseline -0.006 -16"><span class='ocrx_word' id='word_1_408' title='bbox 517 4918 724 4974; x_wconf 78' lang='lat' dir='ltr'><strong>Invidia</strong></span> <span class='ocrx_word' id='word_1_409' title='bbox 766 4916 1213 4990; x_wconf 85' lang='lat' dir='ltr'><strong>propulsanda.—</strong></span> <span class='ocrx_word' id='word_1_410' title='bbox 1228 4913 1329 4982; x_wconf 90' lang='lat' dir='ltr'><strong>Qui</strong></span> <span class='ocrx_word' id='word_1_411' title='bbox 1360 4912 1581 4977; x_wconf 89' lang='lat' dir='ltr'><strong>invidet,</strong></span> <span class='ocrx_word' id='word_1_412' title='bbox 1629 4926 1750 4966; x_wconf 91' lang='lat' dir='ltr'><strong>cum</strong></span> <span class='ocrx_word' id='word_1_413' title='bbox 1783 4911 1893 4966; x_wconf 89' lang='lat' dir='ltr'><strong>Deo</strong></span> <span class='ocrx_word' id='word_1_414' title='bbox 1924 4926 2025 4981; x_wconf 85' lang='lat' dir='ltr'><strong>pu-</strong></span> 
     </span>
    </p>
   </div>
   <div class='ocr_carea' id='block_1_52' title="bbox 447 5002 2027 5082">
    <p class='ocr_par' dir='ltr' id='par_1_52' title="bbox 447 5002 2027 5082">
     <span class='ocr_line' id='line_1_52' title="bbox 447 5002 2027 5082; baseline -0.007 -17"><span class='ocrx_word' id='word_1_415' title='bbox 447 5020 594 5082; x_wconf 84' lang='lat' dir='ltr'><strong>gnat,</strong></span> <span class='ocrx_word' id='word_1_416' title='bbox 626 5026 731 5066; x_wconf 89' lang='lat' dir='ltr'><strong>non</strong></span> <span class='ocrx_word' id='word_1_417' title='bbox 753 5025 876 5066; x_wconf 90' lang='lat' dir='ltr'><strong>cum</strong></span> <span class='ocrx_word' id='word_1_418' title='bbox 898 5009 988 5063; x_wconf 93' lang='lat' dir='ltr'><strong>illo</strong></span> <span class='ocrx_word' id='word_1_419' title='bbox 1014 5024 1028 5063; x_wconf 90' lang='lat'><strong>:</strong></span> <span class='ocrx_word' id='word_1_420' title='bbox 1054 5023 1178 5063; x_wconf 90' lang='lat' dir='ltr'><strong>nam</strong></span> <span class='ocrx_word' id='word_1_421' title='bbox 1199 5021 1320 5062; x_wconf 89' lang='lat' dir='ltr'><strong>cum</strong></span> <span class='ocrx_word' id='word_1_422' title='bbox 1349 5005 1496 5061; x_wconf 90' lang='lat' dir='ltr'><strong>illum</strong></span> <span class='ocrx_word' id='word_1_423' title='bbox 1518 5003 1662 5058; x_wconf 89' lang='lat' dir='ltr'><strong>videt</strong></span> <span class='ocrx_word' id='word_1_424' title='bbox 1686 5002 1883 5058; x_wconf 87' lang='lat' dir='ltr'><strong>habere</strong></span> <span class='ocrx_word' id='word_1_425' title='bbox 1903 5016 2027 5072; x_wconf 82' lang='lat' dir='ltr'><strong>gra-</strong></span> 
     </span>
    </p>
   </div>
   <div class='ocr_carea' id='block_1_53' title="bbox 450 5093 2026 5169">
    <p class='ocr_par' dir='ltr' id='par_1_53' title="bbox 450 5093 2026 5169">
     <span class='ocr_line' id='line_1_53' title="bbox 450 5093 2026 5169; baseline -0.007 -12"><span class='ocrx_word' id='word_1_426' title='bbox 450 5103 602 5169; x_wconf 89' lang='lat' dir='ltr'><strong>tiam,</strong></span> <span class='ocrx_word' id='word_1_427' title='bbox 655 5111 710 5158; x_wconf 86' lang='lat' dir='ltr'><strong>et</strong></span> <span class='ocrx_word' id='word_1_428' title='bbox 736 5101 885 5157; x_wconf 86' lang='lat' dir='ltr'><strong>dolet</strong></span> <span class='ocrx_word' id='word_1_429' title='bbox 909 5108 964 5156; x_wconf 89' lang='lat' dir='ltr'><strong>et</strong></span> <span class='ocrx_word' id='word_1_430' title='bbox 989 5100 1100 5154; x_wconf 78' lang='lat' dir='ltr'><strong>vult</strong></span> <span class='ocrx_word' id='word_1_431' title='bbox 1126 5098 1410 5154; x_wconf 87' lang='lat' dir='ltr'><strong>destruere</strong></span> <span class='ocrx_word' id='word_1_432' title='bbox 1441 5093 1759 5160; x_wconf 89' lang='lat' dir='ltr'><strong>Ecclesiam,</strong></span> <span class='ocrx_word' id='word_1_433' title='bbox 1791 5108 1898 5148; x_wconf 91' lang='lat' dir='ltr'><strong>non</strong></span> <span class='ocrx_word' id='word_1_434' title='bbox 1926 5107 2026 5163; x_wconf 93' lang='lat' dir='ltr'><strong>pu-</strong></span> 
     </span>
    </p>
   </div>
   <div class='ocr_carea' id='block_1_54' title="bbox 1109 298 2910 374">
    <p class='ocr_par' dir='ltr' id='par_1_54' title="bbox 1109 298 2910 374">
     <span class='ocr_line' id='line_1_54' title="bbox 1109 298 2910 374; baseline -0.01 0"><span class='ocrx_word' id='word_1_435' title='bbox 1109 318 1164 374; x_wconf 91' lang='lat' dir='ltr'><strong>S.</strong></span> <span class='ocrx_word' id='word_1_436' title='bbox 1205 313 1479 373; x_wconf 61' lang='lat' dir='ltr'><strong>JOANNIS</strong></span> <span class='ocrx_word' id='word_1_437' title='bbox 1514 305 1990 368; x_wconf 72' lang='lat' dir='ltr'><strong>CHRYSOSTOMI</strong></span> <span class='ocrx_word' id='word_1_438' title='bbox 2030 302 2346 360; x_wconf 81' lang='lat' dir='ltr'><strong>ARClllEP.</strong></span> <span class='ocrx_word' id='word_1_439' title='bbox 2386 298 2910 358; x_wconf 69' lang='lat' dir='ltr'><strong>CONS&#39;I‘ANTINOP.</strong></span> 
     </span>
    </p>
   </div>
   <div class='ocr_carea' id='block_1_55' title="bbox 3562 298 3675 358">
    <p class='ocr_par' dir='ltr' id='par_1_55' title="bbox 3562 298 3675 358">
     <span class='ocr_line' id='line_1_55' title="bbox 3562 298 3675 358; baseline 0.027 -3"><span class='ocrx_word' id='word_1_440' title='bbox 3562 298 3675 358; x_wconf 74' lang='lat'><strong>380‘</strong></span> 
     </span>
    </p>
   </div>
   <div class='ocr_carea' id='block_1_56' title="bbox 2096 412 3674 490">
    <p class='ocr_par' dir='ltr' id='par_1_56' title="bbox 2096 412 3674 490">
     <span class='ocr_line' id='line_1_56' title="bbox 2096 412 3674 490; baseline 0.001 -19"><span class='ocrx_word' id='word_1_441' title='bbox 2096 426 2223 488; x_wconf 87' lang='lat' dir='ltr'><strong>gnat</strong></span> <span class='ocrx_word' id='word_1_442' title='bbox 2245 433 2363 472; x_wconf 90' lang='lat' dir='ltr'><strong>cum</strong></span> <span class='ocrx_word' id='word_1_443' title='bbox 2396 416 2507 480; x_wconf 91' lang='lat' dir='ltr'><strong>illo,</strong></span> <span class='ocrx_word' id='word_1_444' title='bbox 2538 416 2630 471; x_wconf 90' lang='lat' dir='ltr'><strong>sed</strong></span> <span class='ocrx_word' id='word_1_445' title='bbox 2659 432 2777 472; x_wconf 86' lang='lat' dir='ltr'><strong>cum</strong></span> <span class='ocrx_word' id='word_1_446' title='bbox 2810 417 2938 471; x_wconf 87' lang='lat' dir='ltr'><strong>Deo.</strong></span> <span class='ocrx_word' id='word_1_447' title='bbox 2964 412 3454 490; x_wconf 70' lang='lat' dir='ltr'><strong>Natu,dic,qutcso,</strong></span> <span class='ocrx_word' id='word_1_448' title='bbox 3478 415 3520 472; x_wconf 97' lang='lat' dir='ltr'><strong>si</strong></span> <span class='ocrx_word' id='word_1_449' title='bbox 3551 420 3674 486; x_wconf 86' lang='lat' dir='ltr'><strong>quis</strong></span> 
     </span>
    </p>
   </div>
   <div class='ocr_carea' id='block_1_57' title="bbox 2095 511 3678 582">
    <p class='ocr_par' dir='ltr' id='par_1_57' title="bbox 2095 511 3678 582">
     <span class='ocr_line' id='line_1_57' title="bbox 2095 511 3678 582; baseline 0.002 -15"><span class='ocrx_word' id='word_1_450' title='bbox 2095 521 2314 567; x_wconf 86' lang='lat' dir='ltr'><strong>ornaret</strong></span> <span class='ocrx_word' id='word_1_451' title='bbox 2336 512 2565 582; x_wconf 85' lang='lat' dir='ltr'><strong>puellam</strong></span> <span class='ocrx_word' id='word_1_452' title='bbox 2596 513 2754 582; x_wconf 82' lang='lat' dir='ltr'><strong>regis,</strong></span> <span class='ocrx_word' id='word_1_453' title='bbox 2788 521 2842 567; x_wconf 93' lang='lat' dir='ltr'><strong>et</strong></span> <span class='ocrx_word' id='word_1_454' title='bbox 2870 512 2922 566; x_wconf 91' lang='lat' dir='ltr'><strong>in</strong></span> <span class='ocrx_word' id='word_1_455' title='bbox 2948 511 3083 567; x_wconf 87' lang='lat' dir='ltr'><strong>bona</strong></span> <span class='ocrx_word' id='word_1_456' title='bbox 3105 522 3249 567; x_wconf 89' lang='lat' dir='ltr'><strong>esset</strong></span> <span class='ocrx_word' id='word_1_457' title='bbox 3275 514 3678 570; x_wconf 79' lang='lat' dir='ltr'><strong>existimatione</strong></span> 
     </span>
    </p>
   </div>
   <div class='ocr_carea' id='block_1_58' title="bbox 2091 605 3676 676">
    <p class='ocr_par' dir='ltr' id='par_1_58' title="bbox 2091 605 3676 676">
     <span class='ocr_line' id='line_1_58' title="bbox 2091 605 3676 676; baseline 0.003 -16"><span class='ocrx_word' id='word_1_458' title='bbox 2091 621 2209 661; x_wconf 89' lang='lat' dir='ltr'><strong>eam</strong></span> <span class='ocrx_word' id='word_1_459' title='bbox 2261 620 2529 660; x_wconf 82' lang='lat' dir='ltr'><strong>exornans</strong></span> <span class='ocrx_word' id='word_1_460' title='bbox 2580 605 2937 676; x_wconf 86' lang='lat' dir='ltr'><strong>decoramque</strong></span> <span class='ocrx_word' id='word_1_461' title='bbox 2965 605 3232 674; x_wconf 87' lang='lat' dir='ltr'><strong>reddens,</strong></span> <span class='ocrx_word' id='word_1_462' title='bbox 3284 607 3443 663; x_wconf 89' lang='lat' dir='ltr'><strong>vellet</strong></span> <span class='ocrx_word' id='word_1_463' title='bbox 3494 619 3676 665; x_wconf 86' lang='lat' dir='ltr'><strong>autem</strong></span> 
     </span>
    </p>
   </div>
   <div class='ocr_carea' id='block_1_59' title="bbox 2094 697 3675 773">
    <p class='ocr_par' dir='ltr' id='par_1_59' title="bbox 2094 697 3675 773">
     <span class='ocr_line' id='line_1_59' title="bbox 2094 697 3675 773; baseline 0.005 -22"><span class='ocrx_word' id='word_1_464' title='bbox 2094 697 2285 767; x_wconf 83' lang='lat' dir='ltr'><strong>aliquis</strong></span> <span class='ocrx_word' id='word_1_465' title='bbox 2327 712 2444 752; x_wconf 89' lang='lat' dir='ltr'><strong>eam</strong></span> <span class='ocrx_word' id='word_1_466' title='bbox 2473 712 2532 752; x_wconf 87' lang='lat' dir='ltr'><strong>se</strong></span> <span class='ocrx_word' id='word_1_467' title='bbox 2559 698 2790 766; x_wconf 86' lang='lat' dir='ltr'><strong>turpiter</strong></span> <span class='ocrx_word' id='word_1_468' title='bbox 2824 706 2879 753; x_wconf 90' lang='lat' dir='ltr'><strong>et</strong></span> <span class='ocrx_word' id='word_1_469' title='bbox 2903 698 3154 754; x_wconf 83' lang='lat' dir='ltr'><strong>indecore</strong></span> <span class='ocrx_word' id='word_1_470' title='bbox 3180 714 3389 769; x_wconf 84' lang='lat' dir='ltr'><strong>gerere,</strong></span> <span class='ocrx_word' id='word_1_471' title='bbox 3418 712 3472 757; x_wconf 86' lang='lat' dir='ltr'><strong>et</strong></span> <span class='ocrx_word' id='word_1_472' title='bbox 3501 704 3675 773; x_wconf 88' lang='lat' dir='ltr'><strong>ipsum</strong></span> 
     </span>
    </p>
   </div>
   <div class='ocr_carea' id='block_1_60' title="bbox 2094 790 3677 863">
    <p class='ocr_par' dir='ltr' id='par_1_60' title="bbox 2094 790 3677 863">
     <span class='ocr_line' id='line_1_60' title="bbox 2094 790 3677 863; baseline 0.006 -20"><span class='ocrx_word' id='word_1_473' title='bbox 2094 804 2199 843; x_wconf 90' lang='lat' dir='ltr'><strong>non</strong></span> <span class='ocrx_word' id='word_1_474' title='bbox 2236 803 2395 859; x_wconf 87' lang='lat' dir='ltr'><strong>posse</strong></span> <span class='ocrx_word' id='word_1_475' title='bbox 2415 803 2533 844; x_wconf 89' lang='lat' dir='ltr'><strong>eam</strong></span> <span class='ocrx_word' id='word_1_476' title='bbox 2568 803 2802 855; x_wconf 86' lang='lat' dir='ltr'><strong>ornare;</strong></span> <span class='ocrx_word' id='word_1_477' title='bbox 2832 790 3044 845; x_wconf 86' lang='lat' dir='ltr'><strong>cuinam</strong></span> <span class='ocrx_word' id='word_1_478' title='bbox 3074 792 3436 863; x_wconf 85' lang='lat' dir='ltr'><strong>insidiaretur,</strong></span> <span class='ocrx_word' id='word_1_479' title='bbox 3481 796 3677 855; x_wconf 87' lang='lat' dir='ltr'><strong>ltuicue</strong></span> 
     </span>
    </p>
   </div>
   <div class='ocr_carea' id='block_1_61' title="bbox 2093 880 3734 958">
    <p class='ocr_par' dir='ltr' id='par_1_61' title="bbox 2093 880 3734 958">
     <span class='ocr_line' id='line_1_61' title="bbox 2093 880 3734 958; baseline 0.007 -24"><span class='ocrx_word' id='word_1_480' title='bbox 2093 895 2159 934; x_wconf 91' lang='lat' dir='ltr'><strong>an</strong></span> <span class='ocrx_word' id='word_1_481' title='bbox 2191 880 2263 933; x_wconf 90' lang='lat' dir='ltr'><strong>illi</strong></span> <span class='ocrx_word' id='word_1_482' title='bbox 2292 889 2346 934; x_wconf 88' lang='lat' dir='ltr'><strong>et</strong></span> <span class='ocrx_word' id='word_1_483' title='bbox 2363 880 2478 949; x_wconf 87' lang='lat' dir='ltr'><strong>ejus</strong></span> <span class='ocrx_word' id='word_1_484' title='bbox 2505 880 2680 950; x_wconf 78' lang='lat' dir='ltr'><strong>patri?</strong></span> <span class='ocrx_word' id='word_1_485' title='bbox 2704 881 2785 936; x_wconf 86' lang='lat' dir='ltr'><strong>Ita</strong></span> <span class='ocrx_word' id='word_1_486' title='bbox 2804 896 2945 936; x_wconf 89' lang='lat' dir='ltr'><strong>nunc</strong></span> <span class='ocrx_word' id='word_1_487' title='bbox 2972 896 3182 953; x_wconf 90' lang='lat' dir='ltr'><strong>quoque</strong></span> <span class='ocrx_word' id='word_1_488' title='bbox 3205 891 3256 938; x_wconf 93' lang='lat' dir='ltr'><strong>tu</strong></span> <span class='ocrx_word' id='word_1_489' title='bbox 3280 885 3544 953; x_wconf 86' lang='lat' dir='ltr'><strong>invidens,</strong></span> <span class='ocrx_word' id='word_1_490' title='bbox 3574 904 3679 958; x_wconf 84' lang='lat' dir='ltr'><strong>pu-</strong></span> <span class='ocrx_word' id='word_1_491' title='bbox 3727 883 3734 888; x_wconf 75' lang='grc'><em>’</em></span> 
     </span>
    </p>
   </div>
   <div class='ocr_carea' id='block_1_62' title="bbox 2093 970 3679 1050">
    <p class='ocr_par' dir='ltr' id='par_1_62' title="bbox 2093 970 3679 1050">
     <span class='ocr_line' id='line_1_62' title="bbox 2093 970 3679 1050; baseline 0.007 -26"><span class='ocrx_word' id='word_1_492' title='bbox 2093 985 2226 1041; x_wconf 87' lang='lat' dir='ltr'><strong>gnas</strong></span> <span class='ocrx_word' id='word_1_493' title='bbox 2252 986 2372 1025; x_wconf 93' lang='lat' dir='ltr'><strong>cum</strong></span> <span class='ocrx_word' id='word_1_494' title='bbox 2398 970 2665 1036; x_wconf 87' lang='lat' dir='ltr'><strong>Ecclesia,</strong></span> <span class='ocrx_word' id='word_1_495' title='bbox 2693 987 2815 1027; x_wconf 86' lang='lat' dir='ltr'><strong>cum</strong></span> <span class='ocrx_word' id='word_1_496' title='bbox 2845 970 2961 1026; x_wconf 91' lang='lat' dir='ltr'><strong>Deo</strong></span> <span class='ocrx_word' id='word_1_497' title='bbox 2989 972 3185 1028; x_wconf 84' lang='lat' dir='ltr'><strong>bellum</strong></span> <span class='ocrx_word' id='word_1_498' title='bbox 3203 975 3363 1045; x_wconf 89' lang='lat' dir='ltr'><strong>geris.</strong></span> <span class='ocrx_word' id='word_1_499' title='bbox 3398 976 3529 1032; x_wconf 85' lang='lat' dir='ltr'><strong>Nam</strong></span> <span class='ocrx_word' id='word_1_500' title='bbox 3550 995 3679 1050; x_wconf 88' lang='lat' dir='ltr'><strong>quo-</strong></span> 
     </span>
    </p>
   </div>
   <div class='ocr_carea' id='block_1_63' title="bbox 2070 1060 3676 1141">
    <p class='ocr_par' dir='ltr' id='par_1_63' title="bbox 2070 1060 3676 1141">
     <span class='ocr_line' id='line_1_63' title="bbox 2070 1060 3676 1141; baseline 0.006 -26"><span class='ocrx_word' id='word_1_501' title='bbox 2070 1062 2235 1141; x_wconf 83' lang='lat' dir='ltr'><strong>niam</strong></span> <span class='ocrx_word' id='word_1_502' title='bbox 2264 1076 2383 1116; x_wconf 91' lang='lat' dir='ltr'><strong>eum</strong></span> <span class='ocrx_word' id='word_1_503' title='bbox 2412 1060 2589 1116; x_wconf 77' lang='lat' dir='ltr'><strong>fratris</strong></span> <span class='ocrx_word' id='word_1_504' title='bbox 2617 1061 2774 1117; x_wconf 85' lang='lat' dir='ltr'><strong>laude</strong></span> <span class='ocrx_word' id='word_1_505' title='bbox 2800 1076 3043 1117; x_wconf 85' lang='lat' dir='ltr'><strong>connexa</strong></span> <span class='ocrx_word' id='word_1_506' title='bbox 3064 1073 3145 1118; x_wconf 88' lang='lat' dir='ltr'><strong>est</strong></span> <span class='ocrx_word' id='word_1_507' title='bbox 3170 1064 3367 1121; x_wconf 81' lang='lat' dir='ltr'><strong>utilitas</strong></span> <span class='ocrx_word' id='word_1_508' title='bbox 3396 1067 3676 1138; x_wconf 65' lang='lat' dir='ltr'><strong>Ecclesiae,</strong></span> 
     </span>
    </p>
   </div>
   <div class='ocr_carea' id='block_1_64' title="bbox 2094 1155 3671 1227">
    <p class='ocr_par' dir='ltr' id='par_1_64' title="bbox 2094 1155 3671 1227">
     <span class='ocr_line' id='line_1_64' title="bbox 2094 1155 3671 1227; baseline 0.004 -17"><span class='ocrx_word' id='word_1_509' title='bbox 2094 1156 2141 1210; x_wconf 91' lang='lat' dir='ltr'><strong>si</strong></span> <span class='ocrx_word' id='word_1_510' title='bbox 2184 1156 2298 1209; x_wconf 77' lang='lat' dir='ltr'><strong>lure</strong></span> <span class='ocrx_word' id='word_1_511' title='bbox 2339 1163 2588 1224; x_wconf 89' lang='lat' dir='ltr'><strong>corruat,</strong></span> <span class='ocrx_word' id='word_1_512' title='bbox 2617 1164 2676 1209; x_wconf 83' lang='lat' dir='ltr'><strong>ut</strong></span> <span class='ocrx_word' id='word_1_513' title='bbox 2717 1155 2808 1210; x_wconf 90' lang='lat' dir='ltr'><strong>ille</strong></span> <span class='ocrx_word' id='word_1_514' title='bbox 2835 1171 3048 1227; x_wconf 89' lang='lat' dir='ltr'><strong>quoque</strong></span> <span class='ocrx_word' id='word_1_515' title='bbox 3074 1167 3287 1212; x_wconf 87' lang='lat' dir='ltr'><strong>corruat</strong></span> <span class='ocrx_word' id='word_1_516' title='bbox 3316 1174 3538 1217; x_wconf 90' lang='lat' dir='ltr'><strong>necesse</strong></span> <span class='ocrx_word' id='word_1_517' title='bbox 3567 1173 3671 1217; x_wconf 90' lang='lat' dir='ltr'><strong>est.</strong></span> 
     </span>
    </p>
   </div>
   <div class='ocr_carea' id='block_1_65' title="bbox 2096 1247 3674 1322">
    <p class='ocr_par' dir='ltr' id='par_1_65' title="bbox 2096 1247 3674 1322">
     <span class='ocr_line' id='line_1_65' title="bbox 2096 1247 3674 1322; baseline 0.006 -23"><span class='ocrx_word' id='word_1_518' title='bbox 2096 1247 2455 1315; x_wconf 85' lang='lat' dir='ltr'><strong>Quamobrem</strong></span> <span class='ocrx_word' id='word_1_519' title='bbox 2482 1247 2538 1301; x_wconf 93' lang='lat' dir='ltr'><strong>in</strong></span> <span class='ocrx_word' id='word_1_520' title='bbox 2570 1248 2671 1303; x_wconf 84' lang='lat' dir='ltr'><strong>hoc</strong></span> <span class='ocrx_word' id='word_1_521' title='bbox 2685 1261 2819 1317; x_wconf 92' lang='lat' dir='ltr'><strong>opus</strong></span> <span class='ocrx_word' id='word_1_522' title='bbox 2848 1247 2977 1303; x_wconf 81' lang='lat' dir='ltr'><strong>facis</strong></span> <span class='ocrx_word' id='word_1_523' title='bbox 3005 1249 3319 1317; x_wconf 87' lang='lat' dir='ltr'><strong>satanicum,</strong></span> <span class='ocrx_word' id='word_1_524' title='bbox 3352 1261 3410 1306; x_wconf 78' lang='lat' dir='ltr'><strong>ut</strong></span> <span class='ocrx_word' id='word_1_525' title='bbox 3438 1253 3525 1322; x_wconf 89' lang='lat' dir='ltr'><strong>qui</strong></span> <span class='ocrx_word' id='word_1_526' title='bbox 3550 1268 3674 1308; x_wconf 90' lang='lat' dir='ltr'><strong>cor-</strong></span> 
     </span>
    </p>
   </div>
   <div class='ocr_carea' id='block_1_66' title="bbox 2097 1340 3677 1413">
    <p class='ocr_par' dir='ltr' id='par_1_66' title="bbox 2097 1340 3677 1413">
     <span class='ocr_line' id='line_1_66' title="bbox 2097 1340 3677 1413; baseline 0.003 -16"><span class='ocrx_word' id='word_1_527' title='bbox 2097 1342 2215 1413; x_wconf 85' lang='lat' dir='ltr'><strong>pori</strong></span> <span class='ocrx_word' id='word_1_528' title='bbox 2240 1342 2438 1398; x_wconf 82' lang='lat' dir='ltr'><strong>Christi</strong></span> <span class='ocrx_word' id='word_1_529' title='bbox 2478 1340 2768 1396; x_wconf 89' lang='lat' dir='ltr'><strong>insidieris.</strong></span> <span class='ocrx_word' id='word_1_530' title='bbox 2798 1342 3071 1397; x_wconf 83' lang='lat' dir='ltr'><strong>Adversus</strong></span> <span class='ocrx_word' id='word_1_531' title='bbox 3095 1358 3217 1398; x_wconf 87' lang='lat' dir='ltr'><strong>eum</strong></span> <span class='ocrx_word' id='word_1_532' title='bbox 3247 1343 3436 1401; x_wconf 83' lang='lat' dir='ltr'><strong>dolore</strong></span> <span class='ocrx_word' id='word_1_533' title='bbox 3481 1347 3677 1401; x_wconf 84' lang='lat' dir='ltr'><strong>stimu-</strong></span> 
     </span>
    </p>
   </div>
   <div class='ocr_carea' id='block_1_67' title="bbox 2098 1433 3682 1506">
    <p class='ocr_par' dir='ltr' id='par_1_67' title="bbox 2098 1433 3682 1506">
     <span class='ocr_line' id='line_1_67' title="bbox 2098 1433 3682 1506; baseline 0 -15"><span class='ocrx_word' id='word_1_534' title='bbox 2098 1438 2245 1502; x_wconf 87' lang='lat' dir='ltr'><strong>laris,</strong></span> <span class='ocrx_word' id='word_1_535' title='bbox 2279 1435 2365 1506; x_wconf 91' lang='lat' dir='ltr'><strong>qui</strong></span> <span class='ocrx_word' id='word_1_536' title='bbox 2422 1433 2517 1488; x_wconf 91' lang='lat' dir='ltr'><strong>tibi</strong></span> <span class='ocrx_word' id='word_1_537' title='bbox 2546 1433 2744 1489; x_wconf 91' lang='lat' dir='ltr'><strong>nullam</strong></span> <span class='ocrx_word' id='word_1_538' title='bbox 2776 1434 2900 1488; x_wconf 84' lang='lat' dir='ltr'><strong>fecit</strong></span> <span class='ocrx_word' id='word_1_539' title='bbox 2948 1434 3222 1503; x_wconf 91' lang='lat' dir='ltr'><strong>injuriam;</strong></span> <span class='ocrx_word' id='word_1_540' title='bbox 3280 1436 3450 1491; x_wconf 90' lang='lat' dir='ltr'><strong>multo</strong></span> <span class='ocrx_word' id='word_1_541' title='bbox 3499 1448 3682 1492; x_wconf 84' lang='lat' dir='ltr'><strong>autem</strong></span> 
     </span>
    </p>
   </div>
   <div class='ocr_carea' id='block_1_68' title="bbox 2099 1525 3680 1599">
    <p class='ocr_par' dir='ltr' id='par_1_68' title="bbox 2099 1525 3680 1599">
     <span class='ocr_line' id='line_1_68' title="bbox 2099 1525 3680 1599; baseline -0.001 -15"><span class='ocrx_word' id='word_1_542' title='bbox 2099 1528 2267 1599; x_wconf 83' lang='lat' dir='ltr'><strong>magis</strong></span> <span class='ocrx_word' id='word_1_543' title='bbox 2307 1526 2567 1581; x_wconf 91' lang='lat' dir='ltr'><strong>adversus</strong></span> <span class='ocrx_word' id='word_1_544' title='bbox 2592 1525 2889 1581; x_wconf 87' lang='lat' dir='ltr'><strong>Christum.</strong></span> <span class='ocrx_word' id='word_1_545' title='bbox 2916 1525 3083 1594; x_wconf 92' lang='lat' dir='ltr'><strong>Quam</strong></span> <span class='ocrx_word' id='word_1_546' title='bbox 3115 1525 3210 1580; x_wconf 92' lang='lat' dir='ltr'><strong>tibi</strong></span> <span class='ocrx_word' id='word_1_547' title='bbox 3234 1525 3359 1582; x_wconf 83' lang='lat' dir='ltr'><strong>fecit</strong></span> <span class='ocrx_word' id='word_1_548' title='bbox 3389 1529 3636 1598; x_wconf 86' lang='lat' dir='ltr'><strong>injuriam</strong></span> <span class='ocrx_word' id='word_1_549' title='bbox 3658 1571 3680 1594; x_wconf 86' lang='lat'><strong>,</strong></span> 
     </span>
    </p>
   </div>
   <div class='ocr_carea' id='block_1_69' title="bbox 2101 1615 3677 1687">
    <p class='ocr_par' dir='ltr' id='par_1_69' title="bbox 2101 1615 3677 1687">
     <span class='ocr_line' id='line_1_69' title="bbox 2101 1615 3677 1687; baseline -0.001 -12"><span class='ocrx_word' id='word_1_550' title='bbox 2101 1628 2158 1675; x_wconf 86' lang='lat' dir='ltr'><strong>ut</strong></span> <span class='ocrx_word' id='word_1_551' title='bbox 2184 1635 2289 1674; x_wconf 90' lang='lat' dir='ltr'><strong>non</strong></span> <span class='ocrx_word' id='word_1_552' title='bbox 2316 1619 2460 1673; x_wconf 89' lang='lat' dir='ltr'><strong>sinas</strong></span> <span class='ocrx_word' id='word_1_553' title='bbox 2484 1617 2600 1687; x_wconf 90' lang='lat' dir='ltr'><strong>ejus</strong></span> <span class='ocrx_word' id='word_1_554' title='bbox 2621 1631 2814 1686; x_wconf 88' lang='lat' dir='ltr'><strong>corpus</strong></span> <span class='ocrx_word' id='word_1_555' title='bbox 2839 1615 3016 1670; x_wconf 92' lang='lat' dir='ltr'><strong>ornari</strong></span> <span class='ocrx_word' id='word_1_556' title='bbox 3036 1615 3467 1685; x_wconf 84' lang='lat' dir='ltr'><strong>pulchritudine?</strong></span> <span class='ocrx_word' id='word_1_557' title='bbox 3493 1627 3549 1672; x_wconf 90' lang='grc' dir='ltr'><strong>ιιι</strong></span> <span class='ocrx_word' id='word_1_558' title='bbox 3571 1634 3677 1673; x_wconf 91' lang='lat' dir='ltr'><strong>non</strong></span> 
     </span>
    </p>
   </div>
   <div class='ocr_carea' id='block_1_70' title="bbox 2100 1706 3686 1778">
    <p class='ocr_par' dir='ltr' id='par_1_70' title="bbox 2100 1706 3686 1778">
     <span class='ocr_line' id='line_1_70' title="bbox 2100 1706 3686 1778; baseline 0 -14"><span class='ocrx_word' id='word_1_559' title='bbox 2100 1711 2243 1765; x_wconf 85' lang='lat' dir='ltr'><strong>sinas</strong></span> <span class='ocrx_word' id='word_1_560' title='bbox 2292 1722 2542 1778; x_wconf 90' lang='lat' dir='ltr'><strong>sponsam</strong></span> <span class='ocrx_word' id='word_1_561' title='bbox 2609 1706 2906 1764; x_wconf 87' lang='lat' dir='ltr'><strong>decorari?</strong></span> <span class='ocrx_word' id='word_1_562' title='bbox 2967 1707 3261 1763; x_wconf 89' lang='lat' dir='ltr'><strong>Considera</strong></span> <span class='ocrx_word' id='word_1_563' title='bbox 3315 1717 3493 1764; x_wconf 86' lang='lat' dir='ltr'><strong>autem</strong></span> <span class='ocrx_word' id='word_1_564' title='bbox 3547 1712 3686 1765; x_wconf 78' lang='lat' dir='ltr'><strong>mihi</strong></span> 
     </span>
    </p>
   </div>
   <div class='ocr_carea' id='block_1_71' title="bbox 2102 1799 3679 1874">
    <p class='ocr_par' dir='ltr' id='par_1_71' title="bbox 2102 1799 3679 1874">
     <span class='ocr_line' id='line_1_71' title="bbox 2102 1799 3679 1874; baseline -0.001 -17"><span class='ocrx_word' id='word_1_565' title='bbox 2102 1810 2357 1874; x_wconf 90' lang='lat' dir='ltr'><strong>quantum</strong></span> <span class='ocrx_word' id='word_1_566' title='bbox 2382 1802 2453 1855; x_wconf 88' lang='lat' dir='ltr'><strong>sit</strong></span> <span class='ocrx_word' id='word_1_567' title='bbox 2482 1800 2834 1871; x_wconf 87' lang='lat' dir='ltr'><strong>supplicium;</strong></span> <span class='ocrx_word' id='word_1_568' title='bbox 2864 1799 3107 1856; x_wconf 90' lang='lat' dir='ltr'><strong>inimicos</strong></span> <span class='ocrx_word' id='word_1_569' title='bbox 3134 1800 3458 1867; x_wconf 66' lang='lat' dir='ltr'><strong>tuosJaztitia</strong></span> <span class='ocrx_word' id='word_1_570' title='bbox 3488 1801 3679 1868; x_wconf 82' lang='lat' dir='ltr'><strong>aiticis;</strong></span> 
     </span>
    </p>
   </div>
   <div class='ocr_carea' id='block_1_72' title="bbox 2102 1890 3686 1962">
    <p class='ocr_par' dir='ltr' id='par_1_72' title="bbox 2102 1890 3686 1962">
     <span class='ocr_line' id='line_1_72' title="bbox 2102 1890 3686 1962; baseline -0.001 -13"><span class='ocrx_word' id='word_1_571' title='bbox 2102 1904 2155 1950; x_wconf 90' lang='lat' dir='ltr'><strong>et</strong></span> <span class='ocrx_word' id='word_1_572' title='bbox 2179 1894 2329 1948; x_wconf 91' lang='lat' dir='ltr'><strong>illum</strong></span> <span class='ocrx_word' id='word_1_573' title='bbox 2356 1893 2527 1962; x_wconf 89' lang='lat' dir='ltr'><strong>ipsum</strong></span> <span class='ocrx_word' id='word_1_574' title='bbox 2563 1891 2651 1962; x_wconf 91' lang='lat' dir='ltr'><strong>qui</strong></span> <span class='ocrx_word' id='word_1_575' title='bbox 2682 1890 2837 1946; x_wconf 90' lang='lat' dir='ltr'><strong>estin</strong></span> <span class='ocrx_word' id='word_1_576' title='bbox 2869 1891 3005 1946; x_wconf 90' lang='lat' dir='ltr'><strong>bona</strong></span> <span class='ocrx_word' id='word_1_577' title='bbox 3047 1892 3475 1959; x_wconf 78' lang='lat' dir='ltr'><strong>existimatione,</strong></span> <span class='ocrx_word' id='word_1_578' title='bbox 3522 1908 3686 1962; x_wconf 84' lang='lat' dir='ltr'><strong>quem</strong></span> 
     </span>
    </p>
   </div>
   <div class='ocr_carea' id='block_1_73' title="bbox 2103 1983 3687 2054">
    <p class='ocr_par' dir='ltr' id='par_1_73' title="bbox 2103 1983 3687 2054">
     <span class='ocr_line' id='line_1_73' title="bbox 2103 1983 3687 2054; baseline -0.003 -11"><span class='ocrx_word' id='word_1_579' title='bbox 2103 1988 2183 2043; x_wconf 88' lang='lat' dir='ltr'><strong>vis</strong></span> <span class='ocrx_word' id='word_1_580' title='bbox 2212 1986 2458 2041; x_wconf 89' lang='lat' dir='ltr'><strong>molestia</strong></span> <span class='ocrx_word' id='word_1_581' title='bbox 2487 1983 2738 2053; x_wconf 73' lang='lat' dir='ltr'><strong>allicere,</strong></span> <span class='ocrx_word' id='word_1_582' title='bbox 2770 1985 2939 2054; x_wconf 81' lang='lat' dir='ltr'><strong>magis</strong></span> <span class='ocrx_word' id='word_1_583' title='bbox 2989 1984 3290 2052; x_wconf 86' lang='lat' dir='ltr'><strong>exhilaras,</strong></span> <span class='ocrx_word' id='word_1_584' title='bbox 3339 1993 3395 2039; x_wconf 87' lang='lat' dir='ltr'><strong>et</strong></span> <span class='ocrx_word' id='word_1_585' title='bbox 3441 1985 3687 2039; x_wconf 84' lang='lat' dir='ltr'><strong>invidens</strong></span> 
     </span>
    </p>
   </div>
   <div class='ocr_carea' id='block_1_74' title="bbox 2104 2056 3682 2150">
    <p class='ocr_par' dir='ltr' id='par_1_74' title="bbox 2104 2056 3682 2150">
     <span class='ocr_line' id='line_1_74' title="bbox 2104 2056 3682 2150; baseline -0.003 -14"><span class='ocrx_word' id='word_1_586' title='bbox 2104 2081 2274 2150; x_wconf 88' lang='lat' dir='ltr'><strong>magis</strong></span> <span class='ocrx_word' id='word_1_587' title='bbox 2317 2078 2558 2135; x_wconf 89' lang='lat' dir='ltr'><strong>ostendis</strong></span> <span class='ocrx_word' id='word_1_588' title='bbox 2607 2093 2729 2132; x_wconf 85' lang='lat' dir='ltr'><strong>eum</strong></span> <span class='ocrx_word' id='word_1_589' title='bbox 2760 2077 2965 2132; x_wconf 88' lang='lat' dir='ltr'><strong>laudari</strong></span> <span class='ocrx_word' id='word_1_590' title='bbox 3015 2086 3070 2132; x_wconf 90' lang='lat' dir='ltr'><strong>et</strong></span> <span class='ocrx_word' id='word_1_591' title='bbox 3119 2056 3258 2132; x_wconf 81' lang='lat' dir='ltr'><strong>bene</strong></span> <span class='ocrx_word' id='word_1_592' title='bbox 3297 2077 3481 2132; x_wconf 91' lang='lat' dir='ltr'><strong>audire</strong></span> <span class='ocrx_word' id='word_1_593' title='bbox 3513 2095 3528 2132; x_wconf 96' lang='lat'><strong>:</strong></span> <span class='ocrx_word' id='word_1_594' title='bbox 3561 2094 3682 2132; x_wconf 89' lang='lat' dir='ltr'><strong>nam</strong></span> 
     </span>
    </p>
   </div>
   <div class='ocr_carea' id='block_1_75' title="bbox 2103 2169 3686 2242">
    <p class='ocr_par' dir='ltr' id='par_1_75' title="bbox 2103 2169 3686 2242">
     <span class='ocr_line' id='line_1_75' title="bbox 2103 2169 3686 2242; baseline -0.003 -15"><span class='ocrx_word' id='word_1_595' title='bbox 2103 2172 2301 2242; x_wconf 89' lang='lat' dir='ltr'><strong>alioqui</strong></span> <span class='ocrx_word' id='word_1_596' title='bbox 2330 2186 2435 2225; x_wconf 92' lang='lat' dir='ltr'><strong>non</strong></span> <span class='ocrx_word' id='word_1_597' title='bbox 2460 2169 2779 2235; x_wconf 87' lang='lat' dir='ltr'><strong>invidisses;</strong></span> <span class='ocrx_word' id='word_1_598' title='bbox 2807 2169 2888 2224; x_wconf 85' lang='lat' dir='ltr'><strong>vel</strong></span> <span class='ocrx_word' id='word_1_599' title='bbox 2920 2170 3095 2239; x_wconf 90' lang='lat' dir='ltr'><strong>potius</strong></span> <span class='ocrx_word' id='word_1_600' title='bbox 3133 2171 3369 2225; x_wconf 87' lang='lat' dir='ltr'><strong>ostendis</strong></span> <span class='ocrx_word' id='word_1_601' title='bbox 3397 2170 3539 2241; x_wconf 91' lang='lat' dir='ltr'><strong>quod</strong></span> <span class='ocrx_word' id='word_1_602' title='bbox 3565 2185 3686 2224; x_wconf 87' lang='lat' dir='ltr'><strong>cru-</strong></span> 
     </span>
    </p>
   </div>
   <div class='ocr_carea' id='block_1_76' title="bbox 2105 2254 3685 2335">
    <p class='ocr_par' dir='ltr' id='par_1_76' title="bbox 2105 2254 3685 2335">
     <span class='ocr_line' id='line_1_76' title="bbox 2105 2254 3685 2335; baseline -0.003 -14"><span class='ocrx_word' id='word_1_603' title='bbox 2105 2266 2283 2322; x_wconf 91' lang='lat' dir='ltr'><strong>cieris.</strong></span> <span class='ocrx_word' id='word_1_604' title='bbox 2313 2266 2489 2335; x_wconf 84' lang='lat' dir='ltr'><strong>Atque</strong></span> <span class='ocrx_word' id='word_1_605' title='bbox 2517 2280 2606 2320; x_wconf 89' lang='lat' dir='ltr'><strong>me</strong></span> <span class='ocrx_word' id='word_1_606' title='bbox 2631 2265 2843 2335; x_wconf 89' lang='lat' dir='ltr'><strong>quidem</strong></span> <span class='ocrx_word' id='word_1_607' title='bbox 2869 2263 3031 2333; x_wconf 85' lang='lat' dir='ltr'><strong>pudet</strong></span> <span class='ocrx_word' id='word_1_608' title='bbox 3055 2278 3121 2317; x_wconf 87' lang='lat' dir='ltr'><strong>ex</strong></span> <span class='ocrx_word' id='word_1_609' title='bbox 3150 2254 3233 2317; x_wconf 85' lang='lat' dir='ltr'><strong>bis</strong></span> <span class='ocrx_word' id='word_1_610' title='bbox 3260 2263 3531 2318; x_wconf 81' lang='lat' dir='ltr'><strong>adhortari</strong></span> <span class='ocrx_word' id='word_1_611' title='bbox 3553 2281 3567 2326; x_wconf 88' lang='lat'><strong>;</strong></span> <span class='ocrx_word' id='word_1_612' title='bbox 3591 2264 3685 2317; x_wconf 74' lang='lat' dir='ltr'><strong>sed</strong></span> 
     </span>
    </p>
   </div>
   <div class='ocr_carea' id='block_1_77' title="bbox 2106 2352 3684 2429">
    <p class='ocr_par' dir='ltr' id='par_1_77' title="bbox 2106 2352 3684 2429">
     <span class='ocr_line' id='line_1_77' title="bbox 2106 2352 3684 2429; baseline -0.001 -19"><span class='ocrx_word' id='word_1_613' title='bbox 2106 2357 2356 2429; x_wconf 82' lang='lat' dir='ltr'><strong>quoniam</strong></span> <span class='ocrx_word' id='word_1_614' title='bbox 2385 2365 2529 2410; x_wconf 87' lang='lat' dir='ltr'><strong>tanta</strong></span> <span class='ocrx_word' id='word_1_615' title='bbox 2556 2365 2639 2411; x_wconf 88' lang='lat' dir='ltr'><strong>est</strong></span> <span class='ocrx_word' id='word_1_616' title='bbox 2657 2356 2823 2409; x_wconf 88' lang='lat' dir='ltr'><strong>nostri</strong></span> <span class='ocrx_word' id='word_1_617' title='bbox 2846 2355 3007 2409; x_wconf 90' lang='lat' dir='ltr'><strong>animi</strong></span> <span class='ocrx_word' id='word_1_618' title='bbox 3028 2352 3382 2418; x_wconf 84' lang='lat' dir='ltr'><strong>imbecillitas,</strong></span> <span class='ocrx_word' id='word_1_619' title='bbox 3405 2352 3490 2406; x_wconf 90' lang='lat' dir='ltr'><strong>vel</strong></span> <span class='ocrx_word' id='word_1_620' title='bbox 3512 2367 3575 2407; x_wconf 90' lang='lat' dir='ltr'><strong>ex</strong></span> <span class='ocrx_word' id='word_1_621' title='bbox 3600 2353 3684 2408; x_wconf 84' lang='lat' dir='ltr'><strong>bis</strong></span> 
     </span>
    </p>
   </div>
   <div class='ocr_carea' id='block_1_78' title="bbox 2106 2444 3694 2520">
    <p class='ocr_par' dir='ltr' id='par_1_78' title="bbox 2106 2444 3694 2520">
     <span class='ocr_line' id='line_1_78' title="bbox 2106 2444 3694 2520; baseline -0.004 -15"><span class='ocrx_word' id='word_1_622' title='bbox 2106 2447 2386 2520; x_wconf 89' lang='lat' dir='ltr'><strong>castigati,</strong></span> <span class='ocrx_word' id='word_1_623' title='bbox 2430 2447 2499 2502; x_wconf 91' lang='lat' dir='ltr'><strong>ab</strong></span> <span class='ocrx_word' id='word_1_624' title='bbox 2528 2446 2631 2502; x_wconf 90' lang='lat' dir='ltr'><strong>hoc</strong></span> <span class='ocrx_word' id='word_1_625' title='bbox 2663 2445 2982 2518; x_wconf 82' lang='lat' dir='ltr'><strong>pernicioso</strong></span> <span class='ocrx_word' id='word_1_626' title='bbox 3011 2446 3141 2500; x_wconf 92' lang='lat' dir='ltr'><strong>vitio</strong></span> <span class='ocrx_word' id='word_1_627' title='bbox 3168 2445 3479 2500; x_wconf 88' lang='lat' dir='ltr'><strong>liberemur.</strong></span> <span class='ocrx_word' id='word_1_628' title='bbox 3527 2444 3694 2499; x_wconf 77' lang='lat' dir='ltr'><strong>Doles</strong></span> 
     </span>
    </p>
   </div>
   <div class='ocr_carea' id='block_1_79' title="bbox 2107 2537 3693 2613">
    <p class='ocr_par' dir='ltr' id='par_1_79' title="bbox 2107 2537 3693 2613">
     <span class='ocr_line' id='line_1_79' title="bbox 2107 2537 3693 2613; baseline -0.005 -16"><span class='ocrx_word' id='word_1_629' title='bbox 2107 2543 2249 2613; x_wconf 89' lang='lat' dir='ltr'><strong>quod</strong></span> <span class='ocrx_word' id='word_1_630' title='bbox 2281 2540 2524 2596; x_wconf 83' lang='lat' dir='ltr'><strong>laudetur</strong></span> <span class='ocrx_word' id='word_1_631' title='bbox 2553 2549 2606 2595; x_wconf 88' lang='lat' dir='ltr'><strong>et</strong></span> <span class='ocrx_word' id='word_1_632' title='bbox 2631 2539 2682 2593; x_wconf 90' lang='lat' dir='ltr'><strong>in</strong></span> <span class='ocrx_word' id='word_1_633' title='bbox 2715 2540 2852 2594; x_wconf 90' lang='lat' dir='ltr'><strong>bona</strong></span> <span class='ocrx_word' id='word_1_634' title='bbox 2880 2538 2948 2593; x_wconf 89' lang='lat' dir='ltr'><strong>sit</strong></span> <span class='ocrx_word' id='word_1_635' title='bbox 2975 2537 3416 2593; x_wconf 78' lang='lat' dir='ltr'><strong>existimatione?</strong></span> <span class='ocrx_word' id='word_1_636' title='bbox 3440 2551 3536 2591; x_wconf 92' lang='lat' dir='ltr'><strong>cur</strong></span> <span class='ocrx_word' id='word_1_637' title='bbox 3558 2550 3693 2605; x_wconf 87' lang='lat' dir='ltr'><strong>ergo</strong></span> 
     </span>
    </p>
   </div>
   <div class='ocr_carea' id='block_1_80' title="bbox 2110 2616 3689 2702">
    <p class='ocr_par' dir='ltr' id='par_1_80' title="bbox 2110 2616 3689 2702">
     <span class='ocr_line' id='line_1_80' title="bbox 2110 2616 3689 2702; baseline -0.005 -13"><span class='ocrx_word' id='word_1_638' title='bbox 2110 2633 2353 2689; x_wconf 84' lang='lat' dir='ltr'><strong>invidens</strong></span> <span class='ocrx_word' id='word_1_639' title='bbox 2395 2646 2558 2702; x_wconf 83' lang='lat' dir='ltr'><strong>auges</strong></span> <span class='ocrx_word' id='word_1_640' title='bbox 2583 2631 2700 2701; x_wconf 86' lang='lat' dir='ltr'><strong>ejus</strong></span> <span class='ocrx_word' id='word_1_641' title='bbox 2728 2616 2982 2685; x_wconf 66' lang='lat' dir='ltr'><strong>laudem?</strong></span> <span class='ocrx_word' id='word_1_642' title='bbox 3009 2628 3101 2683; x_wconf 88' lang='lat' dir='ltr'><strong>Vis</strong></span> <span class='ocrx_word' id='word_1_643' title='bbox 3126 2643 3249 2684; x_wconf 90' lang='lat' dir='ltr'><strong>eum</strong></span> <span class='ocrx_word' id='word_1_644' title='bbox 3288 2627 3565 2683; x_wconf 85' lang='lat' dir='ltr'><strong>cruciare?</strong></span> <span class='ocrx_word' id='word_1_645' title='bbox 3592 2641 3689 2681; x_wconf 88' lang='lat' dir='ltr'><strong>cur</strong></span> 
     </span>
    </p>
   </div>
   <div class='ocr_carea' id='block_1_81' title="bbox 2108 2718 3697 2797">
    <p class='ocr_par' dir='ltr' id='par_1_81' title="bbox 2108 2718 3697 2797">
     <span class='ocr_line' id='line_1_81' title="bbox 2108 2718 3697 2797; baseline -0.006 -15"><span class='ocrx_word' id='word_1_646' title='bbox 2108 2726 2236 2797; x_wconf 83' lang='lat' dir='ltr'><strong>ergo</strong></span> <span class='ocrx_word' id='word_1_647' title='bbox 2261 2725 2502 2781; x_wconf 88' lang='lat' dir='ltr'><strong>ostendis</strong></span> <span class='ocrx_word' id='word_1_648' title='bbox 2524 2732 2579 2778; x_wconf 91' lang='lat' dir='ltr'><strong>te</strong></span> <span class='ocrx_word' id='word_1_649' title='bbox 2608 2721 2833 2779; x_wconf 88' lang='lat' dir='ltr'><strong>dolere?</strong></span> <span class='ocrx_word' id='word_1_650' title='bbox 2886 2736 2982 2777; x_wconf 88' lang='lat' dir='ltr'><strong>cur</strong></span> <span class='ocrx_word' id='word_1_651' title='bbox 3009 2720 3081 2777; x_wconf 92' lang='lat' dir='ltr'><strong>de</strong></span> <span class='ocrx_word' id='word_1_652' title='bbox 3119 2728 3171 2776; x_wconf 90' lang='lat' dir='ltr'><strong>te</strong></span> <span class='ocrx_word' id='word_1_653' title='bbox 3200 2721 3318 2791; x_wconf 90' lang='lat' dir='ltr'><strong>ipso</strong></span> <span class='ocrx_word' id='word_1_654' title='bbox 3344 2720 3493 2790; x_wconf 91' lang='lat' dir='ltr'><strong>prius</strong></span> <span class='ocrx_word' id='word_1_655' title='bbox 3518 2718 3697 2790; x_wconf 81' lang='lat' dir='ltr'><strong>exigis</strong></span> 
     </span>
    </p>
   </div>
   <div class='ocr_carea' id='block_1_82' title="bbox 2109 2810 3686 2886">
    <p class='ocr_par' dir='ltr' id='par_1_82' title="bbox 2109 2810 3686 2886">
     <span class='ocr_line' id='line_1_82' title="bbox 2109 2810 3686 2886; baseline -0.005 -14"><span class='ocrx_word' id='word_1_656' title='bbox 2109 2832 2296 2886; x_wconf 87' lang='lat' dir='ltr'><strong>poenas</strong></span> <span class='ocrx_word' id='word_1_657' title='bbox 2317 2856 2331 2878; x_wconf 93' lang='lat'><strong>,</strong></span> <span class='ocrx_word' id='word_1_658' title='bbox 2371 2829 2528 2885; x_wconf 89' lang='lat' dir='ltr'><strong>quam</strong></span> <span class='ocrx_word' id='word_1_659' title='bbox 2559 2813 2627 2868; x_wconf 86' lang='lat' dir='ltr'><strong>de</strong></span> <span class='ocrx_word' id='word_1_660' title='bbox 2677 2829 2743 2869; x_wconf 91' lang='lat' dir='ltr'><strong>eo</strong></span> <span class='ocrx_word' id='word_1_661' title='bbox 2771 2828 2928 2883; x_wconf 89' lang='lat' dir='ltr'><strong>quem</strong></span> <span class='ocrx_word' id='word_1_662' title='bbox 2961 2827 3066 2867; x_wconf 91' lang='lat' dir='ltr'><strong>non</strong></span> <span class='ocrx_word' id='word_1_663' title='bbox 3098 2813 3182 2867; x_wconf 78' lang='lat' dir='ltr'><strong>vis</strong></span> <span class='ocrx_word' id='word_1_664' title='bbox 3210 2811 3417 2866; x_wconf 91' lang='lat' dir='ltr'><strong>laudari</strong></span> <span class='ocrx_word' id='word_1_665' title='bbox 3436 2811 3535 2866; x_wconf 86' lang='lat' dir='ltr'><strong>?Ei</strong></span> <span class='ocrx_word' id='word_1_666' title='bbox 3562 2810 3686 2865; x_wconf 90' lang='lat' dir='ltr'><strong>inde</strong></span> 
     </span>
    </p>
   </div>
   <div class='ocr_carea' id='block_1_83' title="bbox 2110 2903 3686 2977">
    <p class='ocr_par' dir='ltr' id='par_1_83' title="bbox 2110 2903 3686 2977">
     <span class='ocr_line' id='line_1_83' title="bbox 2110 2903 3686 2977; baseline -0.004 -15"><span class='ocrx_word' id='word_1_667' title='bbox 2110 2916 2193 2962; x_wconf 90' lang='lat' dir='ltr'><strong>est</strong></span> <span class='ocrx_word' id='word_1_668' title='bbox 2214 2906 2412 2977; x_wconf 81' lang='lat' dir='ltr'><strong>duplex</strong></span> <span class='ocrx_word' id='word_1_669' title='bbox 2441 2906 2682 2976; x_wconf 82' lang='lat' dir='ltr'><strong>voluptas</strong></span> <span class='ocrx_word' id='word_1_670' title='bbox 2720 2915 2775 2959; x_wconf 85' lang='lat' dir='ltr'><strong>et</strong></span> <span class='ocrx_word' id='word_1_671' title='bbox 2796 2904 3009 2969; x_wconf 64' lang='lat' dir='ltr'><strong>laetitia,</strong></span> <span class='ocrx_word' id='word_1_672' title='bbox 3035 2911 3091 2958; x_wconf 88' lang='lat' dir='ltr'><strong>et</strong></span> <span class='ocrx_word' id='word_1_673' title='bbox 3117 2903 3211 2958; x_wconf 84' lang='lat' dir='ltr'><strong>tibi</strong></span> <span class='ocrx_word' id='word_1_674' title='bbox 3239 2904 3508 2958; x_wconf 84' lang='lat' dir='ltr'><strong>cruciatus</strong></span> <span class='ocrx_word' id='word_1_675' title='bbox 3535 2918 3550 2956; x_wconf 92' lang='lat'><strong>:</strong></span> <span class='ocrx_word' id='word_1_676' title='bbox 3580 2917 3686 2956; x_wconf 88' lang='lat' dir='ltr'><strong>non</strong></span> 
     </span>
    </p>
   </div>
   <div class='ocr_carea' id='block_1_84' title="bbox 2111 2992 3697 3069">
    <p class='ocr_par' dir='ltr' id='par_1_84' title="bbox 2111 2992 3697 3069">
     <span class='ocr_line' id='line_1_84' title="bbox 2111 2992 3697 3069; baseline -0.005 -15"><span class='ocrx_word' id='word_1_677' title='bbox 2111 3000 2283 3054; x_wconf 77' lang='lat' dir='ltr'><strong>solum</strong></span> <span class='ocrx_word' id='word_1_678' title='bbox 2313 2997 2457 3069; x_wconf 88' lang='lat' dir='ltr'><strong>quod</strong></span> <span class='ocrx_word' id='word_1_679' title='bbox 2498 3012 2745 3068; x_wconf 84' lang='lat' dir='ltr'><strong>magnum</strong></span> <span class='ocrx_word' id='word_1_680' title='bbox 2772 3012 2893 3052; x_wconf 90' lang='lat' dir='ltr'><strong>eum</strong></span> <span class='ocrx_word' id='word_1_681' title='bbox 2923 2994 3181 3060; x_wconf 87' lang='lat' dir='ltr'><strong>ostendis,</strong></span> <span class='ocrx_word' id='word_1_682' title='bbox 3212 2994 3306 3050; x_wconf 91' lang='lat' dir='ltr'><strong>sed</strong></span> <span class='ocrx_word' id='word_1_683' title='bbox 3347 2996 3507 3050; x_wconf 88' lang='lat' dir='ltr'><strong>etiam</strong></span> <span class='ocrx_word' id='word_1_684' title='bbox 3548 2992 3697 3063; x_wconf 80' lang='lat' dir='ltr'><strong>quod.</strong></span> 
     </span>
    </p>
   </div>
   <div class='ocr_carea' id='block_1_85' title="bbox 2111 3086 3699 3159">
    <p class='ocr_par' dir='ltr' id='par_1_85' title="bbox 2111 3086 3699 3159">
     <span class='ocr_line' id='line_1_85' title="bbox 2111 3086 3699 3159; baseline -0.003 -15"><span class='ocrx_word' id='word_1_685' title='bbox 2111 3090 2333 3146; x_wconf 90' lang='lat' dir='ltr'><strong>alteram</strong></span> <span class='ocrx_word' id='word_1_686' title='bbox 2358 3090 2679 3159; x_wconf 73' lang='lat' dir='ltr'><strong>ei-procreas</strong></span> <span class='ocrx_word' id='word_1_687' title='bbox 2710 3089 3059 3157; x_wconf 90' lang='lat' dir='ltr'><strong>voluptatem,</strong></span> <span class='ocrx_word' id='word_1_688' title='bbox 3083 3087 3209 3143; x_wconf 91' lang='lat' dir='ltr'><strong>dum</strong></span> <span class='ocrx_word' id='word_1_689' title='bbox 3234 3088 3458 3155; x_wconf 86' lang='lat' dir='ltr'><strong>teipsum</strong></span> <span class='ocrx_word' id='word_1_690' title='bbox 3489 3086 3699 3142; x_wconf 77' lang='lat' dir='ltr'><strong>crucia-</strong></span> 
     </span>
    </p>
   </div>
   <div class='ocr_carea' id='block_1_86' title="bbox 2112 3176 3701 3248">
    <p class='ocr_par' dir='ltr' id='par_1_86' title="bbox 2112 3176 3701 3248">
     <span class='ocr_line' id='line_1_86' title="bbox 2112 3176 3701 3248; baseline -0.005 -11"><span class='ocrx_word' id='word_1_691' title='bbox 2112 3182 2225 3248; x_wconf 88' lang='lat' dir='ltr'><strong>ris;</strong></span> <span class='ocrx_word' id='word_1_692' title='bbox 2254 3191 2309 3235; x_wconf 89' lang='lat' dir='ltr'><strong>et</strong></span> <span class='ocrx_word' id='word_1_693' title='bbox 2329 3194 2516 3235; x_wconf 87' lang='lat' dir='ltr'><strong>rursus</strong></span> <span class='ocrx_word' id='word_1_694' title='bbox 2541 3179 2608 3234; x_wconf 92' lang='lat' dir='ltr'><strong>de</strong></span> <span class='ocrx_word' id='word_1_695' title='bbox 2634 3179 2698 3233; x_wconf 91' lang='lat' dir='ltr'><strong>iis</strong></span> <span class='ocrx_word' id='word_1_696' title='bbox 2739 3178 2808 3233; x_wconf 93' lang='lat' dir='ltr'><strong>de</strong></span> <span class='ocrx_word' id='word_1_697' title='bbox 2833 3178 3026 3248; x_wconf 90' lang='lat' dir='ltr'><strong>quibus</strong></span> <span class='ocrx_word' id='word_1_698' title='bbox 3052 3177 3202 3233; x_wconf 89' lang='lat' dir='ltr'><strong>doles</strong></span> <span class='ocrx_word' id='word_1_699' title='bbox 3221 3218 3236 3243; x_wconf 93' lang='lat'><strong>,</strong></span> <span class='ocrx_word' id='word_1_700' title='bbox 3270 3177 3357 3231; x_wconf 90' lang='lat' dir='ltr'><strong>ille</strong></span> <span class='ocrx_word' id='word_1_701' title='bbox 3384 3176 3598 3230; x_wconf 66' lang='lat' dir='ltr'><strong>laetatur</strong></span> <span class='ocrx_word' id='word_1_702' title='bbox 3642 3185 3701 3229; x_wconf 84' lang='lat' dir='ltr'><strong>te</strong></span> 
     </span>
    </p>
   </div>
   <div class='ocr_carea' id='block_1_87' title="bbox 2114 3265 3694 3342">
    <p class='ocr_par' dir='ltr' id='par_1_87' title="bbox 2114 3265 3694 3342">
     <span class='ocr_line' id='line_1_87' title="bbox 2114 3265 3694 3342; baseline -0.006 -12"><span class='ocrx_word' id='word_1_703' title='bbox 2114 3274 2406 3330; x_wconf 91' lang='lat' dir='ltr'><strong>invidente.</strong></span> <span class='ocrx_word' id='word_1_704' title='bbox 2441 3272 2575 3329; x_wconf 83' lang='lat' dir='ltr'><strong>Vide</strong></span> <span class='ocrx_word' id='word_1_705' title='bbox 2595 3286 2753 3342; x_wconf 87' lang='lat' dir='ltr'><strong>quam</strong></span> <span class='ocrx_word' id='word_1_706' title='bbox 2781 3286 2968 3342; x_wconf 82' lang='lat' dir='ltr'><strong>graves</strong></span> <span class='ocrx_word' id='word_1_707' title='bbox 2998 3269 3150 3324; x_wconf 89' lang='lat' dir='ltr'><strong>nobis</strong></span> <span class='ocrx_word' id='word_1_708' title='bbox 3172 3270 3352 3337; x_wconf 79' lang='lat' dir='ltr'><strong>plagas</strong></span> <span class='ocrx_word' id='word_1_709' title='bbox 3374 3265 3694 3334; x_wconf 80' lang='lat' dir='ltr'><strong>inﬂigimus,</strong></span> 
     </span>
    </p>
   </div>
   <div class='ocr_carea' id='block_1_88' title="bbox 2114 3354 3701 3427">
    <p class='ocr_par' dir='ltr' id='par_1_88' title="bbox 2114 3354 3701 3427">
     <span class='ocr_line' id='line_1_88' title="bbox 2114 3354 3701 3427; baseline -0.007 -7"><span class='ocrx_word' id='word_1_710' title='bbox 2114 3375 2168 3420; x_wconf 89' lang='lat' dir='ltr'><strong>et</strong></span> <span class='ocrx_word' id='word_1_711' title='bbox 2193 3380 2299 3420; x_wconf 89' lang='lat' dir='ltr'><strong>non</strong></span> <span class='ocrx_word' id='word_1_712' title='bbox 2342 3364 2624 3419; x_wconf 90' lang='lat' dir='ltr'><strong>sentimus.</strong></span> <span class='ocrx_word' id='word_1_713' title='bbox 2656 3363 2747 3417; x_wconf 89' lang='lat' dir='ltr'><strong>Est</strong></span> <span class='ocrx_word' id='word_1_714' title='bbox 2778 3361 3043 3416; x_wconf 89' lang='lat' dir='ltr'><strong>inimicus.</strong></span> <span class='ocrx_word' id='word_1_715' title='bbox 3076 3357 3231 3427; x_wconf 82' lang='lat' dir='ltr'><strong>Atqui</strong></span> <span class='ocrx_word' id='word_1_716' title='bbox 3258 3371 3355 3411; x_wconf 90' lang='lat' dir='ltr'><strong>cur</strong></span> <span class='ocrx_word' id='word_1_717' title='bbox 3398 3354 3650 3409; x_wconf 90' lang='lat' dir='ltr'><strong>inimicus</strong></span> <span class='ocrx_word' id='word_1_718' title='bbox 3672 3356 3701 3409; x_wconf 64' lang='grc'><strong>1⁸</strong></span> 
     </span>
    </p>
   </div>
   <div class='ocr_carea' id='block_1_89' title="bbox 2116 3447 3697 3530">
    <p class='ocr_par' dir='ltr' id='par_1_89' title="bbox 2116 3447 3697 3530">
     <span class='ocr_line' id='line_1_89' title="bbox 2116 3447 3697 3530; baseline -0.007 -17"><span class='ocrx_word' id='word_1_719' title='bbox 2116 3475 2275 3530; x_wconf 89' lang='lat' dir='ltr'><strong>quam</strong></span> <span class='ocrx_word' id='word_1_720' title='bbox 2303 3458 2395 3514; x_wconf 90' lang='lat' dir='ltr'><strong>tibi</strong></span> <span class='ocrx_word' id='word_1_721' title='bbox 2427 3457 2553 3514; x_wconf 86' lang='lat' dir='ltr'><strong>fecit</strong></span> <span class='ocrx_word' id='word_1_722' title='bbox 2574 3456 2857 3526; x_wconf 86' lang='lat' dir='ltr'><strong>injuriam?</strong></span> <span class='ocrx_word' id='word_1_723' title='bbox 2888 3454 2982 3509; x_wconf 88' lang='lat' dir='ltr'><strong>sed</strong></span> <span class='ocrx_word' id='word_1_724' title='bbox 3011 3465 3189 3519; x_wconf 80' lang='lat' dir='ltr'><strong>tamen</strong></span> <span class='ocrx_word' id='word_1_725' title='bbox 3211 3450 3477 3506; x_wconf 88' lang='lat' dir='ltr'><strong>inimicum</strong></span> <span class='ocrx_word' id='word_1_726' title='bbox 3506 3447 3697 3504; x_wconf 77' lang='lat' dir='ltr'><strong>reddi-</strong></span> 
     </span>
    </p>
   </div>
   <div class='ocr_carea' id='block_1_90' title="bbox 2117 3540 3699 3616">
    <p class='ocr_par' dir='ltr' id='par_1_90' title="bbox 2117 3540 3699 3616">
     <span class='ocr_line' id='line_1_90' title="bbox 2117 3540 3699 3616; baseline -0.008 -9"><span class='ocrx_word' id='word_1_727' title='bbox 2117 3568 2237 3608; x_wconf 85' lang='lat' dir='ltr'><strong>mus</strong></span> <span class='ocrx_word' id='word_1_728' title='bbox 2267 3550 2607 3605; x_wconf 88' lang='lat' dir='ltr'><strong>illustriorem</strong></span> <span class='ocrx_word' id='word_1_729' title='bbox 2634 3588 2650 3615; x_wconf 93' lang='lat'><strong>,</strong></span> <span class='ocrx_word' id='word_1_730' title='bbox 2707 3556 2761 3602; x_wconf 88' lang='lat' dir='ltr'><strong>et</strong></span> <span class='ocrx_word' id='word_1_731' title='bbox 2790 3562 2889 3602; x_wconf 93' lang='lat' dir='ltr'><strong>nos</strong></span> <span class='ocrx_word' id='word_1_732' title='bbox 2914 3546 3059 3616; x_wconf 85' lang='lat' dir='ltr'><strong>ipsos</strong></span> <span class='ocrx_word' id='word_1_733' title='bbox 3089 3545 3257 3615; x_wconf 88' lang='lat' dir='ltr'><strong>magis</strong></span> <span class='ocrx_word' id='word_1_734' title='bbox 3284 3543 3550 3614; x_wconf 84' lang='lat' dir='ltr'><strong>ponimus.</strong></span> <span class='ocrx_word' id='word_1_735' title='bbox 3578 3540 3699 3596; x_wconf 85' lang='lat' dir='ltr'><strong>lloe</strong></span> 
     </span>
    </p>
   </div>
   <div class='ocr_carea' id='block_1_91' title="bbox 2119 3632 3705 3712">
    <p class='ocr_par' dir='ltr' id='par_1_91' title="bbox 2119 3632 3705 3712">
     <span class='ocr_line' id='line_1_91' title="bbox 2119 3632 3705 3712; baseline -0.007 -12"><span class='ocrx_word' id='word_1_736' title='bbox 2119 3658 2306 3700; x_wconf 88' lang='lat' dir='ltr'><strong>rursus</strong></span> <span class='ocrx_word' id='word_1_737' title='bbox 2330 3658 2429 3699; x_wconf 91' lang='lat' dir='ltr'><strong>nos</strong></span> <span class='ocrx_word' id='word_1_738' title='bbox 2467 3643 2610 3712; x_wconf 90' lang='lat' dir='ltr'><strong>ipsos</strong></span> <span class='ocrx_word' id='word_1_739' title='bbox 2635 3642 2936 3695; x_wconf 89' lang='lat' dir='ltr'><strong>cruciamus</strong></span> <span class='ocrx_word' id='word_1_740' title='bbox 2958 3678 2973 3705; x_wconf 94' lang='lat'><strong>,</strong></span> <span class='ocrx_word' id='word_1_741' title='bbox 3002 3638 3048 3693; x_wconf 91' lang='lat' dir='ltr'><strong>si</strong></span> <span class='ocrx_word' id='word_1_742' title='bbox 3077 3636 3402 3694; x_wconf 90' lang='lat' dir='ltr'><strong>senserimus</strong></span> <span class='ocrx_word' id='word_1_743' title='bbox 3426 3632 3569 3706; x_wconf 89' lang='lat' dir='ltr'><strong>quod</strong></span> <span class='ocrx_word' id='word_1_744' title='bbox 3607 3634 3705 3689; x_wconf 81' lang='lat' dir='ltr'><strong>ille</strong></span> 
     </span>
    </p>
   </div>
   <div class='ocr_carea' id='block_1_92' title="bbox 2119 3728 3699 3808">
    <p class='ocr_par' dir='ltr' id='par_1_92' title="bbox 2119 3728 3699 3808">
     <span class='ocr_line' id='line_1_92' title="bbox 2119 3728 3699 3808; baseline -0.007 -16"><span class='ocrx_word' id='word_1_745' title='bbox 2119 3737 2446 3808; x_wconf 86' lang='lat' dir='ltr'><strong>cognoverit.</strong></span> <span class='ocrx_word' id='word_1_746' title='bbox 2494 3734 2626 3789; x_wconf 89' lang='lat' dir='ltr'><strong>Nam</strong></span> <span class='ocrx_word' id='word_1_747' title='bbox 2683 3734 2772 3789; x_wconf 90' lang='lat' dir='ltr'><strong>ille</strong></span> <span class='ocrx_word' id='word_1_748' title='bbox 2798 3732 3011 3804; x_wconf 89' lang='lat' dir='ltr'><strong>quidem</strong></span> <span class='ocrx_word' id='word_1_749' title='bbox 3056 3732 3282 3787; x_wconf 87' lang='lat' dir='ltr'><strong>fortasse</strong></span> <span class='ocrx_word' id='word_1_750' title='bbox 3332 3743 3439 3784; x_wconf 91' lang='lat' dir='ltr'><strong>non</strong></span> <span class='ocrx_word' id='word_1_751' title='bbox 3469 3728 3699 3792; x_wconf 62' lang='lat' dir='ltr'><strong>laetatur,</strong></span> 
     </span>
    </p>
   </div>
   <div class='ocr_carea' id='block_1_93' title="bbox 2119 3819 3699 3896">
    <p class='ocr_par' dir='ltr' id='par_1_93' title="bbox 2119 3819 3699 3896">
     <span class='ocr_line' id='line_1_93' title="bbox 2119 3819 3699 3896; baseline -0.004 -14"><span class='ocrx_word' id='word_1_752' title='bbox 2119 3844 2220 3883; x_wconf 89' lang='lat' dir='ltr'><strong>nos</strong></span> <span class='ocrx_word' id='word_1_753' title='bbox 2244 3837 2421 3883; x_wconf 91' lang='lat' dir='ltr'><strong>autem</strong></span> <span class='ocrx_word' id='word_1_754' title='bbox 2450 3834 2693 3896; x_wconf 89' lang='lat' dir='ltr'><strong>putantes</strong></span> <span class='ocrx_word' id='word_1_755' title='bbox 2723 3840 2844 3879; x_wconf 90' lang='lat' dir='ltr'><strong>eum</strong></span> <span class='ocrx_word' id='word_1_756' title='bbox 2875 3823 3061 3890; x_wconf 78' lang='lat' dir='ltr'><strong>laetari,</strong></span> <span class='ocrx_word' id='word_1_757' title='bbox 3084 3836 3268 3877; x_wconf 89' lang='lat' dir='ltr'><strong>rursus</strong></span> <span class='ocrx_word' id='word_1_758' title='bbox 3296 3829 3575 3891; x_wconf 87' lang='lat' dir='ltr'><strong>propterea</strong></span> <span class='ocrx_word' id='word_1_759' title='bbox 3598 3819 3699 3875; x_wconf 84' lang='lat' dir='ltr'><strong>do-</strong></span> 
     </span>
    </p>
   </div>
   <div class='ocr_carea' id='block_1_94' title="bbox 2122 3909 3704 3987">
    <p class='ocr_par' dir='ltr' id='par_1_94' title="bbox 2122 3909 3704 3987">
     <span class='ocr_line' id='line_1_94' title="bbox 2122 3909 3704 3987; baseline -0.008 -11"><span class='ocrx_word' id='word_1_760' title='bbox 2122 3922 2311 3976; x_wconf 88' lang='lat' dir='ltr'><strong>lemus.</strong></span> <span class='ocrx_word' id='word_1_761' title='bbox 2338 3920 2501 3974; x_wconf 88' lang='lat' dir='ltr'><strong>Cessa</strong></span> <span class='ocrx_word' id='word_1_762' title='bbox 2527 3932 2656 3987; x_wconf 88' lang='lat' dir='ltr'><strong>ergo</strong></span> <span class='ocrx_word' id='word_1_763' title='bbox 2683 3915 2957 3971; x_wconf 87' lang='lat' dir='ltr'><strong>invidere:</strong></span> <span class='ocrx_word' id='word_1_764' title='bbox 2989 3929 3088 3970; x_wconf 87' lang='lat' dir='ltr'><strong>cur</strong></span> <span class='ocrx_word' id='word_1_765' title='bbox 3112 3911 3317 3983; x_wconf 89' lang='lat' dir='ltr'><strong>tibiipsi</strong></span> <span class='ocrx_word' id='word_1_766' title='bbox 3335 3911 3563 3982; x_wconf 88' lang='lat' dir='ltr'><strong>imponis</strong></span> <span class='ocrx_word' id='word_1_767' title='bbox 3588 3909 3704 3964; x_wconf 85' lang='lat' dir='ltr'><strong>vui-</strong></span> 
     </span>
    </p>
   </div>
   <div class='ocr_carea' id='block_1_95' title="bbox 2121 4003 3703 4080">
    <p class='ocr_par' dir='ltr' id='par_1_95' title="bbox 2121 4003 3703 4080">
     <span class='ocr_line' id='line_1_95' title="bbox 2121 4003 3703 4080; baseline -0.008 -13"><span class='ocrx_word' id='word_1_768' title='bbox 2121 4011 2294 4067; x_wconf 88' lang='lat' dir='ltr'><strong>nera?</strong></span> <span class='ocrx_word' id='word_1_769' title='bbox 2322 4010 2450 4065; x_wconf 77' lang='lat' dir='ltr'><strong>Haec</strong></span> <span class='ocrx_word' id='word_1_770' title='bbox 2479 4010 2795 4080; x_wconf 87' lang='lat' dir='ltr'><strong>cogitemus,</strong></span> <span class='ocrx_word' id='word_1_771' title='bbox 2825 4022 2857 4061; x_wconf 95' lang='grc' dir='ltr'><strong>ο</strong></span> <span class='ocrx_word' id='word_1_772' title='bbox 2879 4006 3104 4072; x_wconf 84' lang='lat' dir='ltr'><strong>dilecti,</strong></span> <span class='ocrx_word' id='word_1_773' title='bbox 3128 4019 3323 4074; x_wconf 88' lang='lat' dir='ltr'><strong>nempe</strong></span> <span class='ocrx_word' id='word_1_774' title='bbox 3351 4003 3588 4073; x_wconf 85' lang='lat' dir='ltr'><strong>duplices</strong></span> <span class='ocrx_word' id='word_1_775' title='bbox 3608 4016 3703 4056; x_wconf 87' lang='lat' dir='ltr'><strong>co-</strong></span> 
     </span>
    </p>
   </div>
   <div class='ocr_carea' id='block_1_96' title="bbox 2122 4090 3709 4169">
    <p class='ocr_par' dir='ltr' id='par_1_96' title="bbox 2122 4090 3709 4169">
     <span class='ocr_line' id='line_1_96' title="bbox 2122 4090 3709 4169; baseline -0.01 -9"><span class='ocrx_word' id='word_1_776' title='bbox 2122 4118 2284 4159; x_wconf 86' lang='lat' dir='ltr'><strong>ronas</strong></span> <span class='ocrx_word' id='word_1_777' title='bbox 2323 4116 2507 4156; x_wconf 91' lang='lat' dir='ltr'><strong>eorum</strong></span> <span class='ocrx_word' id='word_1_778' title='bbox 2553 4098 2647 4169; x_wconf 90' lang='lat' dir='ltr'><strong>qni</strong></span> <span class='ocrx_word' id='word_1_779' title='bbox 2685 4114 2791 4153; x_wconf 89' lang='lat' dir='ltr'><strong>non</strong></span> <span class='ocrx_word' id='word_1_780' title='bbox 2833 4095 3118 4152; x_wconf 89' lang='lat' dir='ltr'><strong>invident:</strong></span> <span class='ocrx_word' id='word_1_781' title='bbox 3170 4094 3356 4150; x_wconf 88' lang='lat' dir='ltr'><strong>laudes</strong></span> <span class='ocrx_word' id='word_1_782' title='bbox 3393 4092 3594 4148; x_wconf 89' lang='lat' dir='ltr'><strong>scilicet</strong></span> <span class='ocrx_word' id='word_1_783' title='bbox 3631 4090 3709 4144; x_wconf 86' lang='lat' dir='ltr'><strong>ab</strong></span> 
     </span>
    </p>
   </div>
   <div class='ocr_carea' id='block_1_97' title="bbox 2123 4180 3703 4256">
    <p class='ocr_par' dir='ltr' id='par_1_97' title="bbox 2123 4180 3703 4256">
     <span class='ocr_line' id='line_1_97' title="bbox 2123 4180 3703 4256; baseline -0.009 -8"><span class='ocrx_word' id='word_1_784' title='bbox 2123 4192 2451 4256; x_wconf 88' lang='lat' dir='ltr'><strong>hominibus,</strong></span> <span class='ocrx_word' id='word_1_785' title='bbox 2476 4189 2664 4244; x_wconf 90' lang='lat' dir='ltr'><strong>laudes</strong></span> <span class='ocrx_word' id='word_1_786' title='bbox 2681 4205 2710 4242; x_wconf 90' lang='lat' dir='ltr'><strong>a</strong></span> <span class='ocrx_word' id='word_1_787' title='bbox 2734 4189 2863 4253; x_wconf 90' lang='lat' dir='ltr'><strong>Deo,</strong></span> <span class='ocrx_word' id='word_1_788' title='bbox 2892 4197 2947 4242; x_wconf 92' lang='lat' dir='ltr'><strong>et</strong></span> <span class='ocrx_word' id='word_1_789' title='bbox 2971 4186 3110 4241; x_wconf 88' lang='lat' dir='ltr'><strong>mala</strong></span> <span class='ocrx_word' id='word_1_790' title='bbox 3133 4201 3251 4256; x_wconf 67' lang='lat' dir='ltr'><strong>quae</strong></span> <span class='ocrx_word' id='word_1_791' title='bbox 3271 4185 3515 4240; x_wconf 83' lang='lat' dir='ltr'><strong>oriuntur</strong></span> <span class='ocrx_word' id='word_1_792' title='bbox 3533 4197 3599 4238; x_wconf 82' lang='lat' dir='ltr'><strong>ex</strong></span> <span class='ocrx_word' id='word_1_793' title='bbox 3616 4180 3703 4235; x_wconf 75' lang='lat' dir='ltr'><strong>in-</strong></span> 
     </span>
    </p>
   </div>
   <div class='ocr_carea' id='block_1_98' title="bbox 2124 4276 3707 4350">
    <p class='ocr_par' dir='ltr' id='par_1_98' title="bbox 2124 4276 3707 4350">
     <span class='ocr_line' id='line_1_98' title="bbox 2124 4276 3707 4350; baseline -0.009 -13"><span class='ocrx_word' id='word_1_794' title='bbox 2124 4283 2305 4348; x_wconf 85' lang='lat' dir='ltr'><strong>vidia;</strong></span> <span class='ocrx_word' id='word_1_795' title='bbox 2337 4292 2392 4336; x_wconf 89' lang='lat' dir='ltr'><strong>et</strong></span> <span class='ocrx_word' id='word_1_796' title='bbox 2419 4281 2498 4336; x_wconf 89' lang='lat' dir='ltr'><strong>sic</strong></span> <span class='ocrx_word' id='word_1_797' title='bbox 2523 4278 2688 4334; x_wconf 85' lang='lat' dir='ltr'><strong>feram</strong></span> <span class='ocrx_word' id='word_1_798' title='bbox 2727 4278 3020 4350; x_wconf 89' lang='lat' dir='ltr'><strong>poterimus</strong></span> <span class='ocrx_word' id='word_1_799' title='bbox 3045 4276 3408 4344; x_wconf 81' lang='lat' dir='ltr'><strong>exstinguere,</strong></span> <span class='ocrx_word' id='word_1_800' title='bbox 3430 4282 3484 4329; x_wconf 89' lang='lat' dir='ltr'><strong>et</strong></span> <span class='ocrx_word' id='word_1_801' title='bbox 3521 4285 3707 4327; x_wconf 84' lang='lat' dir='ltr'><strong>coram</strong></span> 
     </span>
    </p>
   </div>
   <div class='ocr_carea' id='block_1_99' title="bbox 2125 4363 3709 4441">
    <p class='ocr_par' dir='ltr' id='par_1_99' title="bbox 2125 4363 3709 4441">
     <span class='ocr_line' id='line_1_99' title="bbox 2125 4363 3709 4441; baseline -0.01 -9"><span class='ocrx_word' id='word_1_802' title='bbox 2125 4376 2237 4431; x_wconf 89' lang='lat' dir='ltr'><strong>Deo</strong></span> <span class='ocrx_word' id='word_1_803' title='bbox 2283 4372 2507 4441; x_wconf 89' lang='lat' dir='ltr'><strong>laudari,</strong></span> <span class='ocrx_word' id='word_1_804' title='bbox 2536 4380 2591 4428; x_wconf 88' lang='lat' dir='ltr'><strong>et</strong></span> <span class='ocrx_word' id='word_1_805' title='bbox 2618 4373 2669 4427; x_wconf 91' lang='lat' dir='ltr'><strong>in</strong></span> <span class='ocrx_word' id='word_1_806' title='bbox 2697 4372 2833 4427; x_wconf 92' lang='lat' dir='ltr'><strong>bona</strong></span> <span class='ocrx_word' id='word_1_807' title='bbox 2862 4385 2982 4427; x_wconf 84' lang='lat' dir='ltr'><strong>esse</strong></span> <span class='ocrx_word' id='word_1_808' title='bbox 3000 4366 3417 4434; x_wconf 86' lang='lat' dir='ltr'><strong>existimatione,</strong></span> <span class='ocrx_word' id='word_1_809' title='bbox 3444 4363 3709 4420; x_wconf 86' lang='lat' dir='ltr'><strong>eteadem</strong></span> 
     </span>
    </p>
   </div>
   <div class='ocr_carea' id='block_1_100' title="bbox 2125 4456 3709 4542">
    <p class='ocr_par' dir='ltr' id='par_1_100' title="bbox 2125 4456 3709 4542">
     <span class='ocr_line' id='line_1_100' title="bbox 2125 4456 3709 4542; baseline -0.008 -20"><span class='ocrx_word' id='word_1_810' title='bbox 2125 4471 2335 4542; x_wconf 87' lang='lat' dir='ltr'><strong>assequi</strong></span> <span class='ocrx_word' id='word_1_811' title='bbox 2365 4484 2485 4540; x_wconf 69' lang='lat' dir='ltr'><strong>qua:</strong></span> <span class='ocrx_word' id='word_1_812' title='bbox 2516 4467 2550 4522; x_wconf 91' lang='lat' dir='ltr'><strong>ii</strong></span> <span class='ocrx_word' id='word_1_813' title='bbox 2579 4481 2802 4536; x_wconf 79' lang='lat' dir='ltr'><strong>quarunt</strong></span> <span class='ocrx_word' id='word_1_814' title='bbox 2821 4472 2900 4520; x_wconf 91' lang='lat' dir='ltr'><strong>est</strong></span> <span class='ocrx_word' id='word_1_815' title='bbox 2922 4463 3060 4519; x_wconf 89' lang='lat' dir='ltr'><strong>bona</strong></span> <span class='ocrx_word' id='word_1_816' title='bbox 3085 4459 3408 4517; x_wconf 82' lang='lat' dir='ltr'><strong>existimatio</strong></span> <span class='ocrx_word' id='word_1_817' title='bbox 3440 4471 3455 4512; x_wconf 88' lang='lat'><strong>:</strong></span> <span class='ocrx_word' id='word_1_818' title='bbox 3484 4456 3709 4512; x_wconf 80' lang='lat' dir='ltr'><strong>fortasse</strong></span> 
     </span>
    </p>
   </div>
   <div class='ocr_carea' id='block_1_101' title="bbox 2128 4556 3709 4632">
    <p class='ocr_par' dir='ltr' id='par_1_101' title="bbox 2128 4556 3709 4632">
     <span class='ocr_line' id='line_1_101' title="bbox 2128 4556 3709 4632; baseline -0.013 -12"><span class='ocrx_word' id='word_1_819' title='bbox 2128 4563 2276 4620; x_wconf 86' lang='lat' dir='ltr'><strong>enim</strong></span> <span class='ocrx_word' id='word_1_820' title='bbox 2330 4574 2716 4632; x_wconf 89' lang='lat' dir='ltr'><strong>assequemur:</strong></span> <span class='ocrx_word' id='word_1_821' title='bbox 2746 4556 2890 4627; x_wconf 90' lang='lat' dir='ltr'><strong>quod</strong></span> <span class='ocrx_word' id='word_1_822' title='bbox 2934 4556 2980 4611; x_wconf 91' lang='lat' dir='ltr'><strong>si</strong></span> <span class='ocrx_word' id='word_1_823' title='bbox 3030 4569 3139 4609; x_wconf 88' lang='lat' dir='ltr'><strong>non</strong></span> <span class='ocrx_word' id='word_1_824' title='bbox 3181 4563 3560 4621; x_wconf 89' lang='lat' dir='ltr'><strong>assequamur,</strong></span> <span class='ocrx_word' id='word_1_825' title='bbox 3603 4562 3709 4600; x_wconf 87' lang='lat' dir='ltr'><strong>non</strong></span> 
     </span>
    </p>
   </div>
   <div class='ocr_carea' id='block_1_102' title="bbox 2128 4642 3715 4724">
    <p class='ocr_par' dir='ltr' id='par_1_102' title="bbox 2128 4642 3715 4724">
     <span class='ocr_line' id='line_1_102' title="bbox 2128 4642 3715 4724; baseline -0.013 -14"><span class='ocrx_word' id='word_1_826' title='bbox 2128 4669 2477 4724; x_wconf 85' lang='lat' dir='ltr'><strong>assequemur</strong></span> <span class='ocrx_word' id='word_1_827' title='bbox 2504 4650 2646 4722; x_wconf 89' lang='lat' dir='ltr'><strong>quod</strong></span> <span class='ocrx_word' id='word_1_828' title='bbox 2679 4664 2783 4704; x_wconf 86' lang='lat' dir='ltr'><strong>non</strong></span> <span class='ocrx_word' id='word_1_829' title='bbox 2809 4646 3058 4716; x_wconf 84' lang='lat' dir='ltr'><strong>expediat</strong></span> <span class='ocrx_word' id='word_1_830' title='bbox 3087 4660 3101 4698; x_wconf 92' lang='lat'><strong>:</strong></span> <span class='ocrx_word' id='word_1_831' title='bbox 3137 4642 3432 4715; x_wconf 85' lang='lat' dir='ltr'><strong>poterimus</strong></span> <span class='ocrx_word' id='word_1_832' title='bbox 3456 4651 3635 4693; x_wconf 85' lang='lat' dir='ltr'><strong>tamen</strong></span> <span class='ocrx_word' id='word_1_833' title='bbox 3657 4646 3715 4691; x_wconf 87' lang='lat' dir='ltr'><strong>et</strong></span> 
     </span>
    </p>
   </div>
   <div class='ocr_carea' id='block_1_103' title="bbox 2131 4730 3713 4813">
    <p class='ocr_par' dir='ltr' id='par_1_103' title="bbox 2131 4730 3713 4813">
     <span class='ocr_line' id='line_1_103' title="bbox 2131 4730 3713 4813; baseline -0.013 -11"><span class='ocrx_word' id='word_1_834' title='bbox 2131 4747 2233 4813; x_wconf 89' lang='lat' dir='ltr'><strong>sic,</strong></span> <span class='ocrx_word' id='word_1_835' title='bbox 2262 4760 2383 4801; x_wconf 92' lang='lat' dir='ltr'><strong>cum</strong></span> <span class='ocrx_word' id='word_1_836' title='bbox 2414 4744 2481 4799; x_wconf 84' lang='lat' dir='ltr'><strong>ad</strong></span> <span class='ocrx_word' id='word_1_837' title='bbox 2510 4744 2601 4798; x_wconf 87' lang='lat' dir='ltr'><strong>Dei</strong></span> <span class='ocrx_word' id='word_1_838' title='bbox 2629 4741 2851 4811; x_wconf 82' lang='lat' dir='ltr'><strong>gloriam</strong></span> <span class='ocrx_word' id='word_1_839' title='bbox 2885 4738 3174 4792; x_wconf 85' lang='lat' dir='ltr'><strong>vixerimus</strong></span> <span class='ocrx_word' id='word_1_840' title='bbox 3197 4777 3214 4803; x_wconf 88' lang='lat'><strong>,</strong></span> <span class='ocrx_word' id='word_1_841' title='bbox 3259 4735 3399 4790; x_wconf 86' lang='lat' dir='ltr'><strong>bona</strong></span> <span class='ocrx_word' id='word_1_842' title='bbox 3448 4730 3713 4801; x_wconf 88' lang='lat' dir='ltr'><strong>promissa</strong></span> 
     </span>
    </p>
   </div>
   <div class='ocr_carea' id='block_1_104' title="bbox 2132 4822 3715 4908">
    <p class='ocr_par' dir='ltr' id='par_1_104' title="bbox 2132 4822 3715 4908">
     <span class='ocr_line' id='line_1_104' title="bbox 2132 4822 3715 4908; baseline -0.012 -15"><span class='ocrx_word' id='word_1_843' title='bbox 2132 4837 2390 4908; x_wconf 81' lang='lat' dir='ltr'><strong>consequi</strong></span> <span class='ocrx_word' id='word_1_844' title='bbox 2422 4836 2488 4890; x_wconf 90' lang='lat' dir='ltr'><strong>iis</strong></span> <span class='ocrx_word' id='word_1_845' title='bbox 2516 4834 2607 4904; x_wconf 92' lang='lat' dir='ltr'><strong>qui</strong></span> <span class='ocrx_word' id='word_1_846' title='bbox 2638 4834 2808 4902; x_wconf 90' lang='lat' dir='ltr'><strong>ipsum</strong></span> <span class='ocrx_word' id='word_1_847' title='bbox 2838 4830 3084 4901; x_wconf 88' lang='lat' dir='ltr'><strong>diligunt,</strong></span> <span class='ocrx_word' id='word_1_848' title='bbox 3115 4828 3284 4898; x_wconf 88' lang='lat' dir='ltr'><strong>gratia</strong></span> <span class='ocrx_word' id='word_1_849' title='bbox 3314 4834 3368 4879; x_wconf 91' lang='lat' dir='ltr'><strong>et</strong></span> <span class='ocrx_word' id='word_1_850' title='bbox 3387 4822 3715 4892; x_wconf 84' lang='lat' dir='ltr'><strong>benignitate</strong></span> 
     </span>
    </p>
   </div>
   <div class='ocr_carea' id='block_1_105' title="bbox 2135 4911 3715 4985">
    <p class='ocr_par' dir='ltr' id='par_1_105' title="bbox 2135 4911 3715 4985">
     <span class='ocr_line' id='line_1_105' title="bbox 2135 4911 3715 4985; baseline -0.015 0"><span class='ocrx_word' id='word_1_851' title='bbox 2135 4929 2347 4985; x_wconf 91' lang='lat' dir='ltr'><strong>Domini</strong></span> <span class='ocrx_word' id='word_1_852' title='bbox 2389 4925 2564 4982; x_wconf 90' lang='lat' dir='ltr'><strong>nostri</strong></span> <span class='ocrx_word' id='word_1_853' title='bbox 2590 4924 2717 4980; x_wconf 85' lang='lat' dir='ltr'><strong>Jesu</strong></span> <span class='ocrx_word' id='word_1_854' title='bbox 2743 4922 2962 4985; x_wconf 86' lang='lat' dir='ltr'><strong>Christi,</strong></span> <span class='ocrx_word' id='word_1_855' title='bbox 2994 4921 3077 4975; x_wconf 91' lang='lat' dir='ltr'><strong>cui</strong></span> <span class='ocrx_word' id='word_1_856' title='bbox 3104 4934 3225 4974; x_wconf 91' lang='lat' dir='ltr'><strong>cum</strong></span> <span class='ocrx_word' id='word_1_857' title='bbox 3255 4916 3413 4971; x_wconf 90' lang='lat' dir='ltr'><strong>Patre</strong></span> <span class='ocrx_word' id='word_1_858' title='bbox 3439 4922 3495 4968; x_wconf 90' lang='lat' dir='ltr'><strong>et</strong></span> <span class='ocrx_word' id='word_1_859' title='bbox 3514 4911 3715 4980; x_wconf 89' lang='lat' dir='ltr'><strong>Spiritu</strong></span> 
     </span>
    </p>
   </div>
   <div class='ocr_carea' id='block_1_106' title="bbox 2135 5002 3718 5089">
    <p class='ocr_par' dir='ltr' id='par_1_106' title="bbox 2135 5002 3718 5089">
     <span class='ocr_line' id='line_1_106' title="bbox 2135 5002 3718 5089; baseline -0.012 -14"><span class='ocrx_word' id='word_1_860' title='bbox 2135 5028 2322 5075; x_wconf 89' lang='lat' dir='ltr'><strong>sancto</strong></span> <span class='ocrx_word' id='word_1_861' title='bbox 2341 5016 2529 5089; x_wconf 90' lang='lat' dir='ltr'><strong>gloria,</strong></span> <span class='ocrx_word' id='word_1_862' title='bbox 2552 5015 2857 5085; x_wconf 86' lang='lat' dir='ltr'><strong>imperium,</strong></span> <span class='ocrx_word' id='word_1_863' title='bbox 2884 5012 3078 5079; x_wconf 90' lang='lat' dir='ltr'><strong>honor,</strong></span> <span class='ocrx_word' id='word_1_864' title='bbox 3105 5023 3248 5065; x_wconf 91' lang='lat' dir='ltr'><strong>nunc</strong></span> <span class='ocrx_word' id='word_1_865' title='bbox 3265 5016 3320 5064; x_wconf 90' lang='lat' dir='ltr'><strong>et</strong></span> <span class='ocrx_word' id='word_1_866' title='bbox 3338 5019 3574 5076; x_wconf 86' lang='lat' dir='ltr'><strong>semper,</strong></span> <span class='ocrx_word' id='word_1_867' title='bbox 3592 5009 3647 5058; x_wconf 90' lang='lat' dir='ltr'><strong>et</strong></span> <span class='ocrx_word' id='word_1_868' title='bbox 3662 5002 3718 5056; x_wconf 87' lang='lat' dir='ltr'><strong>in</strong></span> 
     </span>
    </p>
   </div>
   <div class='ocr_carea' id='block_1_107' title="bbox 2137 5104 2925 5167">
    <p class='ocr_par' dir='ltr' id='par_1_107' title="bbox 2137 5104 2925 5167">
     <span class='ocr_line' id='line_1_107' title="bbox 2137 5104 2925 5167; baseline -0.011 -1"><span class='ocrx_word' id='word_1_869' title='bbox 2137 5109 2331 5167; x_wconf 63' lang='lat' dir='ltr'><strong>saaeula</strong></span> <span class='ocrx_word' id='word_1_870' title='bbox 2361 5106 2701 5163; x_wconf 69' lang='lat' dir='ltr'><strong>saeculorum.</strong></span> <span class='ocrx_word' id='word_1_871' title='bbox 2733 5104 2925 5158; x_wconf 83' lang='lat' dir='ltr'><strong>Amen.</strong></span> 
     </span>
    </p>
   </div>
   <div class='ocr_carea' id='block_1_108' title="bbox 446 5202 3719 5251">
    <p class='ocr_par' dir='ltr' id='par_1_108' title="bbox 446 5202 3719 5251">
     <span class='ocr_line' id='line_1_108' title="bbox 446 5202 3719 5251; baseline -0.005 -19"><span class='ocrx_word' id='word_1_872' title='bbox 446 5202 3719 5251; x_wconf 79' lang='lat'><strong>______________________________________..__..</strong></span> 
     </span>
    </p>
   </div>
   <div class='ocr_carea' id='block_1_109' title="bbox 1880 5250 2413 5360">
    <p class='ocr_par' dir='ltr' id='par_1_109' title="bbox 1880 5250 2413 5360">
     <span class='ocr_line' id='line_1_109' title="bbox 1880 5250 2413 5360; baseline -0.015 1"><span class='ocrx_word' id='word_1_873' title='bbox 1880 5296 2227 5360; x_wconf 73' lang='lat' dir='ltr'><strong>nonath</strong></span> <span class='ocrx_word' id='word_1_874' title='bbox 2265 5250 2413 5357; x_wconf 75' lang='lat' dir='ltr'><strong>XII.</strong></span> 
     </span>
    </p>
   </div>
   <div class='ocr_carea' id='block_1_110' title="bbox 450 5426 2032 5501">
    <p class='ocr_par' dir='ltr' id='par_1_110' title="bbox 450 5426 2032 5501">
     <span class='ocr_line' id='line_1_110' title="bbox 450 5426 2032 5501; baseline -0.009 -9"><span class='ocrx_word' id='word_1_875' title='bbox 450 5436 580 5494; x_wconf 72' lang='lat' dir='ltr'><strong>CAP.</strong></span> <span class='ocrx_word' id='word_1_876' title='bbox 609 5439 664 5493; x_wconf 77' lang='grc'><strong>4.</strong></span> <span class='ocrx_word' id='word_1_877' title='bbox 685 5452 739 5492; x_wconf 81' lang='grc' dir='ltr'><strong>ν.</strong></span> <span class='ocrx_word' id='word_1_878' title='bbox 768 5436 857 5492; x_wconf 72' lang='lat' dir='ltr'><strong>l2.</strong></span> <span class='ocrx_word' id='word_1_879' title='bbox 882 5436 1088 5493; x_wconf 84' lang='lat' dir='ltr'><strong>Salutat</strong></span> <span class='ocrx_word' id='word_1_880' title='bbox 1123 5450 1210 5488; x_wconf 75' lang='lat' dir='ltr'><strong>vos</strong></span> <span class='ocrx_word' id='word_1_881' title='bbox 1243 5431 1516 5501; x_wconf 77' lang='lat' dir='ltr'><strong>Epaphras</strong></span> <span class='ocrx_word' id='word_1_882' title='bbox 1537 5470 1551 5493; x_wconf 95' lang='lat'><strong>,</strong></span> <span class='ocrx_word' id='word_1_883' title='bbox 1577 5428 1665 5499; x_wconf 84' lang='lat' dir='ltr'><strong>qui</strong></span> <span class='ocrx_word' id='word_1_884' title='bbox 1687 5442 1752 5481; x_wconf 76' lang='lat' dir='ltr'><strong>ea:</strong></span> <span class='ocrx_word' id='word_1_885' title='bbox 1775 5426 1911 5480; x_wconf 80' lang='lat' dir='ltr'><strong>vobis</strong></span> <span class='ocrx_word' id='word_1_886' title='bbox 1936 5434 2032 5493; x_wconf 84' lang='lat' dir='ltr'><strong>est,</strong></span> 
     </span>
    </p>
   </div>
   <div class='ocr_carea' id='block_1_111' title="bbox 527 5505 2034 5595">
    <p class='ocr_par' dir='ltr' id='par_1_111' title="bbox 527 5505 2034 5595">
     <span class='ocr_line' id='line_1_111' title="bbox 527 5505 2034 5595; baseline -0.011 -10"><span class='ocrx_word' id='word_1_887' title='bbox 527 5545 699 5585; x_wconf 74' lang='lat' dir='ltr'><strong>cervus</strong></span> <span class='ocrx_word' id='word_1_888' title='bbox 732 5527 922 5584; x_wconf 83' lang='lat' dir='ltr'><strong>Christi</strong></span> <span class='ocrx_word' id='word_1_889' title='bbox 944 5568 959 5593; x_wconf 92' lang='lat'><strong>,</strong></span> <span class='ocrx_word' id='word_1_890' title='bbox 990 5505 1187 5595; x_wconf 47' lang='lat' dir='ltr'><strong>sempEr</strong></span> <span class='ocrx_word' id='word_1_891' title='bbox 1210 5522 1455 5578; x_wconf 84' lang='lat' dir='ltr'><strong>sollicitus</strong></span> <span class='ocrx_word' id='word_1_892' title='bbox 1481 5536 1574 5591; x_wconf 86' lang='lat' dir='ltr'><strong>pro</strong></span> <span class='ocrx_word' id='word_1_893' title='bbox 1601 5519 1737 5572; x_wconf 84' lang='lat' dir='ltr'><strong>vobis</strong></span> <span class='ocrx_word' id='word_1_894' title='bbox 1762 5518 1814 5571; x_wconf 86' lang='lat' dir='ltr'><strong>in</strong></span> <span class='ocrx_word' id='word_1_895' title='bbox 1840 5516 2034 5570; x_wconf 84' lang='lat' dir='ltr'><strong>oratio-</strong></span> 
     </span>
    </p>
   </div>
   <div class='ocr_carea' id='block_1_112' title="bbox 525 5610 2037 5688">
    <p class='ocr_par' dir='ltr' id='par_1_112' title="bbox 525 5610 2037 5688">
     <span class='ocr_line' id='line_1_112' title="bbox 525 5610 2037 5688; baseline -0.01 -13"><span class='ocrx_word' id='word_1_896' title='bbox 525 5621 672 5675; x_wconf 76' lang='lat' dir='ltr'><strong>nibus</strong></span> <span class='ocrx_word' id='word_1_897' title='bbox 696 5664 710 5687; x_wconf 90' lang='lat'><strong>,</strong></span> <span class='ocrx_word' id='word_1_898' title='bbox 752 5630 806 5674; x_wconf 82' lang='lat' dir='ltr'><strong>ut</strong></span> <span class='ocrx_word' id='word_1_899' title='bbox 840 5621 976 5675; x_wconf 83' lang='lat' dir='ltr'><strong>stetis</strong></span> <span class='ocrx_word' id='word_1_900' title='bbox 1001 5617 1249 5688; x_wconf 79' lang='lat' dir='ltr'><strong>perfecti,</strong></span> <span class='ocrx_word' id='word_1_901' title='bbox 1285 5624 1331 5669; x_wconf 81' lang='lat' dir='ltr'><strong>et</strong></span> <span class='ocrx_word' id='word_1_902' title='bbox 1358 5614 1493 5685; x_wconf 85' lang='lat' dir='ltr'><strong>pleni</strong></span> <span class='ocrx_word' id='word_1_903' title='bbox 1530 5613 1582 5666; x_wconf 85' lang='lat' dir='ltr'><strong>in</strong></span> <span class='ocrx_word' id='word_1_904' title='bbox 1621 5611 1758 5665; x_wconf 84' lang='lat' dir='ltr'><strong>omni</strong></span> <span class='ocrx_word' id='word_1_905' title='bbox 1783 5610 2037 5685; x_wconf 73' lang='lat' dir='ltr'><strong>voluntate</strong></span> 
     </span>
    </p>
   </div>
   <div class='ocr_carea' id='block_1_113' title="bbox 538 5699 2038 5774">
    <p class='ocr_par' dir='ltr' id='par_1_113' title="bbox 538 5699 2038 5774">
     <span class='ocr_line' id='line_1_113' title="bbox 538 5699 2038 5774; baseline -0.008 -10"><span class='ocrx_word' id='word_1_906' title='bbox 538 5711 646 5766; x_wconf 77' lang='lat' dir='ltr'><strong>Dei.</strong></span> <span class='ocrx_word' id='word_1_907' title='bbox 690 5714 771 5767; x_wconf 77' lang='lat' dir='ltr'><strong>l5.</strong></span> <span class='ocrx_word' id='word_1_908' title='bbox 804 5709 1165 5766; x_wconf 77' lang='lat' dir='ltr'><strong>Testimonium</strong></span> <span class='ocrx_word' id='word_1_909' title='bbox 1208 5707 1341 5761; x_wconf 75' lang='lat' dir='ltr'><strong>enim</strong></span> <span class='ocrx_word' id='word_1_910' title='bbox 1370 5704 1446 5759; x_wconf 84' lang='lat' dir='ltr'><strong>illi</strong></span> <span class='ocrx_word' id='word_1_911' title='bbox 1474 5701 1707 5774; x_wconf 71' lang='lat' dir='ltr'><strong>per/libro</strong></span> <span class='ocrx_word' id='word_1_912' title='bbox 1731 5700 1864 5773; x_wconf 86' lang='lat' dir='ltr'><strong>quod</strong></span> <span class='ocrx_word' id='word_1_913' title='bbox 1892 5699 2038 5754; x_wconf 80' lang='lat' dir='ltr'><strong>habet</strong></span> 
     </span>
    </p>
   </div>
   <div class='ocr_carea' id='block_1_114' title="bbox 2210 5405 3728 5488">
    <p class='ocr_par' dir='ltr' id='par_1_114' title="bbox 2210 5405 3728 5488">
     <span class='ocr_line' id='line_1_114' title="bbox 2210 5405 3728 5488; baseline -0.013 -11"><span class='ocrx_word' id='word_1_914' title='bbox 2210 5422 2424 5476; x_wconf 88' lang='lat' dir='ltr'><strong>multum</strong></span> <span class='ocrx_word' id='word_1_915' title='bbox 2450 5420 2615 5474; x_wconf 79' lang='lat' dir='ltr'><strong>zelum</strong></span> <span class='ocrx_word' id='word_1_916' title='bbox 2643 5434 2736 5488; x_wconf 88' lang='lat' dir='ltr'><strong>pro</strong></span> <span class='ocrx_word' id='word_1_917' title='bbox 2761 5414 2919 5482; x_wconf 82' lang='lat' dir='ltr'><strong>vobis,</strong></span> <span class='ocrx_word' id='word_1_918' title='bbox 2951 5421 2999 5468; x_wconf 79' lang='lat' dir='ltr'><strong>et</strong></span> <span class='ocrx_word' id='word_1_919' title='bbox 3023 5428 3116 5483; x_wconf 83' lang='lat' dir='ltr'><strong>pro</strong></span> <span class='ocrx_word' id='word_1_920' title='bbox 3136 5412 3201 5465; x_wconf 70' lang='lat' dir='ltr'><strong>iis</strong></span> <span class='ocrx_word' id='word_1_921' title='bbox 3219 5410 3309 5481; x_wconf 81' lang='lat' dir='ltr'><strong>qui</strong></span> <span class='ocrx_word' id='word_1_922' title='bbox 3328 5418 3444 5463; x_wconf 83' lang='lat' dir='ltr'><strong>sunt</strong></span> <span class='ocrx_word' id='word_1_923' title='bbox 3461 5405 3728 5460; x_wconf 64' lang='lat' dir='ltr'><strong>Laodicia</strong></span> 
     </span>
    </p>
   </div>
   <div class='ocr_carea' id='block_1_115' title="bbox 2213 5507 2693 5582">
    <p class='ocr_par' dir='ltr' id='par_1_115' title="bbox 2213 5507 2693 5582">
     <span class='ocr_line' id='line_1_115' title="bbox 2213 5507 2693 5582; baseline -0.015 -16"><span class='ocrx_word' id='word_1_924' title='bbox 2213 5523 2259 5566; x_wconf 79' lang='lat' dir='ltr'><strong>et</strong></span> <span class='ocrx_word' id='word_1_925' title='bbox 2288 5512 2373 5582; x_wconf 84' lang='lat' dir='ltr'><strong>qui</strong></span> <span class='ocrx_word' id='word_1_926' title='bbox 2403 5507 2693 5576; x_wconf 83' lang='lat' dir='ltr'><strong>Hierapoli.</strong></span> 
     </span>
    </p>
   </div>
   <div class='ocr_carea' id='block_1_116' title="bbox 2217 5584 3732 5666">
    <p class='ocr_par' dir='ltr' id='par_1_116' title="bbox 2217 5584 3732 5666">
     <span class='ocr_line' id='line_1_116' title="bbox 2217 5584 3732 5666; baseline -0.015 -8"><span class='ocrx_word' id='word_1_927' title='bbox 2217 5605 2268 5658; x_wconf 80' lang='lat' dir='ltr'><strong>l.</strong></span> <span class='ocrx_word' id='word_1_928' title='bbox 2300 5603 2472 5658; x_wconf 90' lang='lat' dir='ltr'><strong>Etiam</strong></span> <span class='ocrx_word' id='word_1_929' title='bbox 2502 5601 2554 5655; x_wconf 91' lang='lat' dir='ltr'><strong>in</strong></span> <span class='ocrx_word' id='word_1_930' title='bbox 2585 5599 2737 5654; x_wconf 87' lang='lat' dir='ltr'><strong>initio</strong></span> <span class='ocrx_word' id='word_1_931' title='bbox 2764 5596 3032 5666; x_wconf 64' lang='lat' dir='ltr'><strong>epistola),</strong></span> <span class='ocrx_word' id='word_1_932' title='bbox 3064 5591 3240 5646; x_wconf 86' lang='lat' dir='ltr'><strong>virum</strong></span> <span class='ocrx_word' id='word_1_933' title='bbox 3274 5584 3670 5645; x_wconf 80' lang='lat' dir='ltr'><strong>commendavit</strong></span> <span class='ocrx_word' id='word_1_934' title='bbox 3700 5594 3732 5636; x_wconf 83' lang='lat' dir='ltr'><strong>a</strong></span> 
     </span>
    </p>
   </div>
   <div class='ocr_carea' id='block_1_117' title="bbox 2148 5674 3688 5761">
    <p class='ocr_par' dir='ltr' id='par_1_117' title="bbox 2148 5674 3688 5761">
     <span class='ocr_line' id='line_1_117' title="bbox 2148 5674 3688 5761; baseline -0.018 -8"><span class='ocrx_word' id='word_1_935' title='bbox 2148 5698 2399 5761; x_wconf 86' lang='lat' dir='ltr'><strong>caritate;</strong></span> <span class='ocrx_word' id='word_1_936' title='bbox 2428 5693 2704 5750; x_wconf 86' lang='lat' dir='ltr'><strong>caritatem</strong></span> <span class='ocrx_word' id='word_1_937' title='bbox 2730 5698 2906 5744; x_wconf 87' lang='lat' dir='ltr'><strong>autem</strong></span> <span class='ocrx_word' id='word_1_938' title='bbox 2946 5683 3177 5741; x_wconf 86' lang='lat' dir='ltr'><strong>ostendit</strong></span> <span class='ocrx_word' id='word_1_939' title='bbox 3202 5721 3221 5749; x_wconf 93' lang='lat'><strong>,</strong></span> <span class='ocrx_word' id='word_1_940' title='bbox 3250 5690 3305 5737; x_wconf 86' lang='lat' dir='ltr'><strong>et</strong></span> <span class='ocrx_word' id='word_1_941' title='bbox 3338 5679 3481 5751; x_wconf 80' lang='lat' dir='ltr'><strong>quod</strong></span> <span class='ocrx_word' id='word_1_942' title='bbox 3505 5674 3688 5732; x_wconf 66' lang='lat' dir='ltr'><strong>laudet</strong></span> 
     </span>
    </p>
   </div>
  </div>
