4026 6148
486 294 585 354 38!

485 417 628 484 quod
671 409 883 480 quidem
923 406 1056 462 dixit
1093 403 1161 461 ab
1198 403 1348 459 initio
1372 444 1387 472 ,
1422 405 1519 470 Qui
1541 406 1693 458 etiam
1721 406 2057 475 manifeslauit

486 502 630 557 nobis
656 502 913 554 caritatem
939 506 1150 550 vestram
1173 496 1226 550 in
1249 494 1431 566 spiritu
1461 492 1591 564 (Col.
1627 493 1679 548 1.
1710 491 1787 565 8).
1811 494 2060 550 Dilectio-

489 608 610 648 ncm
633 590 862 647 ostendit
891 596 943 644 et
971 587 1254 642 amabilem
1276 584 1474 648 reddit,
1495 584 1634 653 quod
1662 595 1758 654 pro
1784 585 1899 638 aliis
1920 595 2056 640 oret.

490 687 665 759 Ipsum
695 694 868 738 autem
909 679 1280 750 commendat,
1308 677 1553 743 aperiens
1591 677 1783 732 ostium
1812 691 2060 732 sermone

491 779 604 848 ejus
635 774 777 847 (nam
807 771 944 843 quod
974 769 1299 826 reverendus
1327 769 1396 822 sit
1423 766 1785 868 magister-pm
1815 776 1899 822 est
1929 768 2060 868 utile

489 865 790 935 diecipulo),
821 872 870 917 et
892 877 1078 916 rursus
1096 859 1236 930 quod
1258 858 1473 924 dixerit,
1506 857 1589 911 Ea:
1613 857 1747 911 vobis
1767 897 1782 921 ,
1813 864 1870 909 ttt
1897 857 2058 911 etiam

485 960 552 1014 de
575 959 686 1011 viro
720 955 1019 1026 glorientur
1038 994 1054 1017 ,
1083 959 1142 1005 ut
1169 951 1257 1020 qui
1289 950 1421 1003 tales
1440 949 1587 1004 viros
1612 947 1804 1001 ferant.
1836 945 1902 999 Et
1927 962 2058 1000 sem-

485 1069 590 1123 per,
622 1049 833 1118 inquit,
863 1047 1109 1116 sollicitus
1155 1059 1249 1113 pro
1292 1041 1428 1095 vobis
1471 1041 1524 1094 in
1569 1038 1896 1093 orationibus.
1941 1038 2059 1140 Non

484 1145 653 1197 solum
687 1141 840 1206 dixit,
871 1141 1042 1206 Urans
1065 1177 1080 1201 ,
1123 1135 1216 1190 sed
1242 1177 1258 1198 ,
1301 1132 1564 1188 Sollicitus
1587 1171 1603 1196 ,
1636 1141 1868 1186 tremens
1906 1139 1960 1184 et
1989 1132 2057 1183 ti-

484 1249 656 1288 mens.
689 1230 1056 1285 Testimonium
1081 1243 1234 1293 enim,
1277 1223 1485 1294 inquit,
1530 1221 1605 1275 illi
1648 1221 1880 1289 perhibeo
1923 1219 2058 1290 quod

484 1325 629 1378 habet
653 1321 868 1375 multant
901 1319 1065 1372 zelum
1091 1332 1182 1386 pro
1207 1313 1364 1369 vobis.
1409 1313 1502 1366 Est
1538 1311 1690 1367 testis
1718 1311 1818 1365 fide
1844 1309 2054 1380 dignus.

489 1415 742 1482 Quoniam
771 1410 935 1474 habet,
968 1406 1176 1476 inquit,
1196 1404 1407 1457 multum
1435 1400 1599 1454 zelum
1624 1415 1720 1470 pro
1757 1399 1913 1454 vobis.
1947 1398 2058 1452 I'Ioc

486 1514 588 1571 est,
618 1503 728 1558 Vos
754 1500 905 1556 valde
934 1498 1102 1568 diligit
1127 1506 1182 1552 et
1221 1508 1412 1565 magno
1440 1493 1599 1592 vestri
1627 1491 1823 1592 flagrat
1853 1503 2054 1592 amore.

488 1594 558 1649 Et
587 1610 681 1664 pro
709 1593 770 1646 iis
813 1591 898 1660 qui
937 1597 1053 1644 sunt
1085 1584 1385 1682 Laodiceae,
1430 1593 1476 1682 et
1504 1583 1589 1654 qui
1615 1580 1901 1682 Hierapoli.
1950 1580 2057 1682 Illis

487 1700 699 1757 quoque
726 1698 848 1738 eum
874 1677 1233 1736 commendat.
1282 1674 1389 1730 Sed
1431 1673 1530 1728 hoc
1580 1673 1718 1727 unde
1755 1678 1906 1726 erant
1947 1673 2056 1724 sci-

487 1779 629 1834 turi?
662 1774 960 1831 Verisimile
1004 1780 1086 1826 est
1125 1770 1247 1824 illos
1289 1768 1590 1832 audivisse;
1617 1765 1710 1820 sed
1741 1765 1902 1820 etiam
1928 1763 2055 1818 dum

483 1868 704 1942 epistola
732 1867 998 1936 legeretur
1025 1862 1317 1917 discebant.
1370 1857 1545 1911 Facite
1580 1856 1720 1911 enim
1739 1898 1752 1922 ,
1784 1854 1972 1924 inquit,
2001 1863 2057 1908 ut

482 1972 528 2016 et
565 1962 618 2015 in
659 1956 1042 2012 Laodicensium
1085 1952 1314 2007 Ecclesia
1357 1951 1552 2020 legatur
1581 1947 1713 2020 (Col.
1756 1948 1808 2001 4.
1843 1945 1956 2019 16).
1989 1944 2056 2002 Ut

482 2055 640 2119 stetis,
668 2052 853 2120 inquit,
884 2047 1110 2117 perfecti.
1153 2044 1327 2099 Simul
1368 2051 1422 2097 et
1451 2057 1544 2096 eos
1575 2039 1955 2110 reprehendit,
2001 2047 2056 2095 et

483 2159 588 2198 non
617 2141 808 2197 acerbe
836 2155 926 2194 eos
952 2138 1201 2192 admonet
1223 2143 1278 2190 et
1304 2133 1586 2188 consilium
1603 2131 1713 2186 dat.
1744 2128 1884 2185 Fieri
1912 2130 2052 2185 enim

486 2242 659 2304 potest
684 2241 739 2284 ut
769 2241 821 2284 et
845 2229 1106 2298 quispiam
1141 2225 1210 2279 sit
1239 2223 1507 2295 perfectus
1535 2233 1590 2276 et
1619 2236 1722 2275 non
1752 2229 1858 2275 stet
1884 2235 1899 2285 ;
1930 2229 1984 2275 ut
2009 2220 2054 2275 si

484 2327 603 2396 quis
623 2325 798 2378 omnia
828 2321 1054 2384 noverit,
1083 2317 1253 2372 adhuc
1275 2325 1450 2369 autem
1484 2313 1728 2367 vacillet:
1748 2312 1859 2366 lieri
1882 2320 2054 2380 petest

483 2416 651 2468 ctiam,
675 2423 730 2467 ut
757 2427 868 2465 non
887 2411 957 2464 sit
994 2408 1259 2478 perfectus
1283 2445 1303 2472 ,.
1331 2420 1430 2459 nec
1454 2403 1740 2468 consistat;
1782 2410 1838 2455 ut
1863 2402 1906 2455 si
1936 2401 2053 2471 quis

482 2507 617 2561 sciat
657 2503 869 2574 quidem
917 2508 1121 2570 portent
1149 2539 1164 2564 ,
1215 2511 1313 2551 nec
1365 2505 1469 2549 stet
1519 2494 1760 2548 firmiter.
1816 2491 1922 2547 Sed
1968 2491 2054 2548 hic

480 2605 766 2664 utrumque
786 2601 948 2662 optat,
986 2589 1054 2644 Ut
1083 2589 1240 2653 stetis,
1273 2586 1458 2656 inquit,
1489 2585 1714 2654 perfecti.
1757 2582 1890 2638 Vide
1918 2599 2052 2654 quo-

479 2685 636 2740 modo
663 2664 757 2738 eos
787 2695 972 2736 rursus
992 2678 1328 2733 admonuerit
1364 2675 1623 2730 sermonis
1649 2674 1716 2728 de
1745 2675 1966 2744 angelis,
1998 2681 2050 2730 et

478 2778 543 2832 de
563 2777 687 2830 vita.
733 2773 798 2826 Et
831 2773 998 2842 pleni,
1027 2769 1196 2840 inquit
1223 2809 1236 2832 ,
1264 2769 1317 2821 in
1341 2767 1478 2821 omni
1502 2767 1757 2820 voluntate
1780 2764 1900 2821 Dei.
1933 2764 2050 2822 Non

479 2869 617 2922 enim
643 2865 814 2920 solum
845 2862 1042 2918 sulficit
1067 2862 1242 2916 facere
1270 2860 1360 2914 Dei
1399 2859 1746 2914 voluntatem.
1775 2857 1874 2913 Cui
1903 2859 2050 2913 enim

480 2967 560 3014 est
583 2959 736 3027 plene
782 2955 983 3024 aliquid
1025 2968 1372 3026 persuasum,
1416 2967 1519 3005 non
1561 2951 1687 3005 sinit
1712 2950 1870 3004 aliam
1907 2951 2048 3006 inse

437 3069 440 3072 '
481 3066 599 3107 esse
620 3051 940 3104 voluntatem
975 3046 1215 3116 :alioqui-
1250 3059 1356 3098 non
1403 3042 1557 3111 plene
1597 3057 1904 3112 persuasum
1951 3041 2048 3096 ba-

481 3145 649 3200 beret.
681 3141 1062 3203 Testimonium,
1095 3139 1300 3208 inquit,
1331 3137 1407 3189 illi
1433 3135 1668 3204 perhibeo
1690 3175 1703 3198 ,
1742 3134 1880 3204 quod
1902 3134 2048 3189 habet

477 3236 688 3289 multum
714 3233 894 3286 selum.
923 3231 987 3285 Et
1012 3228 1207 3292 zelum,
1238 3235 1293 3282 et
1335 3226 1557 3279 multum
1585 3241 1598 3290 ;
1630 3233 1910 3294 utrumque
1947 3240 2045 3279 au-

474 3337 562 3400 get
587 3338 642 3382 et
665 3324 951 3395 amplificat
983 3343 996 3376 :
1027 3321 1163 3375 sicut
1186 3329 1239 3373 et
1260 3319 1374 3387 ipse
1403 3317 1548 3380 dicit,
1578 3317 1817 3371 scribens
1845 3315 1909 3370 ad
1938 3314 2046 3371 Co-

475 3419 699 3474 rinthios
727 3435 740 3471 :
775 3415 1016 3468 .Emulor
1043 3411 1174 3464 enim
1197 3426 1282 3463 vos
1309 3407 1404 3462 Dei
1423 3408 1532 3460 zelo
1564 3406 1639 3477 (2.
1679 3405 1798 3460 Cor.
1843 3408 1931 3460 11.
1959 3406 2044 3476 2).

476 3512 561 3566 14.
592 3509 794 3564 Salutat
819 3521 904 3559 vos
931 3503 1095 3556 Lucas
1124 3501 1347 3554 medicus
1381 3498 1692 3551 carissimus.
1727 3496 1823 3550 Hic
1845 3505 1926 3550 est
1957 3496 2045 3550 ille

477 3601 824 3670 evangelista.
854 3597 970 3652 Non
1013 3611 1135 3650 eum
1174 3602 1354 3648 autem
1384 3591 1690 3660 deprimens
1731 3592 1879 3659 ponit
1923 3592 2044 3645 ulti-

480 3709 649 3757 mum,
675 3692 768 3746 sed
803 3691 947 3743 illum
989 3687 1234 3752 extollit,
1263 3684 1583 3754 Epaphram.
1624 3683 1924 3738 Verisimile
1964 3693 2044 3738 cst

482 3785 645 3838 fuisse
671 3783 825 3836 etiam
852 3780 985 3833 alios
1009 3778 1097 3846 qui
1125 3783 1436 3830 vocarentur
1467 3775 1568 3829 hoc
1595 3775 1829 3828 nomine.
1856 3773 1922 3827 Et
1942 3773 2044 3828 De-

479 3890 610 3926 mas.
638 3871 771 3926 Cum
789 3869 1027 3932 dixisset,
1045 3865 1246 3921 Salutat
1268 3881 1352 3920 vos
1367 3864 1532 3918 Lucas
1557 3865 1801 3930 medicus,
1827 3865 2041 3934 adjecit,

477 3963 799 4019 Carissimus.
831 3960 942 4014 Hoc
966 3973 1174 4027 quoque
1204 3971 1306 4010 non
1358 3971 1575 4024 parvum
1606 3964 1686 4009 est
1717 3956 2040 4021 encominm,

475 4055 569 4110 sed
599 4053 752 4108 valde
778 4066 1044 4121 magnum,
1074 4063 1192 4103 esse
1217 4047 1380 4100 Paulo
1400 4045 1754 4100 carissimum.
1782 4045 1868 4099 I5.
1890 4044 2046 4098 Salu-

472 4155 572 4199 tate
600 4149 782 4216 fratres
810 4142 894 4212 qui
921 4148 1035 4194 sunt
1050 4139 1333 4203 Laodicew,
1364 4146 1409 4191 et
1437 4135 1755 4206 Nympham,
1788 4144 1833 4188 et
1857 4151 1968 4205 qua:
1990 4136 2047 4188 in

472 4240 620 4291 domo
637 4238 744 4307 ejus
756 4244 824 4289 est
838 4233 1140 4287 Ecclesium.
1157 4230 1290 4285 Vide
1301 4229 1568 4300 quomodo
1589 4243 1682 4282 eos
1696 4227 2042 4297 couglutinat,

472 4339 526 4383 et
547 4331 683 4382 inter
705 4343 763 4382 se
781 4323 1076 4393 coniungit,
1103 4322 1400 4380 nousolum
1425 4321 1566 4391 quod
1597 4320 2044 4408 salutaveritnsed

475 4419 632 4472 etiam
658 4416 798 4486 quod
844 4415 1096 4485 epistolas
1121 4413 1350 4468 dederit.
1395 4411 1596 4466 Deinde
1626 4425 1812 4464 rursus
1841 4411 2046 4480 gratill-

477 4515 660 4571 catur,
699 4521 817 4560 eum
847 4520 1088 4560 seorsum
1118 4502 1411 4572 appellans.
1447 4501 1558 4554 lIoc
1581 4509 1756 4554 autem
1785 4499 1909 4554 facit
1939 4516 2047 4555 non

478 4597 594 4652 sine
609 4611 786 4663 causa,
818 4597 909 4651 sed
939 4596 1072 4650 alios
1098 4595 1161 4648 ad
1190 4593 1431 4648 eamdem
1459 4591 1726 4646 adducens
1755 4591 2048 4646 mmulatio

481 4702 621 4741 nem.
641 4687 820 4757 Neque
840 4689 980 4742 enim
999 4697 1080 4741 est
1099 4700 1336 4754 parvum,
1356 4682 1494 4753 quod
1517 4697 1618 4736 non
1638 4691 2047 4736 connumeratur

477 4796 596 4835 cum
627 4782 854 4836 caeteris.
888 4781 1020 4835 Vide
1049 4794 1178 4848 ergo
1205 4792 1361 4846 quam
1385 4790 1630 4845 magnum
1667 4790 1786 4828 emn
1817 4773 2049 4827 ostendit

479 4888 599 4927 esse
627 4873 818 4932 virum,
850 4873 892 4925 si
920 4871 1136 4941 quidem
1166 4867 1357 4921 domus
1392 4866 1506 4935 ejus
1533 4875 1649 4920 erat
1672 4865 1914 4919 ecclesia.
1962 4863 2046 4917 16.

480 4961 546 5015 Et
575 4979 690 5015 cum
719 4963 846 5016 lecta
873 4961 1024 5031 fuerit
1057 4960 1194 5027 apud
1238 4974 1324 5011 vos
1372 4956 1605 5027 epistola,
1647 4955 1798 5025 facite
1837 4962 1890 5006 ut
1927 4963 1972 5006 et
1997 4953 2051 5005 in

480 5055 866 5114 Laodicensium
928 5053 1153 5110 Ecclesia
1200 5053 1412 5123 legatur.
1458 5050 1583 5104 Ililti
1639 5049 1889 5104 videntur
1932 5062 2053 5102 esse

478 5146 722 5215 quaedam
751 5161 815 5200 ex
847 5147 910 5200 iis
939 5162 1056 5214 qua:
1086 5145 1192 5199 illic
1220 5144 1414 5214 scripta
1442 5151 1564 5197 sunt
1583 5183 1597 5206 ,
1625 5157 1742 5211 quze
1769 5140 1865 5194 IIOS
1893 5140 2050 5193 etiam

474 5235 764 5308 oportebat
788 5236 996 5290 audire.
1018 5235 1086 5289 Et
1109 5234 1191 5288 bis
1216 5238 1387 5303 major
1411 5245 1525 5288 erat
1551 5233 1772 5296 utilitas,
1801 5247 1920 5286 cum
1947 5229 2054 5283 illis

478 5327 819 5395 reprehensis
846 5341 941 5380 sua
970 5336 1186 5394 peccata
1215 5333 1580 5394 agnoscerent.
1614 5321 1682 5376 Et
1707 5339 1763 5376 ea
1783 5337 1893 5391 qua:
1921 5319 2056 5373 Lao-

479 5416 758 5469 dicensium
785 5425 858 5469 est
886 5457 902 5482 ,
929 5426 985 5468 ut
1011 5425 1060 5469 et
1085 5431 1169 5469 vos
1213 5416 1409 5485 legatis.
1458 5413 1682 5482 Quidam
1721 5412 1902 5473 dicunt
1948 5426 2054 5465 non

483 5505 635 5559 Iauli
659 5505 726 5558 ad
750 5506 893 5573 ipsos
915 5506 1148 5571 missam,
1183 5506 1277 5560 sed
1308 5521 1426 5574 qua:
1453 5505 1520 5558 ab
1546 5504 1675 5573 ipsis
1701 5503 1766 5556 ad
1795 5503 2013 5555 Paulum
2038 5517 2053 5553 :

484 5611 593 5649 non
623 5597 766 5650 enim
793 5595 960 5660 dixit,
991 5597 1122 5651 Eam
1173 5613 1292 5666 quae
1319 5606 1402 5672 est
1437 5595 1502 5650 ad
1531 5595 1907 5658 Laodicenses,
1939 5592 2055 5658 sed,

488 5686 614 5753 Quae
653 5689 850 5758 scripta
907 5701 977 5743 est
1006 5708 1034 5744 a
1063 5689 1331 5745 Laodicea.
1361 5691 1450 5746 17.
1483 5688 1550 5743 Et
1589 5688 1738 5743 dicite
1777 5687 2054 5760 Archippo,

1329 289 1398 346 IN
1433 287 1650 346 EPIST.
1691 290 1783 345 AD
1819 290 2095 348 COLOSS.
2136 289 2289 348 CAP.
2331 293 2416 349 IV.
2459 293 2687 353 ..
2731 297 2844 355 ,

3634 321 3738 378 3

2180 404 2306 461 Vide
2331 409 2661 472 ministerium
2682 414 2819 484 quod
2844 418 3083 489 accepisti
3117 422 3170 477 in
3201 423 3416 482 Domino
3439 471 3452 494 ,
3518 446 3568 486 ut
3607 437 3742 492 illud

2169 497 2399 568 impleas.
2427 501 2534 556 Cur
2551 518 2655 558 non
2679 506 2864 562 scribit
2880 509 2945 564 ad
2971 509 3138 579 ipsum
3206 517 3455 576 Fortasse
3479 537 3581 576 non
3605 541 3746 594 opus

2169 597 2304 656 erat,
2326 591 2420 646 sed
2443 593 2555 648 sola
2584 596 2724 650 nuda
2751 598 3133 669 admonitione,
3156 616 3211 661 ut
3237 608 3388 664 fieret
3413 591 3741 684 diligentior.-

2170 677 2256 732 18.
2290 678 2672 737 Salutatiomea
2699 702 2852 740 ntauu
2887 687 3062 744 Pauli.
3100 693 3210 750 Hoc
3235 709 3316 752 est
3345 677 3596 759 indicium
3627 707 3738 761 siu-

2168 767 2401 824 ceritatis
2429 781 2480 824 et
2509 774 2775 840 amicitiae,
2805 779 2944 846 quod
2985 790 3038 835 et
3067 784 3306 842 viderent
3333 788 3540 856 literas,
3579 804 3631 849 et
3680 796 3747 851 itr

2168 871 2259 912 eas
2287 871 2466 914 essent
2489 861 2682 917 affecti.
2715 865 2961 926 Memorcs
2987 882 3140 929 estote
3159 877 3468 935 vinculorum
3489 900 3732 943 meorum.

2167 947 2354 1017 Papa}!
2377 963 2568 1020 quanta
2589 957 2912 1014 consolatio!
2933 962 3045 1018 Hoc
3073 969 3212 1022 enim
3241 971 3436 1026 suflicit
3459 975 3525 1030 ad
3552 992 3645 1032 eos
3667 980 3731 1032 ad

2165 1040 2342 1094 omnia
2385 1043 2782 1114 adhortandos,
2828 1060 2882 1105 et
2908 1052 2974 1107 ad
3020 1056 3321 1116 reddendos
3375 1063 3620 1123 fortiores
3664 1065 3742 1126 ad:

2166 1131 2453 1186 certamina
2505 1149 2519 1184 :
2553 1150 2656 1189 non
2687 1139 2856 1196 solum
2899 1153 3077 1200 autem
3105 1147 3372 1216 fortiores,
3400 1155 3494 1208 sed
3540 1166 3594 1212 et
3637 1174 3742 1214 eos-

2164 1220 2420 1278 reddebat
2448 1227 2614 1296 magis
2641 1228 2946 1288 familiares.
2983 1234 3158 1292 Gratia
3186 1240 3455 1298 vobiscum.
3479 1246 3658 1303 Amen.

2234 1310 2288 1364 2.
2316 1312 2556 1384 Magnum
2608 1322 2905 1376 cncomium
2927 1364 2941 1388 ,
2983 1333 3037 1378 et
3065 1327 3232 1395 majus
3271 1331 3389 1388 aliis
3429 1336 3672 1392 omnibus
3697 1380 3713 1402 ,

2165 1398 2343 1457 dicere
2376 1404 2444 1459 de
2473 1407 2740 1476 Epaphra,
2768 1412 2869 1475 Qui
2894 1423 2966 1466 est
2995 1431 3058 1469 ea:
3082 1418 3218 1473 vobis
3245 1436 3416 1476 servus
3433 1423 3638 1484 Christi.

2163 1492 2470 1551 ministrent
2519 1498 2694 1567 ipsum
2727 1517 2824 1571 pro
2859 1504 2988 1574 ipsis
3031 1507 3198 1576 dicit,
3231 1513 3371 1568 sicut
3397 1524 3450 1571 et
3492 1533 3550 1574 se
3603 1521 3736 1579 dicit

2164 1583 2464 1641 ministrum
2497 1589 2751 1646 Ecclesia:
2780 1610 2794 1645 :
2826 1604 2882 1648 ut
2902 1598 3115 1666 quando
3140 1600 3288 1670 dicit,
3320 1604 3476 1676 Cujus
3503 1611 3632 1666 enim
3657 1615 3740 1684 fui

2165 1671 2364 1771 Paulus
2391 1681 2617 1771 minister
2643 1682 2778 1750 (Col.
2814 1686 2867 1739 1.
2891 1685 3006 1757 25).
3035 1691 3118 1746 Ad
3146 1671 3401 1754 eamdem.
3421 1671 3732 1771 dignitatem

2166 1761 2338 1817 virum
2368 1765 2541 1833 effert,
2574 1784 2891 1831 conservum
2914 1793 3034 1834 eum
3061 1785 3312 1853 superius
3352 1801 3529 1858 vocat,
3561 1801 3617 1848 et
3645 1793 3730 1851 hic

2161 1865 2394 1908 servum.
2415 1855 2515 1920 Qui
2536 1875 2598 1913 ex
2613 1862 2748 1918 vobis
2774 1876 2864 1932 est,
2889 1867 3091 1938 inquit;
3125 1883 3387 1945 tamquam
3414 1895 3532 1936 cum
3561 1893 3733 1941 matre

2161 1941 2450 2011 disserens,
2494 1959 2547 2003 et
2574 1951 2780 2023 dicens,
2808 1957 2907 2024 Qui
2933 1969 3016 2016 est
3045 1978 3110 2018 ex
3136 1974 3223 2021 tuo
3254 1979 3422 2024 utero.
3450 1969 3555 2029 Sed
3595 1975 3734 2030 invi-

2160 2033 2301 2088 diam
2326 2039 2590 2096 attulisset
2619 2043 2722 2100 boc
2752 2052 3077 2109 cncomium.
3106 2056 3394 2129 Propterea
3426 2079 3532 2119 non
3555 2082 3618 2122 ex
3647 2068 3735 2124 liis

2159 2125 2286 2182 solis
2308 2143 2428 2184 eum
2449 2137 2821 2206 commendat,
2847 2142 2942 2197 sed
2959 2153 3013 2198 et
3033 2161 3096 2202 ex
3119 2147 3183 2203 iis
3201 2167 3317 2220 quae
3344 2153 3409 2208 ad
3434 2157 3577 2228 ipsos
3603 2174 3726 2227 pcr-

2161 2215 2366 2274 tinent:
2398 2230 2452 2276 et
2478 2222 2584 2279 illic
2611 2228 2768 2284 solvit
2805 2232 3076 2303 invidiam,
3109 2247 3164 2293 et
3193 2215 3278 2297 hic
3318 2215 3548 2314 quoque.
3579 2215 3726 2302 Sem

2159 2323 2268 2375 per,
2291 2308 2478 2379 inquit,
2508 2333 2600 2384 pro
2616 2320 2751 2373 vobis
2770 2323 3034 2380 sollicitus.
3064 2327 3179 2384 Non
3221 2308 3362 2387 nunc
3389 2308 3559 2391 solum
3587 2341 3728 2410 apud

2158 2412 2256 2451 nos
2298 2408 2354 2453 ut
2394 2403 2548 2460 nobis
2577 2409 2858 2478 ostendat,
2901 2429 3074 2485 neque
3121 2421 3261 2488 apud
3307 2439 3401 2479 vos
3451 2403 3636 2482 solum
3672 2439 3729 2484 ut

2156 2488 2310 2545 vobis
2338 2495 2610 2550 ostendat.
2640 2497 2887 2570 Magnum
2917 2504 3158 2561 exhibuit
3205 2511 3367 2566 animi
3417 2516 3646 2572 studium
3675 2531 3730 2576 ct

2156 2580 2483 2639 alacritatem
2534 2587 2787 2658 dicendo,
2821 2592 3107 2652 Sollicitus.
3135 2601 3334 2659 Deinde
3364 2622 3431 2661 ne
3462 2609 3729 2666 videretur

2154 2672 2232 2726 eis
2276 2673 2545 2746 blandiri,
2599 2682 2876 2752 subjunxit
2907 2704 2920 2740 :
2957 2688 3123 2744 [labet
3170 2695 3384 2749 multum
3425 2699 3588 2755 zelum
3635 2720 3731 2774 pro

2154 2763 2309 2830 vobis,
2334 2775 2381 2818 et
2402 2783 2493 2835 pro
2514 2769 2576 2822 iis
2601 2772 2689 2840 qui
2716 2784 2831 2829 sunt
2855 2775 3128 2837 Laodicea:
3152 2793 3202 2836 et
3230 2787 3316 2855 qui

2153 2853 2316 2920 illud,
2354 2855 2422 2912 Ut
2449 2862 2587 2916 stetis
2618 2868 2867 2935 perfecti,
2899 2885 3003 2925 non
3047 2881 3132 2928 est
3184 2853 3558 2936 assentationis
3582 2923 3597 2948 ,
3631 2885 3728 2938 sed

2152 2950 2431 3004 reverendi
2458 2958 2823 3025 praeceptoris.
2849 2960 2917 3015 Et
2941 2965 3155 3034 repleti,
3186 2968 3375 3038 inquit,
3395 2983 3447 3026 et
3476 2974 3722 3042 perfecti.

2152 3035 2283 3092 Illud
2311 3041 2525 3108 quidem
2572 3044 2760 3111 dedit,
2809 3049 2911 3105 Itoc
2939 3062 3120 3109 autem
3174 3035 3305 3111 dixit
3332 3035 3579 3117 deficere.
3615 3063 3725 3120 Nec

2153 3128 2304 3197 dixit,
2331 3131 2400 3188 Ut
2428 3151 2533 3190 non
2568 3137 2757 3193 labetis
2782 3181 2797 3206 ,
2823 3141 2916 3196 sed
2944 3185 2962 3212 ,
2992 3144 3060 3197 Ut
3087 3149 3244 3200 stetis.
3276 3149 3425 3214 Quod
3465 3164 3640 3207 autem
3692 3172 3722 3211 a

2150 3222 2332 3278 multis
2357 3225 2670 3294 salutentur,
2691 3230 2792 3284 ltoc
2818 3246 2910 3287 eos
2936 3245 3164 3298 recreat,
3183 3240 3394 3306 quando
3421 3258 3526 3297 non
3550 3245 3720 3301 solum

2151 3311 2240 3380 qui
2269 3324 2392 3368 sunt
2423 3331 2489 3370 ex
2532 3317 2611 3371 eis
2659 3318 3022 3377 familiaritate
3050 3333 3104 3378 et
3157 3322 3553 3387 necessitudine
3592 3349 3722 3390 con-

2147 3401 2351 3470 juncti,
2382 3405 2475 3460 sed
2506 3407 2667 3460 etiam
2719 3410 2808 3463 alii
2844 3426 3028 3467 eorum
3054 3419 3435 3475 meminerunt.
3463 3423 3529 3476 Et
3574 3425 3724 3482 dicite

2148 3491 2406 3564 Archippo
2449 3513 2468 3549 :
2520 3496 2648 3550 Vide
2688 3501 3027 3558 ministerium
3068 3508 3202 3577 quod
3244 3513 3478 3583 accepisti
3519 3515 3572 3569 in
3615 3515 3725 3571 Do-

2150 3585 2308 3639 mino.
2341 3587 2448 3642 Eos
2474 3592 2703 3646 maxime
2735 3594 2835 3662 ipsi
2867 3596 3098 3665 subjicit.
3124 3599 3236 3655 Non
3289 3612 3537 3672 poterant
3574 3610 3722 3664 enim

2149 3678 2374 3745 amplius
2421 3679 2571 3734 illum
2601 3697 2824 3752 arguere
2873 3689 3018 3755 ipsos
3063 3690 3468 3764 increpantem,
3501 3699 3716 3769 quando

2150 3768 2249 3837 ipsi
2307 3770 2612 3826 universum
2657 3779 3016 3845 susceperint.
3044 3779 3160 3835 Non
3203 3793 3287 3839 est
3333 3788 3474 3841 enim
3527 3768 3724 3846 rationi

2148 3872 2564 3917 consentaneum
2591 3905 2605 3929 ,
2636 3875 2693 3920 ut
2723 3869 2970 3938 discipuli
3017 3872 3194 3929 dicant
3248 3877 3317 3932 de
3373 3891 3718 3952 praeceptore.

2147 3951 2249 4006 Sed
2281 3953 2358 4006 eis
2382 3968 2442 4007 os
2473 3955 2756 4011 obstruens
2801 3960 2902 4013 hoc
2950 3961 3080 4016 dicit
3110 3983 3123 4017 :
3157 3964 3355 4032 Dicite,
3379 3951 3574 4039 inquit,
3617 3973 3721 4026 Ar-

2150 4044 2332 4114 chippo
2360 4060 2378 4098 :
2420 4045 2560 4099 Vide.
2594 4047 2706 4102 I-Ioc
2733 4049 2954 4102 verbum
3003 4067 3214 4121 semper
3239 4067 3320 4110 est
3344 4062 3589 4114 terrentis
3620 4080 3633 4115 :
3665 4072 3722 4118 ut

2148 4133 2358 4203 quando
2387 4135 2515 4189 dicit
2535 4177 2549 4201 ,
2581 4135 2755 4189 Videte
2780 4155 2930 4192 canes
2959 4138 3214 4212 (Philipp.
3240 4145 3291 4197 5.
3320 4144 3412 4216 2):
3451 4147 3622 4202 Videte
3661 4168 3727 4205 ne

2148 4225 2258 4292 quis
2285 4240 2369 4278 vos
2390 4226 2592 4279 sedncat
2616 4243 2634 4280 :
2674 4225 2848 4282 Videte
2873 4247 2934 4282 ne
2953 4231 3121 4296 aliquo
3149 4234 3296 4287 modo
3319 4237 3417 4289 ista
3458 4249 3620 4292 vestra
3659 4241 3721 4294 li-

2149 4313 2312 4369 bertas
2337 4317 2400 4370 sit
2415 4315 2776 4383 olfendiculum
2793 4321 3010 4387 inrmis
3031 4322 3163 4392 (Col.
3191 4324 3243 4378 2.
3264 4325 3317 4379 8.
3352 4327 3404 4380 1.
3423 4327 3539 4382 Cor.
3560 4331 3613 4385 8.
3641 4331 3720 4401 9).

2152 4405 2219 4458 Et
2249 4421 2460 4476 semper
2484 4408 2560 4462 sic
2586 4407 2716 4462 dicit
2747 4412 2963 4478 quando
2983 4421 3170 4468 terret.
3201 4414 3356 4482 Vide,
3387 4418 3593 4488 inquit,
3628 4424 3724 4474 mi-

2152 4499 2412 4552 nisterium
2442 4500 2577 4567 quod
2607 4501 2848 4570 accepisti
2876 4503 2932 4556 in
2961 4502 3178 4559 Domino
3197 4546 3215 4574 ,
3241 4516 3295 4560 ut
3335 4508 3465 4562 illud
3491 4511 3722 4579 impleas.

2152 4587 2333 4657 Neque
2353 4589 2480 4643 sinit
2505 4604 2629 4644 eum
2653 4606 2772 4646 esse
2798 4592 3074 4648 dominum
3102 4636 3117 4661 ,
3150 4596 3287 4652 sicut
3334 4599 3449 4669 ipse
3474 4600 3724 4655 dicebat:

2155 4682 2216 4736 Si
2241 4683 2371 4735 enim
2397 4682 2564 4737 colens
2605 4683 2699 4737 hoc
2726 4686 2859 4755 facio
2883 4727 2898 4749 ,
2952 4690 3226 4743 mercedem
3253 4690 3450 4755 habeo;
3489 4693 3534 4746 si
3559 4703 3727 4746 autem

2156 4773 2339 4825 invitus
2360 4815 2375 4840 ,
2408 4773 2722 4843 dispensatio
2747 4777 2870 4828 mihi
2917 4788 2988 4830 est
3032 4779 3226 4831 credita
3272 4781 3486 4850 (LCor.
3520 4782 3573 4839 9.
3614 4783 3722 4854 I7).

2161 4865 2228 4920 Ut
2248 4867 2413 4934 ipsunt
2437 4867 2647 4937 impleas
2677 4883 2696 4921 .'
2725 4883 2936 4936 semper
2957 4870 3133 4924 studio
3159 4880 3313 4924 utens
3343 4888 3356 4925 :
3393 4872 3541 4936 Quod
3583 4889 3724 4926 acce-

2158 4959 2273 5028 pisti
2302 4960 2354 5012 in
2377 4958 2612 5013 Domino.
2645 4960 2848 5014 Rursus
2877 4960 3030 5027 illud,
3063 4963 3137 5024 in,
3165 4969 3266 5026 est,
3301 4977 3394 5031 per
3421 4963 3724 5016 Dominum.

2159 5049 2275 5118 Ipse
2303 5050 2396 5103 tibi
2427 5049 2591 5112 dedit,
2624 5065 2728 5104 non
2757 5066 2874 5105 nos.
2911 5051 2973 5104 Et
3000 5052 3120 5105 illos
3148 5052 3196 5105 ei
3227 5052 3442 5120 subjicit
3467 5093 3482 5119 ,
3511 5053 3726 5122 quando

2160 5140 2392 5196 ostendit
2415 5141 2468 5194 id
2507 5141 2605 5209 ipsi
2656 5141 2816 5194 fuisse
2867 5141 3118 5194 traditum
3146 5155 3175 5193 a
3208 5141 3449 5196 Domino.
3481 5142 3730 5196 Memores

2161 5241 2310 5289 estote
2329 5231 2638 5288 vitwulorum
2659 5247 2901 5285 meorum.
2923 5228 3097 5283 Gratia
3116 5229 3384 5285 vobiscum.
3410 5230 3586 5285 Amen.
3611 5232 3726 5285 Sol-

2163 5323 2241 5374 vit
2271 5329 2489 5373 metum.
2521 5319 2632 5373 Etsi
2658 5321 2798 5373 enim
2842 5320 3026 5375 doctor
3055 5329 3136 5374 est
3177 5319 3230 5373 in
3257 5320 3508 5385 vinculis,
3559 5322 3728 5391 gratia

2166 5421 2338 5465 tamen
2380 5425 2500 5464 eum
2527 5410 2702 5463 solvit.
2725 5410 2791 5464 Et
2839 5410 2939 5465 ltoc
2965 5426 3179 5480 quoque
3217 5419 3300 5465 est
3349 5413 3533 5480 gratiae
3554 5454 3570 5477 ,
3597 5427 3725 5466 cou-

2164 5501 2355 5555 cedere
2375 5509 2428 5554 ut
2450 5501 2562 5567 ipse
2585 5499 2792 5553 vinctus
2822 5517 2838 5552 :
2868 5500 2992 5555 audi
3021 5501 3163 5555 enim
3195 5500 3391 5555 Lucam
3423 5502 3687 5555 dicentem
3713 5517 3727 5554 :

2166 5592 2554 5646 Iievertebantur
2573 5593 2790 5661 apostoli
2817 5611 2848 5648 a
2869 5594 2999 5664 facie
3020 5594 3224 5646 concilii
3259 5593 3566 5664 gaudentes,
3596 5605 3736 5664 quod

2168 5683 2307 5752 digni
2332 5692 2489 5737 essent
2520 5682 2676 5737 habiti
2705 5701 2797 5754 pro
2825 5685 3022 5740 nomine
3048 5686 3206 5751 ipsius
3235 5683 3590 5740 contumeliam
3618 5689 3733 5756 pati
