4026 6148
514 324 622 386 383

511 443 599 497 λιν
625 438 708 505 τὸ,
743 428 869 505 Ἐν,
894 435 981 490 διὰ
1001 432 1232 506 Κυρίου,
1262 436 1426 489 ἐστίν·
1447 435 1617 499 Αὐτός
1639 453 1722 489 σοι
1749 435 1969 499 ἔδωκεν,
1991 434 2088 503 οὐχ

511 530 696 601 ἡμεῖς.
753 524 1054 588 Κάκείνους
1111 522 1400 576 ὑποτάττει
1476 521 1644 593 αὐτῷ,
1695 521 1772 591 τῷ
1827 518 2092 573 δεικνύειν

515 617 665 689 παρὰ
703 614 838 669 Θεοῦ
878 612 1083 675 αὐτοὺς
1127 610 1622 684 ἐγκεχειρισμένον·
1673 604 2093 677 Μνημονεύετέ

511 724 627 776 μου
666 702 784 758 τῶν
836 699 1094 771 δεσμῶν.
1139 700 1213 754 Ἦ
1258 699 1429 769 χάρις
1486 700 1615 769 μεθ’
1652 696 1839 768 ὑμῶν.
1881 693 2088 764 Ἀμήν.

515 793 617 846 Τόν
642 789 805 861 φόϐον
820 788 1029 842 ἔλυσεν.
1054 788 1118 841 EE
1139 786 1249 859 γὰρ
1268 787 1404 841 καὶὸ
1428 786 1742 847 διδάσκαλος
1761 787 1818 838 ἐν
1852 783 2088 853 δεσμοῖς,

514 879 626 934 ἀλλ’
672 878 705 947 ἡ
734 875 893 947 χάρις
924 874 1089 928 αὑτὸν
1136 874 1275 927 λύει.
1307 874 1419 927 Καὶ
1451 871 1607 926 τοῦτο
1643 873 1742 941 τῆς
1781 869 2000 940 χάριτος
2028 867 2091 920 τὸ

514 965 814 1035 συγχωρεῖν
876 961 1038 1015 αὐτὸν
1082 961 1300 1031 δεθῆναι
1330 976 1345 992 ⁸
1393 959 1555 1013 ἄκουε
1597 957 1706 1027 γὰρ
1747 956 1840 1009 τοῦ
1907 955 2092 1009 Λουκᾶ

510 1052 777 1121 λέγοντος,
800 1050 883 1103 δτι
914 1047 1325 1117 ’Υπέστρεφον
1347 1049 1401 1100 οἱ
1426 1045 1750 1100 ἀπόστολοι
1775 1040 1892 1096 ἀπὸ
1911 1054 2093 1109 προσ-

508 1137 674 1193 ώπου
739 1136 846 1192 τοῦ
888 1134 1213 1203 συνεδρίου
1240 1133 1555 1203 χαίροντες
1585 1129 1674 1183 ὅτι
1729 1125 2091 1194 κατηξιώθη-

516 1243 639 1281 σαν
661 1224 816 1293 ὑπὲρ
838 1222 944 1277 τοῦ
969 1223 1262 1292 ὀνόματος
1285 1218 1472 1276 αὐτοῦ
1500 1213 1915 1286 ἀτιμασθῆναι.
1945 1215 2092 1267 Κατ-

520 1312 820 1382 αξιωθῆναι
839 1309 948 1381 γὰρ
963 1310 1131 1373 ὅντως
1176 1309 1311 1373 ἐστὶ,
1333 1306 1502 1361 καὶτὸ
1527 1303 1893 1375 ἀτιμασθῆναι
1921 1303 2016 1355 καὶ
2030 1301 2093 1354 τὺ

523 1399 839 1473 δεθῆναι.Εί
856 1399 964 1469 γὰρ
991 1397 1266 1468 ἐρώμενόν
1288 1414 1372 1459 τις
1399 1394 1558 1466 ἔχων,
1579 1393 1768 1464 κέρδος
1797 1391 2005 1462 ἡγεῖται
2030 1389 2092 1442 τὸ

514 1488 581 1541 δι’
601 1486 805 1541 ἐκεῖνόν
821 1503 872 1540 τι
893 1485 1106 1552 παθεῖν,
1134 1484 1309 1555 πολλῷ
1328 1483 1526 1554 μᾶλλον
1549 1482 1607 1534 τὸ
1621 1481 1710 1533 διὰ
1725 1479 1817 1532 τὸν
1836 1477 2089 1549 Χριστόν.

586 1575 681 1644 Μὴ
728 1574 908 1627 τοίνυν
971 1571 1330 1643 ἀσχάλλωμεν
1391 1573 1520 1641 περὶ
1573 1567 1671 1632 τὰς
1747 1566 1953 1635 θλίψεις
2004 1564 2092 1618 διὰ

513 1661 769 1733 Χριστὸν,
802 1662 939 1715 άλλά
991 1659 1422 1736 μνημονεύωμεν
1454 1659 1562 1711 τῶν
1590 1654 1806 1727 δεσμῶν
1872 1652 2090 1706 Παύλου

513 1752 607 1803 καὶ
638 1752 816 1821 ἡμεῖς,
845 1751 938 1804 καὶ
962 1748 1122 1802 τοῦτο
1148 1748 1288 1801 ἔστω
1306 1748 1462 1819 ἡμῶν
1491 1744 1797 1817 προτροπή·
1828 1737 1959 1808 οἷον,
1979 1757 2086 1795 πα-

516 1840 718 1909 ραινεῖς
738 1854 868 1901 τισι,
920 1837 1113 1907 πένησι
1143 1834 1325 1890 δοῦναι
1350 1835 1440 1888 διὰ
1472 1831 1708 1904 Χριστόν
1733 1848 1748 1897 ;
1786 1832 2096 1900 ἀνάμνησον

511 1924 709 1987 αὐτοὺς
740 1924 849 1978 τῶν
880 1924 1092 1978 Παύλου
1138 1922 1377 1993 δεσμῶν,
1408 1921 1508 1976 καὶ
1560 1918 1755 1973 σαυτὸν
1811 1917 2096 1979 κάκείνους

513 2010 824 2078 ταλάνισον,
852 2011 901 2063 εἰ
933 2012 1139 2073 ἐκεῖνος
1173 2010 1270 2080 μέν
1297 2009 1394 2064 καὶ
1418 2008 1480 2061 τὸ
1533 2006 1691 2077 σῶμα
1722 2004 1952 2072 ἐξέδωκε
2007 2002 2096 2055 δε-

518 2101 676 2168 σμοῖς
705 2098 772 2151 δι·
799 2097 982 2161 αὑτὸν,
1023 2098 1088 2169 σὺ
1116 2097 1173 2151 δὲ
1220 2096 1343 2150 οὐδὲ
1373 2096 1579 2165 τροφῆς
1622 2090 1936 2163 μεταδίδως.
1975 2090 2100 2143 Ἐπ-

517 2185 693 2256 ἡρθης
737 2183 832 2236 ἐπὶ
869 2182 1295 2254 κατορθώμασι;
1338 2181 1705 2253 μνημόνευσον
1754 2177 1862 2232 τῶν
1888 2175 2096 2231 Παύλου

517 2270 755 2342 δεσμῶν,
784 2272 878 2324 καί
907 2271 1166 2325 ὄτιοὺδέν
1223 2269 1465 2323 τοιοῦτον
1512 2267 1730 2331 ἔπαθες,
1776 2266 1871 2319 καὶ
1915 2264 2097 2318 οὐκέτι

520 2358 832 2430 ἐπαρθήσῃ.
883 2355 1263 2428 Ἐπεθύμησας
1293 2356 1401 2409 τῶν
1430 2354 1524 2409 τοῦ
1567 2354 1827 2426 πλησίον;
1890 2351 2099 2424 μνημό-

516 2462 707 2500 νευσον
745 2444 853 2499 τῶν
887 2445 1103 2498 Παύλου
1135 2443 1371 2516 δεσμῶν,
1420 2445 1516 2497 καὶ
1540 2442 1660 2512 ὄψει
1719 2440 1836 2504 πῶς
1898 2439 2098 2494 ἄτοπον

516 2535 723 2588 ἐκεῖνον
789 2533 890 2604 μὲν
950 2534 1008 2586 ἐν
1052 2531 1319 2595 κινδύνοις
1371 2527 1551 2597 εἶναι,
1608 2529 1666 2582 σέ
1721 2528 1779 2580 δὲ
1864 2528 2095 2599 τρυφᾷν.

535 2620 921 2692 Ἐπεθύμησας
971 2620 1136 2673 πάλιν
1196 2617 1447 2689 τρυφῆς;
1501 2618 1558 2671 ἐν
1588 2614 1663 2687 νῷ
1717 2614 1849 2668 λάϐε
1880 2615 1940 2668 τὸ
2009 2615 2097 2667 δε-

521 2711 839 2780 σμωτήριον
890 2706 1147 2761 Παύλου·
1204 2705 1414 2760 ἐκείνου
1468 2705 1715 2775 μαθητὴς
1756 2699 1825 2769 εί,
1888 2701 2096 2756 ἐκείνου

522 2794 957 2868 συστρατιώτης.
1000 2794 1139 2857 Πῶς
1181 2793 1293 2863 ἔχει
1359 2792 1536 2856 λόγον,
1602 2790 1694 2842 τὸν
1732 2805 1830 2860 μεν
1861 2804 2092 2859 συστρα-

532 2884 733 2957 τιώτην
785 2885 842 2936 ἐν
878 2885 1095 2954 δεσμοῖς
1149 2878 1321 2947 εἶναι,
1386 2881 1445 2932 σέ
1502 2878 1558 2932 δέ
1619 2879 1676 2930 ἐν
1737 2878 1952 2948 τρυφῇ;
2010 2874 2098 2929 Ἐν

519 2972 694 3042 θλίψει
733 2971 989 3040 γέγονας,
1045 2964 1868 3040 ἐνόμισαςέγκαταλελεῖφθαι;
1931 2965 2097 3019 ἄκουε

516 3056 624 3113 τῶν
676 3059 888 3114 Παύλου
962 3057 1159 3127 λόγων,
1238 3057 1332 3110 καὶ
1389 3054 1509 3123 ὃψει
1572 3054 1653 3105 ὃτι
1696 3052 1758 3104 τὸ
1814 3053 1873 3104 ἐν
1920 3050 2096 3120 θλίψει

518 3145 660 3203 εἶναι
710 3150 808 3202 οὐκ
864 3144 1303 3217 ἐγκαταλείψεώς
1365 3145 1479 3197 ἐστι
1548 3141 1867 3213 τεκμήριον.
1912 3139 2096 3203 Θέλεις

517 3231 720 3306 σηρικὰ
753 3237 936 3306 φορεῖν
980 3234 1172 3303 ἱμάτια
1200 3248 1214 3297 ;
1273 3229 1581 3300 μνημόνευε
1610 3227 1718 3281 τῶν
1769 3224 1980 3279 Παύλου
2012 3225 2098 3278 δε-

515 3324 690 3396 σμῶν,
747 3323 841 3377 καὶ
870 3323 1042 3376 ταῦτά
1095 3338 1176 3374 σοι
1207 3322 1459 3390 φανεῖται
1510 3317 1619 3370 τῶν
1668 3315 1872 3387 ῥακίων
1946 3315 2082 3366 ἁτι--

518 3413 721 3484 μότερα
745 3411 854 3464 τῶν
887 3407 1403 3481 βεϐορϐορωμένων.
1427 3404 1616 3466 Θέλεις
1646 3402 1845 3473 χρυσία
1876 3399 2097 3472 περιθέ-

517 3500 676 3566 σθαι;
735 3500 791 3551 ἐν
824 3497 901 3568 νῷ
936 3497 1069 3551 λάϐε
1104 3498 1173 3549 τὰ
1224 3494 1436 3548 Παύλου
1498 3491 1691 3560 δεσμὰ,
1743 3488 1837 3542 καὶ
1885 3489 2095 3558 σχοίνου

520 3586 753 3649 παλαιᾶς
797 3586 949 3638 οὐδὲν
978 3583 1201 3654 ἄμεινόν
1260 3598 1342 3635 σοι
1370 3581 1511 3647 δόξει
1566 3577 1738 3632 ταῦτα
1773 3577 2092 3630 διακεῖσθαι.

521 3672 707 3736 Θέλεις
731 3671 991 3726 διαθεῖναι
1032 3671 1133 3732 τὰς
1172 3670 1381 3740 τρίχας,
1411 3669 1507 3721 καὶ
1566 3665 1706 3736 καλὴ
1765 3665 2091 3735 φαίνεσθαι;

523 3755 773 3825 ἐννόησον
795 3754 885 3807 τὸν
916 3754 1127 3824 αὐχμὸν
1170 3754 1262 3806 τοῦ
1297 3751 1511 3807 Παύλου
1552 3750 1644 3804 τὸν
1674 3752 1731 3802 ἐν
1763 3748 1839 3819 τῷ
1886 3748 2096 3818 δεσμω-

523 3832 716 3913 τηρίῳ,
760 3841 852 3896 καὶ
902 3841 1146 3911 ἐκκαήσῃ
1204 3841 1337 3911 πρὸς
1397 3840 1574 3892 ἐκεῖνο
1619 3836 1681 3890 τὸ
1729 3836 1941 3899 κάλλος,
1998 3835 2096 3888 καὶ

521 3930 681 3984 τοῦτο
709 3929 943 3999 ἐσχάτην
970 3926 1118 4000 [415]
1146 3928 1325 4000 ἡγήσῃ
1349 3925 1667 3991 δυσείδειαν,
1699 3925 1795 3977 καὶ
1821 3922 2094 3988 στενάξεις

521 4018 737 4090 πικρῶς
761 4017 1102 4088 ἐπιθυμοῦσα
1129 4018 1350 4071 ἐκείνων
1370 4017 1478 4070 τῶν
1499 4012 1735 4084 δεσμῶν.
1765 4012 1950 4076 Θέλεις
1970 4014 2093 4065 ἐπι·-

516 4109 803 4180 τρίμματα
840 4106 934 4160 καὶ
966 4104 1286 4178 ὑπογραφάς
1316 4105 1483 4174 ἐαυτῇ
1515 4101 1837 4170 περιθεῖναι,
1879 4100 1974 4153 καὶ
1993 4101 2092 4153 ὅσα

512 4194 780 4262 τοιαῦτα;
834 4196 1087 4264 ἐννόησον
1139 4192 1207 4246 τὰ
1265 4192 1474 4245 ἐκείνου
1527 4190 1737 4260 δάκρυα
1764 4203 1778 4215 ·
1828 4189 2095 4259 τριετίαν,

513 4283 684 4338 νύκτα
732 4283 827 4336 καὶ
853 4282 1070 4353 ἡμέραν
1097 4282 1197 4334 οὐκ
1225 4279 1460 4333 ἐπαύετο
1490 4276 1760 4349 δακρύων.
1806 4276 1993 4346 Τούτῳ
2014 4273 2092 4346 τῷ

514 4373 703 4444 κόσμῳ
756 4370 1070 4434 καλλώπιζε
1094 4371 1193 4441 τὴν
1244 4368 1520 4440 παρειάν·
1567 4366 1741 4420 ταῦτα
1766 4364 1835 4418 τὰ
1883 4365 2093 4435 δάκρυα

514 4459 773 4532 λαμπρὰν
814 4460 986 4531 αὐτὴν
1027 4457 1340 4529 ἐργάζεται.
1379 4457 1453 4510 Οὐ
1476 4453 1620 4523 λέγω
1653 4454 1743 4507 ἵνα
1798 4453 1939 4524 ὑπὲρ
1984 4452 2092 4506 τῶν

515 4546 688 4602 ἄλλων
734 4545 975 4620 δακρύῃς
1032 4545 1335 4619 (βούλομαι
1379 4543 1474 4614 μὲν
1515 4542 1624 4613 γάρ
1656 4539 1947 4607 καὶτοῦτο,
1977 4539 2092 4593 ἀλλ’

513 4634 781 4705 ἁνώτερόν
829 4632 921 4687 σού
959 4635 1073 4687 ἐστι
1105 4629 1309 4701 τοῦτο),
1333 4629 1446 4683 ἀλλ’
1475 4630 1611 4699 ὑπὲρ
1640 4628 1746 4681 τῶν
1777 4627 1884 4681 σῶν
1915 4629 2094 4699 ἀμαρ-

513 4720 774 4792 τημάτων
810 4719 971 4773 τοῦτο
1000 4716 1251 4790 παραινῶ
1280 4719 1473 4771 ποιεῖν.
1511 4715 1834 4778 Ἐκέλευσας
1861 4714 2091 4785 δεσμευο

515 4807 676 4877 θῆναι
709 4808 895 4872 παῖδα,
928 4807 1023 4861 καὶ
1050 4804 1327 4877 ὠργίσθης
1355 4806 1448 4858 καὶ
1505 4802 1894 4877 παρωξύνθης;
1954 4819 2093 4873 μνη-

518 4898 710 4969 μόνευε
735 4897 846 4951 τῶν
899 4897 1110 4950 Παύλου
1150 4893 1388 4965 δεσμῶν,
1450 4893 1542 4946 καὶ
1600 4892 1802 4955 εὐθέως
1864 4890 2092 4955 παύσεις

515 4985 614 5053 τὴν
648 4984 817 5056 όργὴν
841 5001 857 5017 ·
889 4983 1270 5056 ἀναμνήσθητι
1294 4983 1375 5035 ὅτι
1422 4980 1532 5034 τῶν
1568 4980 1864 5052 δεδεμένων
1907 4981 2089 5050 ἡμεῖς,

513 5067 699 5124 ἀλλ’ού
724 5071 834 5124 τῶν
863 5070 1088 5124 δεόντων
1115 5080 1158 5135 ⁸,
1186 5071 1294 5124 τῶν
1318 5068 1789 5141 συντετριμμένων
1818 5067 1915 5138 τὴν
1942 5084 2091 5138 καρ-

514 5156 651 5223 δίαν,
688 5157 803 5212 ἀλλ’
836 5159 898 5213 οὐ
953 5157 1063 5211 τῶν
1117 5157 1529 5228 συντριϐόντων.
1564 5154 1825 5227 Διεχύθης
1864 5154 1957 5208 καὶ
1997 5155 2091 5207 άν-

513 5246 822 5315 εκάγχασας
884 5246 1064 5316 μέγας
1113 5245 1322 5299 ἔννοιαν
1359 5244 1491 5298 λάϐε
1520 5243 1628 5297 τῶν
1677 5243 1885 5297 ἐκείνου
1933 5241 2090 5311 όδυρ-

516 5331 655 5399 μῶν,
722 5334 818 5385 καὶ
878 5333 1187 5399 στενάξεις’
1252 5331 1431 5403 πολλῷ
1485 5350 1543 5385 σε
1597 5330 1981 5403 λαμπροτέραν
2019 5327 2086 5380 τά

511 5419 726 5488 δάκρυα
752 5417 926 5473 ταῦτα
962 5420 1253 5474 δείκνυσιν.
1284 5418 1438 5482 Εἶδες
1467 5418 1787 5489 τρυφῶντας
1838 5418 1933 5470 καὶ
1990 5416 2087 5487 ὀρ-

514 5506 847 5575 χουμένους;
907 5510 1274 5580 μνημόνευσον
1316 5509 1479 5562 αὐτοῦ
1511 5509 1619 5561 τῶν
1648 5507 1914 5580 δακρύων.
1954 5505 2088 5558 Ποία

512 5593 666 5664 πηγὴ
690 5593 927 5648 τοσαῦτα
978 5596 1239 5649 ἀνέϐλυσε
1295 5596 1532 5667 νάματα,
1590 5595 1664 5657 ὡς
1719 5595 1768 5647 οί
1820 5593 2090 5663 ὀφθαλμοὶ

581 5731 598 5755 ³
630 5738 768 5792 linus
783 5741 888 5791 cod.
909 5750 960 5793 et
985 5756 1138 5806 marg.
1166 5739 1316 5793 Sax’il.
1343 5740 1659 5802 δεσμούντων.

1402 322 1466 378 IN
1506 322 1724 380 EPIST.
1756 320 1844 377 AD
1881 284 2169 375 comsé.
2200 318 2353 378 CAP.
2393 320 2484 378 1v.
2522 322 2755 380 HOMIL.
2797 322 2913 379 xu.

3654 325 3759 382 58$

2202 433 2397 489 ἐκεῖνοι
2430 436 2497 491 τὰ
2522 438 2732 507 δάκρυα
2757 456 2772 501 ;
2843 433 3256 506 Μνημονεύετέ
3275 451 3417 505 μου,
3445 437 3596 505 φησὶ,
3646 438 3765 490 τῶν·

2198 521 2490 591 δακρύων,
2552 524 2740 596 ὥσπερ
2766 524 2874 578 τῶν
2898 523 3112 594 δεσμῶν
3137 522 3388 578 ἐνταῦθα.
3439 523 3550 576 Καὶ
3618 525 3765 576 είκόο

2197 625 2305 673 τως
2358 611 2580 675 ἐκείνοις
2606 613 2791 666 ταῦτα
2817 607 2990 677 εἶπεν,
3019 611 3181 682 ἡνίκα
3217 612 3322 665 άπὸ
3366 613 3464 683 τῆς
3539 609 3766 679 Ἐφέσου

2198 697 2393 760 αὐτοὺς
2430 700 2809 768 μετεστείλατο
2835 700 2914 762 εἰς
2946 699 3043 771 τὴν
3099 698 3359 769 Μίλητον.
3421 698 3765 759 Διδασκάλοις

2197 783 2307 853 γάρ
2353 783 2555 853 ἔλεγεν·
2616 784 2755 837 ῶστε
2807 785 3048 847 ἐκείνους
3094 785 3192 857 μὲν
3243 785 3337 839 καὶ
3389 784 3450 838 τὸ
3513 784 3766 853 συιάγειν

2197 873 2439 938 ἀπαιτεῖ,
2478 872 2701 936 τούτους
2732 871 2788 925 δὲ
2825 873 2885 924 τὺ
2924 872 3255 927 κινδυνεύειν
3278 872 3436 944 μόνον
3470 872 3520 927 δ.

2267 963 2315 1026 γ’
2325 999 2338 1013 .
2360 957 2526 1012 Ποίαν
2543 958 2723 1029 βούλει
2739 976 2812 1013 πα
2821 959 3072 1030 ραϐαλεῖν
3088 960 3271 1032 πηγήν
3288 962 3399 1022 τοῖς
3411 959 3638 1030 δάκρυσι.
3648 958 3769 1012 τού-

2195 1063 2343 1113 τοις;
2373 1045 2470 1118 τὴν
2504 1047 2562 1099 ἐν
2589 1047 2666 1118 τῷ
2705 1048 3036 1119 παραδείσῳ,
3066 1048 3164 1118 τὴν
3195 1046 3516 1111 ποτίζουσαν
3537 1048 3639 1119 τὴν
3665 1049 3767 1118 γῆν

2198 1130 2444 1200 ᾶπασαν;
2492 1131 2635 1185 Ἀλλ’
2664 1133 2818 1187 ούδέν
2844 1135 2955 1187 τσον
2988 1136 3132 1207 ἐρεῖς
3154 1151 3165 1163 ·
3193 1133 3330 1205 αῦτη
3362 1135 3468 1206 γάρ
3493 1138 3526 1206 ἡ
3550 1135 3659 1188 τῶν
3683 1135 3771 1187 δα-

2197 1217 2380 1288 κρύων
2409 1218 2562 1290 πηγὴ
2607 1219 2785 1290 ψυχὰς
2834 1220 3113 1285 ἐπότιζεν,
3157 1220 3217 1273 ού
3260 1221 3381 1289 γῆν.
3432 1221 3498 1274 Ei’
3523 1238 3606 1284 τις
3638 1223 3769 1291 ἡμῖν

2196 1305 2595 1379 δεδακρυμένον
2645 1307 2812 1373 ἔδειξε
2868 1307 3078 1362 Παῦλον
3136 1308 3230 1361 καὶ
3291 1307 3647 1373 στενάξοντα,
3706 1310 3769 1361 οὐ

2199 1392 2380 1464 πολλῷ
2425 1390 2493 1466 ἦν
2538 1395 2743 1466 βέλτιον
2771 1396 2926 1460 ίδεῖν,
2958 1395 2990 1466 ἢ
3022 1397 3215 1468 χοροὺς
3264 1396 3489 1468 μυρίους
3533 1395 3769 1468 φαιδρῶς

2200 1482 2716 1553 ἐστεφανωμένουςς
2772 1482 2846 1535 Οὐ
2894 1482 3036 1552 λέγω
3082 1484 3208 1554 περὶ
3248 1483 3436 1554 ὑμῶν’
3468 1482 3582 1537 ἀλλ’
3617 1484 3669 1535 εῖ
3688 1500 3770 1545 τις

2199 1567 2306 1622 ἀπὸ
2330 1569 2425 1622 τοῦ
2448 1569 2676 1641 θεάτρου
2701 1569 2793 1622 καὶ
2812 1569 2909 1639 τῆς
2933 1568 3138 1639 σκηνῆς
3165 1569 3486 1632 ἀποσπάσας
3509 1567 3632 1621 τινὰ
3659 1568 3773 1620 τῶν

2199 1657 2514 1711 ἀκολάστων
2546 1657 2902 1726 ἐκκαιόμενον
2950 1658 3044 1711 καῖ¹
3093 1658 3491 1728 βακχευόμενον
3542 1655 3618 1725 τῷ
3663 1655 3770 1709 τῶν

2202 1745 2471 1812 σωμάτων
2495 1742 2678 1814 ἔρωτι,
2706 1743 2913 1798 ἐδείκνυ
2938 1745 3107 1817 κόρην
3133 1744 3397 1816 παρθένον
3420 1746 3478 1798 ἐν
3500 1743 3647 1814 αὐτῷ
3671 1743 3772 1813 τῆς

2200 1829 2419 1900 ἡλικίας
2450 1830 2528 1900 τῷ
2560 1829 2708 1884 ἄνθει
2734 1830 2804 1884 τά
2833 1847 2890 1884 τε
2925 1831 3060 1885 άλλα
3086 1830 3323 1885 νικῶσαν
3357 1831 3455 1895 τὰς
3483 1832 3769 1902 ὁμήλικας,

2202 1919 2296 1971 καὶ
2327 1921 2394 1990 τῇ
2427 1919 2547 1989 ὄψει
2583 1920 2722 1993 ὑπὲρ
2755 1920 2823 1974 τὰ
2850 1921 3012 1974 λοιπὰ
3053 1921 3210 1992 μέλη,
3249 1921 3523 1992 ὀφθαλμὸν
3547 1920 3774 1991 ἔχουσαν

2203 2004 2410 2060 ἁπαλὸν
2434 2007 2528 2059 καὶ⁹
2572 2007 2813 2078 μαλακὸν
2847 2009 3219 2080 ἐγκαθήμενον
3249 2008 3451 2080 ἡρέμα,
3487 2026 3773 2080 περιστρε-

2203 2092 2436 2165 φόμενον
2473 2094 2682 2166 ἡρέμα,
2719 2097 2906 2167 ὑγρὸν,
2941 2097 3168 2169 ἥμερον,
3194 2097 3427 2169 γαληνὸν
3461 2097 3770 2168 μειδιῶντα,

2202 2181 2297 2235 καὶ
2349 2182 2516 2255 πολλῇ
2569 2184 2666 2253 μὲν
2704 2184 3161 2252 περιεσταλμένον
3202 2189 3269 2257 τῇ
3306 2185 3470 2252 αίδοῖ,
3516 2183 3684 2255 πολλῇ
3715 2185 3772 2236 δὲ

2202 2271 2268 2339 τῇ
2298 2268 2515 2340 χάριτι,
2567 2269 2849 2342 βλεφαρίσι
2892 2275 3118 2335 κυαναῖς
3152 2273 3394 2326 κάτωθεν
3431 2274 3524 2327 καὶ
3569 2272 3777 2326 ἄνωθεν
3809 2318 3812 2321 λ

2205 2356 2675 2428 ἐστεφανωμένην,
2731 2359 2829 2429 τὴν
2890 2359 3056 2431 κόρην
3109 2359 3379 2430 ἔμψυχον,
3435 2360 3510 2424 ὼς
3562 2362 3772 2425 εἰπεῖν,

2204 2444 2435 2514 ἔχουσαν
2465 2488 2480 2512 ,
2528 2445 2747 2516 λάμπον
2785 2446 2845 2500 τὸ
2891 2448 3173 2516 μέτωπον,
3207 2446 3449 2501 κάτωθεν
3488 2447 3649 2501 πάλιν
3676 2448 3778 2518 τὴν

2205 2530 2438 2602 παρειάν
2468 2533 2547 2596 είς
2576 2532 2777 2602 ἀκριϐῆ
2813 2534 3149 2605 ἐρυθρότητα
3179 2535 3600 2605 ἀφικνουμένην,
3633 2552 3775 2605 μαρ-

2208 2618 2383 2689 μάρου
2412 2617 2567 2688 δίκην
2614 2619 2765 2674 λείαν
2804 2621 3169 2692 ὑποκειμένην
3191 2661 3205 2686 ,
3234 2623 3441 2694 ὁμαλήν
3462 2640 3475 2656 ·
3523 2617 3639 2675 εἶτά
3686 2641 3774 2694 μοι

2205 2703 2374 2768 ἔδειξε
2417 2704 2627 2761 Παῦλον
2664 2705 2987 2778 δακρύοντα,
3022 2708 3230 2780 ταύτην
3257 2711 3323 2763 ἃν
3371 2711 3527 2780 ἀφεὶς
3565 2713 3775 2781 ἐπεπὴ-

2205 2792 2343 2864 δησα
2388 2794 2454 2863 τῇ
2504 2793 2693 2847 τούτου
2744 2794 2873 2865 θέᾳ·
2922 2795 3114 2858 κάλλος
3159 2796 3267 2868 γὰρ
3302 2798 3624 2869 ἀπέλαμπεν
3670 2798 3779 2851 ἀπὸ

2203 2881 2408 2936 τούτων
2428 2883 2536 2937 τῶν
2562 2882 2855 2953 ὀφθαλμῶν
2878 2886 3271 2955 πνευματικόν.
3310 2886 3516 2940 Ἐκεῖνο
3543 2886 3641 2958 μὲν
3668 2887 3776 2958 γὰρ

2206 2971 2353 3023 ποιεῖ
2394 2968 2704 3034 ἐξίστασθαι
2746 2969 2882 3023 νέων
2934 2970 3129 3041 ψυχὰς,
3171 2972 3383 3026 ἐκκαίει
3416 2973 3509 3025 καὶ
3554 2974 3773 3041 φλέγει·

2203 3057 2364 3112 τοῦτο
2391 3058 2450 3112 δὲ
2477 3059 2785 3114 τούναντίον
2814 3059 3181 3113 καταστέλλει.
3208 3060 3409 3113 Τούτου
3435 3063 3560 3125 τοὺς
3580 3062 3777 3131 ὀφθαλ-

2208 3148 2341 3219 μοὺς
2366 3148 2395 3200 6
2432 3146 2572 3217 ὁρῶν
2607 3146 2934 3218 ὡραιότερον
2976 3147 3066 3200 τὸν
3091 3148 3191 3218 τῆς
3232 3146 3409 3218 ψυχῆς
3447 3149 3774 3218 ἐργάζεται,

2204 3235 2464 3305 κατασπᾷ
2505 3233 2782 3304 γαστέρα,
2830 3234 3144 3303 φιλοσοφίας
3185 3234 3507 3305 ἐμπίπλησι,
3557 3253 3775 3307 συμπα-

2204 3321 2358 3384 θείας
2409 3321 2646 3390 πολλῆς,
2703 3322 2794 3374 καὶ
2849 3320 3214 3390 ἀδαμαντίνην
3272 3321 3506 3391 μαλάξαι
3556 3325 3775 3378 δύναται

2202 3408 2401 3478 ψυχήν.
2433 3407 2656 3470 Τούτοις
2684 3408 2903 3479 ἄρδεται
2936 3410 2971 3479 ἡ
3015 3406 3344 3477 Ἐκκλησία,
3373 3408 3584 3474 τούτοις
3606 3412 3777 3482 ψυχαὶ

2205 3496 2523 3564 φυτεύονται
2558 3493 2706 3566 [416]
2728 3497 2839 3558 τοῖς
2872 3494 3133 3565 δάκρυσι·
3163 3494 3267 3549 κᾶν
3296 3495 3407 3568 πῦρ
3428 3492 3484 3570 ᾗ,
3505 3498 3677 3552 ταῦτα
3706 3502 3776 3555 τὰ

2202 3583 2416 3655 δάκρυα
2460 3582 2652 3636 σϐέσαι
2681 3583 2922 3647 δύναται,
2956 3585 3048 3638 καὶ
3078 3583 3333 3653 αἰσθητὸν
3358 3596 3379 3624 ο
3411 3586 3504 3639 καὶ
3535 3605 3775 3657 σωματι-

2202 3671 2316 3726 κόν·
2341 3670 2514 3725 ταῦτα
2537 3672 2605 3726 τὰ
2629 3671 2839 3741 δάκρυα
2864 3670 2933 3725 τὰ
2957 3670 3086 3740 βέλη
3116 3670 3211 3724 τοῦ
3234 3672 3477 3744 Πονηροῦ
3498 3672 3566 3727 τὰ
3593 3692 3774 3728 πεπυ-

2206 3759 2423 3829 ρωμένα
2446 3758 2714 3813 σϐέννυσι.
2736 3760 2857 3828 Μνη
2867 3757 3076 3825 μονεύω
3084 3775 3181 3828 μεν
3200 3760 3379 3813 τοίνυν
3396 3761 3506 3813 τῶν
3521 3761 3773 3833 δακρύων

2201 3844 2388 3909 αὑτοῦ,
2421 3846 2515 3898 καὶ
2556 3846 2773 3899 πάντων
2807 3846 3292 3914 καταγελασόμεθα
3325 3847 3434 3901 τῶν
3466 3850 3770 3918 παρόντων.

2201 3933 2390 3986 Ταῦτα
2436 3932 2773 4003 ἐμακάριζεν
2826 3934 2853 3984 ὁ
2894 3932 3127 4001 Χριστὸς
3173 3932 3242 3984 τὰ
3280 3932 3509 4004 δάκρυα,
3564 3935 3768 4001 λέγων’

2199 4019 2489 4088 Μακάριοι
2522 4021 2576 4073 οί
2604 4017 2986 4081 πενθοῦντες,
3019 4018 3116 4069 καὶ
3142 4017 3417 4085 μακάριοι
3448 4023 3500 4072 οἱ
3533 4022 3774 4075 κλαίον-

2198 4124 2318 4172 τες,
2336 4106 2427 4160 ὅτι
2451 4104 2621 4159 αὐτοὶ
2636 4102 3018 4173 γελάσονται.
3037 4102 3271 4155 Τοιαῦτα
3291 4104 3385 4156 καὶ
3410 4105 3657 4171 Ἡσαΐας,
3678 4110 3772 4159 καὶ

2211 4193 2479 4265 Ἱερεμίας
2511 4189 2661 4261 ἠφίει
2702 4189 2945 4258 δάκρυα·
2982 4187 3076 4240 καὶ
3114 4191 3143 4241 6
3175 4189 3273 4257 μὲν
3305 4188 3489 4257 ἔλεγεν
3509 4208 3523 4223 ο
3555 4192 3770 4261 Ἀφετέ

2195 4300 2302 4351 με,
2330 4280 2555 4349 πικρῶς
2586 4278 2958 4347 κλαύσομαν
3003 4278 3032 4329 6
3068 4275 3125 4328 δέ
3154 4275 3325 4344 ἔλεγε·
3367 4280 3461 4344 Τίς
3491 4278 3666 4335 δώσει
3693 4281 3769 4351 τῇ

2198 4367 2434 4438 κεφαλῇ
2465 4384 2585 4436 μου
2626 4366 2811 4435 ὕδωρ,
2855 4363 2951 4419 καὶ
2990 4363 3114 4429 τοῖς
3146 4365 3476 4434 ὀφθαλμοῖς
3505 4386 3626 4436 μου
3654 4384 3768 4437 πη..

2199 4458 2306 4527 γής
2335 4456 2608 4524 δακρύων
2622 4470 2642 4517 ;
2675 4454 2753 4517 ὡς
2786 4453 2885 4506 οὐκ
2918 4451 3191 4524 ἀρκούσης
3231 4454 3330 4521 τῆς
3373 4457 3624 4525 φυσικῆς.
3662 4459 3768 4510 Οὐ-

2198 4543 2286 4597 δὲν
2339 4542 2446 4596 τῶν
2491 4539 2743 4612 δακρύων
2798 4540 3000 4594 τούτων
3050 4541 3234 4611 ἡδιον’
3286 4541 3487 4605 παντὸς
3535 4542 3768 4611 γέλωτος

2199 4632 2371 4685 ταῦτα
2400 4629 2657 4701 ἡδύτερα.
2693 4630 2902 4684 Ἴσασιν
2946 4631 2996 4683 οἱ
3040 4629 3397 4697 πενθοῦντες,
3439 4632 3610 4702 πόσην
3654 4632 3767 4703 ἔχει

2197 4719 2259 4773 τὸ
2303 4720 2536 4790 πρᾶγμα
2584 4717 2960 4790 παραμυθίαν.
3005 4718 3097 4791 Μὴ
3147 4720 3418 4774 ἀπευκτὸν
3458 4720 3591 4773 αὐτὸ
3629 4716 3767 4775 εἶναι

2198 4808 2542 4879 νομίζωμεν,
2595 4806 2733 4868 ἀλλὰ
2788 4807 2883 4860 καὶ
2939 4806 3141 4875 σφόδρα
3192 4807 3404 4860 εὐκτόν.
3461 4808 3570 4877 Οὐχ
3626 4806 3766 4861 ὥστε

2200 4895 2420 4967 ἐτέρους
2453 4894 2807 4966 ἁμαρτάνειν,
2859 4892 2976 4947 ἀλλ’
3013 4892 3155 4946 ὥστε
3205 4892 3626 4963 ἁμαρτανόντων
3665 4895 3765 4948 αὑ-

2197 4984 2304 5038 τῶν
2347 4984 2492 5055 ἡμᾶς
2521 4981 2890 5037 κατακλᾶσθαι
2909 5021 2925 5044 ,
2956 4982 3161 5034 τούτων
3208 4979 3633 5052 μνημονεύωμεν
3658 4981 3767 5035 τῶν

2197 5070 2470 5141 δακρύων,
2499 5070 2702 5124 τούτων
2733 5068 2840 5122 τῶν
2867 5069 3100 5138 δεσμῶν.
3133 5069 3275 5137 ’Ἄρα
3306 5068 3401 5120 καὶ
3433 5068 3525 5121 ἐπὶ
3552 5068 3662 5122 τῶν
3684 5069 3767 5122 δε-

2199 5155 2352 5223 σμῶν
2378 5156 2590 5227 δάκρυα
2612 5154 2929 5208 κατέϐαινεν
2949 5171 2961 5185 °
2984 5154 3084 5206 οὐκ
3110 5153 3258 5223 ἡφίει
3281 5153 3337 5205 δὲ
3358 5154 3517 5207 αὐτὸν
3537 5155 3634 5225 τῆς
3655 5155 3769 5209 ἀπὸ

2197 5243 2304 5297 τῶν
2336 5242 2549 5313 δεσμῶν
2584 5242 2775 5312 ἡδονῆς
2803 5240 3156 5295 αἰσθάνεσθαι
3183 5242 3292 5294 τῶν
3320 5241 3707 5313 ἀπολλυμένων
3736 5244 3766 5294 6

2198 5329 2445 5394 θάνατος,
2494 5328 2605 5381 τῶν
2651 5328 3012 5397 δεσμούντων.
3057 5329 3168 5381 Καὶ
3212 5327 3321 5400 γὰρ
3363 5329 3503 5400 ὑπὲρ
3544 5330 3766 5384 ἐκείνων

2197 5417 2351 5489 ἡλγει
2371 5434 2385 5448 ·
2415 5417 2665 5490 μαθητὴς
2687 5418 2796 5487 γάρ
2823 5414 2891 5489 ἡν
2915 5419 3126 5472 ἐκείνου
3156 5419 3251 5472 τοῦ
3283 5418 3609 5491 δακρύοντος
3640 5420 3765 5484 τοὺς

2230 5611 2286 5686 ‘b
2310 5610 2362 5658 Si
2385 5607 2505 5681 ﬁde§
2526 5605 2748 5682 Halgsio,
2791 5605 2864 5657 sic
2895 5607 3147 5670 scripserit
3167 5609 3359 5672 (λιι-γε,
3379 5609 3435 5660 τὸ
3458 5604 3760 5671 συναλγεῖν...

2195 5685 2249 5722 το
2271 5687 2573 5731 μνημονεύειν
2595 5685 2749 5730 μονον.

2260 5738 2281 5764 ε
2298 5732 2482 5783 Μωυιι
2504 5732 2717 5782 Dunzeus
2737 5731 3034 5792 ἀναίσθητον.
