4026 6148
281 303 390 362 $85

283 419 465 487 ἱερέας
493 416 601 472 τῶν
660 413 946 478 Ἰουδαίων,
989 411 1087 480 οὐχ
1125 410 1204 461 ὅτι
1236 407 1398 462 αὑτὸν
1436 405 1664 477 ἔμελλον
1711 423 1868 458 σταυ-

283 508 432 578 ροῦν,
474 505 589 559 ἀλλ’
623 505 705 556 ὅτι
733 500 888 556 αὐτοὶ
919 497 1254 553 ἀπώλλυντο.
1289 496 1399 549 Καὶ
1439 495 1539 548 ούκ
1571 494 1735 558 αὐτὸς
1771 495 1870 564 μό-

281 609 371 658 νος
402 593 534 648 αὐτὸ
575 593 738 654 ποιεῖ,
777 587 912 640 ἀλλά
947 585 1040 638 καὶ
1067 585 1192 647 τοὺς
1219 583 1413 646 ἄλλους
1441 578 1585 636 οὕτω
1615 598 1869 651 παρακα-

281 681 388 743 λεῖ,
407 680 581 748 λέγων
607 689 621 709 ⁶
646 678 742 744 Μὴ
767 673 1004 727 κλαίετε
1027 671 1118 724 ἐπ’
1145 671 1270 740 ἐμὲ,
1302 669 1623 740 θυγατέρες
1657 669 1869 736 Ἰερου-

281 766 510 835 σαλήμ,
536 761 690 817 Εἶδον
709 763 799 814 τὸν
827 760 1152 830 παράδεισον
1173 751 1321 812 οὗτοι
1341 760 1388 810 οί
1411 757 1704 828 ὀφθαλμοὶ,
1729 754 1869 810 εἶδον

280 856 372 909 16v
415 853 596 924 τρίτον
632 847 861 920 οὐρανόν
883 863 897 877 ·
932 846 1047 899 ἀλλ’
1093 847 1154 898 οὐ
1189 846 1487 917 μακαρίζω
1518 846 1718 908 αὐτοὺς
1768 845 1869 915 τῆς

283 945 411 1008 θέας
437 940 637 1010 ταύτης
667 939 854 992 ἐνεκεν
878 936 1073 1000 οὕτως,
1103 936 1178 1000 ὡς
1203 936 1312 989 τῶν
1342 934 1597 1005 δακρύων
1619 934 1866 996 ἐκείνων,

280 1033 349 1086 δι’
373 1025 446 1094 ὧν
472 1025 609 1082 εἶδον
632 1027 724 1080 16v
753 1028 798 1079 Χ
808 1026 1010 1095 ριστόν.
1035 1025 1324 1096 Μακάριον
1349 1026 1448 1095 μέν
1478 1025 1648 1088 ὅντως
1669 1023 1827 1076 τοῦτο
1851 1037 1865 1051 ⁸

280 1119 506 1188 καὶγὰρ
530 1118 624 1171 καὶ
647 1114 808 1179 αὐτὸς
840 1116 927 1168 ἐπ’
952 1113 1102 1184 αὐτῷ
1134 1113 1459 1184 σεμνύνεται
1490 1112 1687 1181 λέγων·
1719 1111 1867 1179 Οὐχὶ

291 1206 536 1276 Ἰησοῦν
570 1206 830 1276 Χριστὸν
861 1206 970 1260 τὸν
994 1206 1216 1274 Κύριον
1241 1199 1413 1271 ήμῶν
1435 1200 1703 1269 ἐώρακσ;
1732 1199 1869 1254 ἀλλὰ

283 1293 704 1368 μακαριώτερον
735 1293 796 1348 16
841 1291 1109 1363 δακρῦσαι
1144 1289 1336 1352 οὓτως.
1395 1289 1637 1343 Ἐκείνου
1679 1287 1866 1341 πολλοὶ

280 1386 710 1454 κεκοινωνήκασι
745 1381 842 1438 τοῦ
875 1381 1164 1452 θεάματος,
1201 1379 1296 1434 καὶ
1334 1379 1461 1442 τοὺς
1495 1377 1570 1448 μὴ
1602 1375 1866 1447 κοινωνὴ-

282 1490 484 1536 σαντας
519 1469 814 1542 μακαρίζει
862 1469 1026 1523 πάλιν
1055 1466 1310 1538 Χριστὸς,
1332 1465 1508 1534 λέγων
1527 1479 1540 1494 ·
1575 1463 1866 1534 Μακάριοι

281 1566 336 1616 οἱ
377 1561 464 1632 μὴ
498 1560 759 1624 ἰδόντες,
813 1555 915 1610 καὶ
959 1556 1440 1619 πιστεύσαντες·
1469 1553 1664 1606 τούτου
1711 1551 1768 1604 δέ
1805 1552 1862 1606 ού

281 1648 468 1702 πολλοὶ
508 1646 789 1717 ἐπέτυχον.
831 1643 891 1698 Εἰ
925 1645 1033 1715 7&9
1061 1642 1123 1697 16
1164 1642 1342 1714 μένειν
1385 1641 1471 1696 διὰ
1502 1639 1740 1712 Χριστὸν
1783 1641 1870 1693 ἐν-

279 1738 454 1794 ταῦθα
483 1736 579 1790 τού
621 1734 883 1790 ἀναλῦσαι
933 1733 1069 1804 πρὸς
1109 1732 1271 1786 αὑτὸν
1309 1729 1734 1801 ἀναγκαιότερον
1779 1728 1868 1782 διὰ

280 1825 379 1896 τὴν
409 1825 684 1895 σωτηρίαν
717 1822 825 1876 τῶν
854 1820 1051 1885 ἄλλων,
1075 1820 1184 1893 ἄρα
1213 1819 1310 1873 καὶ
1337 1818 1431 1872 τοῦ
1462 1819 1589 1872 ἰδεῖν
1618 1817 1779 1871 αὑτὸν
1806 1816 1867 1870 16

279 1913 349 1968 δι’
388 1912 588 1976 αὐτοὺς
634 1910 884 1978 στενάξαι
921 1908 1368 1978 ἀναγκαιότερον.
1410 1907 1473 1960 Εἰ
1503 1905 1615 1977 γάρ
1639 1903 1734 1959 τοῦ
1769 1905 1868 1959 σὺν

282 2000 432 2072 αὐτῷ
459 1996 598 2053 εἶναι
623 1999 684 2052 16
715 1998 782 2051 δι’
818 1997 981 2051 αὐτὸν
1022 1998 1102 2060 είς
1130 1996 1354 2064 γέενναν
1386 1991 1528 2048 εἶναι
1558 1992 1868 2046 ποθεινότε-

285 2106 398 2160 ρον,
429 2088 523 2140 καὶ
562 2085 656 2140 10'3
689 2087 926 2138 συνεῖναι
968 2083 1118 2154 αὐτῷ
1143 2083 1204 2136 16
1240 2080 1573 2155 χωρίζεσθαι
1603 2079 1770 2134 αὐτοῦ
1797 2079 1867 2133 δι’

282 2175 444 2229 αὐτὸν
483 2173 861 2245 ποθεινότερον
893 2170 1082 2241 (τοῦτο
1125 2172 1234 2242 γάρ
1285 2173 1434 2223 ἐστιν
1473 2171 1611 2239 ὅπερ
1646 2168 1866 2238 ἔλεγεν·

281 2264 569 2332 Ηὺχόμην
591 2260 856 2330 ἀνάθεμα
883 2255 1037 2314 εἶναι
1066 2259 1248 2324 αὐτὸς
1262 2257 1378 2329 ἐγὼ
1398 2258 1518 2314 ἀπὸ
1539 2257 1833 2328 Χριστοῦ)
1852 2275 1864 2288 ’

283 2350 460 2421 πολλῴ
493 2349 694 2422 μᾶλλον
721 2348 896 2403 καὶτὸ
923 2347 1182 2419 δακρύειν
1212 2347 1280 2400 δι’
1323 2347 1510 2402 αὐτόν.
1539 2348 1662 2400 Οὐκ
1691 2346 1872 2399 ἐπαυο

283 2439 514 2510 σάμην,
547 2439 709 2509 φησὶ,
740 2437 893 2506 μετὰ
937 2435 1214 2505 δακρύων
1255 2435 1558 2490 νουθετῶν
1589 2434 1699 2489 ἕνα
1738 2434 1873 2488 ἕκα-

283 2543 453 2579 στον.
491 2525 590 2578 Διά
626 2523 715 2589 τί;
749 2523 884 2592 Οὐχὶ
925 2524 1052 2586 τοὺς
1099 2521 1382 2584 κινδύνους
1423 2521 1712 2586 δεδοικώς·
1753 2521 1869 2575 ἀλλ’

284 2613 475 2682 ὥσπερ
525 2610 589 2664 ἄν
621 2627 707 2673 τις
749 2607 1064 2662 ἀσθενοῦντι
1107 2608 1597 2680 παρακαθήμενος,
1641 2610 1735 2663 καὶ
1795 2608 1870 2682 μὴ

285 2702 442 2764 εἰδὼς
458 2701 518 2754 16
535 2700 706 2767 τέλος,
731 2698 956 2771 δακρύοι
973 2699 1059 2752 διὰ
1086 2697 1272 2763 πόθον,
1291 2697 1543 2762 δεδοικὼς
1566 2700 1639 2769 μὴ
1662 2699 1870 2770 ἐκπέσῃ

285 2790 386 2860 τῆς
415 2788 559 2860 ζωῆς
585 2804 596 2816 ·
629 2786 772 2840 οὕτω
807 2787 903 2839 καὶ
935 2786 1119 2850 αὐτὸς,
1160 2786 1289 2838 ὅταν
1328 2783 1468 2839 εἶδεν
1507 2785 1870 2853 ἀσθενοῦντα,

285 2878 381 2930 καὶ
425 2874 722 2945 ἐπιπλῆξαι
755 2875 855 2928 οὐκ
898 2875 1116 2945 ἴσχυσεν
1136 2911 1152 2936 ,
1180 2871 1410 2943 ἐδάκρυε
1443 2873 1650 2928 λοιπόν.
1702 2872 1873 2926 Τοῦτο

287 2965 381 3018 καὶ
403 2965 430 3016 6
460 2963 694 3035 Χριστὸς
724 2961 1002 3033 ἐποίησεν,
1030 2961 1116 3013 ἵνα
1141 2958 1241 3013 κᾶν
1271 2959 1340 3013 τά
1370 2959 1580 3030 δάκρυα
1606 2959 1868 3013 αἰδεσθῶ-

287 3070 372 3105 σιν
399 3069 412 3083 ·
441 3045 572 3115 οἷον,
602 3050 890 3126 ἡμάρτανέ
917 3067 1035 3114 τις;
1069 3050 1304 3120 ἐπετίμα
1328 3064 1342 3078 ⁸
1374 3048 1677 3102 κατέπτυεν
1704 3047 1869 3103 αὑτοῦ

285 3141 314 3192 6
345 3138 768 3210 ἐπιτιμώμενος,
809 3138 913 3207 ξκαὶ
964 3136 1255 3208 άπεπήδα;
1308 3135 1593 3207 ἐδάκρυεν,
1637 3135 1724 3189 ἵνα
1765 3135 1870 3190 κᾶν

286 3228 458 3293 οὓτως
485 3227 877 3297 ἐπισπάσηται.

358 3347 507 3419 [417]
529 3345 589 3400 δ’.
616 3346 835 3401 Τούτων
853 3343 1286 3417 μνημονεύωμεν
1315 3343 1424 3398 τῶν
1438 3341 1709 3415 δακρύων·
1728 3340 1872 3396 οὕτω

286 3435 385 3500 τὰς
417 3434 721 3506 θυγατέρας
751 3435 1148 3506 ἀνατρέφωμεν
1185 3433 1284 3496 τὰς
1310 3431 1541 3500 ἑαυτῶν,
1569 3433 1712 3486 οὕτω
1743 3431 1872 3495 τοὺς

287 3524 506 3586 παῖδας,
528 3522 852 3594 δακρύοντες
864 3524 991 3576 ὅταν
1008 3523 1208 3593 ἴδωμεν
1228 3522 1285 3576 ἐν
1305 3524 1494 3584 κακοῖς
1509 3521 1688 3582 δντας.
1708 3521 1869 3574 Ὅσαι

287 3609 516 3680 ἐρᾶσθαι
559 3608 876 3678 βούλονται,
926 3610 1414 3680 μνημονευέτωσαν
1459 3609 1570 3662 τῶν
1616 3609 1871 3680 δακρύων

289 3698 504 3752 Παύλου
524 3736 540 3761 ,
567 3698 663 3750 καὶ
690 3696 1098 3760 στεναζέτωσαν
1119 3712 1132 3726 ·
1161 3697 1285 3749 ὅσαι
1315 3696 1686 3766 μακαρίζεσθε
1705 3736 1719 3760 ,
1747 3698 1870 3750 ὅσαι

288 3787 348 3839 ἐν
363 3784 628 3853 θαλάμοις
652 3783 796 3846 ἐστὲ,
818 3783 938 3834 ὅσαι
957 3783 1014 3835 ἐν
1037 3782 1220 3852 ἡδονῇ,
1237 3782 1444 3835 τούτων
1466 3784 1833 3854 μνημονεύετε
1853 3800 1868 3815 ·

289 3873 404 3924 ὅσοι
437 3872 494 3922 ἐν
526 3869 735 3933 πένθει,
765 3868 1095 3922 άλλάττεσθε
1120 3868 1327 3939 δάκρυα
1353 3869 1626 3940 δακρύων.
1649 3871 1722 3923 υὺ
1744 3871 1872 3934 τοὺς

289 3957 598 4020 τεθνεῶτας
631 3957 837 4020 ἐκεῖνος
867 3955 1104 4017 ἐπένθει,
1135 3955 1272 4009 ἀλλά
1302 3957 1430 4020 τοὺς
1467 3957 1872 4028 ἀπολλυμένους

293 4047 390 4100 καὶ
423 4044 654 4111 ζῶντας.
690 4043 844 4098 Εἴπω
887 4043 985 4097 καὶ
1006 4044 1167 4114 ἐτερα
1199 4043 1440 4115 δάκρυα;
1475 4046 1585 4097 Καὶ
1612 4045 1873 4116 Τιμόθεος

289 4131 511 4184 ἔκλαιε·
565 4126 811 4198 μαθητὴς
853 4127 963 4198 7&9
996 4123 1065 4199 ἦν
1115 4126 1339 4180 τούτου·
1386 4127 1466 4182 διὸ
1515 4130 1608 4182 καὶ⁸
1645 4129 1874 4200 γράφων

289 4217 440 4288 αὐτῷ
487 4215 641 4285 ἔλεγε
665 4231 677 4245 ⁸
723 4216 1114 4285 Μεμνημένος
1139 4231 1256 4269 σου
1287 4215 1409 4270 τῶν
1439 4216 1736 4286 δακρύων,
1771 4218 1873 4272 ἵνα

290 4304 482 4376 χαρᾶς
513 4302 826 4372 πληρωθῶ.
883 4302 1074 4357 Πολλοὶ
1104 4303 1198 4356 καὶ
1241 4302 1300 4369 ἐξ
1337 4303 1533 4374 ἡδονῆς
1566 4305 1868 4376 ὀδύρονται.

290 4393 449 4450 Οὕτω
497 4393 594 4447 καὶ
626 4391 821 4464 ἡδονῆς
869 4393 986 4446 ἐστι
1017 4392 1080 4445 16
1123 4393 1378 4464 πρᾶγμα,
1413 4395 1507 4448 καὶ
1538 4391 1732 4466 ἡδονῆς
1772 4393 1874 4464 μά-

291 4483 450 4535 λιστα
471 4481 897 4551 ἐπιτεταμένης·
928 4479 1102 4544 οὕτως
1121 4481 1181 4534 ού
1211 4481 1446 4551 φορτικά
1475 4480 1545 4534 τά
1564 4482 1776 4553 δάκρυα
1804 4485 1874 4539 τὰ

292 4569 353 4633 ἐξ
377 4570 569 4639 ὀδύνης
589 4567 871 4638 τοιαύτης,
903 4567 1037 4621 ἀλλὰ
1058 4569 1152 4621 καὶ
1179 4569 1402 4622 ἐκείνων
1426 4568 1603 4640 πολλῷ
1630 4569 1874 4640 βελτίονα

291 4657 400 4712 τῶν
435 4657 502 4710 δι’
555 4657 754 4727 ἡδονὴν
785 4657 1078 4727 κοσμικὴν.
1117 4657 1316 4709 ’Ἄκουε
1339 4657 1435 4710 τοῦ
1479 4660 1766 4731 Προφήτου
1795 4661 1876 4714 λέ-

291 4761 510 4814 γοντος·
567 4745 830 4799 Ἤκουσε
867 4746 1085 4813 Κύριος
1112 4744 1224 4814 τῆς
1251 4747 1460 4815 φωνῆς
1519 4749 1626 4803 τοῦ
1677 4754 1876 4805 κλαυ-

292 4833 444 4903 θμοῦ
491 4851 632 4904 μου.
682 4832 794 4887 Ποῦ
845 4834 954 4904 γὰρ
990 4833 1053 4886 ού
1102 4836 1370 4905 χρήσιμον
1416 4835 1479 4888 τὸ
1505 4835 1772 4908 δάκρυον;
1818 4841 1876 4892 ἐν

291 4917 502 4986 εὐχαῖς,
535 4918 594 4969 ἐν
633 4917 1054 4987 παραινέσεσιν;
1097 4917 1290 4988 Ἡμεῖς
1321 4918 1379 4972 δέ
1419 4919 1558 4973 αὑτά
1595 4920 1878 4975 διαϐάλλο-

297 5019 422 5075 μεν,
466 5004 568 5056 οὐκ
611 5006 690 5070 είς
722 5003 765 5058 ἃ
785 5004 991 5060 δέδοται
1039 5007 1393 5076 κεχρημένοι.
1444 5007 1614 5062 Ὅταν
1652 5008 1877 5077 ἀδελφὸν

298 5090 709 5162 παρακαλῶμεν
755 5093 1159 5164 ἁμαρτάνοντα,
1189 5092 1398 5148 κλαίειν
1421 5095 1503 5148 δεῖ
1543 5095 1877 5166 κοπτόμενον

297 5179 393 5232 καὶ
411 5178 754 5243 στενάζοντα·
781 5181 909 5234 ὅταν
934 5181 1290 5252 παραινῶμέν
1316 5199 1444 5248 τινι,
1475 5184 1503 5236 6
1527 5183 1584 5236 δέ
1614 5184 1690 5254 μή
1719 5201 1879 5254 προσ-

301 5268 401 5338 έχῃ
430 5309 445 5332 ,
480 5266 598 5320 ἀλλ’
649 5268 1010 5339 ἀπολλύηται,
1063 5269 1272 5324 κλαίειν
1307 5271 1403 5325 δεῖ.
1441 5273 1625 5327 Ταῦτα
1673 5274 1880 5344 φιλοσο-

298 5356 427 5424 φίας
451 5357 520 5408 τὰ
542 5355 782 5429 δάκρυα·
811 5357 939 5411 ὅταν
965 5359 1144 5428 μέντοι
1179 5359 1348 5430 πένης
1368 5377 1452 5422 τις
1481 5361 1725 5431 γένηται,
1752 5363 1880 5416 ὅταν

299 5444 358 5498 ἐν
401 5443 542 5514 νόσῳ
646 5449 953 5518 σωματικῇ,
989 5447 1118 5501 ὅταν
1158 5448 1425 5519 ἀποθάνῃ,
1456 5449 1670 5502 οὐκέτι·
1705 5451 1878 5504 ταῦτα

301 5530 410 5601 7&9
461 5532 523 5583 οὺ
578 5532 827 5605 δακρύων
857 5533 1004 5599 ἀξια.
1040 5535 1252 5604 ’Ὠσπερ
1281 5530 1373 5587 οὗν
1412 5536 1506 5588 καὶ
1547 5537 1639 5590 τὸν
1669 5538 1882 5605 γέλωτα

298 5616 679 5686 διαϐάλλομεν,
720 5621 965 5691 ἀκαίρως
995 5621 1144 5690 αύτῷ
1192 5623 1521 5693 κεχρημένοι
1546 5640 1560 5654 ·
1597 5624 1741 5679 οὕτω
1787 5628 1882 5679 καὶ

301 5703 370 5756 τὰ
408 5703 638 5773 δάκρυα,
676 5708 920 5777 ἀκαίρως
960 5707 1103 5761 αὐτὰ
1145 5709 1630 5779 μεταχειρίζοντες.
1677 5714 1741 5766 Ἡ
1769 5714 1876 5783 γὰρ

1004 297 1061 352 S.
1104 292 1396 350 JOANNIS
1435 288 1932 348 CIIRYSOSTOMI
1973 291 2296 352 ARCHIEP.
2338 293 2897 371 CONSTANTINOP.

3455 302 3562 361 586

1981 407 2216 468 ἑκάστου
2243 408 2414 482 ἀρετὴ
2433 410 2553 464 τότε
2579 413 2846 484 φαίνεται,
2874 413 3001 468 ὅταν
3025 411 3162 484 πρὸς
3179 412 3240 466 16
3267 413 3577 486 ἐπιτήδειον

1984 494 2144 566 ἔργον
2181 497 2419 567 ἄγηται·
2473 501 2601 553 ὅταν
2628 501 2684 554 δέ
2739 502 2874 572 πρὸς
2904 501 2964 554 16
3010 501 3322 572 ἀλλότριον,
3356 502 3583 558 οὐκέτι.-

1975 572 2121 645 Οἶον,
2155 581 2183 632 ὀ
2211 578 2352 644 οἶνος
2379 582 2515 653 πρὸς
2538 583 2878 655 εὐφροσύνην
2905 583 3119 637 δέδοται
3141 623 3157 650 ,
3185 583 3298 636 ἀλλ’
3337 585 3398 638 οὐ
3431 584 3569 657 πρὸς

1978 665 2148 736 μέθην
2172 683 2188 699 ο
2219 669 2248 720 6
2289 668 2452 739 ἄρτος
2494 669 2635 740 πρὸς
2676 671 2965 741 τροφὴν,ἡ
3002 669 3149 741 μίξις
3191 671 3330 742 πρὸς
3379 672 3582 726 παιδοτ

1974 755 2399 826 ποιίαν.”Ωσπερ
2426 753 2520 811 οὖν
2543 755 2733 812 ταῦτα’
2750 759 3098 829 διαϐέϐληται
3129 759 3564 831 παραχρώμενα.

1973 843 2118 896 οὕτω
2167 845 2261 897 καὶ
2298 846 2366 900 τὰ
2400 845 2630 917 δάκρυα.
2676 846 3009 900 Ἐπικείσθω
3045 847 3232 917 νόμος,
3283 850 3341 902 ἐν
3376 850 3567 918 εὐχαῖς

1980 930 2172 999 μόναις
2198 931 2291 985 καὶ
2325 933 2682 1004 παραινέσεσι
2716 936 3020 1005 κεχρῆσθαι
3045 934 3257 999 τούτοις
3284 953 3296 968 ο
3336 937 3433 990 καὶ
3460 937 3585 1007 ὅρα-

1971 1016 2088 1079 πῶς
2137 1018 2232 1070 κα)⁵
2280 1018 2527 1073 ποθεινὸν
2573 1019 2729 1074 ἔσται
2772 1021 2834 1074 16
2876 1023 3128 1092 πρᾶγμα.
3162 1023 3329 1076 Οὐδὲν
3383 1023 3558 1088 οὓτως

1972 1104 2280 1175 ἀποσμήχει
2310 1105 2379 1158 τά
2401 1107 2778 1180 ἁμαρτήματα
2799 1146 2814 1170 .
2844 1108 2919 1171 ὡς
2951 1108 3189 1180 δάκρυα.
3220 1110 3330 1162 Καὶ
3358 1111 3565 1181 ταύτην

1967 1189 2070 1262 τὴν
2106 1193 2422 1264 σωματικὴν
2465 1193 2587 1264 ὄψιν
2625 1194 2839 1266 ὡραίαν
2890 1195 3133 1250 δείκνυσι
3187 1197 3258 1250 1&
3306 1197 3557 1269 δάκρυα·

1973 1277 2110 1349 πρὸς
2148 1278 2296 1332 ἔλεον
2324 1279 2434 1351 γὰρ
2468 1281 2769 1336 ἐπισπᾶται
2798 1297 2888 1336 τον
2914 1282 3163 1353 ὁρῶντα,
3183 1284 3390 1356 σεμνὴν
3420 1289 3566 1340 ποιεῖ

1971 1366 2103 1434 ἡμῖν
2133 1366 2326 1436 αὐτήν.
2375 1367 2543 1421 Οὐδὲν
2588 1369 2739 1439 ἥδιον
2771 1369 3067 1439 ὀφθαλμῶν
3115 1371 3558 1443 δεδακρυμένων.

1969 1451 2043 1504 Τὸ
2073 1452 2184 1524 γάρ
2230 1453 2616 1526 εὐγενέστερον
2646 1457 2702 1510 ἐν
2735 1458 2866 1527 ἡμῖν
2900 1457 3060 1528 μέλος
3099 1456 3193 1512 καὶ
3227 1457 3564 1531 ὡραιότερον

1969 1541 2062 1594 καὶ
2104 1540 2206 1611 τῆς
2247 1541 2428 1614 ψυχῆς
2468 1543 2628 1597 τοῦτό
2663 1547 2832 1600 ἐστιν.
2864 1547 2995 1599 ’Ἀτε
3028 1542 3120 1600 οὖν
3149 1546 3220 1610 ὡς
3247 1547 3419 1618 αὐτὴν
3461 1549 3576 1618 div

1967 1626 2147 1698 ψυχὴν
2196 1627 2433 1700 ὁρῶντες
2476 1631 2928 1706 ἀποδυρομένην,
2981 1632 3125 1687 οὕτω
3166 1634 3553 1706 καμπτόμεθα.

1967 1715 2157 1769 Ταῦτα
2197 1716 2325 1786 ὑμῖν
2361 1717 2460 1787 οὐχ
2493 1718 2680 1782 ἁπλῶς
2710 1719 2950 1791 εἴρηται,
2981 1720 3096 1774 ἀλλ’
3134 1719 3275 1774 ὥστε
3304 1723 3448 1792 ὑμᾶς
3481 1723 3568 1794 μὴῑ

1967 1802 2190 1874 γάμοις,
2219 1803 2294 1874 μὴ
2319 1804 2620 1876 ὀρχήμασι,
2651 1807 2726 1879 μὴ
2751 1811 2930 1879 χοροῖς
2957 1808 3359 1880 παραγίνεσθαι
3391 1827 3557 1863 σατα-

1970 1891 2161 1953 νικοῖς.
2205 1890 2346 1958 Ὅρα
2384 1891 2495 1962 7&9
2541 1892 2596 1945 τί
2622 1887 2781 1963 εὗρεν
2829 1895 2857 1944 6
2885 1894 3167 1958 διάϐολος·
3205 1896 3423 1968 Ἐπειδὴ
3455 1897 3558 1964 τῆς

1971 1977 2177 2046 σκηνῆς
2202 1977 2297 2054 καὶ
2323 1977 2431 2032 τῶν
2465 1979 2720 2050 άσέμνων
2749 1981 2860 2034 τῶν
2883 1982 3000 2035 ἐκεῖ
3033 1984 3066 2053 ἡ
3100 1981 3262 2051 φύσις
3291 1984 3429 2056 αύτὴ
3459 1986 3558 2046 τὰς

1967 2067 2233 2135 γυναῖκας
2272 2067 2583 2138 ἀπήγαγεν,
2629 2070 2712 2132 είς
2745 2069 2843 2144 τήν
2877 2073 3261 2139 γυναικωνῖτιν
3293 2074 3567 2146 εἰσήγαγε

1967 2153 2038 2207 τὰ
2064 2151 2158 2205 τοῦ
2183 2153 2434 2226 θεάτρου,
2473 2155 2752 2226 μαλακοὺς
2782 2158 2929 2226 λέγω
2955 2159 3050 2212 καὶ
3081 2159 3307 2230 πόρνας.
3338 2160 3558 2231 Ταύτην

1968 2239 2066 2311 τὴν
2095 2239 2274 2313 λύμην
2299 2243 2328 2294 6
2359 2242 2468 2295 τῶν
2504 2243 2700 2315 γάμων
2749 2246 3086 2317 ἐπεισήγαγε
3120 2248 3319 2319 νόμος·
3356 2250 3570 2321 μᾶλλον·

1969 2327 2026 2381 δέ
2053 2330 2153 2400 οὐχ
2177 2331 2204 2382 6
2243 2331 2340 2386 τοῦ
2367 2332 2573 2402 γάμου,
2615 2333 2690 2405 μὴ
2729 2335 2960 2403 γένοιτο,
2991 2337 3126 2390 ἀλλὰ
3154 2339 3253 2409 τῆς
3281 2340 3559 2412 ἡμετέρας

1972 2415 2249 2485 βλακείας.
2296 2420 2360 2471 Τί
2400 2423 2594 2485 ποιεῖς,
2643 2421 2932 2492 ἄνθρωπε;
2977 2425 3078 2477 οὐκ
3107 2421 3256 2490 οἶδας
3290 2427 3341 2479 τί
3383 2429 3561 2500 πράτ-

1969 2519 2100 2566 τεις.
2135 2503 2373 2558 Γυναῖκα
2415 2504 2566 2580 [418]
2604 2507 2713 2580 ἄγῃ
2743 2510 2836 2562 ἐπὶ
2866 2510 3189 2582 σωφροσύνῃ
3231 2513 3327 2566 καὶ
3366 2515 3558 2568 παιδο-

1971 2590 2124 2661 ποιίᾳ
2144 2609 2157 2623 ·
2181 2591 2234 2644 τί
2257 2587 2351 2646 οὖν
2375 2595 2430 2647 αἱ
2458 2594 2654 2668 πόρναι
2683 2595 2964 2666 βούλονται
2986 2614 2999 2665 ;
3026 2599 3143 2652 Ἵνα
3166 2601 3199 2671 ἡ
3224 2599 3564 2674 εὐφροσύνη,

1971 2679 2126 2748 φησι,
2177 2680 2404 2752 γένηται
2441 2681 2660 2752 μείζων.
2696 2685 2805 2737 Καὶ
2846 2686 2954 2755 μὴν
2979 2687 3150 2740 ταῦτα
3191 2688 3293 2740 οὑκ
3318 2690 3562 2760 ἀφροσύ-

1969 2784 2101 2839 νης;
2136 2767 2380 2840 ὑϐρίζεις
2401 2771 2502 2841 τὴν
2527 2771 2767 2844 νύμφην,
2794 2765 3164 2846 ὑϐρίζειςτὰς
3191 2777 3560 2849 κεκλημένας.

1970 2855 2033 2937 E_i
2066 2856 2175 2927 7&9
2215 2858 2488 2937 τοιούτοις
2537 2859 2865 2931 τέρπονται,
2903 2862 3064 2934 ὕϐρις
3102 2864 3164 2917 τὸ
3204 2868 3459 2937 πρᾶγμα.
3495 2868 3558 2921 Et

1969 2932 2030 2986 16
2069 2936 2336 3002 γυναῖκας
2375 2937 2586 3008 πόρνας
2613 2941 2747 3011 ὀρᾷν
2787 2932 3208 3012 ἀσχημονούσας
3243 2932 3400 3015 φέρει
3435 2946 3559 2999 τινὰ

1970 3021 2318 3091 φιλοτιμίαν,
2349 3024 2438 3078 διά
2465 3026 2518 3078 τί
2565 3026 2640 3097 μὴ
2671 3027 2768 3082 καὶ
2805 3029 2906 3100 τὴν
2947 3028 3168 3101 νύμφην
3219 3031 3433 3099 ἕλκεις,
3471 3034 3562 3090 ἵνα

1969 3108 2194 3181 κάκείνη
2226 3111 2445 3183 θεωρῇ;
2481 3113 2706 3178 Πάντως
2737 3115 2986 3186 ἄσχημον
3022 3117 3118 3170 καὶ
3160 3119 3407 3190 αἰσχρὸν,
3451 3139 3556 3191 μα-

1969 3195 2170 3260 λακοὺς
2223 3197 2423 3268 ἄνδρας
2479 3200 2574 3252 καὶ
2625 3199 3024 3271 ὀρχουμένους,
3074 3203 3168 3258 καὶ
3221 3206 3400 3258 πᾶσαν
3451 3205 3567 3277 τὴν·

1970 3284 2196 3354 πομπὴν
2225 3285 2324 3356 τὴν
2351 3289 2650 3357 σατανικὴν
2676 3289 2991 3357 ἐπεισάγειν
3017 3293 3084 3361 τῇ
3116 3290 3278 3362 οἰκίᾳ.
3311 3295 3550 3364 Μνημο-

1969 3371 2176 3425 νεύετέ
2219 3389 2340 3441 μου
2365 3413 2380 3439 ,
2430 3375 2594 3444 φησὶ,
2637 3375 2756 3429 τῶν
2798 3374 3058 3445 δεσμῶν.
3105 3378 3311 3448 Δεσμὸς
3339 3381 3485 3435 ἐστιν
3516 3383 3549 3436 6

1968 3461 2169 3532 γάμος,
2198 3462 2399 3534 δεσμὸς
2425 3463 2734 3536 ὡρισμένος
2768 3466 2918 3538 παρά
2946 3468 3083 3520 Θεοῦ
3106 3484 3120 3498 ·
3147 3467 3299 3533 λύσις
3320 3471 3353 3542 ἡ
3375 3471 3561 3543 πόρνη,
3639 3480 3645 3484 '

1970 3553 2064 3604 καὶ
2087 3551 2352 3616 διάλυσις.
2385 3553 2632 3620 Ἔξεστιν
2663 3556 2874 3626 ἑτέροις
2895 3557 3209 3628 φαιδρύνειν
3228 3559 3320 3612 τὸν
3348 3561 3552 3630 γάμον,

1970 3633 2083 3693 οἷον
2124 3641 2426 3712 τραπέζαις
2458 3642 2815 3713 πληθούσαις,
2852 3645 2948 3700 καὶ
2982 3647 3255 3716 ἱματίοις·
3295 3649 3358 3702 ού
3400 3666 3556 3720 περι-

1972 3727 2162 3780 κόπτω
2210 3728 2419 3796 ταῦτα,
2469 3729 2556 3783 ἵνα
2613 3731 2687 3803 μὴ
2725 3731 2861 3797 δόξω
2906 3733 3115 3804 σφόδρα
3156 3729 3297 3788 εἶναι
3331 3737 3552 3806 ἄγριος·

1972 3816 2150 3870 καίτοι
2195 3818 2400 3890 ήρκεσε
2443 3822 2508 3890 τῇ
2569 3819 2838 3890 Ῥεϐέκκα
2886 3821 3171 3893 θέριστρον
3204 3826 3402 3895 μόνον·
3439 3827 3566 3879 ἀλλ”

1970 3903 2033 3956 ού
2099 3905 2442 3976 περικόπτω.
2517 3906 2765 3971 Ἔξεστιν
2829 3909 3066 3979 ἱματίοις
3130 3911 3555 3984 φαιδρύνεσθαι,

1971 3988 2150 4054 ἔξεστι
2178 3993 2504 4065 παρουσίαις
2535 3993 2835 4063 αἰδεσίμων
2862 3995 3091 4067 ἀνδρῶν,
3125 3997 3425 4070 αἰδεσίμων
3454 4016 3557 4067 γυ-

1969 4077 2192 4132 ναικῶν.
2221 4078 2366 4134 Τίτά
2383 4079 2737 4152 ἐπιχάρματα
2756 4083 2959 4148 ἐκεῖνα,
2983 4081 3034 4135 τί
3057 4083 3125 4137 τά
3146 4085 3350 4157 τέρατα
3371 4089 3558 4141 ἐπεισ-

1971 4163 2158 4232 άγεις;
2195 4166 2330 4218 Είπέ
2400 4166 2436 4219 δι
2466 4167 2685 4231 ἀκούεις
2717 4171 2847 4240 παρ’
2877 4170 3079 4224 αὐτῶν.
3126 4172 3267 4226 Ἀλλ’
3298 4174 3556 4245 ἐρυθριᾷς

1971 4246 2174 4313 εἰπεῐν;
2217 4247 2290 4300 Σὺ
2325 4247 2615 4318 ἐρυθριᾷς,
2653 4251 2942 4316 κάκείνους
2981 4253 3316 4322 ἀναγκάζεις
3347 4259 3552 4323 ποιεῖν;

1974 4334 2038 4386 Ei
2071 4333 2256 4398 καλὸν,
2288 4333 2376 4386 διά
2405 4334 2456 4386 τί
2487 4335 2562 4405 μὴ
2591 4337 2683 4389 καὶ
2713 4337 2876 4402 αὐτὸς
2910 4342 3112 4406 ποιεῖς;
3147 4343 3196 4395 εί
3224 4341 3279 4395 δὲ
3307 4344 3551 4414 αἰσχρὸν,

1972 4420 2060 4474 διά
2097 4419 2150 4472 τί
2193 4419 2380 4492 ἓτερον
2418 4421 2787 4491 ἀναγκάζεις;
2832 4426 3017 4480 Πάντα
3059 4428 3416 4500 σωφροσύνης
3456 4431 3559 4502 ἐμ-

1975 4506 2290 4577 πεπλῆσθαι
2325 4508 2438 4574 δεῖ,
2483 4510 2662 4564 πάντα
2703 4513 3062 4584 σεμνότητος,
3108 4516 3286 4569 πάντα
3328 4519 3558 4588 κοσμιό⁴

1973 4611 2168 4666 τητος·
2231 4595 2326 4649 νῦν
2376 4597 2434 4650 δέ
2474 4599 2779 4652 τούναντίον
2834 4601 2978 4671 ὁρῶ,
3030 4603 3363 4674 σκιρτῶντας
3394 4606 3470 4667 ὡς
3499 4609 3557 4660 αἱ

1977 4684 2233 4754 κάμηλοι,
2283 4685 2360 4749 ὡς
2390 4687 2447 4740 αἱ
2487 4687 2720 4757 ἡμίονοι.
2753 4689 2830 4759 Τῇ
2874 4689 3128 4761 παρθένῳ
3160 4687 3400 4763 θάλαμος
3429 4695 3554 4746 ἐπι-

1975 4771 2187 4842 τήδειον
2229 4771 2409 4840 μόνον.
2456 4773 2620 4828 Ἀλλά
2662 4777 2894 4850 πενιχρά
2933 4779 3070 4844 ἐστι,
3107 4778 3293 4849 φησίν.
3338 4780 3556 4849 Ἐπειδὴ

1976 4859 2209 4929 πενιχρά
2237 4861 2376 4924 ἐστι,
2409 4862 2505 4914 καὶ
2533 4863 2760 4932 κόσμιος
2791 4865 2995 4934 ὀφείλει
3036 4861 3211 4920 εἶναι·
3249 4868 3422 4938 ἐχέτω
3467 4869 3560 4919 τὶν

1980 4946 2183 5017 τρόπον
2214 4948 2337 5001 ἀντὶ
2362 4947 2618 5003 πλούτου.
2645 4950 2759 5004 υύκ
2784 4951 2895 5022 ἔχει
2925 4956 3128 5024 προῖκα
3159 4954 3473 5020 ἐπιδοῦναι;
3507 4954 3563 5007 τί

1976 5034 2148 5104 αὐτὴν
2183 5035 2278 5088 καὶ
2327 5035 2531 5106 ἐτέρως
2569 5037 3046 5110 εὐκαταφρόνητον
3094 5042 3269 5104 ποιεῖς
3299 5041 3410 5094 άπὸ
3459 5042 3560 5110 τῆς

1978 5121 2358 5194 άναστροφῆς;
2426 5123 2664 5178 Ἐπαινῶ
2712 5125 2794 5178 ὅτι
2849 5126 3108 5197 παρθένοι
3163 5127 3560 5200 παραγίνονται

1976 5208 2076 5281 τὴν
2127 5211 2367 5282 ὁμήλικα
2413 5211 2687 5282 τιμῶσαι,
2738 5213 2820 5266 ὅτι
2869 5215 3263 5284 παραγίνονται
3302 5216 3560 5284 γυναῖκες

1977 5299 2078 5369 τὴν
2119 5299 2197 5363 εἰς
2228 5300 2397 5364 αὑτὰς
2428 5301 2793 5370 καταχθεῖσαν
2839 5303 3120 5372 τιμῶσαι·
3167 5303 3348 5367 καλῶς
3399 5303 3560 5357 τοῦτο

1981 5383 2231 5454 ὥρισται.
2265 5386 2369 5439 Δύο
2388 5387 2498 5458 γάρ
2523 5390 2660 5442 εἰσιν
2690 5383 2832 5442 οὗτοι
2860 5391 3030 5462 χοροὶ,
3060 5391 3088 5442 6
3116 5390 3224 5444 τῶν
3251 5391 3558 5461 παρθένων,

1983 5472 2078 5526 καὶ
2112 5474 2140 5525 6
2167 5473 2275 5526 τῶν
2313 5476 2719 5546 γεγαμημένων
2738 5492 2752 5508 ·
2783 5471 2942 5530 αὗται
2973 5477 3376 5549 παραδιδόασιν,
3414 5480 3559 5533 ἐκεῖ·

1983 5577 2070 5613 ναι
2107 5560 2373 5631 δέχονται.
2429 5563 2494 5615 Ἦ
2524 5565 2708 5634 νύμφη
2757 5564 2964 5634 μεταξὺ
2997 5564 3203 5619 τούτων
3233 5568 3403 5634 ἐστὶν,
3434 5562 3560 5620 οὔτε

1983 5649 2281 5716 παρθένος,
2310 5649 2435 5702 οὔτε
2487 5652 2662 5720 γυνή·
2719 5638 2931 5706 ἐκεῖθεν
2981 5655 3080 5723 μὲν
3109 5651 3216 5725 γὰρ
3257 5652 3560 5725 ἐξέρχεται,

1988 5735 2187 5804 ταύτης
2213 5737 2267 5789 δέ
2300 5738 2564 5792 ἐπιϐαίνει
2594 5739 2692 5809 τῆς
2720 5740 3051 5812 συμμορίας.
