4026 6148
459 337 577 394 5385

478 459 702 524 propter
725 449 948 506 aliorum
975 445 1235 514 salutem;
1267 459 1397 516 ergo
1425 453 1481 500 et
1525 447 1746 514 propter
1773 441 1918 509 ipsos
1968 439 2045 491 in-

477 543 796 612 gemiscere,
820 550 903 594 est
942 537 1110 607 magis
1140 535 1506 591 necessarium
1554 546 1711 604 quam
1756 531 1929 599 ipsum
1974 528 2053 582 vi-

475 632 631 686 dere.
659 630 789 685 Nam
837 629 880 682 si
936 636 1154 698 propter
1209 627 1355 697 ipsos
1402 624 1602 680 essein
1654 622 1896 693 gebenna
1924 661 1940 686 ,
1971 626 2055 674 est

479 723 647 794 magis
672 720 1082 776 desiderandum
1102 735 1259 790 quam
1288 732 1406 773 esse
1430 732 1556 772 cum
1587 717 1737 786 ipso;
1759 725 1814 770 et
1836 720 2056 784 propter

484 816 626 884 ipsos
651 820 733 867 est
754 811 922 882 magis
949 809 1362 866 desiderandum
1384 808 1452 862 ab
1474 809 1588 877 ipso
1610 806 1867 875 separari,
1895 812 2051 872 quam

485 919 604 960 esse
627 919 746 957 cum
779 903 895 972 ipso
931 901 1058 973 (hoc
1083 901 1224 956 enim
1258 909 1342 954 est
1368 898 1508 967 quod
1531 896 1763 962 dicebat,
1799 893 2053 964 Optabam

475 999 581 1066 ipse
620 1013 709 1067 ego
739 994 1010 1048 anathema
1039 1009 1144 1048 esse
1170 1009 1202 1046 a
1241 990 1439 1046 Christo
1469 988 1644 1061 (Rom.
1662 989 1716 1043 9.
1743 986 1820 1058 5])
1847 1003 1860 1038 :
1886 985 2054 1040 multo

476 1088 642 1156 magis
666 1086 800 1141 ﬂere
831 1092 1048 1156 propter
1078 1084 1274 1153 ipsum.
1311 1080 1434 1135 Non
1455 1080 1675 1143 cessavi,
1709 1076 1907 1146 inquit,
1939 1089 2054 1129 cum

473 1180 714 1251 lacrymis
739 1191 1142 1249 unumquemque
1153 1176 1426 1229 admonens
1449 1174 1585 1242 (Act.
1599 1171 1688 1226 20.
1707 1171 1818 1240 51).
1842 1167 2055 1235 Quare?

477 1270 594 1324 Non
629 1270 821 1324 timens
851 1267 1090 1339 pericula
1117 1283 1133 1332 ;
1164 1264 1280 1329 sed,
1310 1275 1368 1320 ut
1391 1265 1436 1318 si
1467 1262 1587 1334 quis
1611 1260 1889 1331 aegrotanti
1919 1258 2058 1312 assi-

418 1351 440 1402 ’θ
466 1361 612 1416 deus
637 1403 652 1427 ,
686 1370 737 1416 et
771 1361 1018 1415 nesciens
1046 1357 1216 1412 morbi
1244 1355 1403 1411 linem
1429 1395 1444 1420 ,
1474 1355 1796 1425 lacrymetur
1841 1359 2060 1427 prepter

481 1455 838 1522 desiderium,
897 1463 1140 1508 metuens
1192 1465 1260 1505 ne
1312 1465 1343 1504 e
1389 1449 1495 1502 vita
1537 1444 1750 1502 excidat
1783 1463 1796 1498 :
1829 1445 1900 1498 ita
1945 1443 2058 1511 ipse

480 1562 698 1617 quoque
727 1561 847 1600 cum
865 1545 1069 1599 videret
1099 1543 1388 1608 inﬁrmum,
1422 1555 1523 1595 nec
1550 1546 1731 1609 posset
1758 1537 2054 1604 increpare,

472 1641 550 1694 de
578 1650 773 1694 caetero
803 1635 1218 1708 lacrymabatur.
1252 1632 1365 1687 Hoc
1385 1629 1751 1712 quoque‘l'ecit
1779 1625 2054 1693 Christus,

487 1740 544 1784 ut
575 1730 657 1785 vel
707 1739 1078 1784 revererentur
1129 1726 1392 1796 lacrymas
1419 1740 1432 1776 :
1464 1722 1612 1777 verbi
1640 1736 1798 1775 causa
1824 1760 1840 1785 ,
1871 1734 2061 1789 pecca-

481 1822 571 1876 bat
612 1819 840 1890 aliquis,
875 1817 1190 1887 increpabat
1236 1833 1250 1869 :
1281 1814 1613 1883 conspueba-t
1660 1826 1782 1866 eum
1811 1820 1863 1865 et
1921 1809 2059 1863 resi-

482 1911 644 1966 liebat
670 1911 760 1980 qui
793 1909 1197 1978 increpabatur:
1233 1905 1624 1978 lacrymabatur
1647 1903 1758 1970 ille,
1794 1909 1850 1956 ut
1875 1901 1958 1956 vel
1983 1901 2061 1956 sic

481 2002 796 2056 attraheret.

527 2092 606 2147 ’4.
651 2093 1042 2147 Meminerimus
1069 2090 1257 2144 harum
1294 2090 1697 2158 laerymarum:
1742 2085 1820 2140 sic
1851 2093 2062 2139 nostras

487 2183 775 2237 educemus
800 2183 933 2237 tilias
951 2223 966 2248 ,
1013 2182 1091 2236 sic
1117 2180 1252 2234 illius
1270 2221 1284 2244 ,
1316 2180 1674 2250 lacrymantcs
1703 2191 1824 2232 cum
1862 2176 2063 2231 videri-

481 2290 609 2329 mus
636 2289 732 2329 eos
761 2273 963 2329 essein
1006 2272 1181 2326 malis.
1235 2270 1597 2339 Quaacumque
1636 2269 1821 2323 volunt
1859 2268 2063 2332 amari,

488 2365 834 2420 meminerint
861 2364 1218 2434 laerymarum
1246 2359 1417 2427 Pauli,
1441 2369 1494 2415 et
1520 2367 1770 2430 gemant:
1800 2373 2068 2429 quaecum-

479 2473 594 2526 que
625 2456 794 2511 beata:
822 2455 1139 2519 censemini,
1172 2468 1527 2525 quaecumque
1556 2453 1687 2508 estis
1715 2453 1767 2508 in
1792 2452 2065 2516 thalamis,

484 2561 838 2617 quaecumque
868 2546 921 2599 in
949 2545 1240 2614 voluptate,
1290 2560 1474 2598 earum
1504 2542 1860 2598 recordemini
1893 2561 1906 2596 :
1949 2542 2068 2612 qui-

481 2651 714 2709 cumque
741 2636 869 2691 estis
895 2636 947 2690 in
968 2637 1135 2701 luctu,
1165 2635 1428 2705 lacrymas
1449 2634 1702 2704 laerymis
1719 2642 2064 2690 commutate.

487 2727 580 2781 llle
605 2742 712 2781 non
742 2727 958 2796 lugebat
987 2735 1249 2792 mortuos,
1277 2724 1375 2780 sed
1403 2739 1496 2779 eos
1522 2726 1612 2794 qui
1638 2725 1884 2794 peribant
1908 2735 1967 2780 et
1995 2725 2072 2778 vi-

478 2817 701 2871 vebant.
727 2817 909 2870 Dicam
951 2817 1112 2870 etiam
1139 2815 1271 2870 alias
1299 2815 1562 2886 lacrymas
1583 2817 1606 2869 ?
1631 2814 1819 2870 Flebat
1857 2829 2070 2884 qtioqne

491 2906 802 2960 Timotheus
832 2923 845 2959 :
876 2915 993 2960 erat
1032 2906 1177 2960 enim
1219 2905 1337 2974 ejus
1366 2905 1661 2975 discipulus
1694 2924 1707 2960 :
1754 2915 1808 2961 et
1837 2905 1959 2960 ideo
2007 2908 2072 2962 ad

495 3011 618 3051 eum
651 2998 891 3052 scribens
918 2998 1128 3052 dicebat
1158 3014 1172 3052 :
1218 2996 1417 3052 Memor
1456 2999 1797 3068 lacrymarum
1837 3009 2070 3067 tuarum,

495 3099 552 3143 ut
575 3091 761 3161 gaudio
790 3090 1074 3160 adimplear
1110 3091 1185 3162 (2.
1223 3090 1353 3144 Tim.
1386 3092 1439 3145 1.
1477 3090 1555 3162 4).
1582 3091 1729 3146 Multi
1757 3091 1916 3146 etiam
1946 3092 2074 3148 ﬂent

492 3195 556 3234 ex
583 3181 869 3250 voluptate.
899 3180 974 3234 Ita
1003 3181 1164 3234 etiam
1185 3194 1273 3235 res
1299 3189 1382 3235 est
1402 3180 1717 3251 voluptatis,
1747 3189 1802 3236 et
1827 3183 2074 3252 volupta-

493 3273 559 3326 tis
585 3272 815 3343 ingentis
847 3289 860 3326 :
894 3273 966 3327 ita
997 3288 1102 3327 non
1129 3281 1255 3328 sunt
1285 3286 1476 3343 graves
1515 3288 1580 3328 ac
1623 3274 1862 3329 molesta:
1899 3275 2073 3342 lacry-

487 3381 594 3419 mae
622 3381 740 3434 quae
785 3365 1196 3435 proﬁciscuntur
1235 3379 1300 3419 ex
1333 3366 1437 3421 hoc
1463 3379 1733 3430 mmrore;
1765 3366 1858 3421 sed
1906 3366 2074 3422 multo

488 3458 750 3513 meliores
776 3458 886 3512 illis
909 3473 1026 3527 qua:
1059 3465 1186 3512 sunt
1228 3467 1450 3528 propter
1479 3458 1803 3513 mundanam
1829 3461 2072 3528 volupta-

497 3559 626 3603 tem.
657 3549 792 3603 Audi
819 3549 1136 3618 prophetam
1164 3549 1454 3615 dicentem,
1487 3551 1691 3604 Audiuit
1717 3550 1967 3606 Dominus
1987 3568 2074 3605 vo-

487 3654 603 3690 cem
623 3640 770 3706 ﬂetus
795 3640 892 3690 mei
921 3637 1090 3709 (Psat.
1121 3640 1174 3695 6.
1200 3639 1281 3710 9).
1309 3639 1412 3696 Ubi
1431 3655 1537 3695 non
1567 3650 1692 3695 sunt
1716 3641 1872 3697 utiles
1899 3642 2074 3713 lacry-

500 3729 646 3781 nne?
677 3730 727 3782 in
758 3731 1026 3797 precibus,
1051 3733 1102 3786 in
1127 3733 1624 3790 admonitionibus?
1651 3734 1758 3790 Nos
1785 3743 1959 3789 autem
1983 3749 2074 3789 eas

497 3819 966 3889 reprehendimus,
1010 3832 1075 3877 ut
1111 3825 1198 3893 qui
1231 3840 1335 3879 non
1379 3837 1592 3881 utamur
1635 3825 1702 3881 ad
1743 3842 1804 3881 ea
1841 3826 1908 3881 ad
1958 3842 2076 3896 qua:

503 3909 641 3964 datm
668 3920 810 3965 sunt.
848 3913 1070 3977 Quando
1111 3913 1322 3969 fratrem
1354 3925 1664 3984 peccantem
1710 3918 2072 3981 consolamur,

497 4001 629 4055 ﬂere
661 4011 710 4056 te
731 4011 942 4072 oportet
967 4003 1230 4074 lugentem
1265 4015 1320 4060 et
1349 4007 1784 4076 ingemiscentem
1819 4025 1832 4060 :
1864 4006 2077 4077 quando

499 4093 654 4146 alicui
683 4093 989 4160 suademus,
1012 4095 1099 4151 ille
1126 4103 1305 4151 autem
1330 4107 1564 4152 mentem
1593 4113 1697 4152 non
1723 4097 1960 4162 adhibet,
1984 4097 2077 4152 sed

495 4183 656 4252 perit,
690 4181 922 4238 ﬂendum
965 4194 1066 4240 est.
1117 4186 1211 4241 Hae
1251 4196 1376 4242 sunt
1407 4187 1658 4259 lacrymae
1702 4189 2076 4260 philosophiae.

498 4275 722 4341 Quando
767 4286 944 4332 autem
987 4280 1250 4348 quispiam
1290 4295 1491 4350 pauper
1535 4281 1722 4345 fuerit,
1772 4282 1985 4352 quando
2028 4282 2080 4337 in

501 4369 690 4422 morbo
737 4369 1035 4438 corporali,
1087 4371 1302 4439 quando
1361 4381 1604 4427 mortuus
1645 4373 1831 4440 fuerit,
1883 4389 2084 4444 nequa-

501 4474 704 4528 quam:
751 4460 867 4515 hccc
896 4462 1039 4516 enim
1083 4479 1192 4517 non
1243 4473 1370 4518 sunt
1413 4465 1572 4535 digna
1609 4467 1880 4536 lacrymis.
1935 4465 2084 4520 Sicut

506 4569 632 4620 ergo
660 4554 825 4607 risum
857 4556 1304 4623 reprehendimus
1329 4595 1346 4620 ,
1389 4571 1455 4611 eo
1498 4559 1800 4627 importune
1825 4566 2032 4612 utentes
2066 4575 2081 4612 :

503 4645 581 4698 sic
625 4645 784 4699 etiam
825 4645 1127 4716 laerymas,
1179 4647 1555 4716 intempestive
1608 4663 1699 4703 eas
1743 4659 2080 4720 usurpantes.

504 4733 654 4789 Tunc
673 4736 816 4788 enim
841 4737 1079 4790 cernitur
1102 4737 1520 4807 uniuscujusque
1537 4740 1723 4801 virtus,
1753 4741 1963 4809 quando
1988 4741 2085 4795 du-

506 4826 646 4878 citur
665 4825 731 4879 ad
754 4836 1110 4895 opportunam
1137 4828 1219 4882 sui
1239 4831 1472 4882 muneris
1489 4829 1809 4884 iunctionem
1832 4847 1845 4882 :
1873 4832 2085 4899 quando

507 4923 683 4967 autem
707 4915 769 4968 ad
786 4917 1037 4981 alienam,
1056 4934 1412 4988 nequaquam.
1437 4920 1680 4989 Exempli
1699 4935 1878 4987 causa,
1902 4921 2082 4976 vinum

508 5002 688 5057 dalum
714 5008 887 5061 estad
919 5008 1178 5076 laetitiam,
1210 5025 1316 5064 non
1366 5020 1546 5065 autem
1595 5010 1660 5064 ad
1705 5012 2020 5066 ebrietatem
2068 5028 2082 5064 :

509 5095 662 5163 panis
691 5095 756 5150 ad
787 5099 1133 5153 nutritionem
1153 5141 1167 5165 ,
1209 5101 1381 5155 coitus
1423 5101 1489 5155 ad
1517 5101 1804 5155 liberorum
1837 5115 2086 5170 procrea-

509 5189 731 5244 tionem.
761 5190 913 5246 Sicut
939 5207 1068 5260 ergo
1096 5207 1158 5246 ea
1183 5193 1569 5262 vituperantur,
1603 5193 1645 5246 si
1668 5193 1865 5248 abusus
1886 5191 2047 5246 fuerit
2072 5209 2085 5246 :

508 5278 576 5332 ita
607 5281 766 5334 etiam
800 5281 1068 5351 lacrymae.
1122 5282 1229 5337 Lex
1262 5283 1462 5337 feratur
1488 5292 1548 5337 ut
1586 5285 1638 5337 in
1670 5283 1798 5338 solis
1843 5283 2089 5352 precibus

509 5381 564 5424 et
593 5371 1046 5429 admonitionibus
1073 5375 1137 5428 iis
1163 5374 1240 5428 uti
1266 5375 1425 5429 liceat
1449 5393 1461 5429 :
1487 5384 1541 5429 et
1568 5374 1688 5429 vide
1709 5373 1977 5444 quomodo
2005 5389 2090 5430 res

508 5463 613 5514 crit
636 5463 796 5516 etiam
821 5465 1072 5532 optanda.
1101 5465 1248 5520 Nihil
1274 5467 1344 5520 ita
1371 5477 1559 5536 purgat
1581 5478 1814 5535 peccata,
1833 5477 1892 5522 ut
1919 5467 2095 5537 lacry-

506 5569 631 5607 inae.
665 5555 734 5610 Et
773 5557 1044 5626 pulchram
1073 5561 1307 5615 ostendit
1349 5561 1536 5615 faciem
1567 5576 1876 5629 corpoream
1909 5579 1922 5614 :
1963 5577 2084 5618 eum

507 5646 655 5698 cnim
703 5648 789 5716 qui
837 5648 982 5703 videt
1028 5651 1302 5704 attrahunt
1353 5651 1420 5704 ad
1471 5651 1888 5705 misericordiam
1928 5669 1940 5706 :
1975 5667 2092 5705 eam

512 5737 664 5794 nobis
690 5737 887 5795 faciunt
911 5756 1126 5812 gravem
1151 5753 1206 5800 et
1228 5743 1525 5799 honesmm.
1544 5743 1682 5798 Nihil
1709 5752 1790 5798 est
1809 5744 2093 5813 jucundius

1321 327 1388 385 IN
1427 323 1644 384 EPIST.
1684 324 1778 381 AD
1815 318 2088 380 COLOSS.
2117 317 2280 375 CAP.
2323 319 2412 376 IV.
2452 320 2680 377 HOMIL.
2722 315 2837 377 XII.

3635 334 3742 389 386

2150 433 2324 488 oculis
2353 434 2791 506 lacrymantlbus.
2829 435 2941 490 Hoc
2981 437 3120 490 enim
3161 445 3245 493 est
3281 440 3580 498 membrum
3624 462 3738 499 um-

2159 527 2304 580 nium
2334 526 2384 580 in
2405 527 2560 582 nobis
2581 527 2974 582 nobilissimum
3003 537 3056 583 et
3087 531 3564 598 speciosissimum,
3585 545 3741 605 atque

2159 616 2294 671 adeo
2322 617 2488 686 ipsius
2517 617 2712 672 anima:
2732 617 3058 672 membrum.
3087 619 3379 689 Tamquam
3415 636 3544 692 ergo
3572 624 3741 694 ipsam

2160 706 2404 761 videntes
2427 707 2712 762 deﬂentem
2743 711 2996 776 animam,
3028 711 3098 765 ita
3130 711 3411 768 llectimur.
3439 715 3560 770 llmc
3590 730 3618 769 a
3645 732 3742 771 no-

2160 799 2244 854 bis
2275 815 2379 854 non
2427 810 2627 856 temere
2668 802 2806 856 dicta
2852 813 3014 870 sunt,
3043 804 3135 859 sed
3167 813 3224 860 ut
3249 821 3345 861 vos
3384 824 3483 863 nec
3511 811 3736 879 nuptiis,

2159 903 2262 944 nec
2287 890 2698 958 saltationibus,
2742 907 2838 947 nec
2865 893 3045 948 choris
3072 895 3256 951 adsitis
3291 900 3559 955 satanicis.
3613 900 3740 956 Vide
3831 887 3834 898 ’

2153 979 2301 1034 enim
2329 980 2457 1049 quid
2479 980 2740 1036 invenerit
2766 982 3032 1038 diabolus.
3062 985 3196 1041 Nam
3226 991 3477 1057 quoniam
3504 1006 3534 1046 a
3556 1005 3735 1056 scena,

2161 1079 2217 1124 et
2255 1071 2320 1124 iis
2348 1087 2466 1140 qua:
2491 1071 2602 1127 illic
2628 1081 2752 1128 sunt
2797 1077 2969 1144 turpia
3001 1086 3054 1130 et
3083 1076 3363 1144 indecora,
3412 1083 3521 1150 ipsa
3555 1093 3739 1138 natura

2157 1160 2382 1216 abduxit
2402 1164 2673 1231 mulieres,
2703 1181 2821 1235 qua:
2847 1177 2971 1221 sunt
3006 1166 3197 1222 theatri
3226 1169 3448 1224 abduxit
3484 1174 3532 1226 in
3556 1190 3739 1245 gynre-

2159 1269 2338 1318 ccum,
2366 1256 2576 1322 molles,
2612 1258 2824 1327 inquam
2849 1300 2864 1325 ,
2902 1266 2959 1314 et
2985 1261 3314 1314 meretrices.
3362 1261 3508 1315 lianc
3536 1275 3739 1332 pestem

2163 1346 2363 1402 invexit
2394 1348 2476 1402 lex
2524 1350 2806 1418 nuptialis,
2841 1351 2948 1405 imo
2995 1363 3123 1405 vero
3166 1363 3270 1405 non
3318 1352 3402 1406 lex
3449 1355 3736 1421 nuptialis,

2162 1438 2317 1503 absit,
2347 1440 2438 1495 sed
2469 1441 2553 1496 lex
2582 1453 2777 1496 nostra“.
2808 1444 3073 1497 mollitiei.
3099 1443 3236 1511 Quid
3268 1445 3396 1499 iacis
3419 1485 3435 1510 ,
3478 1459 3510 1498 ο
3539 1449 3741 1500 homo?

2164 1529 2341 1585 nescis
2361 1531 2484 1600 quid
2512 1546 2660 1602 agas.
2690 1532 2962 1588 Mulierem
2987 1533 3137 1588 ducis
3163 1534 3231 1588 ad
3255 1536 3659 1604 temperantiam
3688 1545 3743 1592 et

2167 1620 2454 1676 liberorum
2486 1623 2910 1690 procreationem
2943 1640 2955 1675 :
2987 1623 3113 1692 quid
3144 1639 3271 1694 ergo
3293 1624 3391 1679 sibi
3419 1627 3600 1680 volunt
3627 1643 3738 1682 me-

2162 1714 2426 1768 retrices?
2451 1712 2520 1768 Ut
2565 1713 2669 1777 sit,
2709 1714 2914 1783 inquit.
2944 1715 3116 1785 major
3147 1718 3345 1770 Imtitia.
3397 1718 3584 1772 Annon
3629 1718 3744 1774 haec

2160 1815 2288 1859 sunt
2313 1805 2630 1874 insipientiae
2655 1805 2678 1858 i
2704 1806 2913 1862 Probro
2940 1807 3110 1862 amcis
3138 1823 3412 1877 sponsam,
3439 1811 3639 1880 probro
3661 1812 3743 1866 af-

2161 1894 2280 1949 ﬁcis
2309 1896 2574 1950 iuvitatas.
2607 1895 2739 1950 Nam
2777 1897 2820 1951 si
2870 1899 2952 1952 his
2990 1899 3348 1963 delectantur,
3380 1916 3466 1955 res
3508 1911 3589 1956 est
3617 1917 3742 1971 pro-

2165 1987 2319 2040 brum
2365 1996 2419 2040 et
2457 1988 2802 2042 contumelia.
2848 1987 2978 2043 Nam
3021 1990 3063 2043 si
3102 1991 3281 2045 videre
3332 1994 3639 2048 meretrices
3686 2010 3745 2052 se

2162 2077 2391 2145 turpiter
2415 2083 2470 2130 et
2497 2076 2747 2133 indecore
2772 2090 3020 2148 gerentes
3047 2081 3274 2149 aliquam
3322 2081 3476 2137 ali‘ert
3505 2088 3747 2154 magniﬁ-

2165 2168 2417 2230 centiam,
2466 2183 2561 2221 cur
2591 2183 2697 2224 non
2736 2169 2959 2225 attrabis
3005 2186 3258 2240 sponsam
3300 2182 3357 2227 ut
3407 2176 3492 2228 illa
3537 2191 3748 2247 quoque

2163 2261 2656 2332 spectet?0muino
2689 2273 2839 2333 turpe
2875 2274 2957 2319 est
2997 2269 3050 2319 et
3076 2266 3404 2332 indecorutn,
3441 2270 3585 2324 viros
3615 2272 3746 2324 Inul—

2169 2353 2248 2407 les
2274 2363 2328 2408 et
2364 2354 2639 2420 saltantes,
2688 2364 2743 2409 et
2781 2361 2994 2410 omnem
3035 2364 3279 2427 pompam
3324 2362 3608 2416 satanicam
3648 2364 3748 2418 do-

2172 2459 2316 2501 mum
2344 2447 2704 2504 introducere.
2739 2450 2987 2506 Memores
3014 2463 3190 2520 estote,
3223 2456 3409 2525 inquit,
3439 2457 3750 2510 vinculorum

2171 2554 2414 2592 meorum.
2443 2539 2832 2594 Matrimonium
2868 2552 2948 2597 est
2971 2545 3264 2610 vinculum,
3296 2547 3560 2600 vinculum
3586 2563 3614 2600 a
3643 2547 3752 2601 Deo

2171 2628 2514 2682 constitutum
2541 2646 2555 2684 :
2585 2631 2779 2686 solutio
2801 2641 2884 2688 est
2910 2635 3160 2689 meretrix
3186 2645 3241 2690 et
3267 2636 3566 2693 dissolutio.
3604 2636 3754 2692 Licet

2170 2719 2290 2781 aliis
2313 2719 2612 2774 exhilarare
2637 2722 2872 2791 nuptias,
2902 2735 2958 2777 ut
2984 2724 3138 2779 lautis
3163 2727 3361 2781 mensis
3387 2736 3441 2781 et
3466 2729 3749 2782 vestimen-

2174 2809 2242 2864 tis
2267 2826 2278 2861 :
2316 2811 2428 2866 haec
2453 2827 2558 2866 non
2586 2823 2822 2882 amputa,
2859 2830 2924 2870 ne
2953 2815 3134 2871 videar
3161 2832 3280 2873 esse
3305 2820 3457 2874 valde
3482 2821 3702 2890 agrestis
3736 2836 3752 2876 :

2173 2916 2490 2971 quamquam
2515 2904 2770 2960 Rebecca:
2797 2907 2925 2961 satis
2953 2905 3054 2961 fuit
3080 2910 3252 2963 solum
3278 2911 3582 2967 theristrum
3615 2932 3629 2968 :
3659 2915 3754 2968 sed

2175 3006 2279 3046 non
2295 3003 2532 3063 amputo.
2554 2995 2700 3050 Licet
2722 2996 3005 3052 exhilarari
3027 3001 3284 3066 vestibus;
3311 3001 3433 3056 licet
3453 3005 3501 3056 in
3522 3019 3756 3074 praesen-

2176 3085 2244 3138 tia
2287 3088 2708 3142 venerandorum
2739 3090 2969 3144 virorum
3017 3102 3070 3145 et
3109 3095 3523 3149 reverendarum
3569 3100 3757 3151 mulio.-

2173 3191 2313 3231 rum.
2341 3178 2477 3244 Quid
2507 3179 2730 3233 ludibria
2775 3180 2860 3233 illa
2889 3222 2903 3246 ,
2934 3181 3061 3250 quid
3094 3194 3332 3236 monstra
3376 3184 3621 3240 inducis?
3663 3188 3758 3242 Dic

2175 3283 2294 3338 qua:
2324 3270 2475 3324 audis
2505 3271 2573 3324 ab
2601 3271 2750 3340 ipsis.
2779 3272 2849 3324 At
2876 3271 3154 3328 erubescis
3187 3275 3410 3330 dicere?
3438 3277 3516 3332 Tu
3560 3281 3756 3336 erube-

2175 3362 2280 3416 scis
2302 3403 2315 3424 ,
2351 3373 2404 3416 et
2433 3362 2550 3416 illos
2588 3365 2734 3431 cogis
2764 3364 2815 3417 id
2845 3364 3056 3419 facere?
3079 3365 3133 3419 Si
3165 3367 3444 3435 pulchrum
3474 3381 3551 3424 est
3578 3382 3630 3426 et
3659 3372 3752 3425 ho-

2174 3462 2405 3519 nestum,
2457 3468 2553 3507 cur
2596 3469 2698 3508 non
2754 3454 2868 3524 ipse
2911 3470 3122 3524 quoque
3150 3456 3317 3511 facis?
3363 3460 3406 3512 si
3455 3471 3632 3516 autem
3677 3473 3760 3518 est

2176 3550 2346 3612 turpe,
2391 3557 2486 3596 cur
2526 3543 2687 3597 alium
2731 3545 2912 3614 cogis?
2947 3546 3136 3600 Omnia
3178 3559 3389 3618 oportet
3432 3565 3552 3606 esse
3603 3554 3758 3622 plena

2177 3635 2523 3703 temperantia
2565 3650 2628 3690 ac
2675 3636 2966 3702 modestia,
3019 3637 3278 3707 gravitate
3331 3648 3386 3694 et
3435 3642 3752 3700 honestate:

2176 3742 2315 3781 nunc
2350 3742 2476 3782 vero
2505 3728 2830 3782 contrarium
2867 3728 3043 3792 video,
3079 3729 3333 3785 saltantes
3377 3741 3640 3803 tamquam
3668 3751 3762 3789 ca-

2177 3817 2372 3882 melos,
2398 3826 2668 3887 tamquam
2688 3819 2885 3873 mulos.
2916 3819 3116 3889 Virgini
3139 3821 3284 3876 solus
3310 3835 3394 3877 est
3413 3833 3566 3892 aptus
3590 3829 3756 3879 thala-

2177 3925 2315 3964 mus.
2348 3910 2418 3964 At
2465 3920 2566 3972 est,
2599 3911 2802 3979 inquit,
2836 3923 3055 3980 pauper.
3107 3914 3369 3978 Quoniam
3416 3926 3498 3970 est
3538 3933 3760 3987 panper,

2178 4000 2339 4056 debet
2365 4003 2526 4056 etiam
2557 4016 2676 4056 esse
2704 4000 2944 4054 modesta
2974 4011 3028 4054 et
3050 4002 3275 4058 honesta
3304 4022 3317 4057 :
3361 4005 3553 4060 habeat
3589 4026 3764 4066 mores

2178 4109 2278 4162 pro
2307 4091 2527 4147 divitiis.
2560 4091 2678 4145 Non
2704 4100 2882 4162 potest
2912 4090 3041 4145 dare
3070 4092 3290 4147 dotem?
3319 4109 3414 4148 cur
3458 4110 3572 4149 eam
3605 4108 3765 4154 etiam

2181 4185 2313 4237 alias
2367 4183 2547 4237 reddis
2598 4182 3043 4237 contemnendam
3101 4198 3164 4236 ex
3231 4185 3332 4238 hac
3380 4188 3766 4254 perversione?

2182 4276 2366 4330 Laudo
2393 4275 2533 4345 quod
2563 4274 2740 4329 adsint
2770 4275 3004 4344 virgines
3032 4277 3290 4346 aequalem
3317 4287 3466 4331 suam
3495 4278 3764 4334 honoran-

2194 4377 2312 4423 tes:
2349 4367 2489 4435 quod
2522 4366 2697 4420 adsint
2725 4367 2978 4420 mulieres
3013 4381 3130 4420 eam
3175 4368 3531 4434 honorantes,
3565 4387 3683 4440 quae
3715 4388 3765 4426 ιιι

2185 4473 2338 4512 suum
2371 4473 2650 4511 numerum
2686 4466 2768 4512 est
2812 4458 2977 4512 relata
3012 4457 3154 4512 :boc
3185 4469 3331 4513 recte
3377 4464 3458 4514 est
3505 4473 3765 4516 constitu-

2189 4559 2322 4603 tum.
2352 4549 2486 4604 Sunt
2523 4549 2664 4602 enim
2697 4548 2747 4602 bi
2777 4548 2884 4603 duo
2913 4549 3062 4604 chori
3098 4569 3109 4603 :
3140 4549 3338 4605 chorus
3379 4552 3679 4621 virginum,
3713 4566 3766 4609 et

2187 4640 2384 4695 chorus
2433 4653 2616 4694 carum
2664 4657 2782 4710 qua:
2841 4651 3181 4710 nupserunt:
3224 4642 3330 4698 illa:
3381 4644 3633 4708 tradunt,
3688 4655 3769 4697 na:

2188 4732 2502 4802 suscipiunt.
2530 4733 2736 4801 Sponsa
2765 4741 2849 4788 est
2875 4734 3013 4787 inter
3037 4748 3149 4799 eas,
3180 4750 3351 4804 neque
3401 4735 3569 4803 virgo,
3599 4752 3772 4804 neque

2189 4827 2381 4880 mulier
2412 4842 2425 4878 :
2461 4841 2582 4880 nam
2619 4826 2764 4881 illinc
2793 4827 3004 4895 quidem
3034 4827 3322 4898 egreditur,
3349 4828 3400 4881 in
3432 4827 3567 4882 hanc
3592 4840 3768 4881 autem

2189 4919 2429 4974 ascendit
2451 4921 2698 4974 classem.

2263 5010 2553 5065 Meretrices
2580 5012 2632 5064 in
2663 5011 2856 5080 nuptiis
2881 5011 3139 5064 admixur.
3159 5041 3227 5049 —
3245 5010 3351 5065 Cur
3385 5021 3561 5065 autem
3592 5028 3768 5067 mere—

2191 5103 2395 5158 trices?
2440 5105 2571 5157 Cum
2620 5112 2892 5172 upon-teret
2935 5117 3026 5157 eas
3054 5117 3162 5170 prae
3206 5102 3408 5171 pudore
3445 5103 3589 5172 tegi,
3647 5104 3771 5158 dum

2193 5195 2391 5262 nuptis:
2414 5194 2772 5258 celebrantur,
2801 5209 2922 5248 cum
2945 5201 3219 5262 oporteret
3251 5208 3342 5248 eas
3368 5195 3529 5248 inl'odi
3562 5195 3775 5263 (matri-

2198 5286 2365 5342 monii
2396 5288 2539 5340 enim
2572 5288 2847 5354 corruptio
2886 5294 2967 5340 est
3014 5286 3313 5355 scortatio),
3344 5304 3438 5343 nos
3468 5301 3644 5344 autem
3688 5306 3781 5358 cas

2195 5379 2438 5433 ducimus
2467 5378 2531 5433 ad
2563 5377 2792 5446 nuptias.
2823 5378 2889 5431 Et
2917 5377 3134 5446 quando
3173 5378 3372 5447 aliquid
3400 5378 3612 5447 quidem
3649 5378 3774 5432 faci-

2197 5471 2286 5534 tis,
2314 5470 2472 5522 etiam
2495 5469 2674 5522 verbis
2708 5479 2862 5523 tenus
2882 5468 3147 5524 contraria
3170 5471 3346 5524 omnia
3376 5469 3733 5539 deprecamini
3758 5487 3772 5522 :

2199 5572 2255 5614 nt
2281 5558 2493 5629 quando
2522 5560 2776 5626 seminus,
2800 5561 3014 5630 quando
3035 5561 3217 5615 vinum
3241 5561 3421 5616 hauris
3448 5576 3514 5616 ex
3543 5563 3774 5618 torcula-

2198 5653 2364 5715 ribus,
2396 5665 2462 5704 ne
2506 5651 2846 5718 responderis
2887 5651 3102 5722 quidem
3141 5668 3260 5722 quae
3304 5667 3526 5723 vappam
3572 5652 3773 5722 signiti-

2199 5751 2321 5797 cant
2355 5759 2366 5795 :
2403 5743 2485 5796 hic
2517 5753 2717 5810 autem,
2753 5743 2837 5798 ubi
2867 5744 3061 5801 dcccut
3088 5745 3381 5800 moderatio
3406 5754 3454 5798 cl
3482 5752 3773 5813 temperan-
