4026 6148
281 411 387 476 tia,
431 418 656 477 vappam
701 397 1070 464 introducitis;
1122 395 1227 452 hoc
1248 392 1393 450 enim
1445 395 1527 445 est
1569 380 1852 477 meretriv.

282 469 516 569 Quando
531 469 853 569 unguentum
883 486 1206 559 componitis
1233 525 1249 551 ,
1280 482 1416 540 nihil
1441 479 1582 536 male
1607 476 1758 532 olens
1789 469 1863 525 si-

286 592 411 645 nitis
426 587 868 660 appropinquare.
886 577 1277 636 Matrimonium
1291 583 1373 630 est
1386 576 1716 642 unguentum
1734 582 1747 615 :
1762 576 1860 619 cur

285 681 423 738 omni
472 680 711 735 faetorem
761 672 968 729 inducis
995 671 1051 726 in
1073 667 1514 737 compositionem
1559 660 1859 732 unguenti?

286 772 420 841 Quid
442 769 604 826 dicis?
629 767 785 823 saltat
813 764 984 834 virgo,
1007 769 1062 817 et
1087 775 1191 815 non
1219 773 1336 812 eam
1359 753 1525 826 pudet
1550 767 1661 808 sua:
1682 766 1862 821 requa-

288 865 393 921 lis?
418 863 638 933 Oportet
665 858 808 914 enim
835 856 1003 925 ipsam
1023 854 1124 909 hac
1141 866 1260 907 esse
1288 849 1645 904 honestiorem
1672 853 1727 900 et
1744 859 1865 915 gra-

289 956 490 1009 viorem
511 971 524 1006 :
547 966 614 1006 ex
638 950 762 1004 uina
795 946 995 1016 quippe
1021 956 1235 1013 egressa
1261 948 1364 1007 est,
1386 953 1490 994 non
1510 954 1576 993 ex
1597 937 1860 1007 paltestra.

288 1045 402 1099 Non
450 1047 661 1113 oportet
710 1036 856 1093 enim
912 1032 1132 1090 omnino
1183 1030 1443 1101 virginem
1495 1040 1758 1099 apparere
1808 1026 1864 1079 in

291 1135 506 1205 nuptiis.

362 1225 415 1280 5.
454 1222 571 1277 Non
602 1219 751 1274 vides
773 1215 917 1289 quod
946 1216 999 1270 in
1026 1213 1171 1285 regia
1195 1211 1284 1283 qui
1309 1218 1431 1266 sunt
1457 1207 1667 1280 quidem
1697 1207 1867 1262 hono-

297 1315 441 1381 rati,
474 1320 602 1368 sunt
628 1313 771 1365 intus
794 1310 937 1363 circa
980 1320 1202 1376 regem;
1242 1304 1278 1357 ii
1307 1310 1484 1357 autem
1532 1300 1623 1371 qui
1654 1315 1759 1354 non
1813 1299 1866 1354 in

295 1409 500 1462 honore
527 1412 671 1470 sunt,
695 1410 837 1457 stant
865 1399 1035 1454 foris?
1062 1397 1148 1452 Sis
1174 1397 1353 1466 itaque
1378 1395 1518 1449 intus
1541 1394 1680 1448 circa
1709 1406 1868 1462 spon-

296 1513 431 1552 sam.
462 1494 569 1550 Sed
599 1502 743 1548 casta
775 1504 932 1545 mane
974 1488 1117 1543 domi
1148 1504 1161 1539 :
1200 1501 1269 1541 ne
1316 1485 1370 1541 in
1413 1498 1660 1553 pompam
1705 1482 1867 1537 ducas

295 1589 679 1661 virginitatem.
732 1583 923 1639 Adstat
982 1588 1204 1649 uterque
1247 1577 1476 1642 chorus;
1521 1576 1609 1629 ille
1654 1572 1868 1644 quidem

298 1680 508 1751 qualem
537 1677 625 1732 det
649 1673 960 1737 ostendens,
992 1671 1079 1726 hic
1100 1679 1299 1732 autem,
1326 1675 1384 1721 ut
1403 1680 1519 1720 eam
1546 1671 1826 1720 conservet
1852 1677 1868 1716 :

299 1738 393 1825 cur
418 1768 679 1824 dedecore
701 1764 871 1820 alficis
903 1758 1300 1831 virginitatem?
1330 1757 1459 1812 Nam
1488 1757 1531 1811 si
1564 1766 1617 1810 tu
1647 1770 1706 1810 es
1730 1738 1889 1819 talis,’

303 1861 424 1915 talia
453 1872 681 1927 sponsus
706 1855 772 1909 de
808 1854 893 1906 illa
932 1850 1287 1921 suspicabitur
1317 1866 1331 1902 :
1360 1848 1405 1902 si
1435 1855 1489 1901 tu
1517 1847 1650 1902 velis
1682 1844 1869 1909 amari,

299 1966 360 2006 ea
388 1956 512 2003 sunt
535 1961 682 2016 eopzc
707 1987 720 2010 ,
755 1944 961 1998 olerum
1002 1939 1307 1995 venditricis
1334 1946 1386 1993 et
1412 1937 1635 2006 Opilieis.
1681 1937 1872 1989 Annon

300 2051 421 2098 Sunt
455 2042 566 2094 haec
592 2037 844 2108 probrum
873 2042 925 2088 et
955 2030 1225 2087 dedecus?
1251 2029 1511 2085 Probrum
1538 2027 1681 2082 enim
1711 2036 1793 2080 est
1821 2033 1875 2080 et

299 2136 529 2191 dedecus
558 2146 615 2185 se
644 2128 896 2183 indecore
925 2139 1136 2195 gerere,
1170 2122 1331 2177 etiam
1371 2120 1416 2175 si
1458 2119 1527 2173 sit
1560 2117 1666 2171 filia
1712 2116 1871 2186 regis.

300 2226 433 2280 Num
460 2222 706 2293 prohibet
738 2214 1061 2288 paupertas?
1087 2229 1212 2269 num
1240 2214 1363 2267 vitae
1389 2209 1623 2265 studium
1646 2217 1700 2263 et
1726 2206 1877 2261 insti-

303 2315 510 2373 tutum?
538 2311 753 2368 Etiamsi
779 2323 932 2364 serva
955 2307 1024 2362 sit
1055 2304 1225 2373 virgo,
1250 2310 1464 2357 maneat
1494 2301 1544 2354 in
1572 2296 1830 2370 pudicitia
1855 2313 1869 2350 :

304 2410 369 2463 In
400 2408 596 2463 Christo
624 2403 765 2459 enim
788 2400 914 2455 Iesu
940 2414 1041 2452 non
1067 2406 1138 2450 est
1159 2410 1347 2458 servus,
1389 2409 1478 2447 nec
1505 2392 1626 2447 liber
1652 2389 1792 2462 (Gal.
1820 2390 1874 2443 5.

302 2502 416 2567 98).
444 2496 800 2550 'fheatrumne
829 2499 910 2545 est
944 2484 1385 2542 matrimonium?
1439 2483 1535 2538 Est
1561 2481 1874 2552 mysterium

306 2601 353 2643 et
381 2588 454 2642 rei
481 2599 683 2653 magum
705 2591 860 2652 typus
887 2595 900 2631 :
927 2586 980 2633 et
1001 2578 1047 2632 si
1064 2576 1237 2644 ipsum
1256 2590 1361 2629 non
1378 2573 1699 2637 reverearis,
1723 2584 1880 2626 reve-

309 2693 424 2731 rere
441 2675 490 2730 id
510 2673 658 2742 cujus
685 2681 766 2725 cst
796 2679 972 2739 typus.
1006 2666 1406 2728 Sacramcntum,
1434 2663 1622 2732 inquit,
1648 2662 1744 2716 hoc
1770 2676 1880 2713 ma—

306 2785 457 2839 gnum
477 2776 546 2822 est
572 2782 589 2818 :
611 2780 700 2835 ego
721 2767 887 2815 autem
905 2759 1017 2812 dico
1039 2758 1089 2810 in
1107 2756 1306 2812 Christo
1331 2765 1377 2810 et
1406 2754 1631 2808 Ecclesia
1658 2752 1874 2824 (Ephes.

308 2867 361 2921 5.
392 2862 502 2931 '52).
522 2858 772 2915 Ecclesia:
797 2865 877 2910 est
902 2863 1060 2925 typus
1079 2860 1133 2908 et
1148 2851 1365 2918 Christi,
1394 2859 1447 2905 ct
1475 2850 1785 2905 meretrices
1802 2850 1882 2902 in-

312 2952 565 3010 troducis?
581 2951 634 3006 Si
654 2963 802 3019 ergo,
822 2946 1011 3016 inquit,
1034 2959 1205 3013 neque
1222 2943 1450 3012 virgines
1469 2941 1691 3007 saltant,
1708 2956 1882 3011 neque

310 3061 426 3116 quae
468 3049 802 3112 nupserunt,
847 3039 966 3108 quis
1012 3034 1270 3091 saltabit?
1313 3034 1542 3089 Nullus:
1588 3033 1886 3088 saltationis

310 3138 449 3192 enim
477 3147 719 3205 quamam
751 3139 832 3185 est
857 3126 1185 3184 necessitas?
1208 3126 1263 3181 In
1292 3124 1556 3198 mysteriis
1573 3124 1882 3180 Gra'corum

313 3237 435 3281 sunt
460 3223 813 3285 saltationes;
866 3219 917 3273 in
948 3218 1146 3273 nostris
1189 3226 1366 3271 autem
1402 3216 1673 3271 silentium
1700 3226 1755 3271 et
1789 3215 1887 3271 ho-

314 3328 460 3373 nesta
484 3315 733 3386 gravitas,
760 3310 929 3380 pudor
952 3319 1001 3364 et
1032 3307 1312 3363 modestia.
1340 3307 1585 3377 Magnum
1619 3306 1887 3377 peragitur

316 3409 649 3480 mysterium,
671 3404 813 3458 foras
840 3401 1170 3466 meretrices,
1200 3398 1342 3453 foras
1364 3396 1591 3466 profani.
1610 3397 1888 3462 Quomodo

313 3511 396 3555 est
424 3495 776 3568 mysterium?
819 3492 1179 3554 Conveniunt,
1227 3497 1278 3543 et
1314 3488 1421 3542 duo
1446 3487 1649 3542 faciunt
1697 3502 1883 3542 unum.

316 3593 422 3647 Cur
478 3588 690 3659 quando
738 3583 1032 3651 ingreditur
1084 3580 1328 3649 quidem,
1380 3595 1485 3634 non
1528 3589 1607 3633 est
1653 3580 1882 3644 saltatio,

315 3698 420 3737 non
466 3691 591 3735 sunt
633 3674 910 3746 cymbala,
953 3671 1046 3726 sed
1092 3670 1314 3723 multum
1364 3670 1665 3735 silentium,
1723 3670 1885 3724 multa

315 3772 496 3840 quies;
530 3765 741 3839 quando
786 3770 961 3815 autem
1016 3757 1357 3823 conveniunt,
1410 3773 1515 3812 non
1548 3759 1883 3813 inanimatam

316 3853 623 3928 imaginem,
652 3868 758 3908 non
791 3849 1019 3919 alicujus
1047 3864 1114 3904 ex
1147 3849 1210 3903 iis
1239 3863 1357 3918 qua:
1385 3859 1509 3904 sunt
1531 3850 1582 3904 in
1608 3860 1764 3917 terra,
1790 3851 1885 3907 sed

316 3951 481 4021 ipsius
509 3946 601 4002 Dei
631 3942 888 3999 facientes
929 3939 1210 4010 imaginem
1232 3947 1283 3993 et
1321 3938 1740 4006 similitudinem,
1768 3950 1885 3995 tan-

318 4055 425 4097 tum
452 4036 739 4094 introducis
757 4033 1061 4096 tumultum,
1081 4040 1134 4087 et
1151 4046 1244 4086 eos
1267 4031 1355 4100 qui
1376 4030 1570 4085 adsunt
1583 4033 1884 4101 perturbas,

317 4144 370 4189 et
408 4131 670 4187 dedecore
697 4125 931 4181 animam
978 4122 1150 4178 afficis
1199 4131 1254 4177 et
1293 4122 1614 4177 conturbas?
1658 4122 1888 4179 Veniunt

317 4223 478 4279 futuri
508 4236 668 4275 unum
696 4231 892 4287 corpus
923 4233 935 4269 :
964 4230 1090 4271 ecce
1116 4228 1302 4269 rursus
1345 4215 1654 4286 mysterium
1695 4217 1889 4271 carita-

320 4316 405 4370 tis.
429 4313 485 4369 Si
515 4312 621 4366 duo
646 4324 754 4364 non
783 4306 909 4361 facti
943 4304 1144 4362 fuerint
1170 4321 1358 4373 unum,
1384 4320 1489 4360 non
1520 4304 1718 4361 faciunt
1748 4308 1888 4362 mul-

319 4421 424 4472 tos,
455 4403 707 4476 quamdiu
725 4402 829 4456 duo
854 4399 1187 4464 manserint;
1216 4398 1427 4468 quando
1452 4408 1627 4455 autem
1649 4401 1890 4456 venerint

318 4497 385 4550 ad
414 4497 692 4559 unitatem,
745 4499 871 4545 tunc
921 4488 1137 4543 faciunt.
1171 4488 1305 4554 Quid
1343 4502 1409 4542 ex
1453 4488 1554 4544 hoc
1598 4489 1890 4545 discimus?

322 4585 471 4655 Quod
509 4583 720 4638 unionis
751 4593 943 4649 magna
993 4578 1062 4631 sit
1087 4578 1186 4632 vis.
1232 4578 1415 4633 Solers
1465 4579 1558 4633 Dei
1602 4581 1888 4636 artificium

322 4691 482 4730 mmm
512 4674 565 4728 in
613 4672 719 4726 duo
744 4667 927 4724 divisit
963 4666 1033 4722 ab
1063 4666 1242 4731 initio;
1274 4677 1327 4723 ct
1376 4668 1563 4723 volens
1608 4670 1890 4726 ostendere

324 4765 464 4837 quod
494 4763 650 4819 etiam
684 4769 962 4831 postquam
1009 4759 1077 4813 sit
1100 4758 1305 4813 divisus
1340 4770 1517 4815 manet
1549 4777 1741 4828 unum,
1783 4778 1888 4818 non

323 4857 451 4912 sinit
477 4868 637 4909 unum
665 4850 912 4907 sufficere
936 4848 1002 4903 ad
1048 4849 1466 4920 generationem.
1494 4851 1608 4906 Non
1634 4861 1718 4907 est
1744 4855 1885 4909 enim

324 4960 478 5013 unus,
506 4944 594 5015 qui
622 4941 854 4999 nondum
882 4949 965 4996 est
999 4939 1233 5009 junctus,
1262 4939 1355 4995 sed
1381 4940 1657 4995 dimidium
1687 4943 1842 4997 unius
1866 4961 1880 4997 :

323 5049 379 5094 et
434 5037 558 5091 hinc
600 5034 777 5106 palam
835 5039 918 5087 est
972 5030 1112 5100 quod
1167 5031 1307 5085 filios
1347 5030 1580 5085 nondum
1622 5042 1886 5101 procreet.

328 5128 515 5183 Vidisti
538 5124 845 5197 mysterium
872 5121 1214 5192 nuptiarum?
1252 5121 1401 5177 Fecit
1440 5137 1505 5177 ex
1551 5136 1658 5177 uno
1685 5138 1845 5177 unum
1871 5163 1887 5189 ,

325 5230 381 5277 et
427 5233 614 5274 rursus
651 5231 774 5271 cum
816 5215 916 5270 hos
962 5213 1098 5269 duos
1147 5213 1359 5268 fecisset
1406 5229 1593 5282 unum,
1643 5215 1720 5270 sic
1768 5216 1894 5271 facit

326 5328 509 5367 unum.
538 5308 893 5377 Quamobrem
922 5322 991 5361 ex
1024 5321 1129 5361 uno
1172 5321 1382 5376 quoque
1429 5307 1663 5362 nascitur
1707 5306 1889 5364 homo.

327 5404 514 5459 Mulier
540 5401 682 5458 enim
708 5409 762 5456 et
790 5398 869 5453 vir
893 5414 1001 5454 non
1043 5410 1168 5455 sunt
1192 5398 1298 5454 duo
1324 5398 1586 5466 homines,
1611 5399 1704 5454 sed
1733 5398 1894 5454 homo

330 5510 466 5546 unus
492 5516 505 5550 :
539 5495 694 5562 idque
722 5498 899 5562 potest
926 5490 1135 5559 probari
1162 5505 1228 5545 ex
1254 5491 1465 5545 multis:
1495 5505 1562 5546 ex
1590 5490 1810 5557 Jacobo,
1840 5499 1894 5545 ct

333 5597 400 5635 ex
427 5582 588 5635 Maria
618 5592 786 5636 matre
807 5581 1023 5648 Christi,
1052 5596 1117 5635 ex
1140 5596 1203 5636 eo
1229 5581 1369 5650 quod
1407 5583 1571 5646 dicat,
1609 5580 1892 5635 Masculum

330 5674 377 5714 ct
398 5668 635 5735 feminam
671 5675 789 5743 fecit
814 5689 901 5726 eos
928 5672 1078 5744 (Gen.
1114 5675 1304 5746 1.97).
1347 5673 1401 5727 Si
1439 5672 1529 5727 ille
1569 5672 1782 5742 quidem
1812 5683 1893 5728 est

1077 285 1133 342 S.
1185 275 1460 341 JOANNIS
1495 265 1967 329 CHRYSOSTOMI
2006 260 2321 320 ARCHIEP.
2361 252 2891 319 CONSTANTINOP.

3430 257 3531 313 583

1964 383 2140 446 caput,
2198 373 2287 429 illa
2328 386 2457 428 vero
2497 386 2710 442 corpus,
2741 367 3007 442 quomodo
3052 366 3196 423 duo?
3244 366 3534 438 PrOptet-ca

1964 466 2079 522 haec
2103 464 2316 536 quidem
2339 463 2602 533 discipuli,
2630 462 2719 517 ille
2738 476 2865 516 vero
2887 460 3060 515 locum
3087 466 3230 515 tenet
3260 458 3537 529 magistri:

1964 556 2053 612 ille
2078 554 2355 627 principis,
2383 553 2499 611 luce
2533 555 2651 622 ejus
2679 568 2797 623 qua:
2822 559 2972 622 paret
3012 549 3259 622 principi.
3312 549 3390 604 Ex
3424 551 3539 619 ipsa

1964 664 2176 720 quoque
2196 648 2438 719 corporis
2462 645 2781 702 formatione
2805 643 3003 700 videris
3021 657 3138 699 esse
3164 658 3329 699 unum
3353 659 3366 697 :
3399 641 3538 698 facta

1965 749 2048 795 est
2066 740 2207 795 enim
2238 754 2305 794 ex
2335 738 2501 793 latere
2520 778 2536 804 ,
2568 747 2623 792 et
2662 745 2929 806 tamquam
2951 734 3057 790 duo
3085 750 3151 789 ex
3181 732 3402 788 dimidio
3430 732 3541 788 dis-

1965 840 2109 884 secta
2125 836 2270 885 sunt.
2292 829 2580 899 Propterea
2601 842 2718 883 eam
2734 840 2943 897 quoque
2957 831 3111 879 vocat
3129 823 3463 894 adjutricem,
3482 833 3539 877 ut

1966 919 2211 976 ostendat
2236 935 2330 977 eos
2349 935 2469 975 esse
2491 935 2674 974 unum.
2701 916 2826 973 Ideo
2845 925 2900 971 et
2919 916 3054 986 patri
3079 924 3134 971 et
3156 914 3311 968 matri
3339 913 3541 984 profert

1966 1013 2395 1084 conjunctionem
2423 1022 2480 1068 et
2519 1010 2987 1074 cohabitationem,
3033 1016 3092 1063 ut
3122 1006 3372 1063 ostendat
3398 1005 3539 1076 quod

1967 1106 2074 1159 sint
2097 1120 2281 1160 unum.
2314 1104 2375 1159 Et
2419 1111 2571 1174 pater
2596 1101 2844 1156 similiter
2871 1099 3081 1155 laetatur
3114 1107 3169 1155 et
3198 1098 3306 1154 filia
3349 1108 3404 1154 et
3431 1099 3540 1153 ﬁlio

1963 1197 2161 1267 junctis
2187 1194 2544 1258 matrimonio,
2573 1192 2714 1264 quod
2743 1206 2937 1262 corpus
2981 1199 3234 1261 properet
3281 1190 3347 1245 ad
3385 1206 3538 1246 suum

1968 1289 2267 1345 membrum
2298 1305 2312 1341 :
2344 1287 2506 1358 fitque
2533 1294 2712 1341 tantus
2740 1292 2983 1355 sumptus
3007 1292 3064 1340 et
3091 1282 3329 1354 pecunia:
3376 1283 3541 1339 detri-

1968 1388 2228 1443 mentum,
2259 1388 2315 1434 et
2343 1386 2521 1434 tamen
2566 1376 2620 1432 id
2652 1376 2793 1432 ferre
2822 1375 3025 1446 nequit,
3059 1383 3116 1430 ut
3157 1390 3264 1430 non
3290 1374 3543 1445 conjuga-

1971 1481 2081 1526 tum
2123 1470 2313 1527 videat.
2374 1470 2667 1539 Tamquam
2708 1468 2850 1524 enim
2904 1468 3018 1537 ipsa
3061 1465 3295 1521 abscissa
3341 1479 3541 1530 carne,
3634 1519 3638 1523 .

1969 1574 2192 1634 uterque
2213 1573 2293 1634 est
2320 1559 2665 1632 imperfectus
2690 1560 2756 1615 ad
2779 1560 3069 1616 liberorum
3098 1557 3541 1627 procreationem,

1972 1667 2193 1726 uterque
2219 1664 2302 1711 est
2333 1654 2678 1725 imperfectus
2704 1652 2769 1708 ad
2804 1651 3085 1723 praesentis
3117 1653 3241 1709 vitae
3286 1650 3547 1705 constitu-

1973 1749 2190 1807 tionem.
2242 1746 2530 1816 Propterea
2557 1745 2688 1800 dicit
2725 1744 2885 1800 etiam
2932 1741 3188 1812 propheta
3215 1782 3231 1809 ,
3279 1741 3548 1811 Reliquum

1972 1839 2180 1907 spiritus
2217 1837 2291 1889 tui
2338 1836 2593 1909 (Malach.
2631 1835 2686 1889 2.
2731 1833 2842 1904 l5).
2882 1834 3159 1902 Quomodo
3209 1841 3387 1889 autem
3423 1841 3550 1887 sunt

1974 1930 2132 1983 etiam
2166 1928 2219 1981 in
2266 1942 2429 1982 carne
2464 1926 2614 1981 una?
2654 1924 2793 1981 Utsi
2837 1924 2954 1979 auri
2980 1924 3246 1979 ademeris
3285 1922 3426 1993 quod
3466 1931 3551 1977 est

1975 2020 2340 2092 purissimum,
2365 2028 2420 2073 et
2443 2018 2598 2074 alteri
2626 2033 2757 2073 auro
2785 2017 3136 2072 admiscueris
3168 2033 3181 2069 :
3213 2018 3283 2070 ita
3310 2015 3395 2069 hic
3416 2029 3551 2085 quo-

1975 2126 2100 2180 que,
2129 2111 2182 2165 id
2226 2109 2365 2179 quod
2397 2118 2478 2164 est
2520 2108 2923 2178 pinguissimum
2944 2149 2957 2171 ,
2986 2118 3251 2176 tamquam
3294 2105 3551 2161 fundente

1977 2201 2264 2270 voluptate,
2292 2198 2586 2268 suscipiens
2614 2198 2807 2253 mulier
2830 2198 2923 2251 alit
2955 2206 3010 2251 et
3042 2196 3182 2251 fovet
3206 2237 3221 2261 ,
3248 2205 3303 2251 et
3338 2210 3459 2250 cum
3486 2210 3551 2250 ea

1976 2309 2093 2363 qum
2119 2300 2242 2348 sunt
2268 2306 2360 2347 sua
2387 2292 2690 2356 contulerit,
2739 2291 2853 2345 viro
2887 2289 3082 2344 reddit.
3133 2289 3201 2343 Et
3241 2298 3323 2343 est
3376 2286 3553 2343 infans

1977 2385 2160 2455 instar;
2167 2385 2361 2455 pontis.
2389 2381 2739 2451 Quamobrem
2765 2389 2871 2437 tres
2890 2381 3022 2435 linnt
3046 2395 3145 2436 una
3177 2394 3325 2446 caro,
3354 2377 3555 2434 infante

1977 2450 2243 2548 utriniqne
2282 2486 2534 2547 utrosque
2563 2476 2936 2546 conjungente.
2976 2473 3123 2530 Sicut
3165 2474 3305 2528 enim
3346 2474 3390 2527 si
3433 2488 3553 2528 cum

1978 2572 2097 2627 duae
2125 2571 2233 2625 sint
2255 2569 2513 2635 civitates,
2547 2577 2600 2624 et
2625 2566 2815 2622 fluvius
2837 2581 2928 2621 eas
2955 2566 3174 2621 omnino
3202 2564 3421 2628 dividat,
3453 2579 3553 2619 una

1980 2664 2040 2719 ﬁt
2063 2664 2251 2719 civitas
2278 2672 2440 2732 ponte
2481 2660 2746 2730 utrimque
2788 2659 3141 2730 conjungente
3177 2676 3189 2711 :
3224 2657 3295 2711 ita
3347 2664 3427 2712 est
3470 2655 3554 2710 hic

1980 2769 2214 2826 quoque,
2244 2761 2298 2809 et
2326 2754 2512 2825 magis,
2548 2751 2757 2822 quando
2785 2752 2897 2821 ipse
2928 2764 3060 2820 pons
3086 2760 3166 2805 est
3192 2766 3258 2805 ex
3287 2750 3557 2818 utriusque

1981 2845 2246 2912 essentia,
2276 2859 2340 2898 ea
2378 2844 2582 2898 ratione
2625 2852 2683 2897 ut
2708 2856 2901 2912 corpus
2939 2850 2993 2897 et
3034 2850 3192 2910 caput
3238 2840 3345 2895 sint
3396 2857 3555 2895 unum

1980 2952 2176 3009 corpus
2205 2955 2219 2991 :
2249 2936 2389 2992 collo
2414 2936 2554 2990 enim
2601 2935 2887 3000 dividitur;
2935 2931 3028 2988 sed
3074 2947 3178 2987 non
3206 2934 3377 3003 magis
3420 2933 3555 2988 divi-

1984 3031 2184 3087 duntur
2207 3045 2362 3101 quam
2390 3029 2780 3098 eonjunguntur
2807 3028 2822 3058 ¹
2854 3047 2868 3082 :
2898 3040 3021 3079 nam
3039 3041 3159 3080 cum
3181 3026 3250 3079 sit
3279 3025 3510 3079 medium
3539 3064 3555 3089 ,

1985 3133 2268 3191 utrumque
2296 3119 2588 3191 conjungit.
2621 3118 2689 3172 Et
2714 3117 2934 3187 perinde
2962 3116 3020 3170 fit
3047 3125 3103 3170 ut
3142 3116 3187 3170 si
3225 3116 3418 3171 chorus
3443 3116 3556 3171 dis—

1988 3222 2219 3278 tractus,
2264 3226 2366 3266 una
2413 3209 2626 3280 quidem
2665 3209 2779 3278 ejus
2812 3216 2964 3274 parte
3014 3207 3140 3262 hinc
3188 3217 3422 3275 accepta,
3470 3205 3552 3259 al.

1989 3313 2102 3360 tera
2150 3309 2325 3357 autem
2369 3315 2401 3354 a
2467 3300 2725 3364 dextera,
2781 3314 2945 3353 unum
2998 3297 3180 3353 fecerit
3222 3315 3236 3352 :
3279 3308 3369 3350 aut
3414 3299 3550 3351 sicut

1986 3395 2076 3466 qui
2121 3394 2315 3448 fuerint
2383 3393 2439 3446 in
2488 3407 2650 3446 unum
2702 3389 2996 3456 contracti,
3027 3390 3183 3445 etiam
3230 3402 3418 3443 manus
3457 3402 3546 3442 ex-

1989 3487 2267 3543 tendentes
2316 3492 2442 3540 sunt
2488 3499 2651 3538 unum
2694 3501 2707 3535 :
2746 3496 2936 3536 manus
2987 3481 3131 3537 enim
3171 3488 3402 3534 extensa:
3445 3492 3552 3532 non

1987 3580 2169 3635 sinunt
2197 3592 2317 3633 esse
2342 3577 2496 3631 duos.
2527 3575 2813 3645 Propterea
2844 3582 3029 3629 exacte
3057 3583 3111 3627 et
3133 3580 3381 3627 accurate
3403 3570 3556 3637 dixit,

1988 3687 2118 3737 non,
2148 3672 2314 3725 Erunt
2339 3682 2443 3723 una
2472 3682 2621 3732 caro,
2650 3665 2768 3734 sed,
2800 3664 2866 3719 In
2903 3681 3057 3719 unam
3091 3680 3292 3719 carnem
3320 3704 3335 3732 ,
3369 3678 3560 3733 nempe

1987 3765 2054 3820 ab
2078 3763 2279 3818 infante
2323 3760 2614 3830 conjuncti.
2651 3758 2788 3826 Quid
2814 3773 2972 3824 vero,
2998 3757 3210 3826 quando
3255 3772 3363 3811 non
3405 3756 3562 3811 fuerit

1988 3856 2183 3918 infans,
2207 3870 2310 3909 non
2334 3862 2491 3909 erunt
2514 3852 2657 3907 duo?
2679 3851 2881 3916 Erunt;
2911 3851 3012 3904 hoc
3028 3850 3170 3905 enim
3199 3849 3325 3905 facit
3345 3850 3518 3904 coitus
3544 3865 3560 3904 :

1987 3944 2264 4001 confundit
2298 3952 2354 3999 et
2378 3943 2687 3998 commiscet
2729 3941 3005 3995 amborum
3050 3954 3298 4009 corpora,
3328 3947 3385 3994 et
3427 3939 3564 3992 sicut

1987 4036 2157 4107 quiin
2180 4036 2356 4092 oleum
2390 4034 2571 4104 injecit
2596 4040 2942 4104 unguentum,
2986 4039 3153 4086 totum
3195 4030 3323 4086 facit
3351 4043 3557 4085 unum:

1990 4130 2061 4185 ita
2091 4129 2179 4184 hic
2205 4143 2433 4198 quoque.

2060 4221 2112 4277 6.
2154 4219 2277 4274 Scio
2328 4217 2522 4272 multos
2570 4216 2774 4287 pudore
2816 4215 2958 4270 affici
3005 4214 3069 4269 iis
3098 4228 3217 4285 qute
3257 4213 3550 4275 dicuntur;

1993 4326 2148 4369 causa
2174 4320 2356 4367 autem
2384 4324 2575 4364 eorum
2617 4325 2737 4380 qua:
2766 4307 2877 4363 dixi
2900 4315 2982 4362 est
3010 4306 3176 4362 libido
3204 4315 3258 4361 et
3284 4303 3561 4374 impudici-

1991 4406 2084 4458 tia.
2127 4401 2278 4470 Quod
2325 4401 2403 4456 sic
2445 4399 2572 4454 [iant
2620 4400 2851 4468 nuptiae,
2895 4398 3036 4468 quod
3075 4404 3483 4465 corrumpantur
3507 4400 3561 4449 et

1991 4496 2367 4565 depravantur.
2397 4490 2449 4546 id
2487 4506 2599 4546 rem
2629 4489 2803 4545 reddit
2835 4489 3076 4543 Odiosam
3105 4504 3116 4541 :
3148 4486 3279 4541 Nam
3317 4484 3557 4539 Honora-

1993 4586 2113 4640 biles
2139 4594 2253 4640 sunt
2282 4585 2471 4654 nuptite
2491 4624 2505 4649 ,
2536 4591 2582 4635 et
2621 4581 2785 4635 cubile
2813 4578 3202 4634 immaculatum
3251 4575 3441 4648 (Hebr.
3470 4575 3561 4629 15.
3632 4622 3633 4625 η

1993 4676 2070 4749 4).
2099 4675 2236 4744 Quid
2278 4683 2331 4728 te
2378 4672 2539 4743 pudet
2576 4672 2690 4740 ejus
2735 4670 2875 4737 quod
2924 4680 3009 4725 est
3052 4667 3409 4724 bonorabile?
3434 4666 3562 4737 quid

1994 4765 2266 4821 erubescis
2309 4763 2379 4817 ob
2423 4761 2476 4816 id
2507 4761 2648 4830 quod
2676 4769 2759 4815 est
2785 4758 3224 4814 immaculatum?
3273 4756 3401 4811 Hme
3441 4762 3565 4808 sunt

1995 4856 2400 4918 hmreticorum;
2431 4854 2545 4907 huic
2573 4861 2697 4906 sunt
2725 4866 2912 4905 eorum
2951 4850 3041 4920 qui
3076 4848 3417 4903 introducunt
3455 4860 3566 4900 mc-

1994 4949 2234 5005 retrices.
2285 4947 2575 5014 Propterea
2607 4944 2729 4998 volo
2758 4944 2934 5011 ipsum
2962 4954 3261 5010 expurgare
3291 4937 3563 4993 matrimo—

1995 5044 2163 5108 nium,
2198 5050 2254 5094 ut
2280 5038 2529 5093 reducam
2556 5039 2623 5092 ad
2645 5052 2793 5091 suam
2826 5037 3155 5091 nobilitatem
3176 5076 3192 5101 ,
3234 5044 3291 5089 ut
3318 5035 3562 5089 obturem

1996 5148 2089 5188 ora
2120 5131 2510 5186 haereticorum.
2565 5129 2770 5183 Probro
2799 5127 3046 5183 affectum
3090 5136 3173 5180 est
3209 5125 3301 5180 Dei
3331 5124 3561 5188 donum,

1998 5225 2151 5279 radix
2199 5232 2395 5277 nostrae
2447 5222 2808 5291 generationis
2859 5239 2874 5274 :
2926 5236 3047 5275 nam
3092 5219 3320 5274 multum
3365 5218 3472 5272 [imi
3513 5225 3567 5271 et

1998 5315 2138 5371 caeni
2169 5314 2417 5383 injectum
2443 5323 2525 5368 est
2548 5313 2732 5367 radici.
2775 5313 2886 5367 Hoc
2913 5328 3040 5383 ergo
3066 5313 3274 5367 ratione
3301 5324 3567 5379 expurge-

1999 5423 2116 5462 nms
2161 5425 2174 5460 :
2215 5408 2473 5462 sustinete
2512 5407 2668 5476 igitur
2693 5420 2919 5476 parum;
2963 5419 3085 5458 nam
3124 5415 3179 5459 et
3221 5405 3313 5473 qui
3354 5420 3566 5458 caenum

2066 5522 2080 5548 ι
2107 5516 2200 5586 llic
2225 5518 2358 5566 locus
2374 5517 2444 5586 sic
2466 5515 2973 5586 habeturinmargine
2998 5514 3273 5567 Savil.......
3311 5528 3372 5566 ea
3388 5514 3568 5586 ratione

2001 5586 2050 5629 ut
2074 5579 2233 5628 onmia
2273 5582 2483 5630 membra
2519 5593 2566 5629 υι
2588 5580 2759 5631 ordine
2795 5581 2863 5630 ad
2885 5590 3025 5641 caput
3047 5585 3265 5641 cooptata
3298 5579 3569 5641 mmm-runt

2003 5654 2177 5710 turpius
2198 5678 2210 5695 ,
2234 5643 2444 5701 mtamris
2465 5644 2587 5709 collo
2611 5642 2890 5692 dividantur
2909 5653 2925 5690 :
2944 5634 3187 5701 "siquidem
3212 5651 3304 5689 non
3330 5634 3483 5700 magis
3512 5635 3565 5689 Iu'

2008 5703 2286 5752 dividuntur
2308 5719 2339 5769 (Ι
2359 5716 2450 5751 tum
2477 5703 2848 5768 rtmjtmguntttr,
2895 5709 2992 5750 etc.
