4026 6148
424 311 541 369 331

504 424 572 476 Δί
616 420 676 475 δέ
722 418 940 489 πόρναι,
965 412 1054 468 διά
1082 411 1169 479 τί;
1201 408 1329 464 Δέον
1357 408 1529 471 αὐτὰς
1577 402 2018 477 ἐγκαλύπτεσθαι

434 515 564 568 ὅταν
586 510 765 580 γάμος
788 504 846 580 ᾖ,
879 503 997 558 δέον
1020 501 1192 564 αὐτὰς
1220 496 1651 571 κατορύττεσθαι
1688 493 1887 565 (φθορά
1913 491 2023 563 γὰρ

436 602 620 671 γάμου
645 592 913 668 πορνεία),
936 591 1100 661 ἡμεῖς
1141 587 1197 640 δέ
1244 587 1452 656 ἄγομεν
1480 582 1651 647 αὐτάς
1682 582 1760 646 εἰς
1787 580 2020 651 γάμους.

439 665 553 744 Καὶ
592 665 732 740 ὅταν-
757 682 855 753 μέν
886 698 940 733 τι
977 676 1191 746 ποιῆτε,
1223 674 1319 728 καὶ
1350 672 1514 743 μέχρι
1566 670 1814 741 ῥήματος
1848 665 2027 720 οἰωνί-

443 775 600 843 ζεσθε
620 772 689 826 τὰ
718 767 935 829 ἐναντία
953 783 965 797 ·
993 758 1126 829 οἷον,
1152 762 1283 816 ὅταν
1312 760 1566 832 σπείρης,
1590 757 1718 812 ὅταν
1747 753 2028 824 ἀπαντλῇς

420 839 549 917 ’τῶν
576 855 882 927 ὐποληνίων
910 854 1002 907 16v
1033 848 1201 917 οίνον,
1238 848 1310 903 τά
1336 847 1520 918 ὀξίνην
1556 843 1892 916 σημαίνοντα
1916 839 2026 895 οὐδ’

439 953 504 1006 ἂν
550 946 896 1018 ἀποκρίνοιο·
927 940 1163 996 ἐνταῦθα
1208 937 1265 992 δὲ
1329 932 1685 1006 σωφροσύνης
1715 929 2028 1001 γινομένηςν

439 1036 763 1104 ἐπεισάγετε
800 1032 900 1102 τὴν
943 1029 1162 1101 ὀξίνην;
1193 1028 1353 1081 τοῦτο
1384 1023 1493 1094 γὰρ
1546 1024 1581 1094 ή
1632 1020 1831 1092 πόρνη.
1860 1018 2030 1070 ’Ὀταν

444 1124 614 1196 μύρον
650 1103 1140 1186 ίκατασκευάζητε,
1183 1112 1337 1166 οὐδὲν
1382 1110 1618 1172 δυσῶδες
1657 1107 1849 1177 ἀφίετε
1893 1103 2032 1187 πλη-

445 1182 674 1275 σιάζειν.
720 1207 911 1276 Μύρον
967 1182 1115 1258 ἐστὶν
1164 1201 1194 1253 6
1227 1200 1436 1270 γάμος·
1464 1198 1519 1251 τί
1557 1195 1739 1250 τοίνυν
1783 1193 1882 1265 τὴν
1923 1182 2031 1245 τοῦ

448 1299 714 1372 βορϐόρου
761 1293 1027 1349 δυσωδίαν
1044 1289 1392 1358 ,,ἐπεισάγεις
1431 1288 1500 1358 τῇ
1556 1284 1652 1339 τοῦ
1709 1282 1882 1355 μύρου
1934 1297 2035 1335 κα-

447 1369 728 1458 τασκευῇ;
763 1383 829 1436 Τί
873 1382 1088 1450 λέγεις;
1119 1379 1362 1450 ὀρχεῖται
1393 1378 1428 1446 ἡ
1475 1373 1763 1445 παρθένος,
1798 1370 1892 1424 καὶ
1935 1369 2037 1422 οὐκ

453 1456 772 1544 αἰσχύνεται
810 1467 911 1540 τὴν
962 1466 1231 1538 ὁμήλικα;
1268 1463 1488 1533 Ταύτης
1539 1460 1650 1531 γὰρ
1704 1456 2037 1529 σεμνοτέραν

455 1562 626 1633 αὐτὴν
654 1554 795 1613 εἶναι
824 1556 934 1611 δεῖ·
965 1555 1024 1620 ἐξ
1068 1553 1314 1623 ἀγκάλης
1358 1568 1445 1620 γε.
1470 1549 1570 1603 οὐκ
1603 1549 1667 1601 ἐκ
1701 1544 2038 1615 παλαίστρας

456 1630 666 1717 ἐξῆλθε.
697 1643 988 1700 Φαίνεσθαι
1030 1641 1138 1714 γὰρ
1163 1640 1301 1703 ὃλως
1328 1640 1385 1692 ἐν
1407 1637 1608 1707 γάμοις
1640 1632 1740 1705 τὴν
1771 1630 2040 1703 παρθένον

455 1735 518 1789 οὐ
540 1735 639 1788 δεῖ.
930 1782 950 1799 .

531 1819 679 1895 [419]
701 1826 763 1875 ε’.
796 1819 908 1890 Οὐχ
922 1818 1054 1889 ὁρᾷς
1083 1816 1140 1869 ἐν
1174 1817 1286 1877 τοῖς
1307 1810 1621 1883 βασιλείοις,
1643 1809 1725 1862 ὅτι
1757 1808 1805 1861 οἰ
1827 1806 1924 1877 μὲν
1949 1822 2041 1858 τε-

455 1894 747 1981 τιμημένοι
775 1906 921 1960 ἔνδον
950 1905 1080 1975 περὶ
1108 1903 1200 1957 τὸν
1232 1900 1459 1973 βασιλέα
1497 1899 1657 1962 εἰσὶν,
1687 1896 1738 1948 οἱ
1768 1895 1825 1948 δὲ
1856 1894 2044 1965 άτιμοι

459 1980 592 2064 ἔξωέ
610 1997 720 2051 Καὶ
747 1997 811 2048 σὺ
841 1994 988 2047 ἔνδον
1021 1992 1110 2045 ἔσο
1135 1991 1265 2062 περὶ
1288 1989 1389 2060 τὴν
1419 1985 1659 2056 νύμφην.
1690 1980 1852 2035 Ἀλλά
1886 1980 2045 2049 ἁγνὸς

459 2088 597 2156 μένε
627 2083 723 2138 ἑπί
748 2083 848 2154 τῆς
893 2081 1101 2144 οἰκίας·
1136 2079 1212 2150 μὴ
1241 2079 1561 2146 ἐκπόμπευε
1595 2074 1697 2143 τὴν
1727 2069 2043 2141 παρθενίαν.

463 2172 825 2244 Παρέστηκεν
876 2167 1139 2239 ἑκάτερος
1179 2167 1207 2216 ὀ
1253 2164 1434 2235 χορὸς,
1470 2163 1498 2215 6
1546 2161 1644 2231 μὲν
1685 2159 1803 2212 οίαν
1847 2157 2051 2242 διδόασι

466 2260 700 2322 δεικνὺς,
730 2257 759 2309 6
784 2255 841 2308 δὲ
872 2254 960 2308 ἵνα
986 2236 1191 2322 ταύτην
1222 2250 1560 2320 φυλάττωσι·
1586 2247 1638 2301 τί
1672 2236 2053 2315 καταισχύνεις

466 2346 567 2417 τὴν
600 2342 900 2415 παρθενίαν
921 2358 935 2407 ;
960 2342 1023 2393 Εἰ
1050 2340 1158 2409 γάρ
1193 2339 1258 2390 σὺ
1287 2335 1531 2406 τοιαύτη,
1562 2332 1787 2387 τοιαῦτα
1812 2330 2057 2402 καὶπερὶ

469 2433 688 2503 ἐκείνης
715 2434 743 2486 6
770 2428 1000 2500 νυμφίος
1031 2424 1393 2480 ὐποπτεύσει·
1422 2425 1469 2476 εἰ
1500 2422 1564 2474 σὺ
1599 2418 1828 2492 ἐρᾶσθαι
1858 2417 2054 2480 θέλεις,

471 2520 880 2582 παντοπώλιδος
930 2517 1023 2573 καί
1079 2511 1510 2586 λαχανοπώλιδος
1575 2510 1671 2563 καὶ
1725 2505 2057 2578 δημιουργοῦ

470 2610 663 2665 ταῦτα.
703 2609 818 2663 Οὐκ
864 2605 980 2659 ἔστι
1034 2602 1211 2656 ταῦτα
1257 2598 1523 2669 αἰσχύνη;
1556 2594 1798 2667 Αἰσχύνη
1849 2596 1967 2648 ἐστὶ
1999 2593 2061 2646 16

468 2698 824 2768 ἀσχημονεῖν,
864 2692 969 2746 κᾶν
991 2688 1254 2760 βασιλέως
1277 2680 1595 2759 θυγάτηρ
1610 2684 1699 2754 Μὴ
1716 2683 1826 2755 γὰρ
1845 2685 1880 2753 ἡ
1903 2680 2062 2735 πενία

475 2765 703 2850 κωλύεις
732 2782 808 2854 μὴ
832 2779 941 2851 γὰρ
966 2778 1027 2831 16
1054 2774 1421 2846 έπιτήδευμα;
1444 2772 1567 2826 Κᾶν
1587 2770 1748 2854 δούλη
1772 2765 1906 2843 τιςῇ
1928 2785 2065 2840 παρ-

473 2874 652 2936 θένος,
671 2849 1070 2938 ένσωφροσύνῃ
1089 2863 1325 2934 μενέτω·
1357 2861 1453 2913 Ἐν
1468 2858 1576 2931 γὰρ
1593 2849 1831 2928 ⁵Χριστῷ
1860 2855 2063 2925 Ἰησοῦ

476 2961 619 3014 οὔτε
645 2958 887 3022 δοῦλος,
908 2954 1045 3008 οὔτε
1066 2952 1403 3019 ἐλεύθερος.
1423 2947 1515 3018 Μὴ
1544 2947 1650 3019 γὰρ
1673 2945 1898 3015 θέατρόν
1920 2945 2066 2996 ἐστιν

482 3052 511 3101 ὀ
541 3049 745 3118 γάμος;
774 3042 1089 3116 Μυστήριόν
1134 3043 1272 3108 ἑστι,
1301 3039 1398 3093 καὶ
1436 3037 1604 3100 τύπος
1652 3034 1890 3106 μεγάλου
1921 3034 2065 3105 πρά-

483 3117 693 3206 γματος
712 3151 725 3164 ·
758 3132 860 3186 κᾶν
898 3129 1030 3183 αὐτὸ
1059 3127 1134 3201 μὴ
1161 3128 1305 3198 αἰδῇ,
1334 3124 1614 3193 αἰδέσθητι
1644 3117 1704 3177 οὐ
1724 3122 1892 3185 τύπος
1927 3120 2065 3174 ἐστί.

486 3225 562 3277 Τὸ
597 3218 935 3292 μυστήριον
977 3216 1175 3280 τοῦτο,
1212 3214 1366 3284 φησί,
1411 3212 1566 3282 μέγα
1607 3210 1813 3264 ἐστίν’·
1844 3208 1958 3278 ἐγὼ
2002 3206 2070 3260 δὲ

481 3312 638 3380 λέγω
692 3310 778 3374 εἰς
833 3306 1116 3375 Χριστὸν,
1143 3302 1240 3356 καί
1269 3303 1357 3367 εἰς
1390 3300 1506 3367 τὴν
1548 3297 1931 3365 Ἐκκλησίαν.
1960 3295 2071 3366 Τῆς

492 3396 824 3467 Ἔκκλησίας
853 3394 1025 3455 τύπος
1056 3392 1174 3445 ἐστί
1205 3392 1301 3445 καὶ
1328 3387 1422 3443 τοῦ
1454 3385 1716 3456 Χριστοῦ,
1744 3385 1839 3439 καὶ
1870 3384 2074 3454 πόρνας

489 3488 760 3554 εἰσάγεις;
781 3485 877 3536 Ἂν
900 3481 1108 3544 τοίνυν,
1138 3477 1293 3549 φησί,
1330 3476 1466 3546 μήτε
1496 3471 1753 3545 παρθένοι
1780 3470 2071 3543 ὀρχῶνται,

499 3550 637 3645 μήτε
657 3550 1066 3642 γεγαμημέναι,
1089 3568 1172 3631 τίς
1197 3566 1497 3638 ὀρχήσεται
1517 3580 1531 3628 ;
1550 3561 1755 3630 Μηδείς
1776 3576 1789 3590 ·
1818 3560 1944 3613 ποία
1966 3550 2074 3629 γὰρ

495 3663 777 3733 ὀρχήσεως
804 3660 1016 3727 ἀνάγκη
1038 3672 1052 3721 ;
1080 3656 1168 3707 Ἐν
1190 3656 1303 3716 τοῖς
1321 3651 1430 3705 τῶν
1454 3649 1724 3720 Ἑλλήνων
1757 3645 2077 3718 μυστηρίοις

471 3804 476 3811 _
499 3732 556 3802 αἰ
584 3749 859 3819 ὀρχήσεις,
879 3747 935 3798 ἐν
962 3744 1021 3796 δὲ
1040 3744 1152 3805 τοῖς
1177 3739 1467 3811 ἡμετέροις
1502 3737 1630 3807 σιγὴ
1661 3735 1757 3788 καὶ
1783 3732 2072 3802 εὐκοσμία,

501 3837 666 3900 αἰδὼς
695 3835 789 3889 καί
814 3829 1143 3899 καταστολή.
1168 3828 1483 3898 Μυστήριον
1511 3823 1742 3878 τελεῖται
1776 3820 1946 3892 μέγα·
1973 3819 2077 3883 ἔξω

502 3929 558 3981 αἱ
591 3918 931 3994 πόρναι,ἔξω
952 3920 1001 3971 οἱ
1029 3915 1265 3988 βέϐηλοι.
1298 3914 1424 3977 Πῶς
1452 3910 1752 3984 μυστήριόν
1770 3911 1915 3974 ὲστι;
1948 3909 2079 3960 Συν-

501 4015 789 4085 έρχονται,
845 4006 938 4060 καὶ
979 4002 1224 4058 ποιοῦσιν
1265 4002 1316 4054 οί
1348 4000 1441 4053 δύο
1469 3999 1585 4054 ἕνα.
1623 3997 1724 4050 Διά
1749 3996 1825 4061 τί,
1865 3996 1951 4049 ὅτε
1982 3994 2080 4065 μὲν

498 4082 694 4171 εἰσῄει,
729 4096 830 4149 οὐκ
863 4093 1114 4163 ὄρχησις,
1144 4091 1206 4144 οὐ
1236 4088 1518 4160 κύμϐαλα,
1552 4086 1690 4141 ἀλλὰ
1724 4082 1892 4154 πολλὴ
1932 4082 2078 4152 σιγὴ,

499 4170 671 4258 πολλὴ
699 4183 926 4256 ἡσυχία·
957 4182 1085 4234 ὅταν
1113 4179 1169 4232 δὲ
1204 4177 1478 4244 συνίωσιν,
1510 4177 1611 4230 οὐκ
1640 4174 1825 4228 εἰκόνα
1854 4170 2079 4241 ἄψυχον,

499 4277 620 4351 οὐδὲ
650 4273 834 4329 εἰκόνα
875 4270 1020 4332 τινὸς
1045 4268 1154 4323 τῶν
1185 4266 1279 4319 ἐπὶ
1308 4264 1435 4335 γῆς,
1464 4264 1578 4318 ἀλλ’
1617 4259 1779 4317 αὐτοῦ
1808 4258 2084 4319 ποιοῦντες

503 4350 597 4418 τοῦ
632 4362 790 4425 Θεοῦ,
816 4359 1073 4413 τοσοῦτον
1118 4354 1437 4421 ἐπεισάγεις
1475 4350 1724 4423 θόρυϐον,
1757 4348 1851 4403 καὶ
1887 4344 2088 4416 ταράτ-

506 4469 620 4515 τεις
642 4452 768 4514 τούς
801 4449 960 4512 ὄντας
981 4460 1032 4514 ι,
1060 4446 1156 4499 καὶ
1192 4443 1471 4514 αἰσχύνεις
1498 4441 1600 4512 τὴν
1643 4437 1843 4509 ψυχὴν,
1870 4434 1965 4489 καὶ
1996 4434 2086 4487 θο-

512 4538 723 4610 ρυϐεῖς;
750 4537 1042 4608 Ἔρχονται
1072 4533 1130 4586 ἓν
1154 4531 1313 4603 σῶμα
1345 4529 1722 4600 γενησόμενοι.
1759 4522 1891 4576 ’1δού
1926 4521 2087 4575 πάλιν

509 4609 732 4696 ἀγάπης
769 4626 1083 4697 μυστήριον.
1121 4623 1219 4675 Ἂν
1245 4622 1294 4673 οἱ
1333 4617 1426 4671 δύο
1457 4617 1532 4687 μὴ
1577 4615 1842 4684 γένωνται
1882 4609 1960 4675 ἐν,
1987 4610 2089 4663 οὐκ

510 4714 834 4786 ἐργάζονται
864 4711 1113 4774 πολλοὺς,
1138 4708 1243 4771 έως
1273 4704 1339 4760 ἂν
1366 4704 1460 4757 δύο
1494 4702 1725 4774 μένωσιν
1741 4715 1755 4728 ·
1777 4699 1905 4752 ὅταν
1931 4697 1988 4751 δὲ
2009 4698 2088 4759 εἰς

510 4781 736 4871 ἑνότητα
766 4799 982 4861 ἔλθωσι,
1005 4796 1130 4850 τότε
1161 4793 1505 4865 ἐργάζονται.
1523 4789 1588 4842 Τί
1615 4786 1956 4858 μανθάνομεν
1982 4781 2091 4838 ἀπὸ

508 4894 729 4957 τούτους
763 4889 888 4942 Ὅτι
923 4885 1095 4956 πολλὴ
1123 4885 1221 4955 τῆς
1250 4881 1497 4943 ἑνώσεως
1538 4880 1573 4949 ἡ
1605 4875 1776 4947 ἰσχύς.
1811 4874 1884 4927 Τὸ
1917 4873 2090 4942 εὐμή-

510 4996 672 5050 χανον
695 4975 790 5031 τοῦ
819 4972 955 5030 Θεοῦ
978 4973 1069 5026 τὸν
1091 4971 1188 5025 ἕνα
1217 4972 1297 5034 εἰς
1317 4967 1411 5021 δύο
1426 4965 1585 5021 διεῖλε
1603 4964 1754 5035 παρὰ
1767 4963 1866 5033 τὴν
1892 4960 2087 5032 ἀρχὴν,

508 5045 601 5120 καὶ
628 5065 799 5119 θέλων
819 5062 990 5126 δεῖξαι
1005 5061 1086 5114 ὅτι
1112 5059 1247 5130 μετὰ
1271 5059 1330 5112 16
1343 5054 1686 5127 διαιρεθῆναι
1704 5053 1796 5106 καὶ
1811 5045 1892 5114 εἷς
1918 5048 2090 5119 μένει,

509 5155 609 5208 οὐκ
637 5154 850 5223 ἀφῆκεν
878 5150 978 5204 Eva
1012 5148 1203 5218 ἀρκεῖν
1237 5146 1374 5217 1:96;
1422 5143 1518 5214 τὴν
1548 5143 1822 5212 γέννησιν.
1873 5138 1948 5190 Οὐ
1984 5134 2094 5204 γὰρ

511 5243 659 5293 ἐστιν
691 5234 770 5302 εἷς
801 5234 879 5310 [ὀ]
901 5235 1135 5297 οὐδέπω,
1167 5232 1282 5286 ἀλλ’
1311 5233 1480 5302 ἥμισυ
1503 5229 1597 5284 τοῦ
1627 5228 1765 5291 ἑνός·
1793 5225 1884 5310 κα).
1914 5223 2092 5296 δῆλον,

509 5330 592 5381 ὅτι
626 5326 687 5379 οὐ
718 5307 1048 5387 παίδοποιεῖ,
1076 5320 1331 5390 καθάπερ
1361 5320 1457 5373 καί
1487 5317 1773 5391 πρότερον.
1813 5307 1968 5374 Εἶδες
1999 5307 2094 5362 τοῦ

513 5417 695 5483 γάμου
717 5412 778 5464 16
808 5411 1133 5481 μυστήριον;
1161 5408 1446 5478 Ἐποίησεν
1470 5406 1529 5470 ἐξ
1549 5404 1664 5467 ἑνὸς
1688 5404 1802 5466 ἕνα,
1821 5400 1914 5454 καὶ
1935 5397 2097 5450 πάλιν

516 5504 644 5563 τοὺς
675 5497 770 5550 δύο
796 5496 1019 5558 τούτους
1049 5494 1146 5549 ἕνα
1178 5495 1416 5565 ποιήσας
1458 5491 1603 5547 οὓτω
1631 5492 1776 5543 ποιεῖ
1802 5488 1927 5539 ένα·
1958 5484 2099 5537 ὥστε

517 5588 612 5644 καὶ
656 5584 752 5638 νῦν
793 5584 854 5649 ἑξ
901 5583 1019 5646 ἐνὸς
1045 5582 1287 5637 τίκτεται
1318 5581 1621 5652 ἄνθρωπος.
1655 5576 1799 5645 Γυνὴ
1838 5574 1948 5644 γὰρ
2004 5570 2100 5623 καὶ

592 5729 610 5749 ⁸
635 5724 825 5776 Βυοεεο
848 5721 1114 5785 legendum
1138 5720 1334 5771 videtur
1359 5718 1467 5774 τοὺς
1487 5715 1730 5769 συνόντας.

1305 290 1376 348 ιΝ
1416 287 1637 348 EPIST.
1662 288 1754 343 AD
1792 286 2082 347 COLOSS.
2112 288 2271 346 CAP.
2311 283 2404 344 Ν.
2432 283 2669 343 IIOMIL.
2709 280 2827 340 XII.

3603 274 3708 335 588

2128 402 2271 476 ἀνὴρ
2301 403 2403 456 οὐκ
2439 401 2580 457 εἰσὶν
2613 399 2893 470 ἄνθρωποι
2938 394 3052 459 δύο,
3104 391 3221 448 ἀλλ’
3271 388 3557 461 ἄνθρωπος
3592 384 3709 476 εἷς·

2128 490 2430 562 xa‘:1:a96v
2464 489 2559 543 καί⁵
2608 484 2938 556 πολλαχόθεν
2987 482 3118 538 αὐτὸ
3167 476 3568 541 πιστώσασθαι,
3598 469 3711 528 οἷον

2128 579 2236 635 ἀπὸ
2285 579 2378 633 τοῦ
2421 576 2702 639 Ἰακώϐου,
2734 574 2844 629 ἀπὸ
2881 574 2979 644 τῆς
3005 571 3224 643 Μαρίας
3257 569 3355 638 τῆς
3384 564 3588 637 μητρὸς
3617 562 3712 617 τοῦ

2128 665 2388 738 Χριστοῦ,
2402 664 2510 718 άπὸ
2528 662 2624 717 τοῦ
2650 662 2853 731 λέγειν·
2874 661 3100 730 Ἀρσεν
3120 658 3218 712 καὶ
3236 655 3393 725 θῆλυ
3422 653 3718 720 ἐποίησεν

2129 756 2371 817 αὐτούς.
2396 754 2459 806 Εἰ
2490 753 2519 805 6
2557 751 2656 820 μὲν
2687 748 2920 820 κεφαλὴ,
2945 751 2979 819 ή
3011 748 3068 802 δέ
3100 747 3279 816 σῶμα,
3312 743 3429 806 πῶς
3463 741 3589 806 δύος
3619 739 3717 792 Διά

2130 843 2290 897 τοῦτο
2317 844 2350 912 ὴ
2392 840 2492 911 μὲν
2527 836 2794 911 μαθητοῦ,
2823 840 2851 892 ὁ
2878 838 2936 891 6‘5
2964 835 3287 891 διδασκάλου
3318 832 3472 898 τάξιν
3497 829 3683 899 ἐπέχει
3703 842 3714 852 ·

2131 935 2160 987 6
2193 932 2291 1003 μὲν
2337 931 2618 1000 ἄρχοντος,
2646 928 2680 999 ἡ
2710 926 2768 980 δὲ
2798 925 3130 997 ἀρχομένης.
3162 923 3274 978 Καὶ
3305 921 3400 975 ἀπ’
3449 919 3621 988 αὐτῆς
3661 914 3708 967 δέ

2132 1022 2232 1092 τῆς
2258 1018 2353 1074 τοῦ
2377 1018 2626 1090 σώματος
2655 1016 2996 1079 διαπλάσεως
3016 1015 3118 1069 ῖδοι
3138 1030 3221 1077 τις
3241 1012 3328 1076 ἀν,
3345 1010 3426 1083 ὅτι
3445 1009 3503 1062 ἐν
3543 1006 3706 1060 εἰσιν·

2135 1091 2244 1164 ἀπὸ
2268 1108 2377 1178 γὰρ
2404 1106 2502 1177 τῆς
2541 1103 2691 1176 [4‘20]
2730 1104 2971 1175 πλευρᾶς
3001 1102 3212 1170 γέγονε,
3239 1098 3335 1153 καί⁸
3364 1096 3550 1168 ῶσπερ
3584 1091 3700 1163 ἡμί-

2137 1213 2280 1265 τομα
2316 1194 2410 1249 δύο
2438 1192 2566 1248 εἰσί.
2589 1193 2687 1247 Διά
2710 1190 2868 1245 τοῦτο
2897 1189 2992 1243 καὶ
3020 1187 3213 1259 βοηθὸν
3248 1185 3425 1249 καλεῖ,
3459 1183 3548 1236 ἵνα
3569 1180 3722 1250 δείξῃ

2136 1285 2220 1339 ὅτι
2245 1283 2304 1337 ἑν
2326 1284 2468 1336 εἰσι·
2500 1281 2590 1334 διὰ
2614 1278 2772 1334 τοῦτο
2792 1278 2886 1334 καὶ
2916 1275 3123 1347 πατρὸς
3145 1274 3239 1328 καί
3258 1270 3464 1344 μητρὸς
3480 1267 3724 1339 προτιμᾷ

2138 1377 2237 1445 τὴν
2272 1372 2607 1442 συνοίκησιν,
2637 1368 2727 1424 ἵνα
2755 1367 2906 1440 δείξῃ
2942 1366 3022 1427 ὅτι
3052 1363 3109 1417 ἑν
3142 1362 3271 1437 εἰσι.
3321 1359 3433 1414 Καὶ
3482 1358 3512 1410 6
3541 1356 3724 1426 πατὴρ

2140 1442 2341 1533 ὁμοίως
2370 1459 2552 1532 χαίρει
2582 1458 2676 1512 καὶ
2708 1453 2977 1526 θυγατρὸς
3017 1450 3112 1506 καὶ
3136 1447 3254 1503 υίοῦ
3282 1446 3627 1518 γαμούντων,
3649 1442 3726 1506 ὡς

2141 1529 2281 1620 πρὸς
2325 1529 2523 1602 οἰκεῖον
2570 1544 2729 1616 μέλος
2773 1538 3134 1610 ἐπειγομένου
3172 1535 3268 1590 τοῦ
3319 1532 3605 1605 σώματος·
3631 1529 3728 1584 καὶ

2139 1635 2378 1705 τοσαύτη
2415 1632 2628 1703 δαπάνη
2662 1631 2870 1699 γίνεται
2913 1627 3010 1681 καὶ
3056 1624 3358 1698 χρημάτων
3406 1620 3727 1683 ἐλάττωσις,

2143 1724 2240 1778 καὶ
2286 1723 2437 1793 ὅμως
2483 1720 2585 1773 οὐκ
2634 1717 2888 1789 ἀνέχεται
2934 1715 3148 1785 ἄγαμον
3202 1711 3485 1784 περιορᾷν.
3518 1708 3731 1775 ’Ὠσπερ

2146 1814 2256 1883 γὰρ
2306 1792 2716 1879 άπεσχισμένης
2754 1806 2892 1876 αὐτῇ
2940 1803 3040 1874 τῆς
3089 1800 3313 1871 σαρκὸς,
3349 1794 3543 1867 ἀτελὴς
3595 1792 3732 1864 πρὸς

2149 1880 2495 1954 παιδοποιίαν
2525 1893 2805 1964 ἑκάτερος,
2836 1890 3034 1961 ἀτελής
3064 1890 3182 1941 ἐστι
3216 1887 3351 1959 πρὸς
3381 1884 3496 1955 βίου
3531 1880 3731 1935 σύστα-

2153 2003 2235 2040 σιν
2257 1985 2350 2038 τοῦ
2383 1984 2648 2053 παρόντος
2676 1979 2958 2048 ἑκάτερος.
2977 1974 3076 2029 Διά
3098 1973 3258 2028 τοῦτο
3282 1970 3374 2025 καὶ
3397 1972 3425 2023 6
3446 1966 3733 2039 προφήτης

2151 2073 2337 2145 φησίν·
2369 2051 2738 2138 ’Υπόλειμμα
2787 2064 3128 2136 πνεύματός
3178 2075 3315 2114 σου.
3349 2056 3474 2120 Πῶς
3534 2054 3592 2108 δὲ
3640 2051 3735 2107 καὶ

2151 2140 2394 2231 γίνονται
2439 2159 2519 2222 εἰς
2570 2156 2752 2226 σάρκα
2805 2153 2966 2224 μίαν;
3000 2148 3267 2217 Καθάπερ
3298 2142 3501 2216 χρυσοῦ
3539 2140 3600 2195 16
3636 2157 3735 2194 κα-

2155 2226 2466 2320 θαρώτατον
2517 2243 2583 2298 ἂν
2616 2242 2821 2315 ἀφέλῃς
2852 2239 2947 2294 καὶ
2993 2237 3169 2308 ἑτέρῳ
3215 2232 3487 2303 ἀναμίξῃς
3526 2226 3735 2299 χρυσῷ,

2154 2336 2297 2393 οὐτω
2326 2335 2391 2407 δὴ
2433 2332 2526 2388 καὶ
2567 2329 2825 2394 ἐνταῦθα,
2855 2327 2917 2381 16
2966 2326 3223 2380 πιότατον
3271 2323 3367 2390 τῆς
3394 2320 3588 2390 ἡδονῆς
3628 2334 3740 2387 χω·-

2157 2405 2418 2495 νευούσης
2466 2424 2500 2493 ή
2534 2423 2672 2494 γυνὴ
2721 2416 2989 2489 δεχομένη
3024 2415 3213 2485 τρέφει
3263 2412 3358 2465 καὶ
3396 2407 3612 2471 θάλπει,
3646 2405 3742 2458 καὶ

2157 2515 2224 2567 τά
2258 2514 2389 2583 παρ’
2431 2510 2631 2579 ἑαυτῆς
2660 2503 3186 2574 συνεισενεγκαμένη
3226 2499 3395 2571 ἄνδρα
3427 2494 3741 2550 ἀποδίδωσι.

2159 2603 2271 2657 Καὶ
2299 2580 2515 2670 γέφυρά
2538 2596 2621 2661 τίς
2653 2597 2770 2649 ἑστι
2803 2595 2865 2647 τὸ
2893 2592 3125 2647 παιδίον.
3161 2590 3323 2644 Ὥστε
3353 2586 3404 2638 οἱ
3430 2585 3579 2654 τρεῖς
3608 2580 3744 2652 σὰρξ

2160 2696 2398 2765 γίνονται
2430 2692 2550 2762 μία,
2579 2689 2675 2742 τοῦ
2707 2684 2894 2747 παιδὸς
2935 2677 3274 2765 ἑκατέρωθεν
3300 2672 3595 2765 ἑκατέρους
3623 2685 3747 2765 συνῖ

2164 2754 2450 2842 άπτοντοςξ
2485 2778 2699 2845 ’Ὠσπερ
2741 2772 2851 2843 γάρ
2910 2772 2959 2822 εἰ
3009 2767 3102 2821 δύο
3147 2764 3357 2818 πόλεων
3405 2757 3601 2822 οὐσῶν,
3649 2754 3748 2809 καὶ

2165 2866 2411 2939 ποταμοῦ
2449 2864 2621 2918 διόλου
2654 2858 3015 2931 διαιροῦντος,
3063 2853 3161 2924 μία
3198 2851 3409 2920 γίνεται
3444 2847 3619 2913 πόλις,
3651 2860 3747 2911 γε·

2166 2932 2343 3031 φύραέ.⁹
2375 2954 2714 3027 ἑκατέρωθεν
2745 2946 3056 3017 ἁπτομένης
3079 2960 3092 2972 ·
3115 2940 3288 3004 οὕτως
3320 2938 3468 2992 ἐστὶν
3492 2932 3745 3031 ἐνταῦθα,

2165 3019 2261 3101 καί
2312 3045 2507 3098 πλέον·
2545 3019 2685 3109 αὐτὴ
2730 3035 2842 3105 γὰρ
2883 3031 3163 3103 ήγέφυρα
3215 3028 3280 3080 ἐκ
3323 3024 3424 3091 τῆς
3474 3019 3749 3109 ἑκατέρων

2166 3134 2374 3196 οὐσίας.
2408 3131 2518 3184 Καὶ
2559 3127 2636 3197 τῷ
2672 3106 2829 3193 ’λόγῳ
2876 3121 3050 3186 τούτῳ
3084 3117 3143 3169 ἓν
3178 3116 3339 3175 εἰσιν,
3372 3110 3447 3172 ὠς
3491 3110 3550 3160 16
3589 3106 3751 3175 σῶμα

2168 3224 2261 3275 καί
2291 3215 2502 3287 κεφαλὴ
2537 3196 2618 3267 ἓν
2641 3211 2802 3279 σῶμα
2822 3226 2834 3238 ·
2864 3205 2942 3275 τῷ
2974 3205 3083 3274 γάρ
3131 3199 3385 3272 τραχήλῳ
3422 3196 3744 3267 διαιρεῖται·

2170 3311 2285 3366 ἀλλ’
2315 3282 2382 3360 οὐ.
2417 3282 2751 3373 διαιροῦνται
2776 3297 2805 3336 ιι
2837 3294 3056 3365 μᾶλλον,
3091 3290 3124 3360 ἢ
3159 3287 3551 3341 συνάπτονται·
3589 3282 3752 3351 μέσος

2170 3399 2281 3469 γὰρ
2297 3395 2371 3447 ῶν
2383 3390 2678 3461 ἑκατέρους
2700 3383 2922 3451 συνάγει
2943 3397 2956 3409 ·
2981 3379 3074 3434 καὶ
3099 3376 3293 3430 ταυτὸν
3313 3374 3545 3441 γίνεται,
3564 3369 3753 3440 ὥσπερ

2173 3459 2319 3540 ἀνέἰ
2372 3477 2532 3551 χορὸς
2556 3459 2973 3540 ίδιεσπασμένος
3017 3466 3079 3519 τὸ
3130 3464 3228 3537 μὲν
3258 3463 3315 3516 ἒν
3364 3459 3529 3514 αὐτοῦ
3590 3459 3752 3529 μέρος

2175 3545 2452 3627 ἐντεῦθεν
2479 3562 2680 3627 λαϐὼν,
2731 3558 2792 3612 τὸ
2837 3558 2893 3611 δὲ
2938 3556 3123 3626 ἕτερον
3173 3553 3239 3605 ἐκ
3285 3549 3385 3620 τῆς
3426 3546 3628 3611 δεξιᾶς,
3657 3545 3755 3597 ἕνα

2176 3662 2454 3732 ποιήσειεν
2474 3672 2486 3686 ·
2515 3656 2548 3727 ἢ
2578 3654 2766 3722 ὥσπερ
2794 3650 2842 3702 οἱ
2895 3642 3315 3713 συνεσταλμένοι
3348 3632 3497 3692 οῦτοι
3533 3635 3628 3689 καὶ
3656 3632 3756 3695 τὰς

2175 3723 2363 3823 χεῖρας
2397 3723 2730 3803 ἐκτείνοντες
2762 3737 2820 3791 ἓν
2873 3735 3143 3804 γίνονται·
3182 3730 3239 3783 αἱ
3285 3730 3408 3823 γὰρ.
3433 3728 3617 3821 χεῖρες
3666 3723 3758 3775 ἐκ-

2176 3809 2446 3899 ταθεῖσαι,
2478 3832 2579 3886 οὐκ
2613 3827 2838 3896 ἀφιᾶσιν
2867 3820 3010 3876 εἶναι
3039 3819 3151 3872 δύο.
3187 3816 3285 3870 Διά
3317 3813 3476 3868 τοῦτο
3503 3810 3634 3881 γοῦν
3665 3809 3761 3862 καὶ

2180 3922 2424 3996 ἀκριϐῶς
2456 3914 2631 3979 εἶπεν,
2663 3914 2786 3977 οὐκ,
2835 3906 3090 3962 Ἔσονται
3145 3904 3246 3974 μία
3295 3901 3454 3973 σὰρξ,
3489 3899 3625 3963 ἀλλ’,
3659 3899 3760 3961 Εἰς

2182 3986 2381 4081 σάρκα
2408 4009 2576 4079 μίαν,
2605 4003 2704 4072 τὴν
2730 3998 2825 4052 τοῦ
2849 3995 3040 4057 παιδὸς
3071 3991 3468 4061 συναπτόμενοι
3494 3986 3760 4057 δηλονότι.

2182 4072 2409 4162 Τίνοῦν,
2452 4095 2579 4147 ὅταν
2635 4086 2848 4141 παιδίον
2883 4083 2960 4154 μὴ
2991 4077 3048 4154 ᾗ,
3083 4081 3184 4133 οὐκ
3229 4078 3444 4130 ἔσονται
3487 4074 3581 4126 δύο
3610 4084 3633 4113 ε
3668 4072 3765 4125 καὶ

2183 4189 2335 4251 τότε;
2368 4182 2603 4250 Εὔδηλον
2625 4194 2637 4208 ·
2671 4178 2705 4246 ἡ
2743 4173 2886 4244 μίξις
2930 4170 3040 4239 γὰρ
3082 4166 3241 4219 τοῦτο
3290 4163 3602 4251 ἐργάζεται,
3632 4162 3766 4214 ἀνα-

2185 4248 2355 4348 χέασα
2406 4248 2510 4323 καί
2535 4262 2848 4347 ἀναμίξασα
2891 4254 3216 4329 ἀμφοτέρων
3258 4253 3327 4305 τά
3374 4250 3618 4321 σώματα.
3655 4248 3766 4302 Καὶ

2186 4336 2374 4430 ῶσπερ
2421 4358 2500 4420 είς
2547 4342 2727 4406 ἔλαιον
2760 4347 2932 4419 μύρον
2962 4339 3237 4415 ἐμϐαλὼν,
3270 4338 3332 4392 16
3362 4339 3470 4391 πᾶν
3513 4336 3768 4407 ἐποίησεν

2187 4448 2267 4515 ἓν,
2291 4443 2435 4499 οὕτω
2461 4440 2526 4511 δὴ
2558 4438 2652 4491 καλ⁸
2677 4433 2930 4490 ἐνταῦθα.

2261 4539 2334 4598 ς’,
2350 4526 2479 4581 Οἶδα
2497 4529 2578 4580 ὅτι
2603 4522 2787 4578 πολλοὶ
2817 4520 3160 4592 αἰσχύνονται
3182 4516 3294 4580 τοῖς
3314 4513 3647 4584 λεγομένοις·
3678 4512 3771 4564 καὶ

2190 4622 2379 4677 τούτου
2411 4619 2579 4671 αἴτιον
2613 4616 2647 4686 ή
2684 4612 2943 4681 ἀσέλγεια
2988 4609 3079 4663 καὶ
3118 4610 3152 4679 ἡ
3203 4604 3491 4660 ἀκολασία.
3526 4602 3597 4655 T6
3630 4600 3772 4654 οὕτω

2158 4711 2316 4791 Ἀτούς
2359 4708 2570 4776 γάμους
2602 4701 2868 4771 γίνεσθαι,
2898 4699 2960 4752 τὸ
3010 4693 3502 4767 παραφθείρεσθαι,
3530 4690 3591 4742 τδ
3627 4689 3773 4760 πρᾶ-

2192 4815 2312 4870 γμα
2341 4793 2618 4849 διέϐαλεν·
2666 4790 2788 4844 ἐπεὶ
2836 4788 3033 4856 Τίμιος
3077 4788 3109 4839 ὁ
3143 4782 3349 4853 γάμος,
3387 4779 3486 4833 καὶ
3516 4778 3554 4846 ὴ
3602 4776 3772 4845 κοίτη

2193 4864 2502 4957 ἀμίαντος,
2522 4880 2591 4933 Τί
2619 4879 2855 4950 αἰσχύνῃ
2876 4875 2956 4946 τῷ
2982 4872 3183 4944 τιμίῳ;
3210 4872 3264 4923 τί
3293 4868 3550 4941 ἐρυθριᾷς
3574 4867 3664 4919 ὲπί
3695 4864 3775 4933 τῷ

2194 4972 2480 5045 ἀμιάντῳ;
2525 4966 2711 5020 Ταῦτα
2760 4961 3053 5035 αἱρετικῶν
3105 4961 3244 5022 ἐστι,
3300 4956 3474 5009 ταῦτα
3517 4952 3629 5006 τῶν
3677 4952 3777 5014 τὰς

2196 5061 2400 5131 πόρνας
2420 5054 2844 5122 ἐπεισαγόντων.
2868 5048 2967 5102 Διά
2985 5047 3145 5101 τοῦτο
3169 5044 3331 5098 αὐτὸν
3352 5038 3777 5110 ἑκκαθαίρεσθαι

2200 5128 2483 5218 βούλομαι,
2503 5142 2642 5196 ὥστε
2667 5141 2759 5193 ἐπὶ
2788 5139 2886 5210 τὴν
2914 5136 3121 5191 οἰκείαν
3151 5132 3432 5200 εὐγένειαν
3459 5128 3776 5196 ἀναγαγεῖν,

2199 5215 2338 5288 ῶστε
2364 5215 2478 5285 τῶν
2508 5227 2795 5300 αἱρετικῶν
2813 5222 3090 5295 ἐμφράξαι
3107 5222 3175 5273 τὰ
3196 5219 3461 5289 στόματα.
3489 5215 3779 5285 ’Ὑϐρισται

2198 5322 2259 5376 16
2284 5320 2378 5374 τοῦ
2406 5318 2541 5372 Θεοῦ
2572 5316 2762 5386 δῶρον,
2805 5315 2839 5382 ἡ
2871 5309 2995 5382 ῥίζα
3026 5309 3128 5379 τῆς
3168 5309 3441 5378 ἡμετέρας
3479 5304 3777 5374 γενέσεως·

2267 5458 2295 5497 b
2328 5455 2464 5504 Unus
2486 5453 2662 5501 cod.o.t
2693 5463 2846 5510 marg.
2874 5445 3047 5504 εικῆ,
3085 5446 3135 5494 ἕν
3156 5446 3294 5510 εἰσιν,
3332 5446 3397 5499 ὡς
3433 5439 3519 5510 τοῦ
3559 5441 3781 5510 σῴμφτος

2200 5502 2357 5567 πάντα
2371 5502 2431 5563 τά
2458 5517 2573 5575 μέλη
2603 5502 3078 5575 συναρμόλογούμενα
3096 5508 3212 5575 πρὸς
3231 5508 3317 5575 τὴν
3341 5506 3568 5575 κεφαλήν,
3592 5504 3639 5574 ἐν
3658 5502 3782 5575 γίνεο

2201 5598 2281 5629 ται
2306 5564 2468 5637 σῶμα,
2491 5576 2530 5624 εἰ
2554 5574 2635 5623 καὶ
2654 5564 2973 5636 τῷ’τραχῆλῴ
2995 5564 3239 5632 διαιρεῖται
3278 5564 3474 5616 ἐνταῦθα
3501 5566 3548 5612 δὲ
3576 5564 3630 5611 οὐ
3662 5565 3784 5610 διαι-

2216 5656 2413 5688 ;ουνται.

2204 5661 2413 5704 ρουνται-

2271 5703 2293 5732 ε
2320 5697 2607 5762 Legendum
2629 5696 2826 5746 videtur
2848 5696 2912 5751 εἷς
2935 5698 2979 5742 οἱ
2999 5694 3099 5742 δύο.
