4026 6148
363 349 472 408 389

361 461 536 536 πολλὴ
560 462 826 534 γὰρ’περὶ
850 461 950 533 τὴν
979 460 1136 534 ῥίζαν
1164 465 1196 534 ἡ
1236 464 1442 535 κόπρος
1476 465 1571 518 καὶ
1609 465 1636 517 6
1669 461 1951 533 βόρϐορος.

362 550 569 605 Τοῦτον
601 544 695 603 οὖν
721 549 1120 619 ἐκκαθάρωμεν
1153 548 1232 619 τῷ
1256 550 1421 621 λόγῳ.
1461 548 1748 620 ’Δνέχεσθε
1776 549 1956 601 τοίνυν

363 639 561 711 μικρὸν
589 638 710 690 ἐπεὶ
742 637 836 690 καὶ
873 637 902 689 6
945 636 1205 707 βόρϐορον
1252 639 1502 708 κατέχων
1549 637 1814 700 δυσωδίας
1854 637 1953 688 ἁν-

358 727 568 796 έχεται.
597 723 869 794 Βούλομαι
897 722 1061 787 δεῖξαι
1087 724 1168 777 ὅτι
1197 726 1258 779 ού
1289 727 1394 796 χρὴ
1424 725 1518 778 ἐπὶ
1533 725 1742 790 τούτοις
1762 724 1956 794 αἰσχύ-

356 813 563 878 νεσθαι,
583 811 736 885 [421]
764 811 898 866 ἀλλά
919 811 1130 876 τούτοις
1145 808 1226 877 οἷς
1252 818 1483 868 ποιεῖτε·
1511 815 1573 868 σὺ
1600 815 1657 867 δὲ
1702 815 1788 868 ἐπ’
1811 813 1956 867 ἐκεί-

293 924 295 926 ·
356 919 468 964 νοις
505 899 854 971 αἰσχύνεσθαι
906 901 1084 970 ἀφεὶς,
1100 902 1311 966 τούτοις
1340 902 1571 974 αἰσχύνῃ
1591 919 1604 932 ·
1630 902 1825 956 οὐκοῦν
1855 902 1952 955 τοῦ

347 987 488 1040 -Θεοῦ
511 987 943 1056 καταγινώσκεις
959 988 1052 1040 τοῦ
1082 987 1224 1042 οὕτω
1253 988 1632 1051 θεσπίσαντος.
1654 989 1809 1044 Εῐπω
1834 991 1952 1054 πῶς

353 1077 446 1129 καὶ
480 1078 778 1148 μυστήριον
804 1077 903 1147 τῆς
929 1076 1256 1148 Ἐκκλησίας
1279 1077 1449 1132 ἐστίν·
1487 1077 1544 1132 '0
1564 1078 1794 1150 Χριστὸς
1819 1073 1950 1149 ἦλθε

350 1165 491 1232 πρὸς
519 1165 618 1234 τὴν
661 1164 1012 1235 Ἐκκλησίαν,
1035 1166 1127 1217 καὶ
1158 1164 1220 1228 ἐξ
1245 1165 1418 1234 αὐτῆς
1443 1165 1659 1233 γέγονε,
1688 1165 1782 1218 καί
1811 1166 1947 1237 αὐτῇ

355 1251 672 1322 συνεισῆλθε
697 1264 723 1292 α
751 1253 1008 1324 συνουσίᾳ
1030 1255 1401 1323 πνευματικῇ.
1429 1252 1819 1322 Ἠρμοονάμην
1839 1255 1948 1322 γὰρ

351 1335 531 1404 ὑμᾶς,
551 1338 735 1408 φησὶν,
758 1338 847 1391 ἐνί
877 1339 1048 1407 ἀνδρί
1079 1339 1384 1407 παρθένον
1415 1338 1629 1408 ἁγνήν.
1655 1339 1782 1392 Ὀτι
1811 1340 1866 1391 δὲ
1889 1339 1947 1407 ἐξ

347 1423 519 1475 αὐτοῦ
545 1425 733 1494 ἐσμεν,
753 1424 918 1478 ἄκουε
937 1426 1054 1489 πῶς
1078 1443 1242 1497 φησιν
1259 1443 1272 1456 ·
1307 1427 1402 1481 Ἐκ
1431 1426 1540 1478 τῶν
1559 1427 1736 1496 μελῶν
1757 1427 1944 1490 αὑτοῦ,

351 1508 450 1563 καὶ
487 1512 552 1563 ἐκ
583 1509 686 1581 τῆς
731 1513 935 1584 σαρκὸς
988 1513 1156 1566 αὐτοῦ
1195 1514 1400 1577 πάντες
1429 1515 1615 1584 ἡμεῖς.
1658 1512 1844 1566 Ταῦτα
1880 1514 1944 1586 δή

243 1595 248 1600 “
352 1595 531 1650 πάντα
559 1598 888 1664 ἐννοοῦντες,
927 1600 1002 1672 μὴ
1026 1602 1373 1672 αἰσχύνωμεν
1397 1602 1458 1655 16
1487 1601 1806 1672 τηλικοῦτον
1843 1620 1946 1672 μυ-

354 1686 596 1757 στήριον.
632 1687 814 1751 Τύπος
858 1689 959 1760 τῆς
1002 1690 1096 1743 τοῦ
1126 1689 1366 1760 Χριστοῦ
1398 1691 1704 1761 παρουσίας
1743 1691 1888 1744 ἐστὶν
1917 1693 1944 1744 6

350 1773 551 1842 γάμος,
579 1775 643 1826 σὺ
675 1774 730 1827 δὲ
758 1773 1016 1842 μεθύεις;
1049 1778 1185 1831 Εἰπέ
1219 1795 1330 1848 μοι,
1377 1779 1426 1831 εί
1456 1777 1641 1831 εἰκόνα
1677 1777 1816 1842 εἶδες
1847 1778 1942 1832 τοῦ

353 1859 638 1930 βασιλέως,
682 1856 792 1931 ἆρα
823 1862 889 1914 ἂν
924 1864 1096 1934 αὐτὴν
1142 1865 1410 1935 ᾔσχυνες;
1444 1865 1731 1936 Οὐδαμῶς.
1787 1869 1946 1920 Δοκεῖ

366 1949 466 2017 μὲν
495 1945 588 2002 οῦν
615 1950 889 2022 ἀδιάφορα
917 1947 1059 2004 εἰναι
1091 1954 1159 2006 τὰ
1186 1969 1253 2005 πε
1263 1955 1317 2024 ρὶ
1343 1953 1434 2006 τὸν
1455 1955 1634 2024 γάμον
1660 1955 1940 2026 γινόμενα,

349 2035 467 2088 ἐστι
519 2035 577 2087 δὲ
615 2037 868 2104 μεγάλων
907 2039 1056 2092 αἴτια
1105 2040 1311 2092 κακῶν.
1361 2041 1547 2094 Πάντα
1595 2045 1942 2112 παρανομίας

348 2121 527 2193 γέμει.
569 2125 908 2192 Αίσχρότης
947 2125 1046 2180 καί
1073 2128 1419 2197 μωρολογία
1443 2128 1541 2182 καί
1574 2130 1943 2197 εὐτραπελία

348 2210 430 2280 μὴ
473 2210 912 2280 ἐκπορευέσθω,
945 2215 1132 2285 φησὶν,
1175 2214 1244 2268 ἐκ
1279 2215 1385 2269 τοῦ
1414 2216 1714 2285 στόματος
1749 2217 1938 2287 ὑμῶν.

349 2301 534 2354 Πάντα
565 2301 622 2354 δὲ
657 2303 862 2366 ἐκεῖνα,
890 2304 1187 2376 αἰσχρότης
1233 2305 1330 2358 καὶ
1363 2305 1677 2377 μωρολογία
1709 2307 1804 2360 καὶ
1849 2308 1941 2360 εὐ-

347 2388 639 2460 τραπελία,
682 2391 784 2462 οὐχ
821 2391 1029 2456 ἁπλῶς,
1064 2393 1204 2446 6116
1235 2393 1376 2464 μετὰ
1411 2393 1746 2459 ἐπιτάσεως·
1777 2394 1938 2467 τέχνη

345 2476 458 2546 γὰρ
478 2477 541 2530 16
571 2479 808 2551 πρᾶγμά
831 2481 970 2544 ἐστι,
987 2479 1080 2533 καὶ
1111 2479 1365 2552 ἐγκώμια
1392 2483 1607 2552 μεγάλα.
1635 2485 1747 2546 τοῖς
1773 2483 1942 2552 αὐτὴν
1966 2514 1972 2520 -

353 2563 628 2634 μετιοῦσι·
653 2565 722 2619 τὰ
747 2569 1122 2639 ἁμαρτήματα
1151 2569 1315 2640 τέχνη
1343 2570 1588 2638 γέγονεν.
1615 2571 1728 2642 Οὐχ
1753 2570 1941 2634 ἁπλῶς

347 2651 492 2704 αύτά
539 2654 938 2724 μετερχόμεθα,
971 2655 1111 2708 ἀλλά
1146 2655 1287 2725 μετὰ
1332 2657 1592 2727 σπουδῆς,
1633 2657 1773 2726 μετὰ
1815 2659 1940 2710 ἐπι-

347 2741 594 2810 στήμης·
625 2743 720 2794 καί
753 2745 1057 2814 στρατηγεῖ
1089 2744 1276 2796 λοιπὸν
1305 2745 1335 2796 6
1359 2745 1608 2808 διάϐολος
1635 2745 1746 2799 τῶν
1775 2745 1941 2800 αὐτοῦ

344 2828 665 2897 ταγμάτων.
696 2829 873 2884 ’ὐπου
907 2829 1016 2898 γὰρ
1055 2829 1216 2900 μέθη,
1246 2829 1544 2884 ἀκολασία·
1567 2832 1700 2884 ὃπου
1723 2833 1943 2902 αἰσχρο‹

347 2910 527 2981 λογια,
562 2916 591 2967 6
614 2914 861 2980 διάϐολος
901 2915 1133 2983 πάρεστι
1161 2917 1232 2968 τά
1267 2919 1396 2987 παρ’
1428 2918 1621 2971 ἑαυτοῦ
1650 2919 1937 2989 εἰσφέρων.

349 2999 573 3064 Τούτοις
616 3000 970 3072 ἑστιώμενος,
1019 3004 1141 3056 εἰπέ
1187 3021 1297 3075 μοι,
1352 3005 1653 3077 μυστήριον
1702 3004 1939 3076 Χριστοῦ

347 3088 542 3153 τελεῖς,
571 3091 666 3142 καὶ
705 3089 796 3142 τὸν
837 3089 1083 3144 διάϐολον
1131 3091 1350 3158 καλεῖς;
1395 3093 1547 3163 Τάχα
1579 3109 1648 3163 με
1686 3092 1942 3163 φορτικὸν

349 3173 487 3230 εἰναι
517 3176 791 3246 νομίζετε.
815 3179 1044 3251 Καὶγάρ
1073 3181 1168 3232 καὶ
1182 3180 1342 3232 τοῦτο
1363 3179 1462 3248 τῆς
1483 3180 1816 3249 διαστροφῆς
1843 3181 1943 3250 τῆς

349 3264 572 3335 πολλῆς,
602 3264 684 3317 ὅτι
734 3265 830 3318 καὶ
876 3268 904 3320 6
937 3268 1229 3336 ἐπιτιμῶν,
1262 3268 1474 3336 γέλωτα
1517 3267 1832 3337 ὀφλισκάνει
1867 3267 1943 3330 ώς

354 3352 650 3422 αὐστηρός.
686 3354 802 3406 Οὐκ
834 3354 1064 3409 ἀκούετε
1106 3355 1322 3410 Παύλου
1361 3356 1632 3423 λέγοντος,
1661 3354 1791 3411 Πᾶν
1819 3355 1853 3407 ὅ
1889 3371 1944 3407 τι

350 3437 429 3491 ἂν
443 3438 673 3507 ποιῆτε,
691 3441 811 3495 εττε
827 3442 1080 3510 ἐσθίετε,
1099 3443 1220 3497 εἴτε
1247 3445 1474 3508 πίνετε,
1491 3443 1611 3497 εἴτε
1631 3461 1684 3496 τι
1699 3443 1940 3510 ποιεῖτε,

350 3525 547 3580 πάντα
567 3530 655 3593 εἰς
681 3529 869 3592 δόξαν
883 3531 1032 3584 Θεοῦ
1062 3535 1320 3595 «omits;
1355 3532 1543 3602 Ὑμεῖς
1565 3532 1619 3585 δέ
1644 3533 1722 3595 εἰς
1737 3532 1943 3604 δυσφη-

355 3614 484 3682 μίαν
517 3615 612 3666 καὶ
641 3615 879 3678 ἀδοξίαν.
907 3618 1023 3670 Οὐκ
1051 3618 1278 3670 ἀκούετε
1311 3618 1406 3670 τοῦ
1439 3620 1725 3689 [Ιροφήτου
1756 3619 1940 3688 λέγον-

349 3716 464 3762 τος,
499 3703 878 3754 Δουλεύο-ατε
907 3701 986 3767 τῷ
1039 3705 1238 3769 Κυρίῳ
1283 3705 1352 3756 ἐν
1397 3705 1576 3771 φόϐῳ,
1612 3705 1712 3758 καὶ
1757 3707 1944 3776 ἀγαλ-

351 3785 568 3842 λιᾶσθε
582 3788 743 3851 αὐτῷ
766 3789 837 3840 ἐν
857 3791 1079 3858 τρόμῳ;
1115 3791 1303 3860 Ὑμεῖς
1320 3791 1376 3842 δὲ
1411 3791 1708 3860 διαχεῖσθε.
1729 3793 1820 3860 Μὴ
1836 3793 1942 3862 γὰρ

353 3873 454 3926 οὐκ
489 3872 605 3925 ἐστι
637 3875 731 3925 καὶ
764 3874 1012 3943 ἥδεσθαι,
1059 3878 1154 3931 καὶ
1203 3877 1343 3948 μετὰ
1372 3877 1707 3947 ἀσφαλείας;
1755 3880 1943 3933 Βούλει

359 3960 541 4030 μελῶν
569 3960 801 4014 ἀκοῦσαι
831 3963 1039 4030 καλῶν;
1065 3964 1320 4018 Μάλιστα
1361 3965 1458 4035 μὲν
1495 3964 1617 4018 οὐδὲ
1644 3965 1779 4019 ἔδει·
1807 3967 1944 4040 πλὴν

357 4047 800 4117 συγκαταϐαίνω,
829 4051 878 4102 εἰ
910 4049 1123 4121 βούλει·
1155 4052 1232 4122 μὴ
1267 4051 1376 4104 τῶν
1421 4051 1729 4108 σατανικῶν
1775 4055 1944 4107 ἀκού-

357 4152 474 4206 σῃς,
497 4135 632 4190 ἀλλά
653 4137 761 4189 τῶν
789 4139 1202 4208 πνευματικῶν.
1221 4139 1414 4192 Βούλει
1436 4139 1762 4210 χορεύοντας
1783 4142 1939 4208 ἰδεῖν;

354 4224 457 4295 ὃρα
479 4224 586 4276 τῶν
613 4225 862 4293 ἀγγέλων
893 4228 984 4281 τὸν
1009 4227 1189 4296 χορόν.
1214 4228 1324 4280 Καὶ
1349 4225 1467 4290 πῶς
1488 4227 1734 4292 δυνατὸν,
1755 4230 1937 4299 φησὶν,

358 4314 514 4378 ἰδείν;
548 4314 674 4366 Ἐὰν
695 4316 868 4368 ταῦτα
894 4317 1196 4390 ἀπελάσῃς,
1215 4315 1494 4369 ἐλεύσεται
1530 4317 1624 4369 καὶ
1659 4317 1688 4369 ὁ
1708 4318 1941 4389 Χριστὸς

357 4399 438 4460 εἰς
469 4399 693 4464 τούτους
719 4404 847 4466 τοὺς
881 4404 1124 4474 γάμους·
1152 4401 1248 4456 τοῦ
1276 4403 1333 4456 δέ
1368 4403 1604 4475 Χριστοῦ
1650 4407 1937 4476 παρόντος,

357 4487 450 4539 καὶ
478 4489 506 4540 6
539 4489 648 4541 τῶν
690 4490 938 4558 ἀγγέλων
992 4491 1223 4562 πάρεστι
1268 4492 1449 4563 χορός.
1479 4493 1576 4544 Ἂν
1625 4493 1804 4566 θέλῃς,
1846 4494 1939 4548 καί

355 4573 452 4626 νῦν
485 4573 740 4647 θαύματα
769 4579 1085 4648 ἐργάσεται,
1115 4578 1366 4652 καθάπερ
1413 4581 1508 4632 καὶ
1541 4581 1694 4632 τότε·
1726 4583 1939 4652 ποιήσει

357 4667 452 4720 καὶ
479 4667 575 4722 νῦν
625 4669 688 4721 16
721 4668 865 4740 ὕδωρ
896 4667 1037 4724 οἶνον
1059 4685 1072 4700 ⁸
1101 4671 1194 4724 καὶ
1246 4671 1426 4741 πολλῷ
1473 4671 1938 4743 θαυμασιώτερον,

357 4756 454 4829 τὴν
477 4757 725 4828 διάχυσιν
755 4761 1075 4832 ἐπιστρέψει
1101 4762 1200 4831 τήν
1229 4762 1586 4832 διαρῥέουσαν
1615 4761 1708 4814 καὶ
1727 4762 1939 4833 ψυχράν

357 4843 675 4916 ἐπιθυμίαν,
718 4847 815 4900 καὶ
861 4849 955 4902 ἐπὶ
1005 4849 1106 4919 τὴν
1159 4850 1537 4919 πνευματικήν
1587 4852 1937 4921 μεταστήσει.

357 4931 530 4986 Τοῦτό
563 4936 710 4988 ἐστιν
741 4935 801 4999 ἐξ
829 4933 1024 5000 ὓδατος
1054 4932 1196 4989 οἶνον
1219 4937 1467 5006 ποιῆσαι.
1490 4934 1661 4988 Ἔνθα
1687 4935 1937 5006 αὐληταὶ,

357 5021 596 5089 οὐδαμοῦ
633 5023 662 5074 ὁ
711 5025 976 5094 Χριστός·
1011 5024 1148 5078 ἀλλά
1194 5025 1297 5078 κᾶν
1349 5021 1586 5095 εἰσέλθῃ,
1617 5022 1679 5074 16
1723 5023 1939 5094 πρῶτον

359 5110 610 5163 ἐκϐάλλει
654 5111 899 5180 τούτους,
950 5113 1044 5165 καί
1093 5112 1215 5165 τότε
1264 5111 1687 5181 θαυματουργεῖ.
1728 5109 1793 5162 Τί
1839 5111 1939 5180 τῆς

361 5197 659 5266 σατανικῆς
688 5200 912 5270 πομπῆς
937 5199 1284 5271 ἀηδέστερον,
1310 5199 1437 5252 ἔνθα
1469 5198 1714 5270 ἄναρθρα
1739 5198 1937 5266 πάντα,

361 5281 511 5354 [422]
547 5283 675 5339 ἔνθα
719 5289 896 5341 πάντα
946 5288 1167 5358 ἄσημα;
1205 5289 1269 5340 ἂν
1317 5287 1374 5340 δέ
1412 5305 1465 5340 τι
1517 5288 1612 5340 καί
1657 5285 1936 5357 ἔναρθρον,

358 5373 521 5427 πάλιν
550 5374 725 5427 πάντα
764 5375 986 5447 αἰσχρὰ,
1017 5377 1197 5429 πάντα
1229 5375 1390 5447 ἀηδῆ.

429 5462 493 5526 ζ’.
519 5462 684 5515 Οὐδὲν
701 5463 798 5533 τῆς
827 5465 1027 5535 ἀρετῆς
1058 5464 1228 5533 ἥδιον,
1258 5463 1408 5517 οὐδὲν
1429 5462 1786 5534 κοσμιότητος
1810 5462 1940 5532 γλυ-

363 5549 611 5619 κύτερον,
645 5550 794 5602 οὐδὲν
817 5551 1145 5622 σεμνότητος
1171 5551 1569 5623 ποθεινότερον.
1603 5549 1833 5603 Ποιείτω
1853 5568 1954 5632 τις.

360 5639 603 5706 γάμους,
646 5639 789 5702 οἴους
844 5640 954 5708 ἐγὼ
987 5641 1152 5709 λέγω,
1203 5643 1294 5694 καὶ
1338 5641 1528 5710 όζαεται
1576 5642 1674 5711 τὴν
1711 5641 1934 5713 ήδονήν⁹

423 5785 452 5813 ⁸
474 5782 620 5831 Sam.
647 5788 772 5845 conj.
797 5791 1008 5845 συνῆλθε.

1064 349 1128 408 S.
1166 346 1454 406 JOANNIS
1485 343 1992 405 CIIRYSUSTOMI
2033 341 2354 399 ARCHIEP.
2395 340 2944 399 CONSTANTINOP.

3515 343 3622 398 530

2061 458 2247 522 ποίους
2274 456 2332 510 δὲ
2365 459 2594 528 γάμους,
2623 459 2942 529 προσέχετε.
2973 454 3194 527 Πρῶτον
3220 453 3320 525 μὲν
3349 453 3520 528 ἄνδρα
3547 457 3643 528 ζή-

2057 563 2138 598 τει
2169 548 2232 617 τῇ
2264 546 2517 616 παρθένῳ
2546 545 2714 609 ὅντως
2744 545 2913 615 ἄνδρα
2951 545 3045 597 καὶ
3071 543 3406 614 προστάτην,
3439 543 3516 606 ώς
3541 544 3643 598 σώο

2059 649 2191 702 ματι
2224 633 2431 703 μέλλων
2459 633 2737 704 ἐπιθήσειν
2759 631 3021 703 κεφαλὴν,
3054 631 3128 693 ὡς
3160 630 3257 682 οὑκ
3283 631 3638 699 ἀνδράποδον,

2055 719 2191 774 ἀλλά
2235 720 2516 792 θυγατέρα
2564 719 2713 792 αὐτῷ
2751 720 2959 792 μέλλων
2989 717 3368 790 παραδώσειν·
3400 719 3476 789 μὴ
3504 721 3642 790 χρή-

2059 826 2204 878 ματα
2235 809 2407 881 ζήτει,
2449 810 2522 880 μὴ
2571 809 2762 878 γένους
2811 807 3191 880 λαμπρότητα,
3250 807 3326 876 μὴ
3386 807 3642 878 πατρίδος

2057 896 2309 968 μέγεθος,
2375 897 2556 951 πάντα
2581 896 2754 950 ταῦτα
2795 895 3047 966 περιττά,
3095 893 3228 946 ἀλλὰ
3265 893 3443 963 ψυχῆς
3480 895 3644 948 εὐλά-

2052 981 2229 1048 ϐειαν,
2265 983 2588 1047 ἐπιείκειαν,
2629 985 2728 1054 τὴν
2759 982 2933 1054 άληθῆ
2981 980 3222 1046 σύνεσιν,
3258 981 3352 1033 τοῦ
3383 981 3520 1034 Θεοῦ
3548 982 3638 1035 τὸν

2054 1072 2239 1140 φόϐον,
2269 1075 2316 1126 εί
2342 1072 2520 1143 βούλει
2550 1071 2670 1142 μεθ’
2697 1070 2894 1142 ἡδονῆς
2922 1071 2982 1123 16
3005 1070 3300 1140 θυγάτριον
3323 1069 3444 1140 ζῇν.
3474 1069 3640 1122 Πλου-

2055 1159 2312 1232 σιώτερον
2345 1161 2456 1232 γὰρ
2485 1160 2748 1231 ζητοῦσα,
2789 1159 2851 1212 ού
2902 1159 3063 1229 μόνον
3096 1158 3265 1228 αὐτὴν
3295 1158 3396 1211 οὐκ
3419 1157 3639 1228 ὠφελή-

2055 1265 2190 1313 σεις,
2221 1249 2360 1303 ἀλλά
2389 1250 2482 1302 καὶ
2512 1250 2754 1320 βλάψεις,
2784 1248 2976 1318 δούλην
2999 1249 3113 1301 ἀντ’
3142 1246 3432 1318 ἐλευθέρας
3453 1247 3638 1300 ποιοῦ-

2053 1353 2141 1388 σα.
2176 1338 2251 1390 Οὐ
2281 1338 2552 1408 τοσαύτην
2580 1340 2690 1411 γὰρ
2722 1339 2830 1392 ἀπὸ
2867 1337 2976 1390 τῶν
3005 1337 3248 1408 χρυσίων
3280 1335 3635 1407 καρπώσεται

2049 1423 2150 1494 τὴν
2200 1425 2415 1497 ήδονὴν,
2476 1428 2608 1497 ὅσην
2658 1426 2766 1479 ἀπὸ
2813 1425 2908 1478 τοῦ
2950 1422 3223 1478 δουλεύειν
3269 1423 3391 1491 τὴνο
3418 1423 3631 1492 ἀηδίαν.

2061 1511 2223 1566 Ἀλλά
2260 1514 2335 1585 μὴ
2356 1514 2507 1585 ζήτει
2540 1514 2732 1581 ταῦτα,
2765 1513 2899 1568 6116
2935 1513 3170 1584 μάλιστα
3211 1513 3309 1584 μὲν
3331 1513 3594 1582 ὁμότιμον
3615 1528 3632 1542 ·

2048 1599 2175 1653 εἰδὲ
2205 1600 2278 1672 μὴ
2339 1600 2583 1666 δυνατὸν,
2625 1601 2943 1673 πενέστερον
2991 1599 3277 1671 μᾶλλον,ἢ
3328 1599 3636 1670 εὐπορώτε-

2051 1703 2162 1756 ρον,
2191 1688 2244 1740 εῖ
2263 1705 2325 1756 γε
2349 1689 2424 1760 μὴ
2448 1688 2742 1742 ἀποδόσθαι
2771 1688 3026 1760 δεσπότῃ,
3060 1688 3175 1742 ἀλλ’
3206 1686 3452 1741 ἐκδοῦναι
3481 1688 3636 1760 ἀνδρὶ

2050 1775 2346 1848 βούλειτήν
2373 1777 2668 1848 θυγατέρα.
2716 1777 2886 1830 Ὅταν
2929 1777 3174 1847 ἀκριϐῶς
3205 1776 3467 1848 ἐξετάσῃς
3504 1777 3637 1830 16v-

2044 1862 2170 1932 δρὸς
2194 1863 2292 1933 τὴν
2315 1865 2535 1934 ἀρετήν,
2562 1864 2654 1917 καὶ⁵
2689 1864 2889 1935 μέλλῃς
2931 1863 3219 1926 ἐκδιδόναι,
3252 1864 3635 1937 παρακάλεσον

2045 1947 2136 2002 τὸν
2154 1949 2388 2019 Χριστὸν
2416 1951 2852 2020 παραγενέσθαι·
2887 1950 2947 2002 οὐ
2971 1951 3078 2021 γάρ
3104 1951 3632 2021 ἐπαισχυνθήσεται·

2049 2039 2348 2108 μυστήριόν
2380 2040 2496 2091 ἐστι
2539 2039 2640 2109 τῆς
2673 2039 2840 2092 αὐτοῦ
2870 2040 3193 2110 παρουσίας.
3238 2039 3486 2093 Μάλιστα
3535 2041 3635 2110 μὲν

2045 2122 2136 2178 οῦν
2180 2127 2272 2180 καὶ
2325 2127 2447 2179 τότε
2501 2127 2828 2198 παρακάλει,
2880 2127 3023 2181 ὥστε
3069 2127 3354 2198 μνηστῆρα
3393 2129 3635 2181 τοιοῦτον

2043 2213 2246 2267 δοῦναι.
2303 2214 2396 2284 Μή
2424 2214 2556 2287 γένῃ
2609 2214 2702 2268 τοῦ
2740 2214 2928 2279 παιδὸς
2961 2212 3056 2268 τοῦ
3115 2213 3368 2285 ’Δϐραάμ
3411 2215 3631 2286 χείρων,

2042 2302 2104 2366 6;
2139 2304 2219 2367 εἰς
2245 2303 2515 2374 τοσαύτην
2566 2303 2875 2375 ἀποδημίαν
2930 2304 3306 2374 πεμπόμενος,
3357 2304 3472 2374 ᾔδει
3502 2303 3632 2358 ἔνθα

2041 2390 2147 2462 χρὴ
2182 2393 2519 2461 καταφυγεῖν
2544 2408 2559 2426 ·
2607 2391 2687 2444 διὸ
2712 2391 2806 2445 κα⁸ι
2857 2391 3074 2446 πάντων
3121 2391 3408 2462 ἐπέτυχεν.
3462 2392 3633 2444 Ὅταν

2042 2479 2382 2551 περιεργάζῃ
2433 2481 2528 2534 καὶ
2572 2480 2744 2550 ζητῇς
2782 2479 2872 2532 16v
2901 2479 3093 2550 ἄνδρα,
3147 2477 3312 2549 εὖχου
3337 2495 3352 2512 ·
3393 2479 3516 2533 εἰπέ
3550 2480 3633 2550 τῷ

2040 2565 2182 2637 Θεῷ·
2221 2569 2319 2620 Ὃν
2351 2567 2416 2620 ἂν
2446 2566 2607 2638 θέλῃς
2635 2567 2702 2619 σὺ
2731 2565 3085 2636 οἱκονόμησον
3104 2582 3120 2596 ·
3148 2567 3452 2638 ἐγχείρισον
3484 2567 3632 2638 αύτῷ

2041 2654 2102 2707 16
2132 2656 2385 2723 πρᾶγμα,
2418 2655 2511 2707 καὶ
2542 2654 2800 2723 τιμηθεὶς
2847 2653 3020 2725 ταύτῃ
3077 2655 3229 2725 παρὰ
3260 2654 3353 2708 σοῦ
3401 2656 3467 2726 τῇ
3495 2659 3629 2728 τιμῇ

2044 2741 2336 2810 ἀμείψεταί
2361 2759 2443 2795 σε.
2489 2741 2591 2795 Δύο
2619 2742 2682 2812 δὴ
2719 2743 2890 2795 ποιεῖν
2931 2741 3059 2814 χρὴ,
3094 2739 3243 2814 αὐτῷ
3287 2761 3348 2797 τε
3396 2745 3625 2816 ἐγχειρί-

2045 2827 2179 2893 ζειν,
2215 2831 2312 2882 καὶ
2352 2829 2593 2882 τοιοῦτον
2645 2828 2850 2900 ζητεῖν,
2893 2826 3006 2883 οἷον
3046 2829 3112 2884 ἂν
3153 2832 3316 2895 αὐτὸς
3349 2832 3628 2903 βούληται,

2043 2919 2290 2990 κόσμιον,
2316 2917 2587 2989 σώφρονα.
2615 2920 2785 2972 Ὅταν
2807 2914 2901 2973 οὖν
2939 2920 3068 2984 τοὺς
3093 2921 3309 2990 γάμους
3339 2925 3514 2993 ποιῇς,
3557 2922 3631 2992 μὴ

2043 3007 2333 3080 περιέλθῃς
2361 3007 2560 3072 οίκίας,
2600 3007 2884 3079 κάτοπτρα
2921 3008 3016 3060 καί
3053 3008 3246 3074 ἱμάτια
3285 3010 3543 3080 χρωμένη
3576 3009 3628 3048 ιι·

2040 3094 2103 3147 ού
2142 3094 2250 3166 γὰρ
2289 3095 2426 3165 πρὸς
2477 3094 2737 3160 ἐπίδειξιν
2776 3095 2838 3148 16
2881 3096 3115 3166 πρᾶγμά
3167 3098 3335 3160 ἐστιν,
3390 3097 3510 3150 οὐδὲ
3549 3097 3631 3160 εἰς

2044 3181 2266 3252 πομπὴν
2307 3183 2546 3250 εἰσάγεις
2595 3183 2656 3235 16
2711 3181 3002 3254 θυγάτριον
3027 3199 3042 3216 ·
3078 3182 3216 3235 6116
3259 3181 3625 3251 φαιδρύνουσα

2043 3269 2140 3340 τὴν
2164 3269 2342 3323 οἰκίαν
2369 3273 2481 3333 τοῖς
2507 3271 2708 3334 ἐνοῦσι,
2733 3271 2889 3324 κάλει
2911 3271 3161 3340 γείτονας
3187 3270 3276 3323 καὶ
3306 3268 3493 3336 φίλους
3524 3267 3621 3322 καὶ

2046 3359 2348 3426 συγγενεῖς.
2398 3358 2597 3421 Ὅσους
2623 3357 2690 3411 ἂν
2709 3353 2853 3421 οἶδας
2875 3358 3156 3421 ἐπιεικεῖς,
3189 3356 3404 3418 τούτους
3436 3355 3614 3421 κάλει,

2045 3449 2140 3500 καὶ
2186 3447 2302 3509 τοῖς
2342 3440 2492 3498 οῦσιν
2537 3445 2900 3516 ἐπαρκεῖσθαι
2940 3447 3217 3517 παραίνει.
3261 3445 3463 3514 Μηδεὶς
3505 3444 3614 3495 τῶν

2046 3533 2155 3588 ἀπὸ
2196 3534 2298 3604 τῆς
2354 3533 2665 3604 ὀρχήστρας
2712 3533 2973 3604 παρέστω
3006 3549 3021 3563 ο
3081 3533 3199 3586 ἐκεῖ
3244 3531 3352 3602 γὰρ
3403 3531 3620 3602 δαπάνη

2045 3621 2276 3693 περιττὴ
2310 3621 2401 3674 καί
2433 3621 2680 3691 ἄσχημος
2699 3638 2714 3655 ·
2746 3619 2973 3674 κάλεσον
3001 3619 3093 3672 τὸν
3120 3619 3357 3690 Χριστὸν
3389 3619 3493 3690 πρὸ
3519 3619 3629 3672 τῶν

2045 3711 2221 3765 ἄλλων
2273 3709 2551 3764 ἁπάντων.
2607 3706 2768 3773 Οἶδας
2812 3708 2900 3762 διὰ
2942 3709 3086 3772 τίνος
3133 3709 3295 3761 αὑτὸν
3341 3707 3628 3775 καλέσεις;

2051 3801 2148 3862 Ὃς
2178 3799 2243 3852 ἂν
2269 3799 2494 3869 ποιήσῃ,
2562 3798 2747 3868 φησὶν,
2784 3797 2867 3850 ἐνὶ
2922 3795 3128 3850 τούτων
3171 3795 3280 3849 τῶν
3307 3796 3627 3866 ἐλαχίστων,

2045 3887 2170 3954 ἐμοὶ
2195 3887 2438 3958 ἐποίησε.
2509 3885 2602 3955 Μὴ
2651 3885 2884 3957 νομίσῃς
2931 3883 2991 3937 16
3037 3884 3272 3955 πρᾶγμα
3297 3883 3629 3954 δυσάρεστον

2033 3970 2205 4037 εἶναι,
2227 3973 2289 4027 16
2312 3975 2549 4043 πένητας
2572 3973 2756 4026 καλεῖν
2778 3973 2865 4025 διὰ
2885 3972 2976 4024 τὸν
2997 3971 3230 4043 Χριστόν
3259 3987 3273 4002 ·
3298 3970 3637 4041 δυσάρεστον

2044 4061 2104 4114 16
2147 4062 2352 4132 πόρνας
2399 4061 2606 4115 καλεῖν.
2653 4060 2726 4113 T6
2781 4059 2890 4132 γὰρ
2925 4059 3163 4130 πένητας
3212 4058 3420 4122 καλεῖν,
3470 4057 3628 4110 τοῦτο

2045 4149 2269 4221 ἀφορμὴ
2312 4149 2567 4213 πλούτου,
2616 4150 2791 4202 ἐκεῖνο
2830 4148 2886 4201 δὲ
2923 4147 3258 4219 ἀνατροπῆς.
3291 4147 3502 4216 Κόσμει
3525 4145 3626 4216 τήν

2043 4238 2262 4309 νύμφην
2287 4238 2360 4308 μὴ
2391 4236 2600 4300 τούτοις
2617 4239 2728 4299 τοῖς
2751 4237 2996 4308 κοσμίοις
3022 4238 3136 4300 τοῖς
3159 4233 3267 4288 ἀπὸ
3286 4233 3378 4288 τοῦ
3401 4232 3621 4306 χρυσοῦ,

2043 4325 2157 4379 ἀλλ’
2177 4324 2448 4396 ἐπιεικείᾳ
2477 4325 2571 4378 καὶ
2603 4323 2742 4377 αἰδοῖ
2767 4325 2861 4379 καὶ
2888 4327 2999 4388 τοῖς
3031 4323 3320 4393 συνήθεσιν
3368 4321 3622 4392 ἱματίοις,

2041 4413 2162 4466 ἀντί
2189 4413 2392 4476 παντὸς
2440 4411 2644 4482 κόσμου
2691 4410 2894 4483 χρυσοῦ
2926 4411 3021 4464 καὶ
3069 4409 3513 4481 ἐμπλεγμάτων,
3560 4407 3624 4461 16

2042 4500 2324 4572 ἐρυθριᾷν,
2342 4500 2402 4552 16
2419 4499 2770 4570 αἰσχύνεσθαι
2789 4499 3074 4571 περιθεῖσα
3095 4540 3108 4564 ,
3134 4499 3227 4552 καὶ
3251 4498 3312 4550 16
3341 4498 3417 4568 μὴ
3439 4495 3623 4568 ζητεῖν

2042 4589 2247 4643 ἐκεῖνα.
2278 4588 2485 4658 Μηδεὶς
2514 4589 2654 4641 έστω
2684 4586 2928 4658 θόρυϐος,
2965 4585 3205 4658 μηδεμία
3235 4587 3450 4658 ταραχή
3476 4602 3490 4615 ·
3527 4602 3624 4638 κα-

2041 4676 2240 4730 λείσθω
2263 4678 2291 4730 ὁ
2323 4677 2577 4747 νυμφίος,
2621 4675 2858 4745 δεχέσθω
2884 4676 2984 4745 τὴν
3007 4673 3297 4745 παρθένον.
3321 4673 3404 4725 Τά
3425 4673 3622 4744 ἄριστα

2040 4763 2134 4818 καὶ
2184 4762 2256 4816 16
2303 4763 2493 4816 δεῖπνα
2543 4762 2617 4833 μὴ
2647 4762 2817 4833 μέθης
2864 4761 3004 4815 ἔστω
3036 4761 3241 4833 πλήρη,
3277 4760 3413 4814 ἀλλὰ
3457 4777 3622 4812 πνευ-

2045 4851 2282 4921 ματικῆς
2309 4851 2523 4921 ἡδονῆς.
2564 4850 2754 4922 Μυρίοι
2776 4848 2884 4920 γὰρ
2913 4850 2979 4902 ἐκ
3015 4847 3112 4902 τοῦ
3141 4847 3386 4901 τοιούτου
3441 4847 3622 4918 γάμου

2041 4939 2196 4995 ἔσται
2223 4939 2291 4992 τὰ
2321 4939 2481 5004 καλὰ,
2515 4941 2609 4992 καὶ
2652 4939 2721 4991 τά
2758 4937 2853 4991 τοῦ
2889 4938 3004 5008 βίου
3036 4939 3094 4990 ὲν
3128 4936 3435 5007 ἀσφαλείᾳ·
3473 4936 3537 4989 ἐκ
3563 4934 3624 4988 δέ

2039 5026 2150 5080 τῶν
2179 5027 2276 5080 νῦν
2315 5027 2616 5098 γινομένων
2663 5027 2857 5095 γάμων
2906 5025 2980 5096 (εἰ
3007 5043 3070 5094 γε
3099 5025 3332 5095 γάμους,
3367 5022 3502 5076 άλλά
3546 5022 3621 5092 μὴ

2041 5113 2267 5185 πομπὰς
2292 5115 2430 5168 αὐτά
2461 5114 2542 5167 δεῖ
2573 5114 2800 5181 καλεῖν),
2838 5111 2987 5184 [4251
3017 5113 3120 5183 ὅρα
3150 5122 3172 5149 ε
3208 5112 3308 5164 ὅσα
3354 5110 3422 5164 τὰ
3453 5110 3616 5162 κακά.

2041 5201 2373 5272 Διελύθησαν
2429 5202 2485 5254 αἰ
2527 5201 2819 5263 παστάδες,
2870 5201 2966 5253 καὶ
3025 5199 3229 5261 εὐθέως
3264 5199 3502 5269 μέριμνα
3529 5196 3623 5248 καὶ

2041 5291 2225 5360 φόϐος,
2260 5291 2334 5361 μή
2366 5307 2418 5342 τι
2452 5288 2745 5360 παραπέσῃ
2780 5287 2888 5341 τῶν
2923 5288 3297 5358 κεχρημένων,
3333 5285 3427 5338 καὶ
3458 5284 3623 5336 διαδέ-

2041 5397 2194 5449 χεται
2229 5378 2327 5448 τὴν
2357 5377 2548 5447 ἡδονὴν
2577 5375 2783 5447 ἀθυμία
2825 5375 3122 5445 ἀφόρητος.
3186 5371 3326 5424 Ἀλλ’
3348 5370 3487 5439 αῦτη
3525 5370 3622 5440 μὲν

2040 5467 2138 5537 τῆς
2172 5464 2496 5536 κηδεστρίας
2524 5462 2779 5535 ήάγωνία
2798 5478 2811 5492 ·
2838 5462 3036 5533 μᾶλλον
3064 5460 3119 5514 δὲ
3140 5459 3262 5512 ούδέ
3284 5458 3421 5530 αὺτὴ
3447 5455 3630 5528 6111;1-

2101 5665 2129 5735 ξ)
2152 5665 2580 5735 ςυιειιθεθηάυω
2606 5666 2821 5735 Βυοξειιε
2840 5668 3126 5735 κιχρωμένη.
3177 5727 3192 5735 _
3243 5725 3275 5735 μ

2047 5789 2082 5840 Ε
2105 5727 2335 5835 ετνοοεηι
2365 5719 2479 5791 δρα,
2519 5744 2664 5791 quam
2720 5719 2946 5793 ignora'ri't
2984 5719 3118 5789 éddf,
3161 5725 3302 5778 dedit
3343 5737 3472 5776 unus
3510 5719 3620 5771 cod.

2063 5803 2130 5838 εοι
2164 5822 2178 5837 .
