4026 6148
413 304 520 360 389

419 435 588 491 tenet,
624 422 866 476 faetorem
909 413 1156 470 sustinet.
1203 409 1337 464 Volo
1382 405 1667 462 ostendere
1720 401 1863 474 quod
1891 414 1998 454 non

421 524 641 586 propter
683 512 797 565 hinc
826 512 1069 578 oporteat
1095 501 1298 572 pudore
1344 497 1608 562 satiandi,
1644 494 1738 550 scd
1785 500 2003 586 propter

421 584 485 663 ea
685 601 816 655 facis
846 616 858 650 :
893 607 948 650 tu
982 608 1132 658 vero,
1158 593 1304 646 illum
1337 590 1556 644 mittens
1585 586 1866 658 pudorem,
1894 584 1997 636 hoc

429 693 650 751 snﬂ'undt
673 692 762 744 ris.
807 689 971 741 Deum
1003 699 1132 754 ergo
1159 683 1488 736 condemnas
1513 678 1602 747 qui
1630 677 1707 731 sic
1737 674 1994 730 decrevit.

427 786 604 839 Dicam
632 778 899 849 quomodo
921 785 1001 830 est
1026 781 1418 828 sacramentum
1447 768 1736 824 Ecclesiae?
1756 765 2000 820 Christus

429 875 572 930 venit
599 873 668 927 ad
703 869 1020 932 Ecclesiam,
1069 867 1156 921 illa
1187 881 1252 919 ex
1282 865 1398 932 ipso
1425 872 1507 916 est
1531 870 1670 923 orta,
1694 868 1750 914 et
1788 874 1906 913 cum
1935 874 1998 913 ea

422 979 741 1036 Congressus
784 971 868 1016 est
908 972 1200 1028 congressu
1245 955 1531 1024 spirituali.
1575 951 1833 1022 Despondi
1865 951 1998 1004 enim

422 1071 526 1115 vos,
556 1054 744 1121 inquit,
794 1052 882 1104 uni
907 1051 1014 1103 uiro
1041 1048 1282 1115 virginem
1311 1054 1506 1099 castam
1552 1043 1627 1112 (2.
1653 1043 1769 1096 Cor.
1805 1043 1888 1094 ll.
1915 1040 1994 1111 2).

422 1144 572 1212 Quod
595 1154 772 1197 autem
800 1157 864 1195 ex
895 1141 1012 1209 ipso
1037 1140 1226 1201 simus,
1258 1145 1312 1192 ct
1333 1153 1396 1190 ex
1433 1135 1684 1189 membris
1711 1133 1826 1201 ejus
1853 1141 1906 1185 et
1933 1148 1996 1187 ex

422 1249 584 1290 carne
639 1233 776 1300 ejus,
809 1229 931 1284 audi
982 1227 1248 1298 quomodo
1292 1227 1452 1280 dient.
1499 1225 1623 1279 lla-c
1665 1235 1841 1278 autem
1881 1239 2000 1276 om-

423 1326 509 1379 nia
533 1331 712 1378 mente
739 1331 1034 1382 versantes,
1083 1335 1151 1372 ne
1182 1327 1384 1370 tantum
1422 1315 1730 1385 mysterium
1792 1313 1996 1383 pudore

424 1417 737 1471 afficiamus.
787 1412 985 1467 Christi
1037 1411 1332 1481 prmsentia:
1380 1418 1536 1476 typus
1586 1414 1670 1460 est
1721 1406 1999 1459 matrima-

425 1510 593 1571 nium,
627 1517 682 1560 tu
709 1519 837 1560 vero
865 1503 1187 1558 inebriaris?
1219 1501 1310 1555 Dic
1351 1499 1478 1553 mihi
1500 1539 1515 1563 ,
1548 1498 1592 1552 si
1623 1499 1764 1566 regis
1788 1495 1997 1550 videres

427 1599 741 1666 imaginem,
791 1610 917 1648 num
947 1609 1063 1647 eam
1097 1592 1292 1661 probro
1317 1589 1601 1644 alliceres?
1629 1588 1993 1656 Nequaquam.

429 1689 685 1742 Videntur
725 1686 939 1756 quidem
987 1700 1072 1738 res
1130 1698 1247 1738 esse
1293 1682 1655 1736 indifferentcs
1697 1695 1817 1750 qum
1865 1679 1999 1733 fiunt

421 1780 560 1832 circa
609 1775 1038 1838 matrimonium;
1085 1782 1208 1828 sunt
1253 1782 1432 1826 autem
1475 1785 1790 1842 magnorum
1815 1785 1995 1825 causa:

422 1869 702 1922 malorum.
740 1866 928 1920 Omnia
963 1873 1090 1920 sunt
1117 1865 1270 1934 plena
1304 1863 1606 1932 iniquitate.
1638 1861 1920 1932 Turpitudo
1949 1872 1997 1914 et

418 1957 807 2025 stultiloquium,
838 1964 883 2008 et
905 1955 1120 2008 scurrile
1145 1955 1378 2019 verbum,
1415 1954 1606 2023 inquit,
1630 1969 1693 2006 ea:
1717 1969 1804 2006 ore
1829 1962 1996 2005 vestro

421 2063 522 2098 non
551 2054 692 2098 exeat
742 2044 959 2114 (Ephes.
988 2045 1044 2100 5.
1075 2045 1150 2106 It).
1183 2044 1373 2099 Omnia
1401 2053 1580 2099 autem
1613 2045 1702 2098 illa
1733 2052 1858 2097 sunt
1885 2052 1997 2097 tur-

422 2136 605 2204 pitudo
647 2145 701 2190 et
720 2137 1112 2205 stultiloquium
1156 2145 1211 2190 et
1254 2137 1586 2202 scurrilitas,
1638 2151 1743 2190 non
1785 2136 1994 2196 leviter,

420 2227 513 2281 sed
542 2242 699 2295 supra
726 2226 964 2281 modum.
992 2228 1092 2280 Ars
1130 2230 1270 2281 enim
1300 2236 1382 2281 est
1411 2226 1532 2290 hoc,
1561 2236 1616 2282 ct
1647 2243 1889 2297 magnam
1918 2227 1998 2280 af-

423 2319 524 2371 fert
569 2317 777 2371 laudem
826 2320 890 2370 iis
933 2317 1023 2387 qui
1050 2333 1166 2372 eam
1211 2328 1468 2375 exercent
1509 2336 1523 2372 :
1564 2334 1652 2374 ars
1694 2318 1830 2374 facta
1873 2327 1998 2374 sunt

420 2418 656 2476 peccata.
687 2409 804 2463 Non
840 2411 1029 2465 leviter
1053 2425 1113 2463 ea
1152 2419 1464 2477 tractamus,
1495 2413 1587 2468 sed
1621 2413 1860 2467 adhibito
1885 2423 1997 2465 stu-

417 2501 508 2554 dio
552 2510 607 2554 et
647 2502 867 2556 scientia
888 2543 901 2565 ,
935 2512 989 2556 et
1018 2501 1084 2556 de
1110 2513 1309 2558 canere
1337 2503 1583 2560 diabolus
1612 2514 1691 2561 est
1724 2506 1994 2575 copiarum

415 2606 634 2643 suarum
662 2591 767 2644 dux
810 2601 860 2645 et
883 2592 1190 2661 imperator.
1223 2595 1320 2649 Ubi
1347 2604 1430 2649 est
1461 2596 1602 2650 enim
1643 2597 1894 2663 ebrietas,
1915 2606 1997 2652 est

413 2690 469 2733 et
501 2681 711 2734 lascivia
739 2699 752 2745 ;
793 2681 881 2734 ubi
910 2698 1086 2736 sermo
1109 2682 1418 2748 obscmnns,
1449 2686 1600 2739 adest
1627 2687 1872 2741 diabolus
1899 2701 1991 2741 sua

411 2772 661 2826 efferens.
690 2758 820 2826 Cum
852 2773 934 2826 his
961 2775 1268 2840 convivam,
1301 2777 1619 2846 dic,qn:eso,
1649 2776 1842 2832 Christi
1873 2796 1991 2850 my-

411 2865 633 2917 sterium
667 2867 874 2934 peragis
894 2906 908 2927 ,
940 2875 996 2920 et
1021 2865 1291 2921 diabolum
1321 2868 1576 2923 invocas?
1607 2870 1690 2925 Me
1721 2870 1856 2925 forte
1879 2873 1993 2926 cxi-

410 2955 646 3008 stimatis
672 2971 883 3024 gravem
910 2967 961 3010 et
987 2957 1363 3025 importunum.
1390 2958 1520 3012 Nam
1553 2959 1654 3014 hoc
1677 2976 1889 3031 quoque
1911 2970 1992 3017 est

412 3044 600 3098 multa:
645 3046 1018 3113 perversitatis,
1065 3047 1205 3115 quod
1249 3048 1334 3116 qui
1370 3050 1607 3118 increpat
1639 3051 1864 3104 ludibrio
1894 3053 1990 3106 ba.

411 3130 606 3189 hea’tur
634 3145 896 3205 tamquam
925 3147 1188 3192 austerus.
1213 3137 1326 3191 Non
1353 3138 1544 3193 auditis
1567 3139 1782 3194 Paulum
1811 3141 1994 3195 dicen—

410 3238 547 3290 tem,
579 3227 841 3297 Quidquid
872 3229 1108 3295 faciatis,
1137 3229 1256 3284 Sive
1296 3232 1564 3284 comedatis
1585 3274 1598 3296 ,
1631 3232 1732 3285 sire
1775 3234 1951 3286 bibatis
1971 3273 1986 3299 ,

405 3321 519 3372 sive
575 3320 772 3389 aliquid
814 3321 1037 3391 faciatis,
1094 3323 1263 3375 omnia
1306 3323 1374 3376 ad
1424 3325 1640 3393 gloriam
1689 3324 1784 3379 Dei
1836 3328 1988 3394 facile

406 3412 508 3477 (Ι.
543 3409 657 3463 Cor.
688 3410 774 3464 10.
801 3411 942 3481 5i)?
987 3412 1092 3464 Vos
1136 3422 1311 3466 autem
1356 3413 1422 3467 ad
1464 3413 1886 3470 maledicentiam
1939 3425 1989 3472 et

409 3501 782 3568 ignominiam.
815 3500 928 3553 Non
960 3501 1152 3555 auditis
1179 3502 1490 3572 prophetam
1522 3503 1818 3567 dicentem,
1867 3505 1990 3559 Ser-

409 3592 517 3642 rite
544 3589 766 3641 Domino
797 3592 846 3642 in
876 3591 1067 3654 timore,
1093 3601 1137 3643 et
1161 3593 1407 3645 exsultate
1433 3595 1477 3646 ei
1497 3594 1549 3646 in
1578 3605 1789 3648 tremore
1818 3594 1986 3668 (Psnl.

408 3677 473 3730 9..
503 3677 630 3755 11),?
657 3677 762 3730 Vos
788 3687 963 3732 autem
990 3679 1337 3734 dit‘fundirnini
1360 3692 1411 3737 et
1439 3683 1564 3737 luxu
1595 3683 1851 3738 difﬂuitis.
1883 3686 1991 3738 An-

414 3783 529 3820 non
557 3783 686 3821 vero
713 3769 834 3823 licet
860 3770 1014 3822 etiam
1049 3778 1160 3824 tuto
1189 3772 1356 3826 laetari
1377 3774 1398 3826 ?
1423 3774 1508 3828 Vis
1534 3774 1718 3829 audire
1742 3775 1990 3844 pulchros

412 3855 654 3910 modos?
693 3856 849 3912 Certe
876 3875 940 3912 ne
968 3869 1232 3928 oporteret
1265 3863 1511 3932 quidem;
1542 3864 1636 3918 sed
1667 3880 1750 3919 me
1780 3866 1870 3919 tibi
1901 3883 1990 3920 ac-

406 3950 736 4015 commodo,
763 3951 807 4004 si
844 3952 921 4004 vis
961 3970 974 4005 :
1003 3967 1108 4007 non
1130 3954 1311 4009 audias
1341 3956 1609 4010 satanicos
1641 3958 1849 4021 modos,
1895 3960 1986 4012 sed

407 4039 746 4107 Spirituales.
783 4040 869 4094 \‘is
897 4041 1075 4096 videre
1099 4044 1395 4099 saltantes?
1427 4046 1548 4100 vide
1575 4046 1794 4100 chorum
1826 4065 1987 4117 ange-

403 4132 610 4184 lorum.
657 4132 724 4184 Et
769 4132 1039 4200 quomodo
1068 4133 1181 4187 fieri
1215 4143 1388 4204 potest
1418 4145 1475 4190 ut
1502 4137 1751 4191 videam?
1797 4139 1849 4192 Si
1879 4139 1991 4193 lucc

404 4223 682 4290 abegeris,
714 4224 894 4278 veniet
936 4224 1178 4279 Christus
1200 4241 1412 4296 quoque
1439 4227 1504 4281 ad
1535 4230 1626 4284 has
1658 4230 1868 4299 nuptias
1901 4249 1914 4283 :
1946 4232 1988 4284 si

400 4315 553 4368 adsit
585 4325 759 4368 autem
785 4315 1047 4380 Christus,
1081 4316 1231 4370 adest
1256 4319 1412 4371 etiam
1439 4321 1635 4373 chorus
1657 4322 1986 4390 angelorum.

402 4405 468 4459 Si
510 4405 662 4469 velis,
696 4421 834 4459 nunc
869 4421 1079 4476 quoque
1117 4407 1273 4462 faciet
1298 4409 1551 4463 miracula
1579 4413 1715 4465 sicut
1737 4421 1791 4466 et
1816 4421 1939 4467 tunc
1971 4429 1986 4468 :

402 4495 579 4548 faciet
606 4511 743 4548 nunc
769 4511 976 4564 quoque
1001 4512 1190 4567 aquam
1224 4501 1401 4553 vinum
1423 4541 1438 4566 ,
1471 4510 1524 4554 et
1551 4502 1719 4554 mtdto
1755 4503 1988 4556 adrnira-

403 4583 990 4641 biliora:dissolutam
1034 4599 1310 4644 convertet
1359 4590 1593 4644 laetitiam
1641 4601 1695 4647 et
1746 4591 1989 4662 frigidam

398 4674 761 4742 cupiditatem
782 4715 797 4740 ,
825 4687 878 4731 et
908 4679 1190 4734 transferet
1215 4681 1279 4733 ad
1308 4680 1662 4748 Spiritualem.
1691 4682 1801 4736 lloc
1825 4692 1991 4738 estex

396 4778 556 4833 aqua
603 4764 776 4818 vinum
805 4764 997 4822 facere.
1045 4768 1142 4823 Ubi
1185 4779 1307 4823 sunt
1359 4770 1624 4836 tibicines,
1651 4787 1984 4841 nequaquam

395 4874 430 4911 c
452 4865 494 4909 -t
519 4856 797 4921 Christus;
838 4860 933 4913 sed
961 4869 1015 4914 et
1048 4861 1089 4914 si
1116 4861 1272 4915 fuerit
1302 4862 1602 4931 ingressus,
1633 4879 1725 4917 eos
1763 4865 1986 4932 primum

391 4946 591 5017 ejicit,
633 4957 685 5001 et
724 4956 850 5002 tunc
883 4948 1009 5003 facit
1035 4951 1307 5005 miracula.
1354 4953 1488 5019 Quid
1527 4953 1759 5007 satanica
1800 4969 1988 5023 pompa

388 5047 486 5090 est
545 5036 900 5104 iujucundius,
927 5038 1013 5092 ubi
1041 5049 1164 5093 sunt
1191 5041 1366 5094 omnia
1409 5043 1644 5096 articulis
1668 5059 1770 5096 non
1798 5044 1992 5096 distin-

386 5141 512 5187 cta,
552 5127 640 5180 ubi
665 5128 840 5181 omnia
873 5144 976 5182 non
1004 5129 1205 5199 signata
1229 5172 1242 5195 ,
1292 5147 1389 5186 nec
1431 5131 1650 5186 notata?
1695 5135 1737 5187 si
1765 5133 1889 5204 quid
1918 5135 1986 5187 sit

387 5229 596 5273 autem
628 5221 787 5272 ctiam
820 5222 1057 5276 articulis
1087 5223 1414 5291 distinctum,
1451 5241 1634 5281 rursus
1671 5226 1845 5279 omnia
1878 5238 1984 5279 tur-

386 5312 514 5379 pia,
559 5308 736 5361 omnia
768 5309 1074 5378 injucunda.

471 5401 536 5453 7.
589 5398 764 5460 Qualis
813 5416 1027 5467 sponsus
1074 5405 1370 5470 qurerendus
1411 5406 1610 5474 virgini.
1641 5406 1865 5462 -ΝἰΙιίΙ
1909 5417 1990 5460 est

379 5491 614 5543 virtute
648 5487 960 5556 jucundius,
1011 5491 1140 5546 nihil
1189 5494 1553 5550 moderatione
1581 5498 1816 5560 suavius,
1862 5497 1990 5550 nihil

381 5584 695 5636 honestate
720 5578 1144 5636 desiderabilius.
1173 5583 1626 5654 Faciatquispiom
1648 5587 1857 5656 nuptias
1874 5602 1996 5656 qua.

382 5676 473 5727 los
534 5682 643 5735 ego
686 5668 826 5728 dico,
871 5679 924 5722 et
974 5671 1170 5725 videbit
1211 5675 1533 5740 voluptatem
1569 5695 1580 5730 :
1612 5678 1792 5744 quales
1820 5687 1995 5732 autem

727 5752 998 5812 Pnnon.
1043 5754 1136 5813 Gn
1214 5755 1375 5814 LXII

1283 292 1348 346 IN
1390 291 1600 348 EPIST.
1646 289 1737 343 AD
1774 281 2051 342 COLOSS.
2086 281 2239 338 CAP.
2285 281 2371 335 l‘l'.
2413 281 2640 338 llOlllL.
2687 282 2778 336 ΧΠ

3577 300 3680 354 590

2108 394 2350 464 nuptias,
2401 395 2678 452 attendite.
2732 396 2966 452 Primum
3013 401 3226 470 quidem
3277 405 3445 459 virum
3502 425 3679 477 quaere

2105 485 2329 554 virgini,
2363 485 2448 556 qui
2499 502 2621 541 vere
2670 488 2740 540 sit
2783 488 2862 540 vir
2904 499 3148 559 tutorque
3186 493 3302 561 ejus
3327 504 3380 548 et
3405 495 3674 559 defensor.

2106 584 2370 646 tamquam
2419 579 2625 645 corpori
2669 590 2824 646 caput
2877 581 3259 650 impositurus,
3309 594 3367 638 ut
3419 588 3508 656 qui
3571 605 3676 644 non

2105 668 2422 738 mancipium
2446 709 2461 733 ,
2493 670 2584 723 sed
2617 668 2778 722 filiam
2811 672 2858 725 ei
2885 673 2957 727 sis
2989 674 3294 730 traditurus.
3344 677 3421 733 Ne
3470 695 3680 750 qna‘ras

2104 760 2400 827 pecuniam,
2434 773 2537 813 non
2575 761 3178 832 generis'spleudorem,
3225 784 3329 821 non
3357 755 3538 838 patriae
3565 789 3679 826 ma-

2101 849 2467 920 gnitudinem;
2515 861 2640 904 sunt
2699 851 2812 905 bare
2873 857 3048 910 omnia
3101 871 3530 929 supervzcanea;
3585 864 3678 919 sed

2102 942 2263 994 animi
2293 942 2564 1010 pietatem,
2597 944 3076 1006 mansuetudinem,
3107 963 3283 1002 veram
3317 951 3676 1018 prudentiam.

2104 1030 2196 1084 Dei
2243 1030 2510 1095 timorem,
2555 1031 2598 1085 si
2641 1033 2721 1086 vis
2759 1033 2918 1086 filiam
2949 1035 3129 1089 vivere
3167 1051 3286 1091 cum
3317 1036 3585 1108 voluptate
3627 1054 3682 1096 et

2103 1124 2305 1178 lmtitia.
2332 1124 2588 1190 Quaerens
2609 1125 2749 1179 enim
2777 1125 3049 1192 ditiorem,
3080 1143 3185 1181 non
3214 1129 3390 1184 solum
3423 1147 3542 1186 eam
3573 1149 3678 1189 non

2096 1215 2339 1284 juvabis,
2372 1216 2465 1270 sed
2492 1217 2650 1272 etiam
2683 1217 2882 1282 laedes;
2913 1235 3122 1274 servam
3157 1219 3322 1276 facies
3362 1237 3460 1291 pro
3491 1225 3675 1278 libera.

2100 1308 2216 1362 Non
2247 1316 2387 1361 tanta
2417 1311 2557 1362 enim
2594 1324 2660 1363 ex
2699 1309 2876 1364 aureis
2915 1309 3118 1364 fruetur
3161 1311 3448 1380 volnptate‘,
3482 1327 3677 1382 quanta

2101 1401 2344 1455 molestia
2372 1417 2436 1456 ex
2464 1403 2739 1456 servitute.
2767 1402 2871 1457 Sed
2899 1404 3012 1458 lure
3041 1419 3107 1458 ne
3136 1419 3368 1472 qumras,
3402 1405 3495 1461 sed
3526 1406 3677 1461 illum

2100 1490 2188 1559 qui
2217 1491 2283 1544 sit
2326 1492 2468 1560 paris
2496 1491 2818 1546 conditionis
2849 1510 2862 1546 :
2895 1492 2937 1545 si
2969 1492 3082 1546 fieri
3113 1504 3290 1548 autem
3334 1511 3438 1547 non
3471 1497 3672 1566 possit,

2102 1583 2470 1651 pauperiorem
2519 1584 2688 1654 magis
2731 1599 2890 1653 quam
2930 1585 3174 1640 ditiorem
3199 1629 3212 1649 ,
3242 1589 3285 1642 si
3321 1605 3425 1643 non
3456 1589 3676 1645 domino

2104 1673 2338 1726 vendere
2359 1714 2372 1736 ,
2403 1672 2494 1727 sed
2523 1673 2714 1726 marito
2746 1674 2824 1726 vis
2854 1675 3064 1730 tradere
3096 1675 3280 1730 filiam.
3327 1677 3550 1746 Quando
3579 1683 3676 1736 viri

2101 1761 2350 1816 virtutem
2382 1772 2568 1845 exacte
2595 1763 3009 1831 esaminaveris,
3045 1775 3098 1820 et
3126 1782 3242 1820 eam
3271 1784 3329 1821 es
3361 1769 3674 1834 traditurus,

2099 1869 2224 1925 roga
2269 1853 2538 1908 Christum
2587 1865 2643 1910 ut
2681 1855 2851 1918 adsit;
2906 1873 3009 1911 non
3057 1858 3199 1913 enim
3252 1859 3396 1914 illum
3428 1861 3673 1930 pudebit;

2099 1946 2409 2016 mysterium
2440 1946 2634 2016 quippe
2663 1958 2745 2001 est
2788 1964 2897 2003 suae
2946 1950 3264 2017 prarscntim.
3321 1952 3496 2020 Atque
3548 1963 3676 2008 tunc

2101 2053 2224 2106 roga
2271 2049 2328 2091 ut
2370 2038 2530 2093 talem
2577 2041 2668 2095 det
2710 2056 2988 2109 sponsum.
3033 2042 3112 2098 Ne
3152 2044 3226 2098 sis
3263 2058 3422 2099 servo
3448 2046 3675 2104 Abram:

2099 2127 2354 2194 deterior,
2401 2130 2490 2200 qui
2544 2131 2610 2185 ad
2661 2140 2858 2186 tantam
2911 2133 3106 2188 missus
3151 2137 3673 2206 peregrinationem.

2101 2221 2250 2273 novit
2295 2236 2403 2290 quo
2447 2230 2590 2276 esset
2629 2222 3065 2294 confugiendum,
3115 2233 3171 2280 ct
3218 2225 3339 2280 ideo
3377 2227 3553 2281 omnia
3591 2237 3676 2282 est

2098 2322 2476 2382 consequutus.
2509 2312 2732 2379 Quando
2762 2324 2814 2368 tu
2844 2328 2905 2368 es
2930 2315 3211 2382 sollicitus,
3241 2325 3294 2370 et
3326 2316 3507 2372 virum
3535 2333 3676 2388 qua:-

2099 2402 2191 2463 ris,
2226 2417 2478 2470 precare.
2505 2403 2594 2458 dic
2637 2404 2776 2469 Deo,
2805 2405 2974 2472 Quem
3005 2415 3057 2458 tu
3090 2405 3221 2460 velis
3251 2407 3514 2475 provide;
3560 2423 3671 2464 rem

2099 2499 2260 2544 totam
2291 2493 2338 2546 ci
2368 2493 2517 2548 trade
2544 2503 2598 2548 et
2626 2496 2900 2550 committe
2931 2514 2943 2548 :
2982 2495 3084 2552 hoc
3109 2507 3287 2552 autem
3319 2513 3350 2552 a
3378 2507 3430 2552 tc
3455 2509 3676 2553 ornatus

2099 2581 2323 2648 honore,
2349 2591 2403 2636 te
2431 2586 2881 2639 remunerabitur.
2912 2586 3023 2639 Duo
3055 2595 3202 2641 certe
3233 2596 3448 2656 oportet
3476 2587 3671 2653 facere.

2096 2694 2288 2746 nempe
2313 2695 2424 2734 rem
2460 2679 2530 2734 illi
2555 2683 2913 2748 committere,
2934 2691 2988 2738 et
3012 2684 3166 2739 talem
3191 2701 3432 2755 qumrere
3461 2690 3672 2757 qualem

2095 2768 2206 2838 ipse
2253 2770 2383 2836 vult,
2415 2787 2604 2841 nempe
2653 2774 2873 2842 probum
2920 2785 2971 2828 et
3003 2774 3304 2831 honestum.
3351 2777 3574 2843 Quando
3614 2795 3671 2834 ei

2095 2862 2332 2918 facturus
2359 2866 2570 2934 nuptias
2589 2906 2604 2930 ,
2637 2883 2700 2921 ne
2731 2866 2918 2922 domos
2944 2868 3144 2935 obeas,
3173 2871 3388 2938 specula
3416 2881 3471 2925 et
3497 2881 3672 2928 vestes

2092 2956 2430 3011 commodato
2456 2959 2725 3024 accipiens
2760 2976 2772 3010 :
2805 2973 2892 3012 res
2915 2960 3054 3013 enim
3085 2976 3188 3014 non
3233 2961 3288 3014 lit
3331 2961 3396 3014 ad
3437 2971 3672 3016 ostenta-

2095 3048 2314 3113 tionem,
2349 3064 2521 3118 neque
2569 3050 2731 3102 filiam
2761 3050 2981 3104 adducis
3029 3053 3092 3104 ad
3140 3068 3423 3122 pompam;
3469 3053 3562 3106 sed
3609 3054 3672 3107 iis

2092 3153 2210 3206 qua:
2240 3139 2292 3191 in
2322 3153 2382 3192 ea
2410 3149 2532 3191 sunt
2559 3139 2774 3192 domum
2805 3139 3108 3194 cshiiarans
3134 3182 3149 3206 ,
3193 3157 3326 3196 voca
3375 3143 3577 3196 vicinos
3617 3153 3673 3198 et

2092 3227 2293 3280 amicos
2319 3236 2372 3279 et
2397 3236 2649 3296 cognatos
2676 3244 2690 3292 ;
2723 3243 2858 3297 quos
2886 3229 3022 3282 nosti
3046 3229 3257 3298 quidem
3281 3231 3451 3285 bonos
3471 3241 3524 3287 et
3550 3248 3670 3302 pro-

2093 3317 2221 3381 bos,
2269 3333 2362 3371 eos
2403 3334 2567 3381 voca,
2609 3327 2662 3372 et
2708 3330 2763 3371 nt
2805 3320 2867 3372 iis
2909 3335 3026 3389 quae
3069 3321 3262 3374 adsunt
3291 3325 3524 3378 contenti
3564 3325 3672 3380 sint

2091 3410 2338 3463 admone.
2390 3409 2468 3462 Ex
2513 3409 2577 3463 iis
2607 3411 2694 3479 qui
2736 3420 2946 3465 suntex
2983 3411 3256 3467 orchestra
3283 3414 3422 3470 adsit
3452 3419 3666 3486 nullus;

2093 3499 2198 3553 illic
2243 3498 2382 3553 enim
2423 3507 2506 3553 est
2549 3511 2791 3570 sumptus
2831 3517 3254 3570 supervacancus
3284 3517 3335 3559 et
3362 3507 3665 3566 indecorus.

2092 3592 2230 3645 Ante
2252 3592 2384 3644 alios
2405 3607 2592 3644 omnes
2615 3607 2741 3645 voca
2768 3592 3036 3647 Christum
3067 3612 3079 3647 :
3110 3595 3215 3649 scis
3245 3612 3340 3666 per
3363 3614 3517 3668 quem
3545 3617 3666 3656 eum

2092 3681 2324 3734 vocabis.
2361 3680 2458 3748 Qui
2494 3681 2702 3748 fecerit,
2731 3683 2920 3752 inquit,
2967 3683 3055 3736 uni
3113 3699 3177 3738 ex
3229 3686 3485 3751 minimis.
3537 3691 3666 3746 mihi

2093 3773 2215 3827 fecit
2249 3772 2458 3844 (Matt/1.
2484 3773 2572 3827 25.
2605 3774 2716 3844 45).
2748 3774 2824 3828 Ne
2861 3785 3015 3843 putes
3059 3791 3168 3829 rem
3200 3791 3318 3833 esse
3355 3795 3569 3849 gravem
3613 3793 3669 3837 et

2094 3867 2395 3929 molestam,
2442 3881 2704 3932 pauperes
2750 3880 2946 3919 vocare
2989 3875 3206 3934 propter
3231 3869 3500 3925 Christum
3534 3889 3546 3925 :
3581 3887 3669 3928 res

2093 3967 2175 4012 est
2213 3959 2387 4026 gravis
2437 3965 2492 4011 et
2529 3957 2752 4010 molesta
2797 3971 2987 4010 vocare
3030 3959 3356 4013 meretrices.
3402 3961 3667 4032 Pazzpcres

2092 4048 2234 4102 enim
2267 4062 2481 4109 vocare,
2509 4061 2569 4100 ea
2599 4061 2684 4100 res
2713 4055 2794 4099 cst
2823 4047 3035 4100 occasio
3060 4045 3385 4115 divitiarum,
3422 4052 3549 4105 illud
3575 4067 3668 4106 au-

2095 4147 2198 4191 tem
2240 4139 2532 4192 eversionis
2581 4147 2636 4189 et
2673 4137 2843 4190 exitii.
2889 4138 3028 4190 Orna
3061 4152 3309 4204 sponsam
3358 4155 3461 4194 non
3490 4144 3665 4195 aureis

2101 4227 2457 4292 ornamentis,
2485 4226 2581 4279 sed
2613 4225 3018 4279 mansuetudine
3045 4234 3098 4278 et
3128 4226 3328 4294 pudore
3356 4238 3409 4280 et
3439 4244 3668 4286 consue-

2096 4316 2162 4370 tis
2189 4316 2454 4378 vestibus;
2484 4330 2581 4382 pro
2605 4315 2794 4382 quovis
2825 4315 3021 4367 mundo
3049 4331 3210 4368 aureo
3236 4324 3289 4368 et
3322 4317 3666 4385 implicaturis

2094 4416 2145 4460 ct
2195 4405 2474 4458 intexturis
2525 4404 2750 4457 induens
2801 4404 3057 4474 pudorem
3098 4413 3152 4457 et
3179 4407 3580 4471 verecundiam,
3613 4420 3667 4463 ct

2093 4497 2180 4550 illa
2213 4504 2262 4548 ut
2294 4510 2361 4548 ne
2395 4505 2618 4563 qumrat.
2648 4493 2834 4547 Nullus
2860 4493 2926 4545 sit
2958 4493 3239 4559 tumultus,
3281 4495 3422 4548 nulla
3453 4506 3665 4565 pertur-

2093 4585 2237 4638 batio
2266 4601 2278 4636 :
2315 4593 2537 4637 vocetur
2561 4598 2822 4652 sponsus,
2855 4583 3079 4651 accipiat
3123 4584 3403 4653 virginem.
3437 4586 3666 4642 Prandia

2093 4685 2147 4730 et
2175 4689 2341 4730 cmnrc
2365 4689 2469 4727 non
2497 4673 2602 4728 sint
2629 4675 2780 4743 plena
2809 4674 3084 4738 ebrietate,
3108 4674 3201 4729 sed
3231 4676 3488 4743 spirituali
3519 4678 3671 4732 volu-

2099 4773 2263 4834 ptate.
2299 4764 2575 4817 Innumero
2607 4764 2746 4817 enim
2781 4763 2915 4816 bona
2947 4779 3009 4816 ex
3041 4764 3234 4818 talibus
3271 4765 3465 4834 nuptiis
3494 4782 3670 4821 cmer-

2096 4866 2240 4925 gent,
2269 4863 2324 4910 ct
2347 4870 2465 4925 qua:
2497 4855 2560 4907 ad
2594 4855 2751 4908 vitam
2782 4855 3046 4922 pertinent
3079 4855 3129 4907 in
3159 4863 3269 4908 tuto
3293 4864 3469 4909 erunt.
3503 4857 3578 4912 Ex
3607 4859 3669 4912 iis

2095 4959 2270 5001 autem
2289 4963 2406 5016 quae
2437 4962 2577 5001 nunc
2599 4946 2731 4999 finiit
2752 4947 2948 5014 nuptiis
2979 4945 3041 5012 (si
3071 4946 3264 5013 nuptia:
3289 4955 3342 5000 et
3365 4962 3469 5000 non
3495 4949 3671 5017 potius

2098 5053 2303 5108 pompa:
2331 5046 2451 5088 sunt
2484 5033 2766 5102 dicemus),
2804 5033 2924 5086 vide
2955 5043 3081 5101 quot
3110 5033 3268 5086 mala.
3316 5035 3498 5092 Soluta
3545 5047 3670 5092 sunt

2096 5127 2388 5187 cmnacnla,
2430 5135 2483 5179 et
2525 5124 2702 5178 statim
2733 5123 2952 5176 incessit
2973 5138 3098 5175 cura
3131 5133 3185 5176 et
3216 5134 3412 5189 metus,
3443 5141 3510 5181 ne
3541 5128 3666 5196 quid

2098 5217 2429 5274 interciderit
2464 5232 2526 5269 es
2556 5217 2617 5267 iis
2643 5231 2759 5283 qum
2786 5214 3122 5268 commodato
3143 5226 3364 5284 accepta
3397 5227 3549 5273 erant
3574 5260 3588 5286 ,
3618 5230 3670 5275 ct

2097 5311 2420 5378 voluptatem
2451 5307 2647 5374 excipit
2688 5304 3040 5358 intolerabilis
3068 5305 3230 5358 animi
3269 5307 3547 5375 :rgritudo.
3601 5315 3669 5364 At

2099 5401 2186 5454 hic
2232 5413 2398 5467 angor
2441 5406 2492 5450 ct
2542 5396 2657 5449 lucc
2708 5394 2952 5448 molestia
2995 5404 3074 5447 est
3106 5397 3516 5463 pruenti-atricis;
3563 5399 3673 5453 imo

2097 5507 2226 5546 vero
2263 5507 2327 5544 ne
2376 5489 2484 5557 ipsa
2535 5487 2743 5555 quidem
2794 5499 2990 5554 sponsa
3036 5494 3118 5539 est
3145 5485 3210 5538 ab
3241 5485 3321 5539 his
3360 5486 3524 5541 libera
3559 5504 3572 5540 :
3604 5503 3668 5543 eo

2098 5581 2311 5652 quidem
2363 5586 2508 5632 certe
2552 5593 2671 5635 mue
2717 5575 3008 5629 succedunt
3058 5583 3238 5644 postea
3290 5590 3501 5644 sponsae
3547 5585 3671 5633 sunt

2101 5672 2298 5725 omnia.
2331 5669 2524 5722 Videre
2575 5668 2714 5721 enim
2761 5664 2978 5720 dissolvi
3015 5666 3216 5730 omnia,
3264 5675 3346 5720 est
3391 5681 3673 5738 argumen-

3231 5749 3311 5810 25
