4010 6142
397 337 494 392 59]
945 291 966 320 ο
1120 326 1175 381 S.
1207 320 1480 379 JO.\NNIS
1507 313 1984 374 CIIRYSOSTOMI
2023 310 2342 368 ARCIIIEP.
2384 307 2918 367 CONSTANTINOP.
3541 303 3646 357 39S

398 461 508 505 tum
540 446 768 503 tristitize
800 461 811 496 :
845 442 1026 496 videre
1054 438 1268 493 domum
1308 436 1575 490 desis-tam
1597 475 1610 498 ,
1653 442 1732 488 est
1766 446 1964 486 πλωτο-
2071 446 2206 493 mus.
2237 439 2294 484 ut
2323 429 2432 483 Deo
2462 427 2786 498 placeamus,
2817 433 2872 480 et
2907 422 3051 493 digni
3079 421 3372 475 habeamur
3404 421 3493 490 qui
3516 435 3645 475 eon-

397 542 475 596 ris
515 537 744 594 occasio.
777 533 888 588 Illic
915 530 1177 591 Christus,
1220 527 1306 581 hic
1347 532 1598 590 satanas;
1630 524 1735 577 illic
1762 523 1963 586 laetitia,
2069 535 2354 589 semiamur
2395 518 2532 573 bona
2575 531 2695 585 quae
2740 523 2866 569 sunt
2914 512 3175 583 promissa
3227 513 3293 564 iis
3337 511 3427 580 qui
3474 512 3642 580 ipsum

391 634 482 687 hic
524 644 684 692 cura;
737 627 843 680 illic
895 623 1158 689 voluptas,
1193 619 1279 673 hie
1326 617 1514 679 dolor;
1545 616 1652 669 illic
1678 622 1960 682 sumptus,
2070 611 2316 681 diligunt,
2363 610 2533 679 gratia
2583 618 2636 663 et
2686 605 3016 676 benignitate
3060 603 3268 658 Domini
3313 605 3482 656 nostri
3520 602 3643 657 Jesu

385 722 483 774 'liic
529 717 658 772 nihil
690 714 828 776 tale;
860 711 965 764 Tac
993 709 1255 778 probrum
1273 717 1326 761 ct
1353 705 1617 766 dedecus,
1655 702 1741 756 hic
1785 700 1966 754 mode-
2068 701 2288 760 Christi.
2319 701 2401 755 cui
2430 713 2552 753 cum
2582 699 2742 753 Patre
2765 705 2818 751 et
2842 694 3042 764 Spiritu
3082 701 3268 748 sancto
3310 692 3502 761 gloria,
3539 692 3638 744 im-

391 811 521 872 stia;
554 805 662 859 illic
689 774 913 863 invidia,
946 774 1034 854 hic
1073 797 1214 850 nulla
1230 774 1416 864 .plane
1459 804 1541 849 est
1567 791 1762 847 invidia
1793 807 1808 855 ;
1858 789 1966 843 illic
2070 795 2295 863 perium.
2329 793 2520 857 honor,
2550 805 2692 845 nunc
2719 801 2771 844 et
2799 802 3031 857 semper,
3072 796 3127 842 et
3158 786 3212 841 in
3243 786 3439 841 saecula
3467 799 3638 840 saecu-

399 899 650 962 ebrietas,
701 894 788 948 hic
831 893 1097 947 sobrietas
1126 888 1250 957 ;hic
1277 888 1444 948 salus,
1477 886 1562 940 hic
1591 881 1959 952 temperantia.
2069 886 2258 938 lorum.
2307 887 2492 938 Amen.

395 989 517 1042 llaec
541 995 717 1040 antem
754 983 930 1039 omnia
956 981 1272 1050 cogitantes,
1297 976 1558 1030 hactenus
1588 974 1782 1027 malum
1810 972 1963 1026 sista-

406 1245 3609 1283 WE

1017 1528 1400 1590 MONITUM
1449 1530 1554 1590 AD
1600 1524 1992 1590 HOMILIA‘S
2025 1528 2084 1588 S.
2119 1525 2450 1588 JOANNIS
2489 1524 3056 1588 CHRYSOSTOMI

459 1765 577 1822 Has
606 1779 824 1834 quoque
857 1762 1230 1834 Chrysostomi
1261 1763 1315 1817 in
1346 1762 1614 1832 Epistolas
1640 1762 1706 1816 ad
1738 1763 2253 1819 Thessalonicenses
2283 1764 2536 1818 homilias
2567 1761 3038 1832 Constantinopoli
3077 1761 3294 1818 habitas
3319 1763 3488 1820 fuisse
3518 1765 3635 1836 ipse

393 1905 746 1962 concionator
779 1901 1022 1958 insinuat
1055 1918 1178 1957 cum
1217 1901 1353 1956 dicit
1390 1902 1612 1957 homilia
1652 1909 1840 1956 octava
1877 1902 1930 1955 in
1966 1902 2196 1971 primam
2232 1903 2530 1972 Epistolam
2569 1903 2714 1956 circa
2757 1900 2921 1956 tinem
2958 1918 2971 1955 :
3013 1902 3126 1973 Ego
3165 1911 3343 1959 autem
3381 1905 3638 1962 obnoxius

388 2067 507 2106 sum
535 2048 811 2104 reddendae
839 2048 1037 2102 rationi
1064 2048 1220 2117 hujus
1249 2047 1614 2117 praefecturae;
1646 2047 1724 2100 ita
1753 2056 1808 2100 ut
1835 2063 1928 2118 ego
1957 2050 2191 2103 omnium
2216 2049 2445 2103 maxime
2469 2049 2692 2119 effugere
2720 2063 2997 2119 nequeam.
3029 2047 3263 2113 Homilia
3289 2063 3422 2103 vero
3445 2059 3637 2118 quarta

390 2194 458 2249 ad
491 2194 790 2250 secundam
813 2194 882 2249 ad
909 2195 1427 2251 Thessalonicenses
1451 2193 1749 2263 Epistolam
1777 2194 2014 2263 idipsum
2043 2195 2186 2249 clare
2209 2195 2460 2250 enuntiat
2479 2195 2564 2250 his
2592 2193 2779 2248 verbis
2806 2211 2819 2248 :
2844 2192 3135 2248 Adversum
3162 2208 3252 2246 nos
3283 2191 3523 2246 diabolus
3549 2209 3640 2246 ar-

389 2349 568 2394 matur
596 2342 943 2395 vehementius
969 2357 987 2394 :
1015 2341 1070 2393 in
1097 2339 1246 2394 bellis
1279 2339 1419 2393 enim
1449 2349 1571 2392 ante
1601 2337 1735 2393 alios
1766 2355 1943 2392 omnes
1964 2339 2086 2394 belli
2110 2340 2290 2392 ducem
2317 2347 2546 2393 sternere
2575 2346 2797 2392 conatur
2825 2336 3178 2391 adversarius.

456 2473 1188 2544 Constantinopolitanorum
1214 2487 1346 2542 ergo
1364 2473 1496 2527 vitia
1523 2473 1723 2541 passim
1750 2472 2086 2542 perstringit,
2114 2473 2168 2525 in
2195 2471 2423 2542 illosque
2449 2473 2680 2527 maxime
2708 2471 3004 2536 invehitur,
3028 2471 3122 2539 qui
3153 2468 3634 2536 incantationibus,

388 2601 740 2673 tigaminibus
760 2619 823 2658 ac
850 2602 1177 2657 divinationi
1203 2617 1428 2672 operam
1458 2602 1681 2656 dabant.
1711 2602 2020 2657 Theatralia
2050 2604 2358 2672 spectacula
2388 2604 2710 2672 proscribit;
2747 2620 2848 2659 nec
2883 2605 3082 2676 injuria
3107 2614 3256 2659 certe
3285 2622 3299 2657 :
3329 2604 3454 2658 talia
3478 2604 3626 2658 enim

386 2738 788 2793 oblectamenta
812 2739 867 2794 in
889 2740 1192 2810 perniciem
1219 2750 1270 2796 ct
1290 2741 1553 2811 juvenum
1575 2751 1632 2797 et
1651 2742 1892 2796 virorum
1918 2757 2134 2813 semper
2156 2743 2390 2810 cedunt;
2414 2746 2648 2800 maxime
2670 2761 2802 2801 vero
2827 2743 3322 2814 Constantinopoli,
3349 2744 3444 2798 ubi
3470 2743 3628 2798 nudae

383 2876 644 2932 mulieres
674 2877 731 2932 in
764 2892 927 2933 scena
955 2881 1366 2948 comparebant.
1398 2879 1570 2946 Quam
1600 2889 1808 2950 pestem
1840 2888 1899 2935 ut
1927 2891 2194 2947 amoveat,
2227 2883 2364 2936 nihil
2389 2898 2501 2939 non
2534 2883 2645 2953 agit
2671 2890 2893 2938 sanctus
2920 2884 3151 2938 antistes
3178 2881 3403 2936 homilia
3432 2881 3622 2950 quinta

378 3020 435 3067 et
466 3012 522 3067 in
556 3013 679 3070 aliis
704 3013 868 3070 etiam
893 3030 1015 3084 qua:
1048 3015 1344 3084 praemissa:
1372 3014 1527 3070 fuere
1558 3012 1936 3069 concionibus.

447 3146 634 3220 Carpit
659 3151 826 3207 etiam
853 3152 998 3218 illos,
1032 3151 1129 3223 qui
1154 3153 1326 3207 nimio
1352 3152 1501 3207 luctu
1528 3151 1818 3206 defunctos
1842 3149 2316 3220 prosequebantur
2341 3168 2355 3205 :
2379 3151 2502 3205 illos
2524 3166 2657 3205 vero
2683 3165 2806 3205 cum
2829 3149 3022 3221 primis
3045 3149 3140 3220 qui
3163 3153 3621 3207 resurrectionem

378 3283 578 3340 nullam
615 3284 735 3344 fore
769 3288 1090 3348 credebant.
1125 3288 1274 3356 Quos
1307 3288 1438 3345 alibi
1471 3289 1658 3351 etiam.
1693 3287 1868 3344 sicubi
1896 3285 2112 3343 occasio
2140 3286 2370 3354 feratur,
2402 3287 2659 3357 exagitat.
2696 3288 3005 3347 Verisimile
3037 3304 3274 3361 namque
3302 3301 3386 3347 est
3418 3293 3620 3347 multos

381 3654 3591 3712 *Μ

1314 3861 1721 3949 SANCTI
1772 3869 2176 3956 PATRIS
2241 3877 2667 3960 NOSTRI

749 4024 1594 4179 JOANNIS
1691 4036 3155 4194 CHRYSOSTOMI
3197 4155 3242 4219 θ

1196 4251 1791 4319 ARCHIEPiSCOPl
1834 4259 2786 4345 CONSTANTINOPOLITANI,

615 4407 726 4476 ΙΝ
799 4408 1404 4484 EPISTOLAM
1501 4415 1941 4489 PRIMAM
2039 4422 2188 4492 AD
2283 4426 3346 4507 THESSALONICENSES

1421 4555 2346 4654 COMMENTARIUS
2394 4561 2510 4652 (α).

1677 4716 2297 4777 φθι-οο-ιθψ

1760 4832 2102 4900 HOMILIA
2144 4843 2194 4903 Ι.

359 4974 486 5028 Cu.
524 4973 572 5026 Ι.
607 4987 656 5070 v.
690 4972 740 5070 i:
775 4970 970 5070 Paulus
998 4979 1043 5070 et
1065 4969 1306 5070 Sittiana:
1326 4980 1370 5023 et
1397 4968 1945 5070 Timotheus-Ecclesia
2121 4984 2340 5043 Domino
2363 4988 2486 5044 Iesu
2513 4992 2731 5046 Christo.
2763 4992 2815 5047 2.
2847 4993 3052 5049 Gratias
3072 4995 3266 5066 agimus
3293 4995 3396 5053 Deo
3421 5016 3616 5070 semper

438 5063 960 5117 ΤΙιεεδτιΙθηῖοεηθίωη
1008 5062 1062 5115 in
1116 5059 1218 5115 θεο
1257 5061 1414 5115 Patre
1465 5071 1510 5115 ε’
1550 5061 1766 5117 Πονπίηο
1812 5064 1939 5120 «lem
2116 5094 2206 5146 pro
2231 5080 2461 5135 omnibus
2483 5082 2638 5146 vobis,
2679 5086 2970 5138 memoriam
2990 5059 3140 5140 vestri
3160 5090 3399 5157 facientes
3419 5091 3471 5142 in
3493 5059 3611 5142 ora-

435 5155 654 5222 Christo,
695 5153 857 5220 qratia
893 5153 1029 5208 vobis
1055 5161 1102 5208 et
1127 5167 1229 5223 paa:
1265 5167 1296 5206 a
1348 5151 1454 5206 Deo
1506 5151 1659 5207 Patre
1695 5165 1863 5210 nostra
1892 5167 1938 5210 et

2113 5169 2328 5222 tionibus
2356 5173 2557 5236 nostris,
2584 5173 2636 5226 5.
2665 5175 2775 5226 sine
2793 5175 3159 5230 intermissione
3181 5194 3424 5232 memores
3450 5181 3614 5248 aperis

975 5333 987 5340 _
1018 5338 1028 5340 Α
1060 5325 1104 5340 ,η
1127 5339 1134 5340 7
1157 5338 1194 5340 μ
1318 5339 1323 5340 ί
1360 5334 1369 5340 _
1409 5326 1449 5340 ,ι
1499 5325 1561 5340 An
1709 5328 1738 5340 η
1781 5327 1791 5338 ⁸
1849 5327 1879 5340 η
2114 5261 2233 5327 ﬁdei
2267 5272 2442 5316 υεεινω
2469 5305 2481 5326 ,
2525 5274 2569 5317 ει
2597 5263 2782 5318 laboris
2808 5266 3066 5330 caritatis,
3110 5277 3157 5320 et
3182 5270 3490 5323 sustinentia:
3507 5273 3620 5340 spei

419 5330 492 5390 (α)
513 5325 600 5375 11.2
624 5325 831 5376 homilia:
851 5324 1037 5376 collatae
1060 5325 1200 5374 fuere
1226 5339 1333 5374 cum
1359 5326 1518 5375 tribus
1529 5324 1821 5376 Colbertinis
1845 5327 1932 5376 Co-

354 5389 558 5440 dicilms.
585 5401 632 5435 in
649 5388 824 5440 quibus
846 5388 1067 5435 omnibus
1088 5387 1276 5435 initium
1291 5387 1451 5436 deest.
1479 5387 1533 5435 ln
1555 5386 1744 5436 duobus
1766 5397 1928 5436 autem

2108 5348 2314 5404 Domini
2352 5355 2508 5407 nostri
2543 5353 2669 5408 J’esu
2719 5357 2922 5423 Christi,
2968 5367 3082 5411 ante
3118 5357 3282 5412 Deum
3318 5369 3367 5412 et
3409 5359 3614 5414 Patrem

543 5423 558 5441 .
585 5388 824 5449 inquibus
846 5388 1067 5435 omnibus
1088 5387 1276 5435 initium
1291 5387 1451 5436 deest.
1479 5387 1533 5435 In
1555 5386 1744 5436 duobus
1766 5397 1928 5436 autem
2108 5386 2312 5404 "‘""""
2352 5386 2504 5407 '"’°"‘
2543 5386 2669 5408 "‘"'
2719 5386 2922 5423 “""“"t
2968 5386 3082 5411 ""w
3118 5386 3282 5412 “3"”
3318 5386 3366 5412 “
3409 5386 3615 5414 “""m
3675 5419 3684 5452 ι

355 5448 462 5497 t‘mis
481 5445 805 5497 desideratur.
832 5445 976 5494 Initio
996 5449 1224 5496 memoria
1238 5447 1411 5496 labitur
1422 5446 1800 5510 Chrysostomus,
1820 5461 1927 5497 cum
2109 5450 2352 5494 nostrum.

355 5510 484 5555 dicit.
506 5511 571 5555 ad
596 5505 819 5555 Ephesios
851 5505 1064 5555 scribens
1095 5519 1230 5555 :non
1262 5509 1392 5555 enim
1436 5521 1496 5555 ea
1537 5521 1646 5555 nuze
1682 5509 1928 5555 subiungit
2111 5532 2128 5555 ι
2191 5532 2480 5555 nun“-..
2517 5533 2578 5555 -L
2615 5549 2819 5555 --__‘___
2857 5551 2874 5555 _
2897 5537 2919 5555 λ
2953 5537 3057 5555 ru,
3251 5524 3267 5555 ξ

354 5510 484 5566 dicit.
506 5511 571 5556 ad
596 5505 819 5568 Ephesia
851 5505 1064 5556 scribens
1095 5519 1230 5556 :non
1262 5509 1392 5556 enim
1436 5521 1496 5556 ea
1519 5505 1646 5566 ’(ιιιω
1682 5509 1928 5568 subjungit

360 5568 578 5629 Ephesiis
599 5570 784 5621 scribit,
811 5566 898 5615 sed
917 5567 1325 5630 Philippeusmus,
1345 5577 1402 5619 ut
1431 5568 1608 5618 ibidem
1633 5570 1682 5618 iu
1707 5567 1923 5630 ωλι-εἰει(-

2110 5532 2158 5583 t.
2190 5532 2482 5596 Quamnam
2513 5533 2582 5588 ob
2610 5549 2824 5590 causam
2854 5537 2919 5591 ad
2952 5536 3216 5605 Ephesios
3244 5524 3456 5609 ﬁuidem
3481 5539 3617 5594 scri-

361 5622 567 5675 nbtatur.
1043 5622 1056 5629 '
1076 5622 1090 5628 “
1307 5622 1321 5630 ’
1807 5622 1833 5630 ⁷
2035 5622 2184 5687 hens,
2213 5632 2268 5678 et
2297 5638 2475 5678 secum
2499 5625 2704 5681 habens
2736 5627 3075 5683 Timotheum
3097 5667 3112 5694 ,
3141 5642 3265 5686 cum
3293 5644 3474 5684 secum
3504 5644 3614 5684 non
