4010 6142
384 328 492 385 593

388 434 805 508 conjunxit,etsi
826 432 904 487 eis
926 438 1067 485 esset
1093 435 1250 483 notus
1277 434 1328 481 et
1354 424 1714 481 babereturin
1739 419 1972 478 admira-

394 534 539 586 tione
577 529 596 598 (
626 525 1041 596 Experimentum
1079 519 1221 575 enim
1250 518 1359 589 ejus
1394 516 1727 589 cognoscitis,
1760 513 1930 584 inquit
1955 553 1971 579 ,

394 622 530 693 quod
550 623 679 675 sicut
699 617 835 687 patri
861 614 999 684 ﬁlius
1029 626 1223 665 mecum
1252 608 1453 664 servivit
1478 623 1499 673 ;
1538 617 1593 664 et
1629 620 1837 671 rursus,
1865 602 1973 658 Ne-

400 718 580 769 minem
642 710 798 764 habeo
861 715 965 760 tam
1025 703 1313 756 unanimem
1336 740 1351 764 ,
1430 699 1515 769 qui
1573 700 1768 753 sincera
1830 694 1975 763 affe—

398 800 560 853 ctione
608 811 701 865 pro
738 790 876 846 vobis
913 788 976 842 sit
1026 785 1275 841 sollicitus
1313 781 1572 856 [Philipp.
1597 781 1655 837 2.
1680 781 1772 836 22.
1803 778 1973 866 20]);

400 892 486 945 hic
562 898 738 942 autem
811 897 934 939 eum
1010 878 1109 934 sibi
1172 874 1494 945 conjungit?
1567 874 1691 929 Mihi
1769 872 1978 927 videtur

397 980 537 1051 quod
580 977 759 1033 statim
817 989 939 1031 eum
988 977 1135 1028 esset
1194 968 1493 1033 missurus,
1554 976 1610 1022 et
1661 979 1978 1035 supervaca-

398 1084 555 1125 neum
595 1075 739 1122 esset
779 1073 837 1119 ut
902 1065 948 1117 is
1021 1060 1282 1116 scriberet
1327 1058 1415 1129 qui
1467 1073 1590 1112 mox
1630 1056 1812 1112 literas
1864 1065 1980 1111 erat

398 1169 758 1228 excepturus:
815 1156 946 1211 dicit
996 1155 1139 1210 enim
1165 1196 1180 1220 ,
1215 1151 1366 1205 Hunc
1402 1166 1549 1220 spero
1586 1151 1780 1205 mittere
1806 1149 1875 1202 ad
1894 1165 1981 1203 vos

405 1252 634 1320 proxime
674 1246 782 1318 (ib.
810 1263 858 1300 υ.
884 1245 957 1299 25
992 1245 1029 1316 ).
1091 1243 1187 1298 llic
1228 1251 1409 1297 autem
1437 1256 1543 1295 non
1576 1241 1679 1303 ita;
1727 1240 1821 1295 sed
1865 1249 1980 1294 erat

407 1354 657 1397 reversus
680 1382 695 1407 ,
736 1335 1085 1409 quamobrem
1111 1335 1304 1389 merito
1342 1332 1644 1389 scribebat:
1687 1346 1811 1385 nam
1853 1330 1979 1385 Cum

405 1447 566 1497 nuper
594 1467 611 1495 ,
670 1428 884 1497 inquit,
924 1426 992 1479 ad
1027 1440 1119 1478 nos
1156 1424 1368 1478 venisset
1433 1422 1721 1475 Timotheus
1766 1438 1798 1474 a
1845 1422 1982 1475 vobis

408 1523 488 1589 (l.
518 1520 695 1574 Thess.
724 1519 775 1573 5.
811 1517 892 1587 6).
922 1516 1030 1571 Cur
1071 1526 1247 1570 autem
1285 1515 1332 1569 ei
1373 1513 1635 1583 praeponit
1670 1513 1980 1578 Silvanum,

407 1610 615 1666 etiamsi
638 1623 734 1663 suo
751 1606 1056 1662 testimonio
1074 1605 1475 1660 innumerabilia
1494 1604 1593 1673 ipsi
1608 1603 1744 1658 bona
1764 1604 1978 1668 tribuat,

407 1712 462 1756 et
487 1699 736 1754 omnibus
763 1712 885 1753 eum
913 1696 1223 1767 praeponat?
1268 1694 1430 1750 Forte
1454 1694 1666 1765 quidem
1699 1693 1839 1762 quod
1867 1695 1983 1763 ipse

407 1791 479 1844 ob
504 1805 750 1859 magnam
779 1787 1131 1842 humilitatem
1156 1786 1259 1841 hoc
1285 1786 1448 1840 vellet
1477 1793 1530 1840 et
1567 1797 1793 1862 rogaret.
1848 1784 1981 1839 Nam

406 1897 529 1937 eum
560 1881 768 1936 videret
798 1880 1109 1950 magistrum
1141 1879 1276 1933 adeo
1297 1892 1359 1934 se
1386 1877 1662 1932 humiliter
1681 1892 1883 1946 gerere,
1927 1888 1985 1932 ut

409 1988 590 2027 secum
618 1970 967 2040 coniungeret
987 1969 1305 2038 discipulum
1329 1983 1345 2033 ;
1376 1968 1546 2021 multo
1564 1968 1731 2036 magis
1751 1965 1851 2021 hoc
1873 1967 1986 2035 ipse

409 2061 683 2129 qmcsierit
699 2069 755 2114 et
774 2059 1131 2114 contenderit.
1164 2056 1364 2111 Paulus
1392 2057 1559 2123 enim,
1593 2055 1781 2127 inquit,
1809 2066 1855 2109 et
1873 2056 1985 2110 Sil-

412 2169 591 2216 uanus,
618 2162 664 2205 et
687 2150 978 2206 Timotheus
1009 2149 1249 2204 Ecclesia:
1266 2147 1804 2202 Thessalonicensium.
1831 2148 1905 2202 De
1929 2161 1991 2202 se

417 2244 505 2298 hic
534 2242 666 2297 nihil
692 2242 862 2311 ponit,
892 2256 997 2295 non
1027 2239 1300 2310 apostolus
1323 2280 1338 2305 ,
1380 2252 1485 2293 non
1517 2252 1723 2292 servus.
1768 2236 1893 2292 Mihi
1913 2237 1991 2292 vi-

416 2333 575 2388 detur
597 2347 711 2387 non.
730 2346 927 2402 ponere
962 2330 1303 2401 dignitatem,
1348 2338 1625 2399 propterea
1662 2328 1802 2399 quod
1847 2328 1885 2384 ii
1907 2343 1985 2385 es-

415 2406 541 2479 sent
588 2422 856 2478 cateebesi
895 2435 1086 2476 recens
1128 2420 1356 2486 imbuti,
1403 2430 1458 2475 et
1485 2418 1720 2475 nondum
1756 2420 1991 2489 accepis-

415 2522 541 2570 sent
571 2513 740 2583 ipsius
769 2512 1156 2582 esperientiam
1182 2528 1196 2565 :
1239 2511 1473 2581 alioquin
1496 2511 1655 2567 etiam
1685 2512 1859 2566 adhuc
1886 2512 1989 2567 iui-

413 2605 548 2658 tium
580 2602 976 2673 praedicationis
1001 2602 1139 2670 apud
1166 2602 1309 2671 ipsos
1331 2609 1466 2657 erat.
1502 2602 1761 2669 Ecclesia,
1794 2602 1988 2673 inquit,

416 2693 957 2748 Thessalonicensium.
976 2692 1222 2747 Pulchre.
1238 2690 1369 2759 Quia
1390 2693 1533 2747 enim
1554 2693 1849 2748 verisimile
1874 2701 1992 2749 erat

413 2789 538 2843 illos
558 2801 679 2842 esse
706 2800 904 2857 paucos
926 2826 943 2854 ,
996 2795 1053 2841 et
1104 2786 1338 2840 nondum
1365 2786 1683 2853 consistere,
1713 2796 1990 2857 propterea

410 2895 515 2934 eos
537 2879 844 2933 consolatur
861 2892 956 2947 per
975 2890 1171 2933 nomen
1195 2875 1449 2931 Ecclesiae
1472 2892 1488 2931 :
1514 2891 1637 2931 nam
1661 2876 1746 2931 ubi
1769 2878 1991 2932 multum

421 2980 636 3039 tempus
664 2969 1013 3038 praeterierat,
1055 2974 1111 3021 et
1136 2980 1358 3036 magnus
1383 2974 1497 3021 erat
1524 2975 1697 3023 cetus
1717 2966 1991 3034 Ecclesire,

418 3061 531 3115 hoc
577 3074 682 3114 non
710 3059 877 3130 ponit.
899 3059 1158 3127 Quoniam
1189 3066 1366 3114 autem
1406 3073 1601 3114 nomen
1639 3060 1995 3116 multitudinis

412 3162 479 3207 ut
506 3151 789 3223 plurimum
817 3165 1009 3206 nomen
1039 3150 1311 3216 Ecclesiae,
1350 3159 1407 3205 et
1444 3159 1615 3206 cretus
1653 3151 1763 3220 jam
1782 3151 1993 3207 collecti

409 3255 472 3300 et
515 3243 880 3307 consistentis,
931 3241 1051 3297 ideo
1077 3256 1172 3296 eos
1191 3241 1270 3295 sic
1296 3250 1470 3295 vocat.
1501 3240 1567 3294 In
1597 3239 1705 3295 Deo
1729 3281 1743 3306 ,
1784 3242 1954 3310 inquit
1975 3282 1992 3307 ,

407 3333 577 3389 Patre
597 3342 643 3386 et
664 3330 886 3387 Domino
906 3330 945 3385 Ι
946 3347 1034 3385 esu
1054 3330 1276 3385 Christo.
1297 3329 1574 3396 Ecclesiae,
1606 3331 1793 3401 inquit,
1821 3331 1993 3387 Thes-

408 3422 834 3478 salenicensium
882 3436 1002 3491 qua:
1030 3429 1115 3476 est
1139 3421 1191 3475 in
1214 3419 1343 3475 Deo.
1373 3421 1509 3476 Ecce
1536 3435 1720 3476 rursus
1750 3421 1896 3486 illud,
1928 3420 1995 3475 In

410 3513 562 3580 Deo,
599 3510 797 3567 dictum
823 3520 908 3567 est
937 3512 989 3565 in
1017 3510 1174 3566 Patre
1201 3519 1257 3566 et
1287 3510 1339 3564 in
1367 3510 1522 3566 Filio.
1548 3511 1680 3566 Illud
1706 3522 1906 3579 autem,
1928 3511 2014 3566 ln'

414 3602 535 3655 Deo
555 3642 570 3665 ,
597 3600 727 3655 dicit
747 3641 763 3666 ,
800 3601 922 3669 quia
948 3601 1131 3655 multa:
1160 3610 1315 3654 erant
1340 3601 1583 3656 ecclesia:
1605 3610 1659 3656 et
1680 3601 1916 3657 Judaicte
1940 3610 1995 3656 et

412 3692 651 3746 Grtecze.
702 3690 884 3761 Magna
912 3699 993 3746 est
1020 3690 1271 3760 dignitas,
1303 3699 1360 3746 et
1385 3693 1469 3745 cui
1499 3692 1631 3748 nihil
1659 3702 1742 3748 est
1766 3695 1990 3763 aequale,

411 3783 467 3838 si
494 3790 581 3837 est
609 3783 660 3836 in
685 3783 821 3837 Deo.
842 3782 997 3837 Fasit
1012 3798 1138 3852 ergo
1159 3783 1298 3837 Deus
1320 3792 1375 3837 ut
1397 3783 1511 3838 inec
1532 3800 1743 3853 quoque
1759 3785 1994 3839 Ecclesia

408 3877 505 3929 sic
537 3884 791 3928 vocetur:
820 3887 1011 3928 vereor
1038 3883 1212 3929 autem
1238 3889 1306 3930 ne
1325 3874 1482 3944 longe
1506 3874 1576 3928 sit
1599 3875 1666 3930 ab
1694 3874 1793 3930 hac
1812 3878 1999 3945 appel-

406 3969 646 4023 latione.
672 3965 805 4020 Nam
835 3965 880 4020 si
905 3965 1023 4036 quis
1059 3976 1142 4021 est
1176 3979 1360 4022 servus
1390 3966 1588 4036 peccati
1619 4005 1636 4032 ,
1688 3981 1794 4021 non
1823 3975 1998 4036 potest

404 4061 527 4117 dici
557 4061 610 4115 in
639 4060 765 4114 Deo.
801 4057 978 4113 Gratia
1029 4058 1164 4113 vobis
1203 4069 1248 4112 et
1289 4074 1410 4129 pax.
1470 4057 1655 4112 Vidisti
1682 4059 1996 4127 promminm

404 4151 681 4223 Epistolas
709 4150 889 4205 statim
919 4163 1040 4204 esse
1068 4165 1098 4205 a
1127 4149 1406 4205 laudibus?
1432 4148 1636 4204 Gratias
1663 4151 1861 4220 agimus
1890 4149 1998 4204 Deo

402 4259 625 4313 semper
668 4257 761 4312 pro
797 4241 1034 4295 omnibus
1062 4240 1221 4306 vobis,
1270 4241 1562 4294 memoriam
1587 4228 1999 4317 veslrifacientes

400 4342 462 4391 in
495 4334 818 4389 orationibus
866 4333 1068 4388 nostris.
1095 4332 1227 4388 Nam
1257 4334 1353 4402 pro
1385 4333 1514 4402 ipsis
1555 4333 1663 4387 Deo
1699 4348 1858 4403 agere
1882 4348 2003 4401 gra-

402 4430 548 4492 tias,
590 4434 673 4480 est
700 4425 816 4496 eius
834 4425 924 4494 qui
951 4439 1050 4478 suo
1080 4424 1386 4479 testimonio
1416 4424 1545 4492 ipsis
1571 4424 1797 4478 multum
1821 4424 2002 4480 tribuit

404 4518 723 4589 profectum
750 4559 764 4583 ,
811 4516 1027 4587 quando
1057 4531 1161 4570 non
1190 4516 1360 4570 solum
1404 4515 1503 4584 ipsi
1535 4516 1851 4582 laudantur,
1906 4516 2000 4571 sed

405 4611 538 4663 Deo
563 4620 774 4676 quoque
802 4616 1031 4676 aguntur
1055 4606 1261 4675 gratiae,
1317 4612 1374 4658 ut
1399 4606 1487 4675 qui
1520 4605 1633 4673 ipse
1658 4606 1834 4660 omnia
1874 4620 2002 4675 ope-

398 4710 597 4756 retur.
630 4699 794 4753 Docet
821 4712 917 4752 eos
942 4710 1153 4766 quoque
1197 4710 1256 4750 se
1286 4694 1529 4750 modeste
1564 4709 1772 4763 gerere,
1813 4710 2005 4765 prope-

395 4787 644 4845 modum
692 4786 877 4841 diceus
917 4786 1226 4841 universum
1270 4799 1390 4840 esse
1430 4785 1520 4840 Dei
1551 4785 1778 4841 virtutis.
1831 4787 2006 4855 Atque

395 4877 633 4949 gratias
669 4876 884 4945 quidem
923 4890 1083 4945 agere
1108 4916 1121 4939 ,
1152 4885 1235 4930 est
1270 4883 1483 4946 propter
1519 4885 1663 4930 recte
1689 4876 1857 4939 facta;
1890 4891 2006 4931 me-

395 4968 655 5026 minisse
677 4977 857 5021 autem
883 4967 934 5021 in
956 4966 1310 5032 orationibus,
1338 4975 1422 5021 est
1448 4982 1557 5021 sua:
1598 4968 1650 5021 in
1692 4967 1836 5036 ipsos
1875 4967 2009 5022 dile—

389 5059 650 5117 ctionis.
679 5059 899 5121 Deinde,
927 5059 1069 5128 quod
1098 5059 1279 5114 multis
1302 5060 1352 5113 in
1382 5059 1511 5113 locis
1533 5060 1676 5126 facit,
1708 5070 1765 5115 ut
1792 5075 1896 5115 non
1917 5075 2007 5114 so-

386 5159 521 5210 lum
588 5151 896 5207 meminerit
951 5152 1002 5205 in
1048 5152 1418 5216 orationibus,
1468 5151 1563 5205 sed
1612 5152 1769 5206 etiam
1809 5152 2011 5222 absque

381 5246 759 5306 orationibus
785 5261 800 5310 ;
833 5244 961 5299 Siue
990 5245 1377 5311 intermissione,
1404 5245 1593 5314 inquit,
1621 5262 1862 5300 memores
1890 5261 2013 5310 ope-

382 5342 469 5393 ris
504 5334 645 5404 ﬁdei
676 5344 873 5397 vestrm,
925 5343 970 5387 et
1002 5333 1188 5386 laboris
1217 5334 1464 5399 caritatis,
1507 5342 1553 5387 et
1572 5335 1880 5388 sustinentia:
1904 5334 2011 5403 spei

382 5424 643 5487 Domini
667 5422 974 5477 nostrilesu
995 5422 1198 5487 Christi,
1230 5431 1346 5476 ante
1380 5421 1546 5476 Deum
1586 5434 1631 5476 et
1675 5423 1878 5478 Putrem
1915 5440 2011 5477 no-

384 5532 613 5578 strum.
639 5514 777 5580 Quid
800 5523 883 5568 e:t
911 5513 1059 5578 illud,
1086 5514 1209 5567 Sine
1226 5515 1591 5567 intermissione
1610 5531 1851 5569 memores
1874 5514 2015 5569 ?Ve|

379 5620 703 5672 memores
728 5614 853 5660 ante
880 5606 1047 5660 Deum
1071 5614 1126 5660 et
1155 5605 1363 5660 Patrem
1390 5622 1404 5670 ς
1436 5605 1517 5659 vel
1556 5605 1750 5660 laboris
1778 5606 2013 5661 caritatis

382 5713 704 5764 memores
754 5708 876 5753 ante
906 5699 1068 5753 Deum
1093 5706 1144 5752 et
1172 5698 1379 5753 Patrem
1412 5708 1671 5753 nostrum.
1702 5697 1817 5753 Non
1845 5700 2013 5752 solum

1244 312 1310 369 ΙΝ
1352 310 1569 368 ΕΡῘδΤ.
1613 309 1632 365 Ι
1699 309 1791 365 AD
1829 300 2159 362 TllESSAL.
2200 300 2353 358 CAP.
2396 301 2437 356 ι.
2480 297 2706 355 ιιοδιιι.

3553 299 3657 355 595

2078 422 2257 471 autem
2285 413 2437 479 dixit,
2472 412 2596 467 Sine
2622 409 2991 466 intermissione
3015 424 3276 477 memores,
3307 407 3402 465 sed
3429 411 3655 481 addidit,

2090 505 2271 560 Vestri.
2308 504 2540 567 Deinde,
2584 518 2652 558 ne
2697 510 2850 574 putes
2898 499 3047 565 illud,
3083 498 3245 554 Vestri
3273 541 3287 565 ,
3337 501 3453 557 sine
3494 517 3655 558 causa

2081 597 2207 661 dici,
2238 596 2532 665 subjunxit,
2563 595 2693 647 Ante
2716 592 2881 647 Deum
2912 600 2957 646 et
2987 591 3196 646 Patrem
3233 602 3480 648 nostrum.
3527 594 3659 661 Quia

2082 689 2225 746 enim
2258 689 2437 744 nullus
2463 686 2738 739 lanuuinum
2781 683 3025 739 laudabat
3054 699 3172 754 qua:
3211 683 3408 740 ﬂebant
3433 727 3448 750 ,
3500 702 3661 742 nemo

2083 779 2343 835 reddebat
2372 776 2697 841 mercedem,
2727 775 2828 829 hoc
2855 776 3014 831 etiam
3043 774 3191 830 addit
3220 794 3233 829 :
3264 792 3329 831 ac
3359 777 3404 832 si
3433 776 3658 842 diceret,

2083 869 2381 926 Cmdidite:
2424 884 2605 923 coram
2631 868 2739 921 Deo
2767 866 3042 923 laboratis.
3076 867 3213 933 Quid
3241 880 3342 935 est,
3386 867 3567 940 Operis
3594 871 3662 938 [i-

2084 963 2211 1018 dei?
2263 962 2562 1017 lustitutum
2590 971 2824 1014 vestrum
2856 967 2909 1013 et
2935 959 3238 1013 instantiam
3281 976 3439 1016 nemo
3464 961 3614 1016 flexit
3649 980 3661 1014 :

2087 1054 2188 1109 hoc
2212 1064 2295 1109 est
2319 1052 2459 1109 enim
2489 1067 2624 1123 Opus
2654 1051 2796 1107 ﬁdei.
2837 1051 2892 1107 Si
2919 1052 3116 1117 credis,
3156 1053 3333 1108 omnia
3364 1062 3545 1124 patere
3577 1073 3590 1109 :
3620 1056 3663 1108 si

2085 1155 2261 1201 autem
2310 1159 2414 1201 non
2462 1146 2695 1215 pateris,
2755 1160 2860 1199 non
2908 1144 3101 1199 credis.
3157 1145 3346 1198 Annon
3370 1146 3511 1200 enim
3541 1160 3666 1202 sunt

2087 1234 2347 1306 ejusmodi
2397 1251 2515 1306 qum
2561 1243 2686 1290 sunt
2726 1234 3008 1305 promissa,
3061 1242 3119 1287 ut
3166 1235 3248 1288 vel
3290 1235 3433 1290 mille
3465 1247 3665 1291 mortes

2090 1328 2196 1396 pati
2226 1328 2494 1383 electurus
2518 1327 2587 1382 sit
2614 1328 2703 1397 qui
2726 1327 2935 1383 credit?
2962 1326 3285 1395 Proponitur
3314 1343 3534 1397 regnum
3557 1344 3665 1383 cre-

2088 1418 2261 1471 lorum
2302 1425 2358 1472 et
2404 1419 2775 1471 immortalitas
2799 1425 2855 1471 et
2885 1419 2989 1469 vita
3014 1426 3231 1470 a‘tcrna.
3265 1418 3364 1484 Qui
3396 1433 3523 1486 ergo
3543 1434 3663 1472 crcc

2086 1509 2184 1572 dit,
2213 1508 2393 1561 omnia
2420 1508 2671 1577 patietur.
2698 1506 2838 1575 Ergo
2868 1505 2999 1559 iides
3031 1521 3125 1575 per
3152 1521 3313 1576 opera
3346 1509 3661 1562 ostenditur.

2088 1599 2274 1653 Merito
2301 1599 2459 1668 igitur
2481 1597 2636 1662 dixit,
2671 1597 2800 1650 Eam
2831 1612 2934 1651 non
2966 1606 3271 1666 utcumque.
3308 1598 3664 1670 sed'perope-

2090 1705 2147 1743 ra
2170 1688 2457 1754 ostendite,
2509 1702 2605 1756 per
2643 1686 2969 1751 instantiam,
3003 1702 3098 1756 per
3122 1686 3285 1741 animi
3313 1689 3660 1743 alacritatem.

2091 1780 2156 1833 Et
2180 1779 2366 1833 laboris
2393 1779 2640 1832 caritatis.
2668 1777 2922 1846 Quisnam
2951 1787 3033 1833 est
3061 1779 3209 1834 labor
3231 1790 3515 1852 urcmnqne
3540 1783 3665 1837 dili-

2089 1871 2252 1941 gere?
2291 1869 2479 1924 Nullus
2517 1868 2669 1924 labor
2698 1884 2712 1920 :
2755 1884 3006 1940 germane
3033 1879 3208 1925 autem
3236 1882 3291 1927 et
3309 1874 3515 1929 sincere
3541 1875 3666 1930 dili-

2091 1978 2216 2033 gere
2238 2003 2251 2028 ,
2298 1962 2499 2017 multus
2538 1972 2621 2017 est
2677 1963 2847 2018 labor.
2887 1959 3111 2030 Quando
3134 1965 3299 2030 enim,
3331 1965 3441 2023 die.
3463 1983 3664 2037 qua-so,

2094 2062 2377 2110 moventur
2403 2053 2810 2109 innumerabilia
2852 2069 2973 2125 qua:
3011 2070 3110 2110 nos
3143 2057 3322 2111 volunt
3350 2056 3613 2113 abducere
3637 2073 3668 2113 a

2093 2148 2314 2204 caritate
2337 2189 2352 2214 ,
2387 2161 2485 2202 nos
2512 2155 2689 2202 autem
2715 2147 2962 2203 omnibus
3009 2147 3325 2214 resistimus,
3380 2164 3557 2205 annon
3586 2161 3668 2205 est

2096 2240 2290 2295 labor?
2316 2238 2454 2307 Quid
2483 2240 2628 2295 enim
2668 2255 2774 2294 non
2800 2241 2940 2310 passi
2965 2251 3090 2296 sunt
3115 2242 3201 2297 iSti
3220 2283 3237 2309 ,
3290 2250 3349 2297 ut
3380 2256 3413 2297 α
3450 2245 3670 2301 caritazc

2097 2346 2201 2386 non
2225 2331 2611 2387 discederent?
2636 2346 2817 2388 nonne
2842 2333 2906 2387 ad
2936 2334 3083 2388 Pauli
3124 2334 3388 2404 hospitem
3406 2347 3670 2393 venerunt

2097 2425 2234 2497 (Act.
2258 2425 2346 2480 l7.
2378 2425 2458 2495 5),
2486 2424 2575 2495 qui
2598 2425 2797 2481 bellum
2827 2427 3082 2496 gerebant
3109 2443 3229 2483 cum
3253 2430 3628 2498 praedicatione
3652 2451 3667 2497 ;

2095 2524 2149 2572 ct
2176 2532 2296 2572 cum
2328 2532 2449 2571 eum
2477 2531 2581 2572 non
2615 2517 2943 2573 invenissent
2962 2561 2995 2593 ,_
3027 2518 3199 2589 ipsum
3232 2519 3472 2575 lasonem
3496 2520 3671 2576 trabe-

2098 2610 2226 2664 bant
2249 2609 2317 2664 ad
2345 2611 2685 2680 magistratus
2712 2610 2982 2668 civitatis?
3032 2611 3199 2668 llicne
3219 2614 3448 2684 est,die,
3468 2630 3668 2685 quarso,

2098 2715 2294 2770 parvus
2321 2699 2494 2765 labor,
2546 2715 2666 2755 cum
2712 2702 2916 2757 semina
2948 2703 3186 2758 nondum
3230 2704 3668 2762 cencrevissent.

2099 2800 2299 2847 tantam
2349 2791 2487 2848 ferre
2520 2801 2892 2863 tempestatem
2916 2836 2932 2859 ,
2982 2804 3155 2849 nautas
3204 2796 3527 2852 tentationes
3552 2798 3576 2851 ?
3606 2795 3673 2852 Et

2097 2883 2379 2936 cautionem
2403 2882 2465 2936 ab
2489 2898 2548 2937 eo
2568 2893 2835 2953 exegerunt
2864 2881 3022 2954 (Ibid.
3055 2900 3099 2938 υ.
3134 2885 3216 2953 9).
3268 2885 3382 2954 Qua
3415 2886 3559 2953 data,
3590 2887 3672 2941 in-

2098 2975 2231 3043 quit,
2262 2973 2441 3028 emisit
2462 2973 2705 3028 Paulum.
2741 2974 2905 3028 Estne
2937 2973 3037 3028 hoc
3062 2989 3308 3042 parvum,
3335 2975 3633 3046 dic,quteso
3652 2978 3683 3029 ἲ

2100 3080 2279 3119 nonne
2299 3065 2530 3134 seipsum
2551 3079 2649 3133 pro
2676 3063 2769 3119 illo
2796 3063 3017 3133 subjecit
3045 3064 3279 3133 periculo
3299 3066 3327 3119 ἓ
3350 3064 3501 3120 linire
3523 3065 3672 3119 labo-

2101 3171 2214 3210 rem
2242 3154 2371 3209 dicit
2394 3154 2655 3219 caritatis,
2683 3154 2935 3224 quoniam
2963 3153 3041 3207 sic
3069 3154 3288 3208 fuerunt
3319 3156 3539 3225 alligati.

2168 3244 2223 3297 2.
2250 3244 2388 3319 Vide
2412 3252 2592 3298 autem
2616 3261 2628 3297 :
2655 3243 2886 3312 primum
2913 3243 3041 3296 dicit
3062 3257 3181 3311 quae
3209 3242 3285 3296 illi
3318 3253 3464 3298 recte
3488 3258 3672 3314 gesse—

2100 3343 2246 3397 runt,
2269 3333 2462 3388 deinde
2481 3348 2601 3402 qua:
2641 3334 2778 3402 ipse,
2814 3348 2880 3386 ne
2905 3334 3181 3387 videretur
3207 3332 3276 3393 de
3304 3347 3362 3386 se
3391 3334 3533 3403 loqui
3566 3350 3695 3390 mar

2098 3425 2310 3495 gniﬁce,
2339 3439 2509 3492 neque
2522 3439 2614 3478 eos
2629 3424 2970 3494 anticipando
2990 3423 3230 3493 diligere.
3259 3424 3323 3478 Et
3342 3427 3671 3495 sustinentia,

2103 3516 2307 3582 inquit,
2361 3514 2410 3569 id
2438 3522 2542 3579 est,
2575 3514 2893 3569 tolerantim.
2924 3514 3104 3585 Neque
3127 3516 3267 3570 enim
3301 3530 3407 3571 uno
3435 3525 3675 3588 tempore

2102 3605 2200 3658 init
2247 3604 2335 3658 illa
2383 3605 2745 3674 persequutio‘,
2801 3605 2894 3659 sed
2949 3615 3254 3675 perpetuo:
3305 3621 3479 3678 neque
3505 3609 3675 3665 solum

2105 3696 2300 3750 bellum
2330 3697 2590 3766 gerebant
2612 3712 2730 3750 cum
2760 3697 2923 3751 Paulo
2951 3699 3224 3766 magistro,
3254 3699 3347 3754 sed
3375 3701 3534 3755 etiam
3555 3717 3674 3756 cum

2103 3788 2398 3855 discipulis.
2430 3787 2484 3840 Si
2510 3787 2654 3842 enim
2680 3789 2749 3841 ita
2774 3797 2926 3843 erant
2956 3789 3128 3844 adlecti
3156 3790 3207 3844 in
3236 3782 3330 3845 eos
3383 3791 3473 3861 qui
3513 3792 3674 3847 facie-

2104 3880 2231 3933 bant
2272 3880 2523 3933 miracula
2548 3920 2563 3942 ,
2617 3879 2759 3931 viros
2800 3880 2955 3947 plane
2994 3880 3355 3935 reverendus:
3412 3881 3677 3950 quomodo

2103 3972 2374 4026 existimas
2404 3970 2570 4024 fuisse
2598 3968 2818 4021 allectos
2840 3970 2891 4022 in
2918 3983 3011 4023 eos
3037 3971 3126 4038 qui
3155 3986 3276 4024 cum
3306 3972 3436 4040 ipsis
3465 3972 3672 4029 habita-

2104 4064 2248 4124 bant,
2272 4074 2566 4130 eorumque
2594 4060 2740 4114 cives
2756 4069 2930 4124 erant,
2958 4068 3012 4113 et
3036 4070 3257 4129 repente
3279 4061 3679 4119 abscedebant?

2104 4154 2255 4222 Quod
2281 4152 2497 4222 quidem
2524 4151 2591 4205 de
2618 4151 2746 4219 ipsis
2790 4164 3003 4219 quoque
3033 4158 3273 4213 testatur,
3303 4150 3507 4219 dicens,
3540 4151 3672 4208 lmi-

2105 4254 2286 4296 tatores
2313 4242 2480 4312 fuistis
2535 4239 2874 4293 Erclesiarum
2924 4239 3055 4304 Dei,
3110 4255 3223 4305 qum
3263 4250 3389 4294 sunt
3406 4242 3457 4295 in
3493 4242 3680 4297 Iudaea

2108 4336 2188 4403 (Ι.
2224 4334 2400 4388 Thess.
2437 4333 2492 4385 ξ.
2532 4330 2640 4399 ιιι).
2666 4330 2825 4401 Spei,
2880 4331 3043 4399 inquit
3068 4370 3083 4397 ,
3118 4331 3319 4385 Domini
3361 4336 3531 4390 nostri.
3556 4335 3680 4391 Iesu

2107 4426 2318 4491 Christi,
2344 4433 2460 4478 ante
2480 4422 2647 4476 Deum
2669 4431 2714 4476 et
2732 4423 2937 4476 Putrem
2962 4433 3206 4477 nostrum.
3226 4424 3396 4480 Recte
3424 4427 3501 4482 sic
3526 4428 3678 4484 dixit:

2109 4517 2222 4571 inec
2250 4516 2391 4571 enim
2417 4514 2595 4568 omnia
2627 4521 2752 4568 sunt
2775 4528 2805 4566 a
2836 4513 2942 4568 iide
2960 4522 3013 4569 et
3041 4530 3154 4584 spe.
3182 4514 3543 4582 Quamobrem
3573 4533 3678 4574 non

2109 4609 2280 4661 solum
2306 4604 2457 4658 fortis
2473 4612 2525 4658 ct
2546 4604 2719 4673 magni
2741 4603 2901 4657 animi
2926 4604 3173 4658 virtutem
3196 4606 3550 4660 ostendebant
3565 4622 3682 4676 qua:

2111 4699 2327 4761 iiebant,
2356 4696 2450 4751 sed
2478 4695 2638 4751 etiam
2668 4694 2815 4765 quod
2831 4710 2949 4749 cum
2967 4704 3108 4749 certa
3129 4697 3471 4764 persuasione
3492 4697 3684 4753 crede-

2117 4790 2246 4845 bant
2273 4786 2504 4857 prtemiis
2538 4786 2805 4855 repositis.
2835 4786 3123 4854 Pr0pterea
3174 4787 3518 4856 permittebat
3548 4787 3688 4845 Deus

2114 4891 2170 4935 ut
2199 4880 2378 4934 statim
2406 4878 2594 4933 tierent
2620 4878 3083 4947 persequutiones.
3110 4892 3176 4930 ne
3205 4876 3544 4944 quisdiceret
3557 4893 3683 4934 casu

2113 4981 2168 5026 et
2195 4971 2499 5025 adulatione
2525 4979 2776 5023 constare
2800 4966 3258 5036 prmdicationem,
3283 4974 3338 5020 et
3358 4974 3416 5020 ut
3435 4968 3685 5025 ostende-

2114 5074 2266 5119 retur
2290 5077 2472 5117 eorum
2504 5059 2713 5124 fervor;
2739 5065 2793 5112 et
2818 5056 2959 5125 quod
2988 5071 3094 5110 non
3122 5063 3264 5109 esset
3295 5055 3525 5110 humana
3555 5074 3683 5127 per-

2117 5154 2328 5215 suasio,
2377 5151 2469 5206 sed
2503 5151 2594 5204 Dei
2624 5150 2793 5202 virtus
2818 5162 2937 5215 qua:
2964 5145 3297 5199 credentium
3338 5150 3691 5216 persuabebat

2118 5245 2329 5303 animis,
2370 5249 2428 5295 ut
2455 5241 2540 5294 vel
2585 5239 2658 5292 ad
2699 5237 2843 5290 mille
2869 5246 3071 5288 mortes
3091 5244 3273 5289 essent
3300 5237 3488 5304 parati.
3538 5239 3690 5304 Quod

2120 5335 2333 5405 quidem
2377 5347 2489 5385 non.
2511 5330 2716 5393 luisset,
2759 5326 3060 5380 nisiaslatim
3088 5327 3140 5379 in
3172 5325 3435 5394 profundo
3457 5331 3689 5383 coaluis-

2121 5435 2223 5488 set,
2278 5434 2331 5476 et
2384 5419 2696 5473 conlirmata
2751 5415 2933 5470 fuisse!
2985 5416 3309 5482 przedicatio,
3363 5427 3421 5471 ct
3463 5421 3699 5474 stetisset

2126 5514 2432 5569 immobilis.
2481 5511 2533 5563 4.
2584 5509 2827 5569 Scientes,
2861 5510 3044 5576 fratres
3082 5508 3275 5572 dilecti,
3303 5524 3334 5559 a
3364 5509 3468 5561 Dru
3496 5509 3696 5564 electio~

2126 5621 2234 5657 nent
2282 5613 2513 5664 vestram,
2539 5601 2591 5655 5.
2622 5597 2757 5668 quod
2783 5597 3096 5666 euangelium
3119 5607 3346 5650 nostrum
3375 5614 3474 5651 non
3512 5601 3609 5665 fuit
3635 5604 3702 5654 ad

2130 5712 2209 5748 eos
2261 5695 2308 5745 in
2339 5708 2561 5746 sermone
2602 5698 2815 5755 tantum,
2868 5686 2955 5742 sed
2984 5697 3028 5743 et
3054 5688 3106 5743 in
3130 5688 3332 5754 virtute,
3357 5697 3402 5741 et
3429 5688 3477 5742 in
3506 5689 3707 5759 Spiritu
