  <div class='ocr_page' id='page_1' title='image "/cluster/home/n/w/nwhite01/storage/ocr_20150623/62/mdp.39015008622626/401.png"; bbox 0 0 4010 6142; ppageno 0'>
   <div class='ocr_carea' id='block_1_1' title="bbox 371 260 478 319">
    <p class='ocr_par' dir='ltr' id='par_1_1' title="bbox 371 260 478 319">
     <span class='ocr_line' id='line_1_1' title="bbox 371 260 478 319; baseline -0.019 -1"><span class='ocrx_word' id='word_1_1' title='bbox 371 260 478 319; x_wconf 72' lang='lat'><strong>395</strong></span> 
     </span>
    </p>
   </div>
   <div class='ocr_carea' id='block_1_2' title="bbox 368 367 1948 442">
    <p class='ocr_par' dir='ltr' id='par_1_2' title="bbox 368 367 1948 442">
     <span class='ocr_line' id='line_1_2' title="bbox 368 367 1948 442; baseline -0.004 -13"><span class='ocrx_word' id='word_1_2' title='bbox 368 382 565 436; x_wconf 83' lang='lat' dir='ltr'><strong>sancto,</strong></span> <span class='ocrx_word' id='word_1_3' title='bbox 604 379 652 425; x_wconf 88' lang='lat' dir='ltr'><strong>et</strong></span> <span class='ocrx_word' id='word_1_4' title='bbox 677 369 730 425; x_wconf 86' lang='lat' dir='ltr'><strong>in</strong></span> <span class='ocrx_word' id='word_1_5' title='bbox 759 368 1068 442; x_wconf 82' lang='lat' dir='ltr'><strong>plenitudine</strong></span> <span class='ocrx_word' id='word_1_6' title='bbox 1095 369 1255 422; x_wconf 83' lang='lat' dir='ltr'><strong>multa</strong></span> <span class='ocrx_word' id='word_1_7' title='bbox 1277 383 1298 422; x_wconf 84' lang='lat'><strong>.°</strong></span> <span class='ocrx_word' id='word_1_8' title='bbox 1326 369 1452 422; x_wconf 88' lang='lat' dir='ltr'><strong>sicut</strong></span> <span class='ocrx_word' id='word_1_9' title='bbox 1471 369 1609 423; x_wconf 87' lang='lat' dir='ltr'><strong>scitis</strong></span> <span class='ocrx_word' id='word_1_10' title='bbox 1630 367 1804 439; x_wconf 80' lang='lat' dir='ltr'><strong>quales</strong></span> <span class='ocrx_word' id='word_1_11' title='bbox 1832 368 1948 438; x_wconf 77' lang='lat' dir='ltr'><strong>[ue-</strong></span> 
     </span>
    </p>
   </div>
   <div class='ocr_carea' id='block_1_3' title="bbox 369 459 1949 533">
    <p class='ocr_par' dir='ltr' id='par_1_3' title="bbox 369 459 1949 533">
     <span class='ocr_line' id='line_1_3' title="bbox 369 459 1949 533; baseline -0.003 -13"><span class='ocrx_word' id='word_1_12' title='bbox 369 468 532 521; x_wconf 88' lang='lat' dir='ltr'><strong>rimus</strong></span> <span class='ocrx_word' id='word_1_13' title='bbox 559 463 612 518; x_wconf 88' lang='lat' dir='ltr'><strong>in</strong></span> <span class='ocrx_word' id='word_1_14' title='bbox 638 463 774 518; x_wconf 81' lang='lat' dir='ltr'><strong>vobis</strong></span> <span class='ocrx_word' id='word_1_15' title='bbox 791 471 998 533; x_wconf 87' lang='lat' dir='ltr'><strong>prapter</strong></span> <span class='ocrx_word' id='word_1_16' title='bbox 1025 475 1131 514; x_wconf 72' lang='lat' dir='ltr'><strong>vos.</strong></span> <span class='ocrx_word' id='word_1_17' title='bbox 1162 459 1301 527; x_wconf 83' lang='lat' dir='ltr'><strong>Quid</strong></span> <span class='ocrx_word' id='word_1_18' title='bbox 1330 468 1413 514; x_wconf 91' lang='lat' dir='ltr'><strong>est</strong></span> <span class='ocrx_word' id='word_1_19' title='bbox 1435 459 1577 530; x_wconf 90' lang='lat' dir='ltr'><strong>quod</strong></span> <span class='ocrx_word' id='word_1_20' title='bbox 1599 460 1750 526; x_wconf 92' lang='lat' dir='ltr'><strong>dicit,</strong></span> <span class='ocrx_word' id='word_1_21' title='bbox 1793 460 1949 516; x_wconf 87' lang='lat' dir='ltr'><strong>Scitis</strong></span> 
     </span>
    </p>
   </div>
   <div class='ocr_carea' id='block_1_4' title="bbox 367 552 1950 630">
    <p class='ocr_par' dir='ltr' id='par_1_4' title="bbox 367 552 1950 630">
     <span class='ocr_line' id='line_1_4' title="bbox 367 552 1950 630; baseline 0 -19"><span class='ocrx_word' id='word_1_22' title='bbox 367 556 546 630; x_wconf 77' lang='lat' dir='ltr'><strong>quales</strong></span> <span class='ocrx_word' id='word_1_23' title='bbox 590 555 838 628; x_wconf 74' lang='lat' dir='ltr'><strong>fuerimus</strong></span> <span class='ocrx_word' id='word_1_24' title='bbox 880 553 934 606; x_wconf 87' lang='lat' dir='ltr'><strong>in</strong></span> <span class='ocrx_word' id='word_1_25' title='bbox 959 552 1140 607; x_wconf 77' lang='lat' dir='ltr'><strong>vobis?</strong></span> <span class='ocrx_word' id='word_1_26' title='bbox 1183 552 1282 607; x_wconf 79' lang='lat' dir='ltr'><strong>Hic</strong></span> <span class='ocrx_word' id='word_1_27' title='bbox 1305 553 1466 608; x_wconf 90' lang='lat' dir='ltr'><strong>etiam</strong></span> <span class='ocrx_word' id='word_1_28' title='bbox 1492 553 1660 624; x_wconf 90' lang='lat' dir='ltr'><strong>tangit</strong></span> <span class='ocrx_word' id='word_1_29' title='bbox 1683 569 1803 623; x_wconf 66' lang='lat' dir='ltr'><strong>qua:</strong></span> <span class='ocrx_word' id='word_1_30' title='bbox 1831 569 1862 608; x_wconf 85' lang='lat' dir='ltr'><strong>a</strong></span> <span class='ocrx_word' id='word_1_31' title='bbox 1890 569 1950 611; x_wconf 90' lang='lat' dir='ltr'><strong>se</strong></span> 
     </span>
    </p>
   </div>
   <div class='ocr_carea' id='block_1_5' title="bbox 369 641 1946 716">
    <p class='ocr_par' dir='ltr' id='par_1_5' title="bbox 369 641 1946 716">
     <span class='ocr_line' id='line_1_5' title="bbox 369 641 1946 716; baseline -0.003 -14"><span class='ocrx_word' id='word_1_32' title='bbox 369 658 515 702; x_wconf 90' lang='lat' dir='ltr'><strong>recte</strong></span> <span class='ocrx_word' id='word_1_33' title='bbox 541 655 717 716; x_wconf 86' lang='lat' dir='ltr'><strong>gesta,</strong></span> <span class='ocrx_word' id='word_1_34' title='bbox 757 642 852 699; x_wconf 84' lang='lat' dir='ltr'><strong>sed</strong></span> <span class='ocrx_word' id='word_1_35' title='bbox 878 651 1014 698; x_wconf 88' lang='lat' dir='ltr'><strong>tecte</strong></span> <span class='ocrx_word' id='word_1_36' title='bbox 1044 651 1099 698; x_wconf 90' lang='lat' dir='ltr'><strong>et</strong></span> <span class='ocrx_word' id='word_1_37' title='bbox 1122 641 1439 698; x_wconf 83' lang='lat' dir='ltr'><strong>adumbrata</strong></span> <span class='ocrx_word' id='word_1_38' title='bbox 1467 660 1480 696; x_wconf 90' lang='lat'><strong>:</strong></span> <span class='ocrx_word' id='word_1_39' title='bbox 1511 643 1623 698; x_wconf 95' lang='lat' dir='ltr'><strong>vult</strong></span> <span class='ocrx_word' id='word_1_40' title='bbox 1651 646 1792 699; x_wconf 90' lang='lat' dir='ltr'><strong>enim</strong></span> <span class='ocrx_word' id='word_1_41' title='bbox 1832 645 1946 714; x_wconf 91' lang='lat' dir='ltr'><strong>pri-</strong></span> 
     </span>
    </p>
   </div>
   <div class='ocr_carea' id='block_1_6' title="bbox 368 734 1950 805">
    <p class='ocr_par' dir='ltr' id='par_1_6' title="bbox 368 734 1950 805">
     <span class='ocr_line' id='line_1_6' title="bbox 368 734 1950 805; baseline -0.001 -13"><span class='ocrx_word' id='word_1_42' title='bbox 368 755 511 793; x_wconf 89' lang='lat' dir='ltr'><strong>mum</strong></span> <span class='ocrx_word' id='word_1_43' title='bbox 540 751 724 792; x_wconf 91' lang='lat' dir='ltr'><strong>eorum</strong></span> <span class='ocrx_word' id='word_1_44' title='bbox 756 734 943 789; x_wconf 87' lang='lat' dir='ltr'><strong>laudes</strong></span> <span class='ocrx_word' id='word_1_45' title='bbox 969 735 1238 805; x_wconf 85' lang='lat' dir='ltr'><strong>persequi.</strong></span> <span class='ocrx_word' id='word_1_46' title='bbox 1273 734 1427 802; x_wconf 86' lang='lat' dir='ltr'><strong>Quod</strong></span> <span class='ocrx_word' id='word_1_47' title='bbox 1456 745 1634 790; x_wconf 87' lang='lat' dir='ltr'><strong>autem</strong></span> <span class='ocrx_word' id='word_1_48' title='bbox 1665 735 1815 802; x_wconf 92' lang='lat' dir='ltr'><strong>dicit,</strong></span> <span class='ocrx_word' id='word_1_49' title='bbox 1865 744 1950 792; x_wconf 88' lang='lat' dir='ltr'><strong>est</strong></span> 
     </span>
    </p>
   </div>
   <div class='ocr_carea' id='block_1_7' title="bbox 369 827 1942 900">
    <p class='ocr_par' dir='ltr' id='par_1_7' title="bbox 369 827 1942 900">
     <span class='ocr_line' id='line_1_7' title="bbox 369 827 1942 900; baseline -0.001 -16"><span class='ocrx_word' id='word_1_50' title='bbox 369 829 672 900; x_wconf 71' lang='lat' dir='ltr'><strong>huiusmodi</strong></span> <span class='ocrx_word' id='word_1_51' title='bbox 703 845 716 882; x_wconf 91' lang='lat'><strong>:</strong></span> <span class='ocrx_word' id='word_1_52' title='bbox 757 827 1022 884; x_wconf 85' lang='lat' dir='ltr'><strong>Scivimus</strong></span> <span class='ocrx_word' id='word_1_53' title='bbox 1050 827 1194 898; x_wconf 90' lang='lat' dir='ltr'><strong>quod</strong></span> <span class='ocrx_word' id='word_1_54' title='bbox 1224 828 1342 882; x_wconf 86' lang='lat' dir='ltr'><strong>silis</strong></span> <span class='ocrx_word' id='word_1_55' title='bbox 1367 843 1432 883; x_wconf 82' lang='lat' dir='ltr'><strong>ex</strong></span> <span class='ocrx_word' id='word_1_56' title='bbox 1475 827 1702 884; x_wconf 74' lang='lat' dir='ltr'><strong>fortibus</strong></span> <span class='ocrx_word' id='word_1_57' title='bbox 1731 839 1785 883; x_wconf 91' lang='lat' dir='ltr'><strong>et</strong></span> <span class='ocrx_word' id='word_1_58' title='bbox 1829 845 1942 883; x_wconf 84' lang='lat' dir='ltr'><strong>ma-</strong></span> 
     </span>
    </p>
   </div>
   <div class='ocr_carea' id='block_1_8' title="bbox 367 919 1946 990">
    <p class='ocr_par' dir='ltr' id='par_1_8' title="bbox 367 919 1946 990">
     <span class='ocr_line' id='line_1_8' title="bbox 367 919 1946 990; baseline 0.002 -16"><span class='ocrx_word' id='word_1_59' title='bbox 367 922 487 990; x_wconf 85' lang='lat' dir='ltr'><strong>gnis</strong></span> <span class='ocrx_word' id='word_1_60' title='bbox 517 919 668 982; x_wconf 88' lang='lat' dir='ltr'><strong>viris,</strong></span> <span class='ocrx_word' id='word_1_61' title='bbox 698 927 752 974; x_wconf 89' lang='lat' dir='ltr'><strong>et</strong></span> <span class='ocrx_word' id='word_1_62' title='bbox 779 919 921 989; x_wconf 89' lang='lat' dir='ltr'><strong>quod</strong></span> <span class='ocrx_word' id='word_1_63' title='bbox 951 934 1017 974; x_wconf 85' lang='lat' dir='ltr'><strong>ex</strong></span> <span class='ocrx_word' id='word_1_64' title='bbox 1050 919 1236 974; x_wconf 91' lang='lat' dir='ltr'><strong>electis</strong></span> <span class='ocrx_word' id='word_1_65' title='bbox 1261 935 1275 972; x_wconf 88' lang='lat'><strong>:</strong></span> <span class='ocrx_word' id='word_1_66' title='bbox 1299 929 1582 988; x_wconf 88' lang='lat' dir='ltr'><strong>pr0pterea</strong></span> <span class='ocrx_word' id='word_1_67' title='bbox 1613 935 1710 975; x_wconf 91' lang='lat' dir='ltr'><strong>nos</strong></span> <span class='ocrx_word' id='word_1_68' title='bbox 1736 936 1946 990; x_wconf 89' lang='lat' dir='ltr'><strong>quoque</strong></span> 
     </span>
    </p>
   </div>
   <div class='ocr_carea' id='block_1_9' title="bbox 369 1011 1947 1084">
    <p class='ocr_par' dir='ltr' id='par_1_9' title="bbox 369 1011 1947 1084">
     <span class='ocr_line' id='line_1_9' title="bbox 369 1011 1947 1084; baseline 0 -17"><span class='ocrx_word' id='word_1_69' title='bbox 369 1023 586 1084; x_wconf 83' lang='lat' dir='ltr'><strong>propter</strong></span> <span class='ocrx_word' id='word_1_70' title='bbox 611 1027 706 1068; x_wconf 87' lang='lat' dir='ltr'><strong>vos</strong></span> <span class='ocrx_word' id='word_1_71' title='bbox 734 1013 913 1067; x_wconf 82' lang='lat' dir='ltr'><strong>omnia</strong></span> <span class='ocrx_word' id='word_1_72' title='bbox 959 1012 1306 1067; x_wconf 85' lang='lat' dir='ltr'><strong>sustinemus.</strong></span> <span class='ocrx_word' id='word_1_73' title='bbox 1362 1011 1495 1066; x_wconf 92' lang='lat' dir='ltr'><strong>Illud</strong></span> <span class='ocrx_word' id='word_1_74' title='bbox 1526 1013 1668 1067; x_wconf 90' lang='lat' dir='ltr'><strong>enim</strong></span> <span class='ocrx_word' id='word_1_75' title='bbox 1694 1054 1710 1079; x_wconf 94' lang='lat'><strong>,</strong></span> <span class='ocrx_word' id='word_1_76' title='bbox 1759 1012 1947 1080; x_wconf 83' lang='lat' dir='ltr'><strong>Quales</strong></span> 
     </span>
    </p>
   </div>
   <div class='ocr_carea' id='block_1_10' title="bbox 365 1101 1944 1175">
    <p class='ocr_par' dir='ltr' id='par_1_10' title="bbox 365 1101 1944 1175">
     <span class='ocr_line' id='line_1_10' title="bbox 365 1101 1944 1175; baseline 0.002 -18"><span class='ocrx_word' id='word_1_77' title='bbox 365 1105 612 1171; x_wconf 76' lang='lat' dir='ltr'><strong>fuerimus</strong></span> <span class='ocrx_word' id='word_1_78' title='bbox 656 1103 710 1158; x_wconf 89' lang='lat' dir='ltr'><strong>in</strong></span> <span class='ocrx_word' id='word_1_79' title='bbox 761 1103 932 1169; x_wconf 77' lang='lat' dir='ltr'><strong>vobis,</strong></span> <span class='ocrx_word' id='word_1_80' title='bbox 975 1101 1076 1157; x_wconf 92' lang='lat' dir='ltr'><strong>hoc</strong></span> <span class='ocrx_word' id='word_1_81' title='bbox 1119 1102 1402 1171; x_wconf 81' lang='lat' dir='ltr'><strong>significat,</strong></span> <span class='ocrx_word' id='word_1_82' title='bbox 1430 1103 1571 1174; x_wconf 91' lang='lat' dir='ltr'><strong>quod</strong></span> <span class='ocrx_word' id='word_1_83' title='bbox 1601 1118 1944 1175; x_wconf 85' lang='lat' dir='ltr'><strong>cummagna</strong></span> 
     </span>
    </p>
   </div>
   <div class='ocr_carea' id='block_1_11' title="bbox 360 1195 1945 1265">
    <p class='ocr_par' dir='ltr' id='par_1_11' title="bbox 360 1195 1945 1265">
     <span class='ocr_line' id='line_1_11' title="bbox 360 1195 1945 1265; baseline 0.001 -15"><span class='ocrx_word' id='word_1_84' title='bbox 360 1197 525 1252; x_wconf 87' lang='lat' dir='ltr'><strong>animi</strong></span> <span class='ocrx_word' id='word_1_85' title='bbox 553 1195 832 1251; x_wconf 81' lang='lat' dir='ltr'><strong>alacritate</strong></span> <span class='ocrx_word' id='word_1_86' title='bbox 861 1203 916 1250; x_wconf 91' lang='lat' dir='ltr'><strong>et</strong></span> <span class='ocrx_word' id='word_1_87' title='bbox 943 1195 1108 1249; x_wconf 90' lang='lat' dir='ltr'><strong>multa</strong></span> <span class='ocrx_word' id='word_1_88' title='bbox 1136 1195 1474 1251; x_wconf 81' lang='lat' dir='ltr'><strong>vehementia</strong></span> <span class='ocrx_word' id='word_1_89' title='bbox 1503 1196 1673 1265; x_wconf 85' lang='lat' dir='ltr'><strong>parati</strong></span> <span class='ocrx_word' id='word_1_90' title='bbox 1701 1211 1945 1252; x_wconf 87' lang='lat' dir='ltr'><strong>essemus</strong></span> 
     </span>
    </p>
   </div>
   <div class='ocr_carea' id='block_1_12' title="bbox 359 1285 1947 1358">
    <p class='ocr_par' dir='ltr' id='par_1_12' title="bbox 359 1285 1947 1358">
     <span class='ocr_line' id='line_1_12' title="bbox 359 1285 1947 1358; baseline 0.001 -16"><span class='ocrx_word' id='word_1_91' title='bbox 359 1288 566 1343; x_wconf 86' lang='lat' dir='ltr'><strong>animas</strong></span> <span class='ocrx_word' id='word_1_92' title='bbox 597 1294 806 1342; x_wconf 88' lang='lat' dir='ltr'><strong>nostras</strong></span> <span class='ocrx_word' id='word_1_93' title='bbox 834 1285 965 1341; x_wconf 87' lang='lat' dir='ltr'><strong>dare</strong></span> <span class='ocrx_word' id='word_1_94' title='bbox 1003 1294 1220 1355; x_wconf 85' lang='lat' dir='ltr'><strong>propter</strong></span> <span class='ocrx_word' id='word_1_95' title='bbox 1247 1301 1376 1352; x_wconf 87' lang='lat' dir='ltr'><strong>vos;</strong></span> <span class='ocrx_word' id='word_1_96' title='bbox 1429 1287 1692 1358; x_wconf 91' lang='lat' dir='ltr'><strong>hujusque</strong></span> <span class='ocrx_word' id='word_1_97' title='bbox 1730 1302 1835 1342; x_wconf 90' lang='lat' dir='ltr'><strong>non</strong></span> <span class='ocrx_word' id='word_1_98' title='bbox 1863 1299 1947 1344; x_wconf 85' lang='lat' dir='ltr'><strong>est</strong></span> 
     </span>
    </p>
   </div>
   <div class='ocr_carea' id='block_1_13' title="bbox 363 1376 1940 1448">
    <p class='ocr_par' dir='ltr' id='par_1_13' title="bbox 363 1376 1940 1448">
     <span class='ocr_line' id='line_1_13' title="bbox 363 1376 1940 1448; baseline -0.001 -14"><span class='ocrx_word' id='word_1_99' title='bbox 363 1380 518 1434; x_wconf 89' lang='lat' dir='ltr'><strong>nobis</strong></span> <span class='ocrx_word' id='word_1_100' title='bbox 546 1377 788 1434; x_wconf 89' lang='lat' dir='ltr'><strong>habenda</strong></span> <span class='ocrx_word' id='word_1_101' title='bbox 833 1376 1004 1448; x_wconf 89' lang='lat' dir='ltr'><strong>gratia</strong></span> <span class='ocrx_word' id='word_1_102' title='bbox 1027 1417 1043 1442; x_wconf 91' lang='lat'><strong>,</strong></span> <span class='ocrx_word' id='word_1_103' title='bbox 1095 1376 1190 1432; x_wconf 92' lang='lat' dir='ltr'><strong>sed</strong></span> <span class='ocrx_word' id='word_1_104' title='bbox 1214 1377 1386 1443; x_wconf 82' lang='lat' dir='ltr'><strong>vobis,</strong></span> <span class='ocrx_word' id='word_1_105' title='bbox 1436 1377 1582 1447; x_wconf 90' lang='lat' dir='ltr'><strong>quod</strong></span> <span class='ocrx_word' id='word_1_106' title='bbox 1611 1379 1729 1432; x_wconf 87' lang='lat' dir='ltr'><strong>sitis</strong></span> <span class='ocrx_word' id='word_1_107' title='bbox 1760 1379 1940 1434; x_wconf 84' lang='lat' dir='ltr'><strong>electi.</strong></span> 
     </span>
    </p>
   </div>
   <div class='ocr_carea' id='block_1_14' title="bbox 360 1467 1946 1542">
    <p class='ocr_par' dir='ltr' id='par_1_14' title="bbox 360 1467 1946 1542">
     <span class='ocr_line' id='line_1_14' title="bbox 360 1467 1946 1542; baseline -0.001 -16"><span class='ocrx_word' id='word_1_108' title='bbox 360 1471 651 1541; x_wconf 81' lang='lat' dir='ltr'><strong>Propterea</strong></span> <span class='ocrx_word' id='word_1_109' title='bbox 694 1468 818 1524; x_wconf 84' lang='lat' dir='ltr'><strong>alibi</strong></span> <span class='ocrx_word' id='word_1_110' title='bbox 856 1483 1070 1539; x_wconf 84' lang='lat' dir='ltr'><strong>quoque</strong></span> <span class='ocrx_word' id='word_1_111' title='bbox 1094 1468 1266 1524; x_wconf 88' lang='lat' dir='ltr'><strong>dicit:</strong></span> <span class='ocrx_word' id='word_1_112' title='bbox 1315 1467 1383 1522; x_wconf 85' lang='lat' dir='ltr'><strong>Et</strong></span> <span class='ocrx_word' id='word_1_113' title='bbox 1420 1469 1528 1523; x_wconf 69' lang='lat' dir='ltr'><strong>hazc</strong></span> <span class='ocrx_word' id='word_1_114' title='bbox 1550 1471 1718 1538; x_wconf 83' lang='lat' dir='ltr'><strong>patior</strong></span> <span class='ocrx_word' id='word_1_115' title='bbox 1740 1481 1946 1542; x_wconf 80' lang='lat' dir='ltr'><strong>propter</strong></span> 
     </span>
    </p>
   </div>
   <div class='ocr_carea' id='block_1_15' title="bbox 358 1559 1941 1631">
    <p class='ocr_par' dir='ltr' id='par_1_15' title="bbox 358 1559 1941 1631">
     <span class='ocr_line' id='line_1_15' title="bbox 358 1559 1941 1631; baseline -0.001 -14"><span class='ocrx_word' id='word_1_116' title='bbox 358 1564 540 1618; x_wconf 85' lang='lat' dir='ltr'><strong>electos</strong></span> <span class='ocrx_word' id='word_1_117' title='bbox 567 1561 648 1630; x_wconf 72' lang='grc'><strong>(2.</strong></span> <span class='ocrx_word' id='word_1_118' title='bbox 673 1559 804 1615; x_wconf 85' lang='lat' dir='ltr'><strong>Tim.</strong></span> <span class='ocrx_word' id='word_1_119' title='bbox 829 1559 884 1615; x_wconf 69' lang='lat'><strong>2.</strong></span> <span class='ocrx_word' id='word_1_120' title='bbox 908 1560 1020 1627; x_wconf 82' lang='grc'><strong>10).</strong></span> <span class='ocrx_word' id='word_1_121' title='bbox 1039 1559 1170 1614; x_wconf 89' lang='lat' dir='ltr'><strong>Nam</strong></span> <span class='ocrx_word' id='word_1_122' title='bbox 1194 1575 1291 1630; x_wconf 89' lang='lat' dir='ltr'><strong>pro</strong></span> <span class='ocrx_word' id='word_1_123' title='bbox 1320 1560 1432 1616; x_wconf 88' lang='lat' dir='ltr'><strong>Deo</strong></span> <span class='ocrx_word' id='word_1_124' title='bbox 1452 1560 1664 1616; x_wconf 85' lang='lat' dir='ltr'><strong>dilectis</strong></span> <span class='ocrx_word' id='word_1_125' title='bbox 1687 1561 1813 1631; x_wconf 92' lang='lat' dir='ltr'><strong>quid</strong></span> <span class='ocrx_word' id='word_1_126' title='bbox 1835 1577 1941 1617; x_wconf 88' lang='lat' dir='ltr'><strong>non</strong></span> 
     </span>
    </p>
   </div>
   <div class='ocr_carea' id='block_1_16' title="bbox 360 1651 1946 1724">
    <p class='ocr_par' dir='ltr' id='par_1_16' title="bbox 360 1651 1946 1724">
     <span class='ocr_line' id='line_1_16' title="bbox 360 1651 1946 1724; baseline 0 -14"><span class='ocrx_word' id='word_1_127' title='bbox 360 1653 623 1723; x_wconf 82' lang='lat' dir='ltr'><strong>patiaris?</strong></span> <span class='ocrx_word' id='word_1_128' title='bbox 663 1653 729 1707; x_wconf 83' lang='lat' dir='ltr'><strong>Et</strong></span> <span class='ocrx_word' id='word_1_129' title='bbox 763 1667 884 1707; x_wconf 93' lang='lat' dir='ltr'><strong>cum</strong></span> <span class='ocrx_word' id='word_1_130' title='bbox 912 1651 1136 1707; x_wconf 77' lang='lat' dir='ltr'><strong>dixisset</strong></span> <span class='ocrx_word' id='word_1_131' title='bbox 1160 1652 1302 1722; x_wconf 88' lang='lat' dir='ltr'><strong>quod</strong></span> <span class='ocrx_word' id='word_1_132' title='bbox 1325 1667 1478 1706; x_wconf 92' lang='lat' dir='ltr'><strong>suum</strong></span> <span class='ocrx_word' id='word_1_133' title='bbox 1507 1661 1642 1719; x_wconf 87' lang='lat' dir='ltr'><strong>erat,</strong></span> <span class='ocrx_word' id='word_1_134' title='bbox 1668 1653 1798 1709; x_wconf 90' lang='lat' dir='ltr'><strong>dicit</strong></span> <span class='ocrx_word' id='word_1_135' title='bbox 1822 1669 1946 1724; x_wconf 85' lang='lat' dir='ltr'><strong>pro-</strong></span> 
     </span>
    </p>
   </div>
   <div class='ocr_carea' id='block_1_17' title="bbox 359 1745 1942 1818">
    <p class='ocr_par' dir='ltr' id='par_1_17' title="bbox 359 1745 1942 1818">
     <span class='ocr_line' id='line_1_17' title="bbox 359 1745 1942 1818; baseline 0 -16"><span class='ocrx_word' id='word_1_136' title='bbox 359 1746 644 1818; x_wconf 83' lang='lat' dir='ltr'><strong>pemodum</strong></span> <span class='ocrx_word' id='word_1_137' title='bbox 675 1763 689 1800; x_wconf 88' lang='lat'>:</span> <span class='ocrx_word' id='word_1_138' title='bbox 747 1745 805 1801; x_wconf 92' lang='lat' dir='ltr'><strong>Si</strong></span> <span class='ocrx_word' id='word_1_139' title='bbox 844 1746 985 1800; x_wconf 90' lang='lat' dir='ltr'><strong>enim</strong></span> <span class='ocrx_word' id='word_1_140' title='bbox 1007 1747 1138 1800; x_wconf 88' lang='lat' dir='ltr'><strong>estis</strong></span> <span class='ocrx_word' id='word_1_141' title='bbox 1162 1754 1218 1800; x_wconf 90' lang='lat' dir='ltr'><strong>et</strong></span> <span class='ocrx_word' id='word_1_142' title='bbox 1245 1745 1425 1802; x_wconf 89' lang='lat' dir='ltr'><strong>dilecti</strong></span> <span class='ocrx_word' id='word_1_143' title='bbox 1451 1755 1506 1802; x_wconf 91' lang='lat' dir='ltr'><strong>et</strong></span> <span class='ocrx_word' id='word_1_144' title='bbox 1533 1745 1724 1814; x_wconf 90' lang='lat' dir='ltr'><strong>electi,</strong></span> <span class='ocrx_word' id='word_1_145' title='bbox 1763 1749 1942 1802; x_wconf 88' lang='lat' dir='ltr'><strong>omnia</strong></span> 
     </span>
    </p>
   </div>
   <div class='ocr_carea' id='block_1_18' title="bbox 359 1837 1940 1898">
    <p class='ocr_par' dir='ltr' id='par_1_18' title="bbox 359 1837 1940 1898">
     <span class='ocr_line' id='line_1_18' title="bbox 359 1837 1940 1898; baseline 0.001 -6"><span class='ocrx_word' id='word_1_146' title='bbox 359 1840 552 1894; x_wconf 89' lang='lat' dir='ltr'><strong>merito</strong></span> <span class='ocrx_word' id='word_1_147' title='bbox 595 1838 940 1894; x_wconf 87' lang='lat' dir='ltr'><strong>sustinemus.</strong></span> <span class='ocrx_word' id='word_1_148' title='bbox 990 1837 1106 1893; x_wconf 90' lang='lat' dir='ltr'><strong>Non</strong></span> <span class='ocrx_word' id='word_1_149' title='bbox 1150 1839 1291 1894; x_wconf 92' lang='lat' dir='ltr'><strong>enim</strong></span> <span class='ocrx_word' id='word_1_150' title='bbox 1335 1838 1599 1898; x_wconf 87' lang='lat' dir='ltr'><strong>laudando</strong></span> <span class='ocrx_word' id='word_1_151' title='bbox 1636 1854 1728 1894; x_wconf 88' lang='lat' dir='ltr'><strong>eos</strong></span> <span class='ocrx_word' id='word_1_152' title='bbox 1767 1840 1940 1895; x_wconf 88' lang='lat' dir='ltr'><strong>solum</strong></span> 
     </span>
    </p>
   </div>
   <div class='ocr_carea' id='block_1_19' title="bbox 358 1931 1942 2002">
    <p class='ocr_par' dir='ltr' id='par_1_19' title="bbox 358 1931 1942 2002">
     <span class='ocr_line' id='line_1_19' title="bbox 358 1931 1942 2002; baseline 0.002 -15"><span class='ocrx_word' id='word_1_153' title='bbox 358 1931 706 1987; x_wconf 72' lang='lat' dir='ltr'><strong>conﬁrmabat</strong></span> <span class='ocrx_word' id='word_1_154' title='bbox 726 1932 909 2002; x_wconf 88' lang='lat' dir='ltr'><strong>eisque</strong></span> <span class='ocrx_word' id='word_1_155' title='bbox 933 1932 1173 1986; x_wconf 90' lang='lat' dir='ltr'><strong>animum</strong></span> <span class='ocrx_word' id='word_1_156' title='bbox 1201 1931 1451 1995; x_wconf 85' lang='lat' dir='ltr'><strong>addebat,</strong></span> <span class='ocrx_word' id='word_1_157' title='bbox 1483 1932 1575 1989; x_wconf 90' lang='lat' dir='ltr'><strong>sed</strong></span> <span class='ocrx_word' id='word_1_158' title='bbox 1603 1934 1763 1988; x_wconf 90' lang='lat' dir='ltr'><strong>etiam</strong></span> <span class='ocrx_word' id='word_1_159' title='bbox 1789 1949 1942 1990; x_wconf 88' lang='lat' dir='ltr'><strong>revo-</strong></span> 
     </span>
    </p>
   </div>
   <div class='ocr_carea' id='block_1_20' title="bbox 357 2021 1934 2092">
    <p class='ocr_par' dir='ltr' id='par_1_20' title="bbox 357 2021 1934 2092">
     <span class='ocr_line' id='line_1_20' title="bbox 357 2021 1934 2092; baseline 0.001 -14"><span class='ocrx_word' id='word_1_160' title='bbox 357 2022 532 2078; x_wconf 83' lang='lat' dir='ltr'><strong>cando</strong></span> <span class='ocrx_word' id='word_1_161' title='bbox 557 2022 611 2076; x_wconf 84' lang='lat' dir='ltr'><strong>in</strong></span> <span class='ocrx_word' id='word_1_162' title='bbox 639 2021 973 2086; x_wconf 84' lang='lat' dir='ltr'><strong>memoriam,</strong></span> <span class='ocrx_word' id='word_1_163' title='bbox 997 2021 1139 2092; x_wconf 90' lang='lat' dir='ltr'><strong>quod</strong></span> <span class='ocrx_word' id='word_1_164' title='bbox 1168 2022 1266 2091; x_wconf 89' lang='lat' dir='ltr'><strong>ipsi</strong></span> <span class='ocrx_word' id='word_1_165' title='bbox 1297 2021 1659 2077; x_wconf 89' lang='lat' dir='ltr'><strong>ostendissent</strong></span> <span class='ocrx_word' id='word_1_166' title='bbox 1683 2025 1934 2080; x_wconf 78' lang='lat' dir='ltr'><strong>virtutem</strong></span> 
     </span>
    </p>
   </div>
   <div class='ocr_carea' id='block_1_21' title="bbox 357 2112 1937 2183">
    <p class='ocr_par' dir='ltr' id='par_1_21' title="bbox 357 2112 1937 2183">
     <span class='ocr_line' id='line_1_21' title="bbox 357 2112 1937 2183; baseline 0.001 -15"><span class='ocrx_word' id='word_1_167' title='bbox 357 2123 412 2168; x_wconf 92' lang='lat' dir='ltr'><strong>et</strong></span> <span class='ocrx_word' id='word_1_168' title='bbox 437 2113 802 2168; x_wconf 81' lang='lat' dir='ltr'><strong>fortitudinem</strong></span> <span class='ocrx_word' id='word_1_169' title='bbox 828 2127 1012 2166; x_wconf 88' lang='lat' dir='ltr'><strong>eorum</strong></span> <span class='ocrx_word' id='word_1_170' title='bbox 1029 2113 1192 2167; x_wconf 90' lang='lat' dir='ltr'><strong>animi</strong></span> <span class='ocrx_word' id='word_1_171' title='bbox 1214 2112 1474 2168; x_wconf 87' lang='lat' dir='ltr'><strong>alacritati</strong></span> <span class='ocrx_word' id='word_1_172' title='bbox 1502 2115 1937 2183; x_wconf 88' lang='lat' dir='ltr'><strong>respondentem.</strong></span> 
     </span>
    </p>
   </div>
   <div class='ocr_carea' id='block_1_22' title="bbox 359 2201 1940 2276">
    <p class='ocr_par' dir='ltr' id='par_1_22' title="bbox 359 2201 1940 2276">
     <span class='ocr_line' id='line_1_22' title="bbox 359 2201 1940 2276; baseline 0.003 -19"><span class='ocrx_word' id='word_1_173' title='bbox 359 2203 497 2259; x_wconf 87' lang='lat' dir='ltr'><strong>Dicit</strong></span> <span class='ocrx_word' id='word_1_174' title='bbox 534 2205 732 2273; x_wconf 82' lang='lat' dir='ltr'><strong>itaque,</strong></span> <span class='ocrx_word' id='word_1_175' title='bbox 775 2201 830 2256; x_wconf 85' lang='lat'><strong>6.</strong></span> <span class='ocrx_word' id='word_1_176' title='bbox 865 2201 931 2257; x_wconf 86' lang='lat' dir='ltr'><strong>Et</strong></span> <span class='ocrx_word' id='word_1_177' title='bbox 974 2219 1060 2257; x_wconf 80' lang='lat' dir='ltr'><strong>vos</strong></span> <span class='ocrx_word' id='word_1_178' title='bbox 1089 2204 1366 2258; x_wconf 79' lang='lat' dir='ltr'><strong>imitatores</strong></span> <span class='ocrx_word' id='word_1_179' title='bbox 1411 2206 1568 2258; x_wconf 86' lang='lat' dir='ltr'><strong>nostri</strong></span> <span class='ocrx_word' id='word_1_180' title='bbox 1596 2207 1721 2276; x_wconf 84' lang='lat' dir='ltr'><strong>facti</strong></span> <span class='ocrx_word' id='word_1_181' title='bbox 1747 2207 1866 2260; x_wconf 87' lang='lat' dir='ltr'><strong>estis</strong></span> <span class='ocrx_word' id='word_1_182' title='bbox 1893 2218 1940 2262; x_wconf 92' lang='lat' dir='ltr'><strong>et</strong></span> 
     </span>
    </p>
   </div>
   <div class='ocr_carea' id='block_1_23' title="bbox 357 2292 1936 2364">
    <p class='ocr_par' dir='ltr' id='par_1_23' title="bbox 357 2292 1936 2364">
     <span class='ocr_line' id='line_1_23' title="bbox 357 2292 1936 2364; baseline 0.004 -19"><span class='ocrx_word' id='word_1_183' title='bbox 357 2292 584 2359; x_wconf 78' lang='lat' dir='ltr'><strong>Domini,</strong></span> <span class='ocrx_word' id='word_1_184' title='bbox 613 2293 916 2364; x_wconf 77' lang='lat' dir='ltr'><strong>excipientes</strong></span> <span class='ocrx_word' id='word_1_185' title='bbox 936 2293 1138 2347; x_wconf 82' lang='lat' dir='ltr'><strong>verbum</strong></span> <span class='ocrx_word' id='word_1_186' title='bbox 1165 2294 1218 2347; x_wconf 90' lang='lat' dir='ltr'><strong>in</strong></span> <span class='ocrx_word' id='word_1_187' title='bbox 1247 2294 1569 2349; x_wconf 81' lang='lat' dir='ltr'><strong>tribulatione</strong></span> <span class='ocrx_word' id='word_1_188' title='bbox 1597 2298 1756 2350; x_wconf 84' lang='lat' dir='ltr'><strong>multa</strong></span> <span class='ocrx_word' id='word_1_189' title='bbox 1774 2338 1788 2360; x_wconf 90' lang='lat'><strong>,</strong></span> <span class='ocrx_word' id='word_1_190' title='bbox 1820 2315 1936 2354; x_wconf 86' lang='lat' dir='ltr'><strong>cum</strong></span> 
     </span>
    </p>
   </div>
   <div class='ocr_carea' id='block_1_24' title="bbox 362 2384 1935 2456">
    <p class='ocr_par' dir='ltr' id='par_1_24' title="bbox 362 2384 1935 2456">
     <span class='ocr_line' id='line_1_24' title="bbox 362 2384 1935 2456; baseline 0.005 -18"><span class='ocrx_word' id='word_1_191' title='bbox 362 2386 550 2456; x_wconf 86' lang='lat' dir='ltr'><strong>gaudio</strong></span> <span class='ocrx_word' id='word_1_192' title='bbox 583 2385 814 2455; x_wconf 86' lang='lat' dir='ltr'><strong>Spiritus</strong></span> <span class='ocrx_word' id='word_1_193' title='bbox 841 2385 1023 2438; x_wconf 83' lang='lat' dir='ltr'><strong>sancti.</strong></span> <span class='ocrx_word' id='word_1_194' title='bbox 1065 2384 1222 2454; x_wconf 76' lang='lat' dir='ltr'><strong>Papa:</strong></span> <span class='ocrx_word' id='word_1_195' title='bbox 1247 2386 1262 2439; x_wconf 75' lang='grc' dir='ltr'>ε</span> <span class='ocrx_word' id='word_1_196' title='bbox 1290 2395 1548 2455; x_wconf 87' lang='lat' dir='ltr'><strong>quantum</strong></span> <span class='ocrx_word' id='word_1_197' title='bbox 1601 2390 1935 2446; x_wconf 82' lang='lat' dir='ltr'><strong>encomium!</strong></span> 
     </span>
    </p>
   </div>
   <div class='ocr_carea' id='block_1_25' title="bbox 360 2474 1935 2546">
    <p class='ocr_par' dir='ltr' id='par_1_25' title="bbox 360 2474 1935 2546">
     <span class='ocr_line' id='line_1_25' title="bbox 360 2474 1935 2546; baseline 0.002 -16"><span class='ocrx_word' id='word_1_198' title='bbox 360 2474 609 2544; x_wconf 76' lang='lat' dir='ltr'><strong>discipuli</strong></span> <span class='ocrx_word' id='word_1_199' title='bbox 660 2483 885 2544; x_wconf 83' lang='lat' dir='ltr'><strong>repente</strong></span> <span class='ocrx_word' id='word_1_200' title='bbox 944 2474 1068 2528; x_wconf 80' lang='lat' dir='ltr'><strong>facti</strong></span> <span class='ocrx_word' id='word_1_201' title='bbox 1116 2482 1242 2528; x_wconf 90' lang='lat' dir='ltr'><strong>sunt</strong></span> <span class='ocrx_word' id='word_1_202' title='bbox 1285 2476 1566 2546; x_wconf 73' lang='lat' dir='ltr'><strong>magistri:</strong></span> <span class='ocrx_word' id='word_1_203' title='bbox 1607 2494 1714 2532; x_wconf 93' lang='lat' dir='ltr'><strong>non</strong></span> <span class='ocrx_word' id='word_1_204' title='bbox 1764 2479 1935 2534; x_wconf 90' lang='lat' dir='ltr'><strong>solum</strong></span> 
     </span>
    </p>
   </div>
   <div class='ocr_carea' id='block_1_26' title="bbox 357 2566 1938 2639">
    <p class='ocr_par' dir='ltr' id='par_1_26' title="bbox 357 2566 1938 2639">
     <span class='ocr_line' id='line_1_26' title="bbox 357 2566 1938 2639; baseline 0.003 -18"><span class='ocrx_word' id='word_1_205' title='bbox 357 2568 642 2622; x_wconf 83' lang='lat' dir='ltr'><strong>audierunt</strong></span> <span class='ocrx_word' id='word_1_206' title='bbox 667 2566 922 2633; x_wconf 80' lang='lat' dir='ltr'><strong>verbum,</strong></span> <span class='ocrx_word' id='word_1_207' title='bbox 974 2567 1070 2622; x_wconf 92' lang='lat' dir='ltr'><strong>sed</strong></span> <span class='ocrx_word' id='word_1_208' title='bbox 1095 2567 1254 2621; x_wconf 87' lang='lat' dir='ltr'><strong>etiam</strong></span> <span class='ocrx_word' id='word_1_209' title='bbox 1285 2566 1352 2622; x_wconf 91' lang='lat' dir='ltr'><strong>ad</strong></span> <span class='ocrx_word' id='word_1_210' title='bbox 1397 2567 1537 2623; x_wconf 90' lang='lat' dir='ltr'><strong>idem</strong></span> <span class='ocrx_word' id='word_1_211' title='bbox 1579 2581 1938 2639; x_wconf 79' lang='lat' dir='ltr'><strong>pervenerunt</strong></span> 
     </span>
    </p>
   </div>
   <div class='ocr_carea' id='block_1_27' title="bbox 358 2656 1935 2727">
    <p class='ocr_par' dir='ltr' id='par_1_27' title="bbox 358 2656 1935 2727">
     <span class='ocr_line' id='line_1_27' title="bbox 358 2656 1935 2727; baseline 0.004 -15"><span class='ocrx_word' id='word_1_212' title='bbox 358 2659 626 2727; x_wconf 77' lang='lat' dir='ltr'><strong>fastigium</strong></span> <span class='ocrx_word' id='word_1_213' title='bbox 655 2657 720 2711; x_wconf 91' lang='lat' dir='ltr'><strong>ad</strong></span> <span class='ocrx_word' id='word_1_214' title='bbox 751 2656 893 2727; x_wconf 90' lang='lat' dir='ltr'><strong>quod</strong></span> <span class='ocrx_word' id='word_1_215' title='bbox 928 2656 1142 2711; x_wconf 84' lang='lat' dir='ltr'><strong>Paulus.</strong></span> <span class='ocrx_word' id='word_1_216' title='bbox 1192 2656 1297 2712; x_wconf 90' lang='lat' dir='ltr'><strong>Sed</strong></span> <span class='ocrx_word' id='word_1_217' title='bbox 1329 2657 1432 2714; x_wconf 88' lang='lat' dir='ltr'><strong>hoc</strong></span> <span class='ocrx_word' id='word_1_218' title='bbox 1473 2659 1604 2714; x_wconf 89' lang='lat' dir='ltr'><strong>nihil</strong></span> <span class='ocrx_word' id='word_1_219' title='bbox 1630 2669 1713 2716; x_wconf 91' lang='lat' dir='ltr'><strong>est</strong></span> <span class='ocrx_word' id='word_1_220' title='bbox 1746 2683 1759 2717; x_wconf 90' lang='lat'><strong>:</strong></span> <span class='ocrx_word' id='word_1_221' title='bbox 1812 2663 1935 2718; x_wconf 84' lang='lat' dir='ltr'><strong>vide</strong></span> 
     </span>
    </p>
   </div>
   <div class='ocr_carea' id='block_1_28' title="bbox 356 2747 1937 2820">
    <p class='ocr_par' dir='ltr' id='par_1_28' title="bbox 356 2747 1937 2820">
     <span class='ocr_line' id='line_1_28' title="bbox 356 2747 1937 2820; baseline 0.002 -16"><span class='ocrx_word' id='word_1_222' title='bbox 356 2750 501 2805; x_wconf 89' lang='lat' dir='ltr'><strong>enim</strong></span> <span class='ocrx_word' id='word_1_223' title='bbox 531 2747 800 2818; x_wconf 85' lang='lat' dir='ltr'><strong>quomodo</strong></span> <span class='ocrx_word' id='word_1_224' title='bbox 827 2757 1010 2818; x_wconf 89' lang='lat' dir='ltr'><strong>postea</strong></span> <span class='ocrx_word' id='word_1_225' title='bbox 1049 2763 1143 2803; x_wconf 90' lang='lat' dir='ltr'><strong>eos</strong></span> <span class='ocrx_word' id='word_1_226' title='bbox 1180 2750 1441 2806; x_wconf 78' lang='lat' dir='ltr'><strong>extollat:</strong></span> <span class='ocrx_word' id='word_1_227' title='bbox 1487 2749 1776 2806; x_wconf 86' lang='lat' dir='ltr'><strong>Imitatores</strong></span> <span class='ocrx_word' id='word_1_228' title='bbox 1812 2753 1937 2820; x_wconf 77' lang='lat' dir='ltr'><strong>[acti</strong></span> 
     </span>
    </p>
   </div>
   <div class='ocr_carea' id='block_1_29' title="bbox 356 2841 1932 2913">
    <p class='ocr_par' dir='ltr' id='par_1_29' title="bbox 356 2841 1932 2913">
     <span class='ocr_line' id='line_1_29' title="bbox 356 2841 1932 2913; baseline 0.001 -16"><span class='ocrx_word' id='word_1_229' title='bbox 356 2844 474 2898; x_wconf 82' lang='lat' dir='ltr'><strong>estis</strong></span> <span class='ocrx_word' id='word_1_230' title='bbox 499 2841 728 2898; x_wconf 80' lang='lat' dir='ltr'><strong>Domini.</strong></span> <span class='ocrx_word' id='word_1_231' title='bbox 758 2841 1080 2909; x_wconf 81' lang='lat' dir='ltr'><strong>Quomodo?</strong></span> <span class='ocrx_word' id='word_1_232' title='bbox 1108 2841 1434 2913; x_wconf 74' lang='lat' dir='ltr'><strong>Excipientes</strong></span> <span class='ocrx_word' id='word_1_233' title='bbox 1459 2843 1660 2897; x_wconf 82' lang='lat' dir='ltr'><strong>verbum</strong></span> <span class='ocrx_word' id='word_1_234' title='bbox 1691 2844 1743 2898; x_wconf 88' lang='lat' dir='ltr'><strong>in</strong></span> <span class='ocrx_word' id='word_1_235' title='bbox 1769 2845 1932 2899; x_wconf 85' lang='lat' dir='ltr'><strong>tribu-</strong></span> 
     </span>
    </p>
   </div>
   <div class='ocr_carea' id='block_1_30' title="bbox 353 2934 1934 3008">
    <p class='ocr_par' dir='ltr' id='par_1_30' title="bbox 353 2934 1934 3008">
     <span class='ocr_line' id='line_1_30' title="bbox 353 2934 1934 3008; baseline -0.001 -15"><span class='ocrx_word' id='word_1_236' title='bbox 353 2938 542 2994; x_wconf 80' lang='lat' dir='ltr'><strong>latione</strong></span> <span class='ocrx_word' id='word_1_237' title='bbox 562 2937 741 3003; x_wconf 86' lang='lat' dir='ltr'><strong>multa,</strong></span> <span class='ocrx_word' id='word_1_238' title='bbox 770 2953 882 2993; x_wconf 86' lang='lat' dir='ltr'><strong>cum</strong></span> <span class='ocrx_word' id='word_1_239' title='bbox 907 2936 1094 3008; x_wconf 84' lang='lat' dir='ltr'><strong>gaudio</strong></span> <span class='ocrx_word' id='word_1_240' title='bbox 1134 2936 1357 3008; x_wconf 82' lang='lat' dir='ltr'><strong>Spiritus</strong></span> <span class='ocrx_word' id='word_1_241' title='bbox 1378 2934 1561 2990; x_wconf 84' lang='lat' dir='ltr'><strong>sancti.</strong></span> <span class='ocrx_word' id='word_1_242' title='bbox 1616 2935 1732 2990; x_wconf 86' lang='lat' dir='ltr'><strong>Non</strong></span> <span class='ocrx_word' id='word_1_243' title='bbox 1760 2937 1934 2992; x_wconf 86' lang='lat' dir='ltr'><strong>solum</strong></span> 
     </span>
    </p>
   </div>
   <div class='ocr_carea' id='block_1_31' title="bbox 352 3027 1936 3098">
    <p class='ocr_par' dir='ltr' id='par_1_31' title="bbox 352 3027 1936 3098">
     <span class='ocr_line' id='line_1_31' title="bbox 352 3027 1936 3098; baseline -0.001 -10"><span class='ocrx_word' id='word_1_244' title='bbox 352 3045 476 3088; x_wconf 88' lang='lat' dir='ltr'><strong>cum</strong></span> <span class='ocrx_word' id='word_1_245' title='bbox 513 3029 858 3086; x_wconf 78' lang='lat' dir='ltr'><strong>tribulatione</strong></span> <span class='ocrx_word' id='word_1_246' title='bbox 889 3038 946 3085; x_wconf 84' lang='lat' dir='ltr'><strong>et</strong></span> <span class='ocrx_word' id='word_1_247' title='bbox 967 3029 1256 3085; x_wconf 79' lang='lat' dir='ltr'><strong>afﬂictione</strong></span> <span class='ocrx_word' id='word_1_248' title='bbox 1277 3071 1295 3098; x_wconf 96' lang='lat'><strong>,</strong></span> <span class='ocrx_word' id='word_1_249' title='bbox 1323 3027 1419 3084; x_wconf 86' lang='lat' dir='ltr'><strong>sed</strong></span> <span class='ocrx_word' id='word_1_250' title='bbox 1439 3041 1559 3083; x_wconf 90' lang='lat' dir='ltr'><strong>cum</strong></span> <span class='ocrx_word' id='word_1_251' title='bbox 1584 3028 1773 3086; x_wconf 88' lang='lat' dir='ltr'><strong>multa.</strong></span> <span class='ocrx_word' id='word_1_252' title='bbox 1821 3029 1936 3086; x_wconf 81' lang='lat' dir='ltr'><strong>Hoc</strong></span> 
     </span>
    </p>
   </div>
   <div class='ocr_carea' id='block_1_32' title="bbox 353 3120 1930 3193">
    <p class='ocr_par' dir='ltr' id='par_1_32' title="bbox 353 3120 1930 3193">
     <span class='ocr_line' id='line_1_32' title="bbox 353 3120 1930 3193; baseline 0 -15"><span class='ocrx_word' id='word_1_253' title='bbox 353 3133 532 3180; x_wconf 89' lang='lat' dir='ltr'><strong>autem</strong></span> <span class='ocrx_word' id='word_1_254' title='bbox 558 3122 684 3179; x_wconf 88' lang='lat' dir='ltr'><strong>licet</strong></span> <span class='ocrx_word' id='word_1_255' title='bbox 703 3121 914 3178; x_wconf 88' lang='lat' dir='ltr'><strong>discere</strong></span> <span class='ocrx_word' id='word_1_256' title='bbox 940 3136 1010 3178; x_wconf 75' lang='lat' dir='ltr'><strong>ex</strong></span> <span class='ocrx_word' id='word_1_257' title='bbox 1039 3121 1192 3177; x_wconf 77' lang='lat' dir='ltr'><strong>Actis</strong></span> <span class='ocrx_word' id='word_1_258' title='bbox 1232 3120 1601 3190; x_wconf 83' lang='lat' dir='ltr'><strong>apostolorum</strong></span> <span class='ocrx_word' id='word_1_259' title='bbox 1630 3120 1766 3193; x_wconf 80' lang='lat' dir='ltr'><strong>(Act.</strong></span> <span class='ocrx_word' id='word_1_260' title='bbox 1791 3123 1881 3193; x_wconf 81' lang='lat' dir='ltr'><strong>t7)</strong></span> <span class='ocrx_word' id='word_1_261' title='bbox 1915 3164 1930 3189; x_wconf 94' lang='lat'><strong>,</strong></span> 
     </span>
    </p>
   </div>
   <div class='ocr_carea' id='block_1_33' title="bbox 351 3213 1933 3286">
    <p class='ocr_par' dir='ltr' id='par_1_33' title="bbox 351 3213 1933 3286">
     <span class='ocr_line' id='line_1_33' title="bbox 351 3213 1933 3286; baseline 0.002 -19"><span class='ocrx_word' id='word_1_262' title='bbox 351 3213 620 3286; x_wconf 86' lang='lat' dir='ltr'><strong>quomodo</strong></span> <span class='ocrx_word' id='word_1_263' title='bbox 649 3214 962 3270; x_wconf 82' lang='lat' dir='ltr'><strong>excitarunt</strong></span> <span class='ocrx_word' id='word_1_264' title='bbox 1004 3213 1058 3268; x_wconf 92' lang='lat' dir='ltr'><strong>in</strong></span> <span class='ocrx_word' id='word_1_265' title='bbox 1085 3227 1181 3269; x_wconf 91' lang='lat' dir='ltr'><strong>eos</strong></span> <span class='ocrx_word' id='word_1_266' title='bbox 1206 3213 1679 3283; x_wconf 80' lang='lat' dir='ltr'><strong>persequutionem</strong></span> <span class='ocrx_word' id='word_1_267' title='bbox 1716 3231 1730 3268; x_wconf 93' lang='lat'><strong>:</strong></span> <span class='ocrx_word' id='word_1_268' title='bbox 1785 3214 1933 3272; x_wconf 87' lang='lat' dir='ltr'><strong>Con-</strong></span> 
     </span>
    </p>
   </div>
   <div class='ocr_carea' id='block_1_34' title="bbox 353 3303 1934 3374">
    <p class='ocr_par' dir='ltr' id='par_1_34' title="bbox 353 3303 1934 3374">
     <span class='ocr_line' id='line_1_34' title="bbox 353 3303 1934 3374; baseline 0.001 -14"><span class='ocrx_word' id='word_1_269' title='bbox 353 3304 722 3373; x_wconf 87' lang='lat' dir='ltr'><strong>turbaverunt,</strong></span> <span class='ocrx_word' id='word_1_270' title='bbox 771 3304 964 3374; x_wconf 85' lang='lat' dir='ltr'><strong>inquit,</strong></span> <span class='ocrx_word' id='word_1_271' title='bbox 997 3303 1343 3373; x_wconf 76' lang='lat' dir='ltr'><strong>magistratus</strong></span> <span class='ocrx_word' id='word_1_272' title='bbox 1370 3317 1561 3359; x_wconf 89' lang='lat' dir='ltr'><strong>omnes</strong></span> <span class='ocrx_word' id='word_1_273' title='bbox 1580 3303 1833 3371; x_wconf 86' lang='lat' dir='ltr'><strong>civitatis,</strong></span> <span class='ocrx_word' id='word_1_274' title='bbox 1879 3316 1934 3362; x_wconf 93' lang='lat' dir='ltr'><strong>et</strong></span> 
     </span>
    </p>
   </div>
   <div class='ocr_carea' id='block_1_35' title="bbox 351 3392 1929 3466">
    <p class='ocr_par' dir='ltr' id='par_1_35' title="bbox 351 3392 1929 3466">
     <span class='ocr_line' id='line_1_35' title="bbox 351 3392 1929 3466; baseline 0 -15"><span class='ocrx_word' id='word_1_275' title='bbox 351 3396 620 3451; x_wconf 87' lang='lat' dir='ltr'><strong>civitatem</strong></span> <span class='ocrx_word' id='word_1_276' title='bbox 653 3396 1059 3451; x_wconf 83' lang='lat' dir='ltr'><strong>concitaverunt</strong></span> <span class='ocrx_word' id='word_1_277' title='bbox 1081 3393 1134 3449; x_wconf 90' lang='lat' dir='ltr'><strong>in</strong></span> <span class='ocrx_word' id='word_1_278' title='bbox 1164 3393 1328 3464; x_wconf 88' lang='lat' dir='ltr'><strong>ipsos.</strong></span> <span class='ocrx_word' id='word_1_279' title='bbox 1361 3392 1547 3465; x_wconf 85' lang='lat' dir='ltr'><strong>Neque</strong></span> <span class='ocrx_word' id='word_1_280' title='bbox 1572 3393 1676 3451; x_wconf 92' lang='lat' dir='ltr'><strong>dici</strong></span> <span class='ocrx_word' id='word_1_281' title='bbox 1717 3404 1929 3466; x_wconf 86' lang='lat' dir='ltr'><strong>potest,</strong></span> 
     </span>
    </p>
   </div>
   <div class='ocr_carea' id='block_1_36' title="bbox 350 3485 1933 3558">
    <p class='ocr_par' dir='ltr' id='par_1_36' title="bbox 350 3485 1933 3558">
     <span class='ocr_line' id='line_1_36' title="bbox 350 3485 1933 3558; baseline 0.001 -16"><span class='ocrx_word' id='word_1_282' title='bbox 350 3487 534 3543; x_wconf 86' lang='lat' dir='ltr'><strong>afllieti</strong></span> <span class='ocrx_word' id='word_1_283' title='bbox 566 3487 780 3558; x_wconf 88' lang='lat' dir='ltr'><strong>quidem</strong></span> <span class='ocrx_word' id='word_1_284' title='bbox 812 3487 941 3543; x_wconf 88' lang='lat' dir='ltr'><strong>estis</strong></span> <span class='ocrx_word' id='word_1_285' title='bbox 964 3495 1018 3540; x_wconf 89' lang='lat' dir='ltr'><strong>et</strong></span> <span class='ocrx_word' id='word_1_286' title='bbox 1037 3485 1365 3550; x_wconf 86' lang='lat' dir='ltr'><strong>credidistis,</strong></span> <span class='ocrx_word' id='word_1_287' title='bbox 1391 3486 1485 3542; x_wconf 90' lang='lat' dir='ltr'><strong>sed</strong></span> <span class='ocrx_word' id='word_1_288' title='bbox 1512 3486 1790 3554; x_wconf 90' lang='lat' dir='ltr'><strong>dolentes;</strong></span> <span class='ocrx_word' id='word_1_289' title='bbox 1824 3488 1933 3544; x_wconf 92' lang='lat' dir='ltr'><strong>imo</strong></span> 
     </span>
    </p>
   </div>
   <div class='ocr_carea' id='block_1_37' title="bbox 351 3575 1932 3651">
    <p class='ocr_par' dir='ltr' id='par_1_37' title="bbox 351 3575 1932 3651">
     <span class='ocr_line' id='line_1_37' title="bbox 351 3575 1932 3651; baseline 0.003 -18"><span class='ocrx_word' id='word_1_290' title='bbox 351 3595 481 3635; x_wconf 86' lang='lat' dir='ltr'><strong>vero</strong></span> <span class='ocrx_word' id='word_1_291' title='bbox 508 3578 815 3649; x_wconf 78' lang='lat' dir='ltr'><strong>gaudentes.</strong></span> <span class='ocrx_word' id='word_1_292' title='bbox 869 3575 1021 3643; x_wconf 85' lang='lat' dir='ltr'><strong>Quod</strong></span> <span class='ocrx_word' id='word_1_293' title='bbox 1059 3579 1275 3647; x_wconf 83' lang='lat' dir='ltr'><strong>quidem</strong></span> <span class='ocrx_word' id='word_1_294' title='bbox 1323 3577 1586 3634; x_wconf 81' lang='lat' dir='ltr'><strong>faciebant</strong></span> <span class='ocrx_word' id='word_1_295' title='bbox 1609 3581 1769 3636; x_wconf 87' lang='lat' dir='ltr'><strong>etiam</strong></span> <span class='ocrx_word' id='word_1_296' title='bbox 1801 3597 1932 3651; x_wconf 81' lang='lat' dir='ltr'><strong>apo-</strong></span> 
     </span>
    </p>
   </div>
   <div class='ocr_carea' id='block_1_38' title="bbox 352 3667 1933 3742">
    <p class='ocr_par' dir='ltr' id='par_1_38' title="bbox 352 3667 1933 3742">
     <span class='ocr_line' id='line_1_38' title="bbox 352 3667 1933 3742; baseline 0.001 -18"><span class='ocrx_word' id='word_1_297' title='bbox 352 3671 472 3724; x_wconf 87' lang='lat' dir='ltr'><strong>stoli</strong></span> <span class='ocrx_word' id='word_1_298' title='bbox 503 3687 518 3724; x_wconf 90' lang='lat'><strong>:</strong></span> <span class='ocrx_word' id='word_1_299' title='bbox 548 3668 872 3733; x_wconf 79' lang='lat' dir='ltr'><strong>Gaudentes,</strong></span> <span class='ocrx_word' id='word_1_300' title='bbox 908 3667 1118 3734; x_wconf 88' lang='lat' dir='ltr'><strong>inquit,</strong></span> <span class='ocrx_word' id='word_1_301' title='bbox 1145 3667 1281 3735; x_wconf 83' lang='lat' dir='ltr'><strong>quod</strong></span> <span class='ocrx_word' id='word_1_302' title='bbox 1309 3668 1448 3736; x_wconf 84' lang='lat' dir='ltr'><strong>digni</strong></span> <span class='ocrx_word' id='word_1_303' title='bbox 1476 3679 1639 3723; x_wconf 84' lang='lat' dir='ltr'><strong>essent</strong></span> <span class='ocrx_word' id='word_1_304' title='bbox 1659 3671 1817 3724; x_wconf 86' lang='lat' dir='ltr'><strong>habiti</strong></span> <span class='ocrx_word' id='word_1_305' title='bbox 1841 3689 1933 3742; x_wconf 88' lang='lat' dir='ltr'><strong>pro</strong></span> 
     </span>
    </p>
   </div>
   <div class='ocr_carea' id='block_1_39' title="bbox 350 3754 1930 3827">
    <p class='ocr_par' dir='ltr' id='par_1_39' title="bbox 350 3754 1930 3827">
     <span class='ocr_line' id='line_1_39' title="bbox 350 3754 1930 3827; baseline 0 -13"><span class='ocrx_word' id='word_1_306' title='bbox 350 3760 559 3814; x_wconf 78' lang='lat' dir='ltr'><strong>nomine</strong></span> <span class='ocrx_word' id='word_1_307' title='bbox 582 3757 767 3811; x_wconf 82' lang='lat' dir='ltr'><strong>Christi</strong></span> <span class='ocrx_word' id='word_1_308' title='bbox 785 3755 1086 3809; x_wconf 82' lang='lat' dir='ltr'><strong>contumelia</strong></span> <span class='ocrx_word' id='word_1_309' title='bbox 1111 3755 1239 3824; x_wconf 78' lang='lat' dir='ltr'><strong>affici</strong></span> <span class='ocrx_word' id='word_1_310' title='bbox 1258 3754 1419 3826; x_wconf 85' lang='lat' dir='ltr'><strong>(Ibid.</strong></span> <span class='ocrx_word' id='word_1_311' title='bbox 1449 3757 1503 3812; x_wconf 85' lang='lat'><strong>5.</strong></span> <span class='ocrx_word' id='word_1_312' title='bbox 1531 3759 1766 3827; x_wconf 69' lang='lat' dir='ltr'><strong>44).!loc</strong></span> <span class='ocrx_word' id='word_1_313' title='bbox 1788 3761 1930 3816; x_wconf 87' lang='lat' dir='ltr'><strong>enim</strong></span> 
     </span>
    </p>
   </div>
   <div class='ocr_carea' id='block_1_40' title="bbox 353 3845 1932 3921">
    <p class='ocr_par' dir='ltr' id='par_1_40' title="bbox 353 3845 1932 3921">
     <span class='ocr_line' id='line_1_40' title="bbox 353 3845 1932 3921; baseline 0 -16"><span class='ocrx_word' id='word_1_314' title='bbox 353 3859 437 3905; x_wconf 89' lang='lat' dir='ltr'><strong>est</strong></span> <span class='ocrx_word' id='word_1_315' title='bbox 459 3846 776 3902; x_wconf 83' lang='lat' dir='ltr'><strong>admirabile</strong></span> <span class='ocrx_word' id='word_1_316' title='bbox 801 3864 816 3901; x_wconf 90' lang='lat'><strong>:</strong></span> <span class='ocrx_word' id='word_1_317' title='bbox 861 3845 963 3901; x_wconf 88' lang='lat' dir='ltr'><strong>etsi</strong></span> <span class='ocrx_word' id='word_1_318' title='bbox 986 3845 1194 3900; x_wconf 90' lang='lat' dir='ltr'><strong>neillud</strong></span> <span class='ocrx_word' id='word_1_319' title='bbox 1221 3845 1434 3916; x_wconf 89' lang='lat' dir='ltr'><strong>quidem</strong></span> <span class='ocrx_word' id='word_1_320' title='bbox 1460 3856 1543 3904; x_wconf 90' lang='lat' dir='ltr'><strong>est</strong></span> <span class='ocrx_word' id='word_1_321' title='bbox 1563 3863 1775 3918; x_wconf 88' lang='lat' dir='ltr'><strong>parum,</strong></span> <span class='ocrx_word' id='word_1_322' title='bbox 1800 3867 1932 3921; x_wconf 84' lang='lat' dir='ltr'><strong>quo-</strong></span> 
     </span>
    </p>
   </div>
   <div class='ocr_carea' id='block_1_41' title="bbox 351 3935 1930 4009">
    <p class='ocr_par' dir='ltr' id='par_1_41' title="bbox 351 3935 1930 4009">
     <span class='ocr_line' id='line_1_41' title="bbox 351 3935 1930 4009; baseline -0.006 -13"><span class='ocrx_word' id='word_1_323' title='bbox 351 3938 742 4006; x_wconf 89' lang='lat' dir='ltr'><strong>modocumque</strong></span> <span class='ocrx_word' id='word_1_324' title='bbox 786 3936 926 3991; x_wconf 84' lang='lat' dir='ltr'><strong>ferre</strong></span> <span class='ocrx_word' id='word_1_325' title='bbox 969 3935 1319 4002; x_wconf 83' lang='lat' dir='ltr'><strong>atﬂictiones;</strong></span> <span class='ocrx_word' id='word_1_326' title='bbox 1369 3945 1424 3991; x_wconf 91' lang='lat' dir='ltr'><strong>at</strong></span> <span class='ocrx_word' id='word_1_327' title='bbox 1461 3936 1565 3994; x_wconf 89' lang='lat' dir='ltr'><strong>hoc</strong></span> <span class='ocrx_word' id='word_1_328' title='bbox 1587 3939 1696 4009; x_wconf 86' lang='lat' dir='ltr'><strong>jam</strong></span> <span class='ocrx_word' id='word_1_329' title='bbox 1724 3951 1807 3996; x_wconf 84' lang='lat' dir='ltr'><strong>est</strong></span> <span class='ocrx_word' id='word_1_330' title='bbox 1833 3956 1930 3998; x_wconf 90' lang='lat' dir='ltr'><strong>eo-</strong></span> 
     </span>
    </p>
   </div>
   <div class='ocr_carea' id='block_1_42' title="bbox 350 4027 1929 4100">
    <p class='ocr_par' dir='ltr' id='par_1_42' title="bbox 350 4027 1929 4100">
     <span class='ocr_line' id='line_1_42' title="bbox 350 4027 1929 4100; baseline 0 -13"><span class='ocrx_word' id='word_1_331' title='bbox 350 4047 470 4087; x_wconf 87' lang='lat' dir='ltr'><strong>rum</strong></span> <span class='ocrx_word' id='word_1_332' title='bbox 496 4028 584 4100; x_wconf 91' lang='lat' dir='ltr'><strong>qui</strong></span> <span class='ocrx_word' id='word_1_333' title='bbox 614 4027 898 4082; x_wconf 88' lang='lat' dir='ltr'><strong>humanam</strong></span> <span class='ocrx_word' id='word_1_334' title='bbox 931 4035 1174 4082; x_wconf 86' lang='lat' dir='ltr'><strong>naturam</strong></span> <span class='ocrx_word' id='word_1_335' title='bbox 1201 4036 1480 4098; x_wconf 85' lang='lat' dir='ltr'><strong>superant,</strong></span> <span class='ocrx_word' id='word_1_336' title='bbox 1503 4037 1560 4084; x_wconf 88' lang='lat' dir='ltr'><strong>et</strong></span> <span class='ocrx_word' id='word_1_337' title='bbox 1585 4029 1785 4086; x_wconf 83' lang='lat' dir='ltr'><strong>habent</strong></span> <span class='ocrx_word' id='word_1_338' title='bbox 1806 4047 1929 4087; x_wconf 84' lang='lat' dir='ltr'><strong>cor-</strong></span> 
     </span>
    </p>
   </div>
   <div class='ocr_carea' id='block_1_43' title="bbox 350 4118 1930 4194">
    <p class='ocr_par' dir='ltr' id='par_1_43' title="bbox 350 4118 1930 4194">
     <span class='ocr_line' id='line_1_43' title="bbox 350 4118 1930 4194; baseline 0.001 -16"><span class='ocrx_word' id='word_1_339' title='bbox 350 4137 447 4194; x_wconf 86' lang='lat' dir='ltr'><strong>pus</strong></span> <span class='ocrx_word' id='word_1_340' title='bbox 493 4131 762 4191; x_wconf 88' lang='lat' dir='ltr'><strong>tamquam</strong></span> <span class='ocrx_word' id='word_1_341' title='bbox 809 4118 1120 4190; x_wconf 86' lang='lat' dir='ltr'><strong>impatibile.</strong></span> <span class='ocrx_word' id='word_1_342' title='bbox 1173 4119 1454 4187; x_wconf 86' lang='lat' dir='ltr'><strong>Quomodo</strong></span> <span class='ocrx_word' id='word_1_343' title='bbox 1495 4130 1673 4177; x_wconf 90' lang='lat' dir='ltr'><strong>autem</strong></span> <span class='ocrx_word' id='word_1_344' title='bbox 1717 4120 1930 4179; x_wconf 88' lang='lat' dir='ltr'><strong>fuerunt</strong></span> 
     </span>
    </p>
   </div>
   <div class='ocr_carea' id='block_1_44' title="bbox 348 4213 1927 4284">
    <p class='ocr_par' dir='ltr' id='par_1_44' title="bbox 348 4213 1927 4284">
     <span class='ocr_line' id='line_1_44' title="bbox 348 4213 1927 4284; baseline -0.002 -10"><span class='ocrx_word' id='word_1_345' title='bbox 348 4217 646 4274; x_wconf 83' lang='lat' dir='ltr'><strong>imitatores</strong></span> <span class='ocrx_word' id='word_1_346' title='bbox 671 4213 868 4270; x_wconf 84' lang='lat' dir='ltr'><strong>Christi</strong></span> <span class='ocrx_word' id='word_1_347' title='bbox 889 4213 912 4268; x_wconf 68' lang='grc' dir='ltr'><strong>ἲ</strong></span> <span class='ocrx_word' id='word_1_348' title='bbox 934 4214 1196 4282; x_wconf 86' lang='lat' dir='ltr'><strong>Quoniam</strong></span> <span class='ocrx_word' id='word_1_349' title='bbox 1222 4213 1336 4283; x_wconf 89' lang='lat' dir='ltr'><strong>ipse</strong></span> <span class='ocrx_word' id='word_1_350' title='bbox 1355 4228 1569 4284; x_wconf 91' lang='lat' dir='ltr'><strong>quoque</strong></span> <span class='ocrx_word' id='word_1_351' title='bbox 1591 4214 1785 4270; x_wconf 85' lang='lat' dir='ltr'><strong>multas</strong></span> <span class='ocrx_word' id='word_1_352' title='bbox 1807 4231 1927 4271; x_wconf 77' lang='lat' dir='ltr'><strong>sus-</strong></span> 
     </span>
    </p>
   </div>
   <div class='ocr_carea' id='block_1_45' title="bbox 351 4303 1926 4378">
    <p class='ocr_par' dir='ltr' id='par_1_45' title="bbox 351 4303 1926 4378">
     <span class='ocr_line' id='line_1_45' title="bbox 351 4303 1926 4378; baseline 0.001 -16"><span class='ocrx_word' id='word_1_353' title='bbox 351 4309 505 4364; x_wconf 86' lang='lat' dir='ltr'><strong>tinuit</strong></span> <span class='ocrx_word' id='word_1_354' title='bbox 529 4306 922 4378; x_wconf 87' lang='lat' dir='ltr'><strong>perpessiones,</strong></span> <span class='ocrx_word' id='word_1_355' title='bbox 975 4319 1074 4359; x_wconf 90' lang='lat' dir='ltr'><strong>nec</strong></span> <span class='ocrx_word' id='word_1_356' title='bbox 1115 4303 1351 4371; x_wconf 89' lang='lat' dir='ltr'><strong>dolebat,</strong></span> <span class='ocrx_word' id='word_1_357' title='bbox 1379 4304 1474 4361; x_wconf 90' lang='lat' dir='ltr'><strong>sed</strong></span> <span class='ocrx_word' id='word_1_358' title='bbox 1500 4304 1809 4376; x_wconf 79' lang='lat' dir='ltr'><strong>gaudebat:</strong></span> <span class='ocrx_word' id='word_1_359' title='bbox 1844 4307 1926 4363; x_wconf 91' lang='lat' dir='ltr'><strong>lu—</strong></span> 
     </span>
    </p>
   </div>
   <div class='ocr_carea' id='block_1_46' title="bbox 348 4395 1924 4471">
    <p class='ocr_par' dir='ltr' id='par_1_46' title="bbox 348 4395 1924 4471">
     <span class='ocr_line' id='line_1_46' title="bbox 348 4395 1924 4471; baseline 0.001 -18"><span class='ocrx_word' id='word_1_360' title='bbox 348 4399 480 4454; x_wconf 87' lang='lat' dir='ltr'><strong>bens</strong></span> <span class='ocrx_word' id='word_1_361' title='bbox 491 4398 637 4471; x_wconf 82' lang='lat' dir='ltr'><strong>enim</strong></span> <span class='ocrx_word' id='word_1_362' title='bbox 661 4404 716 4452; x_wconf 92' lang='lat' dir='ltr'><strong>et</strong></span> <span class='ocrx_word' id='word_1_363' title='bbox 739 4405 930 4466; x_wconf 81' lang='lat' dir='ltr'><strong>sponte</strong></span> <span class='ocrx_word' id='word_1_364' title='bbox 951 4409 1017 4450; x_wconf 90' lang='lat' dir='ltr'><strong>eo</strong></span> <span class='ocrx_word' id='word_1_365' title='bbox 1041 4395 1307 4450; x_wconf 83' lang='lat' dir='ltr'><strong>veniebat.</strong></span> <span class='ocrx_word' id='word_1_366' title='bbox 1333 4395 1559 4468; x_wconf 86' lang='lat' dir='ltr'><strong>Propter</strong></span> <span class='ocrx_word' id='word_1_367' title='bbox 1576 4412 1675 4453; x_wconf 91' lang='lat' dir='ltr'><strong>nos</strong></span> <span class='ocrx_word' id='word_1_368' title='bbox 1691 4399 1924 4469; x_wconf 84' lang='lat' dir='ltr'><strong>seipsum</strong></span> 
     </span>
    </p>
   </div>
   <div class='ocr_carea' id='block_1_47' title="bbox 345 4484 1924 4556">
    <p class='ocr_par' dir='ltr' id='par_1_47' title="bbox 345 4484 1924 4556">
     <span class='ocr_line' id='line_1_47' title="bbox 345 4484 1924 4556; baseline 0.001 -11"><span class='ocrx_word' id='word_1_369' title='bbox 345 4488 639 4555; x_wconf 80' lang='lat' dir='ltr'><strong>exinaniit,</strong></span> <span class='ocrx_word' id='word_1_370' title='bbox 681 4497 835 4556; x_wconf 89' lang='lat' dir='ltr'><strong>sputa</strong></span> <span class='ocrx_word' id='word_1_371' title='bbox 879 4495 934 4542; x_wconf 91' lang='lat' dir='ltr'><strong>et</strong></span> <span class='ocrx_word' id='word_1_372' title='bbox 979 4484 1237 4555; x_wconf 86' lang='lat' dir='ltr'><strong>colaphos</strong></span> <span class='ocrx_word' id='word_1_373' title='bbox 1280 4501 1570 4555; x_wconf 84' lang='lat' dir='ltr'><strong>passurus,</strong></span> <span class='ocrx_word' id='word_1_374' title='bbox 1623 4489 1676 4544; x_wconf 91' lang='lat' dir='ltr'><strong>in</strong></span> <span class='ocrx_word' id='word_1_375' title='bbox 1707 4504 1924 4546; x_wconf 91' lang='lat' dir='ltr'><strong>crucem</strong></span> 
     </span>
    </p>
   </div>
   <div class='ocr_carea' id='block_1_48' title="bbox 343 4574 1925 4649">
    <p class='ocr_par' dir='ltr' id='par_1_48' title="bbox 343 4574 1925 4649">
     <span class='ocr_line' id='line_1_48' title="bbox 343 4574 1925 4649; baseline 0.001 -16"><span class='ocrx_word' id='word_1_376' title='bbox 343 4579 614 4649; x_wconf 85' lang='lat' dir='ltr'><strong>agendus;</strong></span> <span class='ocrx_word' id='word_1_377' title='bbox 642 4586 696 4632; x_wconf 90' lang='lat' dir='ltr'><strong>et</strong></span> <span class='ocrx_word' id='word_1_378' title='bbox 714 4577 849 4632; x_wconf 89' lang='lat' dir='ltr'><strong>adeo</strong></span> <span class='ocrx_word' id='word_1_379' title='bbox 869 4574 1138 4646; x_wconf 77' lang='lat' dir='ltr'><strong>gaudebat</strong></span> <span class='ocrx_word' id='word_1_380' title='bbox 1167 4576 1281 4630; x_wconf 58' lang='lat' dir='ltr'><strong>haec</strong></span> <span class='ocrx_word' id='word_1_381' title='bbox 1307 4579 1535 4646; x_wconf 89' lang='lat' dir='ltr'><strong>patiens,</strong></span> <span class='ocrx_word' id='word_1_382' title='bbox 1579 4587 1636 4633; x_wconf 93' lang='lat' dir='ltr'><strong>ut</strong></span> <span class='ocrx_word' id='word_1_383' title='bbox 1678 4579 1821 4636; x_wconf 82' lang='lat' dir='ltr'><strong>Patri</strong></span> <span class='ocrx_word' id='word_1_384' title='bbox 1844 4580 1925 4634; x_wconf 88' lang='lat' dir='ltr'><strong>di-</strong></span> 
     </span>
    </p>
   </div>
   <div class='ocr_carea' id='block_1_49' title="bbox 341 4664 1920 4740">
    <p class='ocr_par' dir='ltr' id='par_1_49' title="bbox 341 4664 1920 4740">
     <span class='ocr_line' id='line_1_49' title="bbox 341 4664 1920 4740; baseline -0.001 -15"><span class='ocrx_word' id='word_1_385' title='bbox 341 4679 507 4734; x_wconf 88' lang='lat' dir='ltr'><strong>ceret,</strong></span> <span class='ocrx_word' id='word_1_386' title='bbox 541 4667 783 4734; x_wconf 79' lang='lat' dir='ltr'><strong>Gloriﬁca</strong></span> <span class='ocrx_word' id='word_1_387' title='bbox 805 4681 884 4718; x_wconf 87' lang='lat' dir='ltr'><strong>me</strong></span> <span class='ocrx_word' id='word_1_388' title='bbox 919 4664 1096 4736; x_wconf 79' lang='lat' dir='ltr'><strong>(Joan.</strong></span> <span class='ocrx_word' id='word_1_389' title='bbox 1129 4666 1213 4719; x_wconf 77' lang='lat' dir='ltr'><strong>i7.</strong></span> <span class='ocrx_word' id='word_1_390' title='bbox 1239 4666 1316 4733; x_wconf 81' lang='grc'><strong>1).</strong></span> <span class='ocrx_word' id='word_1_391' title='bbox 1349 4665 1704 4738; x_wconf 78' lang='lat' dir='ltr'><strong>Cumgaudio,</strong></span> <span class='ocrx_word' id='word_1_392' title='bbox 1726 4670 1920 4740; x_wconf 90' lang='lat' dir='ltr'><strong>inquit,</strong></span> 
     </span>
    </p>
   </div>
   <div class='ocr_carea' id='block_1_50' title="bbox 343 4755 1920 4833">
    <p class='ocr_par' dir='ltr' id='par_1_50' title="bbox 343 4755 1920 4833">
     <span class='ocr_line' id='line_1_50' title="bbox 343 4755 1920 4833; baseline 0 -17"><span class='ocrx_word' id='word_1_393' title='bbox 343 4760 566 4833; x_wconf 85' lang='lat' dir='ltr'><strong>Spiritus</strong></span> <span class='ocrx_word' id='word_1_394' title='bbox 614 4757 796 4814; x_wconf 88' lang='lat' dir='ltr'><strong>sancti.</strong></span> <span class='ocrx_word' id='word_1_395' title='bbox 846 4755 924 4811; x_wconf 84' lang='lat' dir='ltr'><strong>Ne</strong></span> <span class='ocrx_word' id='word_1_396' title='bbox 971 4757 1090 4825; x_wconf 88' lang='lat' dir='ltr'><strong>quis</strong></span> <span class='ocrx_word' id='word_1_397' title='bbox 1117 4755 1354 4823; x_wconf 88' lang='lat' dir='ltr'><strong>diceret,</strong></span> <span class='ocrx_word' id='word_1_398' title='bbox 1411 4758 1689 4825; x_wconf 87' lang='lat' dir='ltr'><strong>Quomodo</strong></span> <span class='ocrx_word' id='word_1_399' title='bbox 1709 4760 1843 4818; x_wconf 91' lang='lat' dir='ltr'><strong>dicis</strong></span> <span class='ocrx_word' id='word_1_400' title='bbox 1868 4763 1920 4816; x_wconf 91' lang='lat' dir='ltr'><strong>in</strong></span> 
     </span>
    </p>
   </div>
   <div class='ocr_carea' id='block_1_51' title="bbox 342 4847 1918 4922">
    <p class='ocr_par' dir='ltr' id='par_1_51' title="bbox 342 4847 1918 4922">
     <span class='ocr_line' id='line_1_51' title="bbox 342 4847 1918 4922; baseline 0 -16"><span class='ocrx_word' id='word_1_401' title='bbox 342 4849 726 4908; x_wconf 88' lang='lat' dir='ltr'><strong>tribulatione?</strong></span> <span class='ocrx_word' id='word_1_402' title='bbox 786 4847 1057 4918; x_wconf 89' lang='lat' dir='ltr'><strong>quomodo</strong></span> <span class='ocrx_word' id='word_1_403' title='bbox 1083 4847 1136 4901; x_wconf 90' lang='lat' dir='ltr'><strong>in</strong></span> <span class='ocrx_word' id='word_1_404' title='bbox 1189 4847 1423 4917; x_wconf 85' lang='lat' dir='ltr'><strong>gaudio?</strong></span> <span class='ocrx_word' id='word_1_405' title='bbox 1462 4851 1734 4918; x_wconf 89' lang='lat' dir='ltr'><strong>quomodo</strong></span> <span class='ocrx_word' id='word_1_406' title='bbox 1790 4867 1918 4922; x_wconf 81' lang='lat' dir='ltr'><strong>pos-</strong></span> 
     </span>
    </p>
   </div>
   <div class='ocr_carea' id='block_1_52' title="bbox 340 4938 1918 5012">
    <p class='ocr_par' dir='ltr' id='par_1_52' title="bbox 340 4938 1918 5012">
     <span class='ocr_line' id='line_1_52' title="bbox 340 4938 1918 5012; baseline 0.001 -16"><span class='ocrx_word' id='word_1_407' title='bbox 340 4953 465 4998; x_wconf 86' lang='lat' dir='ltr'><strong>sunt</strong></span> <span class='ocrx_word' id='word_1_408' title='bbox 521 4951 744 5012; x_wconf 90' lang='lat' dir='ltr'><strong>utraque</strong></span> <span class='ocrx_word' id='word_1_409' title='bbox 803 4939 1134 4995; x_wconf 82' lang='lat' dir='ltr'><strong>convenire?</strong></span> <span class='ocrx_word' id='word_1_410' title='bbox 1206 4938 1498 5008; x_wconf 80' lang='lat' dir='ltr'><strong>subjunxit,</strong></span> <span class='ocrx_word' id='word_1_411' title='bbox 1551 4939 1677 4994; x_wconf 80' lang='lat' dir='ltr'><strong>Cum</strong></span> <span class='ocrx_word' id='word_1_412' title='bbox 1730 4945 1918 5012; x_wconf 81' lang='lat' dir='ltr'><strong>gaudio</strong></span> 
     </span>
    </p>
   </div>
   <div class='ocr_carea' id='block_1_53' title="bbox 341 5027 1919 5105">
    <p class='ocr_par' dir='ltr' id='par_1_53' title="bbox 341 5027 1919 5105">
     <span class='ocr_line' id='line_1_53' title="bbox 341 5027 1919 5105; baseline -0.003 -15"><span class='ocrx_word' id='word_1_413' title='bbox 341 5034 566 5105; x_wconf 76' lang='lat' dir='ltr'><strong>Spiritus</strong></span> <span class='ocrx_word' id='word_1_414' title='bbox 611 5031 792 5087; x_wconf 89' lang='lat' dir='ltr'><strong>sancti.</strong></span> <span class='ocrx_word' id='word_1_415' title='bbox 826 5030 1059 5085; x_wconf 80' lang='lat' dir='ltr'><strong>Aﬂlictio</strong></span> <span class='ocrx_word' id='word_1_416' title='bbox 1089 5037 1171 5084; x_wconf 80' lang='lat' dir='ltr'><strong>est</strong></span> <span class='ocrx_word' id='word_1_417' title='bbox 1212 5027 1264 5082; x_wconf 87' lang='lat' dir='ltr'><strong>in</strong></span> <span class='ocrx_word' id='word_1_418' title='bbox 1292 5029 1686 5099; x_wconf 85' lang='lat' dir='ltr'><strong>corporalibus,</strong></span> <span class='ocrx_word' id='word_1_419' title='bbox 1716 5041 1919 5103; x_wconf 86' lang='lat' dir='ltr'><strong>etgau-</strong></span> 
     </span>
    </p>
   </div>
   <div class='ocr_carea' id='block_1_54' title="bbox 339 5120 1918 5194">
    <p class='ocr_par' dir='ltr' id='par_1_54' title="bbox 339 5120 1918 5194">
     <span class='ocr_line' id='line_1_54' title="bbox 339 5120 1918 5194; baseline 0.001 -15"><span class='ocrx_word' id='word_1_420' title='bbox 339 5125 485 5179; x_wconf 90' lang='lat' dir='ltr'><strong>dium</strong></span> <span class='ocrx_word' id='word_1_421' title='bbox 524 5125 574 5178; x_wconf 90' lang='lat' dir='ltr'><strong>in</strong></span> <span class='ocrx_word' id='word_1_422' title='bbox 617 5122 1003 5193; x_wconf 88' lang='lat' dir='ltr'><strong>spiritualibus.</strong></span> <span class='ocrx_word' id='word_1_423' title='bbox 1047 5120 1365 5187; x_wconf 84' lang='lat' dir='ltr'><strong>Quomodo?</strong></span> <span class='ocrx_word' id='word_1_424' title='bbox 1422 5121 1494 5176; x_wconf 85' lang='lat' dir='ltr'><strong>Ea</strong></span> <span class='ocrx_word' id='word_1_425' title='bbox 1547 5123 1918 5194; x_wconf 85' lang='lat' dir='ltr'><strong>quidemqu</strong></span> 
     </span>
    </p>
   </div>
   <div class='ocr_carea' id='block_1_55' title="bbox 341 5214 1916 5283">
    <p class='ocr_par' dir='ltr' id='par_1_55' title="bbox 341 5214 1916 5283">
     <span class='ocr_line' id='line_1_55' title="bbox 341 5214 1916 5283; baseline 0.001 -13"><span class='ocrx_word' id='word_1_426' title='bbox 341 5219 473 5270; x_wconf 85' lang='lat' dir='ltr'><strong>littnt</strong></span> <span class='ocrx_word' id='word_1_427' title='bbox 497 5224 622 5269; x_wconf 86' lang='lat' dir='ltr'><strong>sunt</strong></span> <span class='ocrx_word' id='word_1_428' title='bbox 649 5214 903 5279; x_wconf 81' lang='lat' dir='ltr'><strong>molesta;</strong></span> <span class='ocrx_word' id='word_1_429' title='bbox 936 5229 1052 5283; x_wconf 73' lang='lat' dir='ltr'><strong>qua:</strong></span> <span class='ocrx_word' id='word_1_430' title='bbox 1073 5222 1249 5266; x_wconf 81' lang='lat' dir='ltr'><strong>autent</strong></span> <span class='ocrx_word' id='word_1_431' title='bbox 1274 5228 1338 5268; x_wconf 81' lang='lat' dir='ltr'><strong>cx</strong></span> <span class='ocrx_word' id='word_1_432' title='bbox 1371 5215 1450 5268; x_wconf 89' lang='lat' dir='ltr'><strong>cis</strong></span> <span class='ocrx_word' id='word_1_433' title='bbox 1475 5214 1720 5268; x_wconf 84' lang='lat' dir='ltr'><strong>oriuntur</strong></span> <span class='ocrx_word' id='word_1_434' title='bbox 1743 5257 1758 5277; x_wconf 92' lang='lat'><strong>,</strong></span> <span class='ocrx_word' id='word_1_435' title='bbox 1817 5231 1916 5272; x_wconf 80' lang='lat' dir='ltr'><strong>ne-</strong></span> 
     </span>
    </p>
   </div>
   <div class='ocr_carea' id='block_1_56' title="bbox 337 5302 1916 5379">
    <p class='ocr_par' dir='ltr' id='par_1_56' title="bbox 337 5302 1916 5379">
     <span class='ocr_line' id='line_1_56' title="bbox 337 5302 1916 5379; baseline 0.001 -18"><span class='ocrx_word' id='word_1_436' title='bbox 337 5323 600 5379; x_wconf 85' lang='lat' dir='ltr'><strong>quaquam</strong></span> <span class='ocrx_word' id='word_1_437' title='bbox 635 5322 649 5360; x_wconf 90' lang='lat'><strong>:</strong></span> <span class='ocrx_word' id='word_1_438' title='bbox 683 5322 786 5359; x_wconf 90' lang='lat' dir='ltr'><strong>non</strong></span> <span class='ocrx_word' id='word_1_439' title='bbox 837 5305 965 5360; x_wconf 75' lang='lat' dir='ltr'><strong>sinit</strong></span> <span class='ocrx_word' id='word_1_440' title='bbox 990 5304 1131 5359; x_wconf 86' lang='lat' dir='ltr'><strong>enim</strong></span> <span class='ocrx_word' id='word_1_441' title='bbox 1164 5302 1215 5357; x_wconf 89' lang='lat' dir='ltr'><strong>id</strong></span> <span class='ocrx_word' id='word_1_442' title='bbox 1255 5303 1509 5374; x_wconf 86' lang='lat' dir='ltr'><strong>Spiritus.</strong></span> <span class='ocrx_word' id='word_1_443' title='bbox 1555 5303 1916 5372; x_wconf 86' lang='lat' dir='ltr'><strong>Quamobrem</strong></span> 
     </span>
    </p>
   </div>
   <div class='ocr_carea' id='block_1_57' title="bbox 339 5397 1918 5470">
    <p class='ocr_par' dir='ltr' id='par_1_57' title="bbox 339 5397 1918 5470">
     <span class='ocr_line' id='line_1_57' title="bbox 339 5397 1918 5470; baseline 0 -15"><span class='ocrx_word' id='word_1_444' title='bbox 339 5401 451 5456; x_wconf 80' lang='lat' dir='ltr'><strong>fieri</strong></span> <span class='ocrx_word' id='word_1_445' title='bbox 483 5407 659 5470; x_wconf 86' lang='lat' dir='ltr'><strong>potest</strong></span> <span class='ocrx_word' id='word_1_446' title='bbox 687 5407 746 5453; x_wconf 88' lang='lat' dir='ltr'><strong>ut</strong></span> <span class='ocrx_word' id='word_1_447' title='bbox 772 5407 826 5453; x_wconf 89' lang='lat' dir='ltr'><strong>et</strong></span> <span class='ocrx_word' id='word_1_448' title='bbox 853 5399 1059 5466; x_wconf 83' lang='lat' dir='ltr'><strong>patiens</strong></span> <span class='ocrx_word' id='word_1_449' title='bbox 1085 5412 1190 5452; x_wconf 89' lang='lat' dir='ltr'><strong>non</strong></span> <span class='ocrx_word' id='word_1_450' title='bbox 1222 5397 1455 5462; x_wconf 83' lang='lat' dir='ltr'><strong>la-tetur,</strong></span> <span class='ocrx_word' id='word_1_451' title='bbox 1483 5399 1697 5468; x_wconf 88' lang='lat' dir='ltr'><strong>quando</strong></span> <span class='ocrx_word' id='word_1_452' title='bbox 1723 5401 1918 5470; x_wconf 89' lang='lat' dir='ltr'><strong>patitur</strong></span> 
     </span>
    </p>
   </div>
   <div class='ocr_carea' id='block_1_58' title="bbox 335 5486 1916 5560">
    <p class='ocr_par' dir='ltr' id='par_1_58' title="bbox 335 5486 1916 5560">
     <span class='ocr_line' id='line_1_58' title="bbox 335 5486 1916 5560; baseline 0.001 -16"><span class='ocrx_word' id='word_1_453' title='bbox 335 5506 432 5558; x_wconf 79' lang='lat' dir='ltr'><strong>pro</strong></span> <span class='ocrx_word' id='word_1_454' title='bbox 453 5490 722 5560; x_wconf 87' lang='lat' dir='ltr'><strong>peccatis;</strong></span> <span class='ocrx_word' id='word_1_455' title='bbox 752 5497 806 5542; x_wconf 92' lang='lat' dir='ltr'><strong>et</strong></span> <span class='ocrx_word' id='word_1_456' title='bbox 832 5486 1006 5556; x_wconf 84' lang='lat' dir='ltr'><strong>ﬂagris</strong></span> <span class='ocrx_word' id='word_1_457' title='bbox 1038 5487 1450 5556; x_wconf 64' lang='lat' dir='ltr'><strong>eaesuslirtetur,</strong></span> <span class='ocrx_word' id='word_1_458' title='bbox 1478 5488 1692 5557; x_wconf 86' lang='lat' dir='ltr'><strong>quando</strong></span> <span class='ocrx_word' id='word_1_459' title='bbox 1719 5489 1916 5558; x_wconf 87' lang='lat' dir='ltr'><strong>patitur</strong></span> 
     </span>
    </p>
   </div>
   <div class='ocr_carea' id='block_1_59' title="bbox 337 5578 885 5650">
    <p class='ocr_par' dir='ltr' id='par_1_59' title="bbox 337 5578 885 5650">
     <span class='ocr_line' id='line_1_59' title="bbox 337 5578 885 5650; baseline -0.013 -14"><span class='ocrx_word' id='word_1_460' title='bbox 337 5589 552 5650; x_wconf 65' lang='lat' dir='ltr'><strong>tropter</strong></span> <span class='ocrx_word' id='word_1_461' title='bbox 595 5578 885 5634; x_wconf 73' lang='lat' dir='ltr'><strong>Christum.</strong></span> 
     </span>
    </p>
   </div>
   <div class='ocr_carea' id='block_1_60' title="bbox 407 5666 1906 5742">
    <p class='ocr_par' dir='ltr' id='par_1_60' title="bbox 407 5666 1906 5742">
     <span class='ocr_line' id='line_1_60' title="bbox 407 5666 1906 5742; baseline 0.001 -16"><span class='ocrx_word' id='word_1_462' title='bbox 407 5674 460 5727; x_wconf 79' lang='grc'><strong>5.</strong></span> <span class='ocrx_word' id='word_1_463' title='bbox 497 5671 606 5726; x_wconf 81' lang='lat' dir='ltr'><strong>Hoc</strong></span> <span class='ocrx_word' id='word_1_464' title='bbox 657 5681 735 5726; x_wconf 88' lang='lat' dir='ltr'><strong>est</strong></span> <span class='ocrx_word' id='word_1_465' title='bbox 773 5669 914 5725; x_wconf 85' lang='lat' dir='ltr'><strong>enim</strong></span> <span class='ocrx_word' id='word_1_466' title='bbox 965 5666 1215 5739; x_wconf 82' lang='lat' dir='ltr'><strong>gaudium</strong></span> <span class='ocrx_word' id='word_1_467' title='bbox 1252 5668 1482 5738; x_wconf 80' lang='lat' dir='ltr'><strong>Spiritus</strong></span> <span class='ocrx_word' id='word_1_468' title='bbox 1515 5687 1531 5728; x_wconf 71' lang='grc' dir='ltr'><strong><em>ι</em></strong></span> <span class='ocrx_word' id='word_1_469' title='bbox 1566 5685 1660 5739; x_wconf 85' lang='lat' dir='ltr'><strong>pro</strong></span> <span class='ocrx_word' id='word_1_470' title='bbox 1698 5671 1763 5728; x_wconf 87' lang='lat' dir='ltr'><strong>iis</strong></span> <span class='ocrx_word' id='word_1_471' title='bbox 1790 5687 1906 5742; x_wconf 77' lang='lat' dir='ltr'><strong>quae</strong></span> 
     </span>
    </p>
   </div>
   <div class='ocr_carea' id='block_1_61' title="bbox 1077 253 2892 319">
    <p class='ocr_par' dir='ltr' id='par_1_61' title="bbox 1077 253 2892 319">
     <span class='ocr_line' id='line_1_61' title="bbox 1077 253 2892 319; baseline 0.003 -9"><span class='ocrx_word' id='word_1_472' title='bbox 1077 255 1135 311; x_wconf 90' lang='lat' dir='ltr'><strong>S.</strong></span> <span class='ocrx_word' id='word_1_473' title='bbox 1174 255 1451 313; x_wconf 78' lang='lat' dir='ltr'><strong>JOANNIS</strong></span> <span class='ocrx_word' id='word_1_474' title='bbox 1485 253 1959 312; x_wconf 72' lang='lat' dir='ltr'><strong>CIIRYSOSTOMI</strong></span> <span class='ocrx_word' id='word_1_475' title='bbox 1999 255 2318 314; x_wconf 72' lang='lat' dir='ltr'><strong>ARCIIIEP.</strong></span> <span class='ocrx_word' id='word_1_476' title='bbox 2358 259 2892 319; x_wconf 76' lang='lat' dir='ltr'><strong>CONSTANTINOP.</strong></span> 
     </span>
    </p>
   </div>
   <div class='ocr_carea' id='block_1_62' title="bbox 3539 271 3644 328">
    <p class='ocr_par' dir='ltr' id='par_1_62' title="bbox 3539 271 3644 328">
     <span class='ocr_line' id='line_1_62' title="bbox 3539 271 3644 328; baseline 0 0"><span class='ocrx_word' id='word_1_477' title='bbox 3539 271 3644 328; x_wconf 75' lang='lat'><strong>396</strong></span> 
     </span>
    </p>
   </div>
   <div class='ocr_carea' id='block_1_63' title="bbox 2060 371 3643 444">
    <p class='ocr_par' dir='ltr' id='par_1_63' title="bbox 2060 371 3643 444">
     <span class='ocr_line' id='line_1_63' title="bbox 2060 371 3643 444; baseline 0.009 -18"><span class='ocrx_word' id='word_1_478' title='bbox 2060 371 2308 428; x_wconf 89' lang='lat' dir='ltr'><strong>videntur</strong></span> <span class='ocrx_word' id='word_1_479' title='bbox 2335 388 2456 429; x_wconf 87' lang='lat' dir='ltr'><strong>esse</strong></span> <span class='ocrx_word' id='word_1_480' title='bbox 2487 374 2667 444; x_wconf 81' lang='lat' dir='ltr'><strong>gravia</strong></span> <span class='ocrx_word' id='word_1_481' title='bbox 2695 383 2752 430; x_wconf 90' lang='lat' dir='ltr'><strong>et</strong></span> <span class='ocrx_word' id='word_1_482' title='bbox 2781 375 3026 443; x_wconf 86' lang='lat' dir='ltr'><strong>molesta,</strong></span> <span class='ocrx_word' id='word_1_483' title='bbox 3055 375 3236 433; x_wconf 90' lang='lat' dir='ltr'><strong>educit</strong></span> <span class='ocrx_word' id='word_1_484' title='bbox 3259 377 3520 437; x_wconf 66' lang='lat' dir='ltr'><strong>lartitiam.</strong></span> <span class='ocrx_word' id='word_1_485' title='bbox 3551 385 3643 440; x_wconf 83' lang='lat' dir='ltr'><strong>Af-</strong></span> 
     </span>
    </p>
   </div>
   <div class='ocr_carea' id='block_1_64' title="bbox 2057 461 3640 536">
    <p class='ocr_par' dir='ltr' id='par_1_64' title="bbox 2057 461 3640 536">
     <span class='ocr_line' id='line_1_64' title="bbox 2057 461 3640 536; baseline 0.008 -20"><span class='ocrx_word' id='word_1_486' title='bbox 2057 461 2308 518; x_wconf 82' lang='lat' dir='ltr'><strong>ﬂixerunt</strong></span> <span class='ocrx_word' id='word_1_487' title='bbox 2339 478 2454 531; x_wconf 90' lang='lat' dir='ltr'><strong>vos,</strong></span> <span class='ocrx_word' id='word_1_488' title='bbox 2480 464 2670 536; x_wconf 88' lang='lat' dir='ltr'><strong>inquit,</strong></span> <span class='ocrx_word' id='word_1_489' title='bbox 2710 466 3019 536; x_wconf 88' lang='lat' dir='ltr'><strong>persequuti</strong></span> <span class='ocrx_word' id='word_1_490' title='bbox 3045 476 3208 533; x_wconf 86' lang='lat' dir='ltr'><strong>sunt;</strong></span> <span class='ocrx_word' id='word_1_491' title='bbox 3239 469 3333 526; x_wconf 89' lang='lat' dir='ltr'><strong>sed</strong></span> <span class='ocrx_word' id='word_1_492' title='bbox 3365 485 3462 527; x_wconf 87' lang='lat' dir='ltr'><strong>vos</strong></span> <span class='ocrx_word' id='word_1_493' title='bbox 3490 489 3556 528; x_wconf 90' lang='lat' dir='ltr'><strong>ne</strong></span> <span class='ocrx_word' id='word_1_494' title='bbox 3587 476 3640 529; x_wconf 88' lang='lat' dir='ltr'><strong>in</strong></span> 
     </span>
    </p>
   </div>
   <div class='ocr_carea' id='block_1_65' title="bbox 2058 551 3643 632">
    <p class='ocr_par' dir='ltr' id='par_1_65' title="bbox 2058 551 3643 632">
     <span class='ocr_line' id='line_1_65' title="bbox 2058 551 3643 632; baseline 0.009 -27"><span class='ocrx_word' id='word_1_495' title='bbox 2058 551 2160 606; x_wconf 91' lang='lat' dir='ltr'><strong>illis</strong></span> <span class='ocrx_word' id='word_1_496' title='bbox 2183 553 2396 622; x_wconf 89' lang='lat' dir='ltr'><strong>quidem</strong></span> <span class='ocrx_word' id='word_1_497' title='bbox 2424 554 2624 608; x_wconf 89' lang='lat' dir='ltr'><strong>dimisit</strong></span> <span class='ocrx_word' id='word_1_498' title='bbox 2649 555 2898 625; x_wconf 86' lang='lat' dir='ltr'><strong>Spiritus.</strong></span> <span class='ocrx_word' id='word_1_499' title='bbox 2923 555 3071 612; x_wconf 91' lang='lat' dir='ltr'><strong>Sicut</strong></span> <span class='ocrx_word' id='word_1_500' title='bbox 3093 558 3145 611; x_wconf 92' lang='lat' dir='ltr'><strong>in</strong></span> <span class='ocrx_word' id='word_1_501' title='bbox 3169 557 3292 628; x_wconf 88' lang='lat' dir='ltr'><strong>igne</strong></span> <span class='ocrx_word' id='word_1_502' title='bbox 3317 574 3440 614; x_wconf 90' lang='lat' dir='ltr'><strong>rore</strong></span> <span class='ocrx_word' id='word_1_503' title='bbox 3461 577 3643 632; x_wconf 82' lang='lat' dir='ltr'><strong>asper-</strong></span> 
     </span>
    </p>
   </div>
   <div class='ocr_carea' id='block_1_66' title="bbox 2054 643 3640 720">
    <p class='ocr_par' dir='ltr' id='par_1_66' title="bbox 2054 643 3640 720">
     <span class='ocr_line' id='line_1_66' title="bbox 2054 643 3640 720; baseline 0.009 -26"><span class='ocrx_word' id='word_1_504' title='bbox 2054 643 2321 712; x_wconf 83' lang='lat' dir='ltr'><strong>gebantur</strong></span> <span class='ocrx_word' id='word_1_505' title='bbox 2352 653 2462 700; x_wconf 88' lang='lat' dir='ltr'><strong>tres</strong></span> <span class='ocrx_word' id='word_1_506' title='bbox 2503 646 2651 714; x_wconf 88' lang='lat' dir='ltr'><strong>pueri</strong></span> <span class='ocrx_word' id='word_1_507' title='bbox 2681 645 2702 717; x_wconf 89' lang='lat'>(</span> <span class='ocrx_word' id='word_1_508' title='bbox 2723 645 2858 700; x_wconf 89' lang='lat' dir='ltr'><strong>Dan.</strong></span> <span class='ocrx_word' id='word_1_509' title='bbox 2886 646 2981 718; x_wconf 80' lang='lat'><strong>5),</strong></span> <span class='ocrx_word' id='word_1_510' title='bbox 3010 648 3081 701; x_wconf 86' lang='lat' dir='ltr'><strong>ita</strong></span> <span class='ocrx_word' id='word_1_511' title='bbox 3108 663 3203 703; x_wconf 87' lang='lat' dir='ltr'><strong>vos</strong></span> <span class='ocrx_word' id='word_1_512' title='bbox 3230 665 3446 720; x_wconf 87' lang='lat' dir='ltr'><strong>quoque</strong></span> <span class='ocrx_word' id='word_1_513' title='bbox 3473 652 3524 707; x_wconf 89' lang='lat' dir='ltr'><strong>in</strong></span> <span class='ocrx_word' id='word_1_514' title='bbox 3557 653 3640 708; x_wconf 87' lang='lat' dir='ltr'><strong>af-</strong></span> 
     </span>
    </p>
   </div>
   <div class='ocr_carea' id='block_1_67' title="bbox 2056 735 3641 813">
    <p class='ocr_par' dir='ltr' id='par_1_67' title="bbox 2056 735 3641 813">
     <span class='ocr_line' id='line_1_67' title="bbox 2056 735 3641 813; baseline 0.008 -25"><span class='ocrx_word' id='word_1_515' title='bbox 2056 735 2396 790; x_wconf 83' lang='lat' dir='ltr'><strong>ﬂictionibus.</strong></span> <span class='ocrx_word' id='word_1_516' title='bbox 2430 737 2534 792; x_wconf 88' lang='lat' dir='ltr'><strong>Sed</strong></span> <span class='ocrx_word' id='word_1_517' title='bbox 2558 737 2697 792; x_wconf 91' lang='lat' dir='ltr'><strong>sicut</strong></span> <span class='ocrx_word' id='word_1_518' title='bbox 2726 738 2835 793; x_wconf 90' lang='lat' dir='ltr'><strong>illic</strong></span> <span class='ocrx_word' id='word_1_519' title='bbox 2863 754 2970 793; x_wconf 91' lang='lat' dir='ltr'><strong>non</strong></span> <span class='ocrx_word' id='word_1_520' title='bbox 2997 749 3082 794; x_wconf 92' lang='lat' dir='ltr'><strong>est</strong></span> <span class='ocrx_word' id='word_1_521' title='bbox 3117 749 3324 796; x_wconf 63' lang='lat' dir='ltr'><strong>natura:</strong></span> <span class='ocrx_word' id='word_1_522' title='bbox 3350 743 3490 813; x_wconf 85' lang='lat' dir='ltr'><strong>ignis</strong></span> <span class='ocrx_word' id='word_1_523' title='bbox 3519 761 3641 801; x_wconf 82' lang='lat' dir='ltr'><strong>rore</strong></span> 
     </span>
    </p>
   </div>
   <div class='ocr_carea' id='block_1_68' title="bbox 2055 828 3641 905">
    <p class='ocr_par' dir='ltr' id='par_1_68' title="bbox 2055 828 3641 905">
     <span class='ocr_line' id='line_1_68' title="bbox 2055 828 3641 905; baseline 0.006 -25"><span class='ocrx_word' id='word_1_524' title='bbox 2055 840 2374 898; x_wconf 85' lang='lat' dir='ltr'><strong>aspergere,</strong></span> <span class='ocrx_word' id='word_1_525' title='bbox 2417 828 2512 884; x_wconf 86' lang='lat' dir='ltr'><strong>sed</strong></span> <span class='ocrx_word' id='word_1_526' title='bbox 2555 829 2818 884; x_wconf 87' lang='lat' dir='ltr'><strong>sibilantis</strong></span> <span class='ocrx_word' id='word_1_527' title='bbox 2858 829 3136 900; x_wconf 88' lang='lat' dir='ltr'><strong>Spiritus:</strong></span> <span class='ocrx_word' id='word_1_528' title='bbox 3171 832 3243 886; x_wconf 90' lang='lat' dir='ltr'><strong>ita</strong></span> <span class='ocrx_word' id='word_1_529' title='bbox 3284 832 3387 888; x_wconf 90' lang='lat' dir='ltr'><strong>hoc</strong></span> <span class='ocrx_word' id='word_1_530' title='bbox 3427 851 3641 905; x_wconf 88' lang='lat' dir='ltr'><strong>quoque</strong></span> 
     </span>
    </p>
   </div>
   <div class='ocr_carea' id='block_1_69' title="bbox 2054 919 3637 992">
    <p class='ocr_par' dir='ltr' id='par_1_69' title="bbox 2054 919 3637 992">
     <span class='ocr_line' id='line_1_69' title="bbox 2054 919 3637 992; baseline 0.006 -19"><span class='ocrx_word' id='word_1_531' title='bbox 2054 935 2161 974; x_wconf 90' lang='lat' dir='ltr'><strong>non</strong></span> <span class='ocrx_word' id='word_1_532' title='bbox 2197 930 2278 974; x_wconf 91' lang='lat' dir='ltr'><strong>est</strong></span> <span class='ocrx_word' id='word_1_533' title='bbox 2307 929 2511 975; x_wconf 71' lang='lat' dir='ltr'><strong>natura:</strong></span> <span class='ocrx_word' id='word_1_534' title='bbox 2548 919 2854 977; x_wconf 82' lang='lat' dir='ltr'><strong>afﬂictionis</strong></span> <span class='ocrx_word' id='word_1_535' title='bbox 2893 921 3146 992; x_wconf 86' lang='lat' dir='ltr'><strong>gaudium</strong></span> <span class='ocrx_word' id='word_1_536' title='bbox 3178 938 3500 992; x_wconf 87' lang='lat' dir='ltr'><strong>procreare,</strong></span> <span class='ocrx_word' id='word_1_537' title='bbox 3542 926 3637 982; x_wconf 81' lang='lat' dir='ltr'><strong>sed</strong></span> 
     </span>
    </p>
   </div>
   <div class='ocr_carea' id='block_1_70' title="bbox 2055 1012 3634 1086">
    <p class='ocr_par' dir='ltr' id='par_1_70' title="bbox 2055 1012 3634 1086">
     <span class='ocr_line' id='line_1_70' title="bbox 2055 1012 3634 1086; baseline 0.006 -22"><span class='ocrx_word' id='word_1_538' title='bbox 2055 1012 2316 1081; x_wconf 88' lang='lat' dir='ltr'><strong>passionis</strong></span> <span class='ocrx_word' id='word_1_539' title='bbox 2369 1020 2585 1083; x_wconf 85' lang='lat' dir='ltr'><strong>propter</strong></span> <span class='ocrx_word' id='word_1_540' title='bbox 2633 1013 2928 1081; x_wconf 87' lang='lat' dir='ltr'><strong>Christum,</strong></span> <span class='ocrx_word' id='word_1_541' title='bbox 2977 1024 3031 1070; x_wconf 92' lang='lat' dir='ltr'><strong>et</strong></span> <span class='ocrx_word' id='word_1_542' title='bbox 3085 1030 3212 1071; x_wconf 88' lang='lat' dir='ltr'><strong>rore</strong></span> <span class='ocrx_word' id='word_1_543' title='bbox 3261 1018 3634 1086; x_wconf 87' lang='lat' dir='ltr'><strong>perfundenlis</strong></span> 
     </span>
    </p>
   </div>
   <div class='ocr_carea' id='block_1_71' title="bbox 2052 1101 3634 1176">
    <p class='ocr_par' dir='ltr' id='par_1_71' title="bbox 2052 1101 3634 1176">
     <span class='ocr_line' id='line_1_71' title="bbox 2052 1101 3634 1176; baseline 0.006 -20"><span class='ocrx_word' id='word_1_544' title='bbox 2052 1101 2316 1171; x_wconf 82' lang='lat' dir='ltr'><strong>Spiritus,</strong></span> <span class='ocrx_word' id='word_1_545' title='bbox 2363 1104 2844 1173; x_wconf 89' lang='lat' dir='ltr'><strong>constituentisque</strong></span> <span class='ocrx_word' id='word_1_546' title='bbox 2893 1105 2947 1159; x_wconf 92' lang='lat' dir='ltr'><strong>in</strong></span> <span class='ocrx_word' id='word_1_547' title='bbox 2995 1106 3174 1176; x_wconf 87' lang='lat' dir='ltr'><strong>quiete</strong></span> <span class='ocrx_word' id='word_1_548' title='bbox 3216 1115 3272 1163; x_wconf 88' lang='lat' dir='ltr'><strong>et</strong></span> <span class='ocrx_word' id='word_1_549' title='bbox 3303 1109 3634 1166; x_wconf 85' lang='lat' dir='ltr'><strong>recreations</strong></span> 
     </span>
    </p>
   </div>
   <div class='ocr_carea' id='block_1_72' title="bbox 2055 1192 3632 1269">
    <p class='ocr_par' dir='ltr' id='par_1_72' title="bbox 2055 1192 3632 1269">
     <span class='ocr_line' id='line_1_72' title="bbox 2055 1192 3632 1269; baseline 0.009 -26"><span class='ocrx_word' id='word_1_550' title='bbox 2055 1208 2150 1262; x_wconf 83' lang='lat' dir='ltr'><strong>per</strong></span> <span class='ocrx_word' id='word_1_551' title='bbox 2178 1192 2451 1248; x_wconf 81' lang='lat' dir='ltr'><strong>fornacem</strong></span> <span class='ocrx_word' id='word_1_552' title='bbox 2484 1195 2861 1249; x_wconf 88' lang='lat' dir='ltr'><strong>tentationum.</strong></span> <span class='ocrx_word' id='word_1_553' title='bbox 2895 1195 3022 1249; x_wconf 78' lang='lat' dir='ltr'><strong>Cum</strong></span> <span class='ocrx_word' id='word_1_554' title='bbox 3049 1197 3261 1267; x_wconf 85' lang='lat' dir='ltr'><strong>gaudia,</strong></span> <span class='ocrx_word' id='word_1_555' title='bbox 3291 1199 3497 1269; x_wconf 89' lang='lat' dir='ltr'><strong>inquit;</strong></span> <span class='ocrx_word' id='word_1_556' title='bbox 3527 1219 3632 1267; x_wconf 83' lang='lat' dir='ltr'><strong>non</strong></span> 
     </span>
    </p>
   </div>
   <div class='ocr_carea' id='block_1_73' title="bbox 2052 1284 3630 1360">
    <p class='ocr_par' dir='ltr' id='par_1_73' title="bbox 2052 1284 3630 1360">
     <span class='ocr_line' id='line_1_73' title="bbox 2052 1284 3630 1360; baseline 0.007 -22"><span class='ocrx_word' id='word_1_557' title='bbox 2052 1284 2304 1354; x_wconf 83' lang='lat' dir='ltr'><strong>simplici,</strong></span> <span class='ocrx_word' id='word_1_558' title='bbox 2338 1285 2433 1338; x_wconf 88' lang='lat' dir='ltr'><strong>sed</strong></span> <span class='ocrx_word' id='word_1_559' title='bbox 2477 1285 2645 1340; x_wconf 90' lang='lat' dir='ltr'><strong>multo</strong></span> <span class='ocrx_word' id='word_1_560' title='bbox 2686 1302 2700 1340; x_wconf 88' lang='lat'><strong>:</strong></span> <span class='ocrx_word' id='word_1_561' title='bbox 2741 1285 2842 1340; x_wconf 90' lang='lat' dir='ltr'><strong>hoc</strong></span> <span class='ocrx_word' id='word_1_562' title='bbox 2871 1287 3013 1342; x_wconf 91' lang='lat' dir='ltr'><strong>enim</strong></span> <span class='ocrx_word' id='word_1_563' title='bbox 3055 1297 3142 1342; x_wconf 90' lang='lat' dir='ltr'><strong>est</strong></span> <span class='ocrx_word' id='word_1_564' title='bbox 3182 1288 3410 1360; x_wconf 88' lang='lat' dir='ltr'><strong>Spiritus</strong></span> <span class='ocrx_word' id='word_1_565' title='bbox 3449 1295 3630 1349; x_wconf 85' lang='lat' dir='ltr'><strong>sancti.</strong></span> 
     </span>
    </p>
   </div>
   <div class='ocr_carea' id='block_1_74' title="bbox 2052 1374 3631 1448">
    <p class='ocr_par' dir='ltr' id='par_1_74' title="bbox 2052 1374 3631 1448">
     <span class='ocr_line' id='line_1_74' title="bbox 2052 1374 3631 1448; baseline 0.006 -18"><span class='ocrx_word' id='word_1_566' title='bbox 2052 1375 2105 1430; x_wconf 88' lang='grc'><strong>7.</strong></span> <span class='ocrx_word' id='word_1_567' title='bbox 2136 1374 2219 1428; x_wconf 85' lang='lat' dir='ltr'><strong>Ita</strong></span> <span class='ocrx_word' id='word_1_568' title='bbox 2246 1387 2300 1430; x_wconf 87' lang='lat' dir='ltr'><strong>ut</strong></span> <span class='ocrx_word' id='word_1_569' title='bbox 2323 1379 2450 1448; x_wconf 80' lang='lat' dir='ltr'><strong>facti</strong></span> <span class='ocrx_word' id='word_1_570' title='bbox 2471 1379 2581 1432; x_wconf 85' lang='lat' dir='ltr'><strong>sitis</strong></span> <span class='ocrx_word' id='word_1_571' title='bbox 2615 1379 2782 1448; x_wconf 80' lang='lat' dir='ltr'><strong>forma</strong></span> <span class='ocrx_word' id='word_1_572' title='bbox 2817 1379 3049 1434; x_wconf 86' lang='lat' dir='ltr'><strong>omnibus</strong></span> <span class='ocrx_word' id='word_1_573' title='bbox 3077 1381 3395 1438; x_wconf 81' lang='lat' dir='ltr'><strong>credentibus</strong></span> <span class='ocrx_word' id='word_1_574' title='bbox 3430 1387 3484 1438; x_wconf 93' lang='lat' dir='ltr'><strong>in</strong></span> <span class='ocrx_word' id='word_1_575' title='bbox 3512 1385 3631 1439; x_wconf 74' lang='lat' dir='ltr'><strong>Ma-</strong></span> 
     </span>
    </p>
   </div>
   <div class='ocr_carea' id='block_1_75' title="bbox 2049 1466 3633 1539">
    <p class='ocr_par' dir='ltr' id='par_1_75' title="bbox 2049 1466 3633 1539">
     <span class='ocr_line' id='line_1_75' title="bbox 2049 1466 3633 1539; baseline 0.009 -21"><span class='ocrx_word' id='word_1_576' title='bbox 2049 1466 2260 1520; x_wconf 85' lang='lat' dir='ltr'><strong>cedonia</strong></span> <span class='ocrx_word' id='word_1_577' title='bbox 2285 1478 2332 1521; x_wconf 84' lang='lat' dir='ltr'><strong>ct</strong></span> <span class='ocrx_word' id='word_1_578' title='bbox 2362 1469 2575 1522; x_wconf 80' lang='lat' dir='ltr'><strong>Achaia.</strong></span> <span class='ocrx_word' id='word_1_579' title='bbox 2607 1471 2766 1539; x_wconf 81' lang='lat' dir='ltr'><strong>Atqui</strong></span> <span class='ocrx_word' id='word_1_580' title='bbox 2798 1477 3068 1539; x_wconf 89' lang='lat' dir='ltr'><strong>postremo</strong></span> <span class='ocrx_word' id='word_1_581' title='bbox 3092 1472 3238 1526; x_wconf 82' lang='lat' dir='ltr'><strong>venit</strong></span> <span class='ocrx_word' id='word_1_582' title='bbox 3261 1473 3326 1528; x_wconf 89' lang='lat' dir='ltr'><strong>ad</strong></span> <span class='ocrx_word' id='word_1_583' title='bbox 3357 1489 3452 1529; x_wconf 88' lang='lat' dir='ltr'><strong>eos</strong></span> <span class='ocrx_word' id='word_1_584' title='bbox 3484 1493 3496 1528; x_wconf 90' lang='lat'>:</span> <span class='ocrx_word' id='word_1_585' title='bbox 3527 1475 3633 1532; x_wconf 90' lang='lat' dir='ltr'><strong>Sed</strong></span> 
     </span>
    </p>
   </div>
   <div class='ocr_carea' id='block_1_76' title="bbox 2051 1557 3632 1628">
    <p class='ocr_par' dir='ltr' id='par_1_76' title="bbox 2051 1557 3632 1628">
     <span class='ocr_line' id='line_1_76' title="bbox 2051 1557 3632 1628; baseline 0.008 -19"><span class='ocrx_word' id='word_1_586' title='bbox 2051 1558 2144 1623; x_wconf 88' lang='lat' dir='ltr'><strong>ita,</strong></span> <span class='ocrx_word' id='word_1_587' title='bbox 2175 1557 2363 1628; x_wconf 87' lang='lat' dir='ltr'><strong>inquit,</strong></span> <span class='ocrx_word' id='word_1_588' title='bbox 2401 1559 2824 1627; x_wconf 86' lang='lat' dir='ltr'><strong>resplenduistis,</strong></span> <span class='ocrx_word' id='word_1_589' title='bbox 2857 1569 2916 1615; x_wconf 92' lang='lat' dir='ltr'><strong>ut</strong></span> <span class='ocrx_word' id='word_1_590' title='bbox 2943 1561 3142 1617; x_wconf 82' lang='lat' dir='ltr'><strong>ﬁeretis</strong></span> <span class='ocrx_word' id='word_1_591' title='bbox 3169 1563 3417 1620; x_wconf 87' lang='lat' dir='ltr'><strong>doctores</strong></span> <span class='ocrx_word' id='word_1_592' title='bbox 3443 1581 3632 1622; x_wconf 89' lang='lat' dir='ltr'><strong>eorum</strong></span> 
     </span>
    </p>
   </div>
   <div class='ocr_carea' id='block_1_77' title="bbox 2048 1651 3629 1723">
    <p class='ocr_par' dir='ltr' id='par_1_77' title="bbox 2048 1651 3629 1723">
     <span class='ocr_line' id='line_1_77' title="bbox 2048 1651 3629 1723; baseline 0.007 -20"><span class='ocrx_word' id='word_1_593' title='bbox 2048 1651 2136 1721; x_wconf 91' lang='lat' dir='ltr'><strong>qui</strong></span> <span class='ocrx_word' id='word_1_594' title='bbox 2168 1653 2650 1722; x_wconf 55' lang='lat' dir='ltr'><strong>praecesserantﬁt</strong></span> <span class='ocrx_word' id='word_1_595' title='bbox 2680 1651 2782 1708; x_wconf 89' lang='lat' dir='ltr'><strong>hoc</strong></span> <span class='ocrx_word' id='word_1_596' title='bbox 2806 1662 2889 1706; x_wconf 90' lang='lat' dir='ltr'><strong>est</strong></span> <span class='ocrx_word' id='word_1_597' title='bbox 2915 1654 3292 1723; x_wconf 88' lang='lat' dir='ltr'><strong>apostolicum.</strong></span> <span class='ocrx_word' id='word_1_598' title='bbox 3331 1656 3445 1712; x_wconf 91' lang='lat' dir='ltr'><strong>Non</strong></span> <span class='ocrx_word' id='word_1_599' title='bbox 3486 1659 3629 1714; x_wconf 88' lang='lat' dir='ltr'><strong>enim</strong></span> 
     </span>
    </p>
   </div>
   <div class='ocr_carea' id='block_1_78' title="bbox 2050 1741 3631 1820">
    <p class='ocr_par' dir='ltr' id='par_1_78' title="bbox 2050 1741 3631 1820">
     <span class='ocr_line' id='line_1_78' title="bbox 2050 1741 3631 1820; baseline 0.006 -24"><span class='ocrx_word' id='word_1_600' title='bbox 2050 1742 2205 1808; x_wconf 85' lang='lat' dir='ltr'><strong>dicit,</strong></span> <span class='ocrx_word' id='word_1_601' title='bbox 2247 1741 2317 1797; x_wconf 86' lang='lat' dir='ltr'><strong>Ut</strong></span> <span class='ocrx_word' id='word_1_602' title='bbox 2349 1743 2475 1797; x_wconf 87' lang='lat' dir='ltr'><strong>facti</strong></span> <span class='ocrx_word' id='word_1_603' title='bbox 2501 1743 2620 1798; x_wconf 88' lang='lat' dir='ltr'><strong>sitis</strong></span> <span class='ocrx_word' id='word_1_604' title='bbox 2648 1743 2819 1798; x_wconf 86' lang='lat' dir='ltr'><strong>forma</strong></span> <span class='ocrx_word' id='word_1_605' title='bbox 2859 1745 2926 1800; x_wconf 87' lang='lat' dir='ltr'><strong>ad</strong></span> <span class='ocrx_word' id='word_1_606' title='bbox 2952 1745 3303 1813; x_wconf 85' lang='lat' dir='ltr'><strong>credendum,</strong></span> <span class='ocrx_word' id='word_1_607' title='bbox 3331 1748 3426 1803; x_wconf 79' lang='lat' dir='ltr'><strong>sed</strong></span> <span class='ocrx_word' id='word_1_608' title='bbox 3450 1749 3514 1803; x_wconf 89' lang='lat' dir='ltr'><strong>iis</strong></span> <span class='ocrx_word' id='word_1_609' title='bbox 3538 1752 3631 1820; x_wconf 89' lang='lat' dir='ltr'><strong>qui</strong></span> 
     </span>
    </p>
   </div>
   <div class='ocr_carea' id='block_1_79' title="bbox 2043 1835 3633 1908">
    <p class='ocr_par' dir='ltr' id='par_1_79' title="bbox 2043 1835 3633 1908">
     <span class='ocr_line' id='line_1_79' title="bbox 2043 1835 3633 1908; baseline 0.009 -22"><span class='ocrx_word' id='word_1_610' title='bbox 2043 1835 2152 1905; x_wconf 84' lang='lat' dir='ltr'><strong>jam</strong></span> <span class='ocrx_word' id='word_1_611' title='bbox 2185 1835 2475 1891; x_wconf 89' lang='lat' dir='ltr'><strong>credebant</strong></span> <span class='ocrx_word' id='word_1_612' title='bbox 2510 1835 2634 1891; x_wconf 86' lang='lat' dir='ltr'><strong>facti</strong></span> <span class='ocrx_word' id='word_1_613' title='bbox 2681 1837 2812 1892; x_wconf 83' lang='lat' dir='ltr'><strong>estis</strong></span> <span class='ocrx_word' id='word_1_614' title='bbox 2847 1837 3018 1893; x_wconf 87' lang='lat' dir='ltr'><strong>forma</strong></span> <span class='ocrx_word' id='word_1_615' title='bbox 3061 1856 3075 1892; x_wconf 89' lang='lat'><strong>:</strong></span> <span class='ocrx_word' id='word_1_616' title='bbox 3107 1839 3159 1894; x_wconf 92' lang='lat' dir='ltr'><strong>id</strong></span> <span class='ocrx_word' id='word_1_617' title='bbox 3204 1851 3280 1895; x_wconf 73' lang='grc' dir='ltr'><strong>εει</strong></span> <span class='ocrx_word' id='word_1_618' title='bbox 3302 1881 3321 1908; x_wconf 86' lang='grc'><em>,</em></span> <span class='ocrx_word' id='word_1_619' title='bbox 3352 1842 3633 1908; x_wconf 86' lang='lat' dir='ltr'><strong>Quomodo</strong></span> 
     </span>
    </p>
   </div>
   <div class='ocr_carea' id='block_1_80' title="bbox 2047 1927 3633 2002">
    <p class='ocr_par' dir='ltr' id='par_1_80' title="bbox 2047 1927 3633 2002">
     <span class='ocr_line' id='line_1_80' title="bbox 2047 1927 3633 2002; baseline 0.006 -22"><span class='ocrx_word' id='word_1_620' title='bbox 2047 1937 2291 1997; x_wconf 83' lang='lat' dir='ltr'><strong>oporteat</strong></span> <span class='ocrx_word' id='word_1_621' title='bbox 2313 1927 2364 1982; x_wconf 91' lang='lat' dir='ltr'><strong>in</strong></span> <span class='ocrx_word' id='word_1_622' title='bbox 2395 1927 2558 1982; x_wconf 92' lang='lat' dir='ltr'><strong>Deum</strong></span> <span class='ocrx_word' id='word_1_623' title='bbox 2589 1928 2827 1993; x_wconf 86' lang='lat' dir='ltr'><strong>credere,</strong></span> <span class='ocrx_word' id='word_1_624' title='bbox 2853 1944 2948 1984; x_wconf 89' lang='lat' dir='ltr'><strong>vos</strong></span> <span class='ocrx_word' id='word_1_625' title='bbox 2974 1929 3250 1996; x_wconf 82' lang='lat' dir='ltr'><strong>docuistis,</strong></span> <span class='ocrx_word' id='word_1_626' title='bbox 3274 1933 3362 2002; x_wconf 91' lang='lat' dir='ltr'><strong>qui</strong></span> <span class='ocrx_word' id='word_1_627' title='bbox 3384 1934 3452 1986; x_wconf 90' lang='lat' dir='ltr'><strong>ab</strong></span> <span class='ocrx_word' id='word_1_628' title='bbox 3477 1950 3633 1990; x_wconf 75' lang='lat' dir='ltr'><strong>exor-</strong></span> 
     </span>
    </p>
   </div>
   <div class='ocr_carea' id='block_1_81' title="bbox 2047 2018 3626 2093">
    <p class='ocr_par' dir='ltr' id='par_1_81' title="bbox 2047 2018 3626 2093">
     <span class='ocr_line' id='line_1_81' title="bbox 2047 2018 3626 2093; baseline 0.004 -19"><span class='ocrx_word' id='word_1_629' title='bbox 2047 2018 2136 2074; x_wconf 90' lang='lat' dir='ltr'><strong>dio</strong></span> <span class='ocrx_word' id='word_1_630' title='bbox 2165 2019 2230 2073; x_wconf 92' lang='lat' dir='ltr'><strong>ad</strong></span> <span class='ocrx_word' id='word_1_631' title='bbox 2260 2021 2552 2075; x_wconf 85' lang='lat' dir='ltr'><strong>certamina</strong></span> <span class='ocrx_word' id='word_1_632' title='bbox 2581 2021 2952 2075; x_wconf 84' lang='lat' dir='ltr'><strong>descendistis.</strong></span> <span class='ocrx_word' id='word_1_633' title='bbox 2988 2019 3055 2074; x_wconf 84' lang='lat' dir='ltr'><strong>Et</strong></span> <span class='ocrx_word' id='word_1_634' title='bbox 3081 2023 3133 2076; x_wconf 87' lang='lat' dir='ltr'><strong>in</strong></span> <span class='ocrx_word' id='word_1_635' title='bbox 3159 2021 3388 2088; x_wconf 83' lang='lat' dir='ltr'><strong>Achaia,</strong></span> <span class='ocrx_word' id='word_1_636' title='bbox 3420 2023 3626 2093; x_wconf 82' lang='lat' dir='ltr'><strong>inquit;</strong></span> 
     </span>
    </p>
   </div>
   <div class='ocr_carea' id='block_1_82' title="bbox 2047 2108 3630 2179">
    <p class='ocr_par' dir='ltr' id='par_1_82' title="bbox 2047 2108 3630 2179">
     <span class='ocr_line' id='line_1_82' title="bbox 2047 2108 3630 2179; baseline 0.004 -16"><span class='ocrx_word' id='word_1_637' title='bbox 2047 2108 2149 2164; x_wconf 87' lang='lat' dir='ltr'><strong>hoc</strong></span> <span class='ocrx_word' id='word_1_638' title='bbox 2175 2118 2256 2164; x_wconf 91' lang='lat' dir='ltr'><strong>est</strong></span> <span class='ocrx_word' id='word_1_639' title='bbox 2279 2149 2295 2175; x_wconf 90' lang='lat'><strong>,</strong></span> <span class='ocrx_word' id='word_1_640' title='bbox 2324 2110 2374 2163; x_wconf 94' lang='lat' dir='ltr'><strong>in</strong></span> <span class='ocrx_word' id='word_1_641' title='bbox 2408 2109 2645 2166; x_wconf 88' lang='lat' dir='ltr'><strong>llellade.</strong></span> <span class='ocrx_word' id='word_1_642' title='bbox 2683 2109 2842 2165; x_wconf 75' lang='lat' dir='ltr'><strong>Vides</strong></span> <span class='ocrx_word' id='word_1_643' title='bbox 2875 2121 3069 2179; x_wconf 89' lang='lat' dir='ltr'><strong>quanta</strong></span> <span class='ocrx_word' id='word_1_644' title='bbox 3102 2126 3187 2168; x_wconf 85' lang='lat' dir='ltr'><strong>res</strong></span> <span class='ocrx_word' id='word_1_645' title='bbox 3217 2113 3286 2167; x_wconf 89' lang='lat' dir='ltr'><strong>sit</strong></span> <span class='ocrx_word' id='word_1_646' title='bbox 3314 2113 3476 2170; x_wconf 89' lang='lat' dir='ltr'><strong>animi</strong></span> <span class='ocrx_word' id='word_1_647' title='bbox 3514 2116 3630 2170; x_wconf 84' lang='lat' dir='ltr'><strong>ala-</strong></span> 
     </span>
    </p>
   </div>
   <div class='ocr_carea' id='block_1_83' title="bbox 2044 2199 3630 2273">
    <p class='ocr_par' dir='ltr' id='par_1_83' title="bbox 2044 2199 3630 2273">
     <span class='ocr_line' id='line_1_83' title="bbox 2044 2199 3630 2273; baseline 0.004 -19"><span class='ocrx_word' id='word_1_648' title='bbox 2044 2201 2206 2254; x_wconf 85' lang='lat' dir='ltr'><strong>critas</strong></span> <span class='ocrx_word' id='word_1_649' title='bbox 2235 2199 2393 2255; x_wconf 85' lang='lat' dir='ltr'><strong>?Non</strong></span> <span class='ocrx_word' id='word_1_650' title='bbox 2425 2211 2546 2269; x_wconf 83' lang='lat' dir='ltr'><strong>eget</strong></span> <span class='ocrx_word' id='word_1_651' title='bbox 2574 2208 2833 2268; x_wconf 90' lang='lat' dir='ltr'><strong>tempore,</strong></span> <span class='ocrx_word' id='word_1_652' title='bbox 2861 2215 3033 2270; x_wconf 86' lang='lat' dir='ltr'><strong>neque</strong></span> <span class='ocrx_word' id='word_1_653' title='bbox 3061 2203 3422 2269; x_wconf 73' lang='lat' dir='ltr'><strong>eunetatione,</strong></span> <span class='ocrx_word' id='word_1_654' title='bbox 3457 2220 3630 2273; x_wconf 90' lang='lat' dir='ltr'><strong>neque</strong></span> 
     </span>
    </p>
   </div>
   <div class='ocr_carea' id='block_1_84' title="bbox 2045 2290 3627 2361">
    <p class='ocr_par' dir='ltr' id='par_1_84' title="bbox 2045 2290 3627 2361">
     <span class='ocr_line' id='line_1_84' title="bbox 2045 2290 3627 2361; baseline 0.004 -17"><span class='ocrx_word' id='word_1_655' title='bbox 2045 2291 2300 2345; x_wconf 89' lang='lat' dir='ltr'><strong>dilatione</strong></span> <span class='ocrx_word' id='word_1_656' title='bbox 2329 2307 2344 2356; x_wconf 90' lang='lat'><strong>;</strong></span> <span class='ocrx_word' id='word_1_657' title='bbox 2368 2290 2461 2344; x_wconf 88' lang='lat' dir='ltr'><strong>sed</strong></span> <span class='ocrx_word' id='word_1_658' title='bbox 2490 2290 2687 2344; x_wconf 82' lang='lat' dir='ltr'><strong>sufﬁcit</strong></span> <span class='ocrx_word' id='word_1_659' title='bbox 2715 2306 2772 2346; x_wconf 91' lang='lat' dir='ltr'><strong>se</strong></span> <span class='ocrx_word' id='word_1_660' title='bbox 2793 2291 2967 2346; x_wconf 89' lang='lat' dir='ltr'><strong>solum</strong></span> <span class='ocrx_word' id='word_1_661' title='bbox 2997 2292 3274 2361; x_wconf 81' lang='lat' dir='ltr'><strong>exhibere,</strong></span> <span class='ocrx_word' id='word_1_662' title='bbox 3304 2304 3360 2348; x_wconf 88' lang='lat' dir='ltr'><strong>et</strong></span> <span class='ocrx_word' id='word_1_663' title='bbox 3388 2297 3627 2350; x_wconf 84' lang='lat' dir='ltr'><strong>contecta</strong></span> 
     </span>
    </p>
   </div>
   <div class='ocr_carea' id='block_1_85' title="bbox 2043 2382 3628 2452">
    <p class='ocr_par' dir='ltr' id='par_1_85' title="bbox 2043 2382 3628 2452">
     <span class='ocr_line' id='line_1_85' title="bbox 2043 2382 3628 2452; baseline 0.004 -18"><span class='ocrx_word' id='word_1_664' title='bbox 2043 2391 2167 2437; x_wconf 87' lang='lat' dir='ltr'><strong>sunt</strong></span> <span class='ocrx_word' id='word_1_665' title='bbox 2192 2382 2391 2436; x_wconf 86' lang='lat' dir='ltr'><strong>omnia.</strong></span> <span class='ocrx_word' id='word_1_666' title='bbox 2415 2383 2504 2437; x_wconf 90' lang='lat' dir='ltr'><strong>Sic</strong></span> <span class='ocrx_word' id='word_1_667' title='bbox 2527 2397 2656 2452; x_wconf 88' lang='lat' dir='ltr'><strong>ergo</strong></span> <span class='ocrx_word' id='word_1_668' title='bbox 2680 2382 2761 2436; x_wconf 88' lang='lat' dir='ltr'><strong>isti</strong></span> <span class='ocrx_word' id='word_1_669' title='bbox 2785 2396 2905 2436; x_wconf 89' lang='lat' dir='ltr'><strong>cum</strong></span> <span class='ocrx_word' id='word_1_670' title='bbox 2929 2383 3258 2451; x_wconf 85' lang='lat' dir='ltr'><strong>posteriores</strong></span> <span class='ocrx_word' id='word_1_671' title='bbox 3275 2385 3628 2442; x_wconf 77' lang='lat' dir='ltr'><strong>accessissent</strong></span> 
     </span>
    </p>
   </div>
   <div class='ocr_carea' id='block_1_86' title="bbox 2042 2472 3626 2542">
    <p class='ocr_par' dir='ltr' id='par_1_86' title="bbox 2042 2472 3626 2542">
     <span class='ocr_line' id='line_1_86' title="bbox 2042 2472 3626 2542; baseline 0.004 -16"><span class='ocrx_word' id='word_1_672' title='bbox 2042 2473 2107 2526; x_wconf 90' lang='lat' dir='ltr'><strong>ad</strong></span> <span class='ocrx_word' id='word_1_673' title='bbox 2139 2473 2570 2542; x_wconf 69' lang='lat' dir='ltr'><strong>praedicationem</strong></span> <span class='ocrx_word' id='word_1_674' title='bbox 2590 2514 2606 2540; x_wconf 92' lang='lat'><strong>,</strong></span> <span class='ocrx_word' id='word_1_675' title='bbox 2641 2472 2854 2528; x_wconf 84' lang='lat' dir='ltr'><strong>fuerunt</strong></span> <span class='ocrx_word' id='word_1_676' title='bbox 2883 2474 3118 2542; x_wconf 87' lang='lat' dir='ltr'><strong>priorum</strong></span> <span class='ocrx_word' id='word_1_677' title='bbox 3149 2475 3405 2532; x_wconf 87' lang='lat' dir='ltr'><strong>doctores</strong></span> <span class='ocrx_word' id='word_1_678' title='bbox 3429 2485 3483 2532; x_wconf 92' lang='lat' dir='ltr'><strong>et</strong></span> <span class='ocrx_word' id='word_1_679' title='bbox 3509 2493 3626 2532; x_wconf 85' lang='lat' dir='ltr'><strong>ma-</strong></span> 
     </span>
    </p>
   </div>
   <div class='ocr_carea' id='block_1_87' title="bbox 2040 2563 3627 2634">
    <p class='ocr_par' dir='ltr' id='par_1_87' title="bbox 2040 2563 3627 2634">
     <span class='ocr_line' id='line_1_87' title="bbox 2040 2563 3627 2634; baseline 0.004 -18"><span class='ocrx_word' id='word_1_680' title='bbox 2040 2564 2210 2633; x_wconf 63' lang='lat' dir='ltr'><strong>gistri.</strong></span> <span class='ocrx_word' id='word_1_681' title='bbox 2232 2563 2401 2618; x_wconf 88' lang='lat' dir='ltr'><strong>Nemo</strong></span> <span class='ocrx_word' id='word_1_682' title='bbox 2422 2564 2580 2633; x_wconf 82' lang='lat' dir='ltr'><strong>igitur</strong></span> <span class='ocrx_word' id='word_1_683' title='bbox 2599 2565 2832 2618; x_wconf 83' lang='lat' dir='ltr'><strong>animum</strong></span> <span class='ocrx_word' id='word_1_684' title='bbox 2851 2564 3180 2634; x_wconf 86' lang='lat' dir='ltr'><strong>despondeat</strong></span> <span class='ocrx_word' id='word_1_685' title='bbox 3197 2582 3210 2618; x_wconf 91' lang='lat'><strong>:</strong></span> <span class='ocrx_word' id='word_1_686' title='bbox 3227 2567 3435 2622; x_wconf 87' lang='lat' dir='ltr'><strong>etiamsi</strong></span> <span class='ocrx_word' id='word_1_687' title='bbox 3461 2569 3627 2624; x_wconf 89' lang='lat' dir='ltr'><strong>multo</strong></span> 
     </span>
    </p>
   </div>
   <div class='ocr_carea' id='block_1_88' title="bbox 2047 2653 3625 2727">
    <p class='ocr_par' dir='ltr' id='par_1_88' title="bbox 2047 2653 3625 2727">
     <span class='ocr_line' id='line_1_88' title="bbox 2047 2653 3625 2727; baseline 0.003 -19"><span class='ocrx_word' id='word_1_688' title='bbox 2047 2664 2370 2724; x_wconf 65' lang='lat' dir='ltr'><strong>consumpto</strong></span> <span class='ocrx_word' id='word_1_689' title='bbox 2403 2664 2642 2723; x_wconf 89' lang='lat' dir='ltr'><strong>tempore</strong></span> <span class='ocrx_word' id='word_1_690' title='bbox 2670 2653 2804 2708; x_wconf 88' lang='lat' dir='ltr'><strong>nihil</strong></span> <span class='ocrx_word' id='word_1_691' title='bbox 2834 2653 3091 2720; x_wconf 75' lang='lat' dir='ltr'><strong>effecerit,</strong></span> <span class='ocrx_word' id='word_1_692' title='bbox 3127 2655 3251 2711; x_wconf 89' lang='lat' dir='ltr'><strong>licet</strong></span> <span class='ocrx_word' id='word_1_693' title='bbox 3277 2655 3325 2710; x_wconf 92' lang='lat' dir='ltr'><strong>ei</strong></span> <span class='ocrx_word' id='word_1_694' title='bbox 3357 2657 3437 2711; x_wconf 89' lang='lat' dir='ltr'><strong>vel</strong></span> <span class='ocrx_word' id='word_1_695' title='bbox 3461 2673 3625 2727; x_wconf 87' lang='lat' dir='ltr'><strong>parvo</strong></span> 
     </span>
    </p>
   </div>
   <div class='ocr_carea' id='block_1_89' title="bbox 2046 2747 3620 2816">
    <p class='ocr_par' dir='ltr' id='par_1_89' title="bbox 2046 2747 3620 2816">
     <span class='ocr_line' id='line_1_89' title="bbox 2046 2747 3620 2816; baseline 0.003 -16"><span class='ocrx_word' id='word_1_696' title='bbox 2046 2753 2288 2816; x_wconf 90' lang='lat' dir='ltr'><strong>tempore</strong></span> <span class='ocrx_word' id='word_1_697' title='bbox 2318 2755 2520 2801; x_wconf 88' lang='lat' dir='ltr'><strong>tantttm</strong></span> <span class='ocrx_word' id='word_1_698' title='bbox 2562 2747 2810 2811; x_wconf 87' lang='lat' dir='ltr'><strong>eftieere,</strong></span> <span class='ocrx_word' id='word_1_699' title='bbox 2841 2755 3098 2816; x_wconf 88' lang='lat' dir='ltr'><strong>quantum</strong></span> <span class='ocrx_word' id='word_1_700' title='bbox 3128 2762 3197 2801; x_wconf 90' lang='lat' dir='ltr'><strong>ne</strong></span> <span class='ocrx_word' id='word_1_701' title='bbox 3225 2749 3379 2816; x_wconf 80' lang='lat' dir='ltr'><strong>priori</strong></span> <span class='ocrx_word' id='word_1_702' title='bbox 3403 2749 3620 2816; x_wconf 89' lang='lat' dir='ltr'><strong>quidem</strong></span> 
     </span>
    </p>
   </div>
   <div class='ocr_carea' id='block_1_90' title="bbox 2046 2837 3621 2908">
    <p class='ocr_par' dir='ltr' id='par_1_90' title="bbox 2046 2837 3621 2908">
     <span class='ocr_line' id='line_1_90' title="bbox 2046 2837 3621 2908; baseline 0.001 -14"><span class='ocrx_word' id='word_1_703' title='bbox 2046 2849 2307 2908; x_wconf 87' lang='lat' dir='ltr'><strong>tempore.</strong></span> <span class='ocrx_word' id='word_1_704' title='bbox 2337 2837 2469 2893; x_wconf 88' lang='lat' dir='ltr'><strong>Nant</strong></span> <span class='ocrx_word' id='word_1_705' title='bbox 2513 2839 2556 2892; x_wconf 88' lang='lat' dir='ltr'><strong>si</strong></span> <span class='ocrx_word' id='word_1_706' title='bbox 2593 2839 2683 2908; x_wconf 91' lang='lat' dir='ltr'><strong>qui</strong></span> <span class='ocrx_word' id='word_1_707' title='bbox 2727 2838 2962 2893; x_wconf 89' lang='lat' dir='ltr'><strong>nondum</strong></span> <span class='ocrx_word' id='word_1_708' title='bbox 2993 2838 3290 2894; x_wconf 86' lang='lat' dir='ltr'><strong>crediderat</strong></span> <span class='ocrx_word' id='word_1_709' title='bbox 3321 2849 3520 2894; x_wconf 88' lang='lat' dir='ltr'><strong>tantum</strong></span> <span class='ocrx_word' id='word_1_710' title='bbox 3564 2842 3621 2896; x_wconf 88' lang='lat' dir='ltr'><strong>in</strong></span> 
     </span>
    </p>
   </div>
   <div class='ocr_carea' id='block_1_91' title="bbox 2040 2928 3620 2999">
    <p class='ocr_par' dir='ltr' id='par_1_91' title="bbox 2040 2928 3620 2999">
     <span class='ocr_line' id='line_1_91' title="bbox 2040 2928 3620 2999; baseline -0.001 -15"><span class='ocrx_word' id='word_1_711' title='bbox 2040 2930 2190 2985; x_wconf 92' lang='lat' dir='ltr'><strong>initio</strong></span> <span class='ocrx_word' id='word_1_712' title='bbox 2215 2929 2564 2999; x_wconf 80' lang='lat' dir='ltr'><strong>reSplenduit,</strong></span> <span class='ocrx_word' id='word_1_713' title='bbox 2582 2929 2751 2984; x_wconf 90' lang='lat' dir='ltr'><strong>multo</strong></span> <span class='ocrx_word' id='word_1_714' title='bbox 2767 2928 2932 2998; x_wconf 86' lang='lat' dir='ltr'><strong>magis</strong></span> <span class='ocrx_word' id='word_1_715' title='bbox 2958 2929 2992 2983; x_wconf 90' lang='lat' dir='ltr'><strong>ii</strong></span> <span class='ocrx_word' id='word_1_716' title='bbox 3018 2929 3106 2998; x_wconf 91' lang='lat' dir='ltr'><strong>qui</strong></span> <span class='ocrx_word' id='word_1_717' title='bbox 3127 2929 3238 2998; x_wconf 88' lang='lat' dir='ltr'><strong>jam</strong></span> <span class='ocrx_word' id='word_1_718' title='bbox 3263 2929 3620 2986; x_wconf 66' lang='lat' dir='ltr'><strong>crediderunt.</strong></span> 
     </span>
    </p>
   </div>
   <div class='ocr_carea' id='block_1_92' title="bbox 2122 3019 3622 3092">
    <p class='ocr_par' dir='ltr' id='par_1_92' title="bbox 2122 3019 3622 3092">
     <span class='ocr_line' id='line_1_92' title="bbox 2122 3019 3622 3092; baseline 0.002 -17"><span class='ocrx_word' id='word_1_719' title='bbox 2122 3021 2395 3092; x_wconf 81' lang='lat' dir='ltr'><strong>Vigilantia</strong></span> <span class='ocrx_word' id='word_1_720' title='bbox 2435 3037 2586 3089; x_wconf 83' lang='lat' dir='ltr'><strong>quam</strong></span> <span class='ocrx_word' id='word_1_721' title='bbox 2627 3022 2932 3076; x_wconf 64' lang='lat' dir='ltr'><strong>necessaria.</strong></span> <span class='ocrx_word' id='word_1_722' title='bbox 2962 3050 3032 3061; x_wconf 89' lang='lat'><strong>--</strong></span> <span class='ocrx_word' id='word_1_723' title='bbox 3057 3019 3246 3078; x_wconf 88' lang='lat' dir='ltr'><strong>Nullus</strong></span> <span class='ocrx_word' id='word_1_724' title='bbox 3290 3038 3485 3078; x_wconf 85' lang='lat' dir='ltr'><strong>rursus</strong></span> <span class='ocrx_word' id='word_1_725' title='bbox 3523 3024 3622 3078; x_wconf 84' lang='lat' dir='ltr'><strong>hoc</strong></span> 
     </span>
    </p>
   </div>
   <div class='ocr_carea' id='block_1_93' title="bbox 2039 3113 3620 3186">
    <p class='ocr_par' dir='ltr' id='par_1_93' title="bbox 2039 3113 3620 3186">
     <span class='ocr_line' id='line_1_93' title="bbox 2039 3113 3620 3186; baseline 0.002 -18"><span class='ocrx_word' id='word_1_726' title='bbox 2039 3113 2277 3183; x_wconf 78' lang='lat' dir='ltr'><strong>cogitans</strong></span> <span class='ocrx_word' id='word_1_727' title='bbox 2303 3113 2374 3168; x_wconf 89' lang='lat' dir='ltr'><strong>sit</strong></span> <span class='ocrx_word' id='word_1_728' title='bbox 2403 3113 2551 3184; x_wconf 87' lang='lat' dir='ltr'><strong>piger</strong></span> <span class='ocrx_word' id='word_1_729' title='bbox 2574 3121 2631 3168; x_wconf 84' lang='lat' dir='ltr'><strong>et</strong></span> <span class='ocrx_word' id='word_1_730' title='bbox 2659 3116 2867 3183; x_wconf 84' lang='lat' dir='ltr'><strong>segnis,</strong></span> <span class='ocrx_word' id='word_1_731' title='bbox 2897 3121 2956 3167; x_wconf 89' lang='lat' dir='ltr'><strong>ut</strong></span> <span class='ocrx_word' id='word_1_732' title='bbox 2985 3115 3074 3183; x_wconf 90' lang='lat' dir='ltr'><strong>qui</strong></span> <span class='ocrx_word' id='word_1_733' title='bbox 3101 3113 3350 3170; x_wconf 90' lang='lat' dir='ltr'><strong>didicerit</strong></span> <span class='ocrx_word' id='word_1_734' title='bbox 3379 3114 3522 3186; x_wconf 88' lang='lat' dir='ltr'><strong>quod</strong></span> <span class='ocrx_word' id='word_1_735' title='bbox 3552 3116 3620 3172; x_wconf 84' lang='lat' dir='ltr'><strong>li-</strong></span> 
     </span>
    </p>
   </div>
   <div class='ocr_carea' id='block_1_94' title="bbox 2039 3201 3622 3276">
    <p class='ocr_par' dir='ltr' id='par_1_94' title="bbox 2039 3201 3622 3276">
     <span class='ocr_line' id='line_1_94' title="bbox 2039 3201 3622 3276; baseline 0.002 -17"><span class='ocrx_word' id='word_1_736' title='bbox 2039 3217 2155 3260; x_wconf 88' lang='lat' dir='ltr'><strong>ceat</strong></span> <span class='ocrx_word' id='word_1_737' title='bbox 2192 3201 2342 3260; x_wconf 87' lang='lat' dir='ltr'><strong>brevi</strong></span> <span class='ocrx_word' id='word_1_738' title='bbox 2382 3213 2622 3276; x_wconf 88' lang='lat' dir='ltr'><strong>tempore</strong></span> <span class='ocrx_word' id='word_1_739' title='bbox 2644 3214 2810 3260; x_wconf 90' lang='lat' dir='ltr'><strong>totum</strong></span> <span class='ocrx_word' id='word_1_740' title='bbox 2836 3220 3025 3275; x_wconf 88' lang='lat' dir='ltr'><strong>parare</strong></span> <span class='ocrx_word' id='word_1_741' title='bbox 3059 3221 3072 3260; x_wconf 90' lang='lat'><strong>:</strong></span> <span class='ocrx_word' id='word_1_742' title='bbox 3103 3204 3339 3261; x_wconf 89' lang='lat' dir='ltr'><strong>futurum</strong></span> <span class='ocrx_word' id='word_1_743' title='bbox 3367 3209 3511 3262; x_wconf 84' lang='lat' dir='ltr'><strong>enim</strong></span> <span class='ocrx_word' id='word_1_744' title='bbox 3542 3219 3622 3263; x_wconf 88' lang='lat' dir='ltr'><strong>est</strong></span> 
     </span>
    </p>
   </div>
   <div class='ocr_carea' id='block_1_95' title="bbox 2041 3297 3618 3372">
    <p class='ocr_par' dir='ltr' id='par_1_95' title="bbox 2041 3297 3618 3372">
     <span class='ocr_line' id='line_1_95' title="bbox 2041 3297 3618 3372; baseline 0.002 -20"><span class='ocrx_word' id='word_1_745' title='bbox 2041 3298 2344 3364; x_wconf 85' lang='lat' dir='ltr'><strong>incertum;</strong></span> <span class='ocrx_word' id='word_1_746' title='bbox 2371 3308 2428 3353; x_wconf 90' lang='lat' dir='ltr'><strong>et</strong></span> <span class='ocrx_word' id='word_1_747' title='bbox 2470 3298 2557 3353; x_wconf 86' lang='lat' dir='ltr'><strong>fur</strong></span> <span class='ocrx_word' id='word_1_748' title='bbox 2598 3309 2680 3354; x_wconf 91' lang='lat' dir='ltr'><strong>est</strong></span> <span class='ocrx_word' id='word_1_749' title='bbox 2707 3297 2826 3354; x_wconf 85' lang='lat' dir='ltr'><strong>dies</strong></span> <span class='ocrx_word' id='word_1_750' title='bbox 2865 3297 3074 3352; x_wconf 88' lang='lat' dir='ltr'><strong>Domini</strong></span> <span class='ocrx_word' id='word_1_751' title='bbox 3099 3299 3116 3368; x_wconf 90' lang='lat'><strong>(</strong></span> <span class='ocrx_word' id='word_1_752' title='bbox 3139 3300 3191 3354; x_wconf 80' lang='grc' dir='ltr'><strong>ι.</strong></span> <span class='ocrx_word' id='word_1_753' title='bbox 3229 3298 3405 3354; x_wconf 84' lang='lat' dir='ltr'><strong>Thess.</strong></span> <span class='ocrx_word' id='word_1_754' title='bbox 3436 3301 3490 3355; x_wconf 80' lang='lat'><strong>5.</strong></span> <span class='ocrx_word' id='word_1_755' title='bbox 3518 3300 3618 3372; x_wconf 76' lang='grc'><strong>4),</strong></span> 
     </span>
    </p>
   </div>
   <div class='ocr_carea' id='block_1_96' title="bbox 2040 3390 3619 3462">
    <p class='ocr_par' dir='ltr' id='par_1_96' title="bbox 2040 3390 3619 3462">
     <span class='ocr_line' id='line_1_96' title="bbox 2040 3390 3619 3462; baseline -0.001 -15"><span class='ocrx_word' id='word_1_756' title='bbox 2040 3402 2261 3462; x_wconf 89' lang='lat' dir='ltr'><strong>repente</strong></span> <span class='ocrx_word' id='word_1_757' title='bbox 2288 3391 2546 3447; x_wconf 87' lang='lat' dir='ltr'><strong>invadens</strong></span> <span class='ocrx_word' id='word_1_758' title='bbox 2565 3405 2664 3446; x_wconf 90' lang='lat' dir='ltr'><strong>nos</strong></span> <span class='ocrx_word' id='word_1_759' title='bbox 2683 3390 3011 3446; x_wconf 89' lang='lat' dir='ltr'><strong>dormientes</strong></span> <span class='ocrx_word' id='word_1_760' title='bbox 3039 3406 3054 3455; x_wconf 89' lang='lat'><strong>;</strong></span> <span class='ocrx_word' id='word_1_761' title='bbox 3078 3391 3174 3446; x_wconf 89' lang='lat' dir='ltr'><strong>sed</strong></span> <span class='ocrx_word' id='word_1_762' title='bbox 3195 3391 3238 3444; x_wconf 91' lang='lat' dir='ltr'><strong>si</strong></span> <span class='ocrx_word' id='word_1_763' title='bbox 3263 3405 3374 3446; x_wconf 86' lang='lat' dir='ltr'><strong>non</strong></span> <span class='ocrx_word' id='word_1_764' title='bbox 3391 3391 3619 3447; x_wconf 82' lang='lat' dir='ltr'><strong>dormia-</strong></span> 
     </span>
    </p>
   </div>
   <div class='ocr_carea' id='block_1_97' title="bbox 2039 3481 3620 3554">
    <p class='ocr_par' dir='ltr' id='par_1_97' title="bbox 2039 3481 3620 3554">
     <span class='ocr_line' id='line_1_97' title="bbox 2039 3481 3620 3554; baseline 0.001 -16"><span class='ocrx_word' id='word_1_765' title='bbox 2039 3498 2176 3547; x_wconf 88' lang='lat' dir='ltr'><strong>mus,</strong></span> <span class='ocrx_word' id='word_1_766' title='bbox 2209 3497 2314 3538; x_wconf 91' lang='lat' dir='ltr'><strong>non</strong></span> <span class='ocrx_word' id='word_1_767' title='bbox 2349 3492 2619 3554; x_wconf 90' lang='lat' dir='ltr'><strong>tamquam</strong></span> <span class='ocrx_word' id='word_1_768' title='bbox 2653 3481 2740 3536; x_wconf 89' lang='lat' dir='ltr'><strong>fur</strong></span> <span class='ocrx_word' id='word_1_769' title='bbox 2769 3497 2867 3536; x_wconf 90' lang='lat' dir='ltr'><strong>nos</strong></span> <span class='ocrx_word' id='word_1_770' title='bbox 2907 3481 3144 3547; x_wconf 87' lang='lat' dir='ltr'><strong>invadet,</strong></span> <span class='ocrx_word' id='word_1_771' title='bbox 3191 3498 3368 3552; x_wconf 91' lang='lat' dir='ltr'><strong>neque</strong></span> <span class='ocrx_word' id='word_1_772' title='bbox 3395 3484 3620 3538; x_wconf 89' lang='lat' dir='ltr'><strong>abducet</strong></span> 
     </span>
    </p>
   </div>
   <div class='ocr_carea' id='block_1_98' title="bbox 2039 3573 3616 3644">
    <p class='ocr_par' dir='ltr' id='par_1_98' title="bbox 2039 3573 3616 3644">
     <span class='ocr_line' id='line_1_98' title="bbox 2039 3573 3616 3644; baseline -0.001 -15"><span class='ocrx_word' id='word_1_773' title='bbox 2039 3575 2348 3644; x_wconf 88' lang='lat' dir='ltr'><strong>imparatos.</strong></span> <span class='ocrx_word' id='word_1_774' title='bbox 2397 3574 2528 3628; x_wconf 88' lang='lat' dir='ltr'><strong>Nam</strong></span> <span class='ocrx_word' id='word_1_775' title='bbox 2575 3575 2618 3628; x_wconf 87' lang='lat' dir='ltr'><strong>si</strong></span> <span class='ocrx_word' id='word_1_776' title='bbox 2660 3574 2972 3644; x_wconf 86' lang='lat' dir='ltr'><strong>vigilemus,</strong></span> <span class='ocrx_word' id='word_1_777' title='bbox 3002 3581 3057 3628; x_wconf 90' lang='lat' dir='ltr'><strong>et</strong></span> <span class='ocrx_word' id='word_1_778' title='bbox 3085 3573 3249 3628; x_wconf 88' lang='lat' dir='ltr'><strong>sobrii</strong></span> <span class='ocrx_word' id='word_1_779' title='bbox 3278 3574 3448 3629; x_wconf 84' lang='lat' dir='ltr'><strong>simus</strong></span> <span class='ocrx_word' id='word_1_780' title='bbox 3472 3613 3487 3637; x_wconf 85' lang='lat'><strong>,</strong></span> <span class='ocrx_word' id='word_1_781' title='bbox 3511 3589 3616 3628; x_wconf 91' lang='lat' dir='ltr'><strong>non</strong></span> 
     </span>
    </p>
   </div>
   <div class='ocr_carea' id='block_1_99' title="bbox 2038 3666 3614 3739">
    <p class='ocr_par' dir='ltr' id='par_1_99' title="bbox 2038 3666 3614 3739">
     <span class='ocr_line' id='line_1_99' title="bbox 2038 3666 3614 3739; baseline 0.002 -19"><span class='ocrx_word' id='word_1_782' title='bbox 2038 3668 2264 3736; x_wconf 84' lang='lat' dir='ltr'><strong>amplius</strong></span> <span class='ocrx_word' id='word_1_783' title='bbox 2295 3676 2561 3739; x_wconf 84' lang='lat' dir='ltr'><strong>tamquam</strong></span> <span class='ocrx_word' id='word_1_784' title='bbox 2591 3667 2674 3721; x_wconf 91' lang='lat' dir='ltr'><strong>fur</strong></span> <span class='ocrx_word' id='word_1_785' title='bbox 2703 3681 2801 3721; x_wconf 90' lang='lat' dir='ltr'><strong>nos</strong></span> <span class='ocrx_word' id='word_1_786' title='bbox 2832 3666 3060 3732; x_wconf 88' lang='lat' dir='ltr'><strong>invadet,</strong></span> <span class='ocrx_word' id='word_1_787' title='bbox 3093 3667 3187 3721; x_wconf 90' lang='lat' dir='ltr'><strong>sed</strong></span> <span class='ocrx_word' id='word_1_788' title='bbox 3219 3679 3487 3737; x_wconf 83' lang='lat' dir='ltr'><strong>tamquam</strong></span> <span class='ocrx_word' id='word_1_789' title='bbox 3509 3667 3614 3723; x_wconf 77' lang='lat' dir='ltr'><strong>Re-</strong></span> 
     </span>
    </p>
   </div>
   <div class='ocr_carea' id='block_1_100' title="bbox 2036 3757 3616 3828">
    <p class='ocr_par' dir='ltr' id='par_1_100' title="bbox 2036 3757 3616 3828">
     <span class='ocr_line' id='line_1_100' title="bbox 2036 3757 3616 3828; baseline 0.003 -19"><span class='ocrx_word' id='word_1_790' title='bbox 2036 3759 2116 3828; x_wconf 88' lang='lat' dir='ltr'><strong>gis</strong></span> <span class='ocrx_word' id='word_1_791' title='bbox 2162 3758 2380 3812; x_wconf 91' lang='lat' dir='ltr'><strong>nuntius</strong></span> <span class='ocrx_word' id='word_1_792' title='bbox 2419 3773 2516 3812; x_wconf 91' lang='lat' dir='ltr'><strong>nos</strong></span> <span class='ocrx_word' id='word_1_793' title='bbox 2546 3772 2742 3812; x_wconf 85' lang='lat' dir='ltr'><strong>vocans</strong></span> <span class='ocrx_word' id='word_1_794' title='bbox 2781 3757 2847 3811; x_wconf 89' lang='lat' dir='ltr'><strong>ad</strong></span> <span class='ocrx_word' id='word_1_795' title='bbox 2889 3757 3026 3811; x_wconf 83' lang='lat' dir='ltr'><strong>bona</strong></span> <span class='ocrx_word' id='word_1_796' title='bbox 3070 3757 3226 3812; x_wconf 88' lang='lat' dir='ltr'><strong>nobis</strong></span> <span class='ocrx_word' id='word_1_797' title='bbox 3273 3767 3454 3827; x_wconf 85' lang='lat' dir='ltr'><strong>parata</strong></span> <span class='ocrx_word' id='word_1_798' title='bbox 3488 3776 3502 3812; x_wconf 93' lang='lat'>:</span> <span class='ocrx_word' id='word_1_799' title='bbox 3535 3758 3616 3814; x_wconf 86' lang='lat' dir='ltr'><strong>sin</strong></span> 
     </span>
    </p>
   </div>
   <div class='ocr_carea' id='block_1_101' title="bbox 2037 3847 3614 3920">
    <p class='ocr_par' dir='ltr' id='par_1_101' title="bbox 2037 3847 3614 3920">
     <span class='ocr_line' id='line_1_101' title="bbox 2037 3847 3614 3920; baseline 0.003 -19"><span class='ocrx_word' id='word_1_800' title='bbox 2037 3847 2385 3911; x_wconf 87' lang='lat' dir='ltr'><strong>dormiamus,</strong></span> <span class='ocrx_word' id='word_1_801' title='bbox 2417 3859 2682 3918; x_wconf 88' lang='lat' dir='ltr'><strong>tamquam</strong></span> <span class='ocrx_word' id='word_1_802' title='bbox 2721 3847 2804 3901; x_wconf 81' lang='lat' dir='ltr'><strong>iur</strong></span> <span class='ocrx_word' id='word_1_803' title='bbox 2845 3847 3074 3902; x_wconf 83' lang='lat' dir='ltr'><strong>accedit.</strong></span> <span class='ocrx_word' id='word_1_804' title='bbox 3105 3847 3293 3902; x_wconf 84' lang='lat' dir='ltr'><strong>Nullus</strong></span> <span class='ocrx_word' id='word_1_805' title='bbox 3325 3863 3454 3920; x_wconf 90' lang='lat' dir='ltr'><strong>ergo</strong></span> <span class='ocrx_word' id='word_1_806' title='bbox 3487 3849 3614 3905; x_wconf 82' lang='lat' dir='ltr'><strong>dor-</strong></span> 
     </span>
    </p>
   </div>
   <div class='ocr_carea' id='block_1_102' title="bbox 2037 3938 3613 4008">
    <p class='ocr_par' dir='ltr' id='par_1_102' title="bbox 2037 3938 3613 4008">
     <span class='ocr_line' id='line_1_102' title="bbox 2037 3938 3613 4008; baseline 0.003 -17"><span class='ocrx_word' id='word_1_807' title='bbox 2037 3938 2186 4005; x_wconf 90' lang='lat' dir='ltr'><strong>miat,</strong></span> <span class='ocrx_word' id='word_1_808' title='bbox 2212 3939 2390 3993; x_wconf 87' lang='lat' dir='ltr'><strong>nullus</strong></span> <span class='ocrx_word' id='word_1_809' title='bbox 2419 3939 2486 3993; x_wconf 92' lang='lat' dir='ltr'><strong>sit</strong></span> <span class='ocrx_word' id='word_1_810' title='bbox 2514 3940 2660 4008; x_wconf 86' lang='lat' dir='ltr'><strong>piger</strong></span> <span class='ocrx_word' id='word_1_811' title='bbox 2685 3938 2751 3992; x_wconf 88' lang='lat' dir='ltr'><strong>ad</strong></span> <span class='ocrx_word' id='word_1_812' title='bbox 2782 3939 3028 3993; x_wconf 84' lang='lat' dir='ltr'><strong>virtutem</strong></span> <span class='ocrx_word' id='word_1_813' title='bbox 3061 3955 3075 3992; x_wconf 88' lang='lat'><strong>:</strong></span> <span class='ocrx_word' id='word_1_814' title='bbox 3105 3939 3206 3994; x_wconf 89' lang='lat' dir='ltr'><strong>hoc</strong></span> <span class='ocrx_word' id='word_1_815' title='bbox 3234 3940 3376 3994; x_wconf 85' lang='lat' dir='ltr'><strong>enim</strong></span> <span class='ocrx_word' id='word_1_816' title='bbox 3416 3950 3498 3995; x_wconf 86' lang='lat' dir='ltr'><strong>est</strong></span> <span class='ocrx_word' id='word_1_817' title='bbox 3525 3954 3613 3995; x_wconf 59' lang='lat' dir='ltr'><strong>so-</strong></span> 
     </span>
    </p>
   </div>
   <div class='ocr_carea' id='block_1_103' title="bbox 2035 4030 3612 4101">
    <p class='ocr_par' dir='ltr' id='par_1_103' title="bbox 2035 4030 3612 4101">
     <span class='ocr_line' id='line_1_103' title="bbox 2035 4030 3612 4101; baseline 0 -15"><span class='ocrx_word' id='word_1_818' title='bbox 2035 4047 2214 4086; x_wconf 79' lang='lat' dir='ltr'><strong>mnus.</strong></span> <span class='ocrx_word' id='word_1_819' title='bbox 2245 4031 2492 4096; x_wconf 83' lang='lat' dir='ltr'><strong>Nescitis,</strong></span> <span class='ocrx_word' id='word_1_820' title='bbox 2512 4030 2725 4101; x_wconf 91' lang='lat' dir='ltr'><strong>quando</strong></span> <span class='ocrx_word' id='word_1_821' title='bbox 2753 4031 3072 4098; x_wconf 85' lang='lat' dir='ltr'><strong>dormimus,</strong></span> <span class='ocrx_word' id='word_1_822' title='bbox 3103 4047 3263 4101; x_wconf 91' lang='lat' dir='ltr'><strong>quam</strong></span> <span class='ocrx_word' id='word_1_823' title='bbox 3295 4043 3476 4086; x_wconf 85' lang='lat' dir='ltr'><strong>nostra</strong></span> <span class='ocrx_word' id='word_1_824' title='bbox 3509 4047 3612 4086; x_wconf 90' lang='lat' dir='ltr'><strong>non</strong></span> 
     </span>
    </p>
   </div>
   <div class='ocr_carea' id='block_1_104' title="bbox 2034 4124 3614 4196">
    <p class='ocr_par' dir='ltr' id='par_1_104' title="bbox 2034 4124 3614 4196">
     <span class='ocr_line' id='line_1_104' title="bbox 2034 4124 3614 4196; baseline 0.001 -18"><span class='ocrx_word' id='word_1_825' title='bbox 2034 4125 2142 4178; x_wconf 89' lang='lat' dir='ltr'><strong>sint</strong></span> <span class='ocrx_word' id='word_1_826' title='bbox 2159 4126 2209 4178; x_wconf 91' lang='lat' dir='ltr'><strong>in</strong></span> <span class='ocrx_word' id='word_1_827' title='bbox 2239 4133 2372 4188; x_wconf 91' lang='lat' dir='ltr'><strong>tuto,</strong></span> <span class='ocrx_word' id='word_1_828' title='bbox 2401 4139 2558 4192; x_wconf 87' lang='lat' dir='ltr'><strong>quam</strong></span> <span class='ocrx_word' id='word_1_829' title='bbox 2585 4124 2738 4179; x_wconf 81' lang='lat' dir='ltr'><strong>facile</strong></span> <span class='ocrx_word' id='word_1_830' title='bbox 2758 4124 2837 4178; x_wconf 91' lang='lat' dir='ltr'><strong>eis</strong></span> <span class='ocrx_word' id='word_1_831' title='bbox 2859 4133 3114 4192; x_wconf 87' lang='lat' dir='ltr'><strong>parentur</strong></span> <span class='ocrx_word' id='word_1_832' title='bbox 3138 4125 3346 4179; x_wconf 78' lang='lat' dir='ltr'><strong>insidia:</strong></span> <span class='ocrx_word' id='word_1_833' title='bbox 3362 4127 3386 4179; x_wconf 82' lang='lat'><strong>?</strong></span> <span class='ocrx_word' id='word_1_834' title='bbox 3401 4127 3614 4196; x_wconf 87' lang='lat' dir='ltr'><strong>quando</strong></span> 
     </span>
    </p>
   </div>
   <div class='ocr_carea' id='block_1_105' title="bbox 2033 4213 3606 4284">
    <p class='ocr_par' dir='ltr' id='par_1_105' title="bbox 2033 4213 3606 4284">
     <span class='ocr_line' id='line_1_105' title="bbox 2033 4213 3606 4284; baseline 0.003 -16"><span class='ocrx_word' id='word_1_835' title='bbox 2033 4223 2210 4268; x_wconf 89' lang='lat' dir='ltr'><strong>autem</strong></span> <span class='ocrx_word' id='word_1_836' title='bbox 2236 4213 2548 4283; x_wconf 85' lang='lat' dir='ltr'><strong>vigilamus,</strong></span> <span class='ocrx_word' id='word_1_837' title='bbox 2582 4228 2689 4268; x_wconf 91' lang='lat' dir='ltr'><strong>non</strong></span> <span class='ocrx_word' id='word_1_838' title='bbox 2721 4229 2856 4284; x_wconf 83' lang='lat' dir='ltr'><strong>opus</strong></span> <span class='ocrx_word' id='word_1_839' title='bbox 2883 4225 2968 4270; x_wconf 90' lang='lat' dir='ltr'><strong>est</strong></span> <span class='ocrx_word' id='word_1_840' title='bbox 2991 4215 3149 4270; x_wconf 88' lang='lat' dir='ltr'><strong>nobis</strong></span> <span class='ocrx_word' id='word_1_841' title='bbox 3179 4225 3322 4270; x_wconf 82' lang='lat' dir='ltr'><strong>tanta</strong></span> <span class='ocrx_word' id='word_1_842' title='bbox 3349 4217 3606 4272; x_wconf 72' lang='lat' dir='ltr'><strong>custodia.</strong></span> 
     </span>
    </p>
   </div>
   <div class='ocr_carea' id='block_1_106' title="bbox 2033 4304 3611 4376">
    <p class='ocr_par' dir='ltr' id='par_1_106' title="bbox 2033 4304 3611 4376">
     <span class='ocr_line' id='line_1_106' title="bbox 2033 4304 3611 4376; baseline 0.001 -17"><span class='ocrx_word' id='word_1_843' title='bbox 2033 4305 2256 4373; x_wconf 87' lang='lat' dir='ltr'><strong>Quando</strong></span> <span class='ocrx_word' id='word_1_844' title='bbox 2282 4304 2578 4359; x_wconf 88' lang='lat' dir='ltr'><strong>dormimus</strong></span> <span class='ocrx_word' id='word_1_845' title='bbox 2604 4345 2620 4373; x_wconf 88' lang='lat'><strong>,</strong></span> <span class='ocrx_word' id='word_1_846' title='bbox 2654 4305 2814 4360; x_wconf 85' lang='lat' dir='ltr'><strong>etiam</strong></span> <span class='ocrx_word' id='word_1_847' title='bbox 2843 4321 2967 4361; x_wconf 86' lang='lat' dir='ltr'><strong>cum</strong></span> <span class='ocrx_word' id='word_1_848' title='bbox 2995 4305 3161 4360; x_wconf 87' lang='lat' dir='ltr'><strong>multa</strong></span> <span class='ocrx_word' id='word_1_849' title='bbox 3202 4307 3445 4361; x_wconf 91' lang='lat' dir='ltr'><strong>custodia</strong></span> <span class='ocrx_word' id='word_1_850' title='bbox 3471 4322 3611 4376; x_wconf 60' lang='lat' dir='ltr'><strong>sarpe</strong></span> 
     </span>
    </p>
   </div>
   <div class='ocr_carea' id='block_1_107' title="bbox 2035 4397 3608 4468">
    <p class='ocr_par' dir='ltr' id='par_1_107' title="bbox 2035 4397 3608 4468">
     <span class='ocr_line' id='line_1_107' title="bbox 2035 4397 3608 4468; baseline -0.003 -16"><span class='ocrx_word' id='word_1_851' title='bbox 2035 4397 2270 4468; x_wconf 86' lang='lat' dir='ltr'><strong>perimus</strong></span> <span class='ocrx_word' id='word_1_852' title='bbox 2308 4414 2321 4450; x_wconf 91' lang='lat'><strong>:</strong></span> <span class='ocrx_word' id='word_1_853' title='bbox 2349 4405 2474 4452; x_wconf 89' lang='lat' dir='ltr'><strong>sunt</strong></span> <span class='ocrx_word' id='word_1_854' title='bbox 2506 4406 2558 4451; x_wconf 90' lang='lat' dir='ltr'><strong>et</strong></span> <span class='ocrx_word' id='word_1_855' title='bbox 2588 4397 2725 4452; x_wconf 89' lang='lat' dir='ltr'><strong>ostia</strong></span> <span class='ocrx_word' id='word_1_856' title='bbox 2750 4407 2804 4452; x_wconf 92' lang='lat' dir='ltr'><strong>et</strong></span> <span class='ocrx_word' id='word_1_857' title='bbox 2830 4407 3010 4452; x_wconf 88' lang='lat' dir='ltr'><strong>vectes</strong></span> <span class='ocrx_word' id='word_1_858' title='bbox 3036 4406 3092 4452; x_wconf 92' lang='lat' dir='ltr'><strong>et</strong></span> <span class='ocrx_word' id='word_1_859' title='bbox 3119 4397 3370 4452; x_wconf 88' lang='lat' dir='ltr'><strong>custodes</strong></span> <span class='ocrx_word' id='word_1_860' title='bbox 3395 4405 3453 4452; x_wconf 89' lang='lat' dir='ltr'><strong>et</strong></span> <span class='ocrx_word' id='word_1_861' title='bbox 3479 4398 3608 4467; x_wconf 86' lang='lat' dir='ltr'><strong>vigi-</strong></span> 
     </span>
    </p>
   </div>
   <div class='ocr_carea' id='block_1_108' title="bbox 2031 4487 3609 4560">
    <p class='ocr_par' dir='ltr' id='par_1_108' title="bbox 2031 4487 3609 4560">
     <span class='ocr_line' id='line_1_108' title="bbox 2031 4487 3609 4560; baseline -0.003 -14"><span class='ocrx_word' id='word_1_862' title='bbox 2031 4491 2143 4557; x_wconf 89' lang='lat' dir='ltr'><strong>les;</strong></span> <span class='ocrx_word' id='word_1_863' title='bbox 2166 4500 2220 4546; x_wconf 92' lang='lat' dir='ltr'><strong>et</strong></span> <span class='ocrx_word' id='word_1_864' title='bbox 2241 4501 2416 4544; x_wconf 87' lang='lat' dir='ltr'><strong>tamen</strong></span> <span class='ocrx_word' id='word_1_865' title='bbox 2437 4488 2522 4544; x_wconf 90' lang='lat' dir='ltr'><strong>fur</strong></span> <span class='ocrx_word' id='word_1_866' title='bbox 2547 4488 2879 4560; x_wconf 77' lang='lat' dir='ltr'><strong>ingreditur‘.</strong></span> <span class='ocrx_word' id='word_1_867' title='bbox 2898 4488 3006 4543; x_wconf 89' lang='lat' dir='ltr'><strong>Cur</strong></span> <span class='ocrx_word' id='word_1_868' title='bbox 3026 4488 3142 4543; x_wconf 85' lang='lat' dir='ltr'><strong>ha-c</strong></span> <span class='ocrx_word' id='word_1_869' title='bbox 3163 4487 3286 4543; x_wconf 90' lang='lat' dir='ltr'><strong>dico</strong></span> <span class='ocrx_word' id='word_1_870' title='bbox 3305 4487 3329 4541; x_wconf 84' lang='lat'><strong>?</strong></span> <span class='ocrx_word' id='word_1_871' title='bbox 3353 4488 3609 4556; x_wconf 81' lang='lat' dir='ltr'><strong>Quoniam</strong></span> 
     </span>
    </p>
   </div>
   <div class='ocr_carea' id='block_1_109' title="bbox 2031 4580 3608 4653">
    <p class='ocr_par' dir='ltr' id='par_1_109' title="bbox 2031 4580 3608 4653">
     <span class='ocr_line' id='line_1_109' title="bbox 2031 4580 3608 4653; baseline -0.003 -15"><span class='ocrx_word' id='word_1_872' title='bbox 2031 4584 2075 4639; x_wconf 93' lang='lat' dir='ltr'><strong>si</strong></span> <span class='ocrx_word' id='word_1_873' title='bbox 2106 4583 2385 4653; x_wconf 90' lang='lat' dir='ltr'><strong>vigilemus</strong></span> <span class='ocrx_word' id='word_1_874' title='bbox 2408 4622 2424 4648; x_wconf 97' lang='lat'><strong>,</strong></span> <span class='ocrx_word' id='word_1_875' title='bbox 2459 4596 2564 4636; x_wconf 92' lang='lat' dir='ltr'><strong>non</strong></span> <span class='ocrx_word' id='word_1_876' title='bbox 2591 4580 2866 4651; x_wconf 88' lang='lat' dir='ltr'><strong>egebimus</strong></span> <span class='ocrx_word' id='word_1_877' title='bbox 2893 4580 3119 4634; x_wconf 89' lang='lat' dir='ltr'><strong>aliorum</strong></span> <span class='ocrx_word' id='word_1_878' title='bbox 3147 4580 3345 4634; x_wconf 83' lang='lat' dir='ltr'><strong>auxilio</strong></span> <span class='ocrx_word' id='word_1_879' title='bbox 3372 4598 3387 4635; x_wconf 91' lang='lat'><strong>:</strong></span> <span class='ocrx_word' id='word_1_880' title='bbox 3411 4581 3494 4635; x_wconf 90' lang='lat' dir='ltr'><strong>sin</strong></span> <span class='ocrx_word' id='word_1_881' title='bbox 3519 4595 3608 4633; x_wconf 83' lang='lat' dir='ltr'><strong>au-</strong></span> 
     </span>
    </p>
   </div>
   <div class='ocr_carea' id='block_1_110' title="bbox 2031 4669 3609 4740">
    <p class='ocr_par' dir='ltr' id='par_1_110' title="bbox 2031 4669 3609 4740">
     <span class='ocr_line' id='line_1_110' title="bbox 2031 4669 3609 4740; baseline -0.002 -14"><span class='ocrx_word' id='word_1_882' title='bbox 2031 4683 2136 4729; x_wconf 88' lang='lat' dir='ltr'><strong>tem</strong></span> <span class='ocrx_word' id='word_1_883' title='bbox 2177 4672 2547 4739; x_wconf 88' lang='lat' dir='ltr'><strong>dormiamus,</strong></span> <span class='ocrx_word' id='word_1_884' title='bbox 2584 4671 2714 4726; x_wconf 90' lang='lat' dir='ltr'><strong>nihil</strong></span> <span class='ocrx_word' id='word_1_885' title='bbox 2753 4671 2910 4726; x_wconf 87' lang='lat' dir='ltr'><strong>nobis</strong></span> <span class='ocrx_word' id='word_1_886' title='bbox 2950 4670 3173 4740; x_wconf 90' lang='lat' dir='ltr'><strong>prodest</strong></span> <span class='ocrx_word' id='word_1_887' title='bbox 3200 4669 3431 4725; x_wconf 88' lang='lat' dir='ltr'><strong>aliorum</strong></span> <span class='ocrx_word' id='word_1_888' title='bbox 3462 4669 3609 4724; x_wconf 77' lang='lat' dir='ltr'><strong>ausi-</strong></span> 
     </span>
    </p>
   </div>
   <div class='ocr_carea' id='block_1_111' title="bbox 2029 4760 3604 4831">
    <p class='ocr_par' dir='ltr' id='par_1_111' title="bbox 2029 4760 3604 4831">
     <span class='ocr_line' id='line_1_111' title="bbox 2029 4760 3604 4831; baseline -0.004 -13"><span class='ocrx_word' id='word_1_889' title='bbox 2029 4764 2158 4819; x_wconf 91' lang='lat' dir='ltr'><strong>lium</strong></span> <span class='ocrx_word' id='word_1_890' title='bbox 2186 4805 2201 4829; x_wconf 92' lang='lat'><strong>,</strong></span> <span class='ocrx_word' id='word_1_891' title='bbox 2229 4763 2326 4820; x_wconf 89' lang='lat' dir='ltr'><strong>sed</strong></span> <span class='ocrx_word' id='word_1_892' title='bbox 2372 4763 2534 4818; x_wconf 91' lang='lat' dir='ltr'><strong>etiam</strong></span> <span class='ocrx_word' id='word_1_893' title='bbox 2562 4778 2684 4816; x_wconf 91' lang='lat' dir='ltr'><strong>cum</strong></span> <span class='ocrx_word' id='word_1_894' title='bbox 2726 4762 2818 4816; x_wconf 88' lang='lat' dir='ltr'><strong>illo</strong></span> <span class='ocrx_word' id='word_1_895' title='bbox 2851 4761 3108 4831; x_wconf 88' lang='lat' dir='ltr'><strong>perimus.</strong></span> <span class='ocrx_word' id='word_1_896' title='bbox 3141 4761 3348 4815; x_wconf 86' lang='lat' dir='ltr'><strong>Bonum</strong></span> <span class='ocrx_word' id='word_1_897' title='bbox 3389 4771 3472 4816; x_wconf 85' lang='lat' dir='ltr'><strong>est</strong></span> <span class='ocrx_word' id='word_1_898' title='bbox 3511 4760 3604 4814; x_wconf 84' lang='lat' dir='ltr'><strong>frui</strong></span> 
     </span>
    </p>
   </div>
   <div class='ocr_carea' id='block_1_112' title="bbox 2026 4853 3606 4926">
    <p class='ocr_par' dir='ltr' id='par_1_112' title="bbox 2026 4853 3606 4926">
     <span class='ocr_line' id='line_1_112' title="bbox 2026 4853 3606 4926; baseline -0.002 -15"><span class='ocrx_word' id='word_1_899' title='bbox 2026 4867 2332 4912; x_wconf 88' lang='lat' dir='ltr'><strong>sanctorum</strong></span> <span class='ocrx_word' id='word_1_900' title='bbox 2363 4854 2613 4926; x_wconf 88' lang='lat' dir='ltr'><strong>precibus</strong></span> <span class='ocrx_word' id='word_1_901' title='bbox 2633 4895 2649 4919; x_wconf 95' lang='lat'><strong>,</strong></span> <span class='ocrx_word' id='word_1_902' title='bbox 2678 4854 2771 4909; x_wconf 83' lang='lat' dir='ltr'><strong>sed</strong></span> <span class='ocrx_word' id='word_1_903' title='bbox 2811 4869 2932 4908; x_wconf 90' lang='lat' dir='ltr'><strong>cum</strong></span> <span class='ocrx_word' id='word_1_904' title='bbox 2962 4853 3064 4923; x_wconf 83' lang='lat' dir='ltr'><strong>ipsi</strong></span> <span class='ocrx_word' id='word_1_905' title='bbox 3105 4868 3320 4924; x_wconf 90' lang='lat' dir='ltr'><strong>quoque</strong></span> <span class='ocrx_word' id='word_1_906' title='bbox 3349 4853 3606 4909; x_wconf 72' lang='lat' dir='ltr'><strong>inermus</strong></span> 
     </span>
    </p>
   </div>
   <div class='ocr_carea' id='block_1_113' title="bbox 2027 4945 3604 5020">
    <p class='ocr_par' dir='ltr' id='par_1_113' title="bbox 2027 4945 3604 5020">
     <span class='ocr_line' id='line_1_113' title="bbox 2027 4945 3604 5020; baseline -0.003 -17"><span class='ocrx_word' id='word_1_907' title='bbox 2027 4949 2214 5004; x_wconf 86' lang='lat' dir='ltr'><strong>intenti</strong></span> <span class='ocrx_word' id='word_1_908' title='bbox 2245 4949 2417 5020; x_wconf 89' lang='lat' dir='ltr'><strong>operi.</strong></span> <span class='ocrx_word' id='word_1_909' title='bbox 2452 4948 2521 5003; x_wconf 83' lang='lat' dir='ltr'><strong>Et</strong></span> <span class='ocrx_word' id='word_1_910' title='bbox 2548 4946 2675 5018; x_wconf 92' lang='lat' dir='ltr'><strong>quid</strong></span> <span class='ocrx_word' id='word_1_911' title='bbox 2704 4945 2856 5012; x_wconf 91' lang='lat' dir='ltr'><strong>mihi,</strong></span> <span class='ocrx_word' id='word_1_912' title='bbox 2888 4945 3081 5016; x_wconf 85' lang='lat' dir='ltr'><strong>inquit,</strong></span> <span class='ocrx_word' id='word_1_913' title='bbox 3111 4960 3247 5016; x_wconf 81' lang='lat' dir='ltr'><strong>Opus</strong></span> <span class='ocrx_word' id='word_1_914' title='bbox 3273 4955 3356 5001; x_wconf 91' lang='lat' dir='ltr'><strong>est</strong></span> <span class='ocrx_word' id='word_1_915' title='bbox 3382 4947 3604 5002; x_wconf 88' lang='lat' dir='ltr'><strong>aliorum</strong></span> 
     </span>
    </p>
   </div>
   <div class='ocr_carea' id='block_1_114' title="bbox 2026 5037 3604 5111">
    <p class='ocr_par' dir='ltr' id='par_1_114' title="bbox 2026 5037 3604 5111">
     <span class='ocr_line' id='line_1_114' title="bbox 2026 5037 3604 5111; baseline -0.003 -17"><span class='ocrx_word' id='word_1_916' title='bbox 2026 5041 2297 5111; x_wconf 85' lang='lat' dir='ltr'><strong>precibus,</strong></span> <span class='ocrx_word' id='word_1_917' title='bbox 2329 5055 2450 5096; x_wconf 89' lang='lat' dir='ltr'><strong>cum</strong></span> <span class='ocrx_word' id='word_1_918' title='bbox 2483 5039 2637 5094; x_wconf 89' lang='lat' dir='ltr'><strong>fuero</strong></span> <span class='ocrx_word' id='word_1_919' title='bbox 2667 5039 2904 5093; x_wconf 90' lang='lat' dir='ltr'><strong>intentus</strong></span> <span class='ocrx_word' id='word_1_920' title='bbox 2937 5038 3108 5108; x_wconf 88' lang='lat' dir='ltr'><strong>operi,</strong></span> <span class='ocrx_word' id='word_1_921' title='bbox 3141 5053 3239 5092; x_wconf 90' lang='lat' dir='ltr'><strong>nec</strong></span> <span class='ocrx_word' id='word_1_922' title='bbox 3267 5053 3354 5093; x_wconf 82' lang='lat' dir='ltr'><strong>nte</strong></span> <span class='ocrx_word' id='word_1_923' title='bbox 3378 5055 3445 5093; x_wconf 85' lang='lat' dir='ltr'><strong>eo</strong></span> <span class='ocrx_word' id='word_1_924' title='bbox 3470 5037 3604 5092; x_wconf 88' lang='lat' dir='ltr'><strong>redi-</strong></span> 
     </span>
    </p>
   </div>
   <div class='ocr_carea' id='block_1_115' title="bbox 2023 5127 3602 5200">
    <p class='ocr_par' dir='ltr' id='par_1_115' title="bbox 2023 5127 3602 5200">
     <span class='ocr_line' id='line_1_115' title="bbox 2023 5127 3602 5200; baseline -0.003 -16"><span class='ocrx_word' id='word_1_925' title='bbox 2023 5147 2165 5200; x_wconf 88' lang='lat' dir='ltr'><strong>gam,</strong></span> <span class='ocrx_word' id='word_1_926' title='bbox 2198 5141 2257 5185; x_wconf 90' lang='lat' dir='ltr'><strong>ut</strong></span> <span class='ocrx_word' id='word_1_927' title='bbox 2285 5146 2419 5200; x_wconf 81' lang='lat' dir='ltr'><strong>opus</strong></span> <span class='ocrx_word' id='word_1_928' title='bbox 2460 5129 2682 5184; x_wconf 86' lang='lat' dir='ltr'><strong>habeam</strong></span> <span class='ocrx_word' id='word_1_929' title='bbox 2716 5129 2739 5182; x_wconf 70' lang='grc' dir='ltr'><strong><em>τ</em></strong></span> <span class='ocrx_word' id='word_1_930' title='bbox 2765 5127 2873 5183; x_wconf 92' lang='lat' dir='ltr'><strong>Nec</strong></span> <span class='ocrx_word' id='word_1_931' title='bbox 2900 5143 3000 5198; x_wconf 85' lang='lat' dir='ltr'><strong>ego</strong></span> <span class='ocrx_word' id='word_1_932' title='bbox 3043 5127 3258 5198; x_wconf 90' lang='lat' dir='ltr'><strong>quidem</strong></span> <span class='ocrx_word' id='word_1_933' title='bbox 3305 5128 3410 5182; x_wconf 85' lang='lat' dir='ltr'><strong>hoc</strong></span> <span class='ocrx_word' id='word_1_934' title='bbox 3439 5127 3559 5181; x_wconf 84' lang='lat' dir='ltr'><strong>volo</strong></span> <span class='ocrx_word' id='word_1_935' title='bbox 3587 5141 3602 5191; x_wconf 90' lang='lat'><strong>;</strong></span> 
     </span>
    </p>
   </div>
   <div class='ocr_carea' id='block_1_116' title="bbox 2021 5217 3604 5290">
    <p class='ocr_par' dir='ltr' id='par_1_116' title="bbox 2021 5217 3604 5290">
     <span class='ocr_line' id='line_1_116' title="bbox 2021 5217 3604 5290; baseline -0.004 -14"><span class='ocrx_word' id='word_1_936' title='bbox 2021 5221 2116 5278; x_wconf 90' lang='lat' dir='ltr'><strong>sed</strong></span> <span class='ocrx_word' id='word_1_937' title='bbox 2145 5237 2282 5290; x_wconf 83' lang='lat' dir='ltr'><strong>Opus</strong></span> <span class='ocrx_word' id='word_1_938' title='bbox 2309 5235 2528 5290; x_wconf 89' lang='lat' dir='ltr'><strong>semper</strong></span> <span class='ocrx_word' id='word_1_939' title='bbox 2551 5219 2833 5286; x_wconf 86' lang='lat' dir='ltr'><strong>habemus,</strong></span> <span class='ocrx_word' id='word_1_940' title='bbox 2861 5219 2908 5273; x_wconf 88' lang='lat' dir='ltr'><strong>si</strong></span> <span class='ocrx_word' id='word_1_941' title='bbox 2939 5217 3232 5287; x_wconf 83' lang='lat' dir='ltr'><strong>sapiamus.</strong></span> <span class='ocrx_word' id='word_1_942' title='bbox 3277 5217 3475 5272; x_wconf 88' lang='lat' dir='ltr'><strong>Paulus</strong></span> <span class='ocrx_word' id='word_1_943' title='bbox 3501 5232 3604 5272; x_wconf 91' lang='lat' dir='ltr'><strong>non</strong></span> 
     </span>
    </p>
   </div>
   <div class='ocr_carea' id='block_1_117' title="bbox 2086 5370 3586 5441">
    <p class='ocr_par' dir='ltr' id='par_1_117' title="bbox 2086 5370 3586 5441">
     <span class='ocr_line' id='line_1_117' title="bbox 2086 5370 3586 5441; baseline 0.003 -21"><span class='ocrx_word' id='word_1_944' title='bbox 2086 5378 2100 5404; x_wconf 73' lang='grc' dir='ltr'><strong><em>ι</em></strong></span> <span class='ocrx_word' id='word_1_945' title='bbox 2129 5371 2202 5441; x_wconf 77' lang='lat' dir='ltr'><strong>In</strong></span> <span class='ocrx_word' id='word_1_946' title='bbox 2219 5371 2353 5424; x_wconf 84' lang='lat' dir='ltr'><strong>Colb.</strong></span> <span class='ocrx_word' id='word_1_947' title='bbox 2381 5371 2664 5441; x_wconf 59' lang='lat' dir='ltr'><strong>legitur&quot;...</strong></span> <span class='ocrx_word' id='word_1_948' title='bbox 2712 5383 2948 5441; x_wconf 70' lang='lat' dir='ltr'><strong>nonapus</strong></span> <span class='ocrx_word' id='word_1_949' title='bbox 2964 5377 3035 5422; x_wconf 89' lang='lat' dir='ltr'><strong>est</strong></span> <span class='ocrx_word' id='word_1_950' title='bbox 3056 5370 3192 5423; x_wconf 83' lang='lat' dir='ltr'><strong>nobis</strong></span> <span class='ocrx_word' id='word_1_951' title='bbox 3207 5377 3340 5441; x_wconf 81' lang='lat' dir='ltr'><strong>tanta</strong></span> <span class='ocrx_word' id='word_1_952' title='bbox 3364 5370 3586 5441; x_wconf 64' lang='lat' dir='ltr'><strong>custodia</strong></span> 
     </span>
    </p>
   </div>
   <div class='ocr_carea' id='block_1_118' title="bbox 2020 5432 3601 5496">
    <p class='ocr_par' dir='ltr' id='par_1_118' title="bbox 2020 5432 3601 5496">
     <span class='ocr_line' id='line_1_118' title="bbox 2020 5432 3601 5496; baseline -0.002 -13"><span class='ocrx_word' id='word_1_953' title='bbox 2020 5440 2135 5496; x_wconf 75' lang='lat' dir='ltr'><strong>Quot</strong></span> <span class='ocrx_word' id='word_1_954' title='bbox 2158 5440 2204 5483; x_wconf 85' lang='lat' dir='ltr'><strong>et</strong></span> <span class='ocrx_word' id='word_1_955' title='bbox 2218 5442 2405 5496; x_wconf 76' lang='lat' dir='ltr'><strong>quanta</strong></span> <span class='ocrx_word' id='word_1_956' title='bbox 2417 5432 2632 5495; x_wconf 71' lang='lat' dir='ltr'><strong>quidam,</strong></span> <span class='ocrx_word' id='word_1_957' title='bbox 2646 5432 2881 5484; x_wconf 73' lang='lat' dir='ltr'><strong>custodite</strong></span> <span class='ocrx_word' id='word_1_958' title='bbox 2903 5445 3066 5496; x_wconf 84' lang='lat' dir='ltr'><strong>causa,</strong></span> <span class='ocrx_word' id='word_1_959' title='bbox 3079 5432 3423 5496; x_wconf 67' lang='lat' dir='ltr'><strong>excogitat-mu</strong></span> <span class='ocrx_word' id='word_1_960' title='bbox 3436 5432 3464 5482; x_wconf 68' lang='grc' dir='ltr'><strong><em>Ρ</em></strong></span> <span class='ocrx_word' id='word_1_961' title='bbox 3490 5441 3601 5484; x_wconf 76' lang='lat' dir='ltr'><strong>rer-</strong></span> 
     </span>
    </p>
   </div>
   <div class='ocr_carea' id='block_1_119' title="bbox 2021 5493 3604 5557">
    <p class='ocr_par' dir='ltr' id='par_1_119' title="bbox 2021 5493 3604 5557">
     <span class='ocr_line' id='line_1_119' title="bbox 2021 5493 3604 5557; baseline -0.002 -12"><span class='ocrx_word' id='word_1_962' title='bbox 2021 5493 2067 5545; x_wconf 83' lang='lat' dir='ltr'><strong>bi</strong></span> <span class='ocrx_word' id='word_1_963' title='bbox 2098 5493 2257 5557; x_wconf 79' lang='lat' dir='ltr'><strong>gratia</strong></span> <span class='ocrx_word' id='word_1_964' title='bbox 2280 5533 2294 5553; x_wconf 86' lang='lat'><strong>,</strong></span> <span class='ocrx_word' id='word_1_965' title='bbox 2312 5493 2454 5557; x_wconf 74' lang='lat' dir='ltr'><strong>ostia,</strong></span> <span class='ocrx_word' id='word_1_966' title='bbox 2483 5493 2653 5557; x_wconf 78' lang='lat' dir='ltr'><strong>vectes,</strong></span> <span class='ocrx_word' id='word_1_967' title='bbox 2675 5497 2897 5557; x_wconf 85' lang='lat' dir='ltr'><strong>custodes</strong></span> <span class='ocrx_word' id='word_1_968' title='bbox 2917 5500 2964 5545; x_wconf 80' lang='lat' dir='ltr'><strong>et</strong></span> <span class='ocrx_word' id='word_1_969' title='bbox 2991 5493 3158 5557; x_wconf 78' lang='lat' dir='ltr'><strong>uigiles</strong></span> <span class='ocrx_word' id='word_1_970' title='bbox 3181 5493 3274 5545; x_wconf 55' lang='lat' dir='ltr'><strong>:‘et</strong></span> <span class='ocrx_word' id='word_1_971' title='bbox 3289 5501 3470 5552; x_wconf 83' lang='lat' dir='ltr'><strong>tamen,</strong></span> <span class='ocrx_word' id='word_1_972' title='bbox 3495 5504 3604 5544; x_wconf 81' lang='lat' dir='ltr'><strong>cum</strong></span> 
     </span>
    </p>
   </div>
   <div class='ocr_carea' id='block_1_120' title="bbox 2017 5555 3602 5623">
    <p class='ocr_par' dir='ltr' id='par_1_120' title="bbox 2017 5555 3602 5623">
     <span class='ocr_line' id='line_1_120' title="bbox 2017 5555 3602 5623; baseline 0.001 -19"><span class='ocrx_word' id='word_1_973' title='bbox 2017 5555 2151 5623; x_wconf 71' lang='lat' dir='ltr'><strong>tanta</strong></span> <span class='ocrx_word' id='word_1_974' title='bbox 2172 5555 2390 5623; x_wconf 82' lang='lat' dir='ltr'><strong>custodia</strong></span> <span class='ocrx_word' id='word_1_975' title='bbox 2411 5593 2423 5615; x_wconf 91' lang='lat'><strong>,</strong></span> <span class='ocrx_word' id='word_1_976' title='bbox 2442 5555 2532 5619; x_wconf 79' lang='lat' dir='ltr'><strong>fur</strong></span> <span class='ocrx_word' id='word_1_977' title='bbox 2556 5555 2846 5623; x_wconf 76' lang='lat' dir='ltr'><strong>ingreditur.</strong></span> <span class='ocrx_word' id='word_1_978' title='bbox 2880 5564 3008 5623; x_wconf 70' lang='lat' dir='ltr'><strong>Quae</strong></span> <span class='ocrx_word' id='word_1_979' title='bbox 3019 5555 3167 5606; x_wconf 81' lang='lat' dir='ltr'><strong>lectio</strong></span> <span class='ocrx_word' id='word_1_980' title='bbox 3187 5557 3394 5620; x_wconf 86' lang='lat' dir='ltr'><strong>quadrat</strong></span> <span class='ocrx_word' id='word_1_981' title='bbox 3425 5557 3485 5605; x_wconf 88' lang='lat' dir='ltr'><strong>ad</strong></span> <span class='ocrx_word' id='word_1_982' title='bbox 3521 5569 3602 5605; x_wconf 86' lang='lat' dir='ltr'><strong>se-</strong></span> 
     </span>
    </p>
   </div>
   <div class='ocr_carea' id='block_1_121' title="bbox 2016 5618 3607 5681">
    <p class='ocr_par' dir='ltr' id='par_1_121' title="bbox 2016 5618 3607 5681">
     <span class='ocr_line' id='line_1_121' title="bbox 2016 5618 3607 5681; baseline -0.002 -14"><span class='ocrx_word' id='word_1_983' title='bbox 2016 5618 2173 5681; x_wconf 81' lang='lat' dir='ltr'><strong>riem;</strong></span> <span class='ocrx_word' id='word_1_984' title='bbox 2198 5618 2286 5666; x_wconf 89' lang='lat' dir='ltr'><strong>sed</strong></span> <span class='ocrx_word' id='word_1_985' title='bbox 2311 5618 2473 5681; x_wconf 70' lang='lat' dir='ltr'><strong>nostra</strong></span> <span class='ocrx_word' id='word_1_986' title='bbox 2500 5628 2576 5668; x_wconf 82' lang='lat' dir='ltr'><strong>eSt</strong></span> <span class='ocrx_word' id='word_1_987' title='bbox 2600 5618 2845 5668; x_wconf 79' lang='lat' dir='ltr'><strong>editorum</strong></span> <span class='ocrx_word' id='word_1_988' title='bbox 2881 5619 3097 5669; x_wconf 85' lang='lat' dir='ltr'><strong>omnium</strong></span> <span class='ocrx_word' id='word_1_989' title='bbox 3116 5651 3131 5679; x_wconf 92' lang='lat'><strong>,</strong></span> <span class='ocrx_word' id='word_1_990' title='bbox 3158 5618 3367 5681; x_wconf 68' lang='lat' dir='ltr'><strong>eamque</strong></span> <span class='ocrx_word' id='word_1_991' title='bbox 3405 5625 3607 5666; x_wconf 78' lang='lat' dir='ltr'><strong>secutus</strong></span> 
     </span>
    </p>
   </div>
   <div class='ocr_carea' id='block_1_122' title="bbox 2022 5678 2664 5730">
    <p class='ocr_par' dir='ltr' id='par_1_122' title="bbox 2022 5678 2664 5730">
     <span class='ocr_line' id='line_1_122' title="bbox 2022 5678 2664 5730; baseline 0.005 -3"><span class='ocrx_word' id='word_1_992' title='bbox 2022 5686 2097 5730; x_wconf 78' lang='lat' dir='ltr'><strong>est</strong></span> <span class='ocrx_word' id='word_1_993' title='bbox 2120 5678 2385 5729; x_wconf 78' lang='lat' dir='ltr'><strong>Gentianus</strong></span> <span class='ocrx_word' id='word_1_994' title='bbox 2403 5678 2664 5730; x_wconf 73' lang='lat' dir='ltr'><strong>llervctus.</strong></span> 
     </span>
    </p>
   </div>
  </div>
