  <div class='ocr_page' id='page_1' title='image "/cluster/home/n/w/nwhite01/storage/ocr_20150623/62/mdp.39015008622626/402.png"; bbox 0 0 4010 6142; ppageno 0'>
   <div class='ocr_carea' id='block_1_1' title="bbox 402 283 511 341">
    <p class='ocr_par' dir='ltr' id='par_1_1' title="bbox 402 283 511 341">
     <span class='ocr_line' id='line_1_1' title="bbox 402 283 511 341; baseline -0.009 0"><span class='ocrx_word' id='word_1_1' title='bbox 402 283 511 341; x_wconf 73' lang='grc'><strong>395</strong></span> 
     </span>
    </p>
   </div>
   <div class='ocr_carea' id='block_1_2' title="bbox 399 388 1985 461">
    <p class='ocr_par' dir='ltr' id='par_1_2' title="bbox 399 388 1985 461">
     <span class='ocr_line' id='line_1_2' title="bbox 399 388 1985 461; baseline -0.006 -11"><span class='ocrx_word' id='word_1_2' title='bbox 399 410 536 461; x_wconf 80' lang='grc' dir='ltr'><strong>νον,</strong></span> <span class='ocrx_word' id='word_1_3' title='bbox 566 393 727 449; x_wconf 65' lang='lat' dir='ltr'><strong><em>dua</em></strong></span> <span class='ocrx_word' id='word_1_4' title='bbox 757 392 853 448; x_wconf 82' lang='grc' dir='ltr'><strong>καί</strong></span> <span class='ocrx_word' id='word_1_5' title='bbox 881 391 948 446; x_wconf 72' lang='grc' dir='ltr'><strong>ἐν</strong></span> <span class='ocrx_word' id='word_1_6' title='bbox 967 389 1236 461; x_wconf 77' lang='grc' dir='ltr'><strong>δυνάμει,</strong></span> <span class='ocrx_word' id='word_1_7' title='bbox 1267 390 1368 444; x_wconf 82' lang='grc' dir='ltr'><em>καί</em></span> <span class='ocrx_word' id='word_1_8' title='bbox 1399 391 1471 446; x_wconf 78' lang='grc' dir='ltr'><strong>έν</strong></span> <span class='ocrx_word' id='word_1_9' title='bbox 1497 391 1796 460; x_wconf 81' lang='grc' dir='ltr'><strong>Πνεύματι</strong></span> <span class='ocrx_word' id='word_1_10' title='bbox 1819 388 1985 457; x_wconf 79' lang='grc' dir='ltr'><strong>ἁγίῳ,</strong></span> 
     </span>
    </p>
   </div>
   <div class='ocr_carea' id='block_1_3' title="bbox 403 469 1987 549">
    <p class='ocr_par' dir='ltr' id='par_1_3' title="bbox 403 469 1987 549">
     <span class='ocr_line' id='line_1_3' title="bbox 403 469 1987 549; baseline -0.006 -12"><span class='ocrx_word' id='word_1_11' title='bbox 403 482 506 536; x_wconf 79' lang='grc' dir='ltr'><strong>καί</strong></span> <span class='ocrx_word' id='word_1_12' title='bbox 548 482 619 536; x_wconf 80' lang='grc' dir='ltr'><strong>ἐν</strong></span> <span class='ocrx_word' id='word_1_13' title='bbox 656 479 1031 549; x_wconf 69' lang='grc' dir='ltr'><strong>πληροφορίᾳ</strong></span> <span class='ocrx_word' id='word_1_14' title='bbox 1076 476 1281 547; x_wconf 62' lang='grc' dir='ltr'><strong>πολλῆ</strong></span> <span class='ocrx_word' id='word_1_15' title='bbox 1301 493 1316 511; x_wconf 89' lang='grc'><strong>·</strong></span> <span class='ocrx_word' id='word_1_16' title='bbox 1368 477 1563 543; x_wconf 81' lang='grc' dir='ltr'><strong>καθὼς</strong></span> <span class='ocrx_word' id='word_1_17' title='bbox 1625 475 1825 532; x_wconf 77' lang='grc' dir='ltr'><strong>οἴδατε</strong></span> <span class='ocrx_word' id='word_1_18' title='bbox 1874 469 1987 529; x_wconf 86' lang='grc' dir='ltr'><strong>οἷοι</strong></span> 
     </span>
    </p>
   </div>
   <div class='ocr_carea' id='block_1_4' title="bbox 403 561 1991 638">
    <p class='ocr_par' dir='ltr' id='par_1_4' title="bbox 403 561 1991 638">
     <span class='ocr_line' id='line_1_4' title="bbox 403 561 1991 638; baseline -0.006 -16"><span class='ocrx_word' id='word_1_19' title='bbox 403 568 773 638; x_wconf 76' lang='grc' dir='ltr'><strong>ἐγενήθιυιεν</strong></span> <span class='ocrx_word' id='word_1_20' title='bbox 791 567 864 620; x_wconf 75' lang='grc' dir='ltr'><strong>ἐν</strong></span> <span class='ocrx_word' id='word_1_21' title='bbox 886 564 1030 634; x_wconf 75' lang='grc' dir='ltr'><strong>ἡμῖν</strong></span> <span class='ocrx_word' id='word_1_22' title='bbox 1055 563 1231 634; x_wconf 80' lang='grc' dir='ltr'><strong>ὑμᾶς.</strong></span> <span class='ocrx_word' id='word_1_23' title='bbox 1260 564 1325 617; x_wconf 91' lang='grc' dir='ltr'><strong>Τί</strong></span> <span class='ocrx_word' id='word_1_24' title='bbox 1356 564 1505 617; x_wconf 75' lang='grc' dir='ltr'><strong>ἐστιν</strong></span> <span class='ocrx_word' id='word_1_25' title='bbox 1530 563 1559 616; x_wconf 86' lang='grc' dir='ltr'><strong>ὃ</strong></span> <span class='ocrx_word' id='word_1_26' title='bbox 1586 563 1751 631; x_wconf 84' lang='grc' dir='ltr'><strong>λέγει·</strong></span> <span class='ocrx_word' id='word_1_27' title='bbox 1782 561 1991 619; x_wconf 81' lang='grc' dir='ltr'><strong>οτδατε</strong></span> 
     </span>
    </p>
   </div>
   <div class='ocr_carea' id='block_1_5' title="bbox 409 645 1990 724">
    <p class='ocr_par' dir='ltr' id='par_1_5' title="bbox 409 645 1990 724">
     <span class='ocr_line' id='line_1_5' title="bbox 409 645 1990 724; baseline -0.007 -14"><span class='ocrx_word' id='word_1_28' title='bbox 409 652 524 711; x_wconf 80' lang='grc' dir='ltr'><strong>οἶοι</strong></span> <span class='ocrx_word' id='word_1_29' title='bbox 552 653 920 724; x_wconf 74' lang='grc' dir='ltr'><strong>ἐγενήθημεν</strong></span> <span class='ocrx_word' id='word_1_30' title='bbox 953 649 1027 704; x_wconf 79' lang='grc' dir='ltr'><strong>ἐν</strong></span> <span class='ocrx_word' id='word_1_31' title='bbox 1047 650 1227 720; x_wconf 77' lang='grc' dir='ltr'><strong>ὑμῖν;</strong></span> <span class='ocrx_word' id='word_1_32' title='bbox 1269 648 1539 704; x_wconf 79' lang='grc' dir='ltr'><strong>Ἐνταῦθα</strong></span> <span class='ocrx_word' id='word_1_33' title='bbox 1566 649 1664 703; x_wconf 74' lang='grc' dir='ltr'><strong>καὶ</strong></span> <span class='ocrx_word' id='word_1_34' title='bbox 1690 647 1799 701; x_wconf 86' lang='grc' dir='ltr'><strong>τῶν</strong></span> <span class='ocrx_word' id='word_1_35' title='bbox 1825 645 1990 701; x_wconf 83' lang='grc' dir='ltr'><strong>αὐτοῦ</strong></span> 
     </span>
    </p>
   </div>
   <div class='ocr_carea' id='block_1_6' title="bbox 410 732 1994 812">
    <p class='ocr_par' dir='ltr' id='par_1_6' title="bbox 410 732 1994 812">
     <span class='ocr_line' id='line_1_6' title="bbox 410 732 1994 812; baseline -0.006 -15"><span class='ocrx_word' id='word_1_36' title='bbox 410 741 848 812; x_wconf 80' lang='grc' dir='ltr'><strong>κατορθωμάτων</strong></span> <span class='ocrx_word' id='word_1_37' title='bbox 884 738 1138 803; x_wconf 72' lang='grc' dir='ltr'><strong>ἅπτεται,</strong></span> <span class='ocrx_word' id='word_1_38' title='bbox 1163 737 1278 791; x_wconf 82' lang='grc' dir='ltr'><strong>ἀλλ’</strong></span> <span class='ocrx_word' id='word_1_39' title='bbox 1315 736 1802 807; x_wconf 75' lang='grc' dir='ltr'><strong>έπεσκιασμένως·</strong></span> <span class='ocrx_word' id='word_1_40' title='bbox 1868 732 1994 804; x_wconf 73' lang='grc' dir='ltr'><strong>βούο</strong></span> 
     </span>
    </p>
   </div>
   <div class='ocr_carea' id='block_1_7' title="bbox 409 821 1992 897">
    <p class='ocr_par' dir='ltr' id='par_1_7' title="bbox 409 821 1992 897">
     <span class='ocr_line' id='line_1_7' title="bbox 409 821 1992 897; baseline -0.005 -16"><span class='ocrx_word' id='word_1_41' title='bbox 409 829 559 883; x_wconf 89' lang='grc' dir='ltr'><strong>λεται</strong></span> <span class='ocrx_word' id='word_1_42' title='bbox 585 828 692 897; x_wconf 98' lang='lat'><strong>7&amp;9</strong></span> <span class='ocrx_word' id='word_1_43' title='bbox 723 825 987 897; x_wconf 81' lang='grc' dir='ltr'><strong>πρότερον</strong></span> <span class='ocrx_word' id='word_1_44' title='bbox 1007 827 1121 889; x_wconf 89' lang='grc' dir='ltr'><strong>τοῖς</strong></span> <span class='ocrx_word' id='word_1_45' title='bbox 1153 823 1379 879; x_wconf 72' lang='grc' dir='ltr'><strong>ἐκείνων</strong></span> <span class='ocrx_word' id='word_1_46' title='bbox 1408 823 1709 893; x_wconf 71' lang='grc' dir='ltr'><strong>ἐγκωμίοις</strong></span> <span class='ocrx_word' id='word_1_47' title='bbox 1768 821 1992 888; x_wconf 71' lang='grc' dir='ltr'><strong>ἐπεξελ-</strong></span> 
     </span>
    </p>
   </div>
   <div class='ocr_carea' id='block_1_8' title="bbox 407 907 1991 982">
    <p class='ocr_par' dir='ltr' id='par_1_8' title="bbox 407 907 1991 982">
     <span class='ocr_line' id='line_1_8' title="bbox 407 907 1991 982; baseline -0.004 -13"><span class='ocrx_word' id='word_1_48' title='bbox 407 916 538 970; x_wconf 85' lang='grc' dir='ltr'><strong>θεῖν.</strong></span> <span class='ocrx_word' id='word_1_49' title='bbox 575 915 640 968; x_wconf 78' lang='grc'><strong>’0</strong></span> <span class='ocrx_word' id='word_1_50' title='bbox 666 914 721 967; x_wconf 84' lang='grc' dir='ltr'><strong>δὲ</strong></span> <span class='ocrx_word' id='word_1_51' title='bbox 749 913 921 981; x_wconf 80' lang='grc' dir='ltr'><strong>λέγει,</strong></span> <span class='ocrx_word' id='word_1_52' title='bbox 965 911 1210 966; x_wconf 85' lang='grc' dir='ltr'><strong>τοιοῦτόν</strong></span> <span class='ocrx_word' id='word_1_53' title='bbox 1264 912 1433 966; x_wconf 67' lang='grc' dir='ltr'><strong>ἐστιν*</strong></span> <span class='ocrx_word' id='word_1_54' title='bbox 1469 910 1727 982; x_wconf 81' lang='grc' dir='ltr'><strong>ᾞδειμεν</strong></span> <span class='ocrx_word' id='word_1_55' title='bbox 1759 909 1843 962; x_wconf 84' lang='grc' dir='ltr'><strong>ὄτι</strong></span> <span class='ocrx_word' id='word_1_56' title='bbox 1881 907 1991 962; x_wconf 86' lang='grc' dir='ltr'><strong>τῶν</strong></span> 
     </span>
    </p>
   </div>
   <div class='ocr_carea' id='block_1_9' title="bbox 405 995 1990 1071">
    <p class='ocr_par' dir='ltr' id='par_1_9' title="bbox 405 995 1990 1071">
     <span class='ocr_line' id='line_1_9' title="bbox 405 995 1990 1071; baseline -0.005 -15"><span class='ocrx_word' id='word_1_57' title='bbox 405 1001 665 1069; x_wconf 80' lang='grc' dir='ltr'><strong>γενναίων</strong></span> <span class='ocrx_word' id='word_1_58' title='bbox 693 996 792 1071; x_wconf 80' lang='grc' dir='ltr'><strong>ἦτε</strong></span> <span class='ocrx_word' id='word_1_59' title='bbox 819 1000 915 1053; x_wconf 73' lang='grc' dir='ltr'><strong>καὶ</strong></span> <span class='ocrx_word' id='word_1_60' title='bbox 958 998 1213 1069; x_wconf 78' lang='grc' dir='ltr'><strong>μεγάλων</strong></span> <span class='ocrx_word' id='word_1_61' title='bbox 1255 997 1487 1068; x_wconf 83' lang='grc' dir='ltr'><strong>ἀνδρῶν,</strong></span> <span class='ocrx_word' id='word_1_62' title='bbox 1546 999 1628 1052; x_wconf 84' lang='grc' dir='ltr'><strong>ότι</strong></span> <span class='ocrx_word' id='word_1_63' title='bbox 1678 996 1786 1051; x_wconf 87' lang='grc' dir='ltr'><strong>τῶν</strong></span> <span class='ocrx_word' id='word_1_64' title='bbox 1836 995 1990 1049; x_wconf 83' lang='grc' dir='ltr'><strong>ὲκλε-</strong></span> 
     </span>
    </p>
   </div>
   <div class='ocr_carea' id='block_1_10' title="bbox 404 1083 1993 1158">
    <p class='ocr_par' dir='ltr' id='par_1_10' title="bbox 404 1083 1993 1158">
     <span class='ocr_line' id='line_1_10' title="bbox 404 1083 1993 1158; baseline -0.003 -16"><span class='ocrx_word' id='word_1_65' title='bbox 404 1089 585 1144; x_wconf 82' lang='grc' dir='ltr'><strong>κτῶν·</strong></span> <span class='ocrx_word' id='word_1_66' title='bbox 621 1086 712 1140; x_wconf 76' lang='grc' dir='ltr'><strong>διά</strong></span> <span class='ocrx_word' id='word_1_67' title='bbox 754 1085 905 1158; x_wconf 69' lang='grc'><strong>[428]</strong></span> <span class='ocrx_word' id='word_1_68' title='bbox 943 1084 1104 1139; x_wconf 83' lang='grc' dir='ltr'><strong>τοῦτο</strong></span> <span class='ocrx_word' id='word_1_69' title='bbox 1146 1085 1245 1138; x_wconf 80' lang='grc' dir='ltr'><strong>καὶ</strong></span> <span class='ocrx_word' id='word_1_70' title='bbox 1298 1085 1460 1154; x_wconf 77' lang='grc' dir='ltr'><strong>ἡμεῖς</strong></span> <span class='ocrx_word' id='word_1_71' title='bbox 1503 1085 1681 1139; x_wconf 79' lang='grc' dir='ltr'><strong>πάντα</strong></span> <span class='ocrx_word' id='word_1_72' title='bbox 1725 1083 1993 1153; x_wconf 77' lang='grc' dir='ltr'><strong>ὐπομένο·</strong></span> 
     </span>
    </p>
   </div>
   <div class='ocr_carea' id='block_1_11' title="bbox 406 1165 1985 1245">
    <p class='ocr_par' dir='ltr' id='par_1_11' title="bbox 406 1165 1985 1245">
     <span class='ocr_line' id='line_1_11' title="bbox 406 1165 1985 1245; baseline -0.004 -17"><span class='ocrx_word' id='word_1_73' title='bbox 406 1192 506 1245; x_wconf 89' lang='grc' dir='ltr'><strong>μεν</strong></span> <span class='ocrx_word' id='word_1_74' title='bbox 534 1174 602 1228; x_wconf 85' lang='grc' dir='ltr'><strong>δι’</strong></span> <span class='ocrx_word' id='word_1_75' title='bbox 634 1174 800 1243; x_wconf 76' lang='grc' dir='ltr'><strong>ὑμᾶς.</strong></span> <span class='ocrx_word' id='word_1_76' title='bbox 832 1172 906 1227; x_wconf 82' lang='grc' dir='ltr'><strong>Τὸ</strong></span> <span class='ocrx_word' id='word_1_77' title='bbox 949 1171 1080 1243; x_wconf 84' lang='lat'><strong>7&amp;9,</strong></span> <span class='ocrx_word' id='word_1_78' title='bbox 1135 1165 1259 1226; x_wconf 83' lang='grc' dir='ltr'><strong>οἶοι</strong></span> <span class='ocrx_word' id='word_1_79' title='bbox 1291 1169 1662 1241; x_wconf 70' lang='grc' dir='ltr'><strong>ἐγενήθημεν</strong></span> <span class='ocrx_word' id='word_1_80' title='bbox 1715 1169 1787 1223; x_wconf 79' lang='grc' dir='ltr'><strong>ἐν</strong></span> <span class='ocrx_word' id='word_1_81' title='bbox 1818 1169 1985 1239; x_wconf 83' lang='grc' dir='ltr'><strong>ὑμῖν,</strong></span> 
     </span>
    </p>
   </div>
   <div class='ocr_carea' id='block_1_12' title="bbox 403 1255 1988 1332">
    <p class='ocr_par' dir='ltr' id='par_1_12' title="bbox 403 1255 1988 1332">
     <span class='ocr_line' id='line_1_12' title="bbox 403 1255 1988 1332; baseline -0.004 -18"><span class='ocrx_word' id='word_1_82' title='bbox 403 1262 564 1316; x_wconf 82' lang='grc' dir='ltr'><strong>τοῦτό</strong></span> <span class='ocrx_word' id='word_1_83' title='bbox 592 1263 710 1315; x_wconf 67' lang='grc' dir='ltr'><strong>ἐστι</strong></span> <span class='ocrx_word' id='word_1_84' title='bbox 738 1259 1044 1332; x_wconf 79' lang='grc' dir='ltr'><strong>δηλοῦντος,</strong></span> <span class='ocrx_word' id='word_1_85' title='bbox 1084 1260 1167 1314; x_wconf 84' lang='grc' dir='ltr'><strong>ὅτι</strong></span> <span class='ocrx_word' id='word_1_86' title='bbox 1228 1258 1366 1330; x_wconf 86' lang='grc' dir='ltr'><strong>μετά</strong></span> <span class='ocrx_word' id='word_1_87' title='bbox 1419 1257 1622 1327; x_wconf 84' lang='grc' dir='ltr'><strong>πολλῆς</strong></span> <span class='ocrx_word' id='word_1_88' title='bbox 1680 1255 1988 1327; x_wconf 80' lang='grc' dir='ltr'><strong>προθυμίας</strong></span> 
     </span>
    </p>
   </div>
   <div class='ocr_carea' id='block_1_13' title="bbox 406 1341 1989 1419">
    <p class='ocr_par' dir='ltr' id='par_1_13' title="bbox 406 1341 1989 1419">
     <span class='ocr_line' id='line_1_13' title="bbox 406 1341 1989 1419; baseline -0.005 -16"><span class='ocrx_word' id='word_1_89' title='bbox 406 1351 504 1403; x_wconf 72' lang='grc' dir='ltr'><strong>καὶ</strong></span> <span class='ocrx_word' id='word_1_90' title='bbox 539 1348 741 1419; x_wconf 81' lang='grc' dir='ltr'><strong>πολλῆς</strong></span> <span class='ocrx_word' id='word_1_91' title='bbox 777 1347 1134 1418; x_wconf 80' lang='grc' dir='ltr'><strong>σφοδρότητος</strong></span> <span class='ocrx_word' id='word_1_92' title='bbox 1166 1344 1374 1414; x_wconf 77' lang='grc' dir='ltr'><strong>ἕτοιμοί</strong></span> <span class='ocrx_word' id='word_1_93' title='bbox 1426 1345 1596 1415; x_wconf 72' lang='grc' dir='ltr'><strong>ἐσμεν</strong></span> <span class='ocrx_word' id='word_1_94' title='bbox 1647 1344 1746 1408; x_wconf 73' lang='grc' dir='ltr'><strong>τὰς</strong></span> <span class='ocrx_word' id='word_1_95' title='bbox 1811 1341 1989 1412; x_wconf 78' lang='grc' dir='ltr'><strong>ψυχὰς</strong></span> 
     </span>
    </p>
   </div>
   <div class='ocr_carea' id='block_1_14' title="bbox 407 1430 1990 1505">
    <p class='ocr_par' dir='ltr' id='par_1_14' title="bbox 407 1430 1990 1505">
     <span class='ocr_line' id='line_1_14' title="bbox 407 1430 1990 1505; baseline -0.004 -16"><span class='ocrx_word' id='word_1_96' title='bbox 407 1434 567 1505; x_wconf 79' lang='grc' dir='ltr'><strong>ἡμῶν</strong></span> <span class='ocrx_word' id='word_1_97' title='bbox 613 1435 861 1490; x_wconf 73' lang='grc' dir='ltr'><strong>ἐκδοῦναι</strong></span> <span class='ocrx_word' id='word_1_98' title='bbox 899 1434 967 1488; x_wconf 84' lang='grc' dir='ltr'><strong>δι’</strong></span> <span class='ocrx_word' id='word_1_99' title='bbox 997 1434 1143 1504; x_wconf 77' lang='grc' dir='ltr'><strong>ὑμᾶς</strong></span> <span class='ocrx_word' id='word_1_100' title='bbox 1173 1450 1187 1464; x_wconf 71' lang='grc'><strong><em>⁸</em></strong></span> <span class='ocrx_word' id='word_1_101' title='bbox 1234 1431 1329 1486; x_wconf 81' lang='grc' dir='ltr'><strong>καὶ</strong></span> <span class='ocrx_word' id='word_1_102' title='bbox 1374 1430 1568 1485; x_wconf 82' lang='grc' dir='ltr'><strong>τούτου</strong></span> <span class='ocrx_word' id='word_1_103' title='bbox 1643 1430 1700 1484; x_wconf 78' lang='grc' dir='ltr'><strong>δὲ</strong></span> <span class='ocrx_word' id='word_1_104' title='bbox 1736 1431 1836 1500; x_wconf 87' lang='grc' dir='ltr'><strong>οὐχ</strong></span> <span class='ocrx_word' id='word_1_105' title='bbox 1860 1430 1990 1501; x_wconf 76' lang='grc' dir='ltr'><strong>ἡμῖν</strong></span> 
     </span>
    </p>
   </div>
   <div class='ocr_carea' id='block_1_15' title="bbox 408 1514 1989 1594">
    <p class='ocr_par' dir='ltr' id='par_1_15' title="bbox 408 1514 1989 1594">
     <span class='ocr_line' id='line_1_15' title="bbox 408 1514 1989 1594; baseline -0.004 -19"><span class='ocrx_word' id='word_1_106' title='bbox 408 1523 587 1594; x_wconf 75' lang='grc' dir='ltr'><strong>χάρις,</strong></span> <span class='ocrx_word' id='word_1_107' title='bbox 633 1521 748 1575; x_wconf 89' lang='grc' dir='ltr'><strong>ἀλλ’</strong></span> <span class='ocrx_word' id='word_1_108' title='bbox 781 1522 929 1592; x_wconf 81' lang='grc' dir='ltr'><strong>ὐμῖν,</strong></span> <span class='ocrx_word' id='word_1_109' title='bbox 963 1521 1048 1575; x_wconf 86' lang='grc' dir='ltr'><strong>ὃτι</strong></span> <span class='ocrx_word' id='word_1_110' title='bbox 1076 1519 1322 1574; x_wconf 67' lang='grc' dir='ltr'><strong>ἐκλεκτοὶ</strong></span> <span class='ocrx_word' id='word_1_111' title='bbox 1359 1514 1478 1590; x_wconf 83' lang='grc' dir='ltr'><strong>ἦτε.</strong></span> <span class='ocrx_word' id='word_1_112' title='bbox 1518 1517 1617 1571; x_wconf 90' lang='grc' dir='ltr'><strong>Διά</strong></span> <span class='ocrx_word' id='word_1_113' title='bbox 1678 1516 1838 1571; x_wconf 87' lang='grc' dir='ltr'><strong>τοῦτο</strong></span> <span class='ocrx_word' id='word_1_114' title='bbox 1896 1514 1989 1570; x_wconf 78' lang='grc' dir='ltr'><strong>καὶ</strong></span> 
     </span>
    </p>
   </div>
   <div class='ocr_carea' id='block_1_16' title="bbox 406 1602 1990 1678">
    <p class='ocr_par' dir='ltr' id='par_1_16' title="bbox 406 1602 1990 1678">
     <span class='ocr_line' id='line_1_16' title="bbox 406 1602 1990 1678; baseline -0.003 -17"><span class='ocrx_word' id='word_1_115' title='bbox 406 1607 639 1678; x_wconf 82' lang='grc' dir='ltr'><strong>ἀλλαχοῦ</strong></span> <span class='ocrx_word' id='word_1_116' title='bbox 671 1624 803 1678; x_wconf 84' lang='grc' dir='ltr'><strong>φησι</strong></span> <span class='ocrx_word' id='word_1_117' title='bbox 827 1625 841 1638; x_wconf 86' lang='grc'><strong>·</strong></span> <span class='ocrx_word' id='word_1_118' title='bbox 871 1607 985 1662; x_wconf 80' lang='grc' dir='ltr'><strong>Καὶ</strong></span> <span class='ocrx_word' id='word_1_119' title='bbox 1021 1606 1210 1662; x_wconf 83' lang='grc' dir='ltr'><strong>ταῦτα</strong></span> <span class='ocrx_word' id='word_1_120' title='bbox 1240 1604 1456 1674; x_wconf 73' lang='grc' dir='ltr'><strong>πάσχω</strong></span> <span class='ocrx_word' id='word_1_121' title='bbox 1487 1603 1586 1659; x_wconf 82' lang='grc' dir='ltr'><strong>διὰ</strong></span> <span class='ocrx_word' id='word_1_122' title='bbox 1629 1602 1771 1669; x_wconf 80' lang='grc' dir='ltr'><strong>τοὺς</strong></span> <span class='ocrx_word' id='word_1_123' title='bbox 1817 1602 1990 1657; x_wconf 78' lang='grc' dir='ltr'><strong>ἐκλε-</strong></span> 
     </span>
    </p>
   </div>
   <div class='ocr_carea' id='block_1_17' title="bbox 408 1691 1992 1769">
    <p class='ocr_par' dir='ltr' id='par_1_17' title="bbox 408 1691 1992 1769">
     <span class='ocr_line' id='line_1_17' title="bbox 408 1691 1992 1769; baseline -0.003 -20"><span class='ocrx_word' id='word_1_124' title='bbox 408 1698 607 1763; x_wconf 81' lang='grc' dir='ltr'><strong>κτούς.</strong></span> <span class='ocrx_word' id='word_1_125' title='bbox 646 1696 817 1769; x_wconf 83' lang='grc' dir='ltr'><strong>’Υπὲρ</strong></span> <span class='ocrx_word' id='word_1_126' title='bbox 844 1696 953 1767; x_wconf 84' lang='lat'><strong>7&amp;9</strong></span> <span class='ocrx_word' id='word_1_127' title='bbox 979 1695 1088 1749; x_wconf 85' lang='grc' dir='ltr'><strong>τῶν</strong></span> <span class='ocrx_word' id='word_1_128' title='bbox 1108 1693 1203 1748; x_wconf 88' lang='grc' dir='ltr'><strong>τοῦ</strong></span> <span class='ocrx_word' id='word_1_129' title='bbox 1234 1693 1371 1747; x_wconf 85' lang='grc' dir='ltr'><strong>Θεοῦ</strong></span> <span class='ocrx_word' id='word_1_130' title='bbox 1397 1692 1696 1764; x_wconf 77' lang='grc' dir='ltr'><strong>ἀγαπητῶν</strong></span> <span class='ocrx_word' id='word_1_131' title='bbox 1724 1691 1778 1746; x_wconf 89' lang='grc' dir='ltr'><strong>τί</strong></span> <span class='ocrx_word' id='word_1_132' title='bbox 1798 1692 1898 1745; x_wconf 90' lang='grc' dir='ltr'><strong>οὐκ</strong></span> <span class='ocrx_word' id='word_1_133' title='bbox 1927 1691 1992 1745; x_wconf 78' lang='grc' dir='ltr'><strong>ἄν</strong></span> 
     </span>
    </p>
   </div>
   <div class='ocr_carea' id='block_1_18' title="bbox 406 1778 1992 1853">
    <p class='ocr_par' dir='ltr' id='par_1_18' title="bbox 406 1778 1992 1853">
     <span class='ocr_line' id='line_1_18' title="bbox 406 1778 1992 1853; baseline -0.003 -18"><span class='ocrx_word' id='word_1_134' title='bbox 406 1800 489 1846; x_wconf 85' lang='grc' dir='ltr'><strong>τις</strong></span> <span class='ocrx_word' id='word_1_135' title='bbox 519 1783 682 1837; x_wconf 86' lang='grc' dir='ltr'><strong>πάθοι</strong></span> <span class='ocrx_word' id='word_1_136' title='bbox 707 1799 722 1848; x_wconf 87' lang='grc'><strong>;</strong></span> <span class='ocrx_word' id='word_1_137' title='bbox 753 1784 863 1837; x_wconf 80' lang='grc' dir='ltr'><strong>Καὶ</strong></span> <span class='ocrx_word' id='word_1_138' title='bbox 887 1784 1057 1837; x_wconf 87' lang='grc' dir='ltr'><strong>είπὼν</strong></span> <span class='ocrx_word' id='word_1_139' title='bbox 1097 1782 1157 1838; x_wconf 80' lang='grc' dir='ltr'><strong>τὸ</strong></span> <span class='ocrx_word' id='word_1_140' title='bbox 1186 1781 1373 1846; x_wconf 88' lang='grc' dir='ltr'><strong>αὐτοῦ,</strong></span> <span class='ocrx_word' id='word_1_141' title='bbox 1408 1781 1688 1853; x_wconf 89' lang='grc' dir='ltr'><strong>μονονουχί</strong></span> <span class='ocrx_word' id='word_1_142' title='bbox 1717 1796 1896 1850; x_wconf 83' lang='grc' dir='ltr'><strong>φησιν·</strong></span> <span class='ocrx_word' id='word_1_143' title='bbox 1931 1778 1992 1831; x_wconf 85' lang='grc' dir='ltr'><strong>Εί</strong></span> 
     </span>
    </p>
   </div>
   <div class='ocr_carea' id='block_1_19' title="bbox 407 1865 1992 1942">
    <p class='ocr_par' dir='ltr' id='par_1_19' title="bbox 407 1865 1992 1942">
     <span class='ocr_line' id='line_1_19' title="bbox 407 1865 1992 1942; baseline -0.003 -19"><span class='ocrx_word' id='word_1_144' title='bbox 407 1871 516 1941; x_wconf 72' lang='grc' dir='ltr'><strong>γὰρ</strong></span> <span class='ocrx_word' id='word_1_145' title='bbox 549 1871 644 1924; x_wconf 75' lang='grc' dir='ltr'><strong>καὶ</strong></span> <span class='ocrx_word' id='word_1_146' title='bbox 678 1870 953 1942; x_wconf 81' lang='grc' dir='ltr'><strong>ἀγαπητοὶ</strong></span> <span class='ocrx_word' id='word_1_147' title='bbox 977 1870 1072 1925; x_wconf 60' lang='grc' dir='ltr'><strong>καὶ⁸</strong></span> <span class='ocrx_word' id='word_1_148' title='bbox 1100 1868 1363 1935; x_wconf 73' lang='grc' dir='ltr'><strong>ἐκλεκτοὶ,</strong></span> <span class='ocrx_word' id='word_1_149' title='bbox 1394 1868 1574 1922; x_wconf 83' lang='grc' dir='ltr'><strong>πάντα</strong></span> <span class='ocrx_word' id='word_1_150' title='bbox 1603 1866 1828 1929; x_wconf 79' lang='grc' dir='ltr'><strong>εἰκότως</strong></span> <span class='ocrx_word' id='word_1_151' title='bbox 1859 1865 1992 1918; x_wconf 79' lang='grc' dir='ltr'><strong>ὐπο-</strong></span> 
     </span>
    </p>
   </div>
   <div class='ocr_carea' id='block_1_20' title="bbox 411 1952 1991 2030">
    <p class='ocr_par' dir='ltr' id='par_1_20' title="bbox 411 1952 1991 2030">
     <span class='ocr_line' id='line_1_20' title="bbox 411 1952 1991 2030; baseline -0.005 -17"><span class='ocrx_word' id='word_1_152' title='bbox 411 1959 668 2030; x_wconf 80' lang='grc' dir='ltr'><strong>μὲνομεν.</strong></span> <span class='ocrx_word' id='word_1_153' title='bbox 724 1958 799 2012; x_wconf 88' lang='grc' dir='ltr'><strong>υύ</strong></span> <span class='ocrx_word' id='word_1_154' title='bbox 847 1958 955 2029; x_wconf 88' lang='lat'><strong>7&amp;9</strong></span> <span class='ocrx_word' id='word_1_155' title='bbox 987 1957 1053 2028; x_wconf 83' lang='grc' dir='ltr'><strong>δὴ</strong></span> <span class='ocrx_word' id='word_1_156' title='bbox 1100 1956 1162 2010; x_wconf 84' lang='grc' dir='ltr'><strong>τὸ</strong></span> <span class='ocrx_word' id='word_1_157' title='bbox 1194 1958 1457 2027; x_wconf 19' lang='grc' dir='ltr'><strong>,ἐπαινεῖν</strong></span> <span class='ocrx_word' id='word_1_158' title='bbox 1525 1955 1727 2018; x_wconf 75' lang='grc' dir='ltr'><strong>αὐτοὺς</strong></span> <span class='ocrx_word' id='word_1_159' title='bbox 1785 1952 1991 2024; x_wconf 78' lang='grc' dir='ltr'><strong>ὲρῤών-</strong></span> 
     </span>
    </p>
   </div>
   <div class='ocr_carea' id='block_1_21' title="bbox 409 2042 1995 2117">
    <p class='ocr_par' dir='ltr' id='par_1_21' title="bbox 409 2042 1995 2117">
     <span class='ocr_line' id='line_1_21' title="bbox 409 2042 1995 2117; baseline -0.004 -17"><span class='ocrx_word' id='word_1_160' title='bbox 409 2064 501 2101; x_wconf 84' lang='grc' dir='ltr'><strong>νυε</strong></span> <span class='ocrx_word' id='word_1_161' title='bbox 544 2046 725 2117; x_wconf 89' lang='grc' dir='ltr'><strong>μόνον,</strong></span> <span class='ocrx_word' id='word_1_162' title='bbox 756 2046 894 2100; x_wconf 82' lang='grc' dir='ltr'><strong>ἀλλὰ</strong></span> <span class='ocrx_word' id='word_1_163' title='bbox 918 2046 1015 2101; x_wconf 79' lang='grc' dir='ltr'><strong>καὶ</strong></span> <span class='ocrx_word' id='word_1_164' title='bbox 1043 2045 1106 2098; x_wconf 77' lang='grc' dir='ltr'><strong>τὸ</strong></span> <span class='ocrx_word' id='word_1_165' title='bbox 1148 2045 1615 2116; x_wconf 82' lang='grc' dir='ltr'><strong>ὑπομιμνήσκειν,</strong></span> <span class='ocrx_word' id='word_1_166' title='bbox 1647 2043 1729 2097; x_wconf 82' lang='grc' dir='ltr'><strong>ὅτι</strong></span> <span class='ocrx_word' id='word_1_167' title='bbox 1758 2042 1852 2096; x_wconf 78' lang='grc' dir='ltr'><strong>καὶ</strong></span> <span class='ocrx_word' id='word_1_168' title='bbox 1897 2042 1995 2095; x_wconf 89' lang='grc' dir='ltr'><strong>αὐ-</strong></span> 
     </span>
    </p>
   </div>
   <div class='ocr_carea' id='block_1_22' title="bbox 407 2129 1997 2204">
    <p class='ocr_par' dir='ltr' id='par_1_22' title="bbox 407 2129 1997 2204">
     <span class='ocr_line' id='line_1_22' title="bbox 407 2129 1997 2204; baseline -0.003 -18"><span class='ocrx_word' id='word_1_169' title='bbox 407 2135 494 2187; x_wconf 67' lang='lat' dir='ltr'><strong>rol</strong></span> <span class='ocrx_word' id='word_1_170' title='bbox 525 2134 625 2201; x_wconf 79' lang='grc' dir='ltr'><strong>τῆς</strong></span> <span class='ocrx_word' id='word_1_171' title='bbox 664 2133 889 2187; x_wconf 65' lang='grc' dir='ltr'><strong>ἐκείνων</strong></span> <span class='ocrx_word' id='word_1_172' title='bbox 915 2132 1225 2204; x_wconf 76' lang='grc' dir='ltr'><strong>προθυμίας</strong></span> <span class='ocrx_word' id='word_1_173' title='bbox 1274 2131 1598 2202; x_wconf 73' lang='grc' dir='ltr'><strong>ἀντίρροπον</strong></span> <span class='ocrx_word' id='word_1_174' title='bbox 1626 2129 1873 2200; x_wconf 79' lang='grc' dir='ltr'><strong>ἀνδρείαν</strong></span> <span class='ocrx_word' id='word_1_175' title='bbox 1899 2131 1997 2181; x_wconf 84' lang='grc' dir='ltr'><strong>ὲπ-</strong></span> 
     </span>
    </p>
   </div>
   <div class='ocr_carea' id='block_1_23' title="bbox 411 2214 1997 2287">
    <p class='ocr_par' dir='ltr' id='par_1_23' title="bbox 411 2214 1997 2287">
     <span class='ocr_line' id='line_1_23' title="bbox 411 2214 1997 2287; baseline -0.003 -15"><span class='ocrx_word' id='word_1_176' title='bbox 411 2219 698 2284; x_wconf 79' lang='grc' dir='ltr'><strong>εδείξαντο.</strong></span> <span class='ocrx_word' id='word_1_177' title='bbox 736 2217 876 2287; x_wconf 68' lang='grc' dir='ltr'><strong>Φησὶ</strong></span> <span class='ocrx_word' id='word_1_178' title='bbox 914 2217 1046 2287; x_wconf 88' lang='grc' dir='ltr'><strong>γοῦν</strong></span> <span class='ocrx_word' id='word_1_179' title='bbox 1071 2234 1087 2249; x_wconf 88' lang='grc'><strong>·</strong></span> <span class='ocrx_word' id='word_1_180' title='bbox 1150 2218 1260 2274; x_wconf 77' lang='grc' dir='ltr'><strong>Καὶ</strong></span> <span class='ocrx_word' id='word_1_181' title='bbox 1324 2217 1494 2287; x_wconf 82' lang='grc' dir='ltr'><strong>ὑμεῖς</strong></span> <span class='ocrx_word' id='word_1_182' title='bbox 1528 2216 1773 2287; x_wconf 80' lang='grc' dir='ltr'><strong>μιμηταί</strong></span> <span class='ocrx_word' id='word_1_183' title='bbox 1828 2214 1997 2286; x_wconf 76' lang='grc' dir='ltr'><strong>ἡμῶν</strong></span> 
     </span>
    </p>
   </div>
   <div class='ocr_carea' id='block_1_24' title="bbox 411 2303 1996 2376">
    <p class='ocr_par' dir='ltr' id='par_1_24' title="bbox 411 2303 1996 2376">
     <span class='ocr_line' id='line_1_24' title="bbox 411 2303 1996 2376; baseline -0.003 -16"><span class='ocrx_word' id='word_1_184' title='bbox 411 2306 733 2376; x_wconf 75' lang='grc' dir='ltr'><strong>ἐγενήθητε</strong></span> <span class='ocrx_word' id='word_1_185' title='bbox 761 2306 861 2360; x_wconf 80' lang='grc' dir='ltr'><strong>καί</strong></span> <span class='ocrx_word' id='word_1_186' title='bbox 889 2306 997 2359; x_wconf 88' lang='grc' dir='ltr'><strong>τοῦ</strong></span> <span class='ocrx_word' id='word_1_187' title='bbox 1036 2306 1280 2374; x_wconf 80' lang='grc' dir='ltr'><strong>Κυρίου,</strong></span> <span class='ocrx_word' id='word_1_188' title='bbox 1311 2303 1627 2374; x_wconf 81' lang='grc' dir='ltr'><strong>δεξάμενοι</strong></span> <span class='ocrx_word' id='word_1_189' title='bbox 1656 2305 1765 2358; x_wconf 84' lang='grc' dir='ltr'><strong>τὸν</strong></span> <span class='ocrx_word' id='word_1_190' title='bbox 1808 2306 1996 2372; x_wconf 71' lang='grc' dir='ltr'><strong>λόγον</strong></span> 
     </span>
    </p>
   </div>
   <div class='ocr_carea' id='block_1_25' title="bbox 410 2386 1992 2459">
    <p class='ocr_par' dir='ltr' id='par_1_25' title="bbox 410 2386 1992 2459">
     <span class='ocr_line' id='line_1_25' title="bbox 410 2386 1992 2459; baseline 0.001 -17"><span class='ocrx_word' id='word_1_191' title='bbox 410 2391 482 2443; x_wconf 81' lang='grc' dir='ltr'><strong>ἐν</strong></span> <span class='ocrx_word' id='word_1_192' title='bbox 526 2390 731 2458; x_wconf 71' lang='grc' dir='ltr'><strong>θλίψει</strong></span> <span class='ocrx_word' id='word_1_193' title='bbox 770 2386 997 2456; x_wconf 73' lang='grc' dir='ltr'><strong>πολλῇ,</strong></span> <span class='ocrx_word' id='word_1_194' title='bbox 1028 2387 1182 2458; x_wconf 80' lang='grc' dir='ltr'><strong>μετὰ</strong></span> <span class='ocrx_word' id='word_1_195' title='bbox 1216 2386 1405 2457; x_wconf 81' lang='grc' dir='ltr'><strong>χαρᾶς</strong></span> <span class='ocrx_word' id='word_1_196' title='bbox 1431 2389 1778 2459; x_wconf 75' lang='grc' dir='ltr'><strong>Πνεύματινς</strong></span> <span class='ocrx_word' id='word_1_197' title='bbox 1797 2388 1992 2458; x_wconf 73' lang='grc' dir='ltr'><strong>ἁγίου.</strong></span> 
     </span>
    </p>
   </div>
   <div class='ocr_carea' id='block_1_26' title="bbox 411 2478 1995 2550">
    <p class='ocr_par' dir='ltr' id='par_1_26' title="bbox 411 2478 1995 2550">
     <span class='ocr_line' id='line_1_26' title="bbox 411 2478 1995 2550; baseline -0.003 -16"><span class='ocrx_word' id='word_1_198' title='bbox 411 2480 617 2534; x_wconf 76' lang='grc' dir='ltr'><strong>Βαὸαίί</strong></span> <span class='ocrx_word' id='word_1_199' title='bbox 655 2481 820 2533; x_wconf 90' lang='grc' dir='ltr'><strong>πόσον</strong></span> <span class='ocrx_word' id='word_1_200' title='bbox 863 2479 924 2533; x_wconf 84' lang='grc' dir='ltr'><strong>τὸ</strong></span> <span class='ocrx_word' id='word_1_201' title='bbox 979 2478 1292 2550; x_wconf 79' lang='grc' dir='ltr'><strong>ὲγκώμιονί</strong></span> <span class='ocrx_word' id='word_1_202' title='bbox 1348 2480 1396 2532; x_wconf 88' lang='grc' dir='ltr'><strong>οί</strong></span> <span class='ocrx_word' id='word_1_203' title='bbox 1447 2479 1686 2549; x_wconf 80' lang='grc' dir='ltr'><strong>μαθηταὶ</strong></span> <span class='ocrx_word' id='word_1_204' title='bbox 1737 2478 1995 2549; x_wconf 69' lang='grc' dir='ltr'><strong>ἐξαίφνης</strong></span> 
     </span>
    </p>
   </div>
   <div class='ocr_carea' id='block_1_27' title="bbox 407 2564 1992 2636">
    <p class='ocr_par' dir='ltr' id='par_1_27' title="bbox 407 2564 1992 2636">
     <span class='ocr_line' id='line_1_27' title="bbox 407 2564 1992 2636; baseline -0.002 -17"><span class='ocrx_word' id='word_1_205' title='bbox 407 2567 659 2632; x_wconf 78' lang='grc' dir='ltr'><strong>ἐγένοντο</strong></span> <span class='ocrx_word' id='word_1_206' title='bbox 685 2564 997 2619; x_wconf 85' lang='grc' dir='ltr'><strong>διδάσκαλοι</strong></span> <span class='ocrx_word' id='word_1_207' title='bbox 1024 2580 1038 2594; x_wconf 88' lang='grc'><strong>·</strong></span> <span class='ocrx_word' id='word_1_208' title='bbox 1075 2566 1177 2618; x_wconf 89' lang='grc' dir='ltr'><strong>οὐκ</strong></span> <span class='ocrx_word' id='word_1_209' title='bbox 1200 2565 1443 2636; x_wconf 73' lang='grc' dir='ltr'><strong>ἥκουσαν</strong></span> <span class='ocrx_word' id='word_1_210' title='bbox 1472 2565 1634 2634; x_wconf 88' lang='grc' dir='ltr'><strong>μόνον</strong></span> <span class='ocrx_word' id='word_1_211' title='bbox 1660 2565 1769 2619; x_wconf 82' lang='grc' dir='ltr'><strong>τῶν</strong></span> <span class='ocrx_word' id='word_1_212' title='bbox 1798 2564 1992 2633; x_wconf 88' lang='grc' dir='ltr'><strong>λόγων,</strong></span> 
     </span>
    </p>
   </div>
   <div class='ocr_carea' id='block_1_28' title="bbox 407 2651 1996 2725">
    <p class='ocr_par' dir='ltr' id='par_1_28' title="bbox 407 2651 1996 2725">
     <span class='ocr_line' id='line_1_28' title="bbox 407 2651 1996 2725; baseline -0.001 -18"><span class='ocrx_word' id='word_1_213' title='bbox 407 2653 542 2709; x_wconf 84' lang='grc' dir='ltr'><strong>ἀλλά</strong></span> <span class='ocrx_word' id='word_1_214' title='bbox 583 2654 679 2708; x_wconf 82' lang='grc' dir='ltr'><strong>καὶ</strong></span> <span class='ocrx_word' id='word_1_215' title='bbox 710 2653 846 2725; x_wconf 79' lang='grc' dir='ltr'><strong>πρὸς</strong></span> <span class='ocrx_word' id='word_1_216' title='bbox 891 2652 989 2723; x_wconf 82' lang='grc' dir='ltr'><strong>τὴν</strong></span> <span class='ocrx_word' id='word_1_217' title='bbox 1017 2652 1186 2723; x_wconf 80' lang='grc' dir='ltr'><strong>αὐτὴν</strong></span> <span class='ocrx_word' id='word_1_218' title='bbox 1236 2653 1480 2723; x_wconf 84' lang='grc' dir='ltr'><strong>κορυφὴν</strong></span> <span class='ocrx_word' id='word_1_219' title='bbox 1512 2651 1592 2722; x_wconf 81' lang='grc' dir='ltr'><strong>τῷ</strong></span> <span class='ocrx_word' id='word_1_220' title='bbox 1610 2652 1808 2723; x_wconf 80' lang='grc' dir='ltr'><strong>Παύλῳ</strong></span> <span class='ocrx_word' id='word_1_221' title='bbox 1831 2652 1996 2721; x_wconf 72' lang='grc' dir='ltr'><strong>ἔφθα-</strong></span> 
     </span>
    </p>
   </div>
   <div class='ocr_carea' id='block_1_29' title="bbox 410 2740 1992 2812">
    <p class='ocr_par' dir='ltr' id='par_1_29' title="bbox 410 2740 1992 2812">
     <span class='ocr_line' id='line_1_29' title="bbox 410 2740 1992 2812; baseline -0.002 -15"><span class='ocrx_word' id='word_1_222' title='bbox 410 2760 530 2797; x_wconf 87' lang='grc' dir='ltr'><strong>σαν.</strong></span> <span class='ocrx_word' id='word_1_223' title='bbox 578 2742 716 2797; x_wconf 81' lang='grc' dir='ltr'><strong>’Λλλ’</strong></span> <span class='ocrx_word' id='word_1_224' title='bbox 764 2742 920 2795; x_wconf 82' lang='grc' dir='ltr'><strong>οὐδὲν</strong></span> <span class='ocrx_word' id='word_1_225' title='bbox 972 2740 1136 2795; x_wconf 89' lang='grc' dir='ltr'><strong>τοῦτο</strong></span> <span class='ocrx_word' id='word_1_226' title='bbox 1160 2740 1295 2812; x_wconf 84' lang='grc' dir='ltr'><strong>πρὸς</strong></span> <span class='ocrx_word' id='word_1_227' title='bbox 1326 2740 1387 2794; x_wconf 81' lang='grc' dir='ltr'><strong>τὸ</strong></span> <span class='ocrx_word' id='word_1_228' title='bbox 1416 2740 1563 2808; x_wconf 70' lang='grc' dir='ltr'><strong>έξῆςο</strong></span> <span class='ocrx_word' id='word_1_229' title='bbox 1599 2742 1702 2811; x_wconf 81' lang='grc' dir='ltr'><strong>ὅρα</strong></span> <span class='ocrx_word' id='word_1_230' title='bbox 1751 2741 1861 2812; x_wconf 86' lang='grc' dir='ltr'><strong>γάρ</strong></span> <span class='ocrx_word' id='word_1_231' title='bbox 1890 2740 1992 2794; x_wconf 87' lang='grc' dir='ltr'><strong>ποῦ</strong></span> 
     </span>
    </p>
   </div>
   <div class='ocr_carea' id='block_1_30' title="bbox 407 2825 1995 2898">
    <p class='ocr_par' dir='ltr' id='par_1_30' title="bbox 407 2825 1995 2898">
     <span class='ocr_line' id='line_1_30' title="bbox 407 2825 1995 2898; baseline -0.001 -16"><span class='ocrx_word' id='word_1_232' title='bbox 407 2830 603 2892; x_wconf 79' lang='grc' dir='ltr'><strong>αὐτοὺς</strong></span> <span class='ocrx_word' id='word_1_233' title='bbox 629 2830 818 2898; x_wconf 81' lang='grc' dir='ltr'><strong>ἀνάγει</strong></span> <span class='ocrx_word' id='word_1_234' title='bbox 844 2828 1017 2898; x_wconf 84' lang='grc' dir='ltr'><strong>λέγων</strong></span> <span class='ocrx_word' id='word_1_235' title='bbox 1048 2844 1062 2859; x_wconf 86' lang='grc'><strong>·</strong></span> <span class='ocrx_word' id='word_1_236' title='bbox 1097 2827 1358 2897; x_wconf 62' lang='lat' dir='ltr'><strong>Mummi</strong></span> <span class='ocrx_word' id='word_1_237' title='bbox 1393 2825 1676 2895; x_wconf 71' lang='grc' dir='ltr'><strong>ἐγένεσθε</strong></span> <span class='ocrx_word' id='word_1_238' title='bbox 1723 2827 1831 2881; x_wconf 84' lang='grc' dir='ltr'><strong>τοῦ</strong></span> <span class='ocrx_word' id='word_1_239' title='bbox 1878 2831 1995 2882; x_wconf 82' lang='grc' dir='ltr'><strong>Κυ-</strong></span> 
     </span>
    </p>
   </div>
   <div class='ocr_carea' id='block_1_31' title="bbox 400 2913 1993 2984">
    <p class='ocr_par' dir='ltr' id='par_1_31' title="bbox 400 2913 1993 2984">
     <span class='ocr_line' id='line_1_31' title="bbox 400 2913 1993 2984; baseline -0.002 -13"><span class='ocrx_word' id='word_1_240' title='bbox 400 2919 561 2984; x_wconf 79' lang='grc' dir='ltr'><strong>ρίου.</strong></span> <span class='ocrx_word' id='word_1_241' title='bbox 594 2916 718 2980; x_wconf 89' lang='grc' dir='ltr'><strong>Πῶς</strong></span> <span class='ocrx_word' id='word_1_242' title='bbox 745 2934 760 2982; x_wconf 87' lang='grc'>;</span> <span class='ocrx_word' id='word_1_243' title='bbox 788 2915 1107 2984; x_wconf 79' lang='grc' dir='ltr'><strong>Δεξάμενοι</strong></span> <span class='ocrx_word' id='word_1_244' title='bbox 1130 2916 1239 2970; x_wconf 85' lang='grc' dir='ltr'><strong>τὸν</strong></span> <span class='ocrx_word' id='word_1_245' title='bbox 1264 2914 1455 2984; x_wconf 74' lang='grc' dir='ltr'><strong>λόγον</strong></span> <span class='ocrx_word' id='word_1_246' title='bbox 1477 2913 1549 2968; x_wconf 79' lang='grc' dir='ltr'><strong>ἐν</strong></span> <span class='ocrx_word' id='word_1_247' title='bbox 1584 2915 1790 2982; x_wconf 73' lang='grc' dir='ltr'><strong>θλίψει</strong></span> <span class='ocrx_word' id='word_1_248' title='bbox 1845 2917 1993 2968; x_wconf 72' lang='grc' dir='ltr'><strong>πολ-</strong></span> 
     </span>
    </p>
   </div>
   <div class='ocr_carea' id='block_1_32' title="bbox 408 3000 1995 3078">
    <p class='ocr_par' dir='ltr' id='par_1_32' title="bbox 408 3000 1995 3078">
     <span class='ocr_line' id='line_1_32' title="bbox 408 3000 1995 3078; baseline -0.003 -21"><span class='ocrx_word' id='word_1_249' title='bbox 408 3004 514 3071; x_wconf 66' lang='grc' dir='ltr'><strong>λῇ,</strong></span> <span class='ocrx_word' id='word_1_250' title='bbox 538 3006 687 3071; x_wconf 81' lang='grc' dir='ltr'><strong>μετά</strong></span> <span class='ocrx_word' id='word_1_251' title='bbox 717 3001 905 3072; x_wconf 76' lang='grc' dir='ltr'><strong>χαρᾶς</strong></span> <span class='ocrx_word' id='word_1_252' title='bbox 930 3003 1282 3071; x_wconf 80' lang='grc' dir='ltr'><strong>Πνεύματος</strong></span> <span class='ocrx_word' id='word_1_253' title='bbox 1307 3001 1503 3078; x_wconf 76' lang='grc' dir='ltr'><strong>ἁγίου.</strong></span> <span class='ocrx_word' id='word_1_254' title='bbox 1536 3002 1648 3071; x_wconf 88' lang='grc' dir='ltr'><strong>οὐχ</strong></span> <span class='ocrx_word' id='word_1_255' title='bbox 1682 3000 1869 3064; x_wconf 78' lang='grc' dir='ltr'><strong>ἁπλῶς</strong></span> <span class='ocrx_word' id='word_1_256' title='bbox 1901 3018 1995 3071; x_wconf 86' lang='grc' dir='ltr'><strong>με-</strong></span> 
     </span>
    </p>
   </div>
   <div class='ocr_carea' id='block_1_33' title="bbox 409 3088 1995 3163">
    <p class='ocr_par' dir='ltr' id='par_1_33' title="bbox 409 3088 1995 3163">
     <span class='ocr_line' id='line_1_33' title="bbox 409 3088 1995 3163; baseline -0.001 -20"><span class='ocrx_word' id='word_1_257' title='bbox 409 3093 482 3146; x_wconf 83' lang='grc' dir='ltr'><strong>τά</strong></span> <span class='ocrx_word' id='word_1_258' title='bbox 535 3092 787 3163; x_wconf 73' lang='grc' dir='ltr'><strong>θλίψεως,</strong></span> <span class='ocrx_word' id='word_1_259' title='bbox 820 3090 958 3144; x_wconf 88' lang='grc' dir='ltr'><strong>ἀλλὰ</strong></span> <span class='ocrx_word' id='word_1_260' title='bbox 991 3089 1133 3160; x_wconf 87' lang='grc' dir='ltr'><strong>μετά</strong></span> <span class='ocrx_word' id='word_1_261' title='bbox 1182 3088 1406 3161; x_wconf 77' lang='grc' dir='ltr'><strong>πολλῆς.</strong></span> <span class='ocrx_word' id='word_1_262' title='bbox 1465 3088 1575 3142; x_wconf 81' lang='lat' dir='ltr'><strong><em>Kal</em></strong></span> <span class='ocrx_word' id='word_1_263' title='bbox 1617 3089 1794 3145; x_wconf 73' lang='grc' dir='ltr'><strong>ἔνεστι</strong></span> <span class='ocrx_word' id='word_1_264' title='bbox 1839 3090 1995 3143; x_wconf 88' lang='grc' dir='ltr'><strong>τοῦτο</strong></span> 
     </span>
    </p>
   </div>
   <div class='ocr_carea' id='block_1_34' title="bbox 409 3178 1993 3253">
    <p class='ocr_par' dir='ltr' id='par_1_34' title="bbox 409 3178 1993 3253">
     <span class='ocr_line' id='line_1_34' title="bbox 409 3178 1993 3253; baseline -0.001 -19"><span class='ocrx_word' id='word_1_265' title='bbox 409 3180 518 3235; x_wconf 78' lang='grc' dir='ltr'><strong>ἀπὸ</strong></span> <span class='ocrx_word' id='word_1_266' title='bbox 546 3180 656 3234; x_wconf 87' lang='grc' dir='ltr'><strong>τῶν</strong></span> <span class='ocrx_word' id='word_1_267' title='bbox 703 3179 959 3253; x_wconf 80' lang='grc' dir='ltr'><strong>Πράξεων</strong></span> <span class='ocrx_word' id='word_1_268' title='bbox 1005 3181 1115 3233; x_wconf 88' lang='grc' dir='ltr'><strong>τῶν</strong></span> <span class='ocrx_word' id='word_1_269' title='bbox 1174 3179 1550 3234; x_wconf 82' lang='grc' dir='ltr'><strong>ἀποστολικῶν</strong></span> <span class='ocrx_word' id='word_1_270' title='bbox 1608 3178 1821 3249; x_wconf 82' lang='grc' dir='ltr'><strong>μαθεῖν,</strong></span> <span class='ocrx_word' id='word_1_271' title='bbox 1877 3179 1993 3242; x_wconf 83' lang='grc' dir='ltr'><strong>πῶς</strong></span> 
     </span>
    </p>
   </div>
   <div class='ocr_carea' id='block_1_35' title="bbox 410 3264 1991 3339">
    <p class='ocr_par' dir='ltr' id='par_1_35' title="bbox 410 3264 1991 3339">
     <span class='ocr_line' id='line_1_35' title="bbox 410 3264 1991 3339; baseline -0.003 -18"><span class='ocrx_word' id='word_1_272' title='bbox 410 3270 711 3339; x_wconf 72' lang='grc' dir='ltr'><strong>ἐπήγειραν</strong></span> <span class='ocrx_word' id='word_1_273' title='bbox 737 3267 829 3321; x_wconf 79' lang='grc' dir='ltr'><strong>τὸν</strong></span> <span class='ocrx_word' id='word_1_274' title='bbox 869 3266 1108 3338; x_wconf 81' lang='grc' dir='ltr'><strong>διωγμὸν</strong></span> <span class='ocrx_word' id='word_1_275' title='bbox 1144 3266 1232 3320; x_wconf 72' lang='grc' dir='ltr'><strong>ἐπ’</strong></span> <span class='ocrx_word' id='word_1_276' title='bbox 1258 3264 1457 3329; x_wconf 90' lang='grc' dir='ltr'><strong>αὐτούς</strong></span> <span class='ocrx_word' id='word_1_277' title='bbox 1484 3281 1500 3295; x_wconf 93' lang='grc'><strong>·</strong></span> <span class='ocrx_word' id='word_1_278' title='bbox 1533 3295 1605 3306; x_wconf 93' lang='grc'><strong><em>-</em></strong></span> <span class='ocrx_word' id='word_1_279' title='bbox 1628 3265 1738 3318; x_wconf 79' lang='lat' dir='ltr'><strong><em>Kal</em></strong></span> <span class='ocrx_word' id='word_1_280' title='bbox 1767 3265 1991 3329; x_wconf 84' lang='grc' dir='ltr'><strong>πάντας,</strong></span> 
     </span>
    </p>
   </div>
   <div class='ocr_carea' id='block_1_36' title="bbox 413 3350 1998 3426">
    <p class='ocr_par' dir='ltr' id='par_1_36' title="bbox 413 3350 1998 3426">
     <span class='ocr_line' id='line_1_36' title="bbox 413 3350 1998 3426; baseline -0.002 -17"><span class='ocrx_word' id='word_1_281' title='bbox 413 3357 569 3426; x_wconf 78' lang='grc' dir='ltr'><strong>φησὶ,</strong></span> <span class='ocrx_word' id='word_1_282' title='bbox 596 3356 723 3418; x_wconf 81' lang='grc' dir='ltr'><strong>τοὺς</strong></span> <span class='ocrx_word' id='word_1_283' title='bbox 757 3353 1089 3425; x_wconf 84' lang='grc' dir='ltr'><strong>πολιτάρχας</strong></span> <span class='ocrx_word' id='word_1_284' title='bbox 1120 3351 1411 3424; x_wconf 65' lang='grc' dir='ltr'><strong>ἐτάραξαν,</strong></span> <span class='ocrx_word' id='word_1_285' title='bbox 1444 3352 1534 3405; x_wconf 80' lang='grc' dir='ltr'><strong>καὶ</strong></span> <span class='ocrx_word' id='word_1_286' title='bbox 1561 3350 1662 3421; x_wconf 82' lang='grc' dir='ltr'><strong>τὴν</strong></span> <span class='ocrx_word' id='word_1_287' title='bbox 1710 3351 1865 3406; x_wconf 89' lang='grc' dir='ltr'><strong>πόλιν</strong></span> <span class='ocrx_word' id='word_1_288' title='bbox 1899 3353 1998 3406; x_wconf 84' lang='grc' dir='ltr'><strong>ἀν-</strong></span> 
     </span>
    </p>
   </div>
   <div class='ocr_carea' id='block_1_37' title="bbox 410 3438 1994 3512">
    <p class='ocr_par' dir='ltr' id='par_1_37' title="bbox 410 3438 1994 3512">
     <span class='ocr_line' id='line_1_37' title="bbox 410 3438 1994 3512; baseline -0.003 -16"><span class='ocrx_word' id='word_1_289' title='bbox 410 3443 729 3512; x_wconf 83' lang='grc' dir='ltr'><strong>επτέρωσαν</strong></span> <span class='ocrx_word' id='word_1_290' title='bbox 764 3444 884 3495; x_wconf 87' lang='grc' dir='ltr'><strong>κατ’</strong></span> <span class='ocrx_word' id='word_1_291' title='bbox 910 3441 1109 3495; x_wconf 87' lang='grc' dir='ltr'><strong>αὐτῶν.</strong></span> <span class='ocrx_word' id='word_1_292' title='bbox 1152 3441 1263 3493; x_wconf 79' lang='lat' dir='ltr'><strong><em>Kal</em></strong></span> <span class='ocrx_word' id='word_1_293' title='bbox 1304 3440 1403 3493; x_wconf 86' lang='grc' dir='ltr'><strong>οὐκ</strong></span> <span class='ocrx_word' id='word_1_294' title='bbox 1455 3438 1601 3491; x_wconf 82' lang='grc' dir='ltr'><strong>ἔστιν</strong></span> <span class='ocrx_word' id='word_1_295' title='bbox 1663 3439 1858 3505; x_wconf 77' lang='grc' dir='ltr'><strong>εἰπεῖν,</strong></span> <span class='ocrx_word' id='word_1_296' title='bbox 1914 3440 1994 3493; x_wconf 81' lang='grc' dir='ltr'><strong>ὅτι</strong></span> 
     </span>
    </p>
   </div>
   <div class='ocr_carea' id='block_1_38' title="bbox 422 3525 1997 3599">
    <p class='ocr_par' dir='ltr' id='par_1_38' title="bbox 422 3525 1997 3599">
     <span class='ocr_line' id='line_1_38' title="bbox 422 3525 1997 3599; baseline -0.001 -18"><span class='ocrx_word' id='word_1_297' title='bbox 422 3528 699 3599; x_wconf 82' lang='grc' dir='ltr'><strong>Ἐθλίόητε</strong></span> <span class='ocrx_word' id='word_1_298' title='bbox 747 3529 844 3599; x_wconf 83' lang='grc' dir='ltr'><strong>μὲν</strong></span> <span class='ocrx_word' id='word_1_299' title='bbox 882 3527 975 3581; x_wconf 75' lang='grc' dir='ltr'><strong>καὶ</strong></span> <span class='ocrx_word' id='word_1_300' title='bbox 1007 3525 1384 3591; x_wconf 76' lang='grc' dir='ltr'><strong>ἐπιστεύσατε,</strong></span> <span class='ocrx_word' id='word_1_301' title='bbox 1421 3526 1713 3590; x_wconf 82' lang='grc' dir='ltr'><strong>ἀλγοῦντες</strong></span> <span class='ocrx_word' id='word_1_302' title='bbox 1755 3527 1836 3590; x_wconf 84' lang='grc' dir='ltr'><strong>δὲ,</strong></span> <span class='ocrx_word' id='word_1_303' title='bbox 1862 3526 1997 3580; x_wconf 86' lang='grc' dir='ltr'><strong>ἀλλά</strong></span> 
     </span>
    </p>
   </div>
   <div class='ocr_carea' id='block_1_39' title="bbox 414 3615 1998 3687">
    <p class='ocr_par' dir='ltr' id='par_1_39' title="bbox 414 3615 1998 3687">
     <span class='ocr_line' id='line_1_39' title="bbox 414 3615 1998 3687; baseline -0.003 -15"><span class='ocrx_word' id='word_1_304' title='bbox 414 3619 507 3672; x_wconf 69' lang='grc' dir='ltr'><strong>καὶ</strong></span> <span class='ocrx_word' id='word_1_305' title='bbox 555 3619 834 3687; x_wconf 84' lang='grc' dir='ltr'><strong>χαίροντες</strong></span> <span class='ocrx_word' id='word_1_306' title='bbox 857 3616 1080 3687; x_wconf 82' lang='grc' dir='ltr'><strong>σφόδρα.</strong></span> <span class='ocrx_word' id='word_1_307' title='bbox 1108 3616 1286 3686; x_wconf 83' lang='grc' dir='ltr'><strong>Ὅπερ</strong></span> <span class='ocrx_word' id='word_1_308' title='bbox 1329 3615 1423 3669; x_wconf 78' lang='grc' dir='ltr'><strong>καὶ</strong></span> <span class='ocrx_word' id='word_1_309' title='bbox 1462 3617 1512 3668; x_wconf 90' lang='grc' dir='ltr'><strong>οί</strong></span> <span class='ocrx_word' id='word_1_310' title='bbox 1538 3616 1824 3669; x_wconf 76' lang='grc' dir='ltr'><strong>ἀπόστολοι</strong></span> <span class='ocrx_word' id='word_1_311' title='bbox 1856 3615 1998 3670; x_wconf 75' lang='grc' dir='ltr'><strong>ἑποί-</strong></span> 
     </span>
    </p>
   </div>
   <div class='ocr_carea' id='block_1_40' title="bbox 413 3701 1993 3774">
    <p class='ocr_par' dir='ltr' id='par_1_40' title="bbox 413 3701 1993 3774">
     <span class='ocr_line' id='line_1_40' title="bbox 413 3701 1993 3774; baseline 0 -17"><span class='ocrx_word' id='word_1_312' title='bbox 413 3720 524 3758; x_wconf 84' lang='grc' dir='ltr'><strong>ουν·</strong></span> <span class='ocrx_word' id='word_1_313' title='bbox 558 3705 898 3770; x_wconf 78' lang='grc' dir='ltr'><strong>Χαίροντες,</strong></span> <span class='ocrx_word' id='word_1_314' title='bbox 949 3703 1135 3774; x_wconf 66' lang='grc' dir='ltr'><strong>φησὶν,</strong></span> <span class='ocrx_word' id='word_1_315' title='bbox 1187 3703 1276 3755; x_wconf 79' lang='grc' dir='ltr'><strong>ὅτι</strong></span> <span class='ocrx_word' id='word_1_316' title='bbox 1329 3701 1788 3769; x_wconf 76' lang='grc' dir='ltr'><strong>κατηξιώθησαν</strong></span> <span class='ocrx_word' id='word_1_317' title='bbox 1841 3703 1993 3773; x_wconf 83' lang='grc' dir='ltr'><strong>ὑπὲρ</strong></span> 
     </span>
    </p>
   </div>
   <div class='ocr_carea' id='block_1_41' title="bbox 414 3787 1997 3861">
    <p class='ocr_par' dir='ltr' id='par_1_41' title="bbox 414 3787 1997 3861">
     <span class='ocr_line' id='line_1_41' title="bbox 414 3787 1997 3861; baseline -0.001 -17"><span class='ocrx_word' id='word_1_318' title='bbox 414 3790 521 3844; x_wconf 87' lang='grc' dir='ltr'><strong>τοῦ</strong></span> <span class='ocrx_word' id='word_1_319' title='bbox 555 3791 847 3857; x_wconf 81' lang='grc' dir='ltr'><strong>ὀνόματος</strong></span> <span class='ocrx_word' id='word_1_320' title='bbox 898 3788 1004 3842; x_wconf 88' lang='grc' dir='ltr'><strong>τοῦ</strong></span> <span class='ocrx_word' id='word_1_321' title='bbox 1039 3788 1295 3856; x_wconf 80' lang='grc' dir='ltr'><strong>Χριστοῦ</strong></span> <span class='ocrx_word' id='word_1_322' title='bbox 1329 3787 1746 3858; x_wconf 79' lang='grc' dir='ltr'><strong>ἀτιμασθῆναι.</strong></span> <span class='ocrx_word' id='word_1_323' title='bbox 1794 3789 1868 3843; x_wconf 85' lang='grc' dir='ltr'><strong>Τὸ</strong></span> <span class='ocrx_word' id='word_1_324' title='bbox 1888 3791 1997 3861; x_wconf 90' lang='lat'><strong>7&amp;9</strong></span> 
     </span>
    </p>
   </div>
   <div class='ocr_carea' id='block_1_42' title="bbox 413 3874 1995 3948">
    <p class='ocr_par' dir='ltr' id='par_1_42' title="bbox 413 3874 1995 3948">
     <span class='ocr_line' id='line_1_42' title="bbox 413 3874 1995 3948; baseline -0.001 -16"><span class='ocrx_word' id='word_1_325' title='bbox 413 3876 751 3948; x_wconf 83' lang='grc' dir='ltr'><strong>θαυμαστὸν,</strong></span> <span class='ocrx_word' id='word_1_326' title='bbox 778 3875 935 3929; x_wconf 87' lang='grc' dir='ltr'><strong>τοῦτό</strong></span> <span class='ocrx_word' id='word_1_327' title='bbox 962 3876 1110 3928; x_wconf 80' lang='grc' dir='ltr'><strong>ἐστιν</strong></span> <span class='ocrx_word' id='word_1_328' title='bbox 1139 3891 1153 3905; x_wconf 86' lang='grc'><strong>·</strong></span> <span class='ocrx_word' id='word_1_329' title='bbox 1205 3876 1254 3929; x_wconf 87' lang='grc' dir='ltr'><strong>εί</strong></span> <span class='ocrx_word' id='word_1_330' title='bbox 1285 3876 1378 3928; x_wconf 76' lang='grc' dir='ltr'><strong>καὶ</strong></span> <span class='ocrx_word' id='word_1_331' title='bbox 1428 3874 1552 3927; x_wconf 90' lang='grc' dir='ltr'><strong>οὐδὲ</strong></span> <span class='ocrx_word' id='word_1_332' title='bbox 1579 3876 1757 3929; x_wconf 79' lang='grc' dir='ltr'><strong>έκεῖνο</strong></span> <span class='ocrx_word' id='word_1_333' title='bbox 1782 3876 1995 3948; x_wconf 81' lang='grc' dir='ltr'><strong>μικρὸν,</strong></span> 
     </span>
    </p>
   </div>
   <div class='ocr_carea' id='block_1_43' title="bbox 410 3962 2000 4036">
    <p class='ocr_par' dir='ltr' id='par_1_43' title="bbox 410 3962 2000 4036">
     <span class='ocr_line' id='line_1_43' title="bbox 410 3962 2000 4036; baseline -0.001 -17"><span class='ocrx_word' id='word_1_334' title='bbox 410 3967 471 4019; x_wconf 83' lang='grc' dir='ltr'><strong>τὸ</strong></span> <span class='ocrx_word' id='word_1_335' title='bbox 525 3965 713 4036; x_wconf 79' lang='grc' dir='ltr'><strong>φέρειν</strong></span> <span class='ocrx_word' id='word_1_336' title='bbox 747 3963 1098 4032; x_wconf 72' lang='grc' dir='ltr'><strong>ὁπωσδήποτε</strong></span> <span class='ocrx_word' id='word_1_337' title='bbox 1149 3962 1355 4032; x_wconf 76' lang='grc' dir='ltr'><strong>θλίψεις</strong></span> <span class='ocrx_word' id='word_1_338' title='bbox 1388 3978 1402 3992; x_wconf 89' lang='grc'>·</span> <span class='ocrx_word' id='word_1_339' title='bbox 1450 3962 1687 4018; x_wconf 81' lang='grc' dir='ltr'><strong>τοῦτοδὲ</strong></span> <span class='ocrx_word' id='word_1_340' title='bbox 1736 3964 1835 4036; x_wconf 73' lang='grc' dir='ltr'><strong>ἤδη</strong></span> <span class='ocrx_word' id='word_1_341' title='bbox 1891 3964 2000 4019; x_wconf 86' lang='grc' dir='ltr'><strong>τῶν</strong></span> 
     </span>
    </p>
   </div>
   <div class='ocr_carea' id='block_1_44' title="bbox 408 4052 1997 4129">
    <p class='ocr_par' dir='ltr' id='par_1_44' title="bbox 408 4052 1997 4129">
     <span class='ocr_line' id='line_1_44' title="bbox 408 4052 1997 4129; baseline 0.001 -19"><span class='ocrx_word' id='word_1_342' title='bbox 408 4058 507 4129; x_wconf 78' lang='grc' dir='ltr'><strong>τὴν</strong></span> <span class='ocrx_word' id='word_1_343' title='bbox 548 4056 899 4127; x_wconf 82' lang='grc' dir='ltr'><strong>ἀνθρωπίνην</strong></span> <span class='ocrx_word' id='word_1_344' title='bbox 935 4055 1096 4124; x_wconf 86' lang='grc' dir='ltr'><strong>φύσιν</strong></span> <span class='ocrx_word' id='word_1_345' title='bbox 1140 4055 1576 4126; x_wconf 72' lang='grc' dir='ltr'><strong>ὑπερϐαινόντων</strong></span> <span class='ocrx_word' id='word_1_346' title='bbox 1621 4052 1712 4127; x_wconf 81' lang='grc' dir='ltr'><strong>ἦν,</strong></span> <span class='ocrx_word' id='word_1_347' title='bbox 1755 4058 1851 4111; x_wconf 75' lang='grc' dir='ltr'><strong>καὶ</strong></span> <span class='ocrx_word' id='word_1_348' title='bbox 1884 4057 1997 4112; x_wconf 86' lang='grc' dir='ltr'><strong>ῶσ-</strong></span> 
     </span>
    </p>
   </div>
   <div class='ocr_carea' id='block_1_45' title="bbox 408 4142 1997 4216">
    <p class='ocr_par' dir='ltr' id='par_1_45' title="bbox 408 4142 1997 4216">
     <span class='ocr_line' id='line_1_45' title="bbox 408 4142 1997 4216; baseline 0.002 -19"><span class='ocrx_word' id='word_1_349' title='bbox 408 4161 513 4215; x_wconf 87' lang='grc' dir='ltr'><strong>περ</strong></span> <span class='ocrx_word' id='word_1_350' title='bbox 530 4143 738 4206; x_wconf 76' lang='grc' dir='ltr'><strong>ἀπαθὲς</strong></span> <span class='ocrx_word' id='word_1_351' title='bbox 761 4142 919 4212; x_wconf 84' lang='grc' dir='ltr'><strong>σῶμα</strong></span> <span class='ocrx_word' id='word_1_352' title='bbox 938 4143 1186 4213; x_wconf 80' lang='grc' dir='ltr'><strong>ἐχόντων.</strong></span> <span class='ocrx_word' id='word_1_353' title='bbox 1207 4142 1328 4206; x_wconf 85' lang='grc' dir='ltr'><strong>Πῶς</strong></span> <span class='ocrx_word' id='word_1_354' title='bbox 1339 4143 1395 4196; x_wconf 83' lang='grc' dir='ltr'><strong>δὲ</strong></span> <span class='ocrx_word' id='word_1_355' title='bbox 1425 4144 1658 4214; x_wconf 69' lang='grc' dir='ltr'><strong>μιμηταὶ</strong></span> <span class='ocrx_word' id='word_1_356' title='bbox 1681 4144 1774 4198; x_wconf 90' lang='grc' dir='ltr'><strong>τοῦ</strong></span> <span class='ocrx_word' id='word_1_357' title='bbox 1793 4146 1997 4216; x_wconf 85' lang='grc' dir='ltr'><strong>Κυρίου</strong></span> 
     </span>
    </p>
   </div>
   <div class='ocr_carea' id='block_1_46' title="bbox 409 4229 1997 4305">
    <p class='ocr_par' dir='ltr' id='par_1_46' title="bbox 409 4229 1997 4305">
     <span class='ocr_line' id='line_1_46' title="bbox 409 4229 1997 4305; baseline 0.003 -22"><span class='ocrx_word' id='word_1_358' title='bbox 409 4232 691 4299; x_wconf 85' lang='grc' dir='ltr'><strong>ὲγένοντο;</strong></span> <span class='ocrx_word' id='word_1_359' title='bbox 728 4231 851 4283; x_wconf 85' lang='grc' dir='ltr'><strong>Ὅτι</strong></span> <span class='ocrx_word' id='word_1_360' title='bbox 898 4232 992 4283; x_wconf 69' lang='grc' dir='ltr'><strong>καὶ</strong></span> <span class='ocrx_word' id='word_1_361' title='bbox 1019 4230 1179 4293; x_wconf 83' lang='grc' dir='ltr'><strong>αὐτὸς</strong></span> <span class='ocrx_word' id='word_1_362' title='bbox 1197 4229 1364 4283; x_wconf 86' lang='grc' dir='ltr'><strong>πολλά</strong></span> <span class='ocrx_word' id='word_1_363' title='bbox 1384 4229 1685 4301; x_wconf 86' lang='grc' dir='ltr'><strong>παθήματα</strong></span> <span class='ocrx_word' id='word_1_364' title='bbox 1718 4232 1997 4305; x_wconf 81' lang='grc' dir='ltr'><strong>ὑπέμεινε,</strong></span> 
     </span>
    </p>
   </div>
   <div class='ocr_carea' id='block_1_47' title="bbox 410 4314 2001 4391">
    <p class='ocr_par' dir='ltr' id='par_1_47' title="bbox 410 4314 2001 4391">
     <span class='ocr_line' id='line_1_47' title="bbox 410 4314 2001 4391; baseline 0.001 -20"><span class='ocrx_word' id='word_1_365' title='bbox 410 4317 504 4371; x_wconf 73' lang='grc' dir='ltr'><strong>καὶ</strong></span> <span class='ocrx_word' id='word_1_366' title='bbox 533 4317 632 4371; x_wconf 91' lang='grc' dir='ltr'><strong>οὐκ</strong></span> <span class='ocrx_word' id='word_1_367' title='bbox 658 4316 835 4387; x_wconf 76' lang='grc' dir='ltr'><strong>ῆλγει,</strong></span> <span class='ocrx_word' id='word_1_368' title='bbox 869 4315 984 4369; x_wconf 85' lang='grc' dir='ltr'><strong>ἀλλ’</strong></span> <span class='ocrx_word' id='word_1_369' title='bbox 1009 4315 1224 4387; x_wconf 69' lang='grc' dir='ltr'><strong>ἔχαιρεν</strong></span> <span class='ocrx_word' id='word_1_370' title='bbox 1250 4332 1263 4345; x_wconf 84' lang='grc'><strong>’</strong></span> <span class='ocrx_word' id='word_1_371' title='bbox 1304 4314 1444 4370; x_wconf 84' lang='grc' dir='ltr'><strong>έκὼν</strong></span> <span class='ocrx_word' id='word_1_372' title='bbox 1469 4315 1577 4389; x_wconf 82' lang='grc' dir='ltr'><strong>γὰρ</strong></span> <span class='ocrx_word' id='word_1_373' title='bbox 1606 4317 1697 4371; x_wconf 74' lang='grc' dir='ltr'><strong>ἐπὶ</strong></span> <span class='ocrx_word' id='word_1_374' title='bbox 1726 4318 1883 4372; x_wconf 88' lang='grc' dir='ltr'><strong>τοῦτο</strong></span> <span class='ocrx_word' id='word_1_375' title='bbox 1904 4320 2001 4391; x_wconf 72' lang='grc' dir='ltr'><strong>ἡρ-</strong></span> 
     </span>
    </p>
   </div>
   <div class='ocr_carea' id='block_1_48' title="bbox 412 4402 2002 4476">
    <p class='ocr_par' dir='ltr' id='par_1_48' title="bbox 412 4402 2002 4476">
     <span class='ocr_line' id='line_1_48' title="bbox 412 4402 2002 4476; baseline 0.003 -21"><span class='ocrx_word' id='word_1_376' title='bbox 412 4420 554 4474; x_wconf 86' lang='grc' dir='ltr'><strong>χετο.</strong></span> <span class='ocrx_word' id='word_1_377' title='bbox 584 4403 661 4455; x_wconf 87' lang='grc' dir='ltr'><strong>Δι’</strong></span> <span class='ocrx_word' id='word_1_378' title='bbox 698 4405 844 4473; x_wconf 80' lang='grc' dir='ltr'><strong>ἡμᾶς</strong></span> <span class='ocrx_word' id='word_1_379' title='bbox 889 4403 1081 4456; x_wconf 76' lang='grc' dir='ltr'><strong>ἑαυτὸν</strong></span> <span class='ocrx_word' id='word_1_380' title='bbox 1141 4404 1431 4468; x_wconf 74' lang='grc' dir='ltr'><strong>ἐκένωσεν,</strong></span> <span class='ocrx_word' id='word_1_381' title='bbox 1476 4402 1701 4473; x_wconf 74' lang='grc' dir='ltr'><strong>ἔμελλεν</strong></span> <span class='ocrx_word' id='word_1_382' title='bbox 1761 4406 2002 4476; x_wconf 63' lang='grc' dir='ltr'><strong>ἐμπτύεη-</strong></span> 
     </span>
    </p>
   </div>
   <div class='ocr_carea' id='block_1_49' title="bbox 415 4489 2000 4564">
    <p class='ocr_par' dir='ltr' id='par_1_49' title="bbox 415 4489 2000 4564">
     <span class='ocr_line' id='line_1_49' title="bbox 415 4489 2000 4564; baseline 0.004 -22"><span class='ocrx_word' id='word_1_383' title='bbox 415 4490 540 4543; x_wconf 88' lang='grc' dir='ltr'><strong>σθαι</strong></span> <span class='ocrx_word' id='word_1_384' title='bbox 591 4489 684 4542; x_wconf 76' lang='grc' dir='ltr'><strong>καὶ</strong></span> <span class='ocrx_word' id='word_1_385' title='bbox 726 4490 1067 4558; x_wconf 79' lang='grc' dir='ltr'><strong>ῥαπίζεσθαι,</strong></span> <span class='ocrx_word' id='word_1_386' title='bbox 1101 4489 1496 4561; x_wconf 68' lang='grc' dir='ltr'><strong>σταυροῦσθαν</strong></span> <span class='ocrx_word' id='word_1_387' title='bbox 1529 4490 1625 4544; x_wconf 80' lang='grc' dir='ltr'><strong>καὶ</strong></span> <span class='ocrx_word' id='word_1_388' title='bbox 1647 4490 1818 4556; x_wconf 78' lang='grc' dir='ltr'><strong>οὕτως</strong></span> <span class='ocrx_word' id='word_1_389' title='bbox 1850 4493 2000 4564; x_wconf 73' lang='grc' dir='ltr'><strong>ἔχαι-</strong></span> 
     </span>
    </p>
   </div>
   <div class='ocr_carea' id='block_1_50' title="bbox 416 4574 2001 4648">
    <p class='ocr_par' dir='ltr' id='par_1_50' title="bbox 416 4574 2001 4648">
     <span class='ocr_line' id='line_1_50' title="bbox 416 4574 2001 4648; baseline 0.006 -21"><span class='ocrx_word' id='word_1_390' title='bbox 416 4592 478 4647; x_wconf 86' lang='grc' dir='ltr'><strong>ρε</strong></span> <span class='ocrx_word' id='word_1_391' title='bbox 532 4574 704 4629; x_wconf 90' lang='grc' dir='ltr'><strong>ταῦτα</strong></span> <span class='ocrx_word' id='word_1_392' title='bbox 757 4576 1009 4646; x_wconf 78' lang='grc' dir='ltr'><strong>πάσχων,</strong></span> <span class='ocrx_word' id='word_1_393' title='bbox 1050 4576 1126 4640; x_wconf 83' lang='grc' dir='ltr'><strong>ὡς</strong></span> <span class='ocrx_word' id='word_1_394' title='bbox 1155 4577 1232 4647; x_wconf 85' lang='grc' dir='ltr'><strong>τῷ</strong></span> <span class='ocrx_word' id='word_1_395' title='bbox 1271 4577 1444 4648; x_wconf 78' lang='grc' dir='ltr'><strong>Πατρὶ</strong></span> <span class='ocrx_word' id='word_1_396' title='bbox 1495 4577 1697 4646; x_wconf 79' lang='grc' dir='ltr'><strong>λέγειν·</strong></span> <span class='ocrx_word' id='word_1_397' title='bbox 1727 4580 2001 4644; x_wconf 80' lang='grc' dir='ltr'><strong>Δόξασόν</strong></span> 
     </span>
    </p>
   </div>
   <div class='ocr_carea' id='block_1_51' title="bbox 407 4661 2001 4738">
    <p class='ocr_par' dir='ltr' id='par_1_51' title="bbox 407 4661 2001 4738">
     <span class='ocr_line' id='line_1_51' title="bbox 407 4661 2001 4738; baseline 0.001 -19"><span class='ocrx_word' id='word_1_398' title='bbox 407 4661 1407 4734; x_wconf 78' lang='grc' dir='ltr'><strong>με.Μετὰχαρᾶς,φησὶ,Πνεύματος</strong></span> <span class='ocrx_word' id='word_1_399' title='bbox 1428 4664 1623 4733; x_wconf 79' lang='grc' dir='ltr'><strong>ἁγίου.</strong></span> <span class='ocrx_word' id='word_1_400' title='bbox 1657 4664 1775 4719; x_wconf 83' lang='grc' dir='ltr'><strong>Ἵνα</strong></span> <span class='ocrx_word' id='word_1_401' title='bbox 1811 4668 1884 4738; x_wconf 80' lang='grc' dir='ltr'><strong>μή</strong></span> <span class='ocrx_word' id='word_1_402' title='bbox 1918 4685 2001 4732; x_wconf 87' lang='grc' dir='ltr'><strong>τις</strong></span> 
     </span>
    </p>
   </div>
   <div class='ocr_carea' id='block_1_52' title="bbox 412 4749 2001 4824">
    <p class='ocr_par' dir='ltr' id='par_1_52' title="bbox 412 4749 2001 4824">
     <span class='ocr_line' id='line_1_52' title="bbox 412 4749 2001 4824; baseline 0.004 -22"><span class='ocrx_word' id='word_1_403' title='bbox 412 4752 561 4824; x_wconf 82' lang='grc' dir='ltr'><strong>εῖπῃ·</strong></span> <span class='ocrx_word' id='word_1_404' title='bbox 592 4750 714 4814; x_wconf 85' lang='grc' dir='ltr'><strong>Πῶς</strong></span> <span class='ocrx_word' id='word_1_405' title='bbox 744 4749 976 4820; x_wconf 82' lang='grc' dir='ltr'><strong>θλίψεως</strong></span> <span class='ocrx_word' id='word_1_406' title='bbox 999 4749 1179 4820; x_wconf 86' lang='grc' dir='ltr'><strong>λέγεις</strong></span> <span class='ocrx_word' id='word_1_407' title='bbox 1203 4767 1219 4817; x_wconf 89' lang='lat'><strong>;</strong></span> <span class='ocrx_word' id='word_1_408' title='bbox 1261 4749 1378 4814; x_wconf 90' lang='grc' dir='ltr'><strong>πῶς</strong></span> <span class='ocrx_word' id='word_1_409' title='bbox 1406 4751 1624 4822; x_wconf 79' lang='grc' dir='ltr'><strong>χαρᾶς;</strong></span> <span class='ocrx_word' id='word_1_410' title='bbox 1654 4751 1772 4816; x_wconf 81' lang='grc' dir='ltr'><strong>πῶς</strong></span> <span class='ocrx_word' id='word_1_411' title='bbox 1821 4754 2001 4824; x_wconf 78' lang='grc' dir='ltr'><strong>ἀμφό⁴</strong></span> 
     </span>
    </p>
   </div>
   <div class='ocr_carea' id='block_1_53' title="bbox 409 4837 2000 4909">
    <p class='ocr_par' dir='ltr' id='par_1_53' title="bbox 409 4837 2000 4909">
     <span class='ocr_line' id='line_1_53' title="bbox 409 4837 2000 4909; baseline 0.003 -18"><span class='ocrx_word' id='word_1_412' title='bbox 409 4856 546 4909; x_wconf 82' lang='grc' dir='ltr'><strong>τερα</strong></span> <span class='ocrx_word' id='word_1_413' title='bbox 591 4837 672 4891; x_wconf 77' lang='grc' dir='ltr'><strong>ἔνι</strong></span> <span class='ocrx_word' id='word_1_414' title='bbox 712 4838 1022 4903; x_wconf 79' lang='grc' dir='ltr'><strong>συνελθεῖνς</strong></span> <span class='ocrx_word' id='word_1_415' title='bbox 1066 4839 1313 4908; x_wconf 69' lang='grc' dir='ltr'><strong>ἐπήγαγε</strong></span> <span class='ocrx_word' id='word_1_416' title='bbox 1338 4854 1354 4869; x_wconf 74' lang='grc' dir='ltr'><strong><em>ο</em></strong></span> <span class='ocrx_word' id='word_1_417' title='bbox 1385 4839 1550 4892; x_wconf 79' lang='grc' dir='ltr'><strong>Μετὰ</strong></span> <span class='ocrx_word' id='word_1_418' title='bbox 1589 4838 1779 4908; x_wconf 80' lang='grc' dir='ltr'><strong>χαρᾶς</strong></span> <span class='ocrx_word' id='word_1_419' title='bbox 1809 4843 2000 4896; x_wconf 85' lang='grc' dir='ltr'><strong>Πνεύ-</strong></span> 
     </span>
    </p>
   </div>
   <div class='ocr_carea' id='block_1_54' title="bbox 406 4924 1997 4999">
    <p class='ocr_par' dir='ltr' id='par_1_54' title="bbox 406 4924 1997 4999">
     <span class='ocr_line' id='line_1_54' title="bbox 406 4924 1997 4999; baseline 0.003 -23"><span class='ocrx_word' id='word_1_420' title='bbox 406 4942 595 4994; x_wconf 83' lang='grc' dir='ltr'><strong>ματος</strong></span> <span class='ocrx_word' id='word_1_421' title='bbox 633 4926 825 4994; x_wconf 69' lang='grc' dir='ltr'><strong>ἁγίου.</strong></span> <span class='ocrx_word' id='word_1_422' title='bbox 870 4924 935 4978; x_wconf 85' lang='grc' dir='ltr'><strong>Ἦ</strong></span> <span class='ocrx_word' id='word_1_423' title='bbox 961 4924 1142 4995; x_wconf 73' lang='grc' dir='ltr'><strong>θλῖψις</strong></span> <span class='ocrx_word' id='word_1_424' title='bbox 1172 4927 1232 4978; x_wconf 84' lang='grc' dir='ltr'><strong>έν</strong></span> <span class='ocrx_word' id='word_1_425' title='bbox 1272 4926 1385 4988; x_wconf 87' lang='grc' dir='ltr'><strong>τοῖς</strong></span> <span class='ocrx_word' id='word_1_426' title='bbox 1432 4929 1783 4996; x_wconf 84' lang='grc' dir='ltr'><strong>σωματικοῖς,</strong></span> <span class='ocrx_word' id='word_1_427' title='bbox 1818 4927 1912 4982; x_wconf 78' lang='grc' dir='ltr'><strong>καὶ</strong></span> <span class='ocrx_word' id='word_1_428' title='bbox 1963 4931 1997 4999; x_wconf 74' lang='grc' dir='ltr'><strong>η</strong></span> 
     </span>
    </p>
   </div>
   <div class='ocr_carea' id='block_1_55' title="bbox 410 5012 1994 5086">
    <p class='ocr_par' dir='ltr' id='par_1_55' title="bbox 410 5012 1994 5086">
     <span class='ocr_line' id='line_1_55' title="bbox 410 5012 1994 5086; baseline 0.005 -23"><span class='ocrx_word' id='word_1_429' title='bbox 410 5013 557 5082; x_wconf 86' lang='grc' dir='ltr'><strong>χαρά</strong></span> <span class='ocrx_word' id='word_1_430' title='bbox 586 5015 644 5066; x_wconf 80' lang='grc' dir='ltr'><strong>ὲν</strong></span> <span class='ocrx_word' id='word_1_431' title='bbox 671 5016 779 5076; x_wconf 88' lang='grc' dir='ltr'><strong>τοῖς</strong></span> <span class='ocrx_word' id='word_1_432' title='bbox 806 5014 1214 5080; x_wconf 86' lang='grc' dir='ltr'><strong>πνευματικοῖς.</strong></span> <span class='ocrx_word' id='word_1_433' title='bbox 1246 5012 1406 5078; x_wconf 88' lang='grc' dir='ltr'><strong>Πῶς;</strong></span> <span class='ocrx_word' id='word_1_434' title='bbox 1432 5012 1516 5066; x_wconf 88' lang='grc' dir='ltr'><strong>Τά</strong></span> <span class='ocrx_word' id='word_1_435' title='bbox 1567 5012 1667 5083; x_wconf 80' lang='grc' dir='ltr'><strong>μὲν</strong></span> <span class='ocrx_word' id='word_1_436' title='bbox 1715 5015 1994 5086; x_wconf 88' lang='grc' dir='ltr'><strong>γινόμενα,</strong></span> 
     </span>
    </p>
   </div>
   <div class='ocr_carea' id='block_1_56' title="bbox 408 5098 1994 5175">
    <p class='ocr_par' dir='ltr' id='par_1_56' title="bbox 408 5098 1994 5175">
     <span class='ocr_line' id='line_1_56' title="bbox 408 5098 1994 5175; baseline 0.003 -24"><span class='ocrx_word' id='word_1_437' title='bbox 408 5100 631 5170; x_wconf 83' lang='grc' dir='ltr'><strong>λυπηρά</strong></span> <span class='ocrx_word' id='word_1_438' title='bbox 649 5115 661 5127; x_wconf 92' lang='grc'><strong>·</strong></span> <span class='ocrx_word' id='word_1_439' title='bbox 703 5100 772 5154; x_wconf 69' lang='grc' dir='ltr'><strong>τὰ</strong></span> <span class='ocrx_word' id='word_1_440' title='bbox 797 5100 855 5152; x_wconf 82' lang='grc' dir='ltr'><strong>δὲ</strong></span> <span class='ocrx_word' id='word_1_441' title='bbox 881 5101 941 5166; x_wconf 78' lang='grc' dir='ltr'>ἐξ</span> <span class='ocrx_word' id='word_1_442' title='bbox 971 5098 1151 5153; x_wconf 88' lang='grc' dir='ltr'><strong>αὐτῶν</strong></span> <span class='ocrx_word' id='word_1_443' title='bbox 1178 5098 1495 5165; x_wconf 78' lang='grc' dir='ltr'><strong>τικτόμενα,</strong></span> <span class='ocrx_word' id='word_1_444' title='bbox 1520 5099 1743 5154; x_wconf 77' lang='grc' dir='ltr'><strong>οὐκέτι·</strong></span> <span class='ocrx_word' id='word_1_445' title='bbox 1773 5103 1833 5155; x_wconf 88' lang='grc' dir='ltr'><strong>οὐ</strong></span> <span class='ocrx_word' id='word_1_446' title='bbox 1884 5101 1994 5175; x_wconf 84' lang='grc' dir='ltr'><strong>γάρ</strong></span> 
     </span>
    </p>
   </div>
   <div class='ocr_carea' id='block_1_57' title="bbox 407 5186 1995 5261">
    <p class='ocr_par' dir='ltr' id='par_1_57' title="bbox 407 5186 1995 5261">
     <span class='ocr_line' id='line_1_57' title="bbox 407 5186 1995 5261; baseline 0.002 -20"><span class='ocrx_word' id='word_1_447' title='bbox 407 5187 603 5256; x_wconf 82' lang='grc' dir='ltr'><strong>ἀφίησι</strong></span> <span class='ocrx_word' id='word_1_448' title='bbox 629 5187 691 5240; x_wconf 77' lang='grc' dir='ltr'><strong>τὸ</strong></span> <span class='ocrx_word' id='word_1_449' title='bbox 716 5186 964 5257; x_wconf 80' lang='grc' dir='ltr'><strong>Πνεῦμα.</strong></span> <span class='ocrx_word' id='word_1_450' title='bbox 998 5187 1160 5239; x_wconf 80' lang='grc' dir='ltr'><strong>’Ὥστε</strong></span> <span class='ocrx_word' id='word_1_451' title='bbox 1207 5186 1382 5240; x_wconf 74' lang='grc' dir='ltr'><strong>ἔνεστι</strong></span> <span class='ocrx_word' id='word_1_452' title='bbox 1429 5187 1524 5241; x_wconf 82' lang='grc' dir='ltr'><strong>καὶ</strong></span> <span class='ocrx_word' id='word_1_453' title='bbox 1584 5187 1862 5258; x_wconf 82' lang='grc' dir='ltr'><strong>πάσχοντα</strong></span> <span class='ocrx_word' id='word_1_454' title='bbox 1919 5189 1995 5261; x_wconf 76' lang='grc' dir='ltr'><strong>μὴ</strong></span> 
     </span>
    </p>
   </div>
   <div class='ocr_carea' id='block_1_58' title="bbox 406 5273 1996 5348">
    <p class='ocr_par' dir='ltr' id='par_1_58' title="bbox 406 5273 1996 5348">
     <span class='ocr_line' id='line_1_58' title="bbox 406 5273 1996 5348; baseline 0.004 -23"><span class='ocrx_word' id='word_1_455' title='bbox 406 5274 641 5345; x_wconf 82' lang='grc' dir='ltr'><strong>χαίρειν,</strong></span> <span class='ocrx_word' id='word_1_456' title='bbox 669 5274 799 5327; x_wconf 80' lang='grc' dir='ltr'><strong>ὅταν</strong></span> <span class='ocrx_word' id='word_1_457' title='bbox 830 5273 971 5342; x_wconf 82' lang='grc' dir='ltr'><strong>ὑπὲρ</strong></span> <span class='ocrx_word' id='word_1_458' title='bbox 1026 5273 1444 5343; x_wconf 83' lang='grc' dir='ltr'><strong>ἁμαρτημάτων</strong></span> <span class='ocrx_word' id='word_1_459' title='bbox 1495 5291 1581 5338; x_wconf 87' lang='grc' dir='ltr'><strong>τις</strong></span> <span class='ocrx_word' id='word_1_460' title='bbox 1638 5276 1821 5348; x_wconf 82' lang='grc' dir='ltr'><strong>πάσχῃ</strong></span> <span class='ocrx_word' id='word_1_461' title='bbox 1847 5292 1862 5308; x_wconf 79' lang='grc'><strong><em>⁸</em></strong></span> <span class='ocrx_word' id='word_1_462' title='bbox 1899 5280 1996 5333; x_wconf 75' lang='grc' dir='ltr'><strong>καὶ</strong></span> 
     </span>
    </p>
   </div>
   <div class='ocr_carea' id='block_1_59' title="bbox 409 5359 1996 5436">
    <p class='ocr_par' dir='ltr' id='par_1_59' title="bbox 409 5359 1996 5436">
     <span class='ocr_line' id='line_1_59' title="bbox 409 5359 1996 5436; baseline 0.003 -22"><span class='ocrx_word' id='word_1_463' title='bbox 409 5361 814 5432; x_wconf 74' lang='grc' dir='ltr'><strong>μαστιζόμενον</strong></span> <span class='ocrx_word' id='word_1_464' title='bbox 891 5359 1138 5430; x_wconf 68' lang='grc' dir='ltr'><strong>ἣδεσθαι,</strong></span> <span class='ocrx_word' id='word_1_465' title='bbox 1182 5362 1311 5415; x_wconf 86' lang='grc' dir='ltr'><strong>ὅταν</strong></span> <span class='ocrx_word' id='word_1_466' title='bbox 1362 5361 1450 5415; x_wconf 77' lang='grc' dir='ltr'><strong>διὰ</strong></span> <span class='ocrx_word' id='word_1_467' title='bbox 1500 5361 1593 5415; x_wconf 82' lang='grc' dir='ltr'><strong>τὸν</strong></span> <span class='ocrx_word' id='word_1_468' title='bbox 1640 5365 1871 5436; x_wconf 87' lang='grc' dir='ltr'><strong>Χριστόν</strong></span> <span class='ocrx_word' id='word_1_469' title='bbox 1911 5382 1996 5429; x_wconf 88' lang='grc' dir='ltr'><strong>τις</strong></span> 
     </span>
    </p>
   </div>
   <div class='ocr_carea' id='block_1_60' title="bbox 407 5451 617 5519">
    <p class='ocr_par' dir='ltr' id='par_1_60' title="bbox 407 5451 617 5519">
     <span class='ocr_line' id='line_1_60' title="bbox 407 5451 617 5519; baseline -0.005 -18"><span class='ocrx_word' id='word_1_470' title='bbox 407 5451 617 5519; x_wconf 77' lang='grc' dir='ltr'><strong>πάσχῃ.</strong></span> 
     </span>
    </p>
   </div>
   <div class='ocr_carea' id='block_1_61' title="bbox 480 5534 1994 5609">
    <p class='ocr_par' dir='ltr' id='par_1_61' title="bbox 480 5534 1994 5609">
     <span class='ocr_line' id='line_1_61' title="bbox 480 5534 1994 5609; baseline 0.007 -22"><span class='ocrx_word' id='word_1_471' title='bbox 480 5541 548 5603; x_wconf 85' lang='grc' dir='ltr'><strong>γ’.</strong></span> <span class='ocrx_word' id='word_1_472' title='bbox 578 5534 817 5604; x_wconf 77' lang='grc' dir='ltr'><strong>Τοιαύτη</strong></span> <span class='ocrx_word' id='word_1_473' title='bbox 844 5534 952 5606; x_wconf 85' lang='lat'><strong>7&amp;9</strong></span> <span class='ocrx_word' id='word_1_474' title='bbox 982 5537 1015 5605; x_wconf 91' lang='grc' dir='ltr'><strong>ἡ</strong></span> <span class='ocrx_word' id='word_1_475' title='bbox 1043 5534 1139 5590; x_wconf 89' lang='grc' dir='ltr'><strong>τοῦ</strong></span> <span class='ocrx_word' id='word_1_476' title='bbox 1177 5536 1490 5604; x_wconf 87' lang='grc' dir='ltr'><strong>Πνεύματος</strong></span> <span class='ocrx_word' id='word_1_477' title='bbox 1522 5536 1669 5609; x_wconf 82' lang='grc' dir='ltr'><strong>χαρά</strong></span> <span class='ocrx_word' id='word_1_478' title='bbox 1689 5553 1704 5568; x_wconf 86' lang='lat'><strong><em>°</em></strong></span> <span class='ocrx_word' id='word_1_479' title='bbox 1734 5539 1857 5593; x_wconf 81' lang='grc' dir='ltr'><strong>ἀντὶ</strong></span> <span class='ocrx_word' id='word_1_480' title='bbox 1886 5540 1994 5597; x_wconf 86' lang='grc' dir='ltr'><strong>τῶν</strong></span> 
     </span>
    </p>
   </div>
   <div class='ocr_carea' id='block_1_62' title="bbox 403 5616 1991 5705">
    <p class='ocr_par' dir='ltr' id='par_1_62' title="bbox 403 5616 1991 5705">
     <span class='ocr_line' id='line_1_62' title="bbox 403 5616 1991 5705; baseline 0.005 -31"><span class='ocrx_word' id='word_1_481' title='bbox 403 5622 709 5676; x_wconf 78' lang='grc' dir='ltr'><strong>δοκούντων</strong></span> <span class='ocrx_word' id='word_1_482' title='bbox 741 5616 880 5674; x_wconf 78' lang='grc' dir='ltr'><strong>εἶναι</strong></span> <span class='ocrx_word' id='word_1_483' title='bbox 929 5623 1167 5694; x_wconf 81' lang='grc' dir='ltr'><strong>ἀνιαρῶν</strong></span> <span class='ocrx_word' id='word_1_484' title='bbox 1187 5663 1203 5688; x_wconf 93' lang='grc'><strong>,</strong></span> <span class='ocrx_word' id='word_1_485' title='bbox 1237 5623 1430 5693; x_wconf 78' lang='grc' dir='ltr'><strong>ἐκφύει</strong></span> <span class='ocrx_word' id='word_1_486' title='bbox 1453 5623 1550 5694; x_wconf 82' lang='grc' dir='ltr'><strong>τὴν</strong></span> <span class='ocrx_word' id='word_1_487' title='bbox 1580 5625 1991 5705; x_wconf 45' lang='lat' dir='ltr'><strong>ﬂavi-77.101:-</strong></span> 
     </span>
    </p>
   </div>
   <div class='ocr_carea' id='block_1_63' title="bbox 402 5710 1993 5787">
    <p class='ocr_par' dir='ltr' id='par_1_63' title="bbox 402 5710 1993 5787">
     <span class='ocr_line' id='line_1_63' title="bbox 402 5710 1993 5787; baseline 0.008 -28"><span class='ocrx_word' id='word_1_488' title='bbox 402 5711 514 5782; x_wconf 65' lang='grc' dir='ltr'><strong>ψαν</strong></span> <span class='ocrx_word' id='word_1_489' title='bbox 539 5711 710 5780; x_wconf 76' lang='grc' dir='ltr'><strong>ὑμᾶς,</strong></span> <span class='ocrx_word' id='word_1_490' title='bbox 757 5710 910 5780; x_wconf 76' lang='grc' dir='ltr'><strong>φησὶ,</strong></span> <span class='ocrx_word' id='word_1_491' title='bbox 943 5715 1034 5765; x_wconf 70' lang='grc' dir='ltr'><strong>καὶ</strong></span> <span class='ocrx_word' id='word_1_492' title='bbox 1065 5712 1311 5779; x_wconf 76' lang='grc' dir='ltr'><strong>ἐδίωξαν,</strong></span> <span class='ocrx_word' id='word_1_493' title='bbox 1340 5712 1454 5766; x_wconf 77' lang='grc' dir='ltr'><strong>ἀλλ’</strong></span> <span class='ocrx_word' id='word_1_494' title='bbox 1483 5713 1582 5769; x_wconf 86' lang='grc' dir='ltr'><strong>οὐκ</strong></span> <span class='ocrx_word' id='word_1_495' title='bbox 1608 5713 1816 5786; x_wconf 83' lang='grc' dir='ltr'><strong>ἀφῆκεν</strong></span> <span class='ocrx_word' id='word_1_496' title='bbox 1848 5717 1993 5787; x_wconf 82' lang='grc' dir='ltr'><strong>ὑμᾶς</strong></span> 
     </span>
    </p>
   </div>
   <div class='ocr_carea' id='block_1_64' title="bbox 1284 267 2797 332">
    <p class='ocr_par' dir='ltr' id='par_1_64' title="bbox 1284 267 2797 332">
     <span class='ocr_line' id='line_1_64' title="bbox 1284 267 2797 332; baseline 0.001 -1"><span class='ocrx_word' id='word_1_497' title='bbox 1284 273 1351 331; x_wconf 75' lang='grc' dir='ltr'><strong>ΙΝ</strong></span> <span class='ocrx_word' id='word_1_498' title='bbox 1384 274 1608 332; x_wconf 73' lang='grc' dir='ltr'><strong>ΕΡΙΒΤ.</strong></span> <span class='ocrx_word' id='word_1_499' title='bbox 1645 274 1665 328; x_wconf 84' lang='lat' dir='ltr'><strong>l</strong></span> <span class='ocrx_word' id='word_1_500' title='bbox 1702 272 1793 329; x_wconf 73' lang='lat' dir='ltr'><strong>AD</strong></span> <span class='ocrx_word' id='word_1_501' title='bbox 1829 267 2166 327; x_wconf 70' lang='lat' dir='ltr'><strong>THESSAL.</strong></span> <span class='ocrx_word' id='word_1_502' title='bbox 2206 267 2356 327; x_wconf 80' lang='lat' dir='ltr'><strong>CAP.</strong></span> <span class='ocrx_word' id='word_1_503' title='bbox 2396 272 2438 328; x_wconf 90' lang='grc' dir='ltr'><strong>Ι.</strong></span> <span class='ocrx_word' id='word_1_504' title='bbox 2481 270 2715 331; x_wconf 79' lang='lat' dir='ltr'><strong>HOMIL.</strong></span> <span class='ocrx_word' id='word_1_505' title='bbox 2755 275 2797 332; x_wconf 83' lang='grc'><strong>1.</strong></span> 
     </span>
    </p>
   </div>
   <div class='ocr_carea' id='block_1_65' title="bbox 3564 276 3671 331">
    <p class='ocr_par' dir='ltr' id='par_1_65' title="bbox 3564 276 3671 331">
     <span class='ocr_line' id='line_1_65' title="bbox 3564 276 3671 331; baseline -0.028 0"><span class='ocrx_word' id='word_1_506' title='bbox 3564 276 3671 331; x_wconf 75' lang='lat' dir='ltr'><strong>39h</strong></span> 
     </span>
    </p>
   </div>
   <div class='ocr_carea' id='block_1_66' title="bbox 2097 385 3672 461">
    <p class='ocr_par' dir='ltr' id='par_1_66' title="bbox 2097 385 3672 461">
     <span class='ocr_line' id='line_1_66' title="bbox 2097 385 3672 461; baseline 0.003 -22"><span class='ocrx_word' id='word_1_507' title='bbox 2097 386 2158 440; x_wconf 80' lang='grc' dir='ltr'><strong>τὸ</strong></span> <span class='ocrx_word' id='word_1_508' title='bbox 2187 385 2338 461; x_wconf 72' lang='grc'><strong>[429]</strong></span> <span class='ocrx_word' id='word_1_509' title='bbox 2368 387 2591 461; x_wconf 86' lang='grc' dir='ltr'><strong>Πνεῦμα</strong></span> <span class='ocrx_word' id='word_1_510' title='bbox 2614 391 2734 445; x_wconf 70' lang='grc' dir='ltr'><strong>οὐδὲ</strong></span> <span class='ocrx_word' id='word_1_511' title='bbox 2762 393 2819 446; x_wconf 86' lang='grc' dir='ltr'><strong>ἐν</strong></span> <span class='ocrx_word' id='word_1_512' title='bbox 2843 391 3071 456; x_wconf 78' lang='grc' dir='ltr'><strong>ἐκείνοις</strong></span> <span class='ocrx_word' id='word_1_513' title='bbox 3093 409 3104 422; x_wconf 93' lang='grc'><strong>·</strong></span> <span class='ocrx_word' id='word_1_514' title='bbox 3126 391 3236 445; x_wconf 82' lang='grc' dir='ltr'><strong>ἀλλ’</strong></span> <span class='ocrx_word' id='word_1_515' title='bbox 3258 389 3445 460; x_wconf 81' lang='grc' dir='ltr'><strong>ὥσπερ</strong></span> <span class='ocrx_word' id='word_1_516' title='bbox 3466 392 3524 445; x_wconf 70' lang='grc' dir='ltr'><strong>ἐν</strong></span> <span class='ocrx_word' id='word_1_517' title='bbox 3539 391 3672 460; x_wconf 76' lang='grc' dir='ltr'><strong>πυρὶ</strong></span> 
     </span>
    </p>
   </div>
   <div class='ocr_carea' id='block_1_67' title="bbox 2096 475 3673 549">
    <p class='ocr_par' dir='ltr' id='par_1_67' title="bbox 2096 475 3673 549">
     <span class='ocr_line' id='line_1_67' title="bbox 2096 475 3673 549; baseline 0.001 -22"><span class='ocrx_word' id='word_1_518' title='bbox 2096 475 2432 546; x_wconf 79' lang='grc' dir='ltr'><strong>ὲδροσίζοντο</strong></span> <span class='ocrx_word' id='word_1_519' title='bbox 2460 479 2508 530; x_wconf 86' lang='grc' dir='ltr'><strong>οἱ</strong></span> <span class='ocrx_word' id='word_1_520' title='bbox 2529 477 2717 542; x_wconf 87' lang='grc' dir='ltr'><strong>παῖδες</strong></span> <span class='ocrx_word' id='word_1_521' title='bbox 2741 478 2794 531; x_wconf 70' lang='grc' dir='ltr'><strong>οι</strong></span> <span class='ocrx_word' id='word_1_522' title='bbox 2824 481 2993 549; x_wconf 85' lang='grc' dir='ltr'><strong>τρεῖς,</strong></span> <span class='ocrx_word' id='word_1_523' title='bbox 3020 477 3161 532; x_wconf 75' lang='grc' dir='ltr'><strong>οὕτω</strong></span> <span class='ocrx_word' id='word_1_524' title='bbox 3182 476 3274 532; x_wconf 78' lang='grc' dir='ltr'><strong>καὶ</strong></span> <span class='ocrx_word' id='word_1_525' title='bbox 3294 477 3451 548; x_wconf 86' lang='grc' dir='ltr'><strong>ὑμεῖς</strong></span> <span class='ocrx_word' id='word_1_526' title='bbox 3472 477 3529 531; x_wconf 67' lang='grc' dir='ltr'><strong>ἐν</strong></span> <span class='ocrx_word' id='word_1_527' title='bbox 3548 478 3673 539; x_wconf 83' lang='grc' dir='ltr'><strong>ταῖς</strong></span> 
     </span>
    </p>
   </div>
   <div class='ocr_carea' id='block_1_68' title="bbox 2097 560 3673 638">
    <p class='ocr_par' dir='ltr' id='par_1_68' title="bbox 2097 560 3673 638">
     <span class='ocr_line' id='line_1_68' title="bbox 2097 560 3673 638; baseline 0.002 -24"><span class='ocrx_word' id='word_1_528' title='bbox 2097 560 2360 632; x_wconf 81' lang='grc' dir='ltr'><strong>θλίψεσιν.</strong></span> <span class='ocrx_word' id='word_1_529' title='bbox 2387 565 2599 636; x_wconf 82' lang='grc' dir='ltr'><strong>Ὥσπερ</strong></span> <span class='ocrx_word' id='word_1_530' title='bbox 2623 565 2679 619; x_wconf 82' lang='grc' dir='ltr'><strong>δὲ</strong></span> <span class='ocrx_word' id='word_1_531' title='bbox 2713 566 2831 620; x_wconf 79' lang='grc' dir='ltr'><strong>ἐκεῖ</strong></span> <span class='ocrx_word' id='word_1_532' title='bbox 2847 567 2916 620; x_wconf 82' lang='grc' dir='ltr'><strong>οὐ</strong></span> <span class='ocrx_word' id='word_1_533' title='bbox 2935 567 3033 638; x_wconf 87' lang='grc' dir='ltr'><strong>τῆς</strong></span> <span class='ocrx_word' id='word_1_534' title='bbox 3053 565 3147 620; x_wconf 85' lang='grc' dir='ltr'><strong>τοῦ</strong></span> <span class='ocrx_word' id='word_1_535' title='bbox 3174 566 3342 638; x_wconf 83' lang='grc' dir='ltr'><strong>πυρὸς</strong></span> <span class='ocrx_word' id='word_1_536' title='bbox 3369 564 3583 635; x_wconf 69' lang='grc' dir='ltr'><strong>φύσεως</strong></span> <span class='ocrx_word' id='word_1_537' title='bbox 3609 563 3673 618; x_wconf 76' lang='grc' dir='ltr'><strong>τὸ</strong></span> 
     </span>
    </p>
   </div>
   <div class='ocr_carea' id='block_1_69' title="bbox 2095 648 3669 724">
    <p class='ocr_par' dir='ltr' id='par_1_69' title="bbox 2095 648 3669 724">
     <span class='ocr_line' id='line_1_69' title="bbox 2095 648 3669 724; baseline 0.001 -21"><span class='ocrx_word' id='word_1_538' title='bbox 2095 648 2392 719; x_wconf 80' lang='grc' dir='ltr'><strong>δροσίζειν,</strong></span> <span class='ocrx_word' id='word_1_539' title='bbox 2427 649 2564 706; x_wconf 91' lang='grc' dir='ltr'><strong>ἀλλά</strong></span> <span class='ocrx_word' id='word_1_540' title='bbox 2610 652 2704 705; x_wconf 89' lang='grc' dir='ltr'><strong>τοῦ</strong></span> <span class='ocrx_word' id='word_1_541' title='bbox 2752 651 3071 724; x_wconf 80' lang='grc' dir='ltr'><strong>Πνεύματος</strong></span> <span class='ocrx_word' id='word_1_542' title='bbox 3113 653 3206 707; x_wconf 88' lang='grc' dir='ltr'><strong>τοῦ</strong></span> <span class='ocrx_word' id='word_1_543' title='bbox 3247 651 3669 722; x_wconf 75' lang='grc' dir='ltr'><strong>διασυρίςοντοςο</strong></span> 
     </span>
    </p>
   </div>
   <div class='ocr_carea' id='block_1_70' title="bbox 2093 734 3675 811">
    <p class='ocr_par' dir='ltr' id='par_1_70' title="bbox 2093 734 3675 811">
     <span class='ocr_line' id='line_1_70' title="bbox 2093 734 3675 811; baseline 0.003 -23"><span class='ocrx_word' id='word_1_544' title='bbox 2093 734 2236 790; x_wconf 80' lang='grc' dir='ltr'><strong>οῦτω</strong></span> <span class='ocrx_word' id='word_1_545' title='bbox 2269 735 2362 790; x_wconf 78' lang='grc' dir='ltr'><strong>καὶ</strong></span> <span class='ocrx_word' id='word_1_546' title='bbox 2391 735 2647 800; x_wconf 73' lang='grc' dir='ltr'><strong>ἐνταῦθα,</strong></span> <span class='ocrx_word' id='word_1_547' title='bbox 2683 738 2744 790; x_wconf 85' lang='grc' dir='ltr'><strong>οὐ</strong></span> <span class='ocrx_word' id='word_1_548' title='bbox 2777 738 2878 809; x_wconf 88' lang='grc' dir='ltr'><strong>τῆς</strong></span> <span class='ocrx_word' id='word_1_549' title='bbox 2911 739 3128 808; x_wconf 87' lang='grc' dir='ltr'><strong>φύσεως</strong></span> <span class='ocrx_word' id='word_1_550' title='bbox 3168 741 3266 811; x_wconf 85' lang='grc' dir='ltr'><strong>τῆς</strong></span> <span class='ocrx_word' id='word_1_551' title='bbox 3323 739 3556 810; x_wconf 71' lang='grc' dir='ltr'><strong>θλίψεως</strong></span> <span class='ocrx_word' id='word_1_552' title='bbox 3611 736 3675 792; x_wconf 65' lang='grc' dir='ltr'><strong>τὸ</strong></span> 
     </span>
    </p>
   </div>
   <div class='ocr_carea' id='block_1_71' title="bbox 2093 824 3668 902">
    <p class='ocr_par' dir='ltr' id='par_1_71' title="bbox 2093 824 3668 902">
     <span class='ocr_line' id='line_1_71' title="bbox 2093 824 3668 902; baseline 0.002 -25"><span class='ocrx_word' id='word_1_553' title='bbox 2093 824 2193 896; x_wconf 78' lang='grc' dir='ltr'><strong>τὴν</strong></span> <span class='ocrx_word' id='word_1_554' title='bbox 2214 824 2391 895; x_wconf 77' lang='grc' dir='ltr'><strong>χαρὰν</strong></span> <span class='ocrx_word' id='word_1_555' title='bbox 2415 824 2641 891; x_wconf 86' lang='grc' dir='ltr'><strong>τίκτειν,</strong></span> <span class='ocrx_word' id='word_1_556' title='bbox 2658 825 2794 881; x_wconf 88' lang='grc' dir='ltr'><strong>ἀλλά</strong></span> <span class='ocrx_word' id='word_1_557' title='bbox 2816 827 2910 881; x_wconf 88' lang='grc' dir='ltr'><strong>τοῦ</strong></span> <span class='ocrx_word' id='word_1_558' title='bbox 2937 828 3026 883; x_wconf 83' lang='grc' dir='ltr'><strong>διὰ</strong></span> <span class='ocrx_word' id='word_1_559' title='bbox 3048 829 3138 885; x_wconf 83' lang='grc' dir='ltr'><strong>τὸν</strong></span> <span class='ocrx_word' id='word_1_560' title='bbox 3163 829 3397 902; x_wconf 78' lang='grc' dir='ltr'><strong>Χριστὸν</strong></span> <span class='ocrx_word' id='word_1_561' title='bbox 3423 828 3668 899; x_wconf 79' lang='grc' dir='ltr'><strong>πάσχειν,</strong></span> 
     </span>
    </p>
   </div>
   <div class='ocr_carea' id='block_1_72' title="bbox 2094 904 3672 985">
    <p class='ocr_par' dir='ltr' id='par_1_72' title="bbox 2094 904 3672 985">
     <span class='ocr_line' id='line_1_72' title="bbox 2094 904 3672 985; baseline 0.002 -20"><span class='ocrx_word' id='word_1_562' title='bbox 2094 912 2187 965; x_wconf 77' lang='grc' dir='ltr'><strong>καὶ</strong></span> <span class='ocrx_word' id='word_1_563' title='bbox 2211 911 2308 966; x_wconf 82' lang='grc' dir='ltr'><strong>τοῦ</strong></span> <span class='ocrx_word' id='word_1_564' title='bbox 2357 910 2673 982; x_wconf 86' lang='grc' dir='ltr'><strong>Πνεύματος</strong></span> <span class='ocrx_word' id='word_1_565' title='bbox 2702 915 2798 968; x_wconf 87' lang='grc' dir='ltr'><strong>τοῦ</strong></span> <span class='ocrx_word' id='word_1_566' title='bbox 2829 914 3188 985; x_wconf 78' lang='grc' dir='ltr'><strong>δροσίζοντος.</strong></span> <span class='ocrx_word' id='word_1_567' title='bbox 3220 917 3314 971; x_wconf 71' lang='grc' dir='ltr'><strong>καὶ</strong></span> <span class='ocrx_word' id='word_1_568' title='bbox 3339 904 3430 970; x_wconf 54' lang='grc' dir='ltr'><strong>δια</strong></span> <span class='ocrx_word' id='word_1_569' title='bbox 3454 916 3555 984; x_wconf 86' lang='grc' dir='ltr'><strong>τῆς</strong></span> <span class='ocrx_word' id='word_1_570' title='bbox 3574 932 3672 968; x_wconf 91' lang='grc' dir='ltr'><strong>κα-</strong></span> 
     </span>
    </p>
   </div>
   <div class='ocr_carea' id='block_1_73' title="bbox 2095 998 3672 1071">
    <p class='ocr_par' dir='ltr' id='par_1_73' title="bbox 2095 998 3672 1071">
     <span class='ocr_line' id='line_1_73' title="bbox 2095 998 3672 1071; baseline 0.003 -21"><span class='ocrx_word' id='word_1_571' title='bbox 2095 998 2253 1069; x_wconf 90' lang='grc' dir='ltr'><strong>μίνου</strong></span> <span class='ocrx_word' id='word_1_572' title='bbox 2277 998 2386 1052; x_wconf 86' lang='grc' dir='ltr'><strong>τῶν</strong></span> <span class='ocrx_word' id='word_1_573' title='bbox 2411 1000 2734 1071; x_wconf 84' lang='grc' dir='ltr'><strong>πειρασμῶν</strong></span> <span class='ocrx_word' id='word_1_574' title='bbox 2762 1001 2821 1055; x_wconf 75' lang='grc' dir='ltr'><strong>έν</strong></span> <span class='ocrx_word' id='word_1_575' title='bbox 2850 1001 3032 1058; x_wconf 82' lang='grc' dir='ltr'><strong>ἀνέσει</strong></span> <span class='ocrx_word' id='word_1_576' title='bbox 3059 1003 3353 1068; x_wconf 75' lang='grc' dir='ltr'><strong>ποιοῦντος.</strong></span> <span class='ocrx_word' id='word_1_577' title='bbox 3388 1003 3549 1058; x_wconf 79' lang='grc' dir='ltr'><strong>Μετὰ</strong></span> <span class='ocrx_word' id='word_1_578' title='bbox 3575 1018 3672 1070; x_wconf 71' lang='grc' dir='ltr'><strong>χα-</strong></span> 
     </span>
    </p>
   </div>
   <div class='ocr_carea' id='block_1_74' title="bbox 2084 1083 3673 1160">
    <p class='ocr_par' dir='ltr' id='par_1_74' title="bbox 2084 1083 3673 1160">
     <span class='ocr_line' id='line_1_74' title="bbox 2084 1083 3673 1160; baseline 0.001 -21"><span class='ocrx_word' id='word_1_579' title='bbox 2084 1083 2222 1153; x_wconf 82' lang='grc' dir='ltr'><strong>ρᾶς,</strong></span> <span class='ocrx_word' id='word_1_580' title='bbox 2264 1086 2451 1156; x_wconf 79' lang='grc' dir='ltr'><strong>φησὶν,</strong></span> <span class='ocrx_word' id='word_1_581' title='bbox 2479 1086 2579 1157; x_wconf 89' lang='grc' dir='ltr'><strong>οὐχ</strong></span> <span class='ocrx_word' id='word_1_582' title='bbox 2619 1085 2831 1155; x_wconf 83' lang='grc' dir='ltr'><strong>ἁπλῶς,</strong></span> <span class='ocrx_word' id='word_1_583' title='bbox 2883 1087 3023 1143; x_wconf 85' lang='grc' dir='ltr'><strong>ἀλλά</strong></span> <span class='ocrx_word' id='word_1_584' title='bbox 3070 1089 3274 1160; x_wconf 89' lang='grc' dir='ltr'><strong>πολλῆς</strong></span> <span class='ocrx_word' id='word_1_585' title='bbox 3300 1106 3314 1119; x_wconf 90' lang='grc'><strong>·</strong></span> <span class='ocrx_word' id='word_1_586' title='bbox 3357 1088 3516 1142; x_wconf 87' lang='grc' dir='ltr'><strong>τοῦτο</strong></span> <span class='ocrx_word' id='word_1_587' title='bbox 3562 1088 3673 1157; x_wconf 88' lang='grc' dir='ltr'><strong>γάρ</strong></span> 
     </span>
    </p>
   </div>
   <div class='ocr_carea' id='block_1_75' title="bbox 2093 1171 3668 1245">
    <p class='ocr_par' dir='ltr' id='par_1_75' title="bbox 2093 1171 3668 1245">
     <span class='ocr_line' id='line_1_75' title="bbox 2093 1171 3668 1245; baseline 0.002 -21"><span class='ocrx_word' id='word_1_588' title='bbox 2093 1171 2212 1225; x_wconf 80' lang='grc' dir='ltr'><strong>ἐστι</strong></span> <span class='ocrx_word' id='word_1_589' title='bbox 2258 1173 2604 1242; x_wconf 80' lang='grc' dir='ltr'><strong>Πνεύματος</strong></span> <span class='ocrx_word' id='word_1_590' title='bbox 2651 1173 2846 1243; x_wconf 72' lang='grc' dir='ltr'><strong>ἁγίου.</strong></span> <span class='ocrx_word' id='word_1_591' title='bbox 2870 1174 3052 1229; x_wconf 74' lang='grc' dir='ltr'><strong>Ὥστε</strong></span> <span class='ocrx_word' id='word_1_592' title='bbox 3084 1175 3367 1245; x_wconf 75' lang='grc' dir='ltr'><strong>γενέσθαι</strong></span> <span class='ocrx_word' id='word_1_593' title='bbox 3387 1174 3551 1243; x_wconf 72' lang='grc' dir='ltr'><strong>ὑμᾶς</strong></span> <span class='ocrx_word' id='word_1_594' title='bbox 3569 1176 3668 1228; x_wconf 84' lang='grc' dir='ltr'><strong>τύ-</strong></span> 
     </span>
    </p>
   </div>
   <div class='ocr_carea' id='block_1_76' title="bbox 2093 1257 3668 1340">
    <p class='ocr_par' dir='ltr' id='par_1_76' title="bbox 2093 1257 3668 1340">
     <span class='ocr_line' id='line_1_76' title="bbox 2093 1257 3668 1340; baseline 0 -28"><span class='ocrx_word' id='word_1_595' title='bbox 2093 1274 2248 1325; x_wconf 77' lang='grc' dir='ltr'><strong>πους</strong></span> <span class='ocrx_word' id='word_1_596' title='bbox 2272 1257 2425 1314; x_wconf 82' lang='grc' dir='ltr'><strong>πᾶσι</strong></span> <span class='ocrx_word' id='word_1_597' title='bbox 2475 1260 2602 1327; x_wconf 81' lang='grc' dir='ltr'><strong>τοῖς</strong></span> <span class='ocrx_word' id='word_1_598' title='bbox 2644 1262 3043 1316; x_wconf 82' lang='grc' dir='ltr'><strong>πιστεύουσιν</strong></span> <span class='ocrx_word' id='word_1_599' title='bbox 3201 1261 3278 1330; x_wconf 77' lang='grc' dir='ltr'><strong>τῇ</strong></span> <span class='ocrx_word' id='word_1_600' title='bbox 3331 1260 3668 1325; x_wconf 74' lang='grc' dir='ltr'><strong>Μακεδονίᾳ</strong></span> 
     </span>
    </p>
   </div>
   <div class='ocr_carea' id='block_1_77' title="bbox 2092 1343 3665 1419">
    <p class='ocr_par' dir='ltr' id='par_1_77' title="bbox 2092 1343 3665 1419">
     <span class='ocr_line' id='line_1_77' title="bbox 2092 1343 3665 1419; baseline 0.003 -23"><span class='ocrx_word' id='word_1_601' title='bbox 2092 1343 2193 1398; x_wconf 81' lang='grc' dir='ltr'><strong>καί</strong></span> <span class='ocrx_word' id='word_1_602' title='bbox 2233 1345 2449 1414; x_wconf 78' lang='grc' dir='ltr'><strong>Ἀχαΐᾳ.</strong></span> <span class='ocrx_word' id='word_1_603' title='bbox 2488 1347 2600 1400; x_wconf 81' lang='lat' dir='ltr'><strong><em>Kal</em></strong></span> <span class='ocrx_word' id='word_1_604' title='bbox 2649 1347 2757 1418; x_wconf 83' lang='grc' dir='ltr'><strong>μὴν</strong></span> <span class='ocrx_word' id='word_1_605' title='bbox 2774 1348 2835 1400; x_wconf 79' lang='grc' dir='ltr'><strong>ὲν</strong></span> <span class='ocrx_word' id='word_1_606' title='bbox 2862 1347 3076 1419; x_wconf 83' lang='grc' dir='ltr'><strong>ὑστέρῳ</strong></span> <span class='ocrx_word' id='word_1_607' title='bbox 3108 1344 3240 1419; x_wconf 79' lang='grc' dir='ltr'><strong>ἦλθε</strong></span> <span class='ocrx_word' id='word_1_608' title='bbox 3265 1348 3401 1418; x_wconf 82' lang='grc' dir='ltr'><strong>πρὸς</strong></span> <span class='ocrx_word' id='word_1_609' title='bbox 3450 1346 3665 1408; x_wconf 81' lang='grc' dir='ltr'><strong>αὐτούς·</strong></span> 
     </span>
    </p>
   </div>
   <div class='ocr_carea' id='block_1_78' title="bbox 2092 1431 3667 1504">
    <p class='ocr_par' dir='ltr' id='par_1_78' title="bbox 2092 1431 3667 1504">
     <span class='ocr_line' id='line_1_78' title="bbox 2092 1431 3667 1504; baseline -0.001 -20"><span class='ocrx_word' id='word_1_610' title='bbox 2092 1431 2210 1484; x_wconf 77' lang='grc' dir='ltr'><strong>ἀλλ’</strong></span> <span class='ocrx_word' id='word_1_611' title='bbox 2242 1431 2414 1498; x_wconf 79' lang='grc' dir='ltr'><strong>οὕτως</strong></span> <span class='ocrx_word' id='word_1_612' title='bbox 2449 1432 2747 1503; x_wconf 79' lang='grc' dir='ltr'><strong>ὲλάμψατε,</strong></span> <span class='ocrx_word' id='word_1_613' title='bbox 2808 1434 2994 1503; x_wconf 71' lang='grc' dir='ltr'><strong>φησιν,</strong></span> <span class='ocrx_word' id='word_1_614' title='bbox 3024 1433 3100 1497; x_wconf 86' lang='grc' dir='ltr'><strong>ὠς</strong></span> <span class='ocrx_word' id='word_1_615' title='bbox 3130 1432 3239 1488; x_wconf 85' lang='grc' dir='ltr'><strong>τῶν</strong></span> <span class='ocrx_word' id='word_1_616' title='bbox 3286 1432 3667 1504; x_wconf 68' lang='grc' dir='ltr'><strong>προλαϐόντων</strong></span> 
     </span>
    </p>
   </div>
   <div class='ocr_carea' id='block_1_79' title="bbox 2093 1514 3742 1586">
    <p class='ocr_par' dir='ltr' id='par_1_79' title="bbox 2093 1514 3742 1586">
     <span class='ocr_line' id='line_1_79' title="bbox 2093 1514 3742 1586; baseline 0.001 -15"><span class='ocrx_word' id='word_1_617' title='bbox 2093 1518 2343 1586; x_wconf 89' lang='grc' dir='ltr'><strong>γενέσθαι</strong></span> <span class='ocrx_word' id='word_1_618' title='bbox 2399 1520 2729 1575; x_wconf 82' lang='grc' dir='ltr'><strong>διδάσκαλοι.</strong></span> <span class='ocrx_word' id='word_1_619' title='bbox 2777 1521 2889 1574; x_wconf 78' lang='grc' dir='ltr'><strong>Καὶ</strong></span> <span class='ocrx_word' id='word_1_620' title='bbox 2945 1520 3107 1575; x_wconf 88' lang='grc' dir='ltr'><strong>τοῦτο</strong></span> <span class='ocrx_word' id='word_1_621' title='bbox 3155 1519 3531 1576; x_wconf 88' lang='grc' dir='ltr'><strong>ἀποστολικόν.</strong></span> <span class='ocrx_word' id='word_1_622' title='bbox 3594 1521 3669 1573; x_wconf 82' lang='grc' dir='ltr'><strong>Οὐ</strong></span> <span class='ocrx_word' id='word_1_623' title='bbox 3736 1514 3742 1519; x_wconf 64' lang='grc'><em>’</em></span> 
     </span>
    </p>
   </div>
   <div class='ocr_carea' id='block_1_80' title="bbox 2093 1603 3668 1679">
    <p class='ocr_par' dir='ltr' id='par_1_80' title="bbox 2093 1603 3668 1679">
     <span class='ocr_line' id='line_1_80' title="bbox 2093 1603 3668 1679; baseline 0.001 -20"><span class='ocrx_word' id='word_1_624' title='bbox 2093 1606 2201 1678; x_wconf 85' lang='grc' dir='ltr'><strong>γὰρ</strong></span> <span class='ocrx_word' id='word_1_625' title='bbox 2233 1603 2407 1662; x_wconf 81' lang='grc' dir='ltr'><strong>εἶπεν·</strong></span> <span class='ocrx_word' id='word_1_626' title='bbox 2444 1608 2606 1661; x_wconf 80' lang='grc' dir='ltr'><strong>’Ὥστε</strong></span> <span class='ocrx_word' id='word_1_627' title='bbox 2639 1607 2844 1673; x_wconf 87' lang='grc' dir='ltr'><strong>τύπους</strong></span> <span class='ocrx_word' id='word_1_628' title='bbox 2876 1608 3128 1678; x_wconf 79' lang='grc' dir='ltr'><strong>γενέσθαι</strong></span> <span class='ocrx_word' id='word_1_629' title='bbox 3160 1610 3296 1679; x_wconf 86' lang='grc' dir='ltr'><strong>πρὸς</strong></span> <span class='ocrx_word' id='word_1_630' title='bbox 3340 1607 3402 1663; x_wconf 88' lang='grc' dir='ltr'><strong>τδ</strong></span> <span class='ocrx_word' id='word_1_631' title='bbox 3446 1607 3668 1662; x_wconf 86' lang='grc' dir='ltr'><strong>πιστεῦ-</strong></span> 
     </span>
    </p>
   </div>
   <div class='ocr_carea' id='block_1_81' title="bbox 2096 1693 3669 1764">
    <p class='ocr_par' dir='ltr' id='par_1_81' title="bbox 2096 1693 3669 1764">
     <span class='ocr_line' id='line_1_81' title="bbox 2096 1693 3669 1764; baseline 0.001 -19"><span class='ocrx_word' id='word_1_632' title='bbox 2096 1709 2206 1753; x_wconf 87' lang='grc' dir='ltr'><strong>σαι,</strong></span> <span class='ocrx_word' id='word_1_633' title='bbox 2253 1693 2387 1747; x_wconf 84' lang='grc' dir='ltr'><strong>ἁλλά</strong></span> <span class='ocrx_word' id='word_1_634' title='bbox 2415 1697 2524 1756; x_wconf 87' lang='grc' dir='ltr'><strong>τοῖς</strong></span> <span class='ocrx_word' id='word_1_635' title='bbox 2554 1694 2654 1764; x_wconf 72' lang='grc' dir='ltr'><strong>ἤδη</strong></span> <span class='ocrx_word' id='word_1_636' title='bbox 2683 1694 2996 1747; x_wconf 82' lang='grc' dir='ltr'><strong>πιστεύουσι</strong></span> <span class='ocrx_word' id='word_1_637' title='bbox 3023 1694 3191 1758; x_wconf 89' lang='grc' dir='ltr'><strong>τύπος</strong></span> <span class='ocrx_word' id='word_1_638' title='bbox 3221 1693 3470 1764; x_wconf 79' lang='grc' dir='ltr'><strong>ἐγένεσθε</strong></span> <span class='ocrx_word' id='word_1_639' title='bbox 3492 1708 3505 1721; x_wconf 85' lang='lat'><strong>&#39;</strong></span> <span class='ocrx_word' id='word_1_640' title='bbox 3545 1711 3669 1748; x_wconf 81' lang='grc' dir='ltr'><strong>του-</strong></span> 
     </span>
    </p>
   </div>
   <div class='ocr_carea' id='block_1_82' title="bbox 2092 1781 3667 1855">
    <p class='ocr_par' dir='ltr' id='par_1_82' title="bbox 2092 1781 3667 1855">
     <span class='ocr_line' id='line_1_82' title="bbox 2092 1781 3667 1855; baseline 0 -21"><span class='ocrx_word' id='word_1_641' title='bbox 2092 1782 2267 1835; x_wconf 85' lang='grc' dir='ltr'><strong>τέστι·</strong></span> <span class='ocrx_word' id='word_1_642' title='bbox 2300 1782 2424 1846; x_wconf 88' lang='grc' dir='ltr'><strong>Πῶς</strong></span> <span class='ocrx_word' id='word_1_643' title='bbox 2452 1783 2535 1835; x_wconf 85' lang='grc' dir='ltr'><strong>δεῖ</strong></span> <span class='ocrx_word' id='word_1_644' title='bbox 2584 1782 2861 1836; x_wconf 87' lang='grc' dir='ltr'><strong>πιστεύειν</strong></span> <span class='ocrx_word' id='word_1_645' title='bbox 2886 1785 2965 1849; x_wconf 85' lang='grc' dir='ltr'><strong>εἰς</strong></span> <span class='ocrx_word' id='word_1_646' title='bbox 3009 1784 3141 1838; x_wconf 76' lang='grc' dir='ltr'><strong>Θεὸν</strong></span> <span class='ocrx_word' id='word_1_647' title='bbox 3176 1784 3334 1855; x_wconf 78' lang='grc' dir='ltr'><strong>ὑμεῖς</strong></span> <span class='ocrx_word' id='word_1_648' title='bbox 3372 1781 3667 1849; x_wconf 70' lang='grc' dir='ltr'><strong>έδιδάξατε,</strong></span> 
     </span>
    </p>
   </div>
   <div class='ocr_carea' id='block_1_83' title="bbox 2092 1869 3671 1942">
    <p class='ocr_par' dir='ltr' id='par_1_83' title="bbox 2092 1869 3671 1942">
     <span class='ocr_line' id='line_1_83' title="bbox 2092 1869 3671 1942; baseline -0.001 -18"><span class='ocrx_word' id='word_1_649' title='bbox 2092 1871 2141 1924; x_wconf 87' lang='grc' dir='ltr'><strong>οί</strong></span> <span class='ocrx_word' id='word_1_650' title='bbox 2184 1869 2291 1923; x_wconf 73' lang='grc' dir='ltr'><strong>ἀπὸ</strong></span> <span class='ocrx_word' id='word_1_651' title='bbox 2316 1869 2616 1942; x_wconf 86' lang='grc' dir='ltr'><strong>προοιμίων</strong></span> <span class='ocrx_word' id='word_1_652' title='bbox 2652 1872 2732 1934; x_wconf 87' lang='grc' dir='ltr'><strong>είς</strong></span> <span class='ocrx_word' id='word_1_653' title='bbox 2753 1871 2881 1935; x_wconf 86' lang='grc' dir='ltr'><strong>τούς</strong></span> <span class='ocrx_word' id='word_1_654' title='bbox 2906 1872 3124 1941; x_wconf 87' lang='grc' dir='ltr'><strong>ἀγῶνας</strong></span> <span class='ocrx_word' id='word_1_655' title='bbox 3157 1870 3447 1940; x_wconf 70' lang='grc' dir='ltr'><strong>ἐμϐάντες.</strong></span> <span class='ocrx_word' id='word_1_656' title='bbox 3478 1870 3671 1925; x_wconf 78' lang='grc' dir='ltr'><strong>Καίὲν</strong></span> 
     </span>
    </p>
   </div>
   <div class='ocr_carea' id='block_1_84' title="bbox 2094 1955 3671 2032">
    <p class='ocr_par' dir='ltr' id='par_1_84' title="bbox 2094 1955 3671 2032">
     <span class='ocr_line' id='line_1_84' title="bbox 2094 1955 3671 2032; baseline -0.001 -21"><span class='ocrx_word' id='word_1_657' title='bbox 2094 1955 2169 2027; x_wconf 75' lang='grc' dir='ltr'><strong>τῇ</strong></span> <span class='ocrx_word' id='word_1_658' title='bbox 2210 1958 2437 2028; x_wconf 81' lang='grc' dir='ltr'><strong>Ἀχαίᾳ,</strong></span> <span class='ocrx_word' id='word_1_659' title='bbox 2459 1958 2594 2028; x_wconf 87' lang='grc' dir='ltr'><strong>φησί</strong></span> <span class='ocrx_word' id='word_1_660' title='bbox 2621 1974 2634 1987; x_wconf 88' lang='grc'><strong>·</strong></span> <span class='ocrx_word' id='word_1_661' title='bbox 2662 1959 2930 2021; x_wconf 88' lang='grc' dir='ltr'><strong>τουτέστι.</strong></span> <span class='ocrx_word' id='word_1_662' title='bbox 2962 1963 3028 2032; x_wconf 75' lang='grc' dir='ltr'><strong>τῇ</strong></span> <span class='ocrx_word' id='word_1_663' title='bbox 3072 1958 3303 2016; x_wconf 82' lang='grc' dir='ltr'><strong>Ἑλλάδι.</strong></span> <span class='ocrx_word' id='word_1_664' title='bbox 3349 1958 3512 2029; x_wconf 82' lang='grc' dir='ltr'><strong>Ὁρᾷς</strong></span> <span class='ocrx_word' id='word_1_665' title='bbox 3548 1957 3671 2010; x_wconf 79' lang='grc' dir='ltr'><strong>ὅσον</strong></span> 
     </span>
    </p>
   </div>
   <div class='ocr_carea' id='block_1_85' title="bbox 2093 2045 3669 2119">
    <p class='ocr_par' dir='ltr' id='par_1_85' title="bbox 2093 2045 3669 2119">
     <span class='ocr_line' id='line_1_85' title="bbox 2093 2045 3669 2119; baseline 0.001 -19"><span class='ocrx_word' id='word_1_666' title='bbox 2093 2047 2211 2101; x_wconf 77' lang='grc' dir='ltr'><strong>ἐστὶ</strong></span> <span class='ocrx_word' id='word_1_667' title='bbox 2243 2046 2562 2119; x_wconf 85' lang='grc' dir='ltr'><strong>προθυμία;</strong></span> <span class='ocrx_word' id='word_1_668' title='bbox 2593 2048 2713 2102; x_wconf 76' lang='grc' dir='ltr'><strong>Ὀτι</strong></span> <span class='ocrx_word' id='word_1_669' title='bbox 2750 2048 2942 2119; x_wconf 84' lang='grc' dir='ltr'><strong>χρόνου</strong></span> <span class='ocrx_word' id='word_1_670' title='bbox 2970 2048 3032 2103; x_wconf 93' lang='grc' dir='ltr'><strong>οὐ</strong></span> <span class='ocrx_word' id='word_1_671' title='bbox 3060 2049 3252 2114; x_wconf 82' lang='grc' dir='ltr'><strong>δεῖται,</strong></span> <span class='ocrx_word' id='word_1_672' title='bbox 3309 2046 3431 2104; x_wconf 78' lang='grc' dir='ltr'><strong>οὐδὲ</strong></span> <span class='ocrx_word' id='word_1_673' title='bbox 3471 2045 3669 2118; x_wconf 77' lang='grc' dir='ltr'><strong>μελλή-</strong></span> 
     </span>
    </p>
   </div>
   <div class='ocr_carea' id='block_1_86' title="bbox 2097 2133 3670 2208">
    <p class='ocr_par' dir='ltr' id='par_1_86' title="bbox 2097 2133 3670 2208">
     <span class='ocr_line' id='line_1_86' title="bbox 2097 2133 3670 2208; baseline -0.001 -22"><span class='ocrx_word' id='word_1_674' title='bbox 2097 2148 2257 2201; x_wconf 89' lang='grc' dir='ltr'><strong>σεως,</strong></span> <span class='ocrx_word' id='word_1_675' title='bbox 2298 2133 2420 2188; x_wconf 74' lang='grc' dir='ltr'><strong>οὐδὲ</strong></span> <span class='ocrx_word' id='word_1_676' title='bbox 2450 2133 2720 2204; x_wconf 77' lang='grc' dir='ltr'><strong>ἀναϐολῆς</strong></span> <span class='ocrx_word' id='word_1_677' title='bbox 2740 2150 2754 2167; x_wconf 89' lang='grc'><strong>·</strong></span> <span class='ocrx_word' id='word_1_678' title='bbox 2785 2133 2901 2189; x_wconf 81' lang='grc' dir='ltr'><strong>ἀλλ’</strong></span> <span class='ocrx_word' id='word_1_679' title='bbox 2946 2137 3107 2206; x_wconf 88' lang='grc' dir='ltr'><strong>ἀρκεῖ</strong></span> <span class='ocrx_word' id='word_1_680' title='bbox 3137 2136 3485 2208; x_wconf 82' lang='grc' dir='ltr'><strong>παραστῆσαι</strong></span> <span class='ocrx_word' id='word_1_681' title='bbox 3514 2133 3670 2204; x_wconf 87' lang='grc' dir='ltr'><strong>μόνον</strong></span> 
     </span>
    </p>
   </div>
   <div class='ocr_carea' id='block_1_87' title="bbox 2096 2219 3670 2294">
    <p class='ocr_par' dir='ltr' id='par_1_87' title="bbox 2096 2219 3670 2294">
     <span class='ocr_line' id='line_1_87' title="bbox 2096 2219 3670 2294; baseline 0 -21"><span class='ocrx_word' id='word_1_682' title='bbox 2096 2220 2308 2285; x_wconf 78' lang='grc' dir='ltr'><strong>ἑαυτὸν,</strong></span> <span class='ocrx_word' id='word_1_683' title='bbox 2350 2221 2444 2276; x_wconf 55' lang='grc' dir='ltr'><strong>καί⁵</strong></span> <span class='ocrx_word' id='word_1_684' title='bbox 2475 2220 2655 2277; x_wconf 84' lang='grc' dir='ltr'><strong>πάντα</strong></span> <span class='ocrx_word' id='word_1_685' title='bbox 2678 2223 2925 2294; x_wconf 80' lang='grc' dir='ltr'><strong>ῆνυσται.</strong></span> <span class='ocrx_word' id='word_1_686' title='bbox 2996 2221 3155 2277; x_wconf 87' lang='grc' dir='ltr'><strong>Οῦτω</strong></span> <span class='ocrx_word' id='word_1_687' title='bbox 3201 2222 3333 2292; x_wconf 88' lang='grc' dir='ltr'><strong>γοῦν</strong></span> <span class='ocrx_word' id='word_1_688' title='bbox 3374 2224 3470 2277; x_wconf 72' lang='grc' dir='ltr'><strong>καὶ</strong></span> <span class='ocrx_word' id='word_1_689' title='bbox 3524 2219 3670 2275; x_wconf 85' lang='grc' dir='ltr'><strong>οὗτοι</strong></span> 
     </span>
    </p>
   </div>
   <div class='ocr_carea' id='block_1_88' title="bbox 2097 2305 3669 2381">
    <p class='ocr_par' dir='ltr' id='par_1_88' title="bbox 2097 2305 3669 2381">
     <span class='ocr_line' id='line_1_88' title="bbox 2097 2305 3669 2381; baseline 0.001 -21"><span class='ocrx_word' id='word_1_690' title='bbox 2097 2305 2323 2378; x_wconf 73' lang='grc' dir='ltr'><strong>ὕστερον</strong></span> <span class='ocrx_word' id='word_1_691' title='bbox 2356 2308 2749 2380; x_wconf 88' lang='grc' dir='ltr'><strong>προσελθόντες</strong></span> <span class='ocrx_word' id='word_1_692' title='bbox 2789 2310 2868 2379; x_wconf 81' lang='grc' dir='ltr'><strong>τῷ</strong></span> <span class='ocrx_word' id='word_1_693' title='bbox 2911 2309 3250 2381; x_wconf 86' lang='grc' dir='ltr'><strong>κηρύγματι,</strong></span> <span class='ocrx_word' id='word_1_694' title='bbox 3297 2309 3407 2364; x_wconf 88' lang='grc' dir='ltr'><strong>τῶν</strong></span> <span class='ocrx_word' id='word_1_695' title='bbox 3437 2308 3669 2380; x_wconf 83' lang='grc' dir='ltr'><strong>πρῶτων</strong></span> 
     </span>
    </p>
   </div>
   <div class='ocr_carea' id='block_1_89' title="bbox 2096 2390 3665 2466">
    <p class='ocr_par' dir='ltr' id='par_1_89' title="bbox 2096 2390 3665 2466">
     <span class='ocr_line' id='line_1_89' title="bbox 2096 2390 3665 2466; baseline 0.002 -21"><span class='ocrx_word' id='word_1_696' title='bbox 2096 2393 2343 2460; x_wconf 77' lang='grc' dir='ltr'><strong>ἐγένοντο</strong></span> <span class='ocrx_word' id='word_1_697' title='bbox 2416 2393 2744 2449; x_wconf 85' lang='grc' dir='ltr'><strong>διδάσκαλοι.</strong></span> <span class='ocrx_word' id='word_1_698' title='bbox 2802 2395 3012 2466; x_wconf 78' lang='grc' dir='ltr'><strong>Μηδεὶς</strong></span> <span class='ocrx_word' id='word_1_699' title='bbox 3066 2390 3160 2450; x_wconf 83' lang='grc' dir='ltr'><strong>οῦν</strong></span> <span class='ocrx_word' id='word_1_700' title='bbox 3214 2395 3635 2465; x_wconf 80' lang='grc' dir='ltr'><strong>ἀπογινωσκέτω</strong></span> <span class='ocrx_word' id='word_1_701' title='bbox 3653 2412 3665 2426; x_wconf 92' lang='grc'><strong>·</strong></span> 
     </span>
    </p>
   </div>
   <div class='ocr_carea' id='block_1_90' title="bbox 2095 2477 3665 2555">
    <p class='ocr_par' dir='ltr' id='par_1_90' title="bbox 2095 2477 3665 2555">
     <span class='ocr_line' id='line_1_90' title="bbox 2095 2477 3665 2555; baseline 0.003 -24"><span class='ocrx_word' id='word_1_702' title='bbox 2095 2480 2197 2532; x_wconf 73' lang='grc' dir='ltr'><strong>κᾶν</strong></span> <span class='ocrx_word' id='word_1_703' title='bbox 2243 2479 2415 2534; x_wconf 82' lang='grc' dir='ltr'><strong>πολὺν</strong></span> <span class='ocrx_word' id='word_1_704' title='bbox 2456 2480 2738 2545; x_wconf 82' lang='grc' dir='ltr'><strong>ἀναλώσας</strong></span> <span class='ocrx_word' id='word_1_705' title='bbox 2764 2482 2956 2553; x_wconf 84' lang='grc' dir='ltr'><strong>χρόνον</strong></span> <span class='ocrx_word' id='word_1_706' title='bbox 3003 2484 3171 2554; x_wconf 72' lang='grc' dir='ltr'><strong>μηδὲν</strong></span> <span class='ocrx_word' id='word_1_707' title='bbox 3205 2483 3583 2554; x_wconf 73' lang='grc' dir='ltr'><strong>ἐργασάμενος</strong></span> <span class='ocrx_word' id='word_1_708' title='bbox 3609 2477 3665 2555; x_wconf 81' lang='grc' dir='ltr'><strong>ᾖ,</strong></span> 
     </span>
    </p>
   </div>
   <div class='ocr_carea' id='block_1_91' title="bbox 2093 2565 3667 2641">
    <p class='ocr_par' dir='ltr' id='par_1_91' title="bbox 2093 2565 3667 2641">
     <span class='ocr_line' id='line_1_91' title="bbox 2093 2565 3667 2641; baseline 0.001 -22"><span class='ocrx_word' id='word_1_709' title='bbox 2093 2565 2301 2620; x_wconf 76' lang='grc' dir='ltr'><strong>ἔνεστιν</strong></span> <span class='ocrx_word' id='word_1_710' title='bbox 2332 2567 2481 2638; x_wconf 85' lang='grc' dir='ltr'><strong>αὐτῷ</strong></span> <span class='ocrx_word' id='word_1_711' title='bbox 2512 2571 2607 2624; x_wconf 78' lang='grc' dir='ltr'><strong>καὶ</strong></span> <span class='ocrx_word' id='word_1_712' title='bbox 2632 2568 2720 2622; x_wconf 91' lang='grc' dir='ltr'><strong>διά</strong></span> <span class='ocrx_word' id='word_1_713' title='bbox 2751 2568 2952 2641; x_wconf 87' lang='grc' dir='ltr'><strong>μικροῦ</strong></span> <span class='ocrx_word' id='word_1_714' title='bbox 3001 2568 3252 2623; x_wconf 85' lang='grc' dir='ltr'><strong>τοσοῦτον</strong></span> <span class='ocrx_word' id='word_1_715' title='bbox 3311 2568 3667 2641; x_wconf 71' lang='grc' dir='ltr'><strong>ἐργάσασθαι,</strong></span> 
     </span>
    </p>
   </div>
   <div class='ocr_carea' id='block_1_92' title="bbox 2093 2654 3670 2729">
    <p class='ocr_par' dir='ltr' id='par_1_92' title="bbox 2093 2654 3670 2729">
     <span class='ocr_line' id='line_1_92' title="bbox 2093 2654 3670 2729; baseline 0.001 -22"><span class='ocrx_word' id='word_1_716' title='bbox 2093 2654 2217 2709; x_wconf 82' lang='grc' dir='ltr'><strong>ὅσον</strong></span> <span class='ocrx_word' id='word_1_717' title='bbox 2241 2654 2362 2708; x_wconf 84' lang='grc' dir='ltr'><strong>οὐδὲ</strong></span> <span class='ocrx_word' id='word_1_718' title='bbox 2389 2657 2446 2708; x_wconf 72' lang='grc' dir='ltr'><strong>έν</strong></span> <span class='ocrx_word' id='word_1_719' title='bbox 2476 2655 2556 2726; x_wconf 86' lang='grc' dir='ltr'><strong>τῷ</strong></span> <span class='ocrx_word' id='word_1_720' title='bbox 2585 2656 2895 2727; x_wconf 79' lang='grc' dir='ltr'><strong>ἔμπροσθεν</strong></span> <span class='ocrx_word' id='word_1_721' title='bbox 2925 2657 3126 2729; x_wconf 86' lang='grc' dir='ltr'><strong>χρόνῳ.</strong></span> <span class='ocrx_word' id='word_1_722' title='bbox 3155 2658 3216 2711; x_wconf 73' lang='lat' dir='ltr'><strong><em>El</em></strong></span> <span class='ocrx_word' id='word_1_723' title='bbox 3241 2657 3351 2728; x_wconf 85' lang='lat'><strong>7&amp;9</strong></span> <span class='ocrx_word' id='word_1_724' title='bbox 3384 2660 3413 2710; x_wconf 84' lang='grc' dir='ltr'><strong>ό</strong></span> <span class='ocrx_word' id='word_1_725' title='bbox 3446 2656 3670 2727; x_wconf 85' lang='grc' dir='ltr'><strong>μηδέπω</strong></span> 
     </span>
    </p>
   </div>
   <div class='ocr_carea' id='block_1_93' title="bbox 2094 2740 3667 2817">
    <p class='ocr_par' dir='ltr' id='par_1_93' title="bbox 2094 2740 3667 2817">
     <span class='ocr_line' id='line_1_93' title="bbox 2094 2740 3667 2817; baseline 0.001 -23"><span class='ocrx_word' id='word_1_726' title='bbox 2094 2741 2413 2806; x_wconf 81' lang='grc' dir='ltr'><strong>πιστεύσας,</strong></span> <span class='ocrx_word' id='word_1_727' title='bbox 2464 2740 2718 2797; x_wconf 88' lang='grc' dir='ltr'><strong>τοσοῦτον</strong></span> <span class='ocrx_word' id='word_1_728' title='bbox 2750 2743 2992 2813; x_wconf 76' lang='grc' dir='ltr'><strong>ἔλαμψεν</strong></span> <span class='ocrx_word' id='word_1_729' title='bbox 3024 2744 3084 2798; x_wconf 74' lang='grc' dir='ltr'><strong>έν</strong></span> <span class='ocrx_word' id='word_1_730' title='bbox 3106 2745 3272 2817; x_wconf 74' lang='grc' dir='ltr'><strong>ἀρχῇ,</strong></span> <span class='ocrx_word' id='word_1_731' title='bbox 3306 2744 3484 2814; x_wconf 80' lang='grc' dir='ltr'><strong>πολλῷ</strong></span> <span class='ocrx_word' id='word_1_732' title='bbox 3533 2744 3667 2814; x_wconf 81' lang='grc' dir='ltr'><strong>μᾶλ-</strong></span> 
     </span>
    </p>
   </div>
   <div class='ocr_carea' id='block_1_94' title="bbox 2092 2827 2838 2899">
    <p class='ocr_par' dir='ltr' id='par_1_94' title="bbox 2092 2827 2838 2899">
     <span class='ocr_line' id='line_1_94' title="bbox 2092 2827 2838 2899; baseline 0.003 -19"><span class='ocrx_word' id='word_1_733' title='bbox 2092 2827 2183 2881; x_wconf 80' lang='grc' dir='ltr'><strong>λον</strong></span> <span class='ocrx_word' id='word_1_734' title='bbox 2208 2829 2258 2881; x_wconf 90' lang='grc' dir='ltr'><strong>οί</strong></span> <span class='ocrx_word' id='word_1_735' title='bbox 2290 2829 2391 2899; x_wconf 80' lang='grc' dir='ltr'><strong>ήδη</strong></span> <span class='ocrx_word' id='word_1_736' title='bbox 2433 2828 2838 2894; x_wconf 85' lang='grc' dir='ltr'><strong>πιστεύσαντες.</strong></span> 
     </span>
    </p>
   </div>
   <div class='ocr_carea' id='block_1_95' title="bbox 2162 2913 3661 2988">
    <p class='ocr_par' dir='ltr' id='par_1_95' title="bbox 2162 2913 3661 2988">
     <span class='ocr_line' id='line_1_95' title="bbox 2162 2913 3661 2988; baseline -0.001 -20"><span class='ocrx_word' id='word_1_737' title='bbox 2162 2913 2371 2984; x_wconf 80' lang='grc' dir='ltr'><strong>Μηδεὶς</strong></span> <span class='ocrx_word' id='word_1_738' title='bbox 2424 2915 2589 2970; x_wconf 82' lang='grc' dir='ltr'><strong>πάλιν</strong></span> <span class='ocrx_word' id='word_1_739' title='bbox 2632 2914 2791 2970; x_wconf 87' lang='grc' dir='ltr'><strong>τοῦτο</strong></span> <span class='ocrx_word' id='word_1_740' title='bbox 2833 2916 3030 2971; x_wconf 74' lang='grc' dir='ltr'><strong>ιννοῶν</strong></span> <span class='ocrx_word' id='word_1_741' title='bbox 3083 2916 3417 2988; x_wconf 72' lang='grc' dir='ltr'><strong>ῥᾳθυμείτω,</strong></span> <span class='ocrx_word' id='word_1_742' title='bbox 3473 2915 3661 2987; x_wconf 85' lang='grc' dir='ltr'><strong>μαθὼν</strong></span> 
     </span>
    </p>
   </div>
   <div class='ocr_carea' id='block_1_96' title="bbox 2095 3002 3686 3076">
    <p class='ocr_par' dir='ltr' id='par_1_96' title="bbox 2095 3002 3686 3076">
     <span class='ocr_line' id='line_1_96' title="bbox 2095 3002 3686 3076; baseline 0.004 -20"><span class='ocrx_word' id='word_1_743' title='bbox 2095 3003 2175 3056; x_wconf 83' lang='grc' dir='ltr'><strong>ὅτι</strong></span> <span class='ocrx_word' id='word_1_744' title='bbox 2204 3002 2323 3068; x_wconf 74' lang='grc' dir='ltr'><strong>ἐξὸν</strong></span> <span class='ocrx_word' id='word_1_745' title='bbox 2353 3006 2411 3057; x_wconf 73' lang='grc' dir='ltr'><strong>ὲν</strong></span> <span class='ocrx_word' id='word_1_746' title='bbox 2444 3003 2638 3074; x_wconf 83' lang='grc' dir='ltr'><strong>βραχεῖ</strong></span> <span class='ocrx_word' id='word_1_747' title='bbox 2669 3006 2846 3076; x_wconf 85' lang='grc' dir='ltr'><strong>χρόνῳ</strong></span> <span class='ocrx_word' id='word_1_748' title='bbox 2887 3005 2951 3058; x_wconf 83' lang='grc' dir='ltr'><strong>τὸ</strong></span> <span class='ocrx_word' id='word_1_749' title='bbox 2984 3006 3093 3059; x_wconf 76' lang='grc' dir='ltr'><strong>πᾶν</strong></span> <span class='ocrx_word' id='word_1_750' title='bbox 3131 3004 3575 3074; x_wconf 69' lang='grc' dir='ltr'><strong>ἀνακτήσασθαν</strong></span> <span class='ocrx_word' id='word_1_751' title='bbox 3607 3006 3686 3063; x_wconf 82' lang='grc' dir='ltr'><strong>τὸ.</strong></span> 
     </span>
    </p>
   </div>
   <div class='ocr_carea' id='block_1_97' title="bbox 2100 3089 3665 3161">
    <p class='ocr_par' dir='ltr' id='par_1_97' title="bbox 2100 3089 3665 3161">
     <span class='ocr_line' id='line_1_97' title="bbox 2100 3089 3665 3161; baseline 0.001 -20"><span class='ocrx_word' id='word_1_752' title='bbox 2100 3090 2211 3160; x_wconf 78' lang='grc' dir='ltr'><strong>γὰρ</strong></span> <span class='ocrx_word' id='word_1_753' title='bbox 2246 3089 2439 3159; x_wconf 83' lang='grc' dir='ltr'><strong>μέλλον</strong></span> <span class='ocrx_word' id='word_1_754' title='bbox 2464 3090 2678 3161; x_wconf 73' lang='grc' dir='ltr'><strong>ἄδηλον,</strong></span> <span class='ocrx_word' id='word_1_755' title='bbox 2711 3090 2804 3145; x_wconf 78' lang='grc' dir='ltr'><strong>καὶ</strong></span> <span class='ocrx_word' id='word_1_756' title='bbox 2835 3089 3074 3161; x_wconf 83' lang='grc' dir='ltr'><strong>κλέπτης</strong></span> <span class='ocrx_word' id='word_1_757' title='bbox 3109 3091 3259 3145; x_wconf 72' lang='grc' dir='ltr'><strong>ἐστὶν</strong></span> <span class='ocrx_word' id='word_1_758' title='bbox 3292 3092 3325 3160; x_wconf 78' lang='grc' dir='ltr'><strong>ἡ</strong></span> <span class='ocrx_word' id='word_1_759' title='bbox 3359 3092 3542 3161; x_wconf 78' lang='grc' dir='ltr'><strong>ἡμέρα</strong></span> <span class='ocrx_word' id='word_1_760' title='bbox 3569 3090 3665 3144; x_wconf 89' lang='grc' dir='ltr'><strong>τοῦ</strong></span> 
     </span>
    </p>
   </div>
   <div class='ocr_carea' id='block_1_98' title="bbox 2102 3175 3665 3247">
    <p class='ocr_par' dir='ltr' id='par_1_98' title="bbox 2102 3175 3665 3247">
     <span class='ocr_line' id='line_1_98' title="bbox 2102 3175 3665 3247; baseline 0.001 -19"><span class='ocrx_word' id='word_1_761' title='bbox 2102 3176 2334 3245; x_wconf 86' lang='grc' dir='ltr'><strong>Κυρίου,</strong></span> <span class='ocrx_word' id='word_1_762' title='bbox 2357 3176 2550 3246; x_wconf 88' lang='grc' dir='ltr'><strong>ἀθρόον</strong></span> <span class='ocrx_word' id='word_1_763' title='bbox 2578 3177 2709 3247; x_wconf 78' lang='grc' dir='ltr'><strong>ἡμῖν</strong></span> <span class='ocrx_word' id='word_1_764' title='bbox 2734 3175 3084 3230; x_wconf 87' lang='grc' dir='ltr'><strong>καθεύδουσιν</strong></span> <span class='ocrx_word' id='word_1_765' title='bbox 3129 3176 3479 3246; x_wconf 68' lang='grc' dir='ltr'><strong>ἐπιτιθεμένη</strong></span> <span class='ocrx_word' id='word_1_766' title='bbox 3504 3194 3517 3208; x_wconf 75' lang='grc' dir='ltr'><strong>ο</strong></span> <span class='ocrx_word' id='word_1_767' title='bbox 3550 3175 3665 3231; x_wconf 85' lang='grc' dir='ltr'><strong>ἀλλ’</strong></span> 
     </span>
    </p>
   </div>
   <div class='ocr_carea' id='block_1_99' title="bbox 2093 3260 3663 3334">
    <p class='ocr_par' dir='ltr' id='par_1_99' title="bbox 2093 3260 3663 3334">
     <span class='ocr_line' id='line_1_99' title="bbox 2093 3260 3663 3334; baseline 0.002 -20"><span class='ocrx_word' id='word_1_768' title='bbox 2093 3260 2190 3316; x_wconf 67' lang='grc' dir='ltr'><strong>ἐὰν</strong></span> <span class='ocrx_word' id='word_1_769' title='bbox 2215 3261 2292 3332; x_wconf 82' lang='grc' dir='ltr'><strong>μὴ</strong></span> <span class='ocrx_word' id='word_1_770' title='bbox 2322 3262 2691 3332; x_wconf 86' lang='grc' dir='ltr'><strong>καθεύδωμεν,</strong></span> <span class='ocrx_word' id='word_1_771' title='bbox 2705 3263 2804 3332; x_wconf 87' lang='grc' dir='ltr'><strong>οὐχ</strong></span> <span class='ocrx_word' id='word_1_772' title='bbox 2819 3262 2893 3327; x_wconf 86' lang='grc' dir='ltr'><strong>ὡς</strong></span> <span class='ocrx_word' id='word_1_773' title='bbox 2910 3262 3148 3332; x_wconf 87' lang='grc' dir='ltr'><strong>κλέπτης</strong></span> <span class='ocrx_word' id='word_1_774' title='bbox 3169 3265 3302 3333; x_wconf 79' lang='grc' dir='ltr'><strong>ἡμῖν</strong></span> <span class='ocrx_word' id='word_1_775' title='bbox 3322 3263 3663 3334; x_wconf 71' lang='grc' dir='ltr'><strong>ἐπιθήσεται,</strong></span> 
     </span>
    </p>
   </div>
   <div class='ocr_carea' id='block_1_100' title="bbox 2094 3348 3671 3422">
    <p class='ocr_par' dir='ltr' id='par_1_100' title="bbox 2094 3348 3671 3422">
     <span class='ocr_line' id='line_1_100' title="bbox 2094 3348 3671 3422; baseline 0.003 -21"><span class='ocrx_word' id='word_1_776' title='bbox 2094 3348 2214 3402; x_wconf 85' lang='grc' dir='ltr'><strong>οὐδὲ</strong></span> <span class='ocrx_word' id='word_1_777' title='bbox 2232 3348 2752 3418; x_wconf 87' lang='grc' dir='ltr'><strong>ἀπαρασκευάστους</strong></span> <span class='ocrx_word' id='word_1_778' title='bbox 2774 3348 2996 3413; x_wconf 81' lang='grc' dir='ltr'><strong>ἀπάξει.</strong></span> <span class='ocrx_word' id='word_1_779' title='bbox 3031 3350 3156 3403; x_wconf 79' lang='grc' dir='ltr'>Ἐὰν</span> <span class='ocrx_word' id='word_1_780' title='bbox 3178 3351 3287 3421; x_wconf 84' lang='grc' dir='ltr'><strong>γὰρ</strong></span> <span class='ocrx_word' id='word_1_781' title='bbox 3307 3351 3671 3422; x_wconf 82' lang='grc' dir='ltr'><strong>γρηγορῶμεν</strong></span> 
     </span>
    </p>
   </div>
   <div class='ocr_carea' id='block_1_101' title="bbox 2096 3434 3664 3510">
    <p class='ocr_par' dir='ltr' id='par_1_101' title="bbox 2096 3434 3664 3510">
     <span class='ocr_line' id='line_1_101' title="bbox 2096 3434 3664 3510; baseline 0.002 -21"><span class='ocrx_word' id='word_1_782' title='bbox 2096 3437 2194 3489; x_wconf 78' lang='grc' dir='ltr'><strong>καὶ</strong></span> <span class='ocrx_word' id='word_1_783' title='bbox 2228 3434 2507 3505; x_wconf 85' lang='grc' dir='ltr'><strong>νήφωμεν,</strong></span> <span class='ocrx_word' id='word_1_784' title='bbox 2542 3435 2728 3489; x_wconf 81' lang='grc' dir='ltr'><strong>οὐκέτι</strong></span> <span class='ocrx_word' id='word_1_785' title='bbox 2760 3436 2893 3506; x_wconf 79' lang='grc' dir='ltr'><strong>ἡμῖν</strong></span> <span class='ocrx_word' id='word_1_786' title='bbox 2922 3435 2998 3499; x_wconf 85' lang='grc' dir='ltr'><strong>ὡς</strong></span> <span class='ocrx_word' id='word_1_787' title='bbox 3041 3436 3277 3507; x_wconf 89' lang='grc' dir='ltr'><strong>κλέπτης</strong></span> <span class='ocrx_word' id='word_1_788' title='bbox 3326 3437 3664 3510; x_wconf 75' lang='grc' dir='ltr'><strong>ἐπιθήσεται.</strong></span> 
     </span>
    </p>
   </div>
   <div class='ocr_carea' id='block_1_102' title="bbox 2096 3520 3662 3595">
    <p class='ocr_par' dir='ltr' id='par_1_102' title="bbox 2096 3520 3662 3595">
     <span class='ocr_line' id='line_1_102' title="bbox 2096 3520 3662 3595; baseline 0.003 -21"><span class='ocrx_word' id='word_1_789' title='bbox 2096 3521 2216 3575; x_wconf 89' lang='grc' dir='ltr'><strong>ἀλλ’</strong></span> <span class='ocrx_word' id='word_1_790' title='bbox 2246 3520 2323 3585; x_wconf 84' lang='grc' dir='ltr'><strong>ὡς</strong></span> <span class='ocrx_word' id='word_1_791' title='bbox 2352 3520 2583 3590; x_wconf 82' lang='grc' dir='ltr'><strong>ἄγγελος</strong></span> <span class='ocrx_word' id='word_1_792' title='bbox 2625 3520 2903 3591; x_wconf 80' lang='grc' dir='ltr'><strong>βασιλικὸς</strong></span> <span class='ocrx_word' id='word_1_793' title='bbox 2932 3522 3111 3577; x_wconf 84' lang='grc' dir='ltr'><strong>καλῶν</strong></span> <span class='ocrx_word' id='word_1_794' title='bbox 3132 3525 3278 3593; x_wconf 79' lang='grc' dir='ltr'><strong>ἡμᾶς</strong></span> <span class='ocrx_word' id='word_1_795' title='bbox 3306 3525 3400 3578; x_wconf 73' lang='grc' dir='ltr'><strong>ἐπὶ</strong></span> <span class='ocrx_word' id='word_1_796' title='bbox 3427 3525 3498 3580; x_wconf 72' lang='grc' dir='ltr'><strong>τά</strong></span> <span class='ocrx_word' id='word_1_797' title='bbox 3524 3527 3662 3595; x_wconf 85' lang='grc' dir='ltr'><strong>ἡτοι-</strong></span> 
     </span>
    </p>
   </div>
   <div class='ocr_carea' id='block_1_103' title="bbox 2099 3607 3666 3682">
    <p class='ocr_par' dir='ltr' id='par_1_103' title="bbox 2099 3607 3666 3682">
     <span class='ocr_line' id='line_1_103' title="bbox 2099 3607 3666 3682; baseline 0.003 -20"><span class='ocrx_word' id='word_1_798' title='bbox 2099 3608 2362 3680; x_wconf 85' lang='grc' dir='ltr'><strong>μασμένα</strong></span> <span class='ocrx_word' id='word_1_799' title='bbox 2391 3607 2521 3677; x_wconf 84' lang='grc' dir='ltr'><strong>ἡμῖν</strong></span> <span class='ocrx_word' id='word_1_800' title='bbox 2547 3608 2729 3678; x_wconf 86' lang='grc' dir='ltr'><strong>ἀγαθά</strong></span> <span class='ocrx_word' id='word_1_801' title='bbox 2750 3626 2766 3641; x_wconf 77' lang='grc' dir='ltr'><strong>ο</strong></span> <span class='ocrx_word' id='word_1_802' title='bbox 2813 3607 2880 3663; x_wconf 85' lang='grc' dir='ltr'><strong>ἂν</strong></span> <span class='ocrx_word' id='word_1_803' title='bbox 2908 3610 2965 3663; x_wconf 82' lang='grc' dir='ltr'><strong>δὲ</strong></span> <span class='ocrx_word' id='word_1_804' title='bbox 3011 3610 3382 3682; x_wconf 78' lang='grc' dir='ltr'><strong>καθεύδωμεν,</strong></span> <span class='ocrx_word' id='word_1_805' title='bbox 3419 3612 3497 3677; x_wconf 87' lang='grc' dir='ltr'><strong>ὡς</strong></span> <span class='ocrx_word' id='word_1_806' title='bbox 3544 3613 3666 3666; x_wconf 80' lang='grc' dir='ltr'><strong>κλέ-</strong></span> 
     </span>
    </p>
   </div>
   <div class='ocr_carea' id='block_1_104' title="bbox 2099 3694 3667 3767">
    <p class='ocr_par' dir='ltr' id='par_1_104' title="bbox 2099 3694 3667 3767">
     <span class='ocr_line' id='line_1_104' title="bbox 2099 3694 3667 3767; baseline 0.001 -19"><span class='ocrx_word' id='word_1_807' title='bbox 2099 3712 2241 3765; x_wconf 86' lang='grc' dir='ltr'><strong>πτης</strong></span> <span class='ocrx_word' id='word_1_808' title='bbox 2287 3694 2593 3763; x_wconf 79' lang='grc' dir='ltr'><strong>ἐφίσταται.</strong></span> <span class='ocrx_word' id='word_1_809' title='bbox 2630 3695 2835 3764; x_wconf 76' lang='grc' dir='ltr'><strong>Μηδεὶς</strong></span> <span class='ocrx_word' id='word_1_810' title='bbox 2878 3695 3057 3749; x_wconf 83' lang='grc' dir='ltr'><strong>τοίνυν</strong></span> <span class='ocrx_word' id='word_1_811' title='bbox 3105 3695 3432 3760; x_wconf 75' lang='grc' dir='ltr'><strong>καθευδέτω,</strong></span> <span class='ocrx_word' id='word_1_812' title='bbox 3480 3696 3667 3767; x_wconf 77' lang='grc' dir='ltr'><strong>μηδεὶς</strong></span> 
     </span>
    </p>
   </div>
   <div class='ocr_carea' id='block_1_105' title="bbox 2097 3780 3665 3853">
    <p class='ocr_par' dir='ltr' id='par_1_105' title="bbox 2097 3780 3665 3853">
     <span class='ocr_line' id='line_1_105' title="bbox 2097 3780 3665 3853; baseline 0.001 -17"><span class='ocrx_word' id='word_1_813' title='bbox 2097 3781 2267 3853; x_wconf 84' lang='grc' dir='ltr'><strong>ἀργὸς</strong></span> <span class='ocrx_word' id='word_1_814' title='bbox 2308 3780 2449 3835; x_wconf 75' lang='grc' dir='ltr'><strong>ἔστω</strong></span> <span class='ocrx_word' id='word_1_815' title='bbox 2487 3782 2623 3852; x_wconf 66' lang='grc' dir='ltr'><strong>πρὸς</strong></span> <span class='ocrx_word' id='word_1_816' title='bbox 2670 3782 2904 3853; x_wconf 80' lang='grc' dir='ltr'><strong>ἀρετήν’</strong></span> <span class='ocrx_word' id='word_1_817' title='bbox 2956 3783 3114 3836; x_wconf 92' lang='grc' dir='ltr'><strong>τοῦτο</strong></span> <span class='ocrx_word' id='word_1_818' title='bbox 3140 3782 3249 3853; x_wconf 85' lang='grc' dir='ltr'><strong>γάρ</strong></span> <span class='ocrx_word' id='word_1_819' title='bbox 3287 3781 3437 3838; x_wconf 65' lang='grc' dir='ltr'><strong>ἐστιν</strong></span> <span class='ocrx_word' id='word_1_820' title='bbox 3480 3782 3665 3847; x_wconf 77' lang='grc' dir='ltr'><strong>ὕπνος.</strong></span> 
     </span>
    </p>
   </div>
   <div class='ocr_carea' id='block_1_106' title="bbox 2098 3863 3668 3936">
    <p class='ocr_par' dir='ltr' id='par_1_106' title="bbox 2098 3863 3668 3936">
     <span class='ocr_line' id='line_1_106' title="bbox 2098 3863 3668 3936; baseline 0.001 -19"><span class='ocrx_word' id='word_1_821' title='bbox 2098 3865 2212 3917; x_wconf 88' lang='grc' dir='ltr'><strong>Οὐκ</strong></span> <span class='ocrx_word' id='word_1_822' title='bbox 2246 3865 2382 3932; x_wconf 85' lang='grc' dir='ltr'><strong>ῖστε,</strong></span> <span class='ocrx_word' id='word_1_823' title='bbox 2417 3864 2544 3917; x_wconf 73' lang='grc' dir='ltr'><strong>ὅταν</strong></span> <span class='ocrx_word' id='word_1_824' title='bbox 2572 3863 2943 3933; x_wconf 85' lang='grc' dir='ltr'><strong>καθεύδωμεν,</strong></span> <span class='ocrx_word' id='word_1_825' title='bbox 2976 3865 3093 3928; x_wconf 84' lang='grc' dir='ltr'><strong>πῶς</strong></span> <span class='ocrx_word' id='word_1_826' title='bbox 3123 3866 3222 3918; x_wconf 90' lang='grc' dir='ltr'><strong>οὐκ</strong></span> <span class='ocrx_word' id='word_1_827' title='bbox 3250 3864 3395 3919; x_wconf 76' lang='grc' dir='ltr'><strong>ἔστιν</strong></span> <span class='ocrx_word' id='word_1_828' title='bbox 3416 3867 3474 3919; x_wconf 84' lang='grc' dir='ltr'><strong>ὲν</strong></span> <span class='ocrx_word' id='word_1_829' title='bbox 3494 3866 3668 3936; x_wconf 84' lang='grc' dir='ltr'><strong>ἀσφα-</strong></span> 
     </span>
    </p>
   </div>
   <div class='ocr_carea' id='block_1_107' title="bbox 2097 3948 3665 4022">
    <p class='ocr_par' dir='ltr' id='par_1_107' title="bbox 2097 3948 3665 4022">
     <span class='ocr_line' id='line_1_107' title="bbox 2097 3948 3665 4022; baseline 0 -18"><span class='ocrx_word' id='word_1_830' title='bbox 2097 3950 2180 4004; x_wconf 92' lang='grc' dir='ltr'><strong>λεῖ</strong></span> <span class='ocrx_word' id='word_1_831' title='bbox 2205 3950 2274 4004; x_wconf 85' lang='grc' dir='ltr'><strong>τὰ</strong></span> <span class='ocrx_word' id='word_1_832' title='bbox 2302 3950 2569 4021; x_wconf 80' lang='grc' dir='ltr'><strong>ἡμέτερα,</strong></span> <span class='ocrx_word' id='word_1_833' title='bbox 2590 3948 2708 4011; x_wconf 84' lang='grc' dir='ltr'><strong>πῶς</strong></span> <span class='ocrx_word' id='word_1_834' title='bbox 2740 3949 3192 4014; x_wconf 81' lang='grc' dir='ltr'><strong>εὐεπιϐούλευτα;</strong></span> <span class='ocrx_word' id='word_1_835' title='bbox 3225 3952 3352 4004; x_wconf 84' lang='grc' dir='ltr'><strong>ὅταν</strong></span> <span class='ocrx_word' id='word_1_836' title='bbox 3380 3951 3436 4004; x_wconf 78' lang='grc' dir='ltr'><strong>δὲ</strong></span> <span class='ocrx_word' id='word_1_837' title='bbox 3459 3968 3665 4022; x_wconf 86' lang='grc' dir='ltr'><strong>γρηγο-</strong></span> 
     </span>
    </p>
   </div>
   <div class='ocr_carea' id='block_1_108' title="bbox 2099 4035 3667 4111">
    <p class='ocr_par' dir='ltr' id='par_1_108' title="bbox 2099 4035 3667 4111">
     <span class='ocr_line' id='line_1_108' title="bbox 2099 4035 3667 4111; baseline -0.001 -18"><span class='ocrx_word' id='word_1_838' title='bbox 2099 4039 2309 4111; x_wconf 87' lang='grc' dir='ltr'><strong>ρῶμεν,</strong></span> <span class='ocrx_word' id='word_1_839' title='bbox 2336 4039 2397 4093; x_wconf 84' lang='grc' dir='ltr'><strong>οὐ</strong></span> <span class='ocrx_word' id='word_1_840' title='bbox 2424 4039 2506 4092; x_wconf 86' lang='grc' dir='ltr'><strong>δεῖ</strong></span> <span class='ocrx_word' id='word_1_841' title='bbox 2531 4035 2802 4106; x_wconf 82' lang='grc' dir='ltr'><strong>τοσαύτης</strong></span> <span class='ocrx_word' id='word_1_842' title='bbox 2827 4038 2960 4107; x_wconf 78' lang='grc' dir='ltr'><strong>ἡμῖν</strong></span> <span class='ocrx_word' id='word_1_843' title='bbox 2981 4037 3248 4108; x_wconf 83' lang='grc' dir='ltr'><strong>φυλακῆς.</strong></span> <span class='ocrx_word' id='word_1_844' title='bbox 3284 4039 3452 4092; x_wconf 87' lang='grc' dir='ltr'><strong>Ὅταν</strong></span> <span class='ocrx_word' id='word_1_845' title='bbox 3473 4038 3667 4092; x_wconf 83' lang='grc' dir='ltr'><strong>καθεύ-</strong></span> 
     </span>
    </p>
   </div>
   <div class='ocr_carea' id='block_1_109' title="bbox 2097 4122 3669 4199">
    <p class='ocr_par' dir='ltr' id='par_1_109' title="bbox 2097 4122 3669 4199">
     <span class='ocr_line' id='line_1_109' title="bbox 2097 4122 3669 4199; baseline -0.003 -18"><span class='ocrx_word' id='word_1_846' title='bbox 2097 4127 2298 4199; x_wconf 88' lang='grc' dir='ltr'><strong>δωμεν,</strong></span> <span class='ocrx_word' id='word_1_847' title='bbox 2333 4126 2424 4179; x_wconf 76' lang='grc' dir='ltr'><strong>καὶ</strong></span> <span class='ocrx_word' id='word_1_848' title='bbox 2457 4123 2594 4193; x_wconf 77' lang='grc' dir='ltr'><strong>μετά</strong></span> <span class='ocrx_word' id='word_1_849' title='bbox 2633 4122 2836 4194; x_wconf 87' lang='grc' dir='ltr'><strong>πολλῆς</strong></span> <span class='ocrx_word' id='word_1_850' title='bbox 2863 4122 3112 4194; x_wconf 81' lang='grc' dir='ltr'><strong>φυλακῆς</strong></span> <span class='ocrx_word' id='word_1_851' title='bbox 3154 4123 3506 4195; x_wconf 86' lang='grc' dir='ltr'><strong>ἀπολλύμεθα</strong></span> <span class='ocrx_word' id='word_1_852' title='bbox 3540 4125 3669 4179; x_wconf 86' lang='grc' dir='ltr'><strong>πολ-</strong></span> 
     </span>
    </p>
   </div>
   <div class='ocr_carea' id='block_1_110' title="bbox 2099 4209 3667 4282">
    <p class='ocr_par' dir='ltr' id='par_1_110' title="bbox 2099 4209 3667 4282">
     <span class='ocr_line' id='line_1_110' title="bbox 2099 4209 3667 4282; baseline -0.001 -15"><span class='ocrx_word' id='word_1_853' title='bbox 2099 4213 2285 4278; x_wconf 77' lang='grc' dir='ltr'><strong>λάκιςο</strong></span> <span class='ocrx_word' id='word_1_854' title='bbox 2310 4213 2409 4269; x_wconf 73' lang='grc' dir='ltr'><strong>καὶ</strong></span> <span class='ocrx_word' id='word_1_855' title='bbox 2441 4210 2603 4281; x_wconf 88' lang='grc' dir='ltr'><strong>θύραι</strong></span> <span class='ocrx_word' id='word_1_856' title='bbox 2637 4211 2730 4264; x_wconf 79' lang='grc' dir='ltr'><strong>καὶ</strong></span> <span class='ocrx_word' id='word_1_857' title='bbox 2761 4209 2951 4280; x_wconf 82' lang='grc' dir='ltr'><strong>μοχλοὶ</strong></span> <span class='ocrx_word' id='word_1_858' title='bbox 2983 4210 3079 4263; x_wconf 73' lang='grc' dir='ltr'><strong>καὶ</strong></span> <span class='ocrx_word' id='word_1_859' title='bbox 3123 4210 3363 4279; x_wconf 87' lang='grc' dir='ltr'><strong>φύλακες</strong></span> <span class='ocrx_word' id='word_1_860' title='bbox 3398 4211 3493 4265; x_wconf 76' lang='grc' dir='ltr'><strong>καὶ</strong></span> <span class='ocrx_word' id='word_1_861' title='bbox 3532 4229 3667 4282; x_wconf 89' lang='grc' dir='ltr'><strong>προ-</strong></span> 
     </span>
    </p>
   </div>
   <div class='ocr_carea' id='block_1_111' title="bbox 2100 4296 3666 4377">
    <p class='ocr_par' dir='ltr' id='par_1_111' title="bbox 2100 4296 3666 4377">
     <span class='ocr_line' id='line_1_111' title="bbox 2100 4296 3666 4377; baseline -0.003 -23"><span class='ocrx_word' id='word_1_862' title='bbox 2100 4300 2359 4370; x_wconf 84' lang='grc' dir='ltr'><strong>φύλακες,</strong></span> <span class='ocrx_word' id='word_1_863' title='bbox 2392 4298 2489 4352; x_wconf 70' lang='grc' dir='ltr'><strong>καὶ</strong></span> <span class='ocrx_word' id='word_1_864' title='bbox 2533 4298 2682 4377; x_wconf 71' lang='grc' dir='ltr'><strong>ὅμως</strong></span> <span class='ocrx_word' id='word_1_865' title='bbox 2716 4296 3037 4369; x_wconf 77' lang='grc' dir='ltr'><strong>ἐπεισῆλθεν</strong></span> <span class='ocrx_word' id='word_1_866' title='bbox 3065 4298 3094 4350; x_wconf 88' lang='grc' dir='ltr'><strong>ό</strong></span> <span class='ocrx_word' id='word_1_867' title='bbox 3137 4297 3376 4367; x_wconf 79' lang='grc' dir='ltr'><strong>κλέπτης</strong></span> <span class='ocrx_word' id='word_1_868' title='bbox 3420 4307 3468 4351; x_wconf 80' lang='grc'><strong>⁸.</strong></span> <span class='ocrx_word' id='word_1_869' title='bbox 3505 4299 3571 4351; x_wconf 87' lang='grc' dir='ltr'><strong>Τί</strong></span> <span class='ocrx_word' id='word_1_870' title='bbox 3603 4298 3666 4367; x_wconf 82' lang='grc' dir='ltr'><strong>δὴ</strong></span> 
     </span>
    </p>
   </div>
   <div class='ocr_carea' id='block_1_112' title="bbox 2099 4387 3668 4458">
    <p class='ocr_par' dir='ltr' id='par_1_112' title="bbox 2099 4387 3668 4458">
     <span class='ocr_line' id='line_1_112' title="bbox 2099 4387 3668 4458; baseline -0.004 -12"><span class='ocrx_word' id='word_1_871' title='bbox 2099 4391 2268 4446; x_wconf 85' lang='grc' dir='ltr'><strong>ταῦτα</strong></span> <span class='ocrx_word' id='word_1_872' title='bbox 2293 4389 2470 4457; x_wconf 80' lang='grc' dir='ltr'><strong>λέγως</strong></span> <span class='ocrx_word' id='word_1_873' title='bbox 2500 4389 2620 4442; x_wconf 89' lang='grc' dir='ltr'><strong>Ὅτι</strong></span> <span class='ocrx_word' id='word_1_874' title='bbox 2642 4388 2710 4443; x_wconf 83' lang='grc' dir='ltr'><strong>ἂν</strong></span> <span class='ocrx_word' id='word_1_875' title='bbox 2739 4387 3124 4458; x_wconf 88' lang='grc' dir='ltr'><strong>γρηγορῶμεν,</strong></span> <span class='ocrx_word' id='word_1_876' title='bbox 3150 4388 3212 4440; x_wconf 80' lang='grc' dir='ltr'><strong>οὐ</strong></span> <span class='ocrx_word' id='word_1_877' title='bbox 3246 4387 3550 4457; x_wconf 81' lang='grc' dir='ltr'><strong>δεησόμεθα</strong></span> <span class='ocrx_word' id='word_1_878' title='bbox 3569 4387 3668 4457; x_wconf 88' lang='grc' dir='ltr'><strong>τῆς</strong></span> 
     </span>
    </p>
   </div>
   <div class='ocr_carea' id='block_1_113' title="bbox 2100 4472 3666 4545">
    <p class='ocr_par' dir='ltr' id='par_1_113' title="bbox 2100 4472 3666 4545">
     <span class='ocr_line' id='line_1_113' title="bbox 2100 4472 3666 4545; baseline -0.001 -16"><span class='ocrx_word' id='word_1_879' title='bbox 2100 4476 2302 4545; x_wconf 80' lang='grc' dir='ltr'><strong>ἑτέρων</strong></span> <span class='ocrx_word' id='word_1_880' title='bbox 2335 4474 2586 4545; x_wconf 84' lang='grc' dir='ltr'><strong>βοηθείας</strong></span> <span class='ocrx_word' id='word_1_881' title='bbox 2608 4490 2623 4506; x_wconf 87' lang='grc'><strong>·</strong></span> <span class='ocrx_word' id='word_1_882' title='bbox 2661 4474 2727 4527; x_wconf 83' lang='grc' dir='ltr'><strong>ἂν</strong></span> <span class='ocrx_word' id='word_1_883' title='bbox 2764 4474 2823 4527; x_wconf 82' lang='grc' dir='ltr'><strong>δὲ</strong></span> <span class='ocrx_word' id='word_1_884' title='bbox 2857 4472 3226 4545; x_wconf 87' lang='grc' dir='ltr'><strong>καθεύδωμεν,</strong></span> <span class='ocrx_word' id='word_1_885' title='bbox 3264 4474 3416 4526; x_wconf 86' lang='grc' dir='ltr'><strong>οὐδὲν</strong></span> <span class='ocrx_word' id='word_1_886' title='bbox 3454 4474 3601 4543; x_wconf 76' lang='grc' dir='ltr'><strong>ἡμᾶς</strong></span> <span class='ocrx_word' id='word_1_887' title='bbox 3633 4476 3666 4542; x_wconf 87' lang='grc' dir='ltr'>ή</span> 
     </span>
    </p>
   </div>
   <div class='ocr_carea' id='block_1_114' title="bbox 2101 4560 3669 4634">
    <p class='ocr_par' dir='ltr' id='par_1_114' title="bbox 2101 4560 3669 4634">
     <span class='ocr_line' id='line_1_114' title="bbox 2101 4560 3669 4634; baseline -0.003 -17"><span class='ocrx_word' id='word_1_888' title='bbox 2101 4563 2303 4634; x_wconf 80' lang='grc' dir='ltr'><strong>ἑτέρων</strong></span> <span class='ocrx_word' id='word_1_889' title='bbox 2331 4563 2515 4634; x_wconf 82' lang='grc' dir='ltr'><strong>ὀνήσει</strong></span> <span class='ocrx_word' id='word_1_890' title='bbox 2546 4561 2791 4632; x_wconf 87' lang='grc' dir='ltr'><strong>βοήθεια,</strong></span> <span class='ocrx_word' id='word_1_891' title='bbox 2820 4560 2956 4614; x_wconf 90' lang='grc' dir='ltr'><strong>ἀλλά</strong></span> <span class='ocrx_word' id='word_1_892' title='bbox 2995 4560 3090 4615; x_wconf 70' lang='grc' dir='ltr'><strong>καὶ</strong></span> <span class='ocrx_word' id='word_1_893' title='bbox 3122 4561 3236 4632; x_wconf 88' lang='grc' dir='ltr'><strong>μετ’</strong></span> <span class='ocrx_word' id='word_1_894' title='bbox 3264 4560 3478 4631; x_wconf 78' lang='grc' dir='ltr'><strong>ἐκείνης</strong></span> <span class='ocrx_word' id='word_1_895' title='bbox 3506 4560 3669 4612; x_wconf 78' lang='grc' dir='ltr'><strong>ἀπολ-</strong></span> 
     </span>
    </p>
   </div>
   <div class='ocr_carea' id='block_1_115' title="bbox 2100 4646 3665 4721">
    <p class='ocr_par' dir='ltr' id='par_1_115' title="bbox 2100 4646 3665 4721">
     <span class='ocr_line' id='line_1_115' title="bbox 2100 4646 3665 4721; baseline -0.003 -18"><span class='ocrx_word' id='word_1_896' title='bbox 2100 4650 2332 4721; x_wconf 86' lang='grc' dir='ltr'><strong>λύμεθα.</strong></span> <span class='ocrx_word' id='word_1_897' title='bbox 2381 4649 2560 4704; x_wconf 82' lang='grc' dir='ltr'><strong>Καλὸν</strong></span> <span class='ocrx_word' id='word_1_898' title='bbox 2611 4650 2775 4720; x_wconf 81' lang='grc' dir='ltr'><strong>εὐχῆς</strong></span> <span class='ocrx_word' id='word_1_899' title='bbox 2831 4647 3124 4703; x_wconf 83' lang='grc' dir='ltr'><strong>ἀπολαύειν</strong></span> <span class='ocrx_word' id='word_1_900' title='bbox 3168 4650 3269 4720; x_wconf 81' lang='grc' dir='ltr'><strong>τῆς</strong></span> <span class='ocrx_word' id='word_1_901' title='bbox 3315 4646 3426 4700; x_wconf 84' lang='grc' dir='ltr'><strong>τῶν</strong></span> <span class='ocrx_word' id='word_1_902' title='bbox 3475 4647 3665 4714; x_wconf 84' lang='grc' dir='ltr'><strong>ἁγίων,</strong></span> 
     </span>
    </p>
   </div>
   <div class='ocr_carea' id='block_1_116' title="bbox 2100 4730 3665 4807">
    <p class='ocr_par' dir='ltr' id='par_1_116' title="bbox 2100 4730 3665 4807">
     <span class='ocr_line' id='line_1_116' title="bbox 2100 4730 3665 4807; baseline -0.004 -16"><span class='ocrx_word' id='word_1_903' title='bbox 2100 4738 2237 4802; x_wconf 89' lang='grc' dir='ltr'><strong>ἀλλ’,</strong></span> <span class='ocrx_word' id='word_1_904' title='bbox 2264 4738 2393 4791; x_wconf 81' lang='grc' dir='ltr'><strong>ὅταν</strong></span> <span class='ocrx_word' id='word_1_905' title='bbox 2424 4736 2518 4791; x_wconf 77' lang='grc' dir='ltr'><strong>καὶ</strong></span> <span class='ocrx_word' id='word_1_906' title='bbox 2547 4736 2699 4790; x_wconf 75' lang='grc' dir='ltr'><strong>αὐτοὶ</strong></span> <span class='ocrx_word' id='word_1_907' title='bbox 2738 4735 2950 4807; x_wconf 74' lang='grc' dir='ltr'><strong>ἐνεργοὶ</strong></span> <span class='ocrx_word' id='word_1_908' title='bbox 2989 4730 3159 4806; x_wconf 75' lang='grc' dir='ltr'><strong>ὦμεν.</strong></span> <span class='ocrx_word' id='word_1_909' title='bbox 3192 4734 3301 4788; x_wconf 76' lang='grc' dir='ltr'><strong>Καὶ</strong></span> <span class='ocrx_word' id='word_1_910' title='bbox 3351 4733 3400 4786; x_wconf 87' lang='grc' dir='ltr'><strong>τί</strong></span> <span class='ocrx_word' id='word_1_911' title='bbox 3429 4750 3518 4802; x_wconf 83' lang='grc' dir='ltr'><strong>μοι</strong></span> <span class='ocrx_word' id='word_1_912' title='bbox 3566 4733 3665 4793; x_wconf 85' lang='grc' dir='ltr'><strong>δεῖ.</strong></span> 
     </span>
    </p>
   </div>
   <div class='ocr_carea' id='block_1_117' title="bbox 2100 4813 3669 4895">
    <p class='ocr_par' dir='ltr' id='par_1_117' title="bbox 2100 4813 3669 4895">
     <span class='ocr_line' id='line_1_117' title="bbox 2100 4813 3669 4895; baseline -0.004 -17"><span class='ocrx_word' id='word_1_913' title='bbox 2100 4825 2287 4895; x_wconf 79' lang='grc' dir='ltr'><strong>φησὶν,</strong></span> <span class='ocrx_word' id='word_1_914' title='bbox 2312 4823 2476 4894; x_wconf 84' lang='grc' dir='ltr'><strong>εὐχῆς</strong></span> <span class='ocrx_word' id='word_1_915' title='bbox 2504 4823 2603 4892; x_wconf 88' lang='grc' dir='ltr'><strong>τῆς</strong></span> <span class='ocrx_word' id='word_1_916' title='bbox 2645 4825 2775 4894; x_wconf 79' lang='grc' dir='ltr'><strong>παρ’</strong></span> <span class='ocrx_word' id='word_1_917' title='bbox 2818 4822 3042 4894; x_wconf 79' lang='grc' dir='ltr'><strong>ἑτέρων,</strong></span> <span class='ocrx_word' id='word_1_918' title='bbox 3085 4823 3212 4875; x_wconf 82' lang='grc' dir='ltr'><strong>ὅταν</strong></span> <span class='ocrx_word' id='word_1_919' title='bbox 3238 4819 3455 4889; x_wconf 72' lang='grc' dir='ltr'><strong>ἐνεργὸς</strong></span> <span class='ocrx_word' id='word_1_920' title='bbox 3480 4813 3548 4883; x_wconf 82' lang='grc' dir='ltr'><strong>ὦ,</strong></span> <span class='ocrx_word' id='word_1_921' title='bbox 3576 4820 3669 4873; x_wconf 73' lang='grc' dir='ltr'><strong>καὶ</strong></span> 
     </span>
    </p>
   </div>
   <div class='ocr_carea' id='block_1_118' title="bbox 2102 4904 3669 4983">
    <p class='ocr_par' dir='ltr' id='par_1_118' title="bbox 2102 4904 3669 4983">
     <span class='ocr_line' id='line_1_118' title="bbox 2102 4904 3669 4983; baseline -0.006 -17"><span class='ocrx_word' id='word_1_922' title='bbox 2102 4913 2177 4983; x_wconf 83' lang='grc' dir='ltr'><strong>μὴ</strong></span> <span class='ocrx_word' id='word_1_923' title='bbox 2208 4912 2541 4981; x_wconf 88' lang='grc' dir='ltr'><strong>καταστήσω</strong></span> <span class='ocrx_word' id='word_1_924' title='bbox 2583 4909 2820 4980; x_wconf 82' lang='grc' dir='ltr'><strong>ὲμαυτδν</strong></span> <span class='ocrx_word' id='word_1_925' title='bbox 2861 4911 2919 4961; x_wconf 83' lang='grc' dir='ltr'><strong>ὲν</strong></span> <span class='ocrx_word' id='word_1_926' title='bbox 2968 4910 3164 4978; x_wconf 71' lang='grc' dir='ltr'><strong>χρείᾳ;</strong></span> <span class='ocrx_word' id='word_1_927' title='bbox 3210 4904 3363 4977; x_wconf 71' lang='grc'><strong>[450]</strong></span> <span class='ocrx_word' id='word_1_928' title='bbox 3393 4905 3525 4958; x_wconf 86' lang='grc' dir='ltr'><strong>Οὐδὲ</strong></span> <span class='ocrx_word' id='word_1_929' title='bbox 3560 4905 3669 4973; x_wconf 76' lang='grc' dir='ltr'><strong>ἐγὼ</strong></span> 
     </span>
    </p>
   </div>
   <div class='ocr_carea' id='block_1_119' title="bbox 2099 4988 3667 5068">
    <p class='ocr_par' dir='ltr' id='par_1_119' title="bbox 2099 4988 3667 5068">
     <span class='ocr_line' id='line_1_119' title="bbox 2099 4988 3667 5068; baseline -0.003 -17"><span class='ocrx_word' id='word_1_930' title='bbox 2099 4998 2393 5068; x_wconf 83' lang='grc' dir='ltr'><strong>βούλομαι·</strong></span> <span class='ocrx_word' id='word_1_931' title='bbox 2422 4997 2536 5050; x_wconf 82' lang='grc' dir='ltr'><strong>ἀλλ’</strong></span> <span class='ocrx_word' id='word_1_932' title='bbox 2561 4998 2647 5050; x_wconf 81' lang='grc' dir='ltr'><strong>ἀεὶ</strong></span> <span class='ocrx_word' id='word_1_933' title='bbox 2670 4998 2727 5047; x_wconf 83' lang='grc' dir='ltr'><strong>ἐν</strong></span> <span class='ocrx_word' id='word_1_934' title='bbox 2753 4995 2912 5066; x_wconf 79' lang='grc' dir='ltr'><strong>χρείᾳ</strong></span> <span class='ocrx_word' id='word_1_935' title='bbox 2932 4995 3119 5064; x_wconf 78' lang='grc' dir='ltr'><strong>ἐσμὲν,</strong></span> <span class='ocrx_word' id='word_1_936' title='bbox 3149 4991 3245 5048; x_wconf 77' lang='grc' dir='ltr'><strong>ἐὰν</strong></span> <span class='ocrx_word' id='word_1_937' title='bbox 3273 4988 3333 5045; x_wconf 86' lang='grc' dir='ltr'><strong>εὖ</strong></span> <span class='ocrx_word' id='word_1_938' title='bbox 3359 4992 3667 5062; x_wconf 84' lang='grc' dir='ltr'><strong>φρονῶμεν.</strong></span> 
     </span>
    </p>
   </div>
   <div class='ocr_carea' id='block_1_120' title="bbox 2097 5082 3670 5155">
    <p class='ocr_par' dir='ltr' id='par_1_120' title="bbox 2097 5082 3670 5155">
     <span class='ocr_line' id='line_1_120' title="bbox 2097 5082 3670 5155; baseline -0.005 -14"><span class='ocrx_word' id='word_1_939' title='bbox 2097 5088 2308 5151; x_wconf 86' lang='grc' dir='ltr'><strong>Παῦλος</strong></span> <span class='ocrx_word' id='word_1_940' title='bbox 2340 5088 2440 5140; x_wconf 83' lang='grc' dir='ltr'><strong>οὐκ</strong></span> <span class='ocrx_word' id='word_1_941' title='bbox 2473 5082 2616 5138; x_wconf 53' lang='grc' dir='ltr'><strong>εἶπεν</strong></span> <span class='ocrx_word' id='word_1_942' title='bbox 2650 5086 2716 5137; x_wconf 81' lang='grc' dir='ltr'><strong>Τί</strong></span> <span class='ocrx_word' id='word_1_943' title='bbox 2757 5102 2845 5155; x_wconf 79' lang='grc' dir='ltr'><strong>μοι</strong></span> <span class='ocrx_word' id='word_1_944' title='bbox 2886 5085 2967 5137; x_wconf 89' lang='grc' dir='ltr'><strong>δεῖ</strong></span> <span class='ocrx_word' id='word_1_945' title='bbox 2996 5084 3194 5152; x_wconf 87' lang='grc' dir='ltr'><strong>εὐχῆς;</strong></span> <span class='ocrx_word' id='word_1_946' title='bbox 3221 5082 3399 5135; x_wconf 89' lang='grc' dir='ltr'><strong>καίτοι</strong></span> <span class='ocrx_word' id='word_1_947' title='bbox 3446 5099 3509 5149; x_wconf 89' lang='grc' dir='ltr'><strong>γε</strong></span> <span class='ocrx_word' id='word_1_948' title='bbox 3561 5082 3670 5135; x_wconf 80' lang='grc' dir='ltr'><strong>τῶν</strong></span> 
     </span>
    </p>
   </div>
   <div class='ocr_carea' id='block_1_121' title="bbox 2095 5169 3667 5245">
    <p class='ocr_par' dir='ltr' id='par_1_121' title="bbox 2095 5169 3667 5245">
     <span class='ocr_line' id='line_1_121' title="bbox 2095 5169 3667 5245; baseline -0.004 -17"><span class='ocrx_word' id='word_1_949' title='bbox 2095 5173 2408 5245; x_wconf 79' lang='grc' dir='ltr'><strong>εὐχομένων</strong></span> <span class='ocrx_word' id='word_1_950' title='bbox 2442 5173 2542 5225; x_wconf 86' lang='grc' dir='ltr'><strong>οὐκ</strong></span> <span class='ocrx_word' id='word_1_951' title='bbox 2582 5173 2750 5226; x_wconf 76' lang='grc' dir='ltr'><strong>ὄντων</strong></span> <span class='ocrx_word' id='word_1_952' title='bbox 2782 5171 2947 5236; x_wconf 81' lang='grc' dir='ltr'><strong>ἀξίων</strong></span> <span class='ocrx_word' id='word_1_953' title='bbox 2978 5169 3168 5231; x_wconf 86' lang='grc' dir='ltr'><strong>αὐτοῦ,</strong></span> <span class='ocrx_word' id='word_1_954' title='bbox 3209 5170 3412 5239; x_wconf 82' lang='grc' dir='ltr'><strong>μᾶλλον</strong></span> <span class='ocrx_word' id='word_1_955' title='bbox 3450 5169 3507 5223; x_wconf 87' lang='grc' dir='ltr'><strong>δὲ</strong></span> <span class='ocrx_word' id='word_1_956' title='bbox 3549 5170 3667 5223; x_wconf 62' lang='grc' dir='ltr'><strong>οὐδὲ</strong></span> 
     </span>
    </p>
   </div>
   <div class='ocr_carea' id='block_1_122' title="bbox 2095 5256 3667 5327">
    <p class='ocr_par' dir='ltr' id='par_1_122' title="bbox 2095 5256 3667 5327">
     <span class='ocr_line' id='line_1_122' title="bbox 2095 5256 3667 5327; baseline -0.003 -13"><span class='ocrx_word' id='word_1_957' title='bbox 2095 5261 2230 5315; x_wconf 78' lang='grc' dir='ltr'><strong>ἴσων</strong></span> <span class='ocrx_word' id='word_1_958' title='bbox 2253 5274 2269 5290; x_wconf 76' lang='grc'><strong><em>⁸</em></strong></span> <span class='ocrx_word' id='word_1_959' title='bbox 2302 5260 2396 5312; x_wconf 74' lang='grc' dir='ltr'><strong>καὶ</strong></span> <span class='ocrx_word' id='word_1_960' title='bbox 2426 5259 2490 5312; x_wconf 78' lang='grc' dir='ltr'><strong>σὺ</strong></span> <span class='ocrx_word' id='word_1_961' title='bbox 2533 5258 2732 5326; x_wconf 85' lang='grc' dir='ltr'><strong>λέγεις·</strong></span> <span class='ocrx_word' id='word_1_962' title='bbox 2766 5257 2830 5309; x_wconf 92' lang='grc' dir='ltr'><strong>Τί</strong></span> <span class='ocrx_word' id='word_1_963' title='bbox 2858 5274 2948 5326; x_wconf 89' lang='grc' dir='ltr'><strong>μοι</strong></span> <span class='ocrx_word' id='word_1_964' title='bbox 2986 5256 3067 5310; x_wconf 85' lang='grc' dir='ltr'><strong>δεῖ</strong></span> <span class='ocrx_word' id='word_1_965' title='bbox 3088 5256 3284 5327; x_wconf 87' lang='grc' dir='ltr'><strong>εὐχῆς;</strong></span> <span class='ocrx_word' id='word_1_966' title='bbox 3327 5257 3532 5327; x_wconf 80' lang='grc' dir='ltr'><strong>Πέτρος</strong></span> <span class='ocrx_word' id='word_1_967' title='bbox 3568 5259 3667 5311; x_wconf 79' lang='grc' dir='ltr'><strong>οὐκ</strong></span> 
     </span>
    </p>
   </div>
   <div class='ocr_carea' id='block_1_123' title="bbox 2095 5339 3669 5416">
    <p class='ocr_par' dir='ltr' id='par_1_123' title="bbox 2095 5339 3669 5416">
     <span class='ocr_line' id='line_1_123' title="bbox 2095 5339 3669 5416; baseline -0.004 -15"><span class='ocrx_word' id='word_1_968' title='bbox 2095 5345 2238 5401; x_wconf 80' lang='grc' dir='ltr'><strong>εἷπε·</strong></span> <span class='ocrx_word' id='word_1_969' title='bbox 2272 5346 2338 5400; x_wconf 89' lang='grc' dir='ltr'><strong>Τί</strong></span> <span class='ocrx_word' id='word_1_970' title='bbox 2374 5363 2464 5415; x_wconf 83' lang='grc' dir='ltr'><strong>μοι</strong></span> <span class='ocrx_word' id='word_1_971' title='bbox 2487 5346 2568 5397; x_wconf 88' lang='grc' dir='ltr'><strong>δεῖ</strong></span> <span class='ocrx_word' id='word_1_972' title='bbox 2598 5346 2764 5416; x_wconf 87' lang='grc' dir='ltr'><strong>εὐχῆς</strong></span> <span class='ocrx_word' id='word_1_973' title='bbox 2785 5362 2800 5407; x_wconf 79' lang='grc' dir='ltr'><strong>ς</strong></span> <span class='ocrx_word' id='word_1_974' title='bbox 2823 5343 2992 5412; x_wconf 81' lang='grc' dir='ltr'><strong>Εὺχὴ</strong></span> <span class='ocrx_word' id='word_1_975' title='bbox 3021 5343 3129 5414; x_wconf 83' lang='grc' dir='ltr'><strong>γὰρ</strong></span> <span class='ocrx_word' id='word_1_976' title='bbox 3159 5339 3250 5414; x_wconf 81' lang='grc' dir='ltr'><strong>ἦν,</strong></span> <span class='ocrx_word' id='word_1_977' title='bbox 3294 5344 3481 5413; x_wconf 76' lang='grc' dir='ltr'><strong>φησὶν,</strong></span> <span class='ocrx_word' id='word_1_978' title='bbox 3508 5344 3669 5397; x_wconf 80' lang='grc' dir='ltr'><strong>ἐκτε-</strong></span> 
     </span>
    </p>
   </div>
   <div class='ocr_carea' id='block_1_124' title="bbox 2093 5428 3675 5501">
    <p class='ocr_par' dir='ltr' id='par_1_124' title="bbox 2093 5428 3675 5501">
     <span class='ocr_line' id='line_1_124' title="bbox 2093 5428 3675 5501; baseline -0.015 2"><span class='ocrx_word' id='word_1_979' title='bbox 2093 5430 2209 5501; x_wconf 51' lang='lat' dir='ltr'><strong>ﬁl?</strong></span> <span class='ocrx_word' id='word_1_980' title='bbox 2234 5430 2514 5501; x_wconf 74' lang='grc' dir='ltr'><strong>γινομένη</strong></span> <span class='ocrx_word' id='word_1_981' title='bbox 2549 5431 2667 5484; x_wconf 71' lang='grc' dir='ltr'><strong>ὑπὸ</strong></span> <span class='ocrx_word' id='word_1_982' title='bbox 2697 5428 2806 5498; x_wconf 68' lang='grc' dir='ltr'><strong>τῆς</strong></span> <span class='ocrx_word' id='word_1_983' title='bbox 2840 5430 3200 5498; x_wconf 74' lang='grc' dir='ltr'><strong>Ἐκκλησίας</strong></span> <span class='ocrx_word' id='word_1_984' title='bbox 3227 5428 3375 5498; x_wconf 81' lang='grc' dir='ltr'><strong>πρὸς</strong></span> <span class='ocrx_word' id='word_1_985' title='bbox 3401 5428 3506 5483; x_wconf 83' lang='grc' dir='ltr'><strong>τὸν</strong></span> <span class='ocrx_word' id='word_1_986' title='bbox 3524 5428 3675 5483; x_wconf 73' lang='grc' dir='ltr'><strong>Θεόιι</strong></span> 
     </span>
    </p>
   </div>
   <div class='ocr_carea' id='block_1_125' title="bbox 2160 5592 3667 5662">
    <p class='ocr_par' dir='ltr' id='par_1_125' title="bbox 2160 5592 3667 5662">
     <span class='ocr_line' id='line_1_125' title="bbox 2160 5592 3667 5662; baseline -0.001 -9"><span class='ocrx_word' id='word_1_987' title='bbox 2160 5606 2186 5633; x_wconf 71' lang='grc'><strong><em>⁸</em></strong></span> <span class='ocrx_word' id='word_1_988' title='bbox 2211 5603 2520 5654; x_wconf 75' lang='lat' dir='ltr'><strong>Colbeninns</strong></span> <span class='ocrx_word' id='word_1_989' title='bbox 2542 5602 2691 5662; x_wconf 88' lang='lat' dir='ltr'><strong>idem,</strong></span> <span class='ocrx_word' id='word_1_990' title='bbox 2737 5605 2968 5662; x_wconf 82' lang='grc' dir='ltr'><strong>τοσαύτης</strong></span> <span class='ocrx_word' id='word_1_991' title='bbox 2993 5606 3216 5662; x_wconf 77' lang='grc' dir='ltr'><strong>φυλακῆς.</strong></span> <span class='ocrx_word' id='word_1_992' title='bbox 3245 5603 3385 5652; x_wconf 82' lang='grc' dir='ltr'><strong>Πόσα</strong></span> <span class='ocrx_word' id='word_1_993' title='bbox 3430 5603 3551 5649; x_wconf 85' lang='grc' dir='ltr'><strong>τισὶν</strong></span> <span class='ocrx_word' id='word_1_994' title='bbox 3590 5592 3667 5651; x_wconf 59' lang='grc' dir='ltr'><strong>ει.</strong></span> 
     </span>
    </p>
   </div>
   <div class='ocr_carea' id='block_1_126' title="bbox 2095 5665 3666 5728">
    <p class='ocr_par' dir='ltr' id='par_1_126' title="bbox 2095 5665 3666 5728">
     <span class='ocr_line' id='line_1_126' title="bbox 2095 5665 3666 5728; baseline -0.002 -15"><span class='ocrx_word' id='word_1_995' title='bbox 2095 5667 2261 5728; x_wconf 76' lang='grc' dir='ltr'><strong>ινοήθη</strong></span> <span class='ocrx_word' id='word_1_996' title='bbox 2284 5665 2661 5728; x_wconf 13' lang='grc' dir='ltr'><strong>πρρςγφυλακήη</strong></span> <span class='ocrx_word' id='word_1_997' title='bbox 2691 5665 2790 5712; x_wconf 77' lang='grc' dir='ltr'><strong>οἷον</strong></span> <span class='ocrx_word' id='word_1_998' title='bbox 2813 5665 2962 5728; x_wconf 86' lang='grc' dir='ltr'><strong>θύραι,</strong></span> <span class='ocrx_word' id='word_1_999' title='bbox 2985 5668 3171 5727; x_wconf 80' lang='grc' dir='ltr'><strong>μοχλοὶ,</strong></span> <span class='ocrx_word' id='word_1_1000' title='bbox 3214 5666 3412 5728; x_wconf 76' lang='grc' dir='ltr'><strong>φύλακες</strong></span> <span class='ocrx_word' id='word_1_1001' title='bbox 3455 5665 3535 5728; x_wconf 78' lang='grc' dir='ltr'><strong>καὶ</strong></span> <span class='ocrx_word' id='word_1_1002' title='bbox 3555 5679 3666 5726; x_wconf 81' lang='grc' dir='ltr'><strong>προ-</strong></span> 
     </span>
    </p>
   </div>
   <div class='ocr_carea' id='block_1_127' title="bbox 2096 5725 3609 5788">
    <p class='ocr_par' dir='ltr' id='par_1_127' title="bbox 2096 5725 3609 5788">
     <span class='ocr_line' id='line_1_127' title="bbox 2096 5725 3609 5788; baseline 0 -14"><span class='ocrx_word' id='word_1_1003' title='bbox 2096 5725 2332 5783; x_wconf 54' lang='grc' dir='ltr'><strong>φύλακες.</strong></span> <span class='ocrx_word' id='word_1_1004' title='bbox 2349 5725 2475 5775; x_wconf 75' lang='grc' dir='ltr'><strong>Ἀλλ’</strong></span> <span class='ocrx_word' id='word_1_1005' title='bbox 2499 5727 2626 5786; x_wconf 81' lang='grc' dir='ltr'><strong>ὅμως</strong></span> <span class='ocrx_word' id='word_1_1006' title='bbox 2660 5728 2737 5775; x_wconf 82' lang='grc' dir='ltr'><strong>καὶ</strong></span> <span class='ocrx_word' id='word_1_1007' title='bbox 2765 5725 2883 5788; x_wconf 80' lang='grc' dir='ltr'><strong>μετᾶ</strong></span> <span class='ocrx_word' id='word_1_1008' title='bbox 2904 5725 3136 5784; x_wconf 71' lang='grc' dir='ltr'><strong>τοσαύτης</strong></span> <span class='ocrx_word' id='word_1_1009' title='bbox 3160 5725 3367 5788; x_wconf 80' lang='grc' dir='ltr'><strong>φυλακῆς</strong></span> <span class='ocrx_word' id='word_1_1010' title='bbox 3384 5727 3457 5774; x_wconf 79' lang='grc' dir='ltr'><strong>ἐπ.</strong></span> <span class='ocrx_word' id='word_1_1011' title='bbox 3486 5726 3513 5781; x_wconf 81' lang='grc' dir='ltr'>ὁ</span> <span class='ocrx_word' id='word_1_1012' title='bbox 3533 5725 3609 5776; x_wconf 73' lang='grc' dir='ltr'><strong>κλ.</strong></span> 
     </span>
    </p>
   </div>
  </div>
