4010 6142
410 314 512 370 531

411 423 642 486 dicebat,
672 410 810 484 Quid
841 408 971 465 mihi
1012 418 1145 476 opus
1188 413 1264 457 est
1307 400 1600 471 precibus?
1641 399 1850 455 etiamsi
1897 396 1985 466 qui

417 509 772 584 precabantur
798 515 901 556 non
931 503 1112 552 essent
1139 493 1232 548 illo
1259 491 1425 560 digiti,
1453 492 1559 544 imo
1590 505 1715 543 vero
1745 503 1812 542 ne
1835 501 1991 556 pares

416 577 629 675 quidem
659 614 673 651 :
703 602 758 650 et
785 601 840 646 tu
879 587 1036 650 dicis,
1066 584 1203 653 Quid
1235 583 1363 638 mihi
1404 597 1537 651 opus
1690 577 1993 675 precibus?

421 670 607 750 Relrus
628 701 732 742 non
749 683 900 747 dixit,
926 677 1066 746 Quid
1088 677 1216 732 mihi
1242 690 1376 745 opus
1394 683 1474 728 est
1497 672 1776 743 precibus?
1801 670 1985 724 Oratio

421 786 582 844 enim,
615 777 804 846 inquit,
837 773 992 842 ﬁebat
1036 770 1142 824 sine
1168 767 1534 821 intermissione
1563 765 1624 818 ab
1657 763 1885 816 Ecclesia
1927 762 1994 814 ad

426 875 583 928 Deum
616 886 706 940 pro
734 883 796 920 eo
828 865 845 935 (
871 865 982 917 Act.
1019 861 1106 916 19..
1140 861 1172 915 5
1200 860 1218 930 )
1253 877 1264 912 :
1307 870 1360 914 et
1402 866 1459 912 tu
1497 857 1630 912 dicis
1651 899 1669 925 ,
1700 854 1835 922 Quid
1867 853 1994 907 mihi

422 978 556 1034 Opus
584 970 664 1015 est
697 957 942 1028 precibus
971 954 994 1006 ?
1021 953 1304 1020 Propterea
1339 949 1429 1003 libi
1456 962 1590 1016 opus
1617 955 1717 1009 est,
1745 945 1997 1015 quoniam

420 1052 695 1106 existimas
723 1058 774 1101 te
805 1061 910 1100 non
958 1058 1092 1112 Opus
1130 1041 1348 1095 habere.
1399 1037 1614 1092 Etiamsi
1659 1036 1821 1090 fueris
1861 1036 1999 1089 sicut

424 1143 639 1204 Paulus,
671 1151 805 1207 opus
833 1135 996 1187 habes
1030 1132 1290 1201 precibus.
1316 1129 1394 1183 Ne
1426 1137 1476 1182 te
1496 1127 1742 1189 extollas,
1776 1139 1843 1180 ne
1871 1123 1996 1180 red—

424 1233 567 1286 daris
595 1227 834 1284 humilis.
868 1224 974 1280 Sed
995 1265 1009 1288 ,
1045 1233 1102 1276 ut
1131 1222 1260 1285 dixi,
1295 1220 1338 1274 si
1371 1220 1537 1274 simus
1565 1217 1779 1287 quidem
1808 1216 1997 1270 intenti

423 1323 594 1393 operi,
620 1333 807 1390 preces
837 1331 931 1387 pro
962 1314 1114 1368 nobis
1143 1313 1352 1367 emissa:
1379 1310 1584 1380 juvant.
1611 1308 1746 1363 Audi
1780 1308 1998 1362 Paulum

427 1415 688 1467 dicentem
723 1427 738 1462 :
768 1409 887 1463 Scio
909 1407 1038 1459 enim
1064 1405 1197 1474 quod
1218 1403 1311 1456 hoc
1333 1401 1455 1453 mihi
1484 1400 1735 1469 proveniet
1766 1399 1832 1452 ad
1860 1399 1995 1452 saltt-

430 1511 527 1556 tem
549 1518 637 1571 per
655 1509 866 1552 vestram
887 1496 1162 1549 orationem
1183 1504 1226 1546 et
1243 1491 1752 1544 subministrationem
1778 1489 2002 1557 Spiritus

430 1594 552 1647 Jcsu
581 1590 766 1647 Christi
798 1591 814 1656 (
845 1588 1074 1655 Philipp.
1120 1586 1170 1638 1.
1211 1583 1276 1639 19
1311 1583 1367 1651 );
1415 1590 1469 1636 et
1505 1597 1711 1645 rursus,
1739 1580 2001 1650 Adjuvan-

433 1686 560 1739 tibus
612 1694 658 1737 et
705 1682 842 1736 vobis
893 1679 947 1732 in
999 1677 1226 1730 oratione
1276 1692 1367 1745 pro
1420 1675 1580 1727 nobis.
1614 1671 1682 1728 Ut
1727 1689 1790 1726 ea:
1833 1671 2003 1725 multis

436 1774 660 1839 personis
701 1773 810 1842 ejus
852 1785 965 1840 qua:
1005 1769 1055 1820 in
1088 1766 1228 1819 nobis
1272 1773 1342 1818 est
1371 1765 1656 1817 donationis
1693 1779 1780 1831 per
1821 1759 2006 1814 mullos

431 1865 608 1934 gratia:
633 1871 849 1931 agantur
874 1875 964 1926 pro
995 1857 1134 1910 nobis
1163 1859 1178 1923 (
1208 1856 1262 1909 9..
1297 1855 1414 1908 Cor.
1441 1855 1490 1909 1.
1525 1851 1642 1924 11
1674 1853 1738 1905 Et
1764 1861 1815 1905 tu
1847 1852 2002 1914 dicis,

435 1955 568 2019 Quid
604 1954 730 2006 mihi
762 1964 895 2018 opus
917 1959 997 2002 est
1023 1947 1302 2000 oratione?
1330 1944 1422 1999 Sin
1452 1951 1626 1997 autem
1654 1942 1819 1994 simus
1849 1941 2004 2010 pigri,

435 2059 592 2098 nemo
636 2042 786 2095 nobis
815 2040 1065 2109 prodesse
1114 2037 1329 2105 poterit.
1358 2034 1493 2101 Quid
1523 2034 1715 2102 profuit
1751 2033 2007 2087 Jereniias

437 2133 674 2189 ludatis?
707 2145 882 2184 nonne
908 2141 988 2182 ter
1017 2128 1082 2181 ad
1117 2129 1279 2181 Deum
1307 2126 1552 2191 accessit,
1584 2135 1637 2178 et
1660 2133 1740 2178 ter
1765 2123 1964 2177 audivit
1994 2140 2007 2177 :

443 2224 522 2279 Ne
553 2222 766 2294 preceris
793 2236 880 2272 nec
904 2235 1046 2288 roges
1076 2233 1166 2286 pro
1192 2218 1377 2285 populo
1403 2217 1496 2268 isto
1522 2256 1536 2281 ,
1569 2215 1803 2283 quoniam
1834 2230 1935 2266 non
1967 2222 2014 2265 te

440 2313 708 2368 exaudiam
735 2312 753 2379 (
776 2309 884 2362 Jer.
917 2309 968 2361 7.
1002 2309 1066 2361 lli
1091 2306 1155 2378 )?
1184 2305 1319 2372 Quid
1345 2305 1491 2359 Sauli
1523 2305 1719 2372 profuit
1744 2301 1955 2357 Samuel
1985 2302 2008 2354 ’ἒ

441 2419 619 2459 nonne
648 2418 769 2456 cum
794 2399 924 2454 luxit
946 2413 1111 2466 usque
1130 2397 1194 2450 ad
1218 2405 1510 2450 extremum
1535 2393 1697 2455 diem,
1726 2408 1823 2446 nec
1843 2392 2011 2444 solum

436 2512 539 2565 pro
577 2510 642 2550 eo
671 2493 839 2546 oravit
870 2492 892 2545 ?
920 2490 1054 2557 Quid
1101 2489 1295 2557 profuit
1325 2486 1578 2540 lsraelitis
1607 2487 1631 2537 ?
1661 2499 1837 2538 nonne
1866 2483 2012 2537 diee-

433 2588 529 2641 bat
557 2627 570 2648 ,
631 2583 770 2636 Absit
814 2592 867 2634 ut
919 2596 1115 2650 peccent
1163 2577 1494 2630 intermittens
1543 2590 1690 2629 orare
1739 2590 1829 2644 pro
1880 2574 2014 2626 vobis

434 2678 514 2745 (Ι.
549 2674 678 2744 Reg.
705 2673 790 2728 η.
818 2672 950 2739 25)?
977 2686 1151 2724 nonne
1174 2684 1360 2721 omnes
1389 2666 1698 2736 perierunt?
1724 2665 1863 2718 Nihil
1886 2679 2013 2734 ergo

433 2773 684 2838 prosunt,
733 2762 958 2831 inquies,
999 2759 1232 2828 preces?
1264 2758 1374 2811 lino
1405 2772 1530 2810 vero
1569 2755 1722 2811 valde
1753 2764 2011 2824 prosunt;

429 2860 530 2916 sed
571 2854 784 2928 quando
827 2867 926 2908 nos
966 2866 1176 2921 quoque
1204 2847 1405 2918 aliquid
1433 2848 1676 2918 agimus:
1709 2862 1829 2900 nam
1857 2846 2014 2901 simul

430 2959 606 3021 agunt
632 2962 814 3018 preces
835 2953 889 3000 et
911 2959 1068 3013 opem
1097 2944 1274 2998 ferunt
1305 2959 1321 2994 :
1345 2941 1502 2996 simul
1531 2950 1707 2995 autem
1731 2939 1840 3008 agit
1869 2939 2016 3008 quis-

435 3043 588 3114 piam
630 3050 683 3095 et
708 3054 862 3109 apem
891 3037 996 3091 fert
1025 3036 1074 3090 ei
1103 3035 1192 3104 qui
1236 3034 1349 3102 ipse
1387 3040 1641 3101 operatur
1668 3048 1683 3094 ;
1724 3031 1806 3085 sin
1836 3040 2013 3084 autem

432 3147 664 3190 matteas
694 3132 840 3201 piger
864 3140 919 3185 et
942 3128 1168 3192 otiosus,
1189 3142 1254 3180 ex
1274 3125 1352 3180 eis
1380 3140 1485 3178 non
1513 3138 1756 3194 magnam
1786 3123 2018 3192 accipies

431 3223 744 3279 utilitatem.

507 3315 568 3368 4.
610 3311 738 3366 Nam
781 3313 826 3364 si
859 3309 1098 3362 valerent
1127 3321 1312 3377 preces
1343 3319 1442 3359 nos
1469 3304 1668 3360 otiosos
1698 3303 1750 3358 in
1790 3318 2013 3373 regnum

429 3404 802 3465 introducere,
845 3417 939 3456 cur
975 3415 1078 3455 non
1104 3414 1291 3454 omnes
1318 3397 1489 3452 Graeci
1517 3397 1651 3451 ﬁunt
1675 3395 1966 3452 Christiani
1995 3393 2018 3446 ?

428 3512 624 3552 nonne
649 3506 866 3548 oramus
908 3506 1004 3560 pro
1031 3499 1141 3545 toto
1170 3490 1371 3544 mundo
1399 3490 1422 3542 ?
1463 3504 1638 3544 nonne
1668 3488 1768 3541 hoc
1806 3501 2018 3555 quoque

430 3586 670 3640 faciebat
699 3583 929 3637 Paulus?
956 3596 1129 3634 nonne
1148 3595 1394 3650 rogamus
1417 3589 1472 3634 ut
1494 3593 1679 3633 omnes
1705 3587 2018 3631 convertan-

341 3661 344 3663 Δ
435 3688 533 3728 tur
563 3673 586 3725 ?
615 3673 708 3726 Dic
735 3672 896 3736 enim,
926 3686 1022 3725 cur
1048 3670 1169 3723 mali
1217 3686 1320 3723 non
1367 3669 1499 3724 fiunt
1540 3671 1660 3724 boni
1683 3673 1705 3723 ?
1733 3684 1931 3733 annon,
1966 3680 2019 3720 ut

438 3765 629 3833 palam
660 3771 741 3814 est
764 3802 778 3824 ,
827 3761 947 3830 quia
982 3761 1110 3813 nihil
1149 3770 1367 3829 possunt
1399 3777 1461 3815 ex
1495 3776 1552 3814 se
1581 3760 1770 3815 aliene
1800 3763 1823 3812 ‘t
1856 3758 2020 3813 Valde

434 3868 584 3922 ergo
624 3860 846 3921 prosunt
878 3865 1094 3919 preces,
1139 3866 1257 3904 cum
1291 3867 1386 3906 nos
1427 3866 1637 3922 quoque
1665 3867 1692 3904 a
1723 3852 1875 3906 nobis
1904 3865 2021 3918 qua:

431 3951 577 3999 sunt
620 3952 800 3997 nostra
839 3941 1189 3996 attulerimus.
1226 3941 1314 3996 Vis
1350 3944 1485 3997 scire
1523 3952 1775 4011 quantum
1819 3942 2022 4010 prosint

431 4033 686 4105 preces?
727 4033 898 4102 cogita
929 4030 1262 4096 Cornelium,
1292 4031 1574 4086 Tabitham
1605 4034 1752 4099 (Act.
1785 4034 1869 4087 l0.
1897 4034 1948 4087 ‘5.
1979 4041 2023 4085 el

425 4131 485 4186 9.
527 4126 662 4195 36);
694 4124 815 4178 audi
845 4125 1003 4178 etiam
1034 4123 1286 4177 Jacobum
1320 4123 1582 4179 dicentem
1611 4123 1826 4177 Labano
1859 4140 1872 4177 :
1907 4122 2026 4176 Nisi

424 4226 600 4278 timor
641 4221 798 4290 patris
837 4218 934 4272 mei
975 4227 1096 4272 esset
1129 4219 1287 4282 mihi,
1335 4233 1547 4271 vacuum
1590 4233 1668 4271 me
1705 4216 1976 4270 dimisisses
2009 4231 2027 4270 :

425 4314 572 4369 audi
609 4312 775 4365 Deum
815 4324 1026 4379 quoque
1054 4325 1236 4363 rursus
1266 4308 1553 4373 dicentem,
1596 4307 1870 4378 Prolegum
1897 4309 2027 4360 Itane

419 4407 702 4459 civitatem
741 4411 945 4472 propter
974 4417 1072 4470 me,
1104 4411 1150 4454 et
1201 4411 1401 4471 propter
1432 4401 1600 4454 David
1626 4417 1821 4455 servum
1860 4415 2022 4454 meum

428 4493 611 4564 (Gen.
638 4492 726 4546 5i.
749 4490 840 4544 42.
882 4492 934 4546 ι.
960 4491 1083 4561 Reg.
1113 4490 1199 4545 19.
1226 4492 1336 4561 54).
1357 4491 1460 4545 Sed
1489 4491 1738 4559 quando?
1769 4491 2031 4559 Tempore

432 4583 706 4640 Ezechiae
724 4582 810 4648 qui
837 4591 949 4636 erat
973 4581 1168 4650 justus.
1193 4581 1322 4635 Nam
1347 4583 1390 4636 si
1409 4582 1648 4636 valerent
1669 4596 1853 4650 preces
1871 4581 2028 4636 etiam

432 4685 707 4742 tempore
734 4670 884 4724 valde
914 4673 1297 4727 sceleratorum
1322 4712 1337 4734 ,
1367 4687 1464 4726 cur
1494 4687 1597 4724 non
1629 4671 1788 4725 etiam
1818 4673 2032 4741 quando

427 4765 602 4820 venit
636 4761 1123 4817 Nabuchodonosor
1144 4803 1158 4826 ,
1192 4762 1293 4816 hoc
1322 4762 1454 4816 dixit
1485 4763 1622 4816 Deus
1647 4803 1660 4827 ,
1694 4762 1788 4816 sed
1817 4763 2029 4816 tradidit

423 4852 780 4912 civitatem?
827 4852 1087 4918 Quoniam
1139 4853 1254 4920 plus
1303 4851 1464 4904 valuit
1509 4855 1682 4905 scelus
1726 4861 1780 4905 et
1826 4853 2030 4905 vitium.

426 4949 666 5001 ltursus
697 4942 810 5011 ipse
838 4943 1052 4997 Samuel
1083 4943 1256 4996 oravit
1280 4957 1376 5010 pro
1409 4943 1679 5008 ISraelitis,
1705 4952 1752 4996 et
1782 4945 2035 5010 impezra-

421 5038 510 5091 vit
535 5052 552 5100 ;
582 5032 690 5087 sed
717 5033 972 5101 quando?
997 5033 1218 5099 Quando
1249 5033 1346 5102 ipsi
1369 5049 1577 5102 quoque
1601 5034 1709 5087 Deo
1735 5034 1866 5102 grati
1887 5041 2040 5087 erant

418 5146 480 5188 et
519 5128 773 5194 accepti,
809 5137 932 5180 tunc
962 5126 1156 5195 fugavit
1187 5129 1451 5181 inimicos.
1496 5128 1561 5180 Et
1598 5126 1723 5196 quid
1755 5141 1910 5194 opus,
1946 5126 2024 5178 in-

419 5225 580 5296 quit,
617 5219 853 5273 alterius
877 5218 1148 5289 precibus,
1173 5222 1386 5289 quando
1417 5236 1513 5289 ego
1539 5221 1647 5274 Deo
1677 5235 1792 5273 sum
1821 5219 2039 5289 gratus?

420 5318 512 5373 Nc
551 5316 677 5367 hoc
706 5325 958 5378 umquam
989 5310 1186 5364 dixeris
1208 5352 1221 5375 ,
1255 5326 1286 5364 ο
1318 5311 1496 5365 homo.
1529 5313 1672 5380 Opus
1700 5319 1858 5364 estet
1889 5308 2041 5361 valde

420 5418 586 5475 opus
621 5406 716 5454 est
741 5398 923 5452 multis
951 5400 1198 5466 precibus
1225 5417 1237 5451 :
1267 5401 1387 5454 audi
1415 5401 1555 5454 enim
1586 5401 1756 5454 Deum
1780 5401 2042 5454 dicentem

418 5501 501 5554 de
538 5490 752 5550 amicis
782 5489 902 5544 Jobi
936 5506 949 5542 :
982 5489 1044 5542 Et
1065 5491 1246 5554 orabit,
1277 5491 1466 5560 inquit,
1501 5509 1591 5560 pro
1621 5492 1776 5553 vobis,
1803 5500 1847 5544 et
1873 5491 2049 5543 dimitn

420 5597 580 5647 retur
608 5580 760 5638 vobis
791 5591 1047 5649 peccatum
1080 5582 1098 5650 (
1127 5580 1224 5634 Job
1251 5583 1336 5636 42.
1362 5581 1416 5650 8)
1444 5599 1457 5645 ;
1489 5582 1736 5650 quoniam
1761 5589 2045 5652 peccarant

422 5679 714 5754 quidem,
744 5673 837 5730 sed
861 5689 965 5728 non
993 5688 1238 5742 magnum
1263 5673 1587 5729 admiserant
1615 5683 1907 5744 peccatum.
1941 5672 2046 5730 Sed

1259 290 1320 346 IN
1359 289 1574 344 EPIST.
1617 287 1631 340 Ι
1698 286 1788 340 AD
1827 281 2156 339 TllESSAL.
2195 279 2345 336 CAP.
2389 282 2425 336 1.
2469 281 2695 338 llOMlL.
2741 283 2778 337 l.

3559 283 3662 337 593

2100 394 2186 448 hic
2219 397 2327 464 ipse
2346 398 2546 468 justus,
2569 398 2656 466 qui
2687 412 2775 466 per
2804 410 2989 465 preces
3015 407 3141 450 tunc
3171 396 3370 452 amicos
3398 413 3526 452 suos
3551 415 3665 452 ser-

2097 488 2257 548 vavit,
2291 489 2342 542 in
2376 500 2612 558 tempore
2636 489 2856 544 Judaico
2884 504 2988 544 non
3024 490 3192 559 potuit
3217 504 3432 544 servare
3456 489 3668 544 Judzeos

2099 590 2404 649 pereuntes.
2434 582 2498 635 Et
2526 592 2582 634 ut
2609 581 2658 634 id
2700 583 2838 636 scias
2859 623 2873 646 ,
2907 581 3030 636 audi
3072 581 3238 636 Deum
3268 582 3534 637 dicentem
3577 598 3668 651 per

2100 671 2408 738 prolihetam
2447 690 2459 726 :
2500 672 2560 726 Si
2589 675 2773 726 steterit
2807 673 2921 726 Noe
2941 714 2953 738 ,
2996 683 3040 727 et
3082 672 3181 727 Job
3201 717 3214 740 ,
3247 683 3291 728 et
3319 674 3502 728 Daniel
3522 715 3534 736 ,
3563 691 3663 727 non

2099 761 2308 828 eripient
2349 762 2483 828 ﬁlios
2522 779 2640 816 suos
2664 771 2710 814 et
2735 763 2888 829 ﬁlias,
2919 765 3154 832 quoniam
3198 766 3458 835 pravaluit
3497 766 3669 818 vitium

2101 849 2310 922 (Ezeclt.
2347 853 2431 906 M.
2468 853 2553 920 10)
2580 868 2594 916 ;
2623 864 2673 905 et
2705 871 2910 921 rursus,
2945 855 3005 909 Si
3034 858 3220 910 steterit
3250 856 3470 926 Moyses,
3496 869 3540 911 et
3566 858 3669 911 Sa-

2100 940 2234 992 muel
2259 939 2388 1010 (Jcr.
2416 942 2502 997 15.
2529 939 2601 1013 1).
2627 942 2694 997 Ει
2713 944 2829 998 vide
2849 947 3114 1013 quomodo
3133 946 3232 1002 hoc
3252 947 3446 1000 dicitur
3465 947 3672 1002 duobus

2102 1031 2375 1099 prophetis
2408 1049 2422 1085 :
2451 1034 2702 1102 quoniam
2761 1035 2918 1089 ambo
2973 1051 3070 1104 pro
3112 1037 3242 1104 ipsis
3293 1048 3576 1107 rogarant,
3621 1051 3672 1091 et

2101 1136 2206 1175 non
2238 1131 2391 1175 erant
2419 1126 2707 1194 assequuti.
2751 1127 2886 1180 Dicit
2915 1129 3057 1182 enim
3089 1128 3362 1193 Ezechiel,
3399 1129 3496 1182 Hei
3525 1131 3670 1192 nubi,

2102 1213 2320 1268 Domine
2345 1215 2366 1268 .'
2402 1217 2537 1270 deles
2590 1227 2643 1270 tu
2681 1219 2918 1287 reliquias
2970 1216 3176 1280 lsraelt's
3210 1220 3232 1290 ,(
3256 1219 3441 1276 Ezech.
3489 1219 3542 1274 9.
3574 1220 3672 1290 8).

2107 1303 2304 1360 Deinde
2330 1307 2617 1363 ostendens
2648 1310 2786 1365 Deus
2811 1310 2952 1379 quod
2983 1310 3082 1364 hoc
3101 1310 3242 1379 iuste
3262 1310 3436 1374 faciat,
3467 1325 3566 1365 nec
3592 1313 3673 1382 ip-

2104 1407 2221 1448 sum
2252 1396 2549 1467 despiciat,
2584 1415 2703 1453 cum
2744 1401 3101 1469 precationem
3142 1400 3259 1469 ejus
3301 1415 3404 1454 non
3441 1402 3671 1469 excipit,

2106 1488 2339 1556 ipsorum
2368 1503 2580 1558 peccata
2611 1492 2709 1560 ipsi
2733 1493 2987 1556 declarat,
3012 1508 3072 1545 ac
3095 1493 3136 1546 si
3165 1493 3367 1546 diceret
3395 1509 3409 1544 :
3441 1493 3563 1546 llzcc
3585 1509 3678 1561 per

2107 1593 2166 1632 se
2194 1581 2322 1634 satis
2351 1591 2473 1636 sunt
2503 1592 2555 1634 ut
2585 1582 2675 1635 tibi
2701 1582 3054 1651 persuadeant
3077 1599 3180 1647 me,
3207 1599 3312 1636 non
3342 1583 3479 1652 quod
3509 1595 3558 1637 te
3583 1584 3678 1638 de-

2107 1670 2326 1737 Spiciam
2349 1713 2362 1734 ,
2393 1673 2484 1725 sed
2516 1673 2584 1726 ob
2611 1681 2823 1742 peccata
2858 1673 3114 1743 ipsorum,
3151 1689 3253 1727 non
3280 1684 3550 1743 acceptam
3581 1675 3677 1728 ha-

2109 1760 2234 1814 bere
2266 1765 2705 1830 supplicationem
2753 1783 2767 1819 :
2811 1765 2901 1820 sed
2935 1776 3111 1821 tamen
3140 1767 3410 1838 subjungit
3439 1777 3492 1822 et
3516 1769 3641 1823 dicit
3663 1811 3678 1832 ,

2111 1853 2169 1907 Si
2199 1856 2385 1906 steterit
2412 1853 2543 1921 Noe,
2576 1864 2621 1906 et
2646 1852 2766 1921 Job,
2790 1865 2837 1909 et
2860 1855 3048 1910 Daniel
3076 1874 3094 1910 :
3115 1867 3170 1912 et
3197 1859 3387 1913 merito
3413 1859 3483 1913 illi
3512 1861 3682 1930 magis

2116 1945 2228 1998 lure
2273 1945 2435 2005 dicit,
2471 1946 2717 2013 quoniam
2751 1947 2862 2016 ipse
2905 1957 2986 2002 est
3027 1947 3228 2018 quiest
3259 1950 3420 2003 multa
3470 1965 3678 2020 passus.

2115 2035 2318 2097 Dixisti,
2352 2036 2540 2104 inquit,
2571 2036 2700 2090 tnihi
2731 2046 2786 2090 ut
2807 2053 2966 2107 super
2985 2047 3220 2094 stercora
3248 2039 3604 2105 comederem,
3629 2051 3682 2095 et

2113 2125 2317 2178 eomcdi
2344 2142 2357 2189 ;
2384 2125 2564 2179 dixisti
2595 2137 2649 2181 ut
2677 2143 2762 2182 me
2802 2127 3045 2183 raderem
3075 2171 3088 2196 ,
3119 2138 3170 2184 et
3198 2146 3314 2184 sum
3348 2146 3500 2184 rasus
3527 2147 3541 2196 ;
3569 2131 3682 2199 jus-

2115 2213 2259 2276 sisti,
2288 2223 2341 2269 et
2365 2215 2589 2269 dormivi
2620 2232 2780 2286 super
2813 2234 2973 2271 ttltllm
3003 2218 3138 2272 latus
3166 2219 3406 2288 ;jussisti
3434 2232 3680 2274 onustum

2116 2306 2262 2360 exire
2285 2322 2376 2375 per
2398 2305 2658 2370 foramen,
2677 2317 2730 2362 et
2750 2309 2882 2372 exii;
2903 2311 3149 2378 accepisti
3169 2325 3392 2364 uxorem
3417 2327 3609 2376 meam,
3631 2322 3685 2366 et

2119 2397 2417 2466 pnucepisli
2446 2398 2572 2451 mihi
2597 2413 2662 2451 ne
2682 2399 2940 2468 lugerem,
2969 2409 3022 2454 et
3049 2416 3151 2454 non
3177 2400 3305 2467 lnxi,
3329 2401 3421 2455 sed
3453 2401 3545 2455 tuli
3575 2406 3685 2456 for-

2119 2485 2240 2539 titcr
2266 2506 2278 2539 :
2300 2487 2696 2542 innumerabilia
2717 2489 2820 2542 alia
2837 2488 2934 2544 feci
2960 2499 3171 2559 propter
3193 2491 3366 2561 ipsos;
3395 2501 3448 2546 et
3471 2507 3570 2560 ego
3591 2507 3688 2561 pro

2118 2576 2245 2644 ipsis
2268 2585 2318 2631 te
2342 2593 2488 2646 rogo,
2515 2594 2611 2632 nec
2638 2578 2900 2633 exaudis?
2926 2578 2995 2634 Ut
3019 2580 3266 2634 ostendat
3293 2596 3419 2650 ergo
3445 2581 3584 2636 Deus
3605 2597 3683 2646 se,

2119 2682 2224 2719 non
2256 2667 2394 2736 quod
2427 2668 2599 2736 ipsum
2627 2677 2934 2722 contemnat
2964 2669 3014 2723 id
3044 2669 3216 2725 facere
3241 2712 3255 2736 ,
3286 2670 3416 2726 dicit
3445 2688 3458 2726 :
3484 2671 3544 2726 Si
3572 2670 3688 2726 Noe

2117 2768 2162 2811 et
2183 2757 2282 2811 Job
2309 2768 2354 2812 et
2378 2758 2558 2812 Daniel
2579 2776 2670 2829 pro
2692 2761 2812 2828 ﬁliis
2837 2771 2881 2814 et
2909 2762 3110 2830 ﬁliabus
3138 2764 3408 2828 oraverint,
3439 2781 3540 2819 non
3569 2783 3685 2834 per-

2118 2851 2350 2904 suatleor.
2379 2851 2624 2907 Jeremize
2650 2869 2860 2924 quoque
2884 2854 2970 2924 qui
3004 2857 3248 2924 pauciora
3279 2856 3490 2926 quidem
3524 2859 3689 2926 patie-

2119 2942 2274 2996 batur
2304 2958 2334 2997 a
2379 2944 2471 2999 Dei
2515 2945 2710 3013 jussis,
2757 2947 2906 3015 plura
2952 2957 3129 3002 autem
3172 2948 3239 3003 ab
3271 2965 3455 3004 eorum
3483 2951 3611 3004 vitio
3635 2961 3689 3006 et

2118 3034 2338 3100 scelere,
2367 3034 2492 3104 quid
2521 3035 2691 3090 dicit?
2714 3037 2894 3090 Annon
2919 3037 3054 3091 vides
3078 3039 3200 3108 quid
3225 3040 3305 3092 isti
3327 3040 3519 3110 faciunt
3549 3040 3682 3107 (Jer.

2121 3127 2171 3179 ’1.
2202 3125 2266 3179 17
2294 3126 2312 3196 )
2338 3126 2360 3179 ?
2385 3127 2571 3190 Certe,
2602 3128 2804 3197 inquit,
2849 3129 3078 3196 faciunt,
3108 3131 3198 3184 sed
3220 3129 3302 3185 fac
3333 3142 3550 3201 propter
3581 3151 3684 3188 me.

2122 3215 2407 3285 Propterea
2451 3217 2580 3270 dicit
2625 3218 2675 3272 ei
2710 3235 2722 3270 :
2757 3217 2818 3271 Si
2863 3220 3052 3271 steterit
3097 3218 3300 3289 Moyses
3340 3231 3385 3274 et
3431 3221 3643 3275 Samuel
3670 3239 3690 3275 :

2120 3305 2328 3375 Moyses
2348 3346 2363 3370 ,
2406 3307 2610 3376 primus
2654 3308 2942 3376 legislator,
2985 3308 3071 3378 qui
3100 3324 3242 3377 smpc
3273 3311 3416 3378 ipsos
3442 3312 3633 3380 eripuit
3660 3331 3688 3366 a

2121 3398 2387 3465 periculis,
2417 3396 2502 3464 qui
2533 3396 2683 3461 dixit,
2714 3397 2776 3451 Si
2804 3397 3022 3450 dimittas
3053 3399 3252 3467 quidem
3303 3413 3582 3470 peccatum,
3612 3404 3693 3456 di-

2123 3490 2261 3543 mitte
2287 3505 2304 3551 ;
2345 3489 2424 3541 sin
2454 3489 2644 3554 minus,
2674 3505 2752 3542 me
2781 3505 2975 3558 quoque
3003 3489 3112 3542 dele
3138 3489 3330 3559 (Exod.
3374 3493 3459 3548 51.
3493 3493 3606 3563 5‘2).
3637 3495 3691 3550 Si

2125 3579 2210 3633 hic
2238 3595 2364 3648 ergo
2393 3594 2530 3632 nunc
2556 3587 2717 3643 esset,
2749 3590 2802 3634 et
2834 3579 2946 3634 haec
2968 3579 3184 3644 diceret,
3220 3597 3324 3636 non
3350 3583 3689 3653 impetraret:

2123 3681 2178 3726 et
2206 3672 2248 3726 si
2285 3685 2467 3726 rursus
2492 3672 2727 3734 Samuel,
2753 3673 2840 3740 qui
2870 3673 2984 3742 ipse
3010 3689 3221 3742 quoque
3246 3689 3338 3729 eos
3359 3676 3574 3745 eripuit,
3603 3677 3692 3746 qui

2124 3761 2191 3815 ab
2220 3761 2436 3815 ineunte
2466 3771 2621 3816 tutante
2655 3761 2864 3817 habitus
2891 3764 2986 3816 fuit
3019 3764 3068 3816 in
3098 3763 3470 3819 admiratione.
3503 3767 3577 3820 De
3607 3768 3696 3821 illo

2125 3852 2265 3906 enim
2314 3852 2438 3916 dixi,
2471 3853 2610 3921 quod
2657 3861 2921 3923 tamquam
2968 3855 3170 3910 amicus
3212 3872 3330 3909 cum
3380 3857 3552 3910 amico
3596 3858 3693 3910 sint

2128 3945 2404 4015 loquutus,
2434 3955 2486 4000 et
2513 3961 2616 3999 non
2645 3961 2738 4013 per
2763 3947 3042 4013 aenigmata
3079 3965 3092 4000 :
3135 3947 3200 4000 de
3233 3948 3333 4002 hoc
3362 3959 3536 4002 autem
3565 3951 3696 4016 disi,

2129 4054 2212 4092 me
2231 4039 2281 4091 in
2306 4038 2472 4107 prima
2495 4045 2648 4090 :etate
2673 4037 2719 4088 ci
2749 4035 2915 4088 visum
2943 4051 3079 4098 esse,
3107 4044 3161 4090 et
3188 4036 3254 4090 ab
3279 4037 3392 4104 ipso
3416 4038 3697 4106 placatum,

2131 4127 2398 4181 exclusam
2441 4126 2716 4195 aperuisse
2758 4125 3111 4192 prophetiam.
3146 4124 3343 4178 Etenim
3367 4127 3588 4193 verbum,
3623 4131 3702 4182 in-

2130 4218 2264 4286 quit,
2288 4227 2397 4271 erat
2428 4217 2697 4286 pretiosum
2717 4230 2736 4279 ;
2760 4225 2804 4268 ct
2827 4230 2926 4268 non
2953 4225 3060 4268 erat
3082 4215 3202 4268 visio
3219 4217 3454 4271 distincta
3476 4220 3548 4287 (1.
3570 4218 3697 4289 Reg.

2132 4308 2185 4362 5.
2222 4310 2244 4361 1
2272 4306 2316 4376 ).
2362 4307 2416 4361 Si
2449 4307 2534 4360 isti
2561 4320 2690 4374 ergo
2734 4306 3018 4371 steterint,
3053 4305 3184 4359 nihil
3217 4309 3513 4374 prolicient.
3541 4311 3606 4365 Et
3635 4311 3703 4365 de

2135 4399 2244 4454 Noe
2271 4399 2419 4464 dicit,
2446 4398 2627 4451 Justus
2653 4401 2904 4468 perfectus
2927 4397 2978 4450 in
3005 4398 3325 4468 generatione
3349 4417 3442 4453 sua
3462 4413 3567 4454 erat
3591 4402 3706 4457 Noe

2136 4490 2291 4561 (Cen.
2317 4493 2369 4545 ϐ.
2399 4492 2451 4556 9)
2486 4508 2498 4543 :
2527 4500 2579 4544 et
2607 4490 2674 4544 de
2699 4489 2854 4553 Jobo,
2902 4489 3380 4560 lrrepreltensibilis.
3404 4495 3596 4561 justus,
3626 4513 3707 4550 ve-

2137 4597 2243 4646 rus,
2271 4581 2384 4650 pius
2412 4579 2534 4648 (Job
2564 4581 2613 4632 l.
2647 4578 2723 4648 ι).
2754 4579 2861 4634 llos
2893 4580 3068 4650 itaque
3098 4590 3300 4636 stantes
3329 4592 3382 4638 et
3412 4584 3702 4650 Danielem,

2139 4689 2296 4743 quem
2320 4674 2477 4727 etiam
2499 4673 2657 4727 deum
2683 4672 2912 4728 Chalda:i
2937 4673 3327 4740 existimarunt,
3353 4691 3455 4730 non
3476 4676 3709 4744 potuisse

2140 4767 2369 4820 liberare
2399 4764 2567 4834 inquit
2597 4765 2734 4819 filios
2764 4765 2999 4834 ipsorum
3024 4775 3076 4822 et
3103 4766 3258 4821 filias.
3285 4766 3415 4820 Cum
3446 4766 3559 4819 lucc
3585 4782 3711 4833 ergo

2142 4856 2392 4919 Sciamus,
2426 4871 2595 4924 neque
2624 4870 2809 4923 preces
2833 4866 3137 4910 sanctorum
3164 4865 3588 4921 contemnamus,
3621 4873 3711 4911 nc-

2142 4963 2246 5015 que
2279 4956 2443 5000 totum
2475 4948 2523 4998 in
2557 4961 2646 4999 eas
2673 4946 3041 5013 conjiciamus,
3074 4955 3179 4998 tum
3213 4955 3266 4998 ut
3299 4959 3365 4998 ne
3391 4946 3522 5013 pigri
3549 4947 3715 5000 simus

2144 5046 2199 5090 et
2227 5037 2500 5100 socordes,
2533 5045 2587 5089 ct
2619 5052 2686 5089 ne
2715 5045 2912 5090 temere
2937 5038 3094 5088 vitam
3114 5035 3370 5088 ducamus
3395 5051 3409 5100 ;
3432 5044 3538 5088 tum
3571 5045 3622 5089 ut
3649 5053 3719 5092 ne

2146 5142 2174 5179 a
2208 5142 2397 5196 magno
2428 5127 2573 5180 lucro
2595 5126 2903 5178 excidantus
2924 5141 2937 5184 ς
2962 5124 3055 5178 sed
3083 5134 3135 5178 et
3163 5125 3436 5178 hortemur
3462 5125 3525 5178 ad
3555 5142 3717 5179 oran-

2148 5218 2272 5271 dum
2299 5232 2392 5285 pro
2417 5217 2567 5268 nobis
2591 5226 2642 5269 et
2665 5216 2730 5268 ad
2756 5231 2941 5268 manus
2963 5215 3111 5280 nobis
3137 5215 3479 5283 porrigendas
3507 5232 3520 5280 ;
3547 5226 3599 5270 et
3621 5217 3717 5284 ipsi

2151 5309 2398 5361 virtutem
2447 5316 2747 5372 sectemur,
2793 5315 2844 5358 ut
2878 5307 3008 5358 bona
3040 5323 3158 5375 qua:
3200 5317 3319 5359 sunt
3357 5309 3610 5375 promissa
3657 5325 3720 5361 ns

2152 5401 2239 5470 qui
2271 5399 2444 5468 ipsum
2485 5398 2706 5465 diligunt
2737 5396 2989 5465 consequi
3025 5397 3320 5464 possimus,
3349 5398 3517 5464 gratia
3548 5408 3600 5452 et
3628 5400 3718 5450 lic-

2156 5490 2410 5561 nignitate
2454 5486 2656 5542 Domini
2691 5485 2856 5540 nostri
2885 5487 3008 5540 Jesu
3036 5486 3230 5539 Christi
3257 5525 3273 5549 ,
3300 5501 3418 5538 eum
3451 5501 3556 5555 quo
3582 5487 3724 5541 Patri

2155 5592 2209 5637 et
2236 5579 2456 5649 Spiritui
2490 5585 2680 5633 sancto
2709 5577 2909 5648 gloria,
2943 5576 3245 5644 imperium,
3275 5575 3473 5642 honor,
3510 5591 3644 5631 nunc
3675 5589 3726 5631 et

2159 5685 2390 5741 semper,
2419 5677 2472 5726 et
2497 5671 2548 5725 in
2580 5668 2771 5725 satcula
2801 5667 3136 5724 swculorum.
3166 5667 3356 5721 Amen.
