4010 6142
362 345 393 399 ε

389 343 466 400 ἰθθ

1176 323 1232 378 S.
1272 315 1546 376 JOANNIS
1569 303 2040 368 CIIRYSOSTOMI
2079 299 2389 356 AltClllEP.
2432 294 2960 352 CONSTANTINOP.

474 419 3632 478 ;____________________________________._________

3530 291 3633 346 ιτιο

1730 489 2074 556 HOMILIA
2116 491 2198 550 ll.

368 668 495 722 Car.
541 668 593 720 Ι.
633 677 686 717 v.
733 661 786 716 8.
829 657 874 712 Α
909 655 1041 709 vobis
1066 651 1199 704 enim
1224 646 1520 714 diﬁ‘amatus
1545 649 1614 694 est
1643 652 1805 694 sermo
1837 633 1940 686 Do-

441 755 586 816 mini,
615 768 716 806 non
737 748 902 804 solum
923 747 973 798 in
999 740 1301 797 Macedonia
1324 747 1369 791 et
1393 738 1444 788 in
1470 731 1686 794 Achaia,
1707 726 1796 782 sed
1825 734 1870 778 et
1893 724 1943 776 in

442 845 579 900 omni
601 845 712 898 loco
745 840 871 910 ﬁdes
892 847 1054 892 vestra
1077 849 1189 902 qua:
1211 842 1284 886 est
1310 830 1378 884 ad
1408 827 1570 880 Deum
1595 825 1821 892 profecta
1847 826 1942 910 est,

440 939 512 992 ita
548 945 604 988 sit
639 907 832 987 nonvsit
860 930 1000 983 nobis
1029 940 1225 979 necesse
1251 921 1524 990 quidquam
1551 914 1706 983 loqui.
1740 912 1789 966 9.
1835 907 1862 962 Ι
1870 909 1947 976 psi

443 1027 577 1080 enim
603 1023 666 1076 de
691 1020 833 1076 nobis
859 1016 1165 1072 annuntiant
1190 1013 1388 1082 qualem
1419 1007 1678 1061 introitum
1707 998 1946 1055 habueri-

443 1133 553 1168 mus
595 1113 664 1167 ad
699 1128 826 1176 vos;
857 1118 903 1164 et
938 1105 1188 1178 quomodo
1226 1106 1450 1155 conversi
1476 1098 1591 1152 estis
1617 1094 1684 1148 ad
1719 1091 1883 1146 Deum
1917 1105 1948 1140 a

441 1206 724 1263 simulacris
747 1245 761 1268 ,
809 1203 994 1256 servire
1030 1197 1140 1252 Deo
1170 1197 1274 1249 vivo
1310 1202 1357 1248 et
1397 1207 1512 1246 vero
1533 1229 1547 1253 ,
1579 1187 1665 1242 10.
1694 1196 1740 1238 et
1765 1199 1944 1250 exspe-

443 1309 582 1352 ctare
609 1295 806 1349 Filium
841 1294 949 1363 ejus
977 1290 1038 1344 de
1064 1288 1222 1352 uelis,
1249 1302 1391 1356 quem
1429 1278 1687 1337 suscitavit
1725 1293 1788 1331 ea:
1816 1291 1950 1328 mor-

448 1390 567 1456 tuis,
589 1385 788 1452 Iesum,
815 1384 902 1454 qui
928 1382 1110 1452 eripuit
1137 1395 1227 1432 nos
1251 1379 1312 1431 ab
1341 1377 1418 1430 ira
1439 1382 1665 1428 ventura.

451 1563 502 1616 i.
545 1556 1006 1628 Quemadmodum
1045 1555 1182 1610 bene
1212 1553 1363 1607 olens
1400 1557 1723 1620 unguentum
1753 1562 1858 1600 non
1898 1546 1948 1599 in

377 1670 435 1708 se
465 1651 779 1708 conclusum
804 1649 1001 1704 bonum
1030 1646 1188 1700 habet
1214 1644 1452 1702 odorem,
1479 1640 1569 1695 sed
1595 1638 1777 1709 procul
1800 1637 1952 1691 emit-

379 1745 458 1805 tit,
489 1751 543 1797 et
567 1756 744 1797 aerem
771 1739 937 1794 odore
957 1735 1253 1805 complens,
1280 1734 1357 1789 sic
1387 1733 1545 1786 etiam
1575 1729 1809 1784 immittit
1830 1742 1950 1781 eum

381 1833 433 1886 in
465 1845 654 1886 sensus
689 1829 1106 1900 pr0pinquoruni
1140 1844 1152 1878 :
1193 1825 1271 1880 sic
1310 1823 1468 1879 etiam
1508 1821 1601 1874 viri
1635 1819 1870 1890 praeclari
1901 1827 1954 1871 et

379 1920 681 1976 admirandi
709 1935 814 1974 non
847 1919 900 1974 iu
932 1932 990 1973 se
1017 1916 1320 1972 conclusam
1351 1922 1534 1968 tenent
1564 1912 1829 1974 virtutem,
1860 1909 1952 1964 sed

381 2015 639 2084 plurimos
658 2027 753 2082 per
770 2011 960 2064 famam
985 2023 1135 2064 suam
1153 2007 1339 2076 juvant
1359 2017 1412 2061 et
1436 2005 1684 2058 meliores
1702 2002 1951 2056 reddunt.

381 2105 530 2172 Quod
561 2113 614 2160 et
642 2113 766 2157 tunc
796 2101 992 2156 factum
1023 2109 1124 2154 est.
1152 2098 1409 2165 Quocirca
1439 2096 1651 2152 dicebat
1680 2108 1694 2147 :
1733 2095 1798 2150 Ut
1831 2096 1956 2165 [acti

381 2197 488 2250 silis
513 2199 679 2266 [arma
720 2193 950 2247 omnibus
979 2190 1294 2246 credentibus
1322 2191 1374 2244 in
1401 2190 1596 2242 Achaia
1633 2198 1679 2243 et
1710 2187 1953 2241 Macedo-

383 2290 489 2341 nia.
522 2287 563 2340 Α
586 2286 720 2340 vobis
741 2285 892 2350 enim,
919 2284 1106 2352 inquit,
1129 2281 1420 2348 diﬂ'amatus
1444 2292 1515 2336 est
1537 2297 1700 2334 sermo
1728 2279 1953 2346 Domini,

383 2397 486 2432 non
511 2377 672 2432 solum
701 2377 751 2430 in
792 2374 1091 2428 Macedonia
1116 2383 1162 2426 et
1189 2373 1402 2437 Achaia,
1429 2373 1516 2426 sed
1541 2383 1585 2426 et
1609 2373 1664 2426 in
1689 2373 1825 2425 omni
1845 2373 1956 2424 loco

384 2468 511 2537 ﬁdes
536 2476 696 2520 vestra
730 2481 842 2536 qua:
868 2475 938 2520 est
967 2464 1034 2518 ad
1067 2463 1228 2517 Deum
1260 2468 1484 2532 profecta
1515 2471 1608 2517 est.
1643 2462 1957 2517 Eruditione

382 2574 510 2629 ergo
532 2557 842 2628 impleviStis
868 2571 1053 2611 omnes
1074 2555 1365 2625 proximos,
1391 2553 1646 2608 miraculo
1668 2563 1843 2609 autem
1870 2570 1957 2608 or-

384 2653 504 2706 bem
536 2662 690 2707 terra:
721 2668 733 2704 :
765 2650 866 2704 hoc
891 2650 1034 2704 enim
1077 2648 1177 2702 sibi
1215 2648 1324 2702 vult
1369 2647 1492 2701 i'lud
1513 2687 1527 2710 ,
1555 2645 1634 2712 ,ln
1661 2647 1798 2700 amni
1825 2647 1954 2699 loco.

391 2743 573 2812 Neque
602 2741 770 2806 dixit,
811 2739 1017 2794 Jactata
1043 2747 1126 2792 est
1156 2737 1286 2792 ﬁdes
1311 2749 1503 2800 vestra,
1533 2737 1648 2798 sed,
1679 2734 1959 2800 Di/famata

384 2843 477 2887 est.
510 2831 708 2899 Nempe
738 2831 877 2883 sicut
905 2828 1028 2881 tuba
1056 2827 1200 2882 clare
1233 2836 1518 2881 resonante
1547 2826 1788 2894 repletur
1813 2835 1956 2879 totus

390 2927 536 2978 locus
564 2921 770 2976 viciniae
802 2936 816 2973 :
847 2920 917 2972 ita
944 2927 1134 2973 vestra:
1164 2919 1375 2971 virtutis
1405 2916 1563 2982 fama,
1595 2917 1730 2970 sicut
1758 2916 1845 2968 illa
1875 2930 1959 2969 re-

386 3030 616 3080 sonans,
658 3012 853 3066 sufﬁcit
879 3009 944 3064 ad
989 3009 1312 3079 implendum
1354 3007 1537 3062 orbem
1570 3017 1723 3061 terrae
1755 3014 1807 3062 et
1848 3007 1958 3075 pari

387 3123 520 3163 sono
564 3103 978 3177 perveniendum
1005 3102 1070 3157 ad
1099 3116 1288 3157 omnes
1315 3101 1528 3170 ubique.
1573 3099 1705 3154 Nam
1735 3115 1820 3153 res
1849 3114 1962 3152 ma-

387 3214 504 3268 gnae
526 3237 542 3264 ,
587 3195 675 3251 ubi
705 3194 920 3265 quidem
962 3204 1126 3265 gesta:
1163 3191 1363 3247 fuerint
1387 3233 1400 3256 ,
1431 3199 1696 3246 canuntur
1718 3190 1912 3246 clarius
1941 3206 1957 3255 ;

388 3289 569 3360 procul
594 3297 770 3342 autem
798 3295 1065 3342 canuntur
1089 3284 1326 3355 quidem,
1357 3282 1451 3337 sed
1477 3297 1580 3334 non
1601 3279 1738 3336 adeo
1763 3297 1776 3333 :
1805 3295 1836 3334 a
1863 3294 1957 3333 vo-

391 3379 470 3434 bis
497 3393 620 3431 vero
649 3393 754 3431 non
783 3377 893 3443 sic,
923 3374 1019 3431 sed
1061 3373 1281 3444 insignis
1308 3387 1471 3428 sonus
1497 3371 1627 3425 exiit
1668 3385 1762 3439 per
1795 3378 1960 3424 totam

394 3479 608 3521 terram.
639 3467 714 3520 Ne
739 3467 858 3536 quis
887 3481 1014 3521 vero
1042 3474 1188 3533 putet
1217 3480 1336 3519 esse
1366 3464 1477 3518 haec
1501 3463 1662 3517 verba
1695 3461 1961 3533 hyperbo-

396 3557 525 3610 lica:
556 3555 667 3608 hate
691 3555 832 3609 enim
861 3569 992 3624 gens
1021 3552 1364 3608 Macedonum
1391 3563 1516 3607 ante
1543 3551 1742 3606 Christi
1766 3551 1982 3608 adven-.

397 3657 506 3698 tum
536 3653 652 3700 erat
686 3644 925 3712 insignis,
957 3652 1011 3696 et
1039 3643 1231 3710 ubique
1268 3642 1559 3695 cauebatur
1599 3643 1766 3709 magis
1803 3656 1961 3709 quam

397 3736 756 3789 Romanorum
785 3748 800 3797 ;
831 3741 884 3785 et
911 3731 1136 3785 Romani
1163 3729 1284 3785 ideo
1312 3738 1436 3783 sunt
1475 3729 1792 3798 admirandi,
1823 3730 1965 3800 quod

395 3838 491 3877 eos
520 3821 872 3890 subjugarint.

472 3913 549 3966 De
582 3912 872 3966 Alexandro
904 3911 1094 3983 Magno
1127 3911 1379 3982 quadam.
1409 3939 1480 3952 -—
1506 3909 1632 3965 Nam
1658 3927 1774 3981 qua:
1806 3912 1971 3982 gessit

399 4019 488 4058 rex
503 4001 842 4056 Macedonum
859 4005 1178 4072 superarunt
1191 4015 1403 4056 omnem
1418 3999 1625 4056 dicendi
1642 3999 1965 4067 facultatem,

396 4107 452 4152 ut
487 4096 575 4167 qui
616 4113 645 4152 a
684 4111 838 4165 parva
882 4093 1147 4164 profectus
1194 4093 1429 4157 civitate,
1475 4092 1755 4162 occupavit
1797 4101 1966 4148 totum

394 4190 577 4246 orbem
620 4199 795 4244 terra).
834 4187 1125 4256 Propterea
1169 4194 1224 4240 et
1261 4183 1487 4239 Pardum
1528 4183 1801 4239 volucrem
1843 4199 1966 4238 eum

399 4284 542 4338 videt
568 4266 847 4352 propheta,
889 4279 1192 4350 signiﬁcans
1227 4276 1558 4332 velocitatem
1596 4285 1651 4330 et
1677 4275 1969 4330 vehemen-

397 4375 522 4428 tiam
546 4380 601 4428 et
622 4371 889 4433 ardorem,
916 4379 969 4425 et
995 4368 1133 4438 quod
1159 4377 1379 4438 repente
1407 4375 1574 4420 totum
1601 4367 1786 4421 orbem
1815 4375 1971 4421 terra:

400 4462 685 4532 pervolarit
710 4477 830 4516 cum
863 4461 1075 4529 tropaiis
1101 4468 1155 4514 et
1181 4459 1418 4513 victoria.
1449 4457 1611 4512 Aiunt
1638 4467 1812 4511 autem
1832 4453 1971 4525 quod

397 4555 556 4609 etiam
585 4569 705 4609 cum
731 4552 1010 4622 quemdam
1039 4550 1412 4621 philosophum
1441 4549 1972 4604 audiissetdiccntem

401 4647 636 4702 inﬁnitos
661 4659 780 4699 esse
810 4643 1057 4708 mundos,
1081 4641 1424 4697 vehementer
1463 4641 1802 4711 ingemuerit,
1832 4637 1973 4708 quod

400 4752 520 4792 cum
563 4734 754 4790 inﬁniti
785 4740 986 4799 essent,
1030 4747 1098 4786 ne
1130 4747 1291 4786 unum
1321 4730 1532 4800 quidem
1575 4739 1927 4800 expugnasset
1957 4743 1971 4781 :

325 4834 336 4873 λ
398 4828 531 4882 adeo
549 4826 722 4896 magni
753 4836 805 4880 et
828 4823 1023 4880 excelsi
1054 4835 1166 4878 erat
1191 4823 1376 4888 animi,
1405 4831 1458 4877 et
1485 4822 1678 4891 ubique
1711 4832 1973 4876 terrarum

401 4919 706 4974 cauebatur.
735 4917 901 4972 Simul
931 4924 1108 4970 autem
1139 4932 1257 4970 cum
1289 4913 1428 4968 fama
1451 4912 1589 4981 regis
1616 4912 1788 4980 gentis
1814 4911 1974 4964 etiam

406 5009 729 5066 ascendebat
766 5011 932 5080 gloria
985 5026 997 5062 :
1039 5007 1316 5063 dicebatur
1359 5005 1500 5059 enim
1543 5001 1844 5057 Alexander
1889 5002 1977 5057 ille

402 5102 640 5158 Macedo.
666 5101 1022 5169 Quamobrem
1061 5100 1178 5168 ejus
1208 5099 1418 5152 volante
1446 5095 1605 5162 fama,
1638 5095 1830 5149 merito
1857 5112 1974 5164 qua:

401 5193 512 5247 illic
555 5203 704 5262 gesta
754 5191 963 5247 fuerant
1014 5193 1206 5262 ubique
1252 5189 1583 5243 canebantur
1616 5205 1630 5240 :
1662 5186 1789 5241 nihil
1833 5187 1973 5241 enim

400 5283 607 5353 insigne
639 5293 813 5351 potest
843 5284 1026 5336 latere.
1061 5281 1175 5338 Non
1205 5281 1377 5335 minus
1408 5295 1534 5350 ergo
1560 5287 1712 5332 erant
1743 5278 1976 5348 insignes

403 5388 489 5430 res
517 5372 864 5428 Macedonum
893 5389 1050 5442 quam
1085 5373 1465 5427 Romanorum.
1499 5368 1656 5423 Fides
1680 5380 1861 5435 vestra,
1893 5369 1976 5422 iii-

403 5463 537 5532 quit,
574 5476 686 5532 qute
723 5472 794 5515 est
837 5462 904 5514 ad
944 5461 1107 5514 Deum
1149 5465 1376 5530 profecta
1415 5471 1505 5514 est.
1549 5459 1682 5515 Vide
1710 5459 1978 5530 quomodo

405 5553 554 5619 quasi
579 5551 647 5607 de
678 5567 734 5606 re
759 5553 988 5606 animata
1016 5552 1256 5622 loquens,
1288 5551 1438 5617 illud,
1478 5549 1719 5620 Profecto
1759 5561 1851 5618 est,
1885 5567 1980 5622 po-

405 5642 573 5695 suerit
619 5660 634 5696 :
679 5641 781 5695 hoc
822 5651 996 5697 autem
1042 5658 1106 5698 ex
1157 5657 1344 5696 eorum
1399 5642 1732 5696 vehementia
1785 5642 1978 5697 oritur.

409 5728 606 5783 Deinde
632 5728 904 5785 declarans
946 5732 1086 5799 ipsos
1133 5730 1289 5786 ﬁdem
1329 5745 1480 5786 suam
1521 5729 1889 5788 vehementem
1923 5741 1977 5788 et

2053 631 2324 687 efﬁcacem
2357 633 2677 698 ostendisse,
2721 633 2993 704 subjungit
3025 651 3036 686 :
3062 633 3145 687 Ita
3176 645 3228 687 ut
3269 651 3368 687 non
3399 636 3463 688 sit
3493 637 3633 692 nobis

2050 739 2248 776 necesse
2272 724 2543 794 quidquam
2571 725 2726 792 loqui.
2755 724 2780 777 Ι
2786 726 2864 792 psi
2884 726 3014 778 enim
3041 725 3104 778 de
3129 726 3269 779 nobis
3299 728 3630 791 annuntiant,

2051 816 2249 884 qualem
2279 816 2539 868 introitum
2578 817 2898 871 habuerimus
2942 819 3009 870 ad
3035 833 3140 871 vos.
3171 817 3283 871 Non
3315 827 3632 886 exspectant

2053 916 2109 958 ut
2135 905 2202 960 de
2246 906 2394 960 vobis
2435 907 2675 974 audiant,
2723 908 2816 962 sed
2861 923 2955 963 eos
2981 910 3070 979 qui
3110 909 3334 963 aderant
3380 920 3436 964 et
3481 926 3568 965 res
3600 925 3628 963 a

2054 996 2208 1050 vobis
2235 997 2490 1066 pra‘clare
2538 1008 2720 1068 gestas
2751 999 3014 1060 viderant,
3065 1000 3097 1054 ii
3137 1001 3227 1066 qui
3273 1016 3379 1054 non
3411 1000 3632 1057 aderant

2052 1105 2152 1144 nec
2175 1089 2432 1152 viderant,
2462 1103 2834 1160 prwoccupant
2859 1110 2873 1144 :
2897 1092 3031 1148 adeo
3055 1093 3249 1162 ubique
3272 1095 3517 1162 evulgata
3540 1110 3628 1148 res

2031 1182 2185 1237 erat.
2215 1182 2331 1248 Quo
2364 1182 2421 1238 ﬁt
2452 1193 2506 1238 ut
2536 1200 2641 1238 non
2679 1186 2749 1238 sit
2792 1185 2943 1240 nobis
2984 1201 3119 1254 opus
3149 1195 3323 1239 vestra
3367 1189 3632 1240 narrando

2052 1287 2146 1326 eos
2171 1273 2237 1326 ad
2266 1288 2446 1342 parem
2475 1273 2737 1330 deducere
2765 1275 2934 1329 zelum
2960 1285 3013 1330 et
3043 1277 3434 1330 :emulationem
3471 1295 3484 1331 :
3511 1295 3628 1330 nam

2053 1378 2170 1433 qua:
2207 1365 2352 1435 ipsos
2377 1368 2660 1436 oportebat
2703 1382 2732 1420 a
2768 1368 2922 1422 nobis
2965 1368 3169 1431 audire,
3203 1384 3266 1423 ea
3300 1370 3398 1438 ipsi
3430 1371 3631 1438 priores

2055 1457 2254 1511 dicunt.
2289 1459 2618 1527 Quamquam
2653 1461 2704 1514 in
2752 1461 2816 1514 iis
2850 1477 2968 1530 qua:
2997 1471 3122 1515 sunt
3151 1461 3454 1528 hujusmodi
3487 1477 3630 1531 sa-pe

2058 1547 2249 1601 invidia
2293 1549 2580 1604 intervenit
2614 1567 2627 1603 :
2660 1551 2752 1604 sed
2785 1551 2920 1604 hanc
2949 1567 3160 1620 quoque
3189 1551 3314 1605 vicit
3356 1553 3630 1607 excellen-

2057 1637 2146 1702 tia,
2189 1647 2243 1694 et
2291 1639 2388 1706 ipsi
2433 1649 2556 1692 sunt
2602 1655 2874 1708 przrcnnes
2917 1649 3216 1694 vestrorum
3257 1643 3630 1696 certaminum.

2057 1730 2308 1794 Quamvis
2345 1731 2445 1800 ipsi
2489 1731 2595 1784 sint
2627 1732 2922 1802 inh-riores,
2977 1749 3043 1786 ne
3087 1733 3166 1787 sic
3190 1735 3403 1802 quidem
3434 1742 3630 1798 tacent,

2057 1822 2150 1876 sed
2181 1823 2528 1890 prmvenitmt.
2573 1823 2735 1876 Nobis
2778 1835 2976 1887 autem,
3025 1839 3146 1878 cum
3186 1825 3318 1879 tales
3357 1826 3485 1892 sint,
3527 1845 3631 1882 non

2058 1911 2180 1965 licet
2209 1911 2364 1966 ﬁdem
2408 1928 2621 1982 negare.
2655 1913 2790 1981 Quid
2831 1923 2914 1969 est
2953 1915 3099 1979 illud,
3135 1916 3348 1982 Qualem
3375 1917 3633 1971 introitum

2059 2001 2375 2056 habuerimus
2397 2003 2462 2055 ad
2488 2020 2572 2056 vos
2588 2004 2614 2057 2’
2634 2003 2783 2071 Quod
2805 2005 2988 2074 plenus
3017 2005 3175 2060 fuerit
3202 2007 3470 2074 periculis,
3495 2009 3632 2078 qitml

2060 2093 2330 2148 miraculis
2381 2094 2876 2162 inmimerabilibus,
2922 2097 3061 2166 quod
3108 2097 3238 2150 nihil
3295 2115 3361 2153 ex
3409 2099 3493 2152 his
3540 2115 3634 2154 vos

2059 2183 2496 2250 conturbaverit;
2544 2186 2637 2240 sed
2665 2201 2729 2240 ae
2777 2187 2821 2240 si
2854 2187 2983 2240 nihil
3029 2189 3332 2254 accidisset,
3365 2191 3434 2244 ita
3484 2192 3637 2246 nobis

2059 2274 2448 2340 adhmrebatis;
2483 2287 2747 2347 tamquam
2773 2279 2893 2332 mali
2925 2279 3052 2332 nihil
3087 2282 3344 2350 perpessi,
3379 2282 3472 2337 sed
3499 2284 3634 2337 bona

2060 2366 2327 2434 assequuti
2372 2367 2799 2433 innumerabilia,
2852 2369 2920 2422 ita
2969 2386 3064 2422 nos
3101 2372 3388 2440 excepistis
3433 2385 3632 2441 postea.

2059 2454 2336 2510 Secundus
2380 2457 2520 2510 enim
2574 2457 2657 2511 hic
2705 2459 2800 2512 fuit
2848 2459 3140 2527 ingressus.
3195 2463 3452 2518 Abierant
3501 2465 3630 2518 Bar—

2063 2544 2300 2610 rlnnam;
2331 2546 2472 2616 passi
2521 2555 2643 2601 sunt
2673 2551 3136 2618 persequutionem
3164 2569 3176 2604 :
3222 2562 3276 2606 et
3303 2565 3482 2622 postea
3511 2571 3632 2608 cum

2063 2637 2352 2701 venissent,
2383 2652 2476 2692 eos
2507 2638 2577 2692 ita
2607 2650 2950 2708 exceperunt,
2982 2652 3037 2696 ut
3057 2644 3124 2696 ab
3154 2644 3278 2713 ipsis
3306 2645 3635 2702 honoraren-

2065 2734 2168 2792 tur,
2211 2736 2264 2780 et
2292 2727 2499 2782 animas
2540 2745 2664 2783 suas
2696 2745 2792 2799 pro
2828 2731 2956 2800 ipsis
2986 2743 3267 2798 ponerent.
3300 2735 3427 2790 illud
3473 2753 3627 2806 ergo,

2065 2815 2277 2880 Qualem
2322 2818 2578 2872 introitum
2608 2820 2926 2875 habuerimus
2955 2823 3021 2874 ad
3050 2839 3153 2888 vos,
3187 2833 3267 2877 est
3291 2826 3630 2893 conjuncmni

2061 2921 2108 2962 et
2132 2908 2326 2963 horum
2355 2919 2411 2964 et
2435 2910 2667 2979 ipsorum
2695 2913 2993 2966 encomium
3029 2932 3042 2967 :
3075 2915 3167 2969 sed
3198 2916 3308 2982 ipse
3339 2917 3388 2970 id
3415 2932 3640 2972 conver-

2065 3000 2125 3052 tit
2155 3000 2208 3052 in
2252 3001 2456 3055 laudent
2495 3002 2752 3071 ipsorum.
2785 3003 2850 3057 Et
2878 3005 3128 3073 quomodo
3167 3008 3412 3072 conversi,
3443 3007 3635 3077 inquit,

2063 3095 2180 3148 estis
2221 3095 2289 3148 ad
2319 3094 2481 3150 Deum
2525 3114 2557 3150 a
2594 3099 2901 3160 simulacris.
2952 3111 3004 3154 ut
3039 3103 3264 3156 servietis
3309 3103 3414 3156 Deo
3454 3105 3560 3158 vivo
3593 3115 3640 3157 et

2065 3199 2197 3238 vero.
2225 3185 2335 3240 Hoc
2363 3196 2465 3252 est,
2504 3188 2678 3250 facile,
2711 3198 2764 3243 et
2794 3206 2981 3260 magna
3004 3209 3124 3246 cum
3155 3195 3509 3259 vehementia,
3538 3211 3638 3251 ne-

2063 3290 2167 3344 que
2193 3277 2362 3332 multo
2402 3293 2536 3348 Opus
2577 3278 2837 3336 habuistis
2881 3283 3093 3352 negotio
3133 3294 3190 3338 ut
3228 3286 3504 3340 serviretis
3533 3286 3641 3340 Deo

2065 3368 2187 3422 vivo
2213 3377 2269 3423 et
2297 3384 2442 3424 vero.
2476 3369 2573 3425 llic
2613 3371 2772 3426 etiam
2801 3372 2977 3428 intulit
3001 3373 3426 3430 adhortationem
3458 3375 3642 3445 :‘quud

2065 3467 2152 3513 est
2184 3459 2362 3514 minus
2385 3475 2607 3530 gravem
2631 3464 2928 3517 orationem
2957 3463 3248 3519 reddentis.
3286 3464 3350 3518 Et
3380 3476 3434 3519 ut
3462 3483 3643 3536 exspe-

2065 3549 2264 3603 ctaretis
2304 3549 2496 3605 Filium
2523 3553 2630 3622 ejus
2655 3553 2718 3606 de
2743 3554 2900 3618 ctelis,
2931 3571 3075 3621 quem
3102 3557 3361 3610 suscitavit
3399 3574 3463 3612 ea:
3504 3575 3645 3611 inor-

2069 3638 2188 3701 tuis,
2215 3637 2414 3705 Jesum,
2447 3642 2532 3710 qui
2575 3641 2753 3695 liberat
2784 3661 2874 3698 nos
2900 3645 2961 3697 ab
2999 3646 3078 3697 ira
3117 3655 3344 3700 ventura.
3384 3647 3446 3701 Et
3481 3659 3533 3701 ut
3558 3665 3649 3703 ex-

2069 3731 2382 3795 spectaretis,
2413 3731 2602 3799 inquit,
2631 3731 2822 3786 Filium
2849 3735 2957 3803 ejus
2979 3735 3040 3786 de
3060 3735 3219 3802 cadis,
3247 3736 3337 3806 qui
3363 3739 3414 3790 in
3435 3753 3645 3793 crucem

2073 3817 2164 3871 fuit
2187 3828 2357 3886 actus,
2391 3821 2477 3890 qui
2510 3821 2748 3890 sepultus
2776 3840 2788 3874 :
2824 3823 3051 3893 ideoque
3079 3825 3192 3880 haec
3219 3827 3500 3882 declarans
3525 3829 3650 3883 sub-

2067 3911 2256 3982 jungit,
2282 3914 2440 3980 Quem
2462 3915 2718 3968 suscitari!
2741 3933 2768 3970 e
2795 3917 3023 3970 mortuis.
3054 3917 3235 3973 Vidisti
3259 3919 3418 3974 simul
3439 3921 3646 3985 oninia,

2073 4007 2540 4069 resurrectionem,
2573 4007 2962 4074 ascensionem,
3008 4010 3298 4063 secundum
3340 4009 3646 4073 adventum,

2068 4093 2350 4163 judicium,
2377 4096 2640 4163 justorum
2668 4098 3170 4164 remunerationem,
3215 4100 3477 4153 malorum
3520 4114 3648 4167 snp-

2075 4187 2327 4258 plicium?
2354 4187 2550 4252 .Iesum,
2584 4189 2770 4258 inquit,
2798 4191 2880 4258 qui
2909 4207 3000 4244 nos
3025 4191 3211 4258 eripuit
3235 4191 3297 4244 ab
3318 4193 3396 4244 ira
3423 4201 3647 4246 ventura.

2076 4277 2140 4331 Et
2174 4276 2276 4332 hoc
2305 4285 2388 4331 est
2429 4276 2532 4331 illis
2573 4279 2844 4345 solatium,
2888 4279 3184 4334 consolatio
3226 4291 3282 4334 et
3325 4281 3648 4336 adhortatio.

2075 4369 2206 4425 Nam
2251 4369 2294 4424 si
2325 4371 2576 4425 excitavit
2617 4386 2648 4426 e
2679 4371 2921 4436 mortuis,
2952 4380 3006 4426 et
3049 4382 3130 4444 est
3162 4373 3210 4425 in
3241 4372 3391 4436 easlo,
3426 4382 3479 4426 et
3507 4372 3652 4426 illinc

2077 4471 2328 4516 venturus
2358 4470 2440 4516 est
2468 4461 2556 4532 (et
2577 4461 2914 4527 credidistis;
2948 4461 3048 4516 nisi
3077 4463 3220 4518 enim
3266 4477 3361 4517 vos
3404 4464 3489 4517 illa
3537 4479 3654 4518 crc-

2077 4553 2346 4609 didissetis
2374 4594 2388 4618 ,
2435 4568 2539 4606 non
2580 4553 2770 4607 essetis
2801 4563 2907 4608 tam
2955 4554 3116 4607 unilta
3167 4553 3426 4624 perpessi)
3471 4572 3484 4608 :
3532 4564 3653 4608 sunt

2079 4643 2193 4698 lucc
2235 4660 2446 4714 quoque
2491 4644 2760 4699 sufﬁciens
2801 4645 3115 4699 consolatio.
3153 4645 3276 4710 lsti,
3312 4647 3478 4716 inquit
3503 4689 3519 4714 ,
3562 4646 3656 4699 da-

2079 4735 2211 4790 bunt
2253 4751 2436 4805 pinnas
2470 4737 2487 4804 (
2515 4737 2655 4806 quod
2687 4736 2897 4806 quidem
2927 4737 2979 4790 in
3010 4737 3239 4791 secunda
3286 4755 3497 4809 quoque
3529 4739 3652 4793 dicit

2079 4826 2296 4895 epistola
2328 4825 2477 4898 [Cap.
2505 4828 2616 4881 ~l.v.
2635 4826 2733 4898 9]).
2775 4827 2835 4880 Et
2860 4828 3077 4880 alienam
3106 4845 3187 4882 vos
3219 4829 3456 4882 habebitis
3483 4845 3655 4882 conso-

2081 4918 2315 4972 lationem
2337 4935 2434 4970 non
2465 4935 2694 4986 parram.
2727 4917 2786 4970 Et
2817 4931 2869 4970 ut
2898 4920 3206 4988 exspectetis,
3238 4919 3423 4988 inquit,
3449 4919 3607 4988 [ilium
3630 4935 3654 4972 ε

2079 5010 2256 5073 uelis,-
2293 5009 2580 5062 ostendens
2605 5025 2665 5062 ea
2707 5026 2822 5078 quae
2849 5019 2965 5062 sunt
2996 5011 3170 5080 gravia
3201 5021 3252 5064 et
3293 5025 3500 5078 aspera,
3542 5025 3656 5062 esse.

2087 5098 2138 5152 in
2190 5099 2451 5164 inanibus,
2486 5099 2619 5152 bona
2665 5110 2840 5152 antem
2889 5098 2938 5152 in
2985 5102 3400 5166 exspectatione,
3449 5099 3656 5168 quando

2080 5189 2325 5245 Christus
2370 5189 2548 5244 veniet
2588 5205 2618 5245 e
2663 5189 2829 5243 ca-lis.
2867 5188 2997 5242 Vide
3044 5199 3240 5256 quanta
3267 5205 3360 5258 spe
3389 5191 3452 5242 sit
3484 5203 3648 5258 opus,

2083 5281 2222 5351 quod
2273 5281 2513 5335 Christus
2571 5279 2620 5332 in
2660 5293 2870 5332 crucem
2932 5289 3116 5342 actus,
3148 5280 3216 5332 sit
3267 5280 3556 5333 suscitatus
3607 5293 3659 5334 et

2084 5381 2390 5442 assumptus
2450 5372 2498 5424 iii
2553 5371 2746 5433 ρωιυες
2779 5372 2919 5439 quod
2977 5381 3229 5424 venturus
3274 5372 3344 5425 sit
3401 5371 3467 5424 ad
3515 5369 3658 5438 judi-

2084 5461 2282 5515 candos
2331 5461 2479 5514 vivos
2526 5469 2580 5513 et
2631 5471 2888 5512 mortuos.
2922 5457 3095 5530 (Cap.
3127 5459 3210 5530 ε.)
3243 5461 3290 5514 1.
3329 5459 3462 5512 Nam
3494 5469 3539 5514 et
3566 5458 3660 5528 ipsi

2082 5551 2218 5604 scitis
2241 5592 2254 5614 ,
2283 5553 2464 5620 fratres
2486 5591 2499 5615 ,
2532 5550 2790 5602 introitum
2841 5561 3066 5602 nostrum
3119 5548 3185 5602 ad
3233 5565 3315 5602 ros
3337 5588 3352 5613 ,
3383 5550 3521 5618 quod
3563 5565 3661 5601 non

2085 5643 2250 5698 inanis
2291 5641 2421 5710 fuit;
2465 5641 2518 5694 2.
2550 5641 2637 5694 sed
2686 5650 2802 5693 ante
2842 5641 2976 5709 passi
3017 5639 3194 5704 multa,
3247 5648 3295 5692 et
3351 5640 3662 5692 con‘umrliis

2088 5731 2274 5799 offecti,
2311 5731 2435 5785 sicut
2463 5731 2618 5799 scitis,
2649 5732 2698 5783 in
2737 5729 3009 5800 Philippis,
3037 5729 3278 5798 ﬁduciam
3311 5727 3573 5782 habuimus
3608 5733 3660 5784 in
