4010 6142
463 281 554 334 illi

461 398 567 452 Deo
595 405 770 449 nostra
793 393 924 461 loqui
951 392 1018 445 ad
1049 403 1134 446 vos
1173 391 1485 463 evangelium
1518 389 1610 446 Dei
1639 392 1691 445 in
1714 392 1870 445 multa
1896 391 2039 445 solli-

457 489 696 543 citudine.

527 579 583 632 2.
627 580 812 648 Magna
852 576 1066 646 quidem
1097 585 1150 630 et
1179 577 1430 647 praeclara
1465 586 1588 632 sunt
1615 593 1730 648 quin
1761 576 1997 648 gessistis
2023 594 2036 641 ;

459 671 551 724 sed
579 685 676 724 nec
701 685 795 724 nos
821 669 1054 722 humano
1077 683 1324 722 sermone
1349 669 1426 722 usi
1454 683 1658 724 sumus.
1689 668 1791 724 Sed
1821 668 1871 723 id
1897 669 2038 739 quod

457 763 718 832 superius,
751 761 834 814 hic
860 775 1070 830 quoque
1095 761 1244 825 dicit,
1273 761 1703 831 quodutrimqne
1728 762 2041 817 ostendatur

455 853 624 918 qualis
662 851 728 904 sit
775 849 1082 918 praedicatio
1105 891 1120 912 ,
1153 861 1203 904 et
1233 867 1297 904 ex
1329 851 1491 920 signis
1515 891 1530 916 ,
1559 859 1616 906 et
1642 867 1705 906 ex
1737 866 1920 906 eorum
1948 853 2036 922 qui

456 941 744 1007 pra'dieant
773 943 1035 1004 instituto,
1059 951 1111 996 et
1135 957 1199 995 ex
1230 941 1439 996 fervore
1465 951 1517 996 et
1541 941 1718 996 studio
1741 957 1926 998 eorum
1949 944 2036 1014 qui

452 1032 768 1099 suscipiunt.
799 1030 912 1099 Ipsi
938 1031 1103 1094 enim,
1138 1032 1326 1101 inquit,
1358 1031 1497 1084 scitis
1526 1041 1572 1085 et
1602 1042 1827 1086 nostrum
1856 1033 1924 1086 ad
1951 1049 2038 1088 uos

451 1124 711 1177 introitunt
733 1164 747 1185 ,
775 1123 908 1193 quod
937 1141 1036 1177 non
1067 1124 1162 1190 {uit
1191 1125 1357 1176 inanis
1386 1140 1404 1177 :
1431 1124 1531 1179 hoc
1560 1135 1642 1179 est
1664 1167 1679 1189 ,
1712 1141 1818 1181 non
1851 1127 2038 1182 buma-

455 1230 552 1268 nns
579 1258 594 1278 ,
640 1229 812 1283 neque
857 1215 986 1268 levis
1015 1230 1076 1268 ac
1101 1216 1349 1284 vulgaris.
1388 1216 1431 1270 Α
1465 1216 1670 1284 magnis
1696 1219 1836 1272 enim
1865 1219 2034 1288 erepti

455 1308 702 1376 periculis
728 1317 782 1362 et
809 1311 1064 1363 mortibus
1091 1319 1145 1366 ct
1173 1311 1339 1381 plagis
1359 1352 1374 1377 ,
1407 1312 1688 1366 incidimus
1715 1327 1899 1368 rursus
1920 1321 2033 1368 sta-

455 1403 547 1452 tim
580 1401 632 1453 in
660 1400 913 1466 pericula.
951 1401 1057 1455 Sed
1085 1411 1220 1468 ante,
1253 1403 1421 1471 inquit
1440 1445 1452 1464 .
1486 1404 1622 1474 passi
1649 1406 1828 1468 multa,
1858 1414 2034 1458 contu-

455 1493 615 1544 meliis
643 1491 830 1558 affecti,
860 1493 987 1546 sicut
1015 1493 1169 1554 scitis,
1201 1494 1250 1547 in
1284 1493 1557 1562 Philippis,
1585 1495 1826 1564 ﬁduciam
1854 1495 2006 1549 habui
2016 1527 2032 1536 -

455 1596 563 1632 mus
588 1581 639 1632 in
674 1579 779 1634 Deo
808 1591 1000 1635 nostro.
1034 1582 1192 1635 Vides
1221 1583 1485 1652 quomodo
1511 1598 1694 1637 rursus
1727 1593 1891 1638 totum
1924 1585 2032 1640 Deo

453 1672 731 1726 attribuit?
780 1674 860 1725 Ad
897 1674 1238 1744 loquendum,
1277 1675 1440 1743 inquit
1467 1716 1482 1740 ,
1514 1677 1582 1728 ad
1607 1692 1693 1729 ves
1717 1677 2030 1746 evangelium

455 1764 546 1816 Dei
571 1766 622 1817 in
652 1765 808 1818 multa
833 1765 1191 1819 sollicitudine.
1227 1767 1336 1820 Dici
1364 1782 1468 1820 non
1500 1776 1672 1836 potest
1698 1776 1896 1837 quanto
1924 1767 2030 1820 illic

453 1860 501 1909 in
535 1859 768 1926 periculo
796 1857 989 1912 fuimus
1010 1901 1024 1926 ,
1061 1860 1146 1913 bic
1175 1874 1301 1913 vero
1333 1875 1436 1913 non
1466 1878 1478 1913 :
1509 1860 1656 1913 scitis
1683 1860 1824 1914 enim
1855 1869 1902 1914 et
1935 1875 2030 1914 vos

449 1960 699 2016 quantum
735 1950 889 2005 fuerit
923 1952 1211 2020 periculum
1239 1995 1253 2018 ,
1285 1968 1404 2007 eum
1437 1961 1630 2022 quanta
1674 1952 2029 2008 sollicitudine

453 2043 707 2096 luerimus
736 2043 872 2112 apud
902 2058 1014 2096 vos.
1050 2044 1198 2109 Quod
1231 2045 1293 2097 ad
1323 2042 1626 2098 Corinthios
1654 2058 1864 2112 quoque
1893 2043 2027 2097 scri-

452 2134 582 2186 bens
609 2134 734 2186 dicit
763 2175 776 2196 ,
812 2133 874 2186 In
905 2135 1198 2202 inﬁrmitate
1225 2144 1269 2188 et
1297 2136 1464 2188 labore
1494 2144 1536 2187 et
1566 2136 1617 2186 in
1647 2135 1822 2188 timore
1847 2144 1894 2186 et
1925 2144 2026 2188 tre-

453 2242 587 2279 more
628 2225 783 2278 multo
812 2227 888 2296 fui
911 2227 1051 2293 apud
1079 2243 1162 2280 vos
1187 2227 1204 2296 (
1230 2227 1278 2280 l.
1308 2226 1485 2282 Cor.2.
1520 2225 1613 2297 5
1648 2227 1698 2280 5.
1733 2225 2028 2279 Exhortatio

451 2319 581 2370 enim
611 2328 778 2371 nostra
809 2335 908 2371 non
933 2319 996 2371 de
1019 2334 1204 2380 errore,
1236 2335 1393 2386 neque
1420 2319 1484 2371 de
1509 2318 1846 2382 innnumlitia,
1875 2333 2030 2381 neque

449 2411 500 2461 in
531 2410 681 2473 dolo;
709 2411 758 2462 4.
789 2409 877 2463 sed
901 2409 1028 2462 sicut
1059 2409 1252 2476 probati
1283 2425 1454 2462 sumus
1480 2426 1509 2460 a
1535 2407 1638 2462 Deo
1667 2418 1719 2460 ut
1746 2408 2028 2461 crederetur

448 2501 590 2554 nobis
621 2503 928 2570 evangelium
953 2543 965 2563 ,
1008 2502 1078 2553 ita
1120 2503 1372 2570 loquimur
1397 2543 1410 2560 ,
1445 2518 1541 2553 non
1573 2503 1716 2572 quasi
1744 2501 2028 2555 hominibus

447 2597 720 2664 placentes,
746 2595 834 2646 sed
859 2593 964 2648 Deo
985 2595 1068 2663 qui
1093 2597 1270 2664 probat
1291 2595 1444 2648 corda
1466 2605 1655 2648 nostra.
1681 2594 1840 2649 Vides
1860 2597 2021 2666 quod,

444 2687 582 2738 sicut
628 2685 732 2736 dixi
761 2725 776 2749 ,
817 2701 879 2738 ex
923 2700 1109 2739 eorum
1144 2687 1389 2739 instantia
1420 2688 1579 2739 sumit
1609 2696 1980 2757 argumentum
2005 2729 2022 2756 ,

445 2776 583 2845 quod
613 2775 785 2828 divina
815 2776 883 2828 sit
909 2775 1232 2843 praedicatio.
1265 2776 1392 2830 Nam
1420 2778 1463 2831 si
1495 2777 1594 2831 hoc
1620 2794 1722 2832 non
1747 2778 1816 2832 ita
1839 2789 1982 2833 esset
2006 2821 2020 2842 ,

446 2870 490 2921 si
523 2877 662 2921 esset
692 2867 953 2936 deceptio,
978 2881 1080 2920 non
1114 2877 1219 2920 tam
1251 2869 1414 2922 nntlta
1448 2868 1584 2937 passi
1618 2884 1858 2924 essemus
1885 2871 2026 2940 peri-

447 2959 563 3010 cula
591 2999 604 3019 ,
636 2973 752 3026 quae
784 2973 847 3010 ne
883 2957 1246 3011 concedebant
1287 2958 1501 3028 quidem
1532 2968 1588 3012 ut
1615 2962 2018 3030 reSpiraremus.

447 3051 708 3118 Quidnam
738 3059 818 3104 est
844 3051 1006 3120 ergo?
1031 3050 1084 3105 Si
1114 3066 1217 3104 non
1249 3050 1568 3114 futurorum,
1602 3053 1790 3122 inquit,
1823 3052 2020 3124 aliquid

449 3158 546 3197 nos
588 3143 881 3207 excitaret,
915 3143 958 3195 si
1007 3158 1109 3196 non
1155 3158 1466 3212 perSuasum
1509 3144 1663 3198 nobis
1699 3151 1842 3200 esset
1879 3144 2021 3214 quod

449 3235 584 3287 bona
625 3234 693 3288 sit
732 3247 893 3302 spes,
925 3248 1030 3287 non
1073 3234 1141 3287 ita
1183 3234 1430 3289 alacriter
1472 3236 1521 3288 in
1568 3238 1819 3291 aerumnis
1849 3237 2020 3291 alTecxi

447 3325 750 3378 fuissemus.
793 3324 922 3390 Quis
964 3324 1104 3378 enim
1146 3325 1366 3393 eligeret
1412 3340 1508 3394 pro
1539 3325 1602 3379 iis
1632 3342 1751 3396 qua:
1784 3327 1871 3380 hic
1900 3337 2024 3381 sunt

447 3427 552 3470 tam
582 3417 743 3470 multa
766 3415 1050 3480 sustinere,
1075 3425 1128 3470 et
1151 3416 1252 3468 vita
1276 3418 1454 3470 vivere
1475 3417 1698 3471 sollicita
1721 3426 1775 3470 ct
1796 3417 2024 3472 laborio-

446 3524 503 3562 sa
529 3518 582 3561 et
610 3507 762 3576 plena
783 3506 1068 3575 periculis?
1092 3507 1298 3559 cuinam
1323 3506 1460 3559 enim
1488 3507 1840 3575 persuaserint
1861 3508 2020 3562 ?nam

452 3597 564 3651 lucc
589 3597 701 3665 ipsa
724 3611 898 3650 annon
925 3595 1191 3650 sufﬁciunt
1212 3596 1275 3650 ad
1302 3597 1687 3666 perturbandos
1709 3596 2018 3667 discipulos,

450 3706 570 3743 tum
605 3699 954 3758 praeceptores
979 3690 1190 3744 videant
1219 3691 1268 3743 in
1299 3690 1584 3760 periculis?
1616 3691 1720 3745 Sed
1752 3692 1850 3746 hoc
1873 3693 2022 3747 vobis

452 3797 558 3834 non
586 3780 776 3834 accidit
803 3802 814 3835 :
846 3778 1139 3833 Exhortatio
1161 3783 1290 3835 enim
1314 3791 1505 3848 nostra,
1532 3781 1631 3836 hoc
1652 3792 1732 3834 cst
1754 3782 2017 3849 doctrina,

450 3889 551 3924 non
581 3881 652 3924 est
691 3872 754 3925 de
794 3887 981 3925 errore.
1014 3869 1126 3924 Non
1159 3879 1239 3925 est
1263 3912 1276 3936 ,
1314 3871 1518 3940 inquit,
1548 3889 1634 3926 res
1665 3873 1817 3926 dolus
1851 3888 2022 3943 neque

446 3963 714 4030 deccptio,
747 3974 799 4015 ut
825 3964 1078 4016 cedamus
1109 3979 1121 4014 :
1156 3976 1258 4015 non
1287 3971 1395 4028 cst,
1432 3978 1527 4030 pro
1559 3963 1715 4017 rebus
1741 3964 1941 4018 odiosis
1968 3974 2021 4019 et

444 4054 808 4119 exsccrandis,
843 4069 947 4106 non
977 4069 1071 4122 pro
1100 4054 1589 4124 priestigiatoribus,
1614 4064 1664 4109 et
1693 4056 1891 4124 magis;
1922 4057 2021 4111 hoc

442 4149 582 4202 enim
623 4149 722 4202 sibi
752 4148 857 4200 \ttlt
889 4147 1013 4200 illud
1041 4189 1054 4210 ,
1089 4146 1164 4201 De
1192 4148 1546 4210 inmwnditia;
1577 4163 1746 4218 neque
1777 4150 1826 4203 in
1856 4150 1978 4204 dolo
2002 4193 2016 4214 ,

444 4256 614 4308 neque
640 4239 948 4293 affectantes
977 4239 1274 4307 imperium,
1302 4238 1440 4308 quod
1469 4239 1590 4292 fecit
1613 4239 1888 4306 Theudas;
1917 4240 2021 4295 Sed

442 4333 570 4386 sicut
602 4331 796 4396 probati
822 4348 996 4385 sumus
1025 4347 1055 4383 a
1083 4330 1218 4394 Deo,
1250 4341 1304 4384 ut
1335 4333 1615 4385 crederetur
1643 4335 1782 4387 nobis
1811 4351 2020 4402 evange-

445 4426 590 4488 lium,
622 4425 690 4476 ita
721 4425 988 4492 loquimur,
1022 4440 1118 4476 non
1149 4425 1290 4492 quasi
1317 4424 1599 4477 hominibus
1630 4425 1900 4493 placentes,
1933 4427 2020 4479 sed

448 4515 575 4570 Deo.
613 4515 768 4569 Vides
793 4516 931 4585 quod
965 4531 1069 4569 non
1102 4516 1171 4568 sit
1205 4515 1378 4569 inanis
1406 4515 1612 4583 gloria?
1642 4515 1746 4569 Sed
1772 4514 1898 4578 Deo,
1934 4515 2016 4570 in-

445 4607 578 4674 quit,
609 4606 693 4675 qui
719 4606 892 4675 probat
917 4607 1072 4658 corda
1099 4615 1287 4658 nostra.
1319 4604 1481 4668 Nihil,
1514 4604 1700 4673 inquit,
1731 4605 1934 4674 agimus
1964 4614 2021 4660 ut

443 4695 748 4749 hominibus
794 4696 1097 4764 placeamus
1122 4714 1132 4748 :
1159 4710 1388 4763 q'tauam
1432 4695 1572 4748 enim
1609 4694 1675 4749 de
1715 4711 1871 4749 causa
1917 4697 2017 4752 hoc

443 4788 792 4842 fecissemus?
829 4785 1060 4846 Deinde,
1101 4801 1220 4839 cum
1265 4800 1407 4853 ipsos
1446 4784 1712 4840 latttlfs$ct
1749 4786 1977 4840 dicendo
2003 4831 2016 4853 ,

441 4879 557 4934 Non
605 4890 874 4948 tamquam
921 4878 1158 4932 volentes
1211 4877 1513 4930 hominibus
1566 4878 1813 4946 placere.
1846 4894 2018 4946 neque

440 4972 676 5025 honores
720 4978 1022 5039 quaerentes
1066 4969 1132 5020 ab
1183 4966 1516 5031 hominibus;
1568 4967 1878 5037 subiungit:
1914 4968 2019 5023 Sed

437 5047 569 5117 sicut
598 5063 794 5131 probati
820 5077 993 5114 sumus
1019 5077 1049 5112 α
1084 5059 1185 5112 Deo
1209 5101 1221 5121 ,
1257 5070 1307 5111 ut
1333 5060 1612 5112 crederetur
1639 5061 1777 5113 nobis
1805 5078 2016 5131 evange-

436 5156 567 5207 lium
595 5151 713 5204 Dei.
747 5153 822 5205 Ac
853 5153 896 5204 si
925 5151 1158 5208 diceret.
1189 5150 1294 5202 Nisi
1344 5165 1438 5204 nos
1469 5151 1699 5204 novisset
1730 5151 1921 5204 liberos
1953 5151 2018 5205 ab

436 5244 584 5298 omni
615 5259 672 5297 re
699 5259 818 5312 qua:
849 5241 912 5294 ad
943 5241 1078 5294 hanc
1107 5241 1264 5292 vitam
1297 5241 1543 5308 pertinet,
1575 5258 1679 5295 non
1704 5258 1798 5295 nos
1823 5241 2015 5308 elegis-

435 5343 525 5388 set
555 5352 566 5385 :
598 5335 781 5403 quales
823 5348 953 5402 ergo
994 5332 1273 5400 probavit,
1317 5331 1446 5385 tales
1491 5347 1784 5385 manemus.
1827 5334 1868 5385 Λ
1916 5333 2018 5385 Deo

439 5423 640 5484 probati
665 5439 853 5482 sumus.
883 5423 1086 5491 inquit;
1114 5420 1164 5474 id
1192 5429 1292 5483 est,
1319 5435 1413 5474 n03
1443 5421 1702 5489 probavit,
1727 5432 1776 5474 ct
1797 5424 2022 5477 credidit

439 5514 597 5568 nobis
623 5513 958 5582 evangelium
985 5530 996 5564 :
1020 5523 1071 5565 ut
1098 5526 1227 5580 ergo
1259 5512 1364 5564 Deo
1392 5526 1487 5563 nos
1521 5512 1667 5579 probi
1693 5513 1786 5564 visi
1814 5529 2016 5578 sumus,

436 5609 522 5661 sic
546 5621 845 5660 manemus.
872 5605 1078 5658 Nostra:
1098 5605 1308 5657 virtutis
1329 5604 1534 5672 signum
1563 5611 1643 5655 cst
1666 5612 1716 5656 ct
1737 5618 2021 5672 argumen-

440 5709 554 5750 tum
584 5737 596 5761 ,
631 5696 771 5766 quod
817 5695 968 5748 nobis
1010 5695 1078 5747 sit
1119 5694 1378 5748 creditum
1411 5693 1739 5761 evangelium
1781 5711 1794 5747 :
1823 5696 1866 5748 si
1899 5697 2022 5765 quid

1317 273 1384 330 ΙΝ
1422 271 1640 330 EPIST.
1682 273 1701 328 1
1761 275 1852 330 Αἰ)
1892 269 2224 335 TllESSAL.
2265 281 2417 340 CAP.
2461 285 2523 344 Il.
2567 288 2799 348 HOMIL.
2841 292 2908 348 11.

3624 301 3729 357 409.

2145 395 2341 451 malum
2387 399 2570 475 fuisset
2611 404 2664 457 in
2709 405 2862 458 nobis
2887 447 2901 470 ,
2937 405 3074 460 Deus
3104 423 3202 463 nos
3229 424 3333 463 non
3365 411 3725 480 probavisset.

2145 485 2279 541 Illud
2306 502 2516 559 autem,
2546 493 2825 561 Probavit,
2857 496 2944 552 hic
2972 499 3263 567 significat,
3295 500 3497 556 Invenit
3531 505 3727 572 probos

2143 585 2196 664 et
2217 579 2441 635 credidit
2461 599 2475 646 ;
2499 598 2627 648 non,
2647 583 2925 642 Scrutatus
2945 599 3025 643 est
3045 607 3058 643 :
3077 604 3174 644 nos
3189 593 3330 645 enim
3353 593 3430 647 sic
3452 596 3726 662 probando

2142 671 2367 739 agimus,
2401 674 2488 726 ille
2517 676 2634 729 sine
2666 678 2754 730 tali
2788 679 3120 746 probatione.
3153 682 3244 738 Sic
3275 699 3403 753 ergo
3433 685 3721 756 loquimur,

2143 770 2199 813 ut
2232 777 2326 830 par
2351 773 2432 818 est
2457 780 2552 820 eos
2577 767 2664 835 qui
2697 783 2737 826 τι
2762 769 2869 824 Deo
2899 782 3020 824 sunt
3053 775 3278 842 probati,
3307 785 3360 829 et
3385 778 3572 832 crediti
3600 789 3723 834 sunt

2141 866 2260 907 esse
2289 853 2433 924 digni
2464 858 2742 928 evangelio
2773 878 2786 914 :
2816 872 2864 915 et
2888 902 2903 928 ,
2936 861 3236 934 Loquimur,
3267 885 3367 922 non
3390 872 3535 940 quasi
3558 871 3724 924 homi-

2140 943 2285 996 nibus
2309 946 2600 1014 placentes;
2628 949 2728 1004 hoc
2754 959 2835 1005 est
2852 993 2866 1016 ,
2903 967 3008 1006 non
3038 965 3256 1025 propter
3281 973 3376 1012 vos
3404 959 3519 1014 hrce
3543 962 3720 1015 omnia

2140 1031 2379 1090 fecimus.
2411 1035 2672 1104 Quoniam
2701 1041 2848 1110 prius
2876 1043 3019 1112 ipsos
3047 1045 3302 1111 laudavit,
3333 1063 3400 1105 ne
3426 1050 3564 1117 quod
3592 1051 3723 1104 dicit

2138 1138 2353 1180 vocaret
2381 1126 2432 1180 in
2459 1131 2838 1200 suspicionem,
2869 1135 2943 1188 ait
2967 1152 2980 1188 :
3009 1135 3058 1190 5.
3095 1135 3270 1207 Neque
3292 1139 3423 1191 enim
3447 1143 3721 1212 aliquando

2138 1217 2328 1286 fuimus
2365 1221 2418 1273 in
2458 1237 2687 1278 sermone
2724 1226 3032 1280 adulationis
3054 1268 3068 1293 ,
3099 1228 3228 1281 sicut
3266 1231 3458 1292 nostis;
3483 1248 3640 1301 neque
3666 1235 3719 1286 in

2135 1310 2398 1365 occasione
2421 1315 2650 1368 avaritia:
2673 1332 2692 1370 :
2715 1315 2853 1371 Deus
2880 1319 3017 1372 testis
3043 1328 3116 1371 est
3139 1335 3157 1372 :
3180 1319 3232 1373 6.
3262 1337 3418 1389 neque
3441 1334 3720 1391 qmerentes

2135 1397 2197 1450 ab
2225 1398 2511 1456 hominibus
2553 1407 2766 1474 gloriam
2791 1447 2806 1469 ,
2838 1423 2998 1476 neque
3025 1423 3056 1460 a
3081 1407 3217 1460 vobis
3237 1449 3250 1469 ,
3285 1426 3442 1478 neque
3467 1410 3531 1464 ab
3559 1413 3675 1464 aliis
3698 1454 3715 1478 ,

2133 1504 2247 1542 cum
2275 1507 2534 1561 possemus
2561 1511 2666 1549 csse
2687 1498 2828 1550 oneri
2850 1507 3105 1564 tamquam
3133 1497 3318 1551 Christi
3341 1502 3575 1568 apostoli.
3612 1500 3719 1554 Ne-

2132 1596 2230 1651 que
2251 1583 2383 1636 enim
2410 1585 2684 1654 aliquando
2711 1588 2896 1656 fuimus
2927 1590 2977 1641 in
3003 1606 3232 1643 sermone
3259 1591 3595 1655 adulationis,
3631 1593 3716 1646 iu-

2132 1672 2284 1740 quit:
2311 1673 2411 1730 hoc
2439 1683 2522 1728 est
2543 1718 2556 1739 ,
2587 1676 2703 1730 Non
2731 1678 2930 1732 adulati
2962 1694 3145 1733 sumus
3169 1721 3183 1738 .
3215 1681 3355 1750 quod
3386 1681 3598 1751 quidem
3633 1694 3717 1736 est

2131 1777 2316 1818 eorum
2347 1766 2434 1834 qui
2473 1766 2747 1836 decipiunt
2769 1809 2784 1832 ,
2818 1770 2906 1838 qni
2936 1771 3118 1824 volunt
3165 1773 3439 1840 possidere
3465 1781 3518 1828 et
3542 1773 3714 1827 domi-

2132 1864 2313 1910 natum
2355 1857 2616 1912 oblinerc.
2661 1859 2773 1913 Non
2817 1871 2990 1930 potest
3015 1863 3116 1918 dici
3145 1864 3282 1933 quod
3315 1865 3512 1918 adulati
3545 1867 3712 1920 simus

2131 1957 2188 2002 ut
2215 1949 2546 2005 dominatum
2573 1952 2922 2016 obtineamus,
2947 1971 3120 2024 neque
3140 1955 3279 2026 quod
3309 1967 3525 2027 propter
3550 1973 3708 2028 pecu-

2129 2043 2270 2096 niam
2302 2057 2368 2096 eo
2396 2045 2720 2099 venerimus.
2753 2045 2920 2115 Hujus
2948 2049 3045 2113 rei,
3074 2063 3203 2102 sane
3233 2049 3514 2112 cviclcntis,
3547 2059 3709 2104 testes

2130 2137 2274 2206 ipsos
2300 2139 2582 2208 compellat
2606 2157 2619 2192 :
2644 2140 2724 2193 An
2754 2139 2951 2194 adulati
2977 2141 3164 2205 simus,
3193 2154 3284 2195 vos
3312 2141 3478 2207 scitis,
3505 2142 3705 2211 inquit:

2128 2229 2269 2298 quod
2302 2239 2480 2282 autem
2511 2247 2616 2284 non
2644 2239 2757 2286 erat
2787 2232 3004 2286 evidens
3028 2273 3043 2294 ,
3074 2248 3139 2286 an
3174 2247 3267 2301 per
3291 2233 3506 2287 modum
3537 2235 3710 2287 avari-

2129 2319 2236 2383 tim,
2263 2321 2424 2374 Deum
2453 2321 2576 2374 citat
2605 2331 2811 2376 testem.
2840 2321 3018 2389 Neque
3039 2333 3316 2391 qntcrentes
3340 2323 3400 2376 ab
3427 2325 3708 2378 hominibus

2126 2411 2375 2480 gloriam,
2405 2427 2561 2480 neque
2584 2427 2616 2463 a
2651 2413 2816 2474 vobis,
2847 2428 3005 2482 neque
3033 2415 3094 2466 ab
3119 2414 3274 2476 aliis;
3305 2430 3416 2466 cum
3451 2431 3708 2483 possemus

2127 2517 2233 2555 esse
2259 2503 2401 2555 oneri
2423 2542 2438 2567 ,
2468 2511 2721 2570 tamquam
2749 2501 2934 2557 Christi
2960 2505 3196 2574 apostoli.
3248 2505 3358 2558 lloc
3382 2514 3463 2558 est
3486 2545 3500 2566 ,
3534 2519 3706 2572 neque

2127 2591 2358 2648 honores
2379 2603 2700 2664 quaerentes,
2725 2609 2900 2664 neque
2919 2595 3206 2664 gloriantes
3226 2604 3279 2649 et
3301 2609 3398 2647 nos
3419 2594 3700 2663 iactantes,

2121 2699 2226 2739 nec
2249 2685 2426 2754 stipati
2453 2686 2788 2740 satellitibus.
2815 2687 3145 2756 Quamquam
3171 2685 3215 2740 si
3242 2687 3342 2740 hoc
3367 2685 3704 2749 fecissemus,

2127 2776 2256 2830 nihil
2304 2775 2615 2832 fecissemus
2659 2777 2890 2832 alicnmn
2926 2795 2939 2832 :
2971 2792 3091 2831 nam
3141 2777 3184 2831 si
3223 2777 3440 2848 quidam
3485 2779 3630 2833 missi
3675 2794 3704 2832 a

2125 2867 2337 2934 regibus
2361 2909 2376 2933 ,
2407 2876 2531 2922 sunt
2575 2877 2749 2922 tamen
2793 2868 2844 2921 in
2888 2866 3127 2932 honore,
3165 2868 3331 2923 multo
3371 2870 3540 2938 magis
3583 2884 3701 2925 nos.

2123 2958 2310 3027 Neque
2339 2959 2502 3021 dixit,
2537 2959 2869 3014 Contumelia
2900 2959 3074 3013 aﬂ'ecti
3101 2974 3319 3022 sumus.
3352 2975 3523 3030 neque
3544 3001 3558 3025 ,
3591 2961 3704 3015 llo-

2125 3067 2308 3107 norem
2351 3066 2453 3104 non
2493 3067 2679 3104 sumus
2715 3051 3067 3120 consequuti,
3099 3050 3240 3120 quod
3270 3051 3482 3120 quidem
3513 3067 3704 3120 expro-

2124 3141 2327 3196 brantis
2367 3140 2584 3206 fuisset;
2615 3140 2705 3194 scd
2729 3183 2743 3205 ,
2777 3140 2888 3193 Non
2919 3141 3280 3208 qua-sivtmus.
3311 3141 3411 3207 Qui
3439 3156 3566 3211 ergo
3597 3156 3700 3194 non

2123 3233 2486 3302 quaesivimus,
2516 3246 2634 3285 cum
2668 3232 2852 3285 liceret
2876 3245 3138 3298 quaerere,
3173 3230 3273 3285 hoc
3297 3231 3456 3284 etiam
3487 3231 3705 3301 exigen-

2125 3334 2177 3380 te
2203 3323 2598 3393 prmdicatione,
2625 3321 2894 3391 quomodo
2923 3322 3233 3376 fecissemus
3257 3321 3455 3392 aliquid
3487 3331 3702 3391 pr0pter

2122 3417 2382 3486 gloriam?
2425 3416 2756 3484 Quamquam
2797 3415 3004 3468 etiamsi
3034 3414 3462 3484 qumsivissemus
3488 3457 3502 3477 ,
3534 3433 3600 3471 ne
3625 3418 3700 3471 sic

2123 3505 2335 3576 quidem
2366 3518 2606 3560 essemus
2631 3504 2947 3558 accusandi:
2971 3520 3178 3575 a-quum
3206 3515 3347 3560 esset
3369 3507 3510 3559 enim
3534 3507 3698 3576 utqui

2122 3612 2152 3651 a
2183 3597 2290 3651 Deo
2317 3596 2464 3650 misai
2493 3605 2615 3649 sunt
2642 3595 2707 3649 ad
2739 3595 3021 3663 homines,
3051 3606 3316 3666 tamquam
3343 3612 3371 3650 a
3400 3596 3532 3651 ett-lo
3561 3613 3701 3650 nunc

2123 3689 2397 3744 venientes
2439 3688 2592 3758 legati
2619 3730 2634 3756 ,
2665 3703 2856 3758 magno
2886 3687 3188 3744 fruerentur
3224 3688 3449 3744 honore.
3481 3689 3584 3744 Sed
3618 3689 3701 3743 bis

2124 3782 2377 3852 neglectis
2422 3795 2519 3834 nos
2566 3783 2754 3835 borum
2795 3781 2926 3836 nihil
2972 3780 3231 3849 fecimus,
3263 3790 3322 3836 ut
3361 3781 3700 3837 obstruamus

2123 3889 2216 3928 ora
2242 3873 2688 3928 adversariorum.

2194 3967 2246 4020 5.
2289 3965 2470 4034 Neque
2513 3964 2616 4018 dici
2660 3971 2836 4032 potest
2875 3963 3015 4032 quod
3054 3979 3175 4034 erga
3207 3979 3302 4018 vos
3337 3965 3549 4034 quidem
3582 3966 3658 4019 sic
3682 4006 3696 4026 ,

2123 4073 2246 4125 erga
2287 4058 2419 4111 alios
2451 4065 2627 4109 autem
2666 4069 2769 4107 non
2805 4056 2882 4107 sic
2911 4068 3008 4108 nos
3035 4069 3283 4123 geramus
3313 4073 3325 4108 :
3356 4056 3428 4109 ita
3459 4060 3600 4111 enim
3632 4057 3697 4109 :ul

2123 4148 2424 4203 Corinthios
2451 4161 2660 4216 quoque
2686 4145 2926 4199 scribens
2951 4145 3160 4199 dicebat
3186 4162 3199 4198 :
3224 4145 3496 4200 Sustine-tis
3524 4147 3654 4200 enim
3679 4189 3695 4209 ,

2121 4241 2166 4294 si
2189 4241 2300 4310 quis
2327 4256 2412 4292 vos
2439 4240 2490 4292 in
2517 4239 2799 4291 servitutem
2825 4236 3034 4306 redigit,
3057 4237 3101 4288 si
3127 4238 3238 4305 quis
3263 4239 3494 4299 devorat,
3519 4239 3562 4292 si
3587 4240 3699 4307 quis

2122 4333 2340 4399 accipit,
2379 4331 2423 4383 si
2459 4331 2569 4400 quis
2599 4331 2854 4383 extollitur
2876 4371 2890 4393 ,
2935 4330 2978 4381 si
3004 4330 3112 4392 quis
3142 4329 3192 4381 in
3223 4330 3402 4398 faciem
3437 4345 3523 4382 vos
3551 4331 3698 4382 caedit

2124 4423 2143 4494 (
2166 4422 2218 4475 2.
2249 4421 2367 4474 Cor.
2399 4421 2483 4474 il.
2511 4419 2581 4472 20
2602 4421 2655 4489 );
2690 4429 2743 4474 et
2772 4434 2956 4473 rursus
2979 4459 2993 4484 ,
3028 4417 3305 4472 Pra'sentia
3333 4435 3448 4472 vero
3475 4421 3699 4486 corporis

2123 4513 2356 4582 inﬁrma,
2388 4528 2549 4566 sermo
2580 4511 2962 4580 contemptibilis
2985 4527 3002 4564 :
3028 4518 3081 4564 et
3107 4525 3286 4564 rursus
3305 4551 3320 4575 ,
3355 4509 3549 4563 Donate
3577 4513 3699 4564 mihi

2124 4607 2254 4658 hanc
2279 4605 2516 4673 injuriam
2541 4603 2559 4673 (
2588 4602 2720 4656 Ibid.
2752 4602 2840 4658 10.
2875 4603 2962 4656 10.
2991 4612 3036 4656 et
3070 4602 3154 4657 12.
3191 4603 3256 4656 15
3278 4603 3318 4671 ).
3348 4601 3457 4656 lllic
3488 4618 3697 4672 quoque

2124 4695 2355 4750 ostendit
2381 4709 2438 4749 se
2463 4694 2616 4748 valde
2637 4707 2756 4748 esse
2781 4692 3058 4756 humilem.
3086 4708 3150 4747 ex
3176 4707 3240 4747 eo
3262 4693 3400 4763 quod
3428 4703 3530 4746 tam
3558 4695 3694 4746 mnl.

2125 4786 2571 4842 ta.(onculcaret.
2620 4785 2714 4839 llic
2754 4795 2928 4838 autem
2970 4785 3100 4839 dicit
3131 4787 3287 4840 etiam
3316 4784 3382 4838 de
3414 4785 3651 4854 pecuniis
3680 4802 3696 4840 :

2124 4879 2251 4933 Cum
2300 4896 2554 4948 possemus
2599 4879 2733 4932 vobis
2771 4894 2877 4931 esse
2905 4878 3045 4930 oneri
3083 4885 3136 4929 ut
3163 4877 3350 4929 Christi
3379 4877 3610 4946 apostoli.
3643 4879 3695 4932 7.

2127 4972 2230 5026 Sed
2256 4973 2377 5041 [acti
2407 4987 2579 5024 sunms
2608 4968 2804 5039 parvuli
2831 4969 2881 5020 in
2912 4968 3073 5020 medio
3101 4977 3312 5020 vestrum
3336 4983 3354 5020 .°
3375 4980 3626 5037 tamquam
3657 4970 3700 5021 si

2125 5063 2299 5115 nutrix
2329 5067 2489 5132 foveat
2520 5063 2652 5126 ﬁlios
2678 5077 2816 5123 suos,
2845 5059 2898 5113 8.
2928 5059 2998 5110 ita
3026 5059 3362 5112 desiderantes
3390 5075 3492 5119 vos.
3517 5063 3701 5128 cupide

2125 5153 2409 5208 volebamus
2437 5153 2634 5205 tradere
2658 5151 2811 5210 vobis.
2839 5166 2936 5201 non
2956 5151 3117 5202 solum
3144 5148 3452 5218 evangelium
3480 5150 3588 5212 Dei,
3613 5151 3700 5204 sed

2129 5247 2274 5297 etiam
2318 5244 2513 5294 animas
2557 5251 2755 5292 nostras
2797 5239 3075 5307 :quoniam
3115 5239 3361 5292 carissimi
3399 5240 3540 5294 nobis
3580 5241 3703 5310 facti

2125 5335 2260 5386 estis.
2297 5331 2401 5385 Sed
2433 5331 2554 5400 {arri
2589 5345 2760 5382 sumus
2785 5369 2798 5391 ,
2833 5329 3035 5396 inquit,
3066 5329 3263 5397 parvuli
3291 5344 3309 5382 :
3336 5329 3385 5383 id
3413 5339 3492 5383 est
3515 5370 3528 5394 ,
3558 5330 3699 5384 Nihil

2128 5424 2486 5492 importumnn
2513 5461 2528 5484 ,
2562 5418 2690 5472 nihil
2723 5419 3002 5472 molestum
3037 5434 3134 5472 nec
3169 5435 3326 5487 grave
3354 5436 3526 5488 neque
3556 5419 3695 5488 quod

2130 5515 2318 5567 fastum
2347 5512 2536 5564 habent
2559 5510 2906 5564 ostendimus.
2942 5511 3071 5563 Illud
3098 5521 3275 5564 autem
3297 5552 3312 5576 ,
3341 5511 3406 5564 1η
3432 5511 3593 5563 medio
3621 5528 3698 5564 re-

2127 5615 2305 5664 strmn,
2336 5605 2436 5657 tale
2462 5613 2574 5668 est,
2610 5611 2665 5655 ut
2692 5601 2734 5654 si
2765 5601 2881 5671 quis
2909 5603 3081 5666 dicat,
3111 5601 3224 5655 Non
3250 5616 3313 5655 ex
3348 5601 3494 5655 vobis
3527 5601 3696 5654 lorum

2129 5706 2181 5749 et
2211 5703 2406 5750 sortem
2440 5693 2766 5763 superiorem
2799 5702 2849 5747 ct
2880 5692 3286 5748 eminentiorem
3318 5693 3660 5762 accipientes.
