4010 6142
371 291 475 346 ιο5

440 402 675 458 nectaris
700 401 934 472 oﬁeium.
963 428 1033 440 -
1060 397 1337 468 Tamquam
1363 398 1407 452 si
1432 395 1608 450 nutria;
1633 396 1794 465 foveat
1815 433 1830 457 ,
1863 392 1948 446 in-

367 495 516 564 quit,
543 494 677 562 ﬁlios
704 507 843 546 suos.
873 489 947 544 lta
977 495 1192 559 oportet
1217 487 1655 543 esse'doctorem.
1682 483 1818 539 Num
1850 497 1949 536 nu-

372 585 476 639 trix
501 583 746 638 adulatur
771 591 823 636 ut
847 581 1073 650 gloriam
1099 577 1492 648 consequatur?
1517 592 1640 631 num
1666 573 1946 645 pecuniam

374 674 503 741 petit
527 687 557 727 a
583 673 760 742 parvis
785 669 1001 740 pueris?
1026 684 1153 724 num
1180 677 1263 724 est
1288 669 1392 723 illis
1411 667 1585 737 gravis
1605 673 1660 720 et
1685 663 1947 719 molesta?

371 779 546 818 annon
573 762 674 817 illa:
695 773 818 818 sunt
837 761 1176 832 benigniores
1197 771 1254 816 et
1274 760 1513 815 mitiores
1530 774 1686 829 quam
1711 756 1948 812 matres?

375 857 469 911 llic
515 855 747 910 ostendit
790 867 1026 908 amorem
1065 861 1120 908 et
1161 851 1604 906 benevolentiam.
1635 847 1720 901 Ita
1748 847 1947 901 deside-

371 958 537 1002 rantes
563 963 685 1013 vos,
716 946 889 1017 inquit
919 964 935 1002 :
962 948 1033 1000 ita
1063 946 1214 1000 vobis
1243 944 1473 999 devincti
1505 957 1688 996 sumus
1709 980 1726 1004 ,
1757 951 1812 995 et
1839 953 1947 994 non

367 1041 543 1096 solum
581 1042 714 1097 nihil
754 1040 1043 1108 accipimus
1066 1081 1080 1103 ,
1113 1038 1208 1094 sed
1249 1039 1292 1093 si
1333 1044 1577 1106 oporteat
1615 1033 1775 1090 etiam
1807 1033 1950 1102 ipsas

371 1131 631 1200 impertiri
656 1131 883 1196 animas_
911 1146 1015 1184 non
1049 1127 1432 1183 recusabimus.
1462 1124 1697 1181 Hoccinc
1719 1119 1952 1187 est,dic,

366 1237 553 1290 quiusa
578 1262 592 1286 ,
623 1220 868 1275 humana:
894 1220 1125 1275 mentis?
1155 1228 1209 1273 et
1237 1219 1354 1288 quis
1382 1216 1516 1271 adeo
1543 1213 1738 1283 desipit
1767 1220 1823 1266 ut
1848 1211 1950 1265 hoc

369 1313 555 1366 dicat?
608 1311 800 1382 Cupide
844 1312 1128 1365 volebamus
1175 1310 1374 1363 tradere
1418 1308 1596 1372 vobis,
1641 1322 1743 1359 non
1784 1303 1950 1357 solum

369 1403 680 1470 evangelium
703 1401 818 1466 Dei,
846 1403 936 1456 sed
957 1403 1106 1456 etiam
1127 1402 1323 1455 animus
1348 1411 1564 1454 nostras.
1591 1395 1948 1464 Quamobrem

373 1492 474 1546 hoc
524 1502 605 1547 est
659 1493 751 1546 illo
791 1493 982 1560 majus.
1033 1494 1100 1546 Et
1146 1491 1410 1562 quodnam
1451 1497 1532 1545 est
1577 1484 1827 1541 lucrum?
1873 1484 1950 1538 Ex

370 1584 646 1653 evangelio
670 1583 882 1654 quidem
909 1585 1144 1649 lucrum;
1174 1583 1300 1637 dare
1322 1590 1499 1636 autem
1525 1579 1780 1642 animam,
1806 1573 1948 1645 quod

372 1674 439 1728 ad
467 1673 827 1729 difficultatem
855 1675 1060 1738 attinet,
1087 1683 1169 1727 est
1187 1672 1281 1727 illo
1306 1672 1494 1741 majus.
1517 1670 1632 1724 Non
1660 1678 1782 1722 sunt
1805 1665 1948 1721 enim

375 1765 519 1832 paria
566 1764 854 1832 prmdicare
884 1773 937 1818 et
964 1763 1090 1818 dare
1119 1763 1350 1817 animam
1381 1779 1396 1816 :
1425 1777 1546 1817 nam
1577 1761 1702 1815 illud
1736 1760 1950 1830 quidem

369 1865 455 1910 est
481 1855 880 1922 honorabilius,
913 1853 1012 1911 ltoc
1039 1865 1216 1910 autem
1247 1863 1329 1910 est
1359 1853 1574 1924 majoris
1599 1851 1949 1907 difficultatis.

375 1948 641 2004 Vellcmus
665 1989 680 2012 ,
713 1948 920 2018 inquit,
949 1949 993 2005 si
1021 1950 1245 2012 liceret,
1274 1948 1435 2003 etiam
1461 1948 1666 2000 animas
1693 1946 1842 2001 vobis
1865 1945 1951 1999 ef-

372 2039 618 2096 fundere.
646 2040 905 2108 Quoniam
933 2057 1062 2111 ergo
1090 2040 1321 2094 laudavit
1349 2050 1402 2094 et
1431 2039 1635 2100 laudat,
1667 2047 1948 2106 propterea

372 2131 560 2201 inquit,
588 2131 702 2187 Non
728 2133 981 2204 pecunias
1001 2143 1323 2202 quaerentes,
1347 2147 1452 2186 non
1476 2131 1626 2184 vobis
1647 2129 1946 2194 adulantes,

374 2239 478 2277 non
507 2224 730 2295 gloriam
763 2232 1072 2295 appetentes
1112 2223 1214 2278 hoc
1251 2222 1494 2278 facimus.
1521 2221 1656 2276 Vide
1684 2221 1829 2275 enim
1859 2237 1873 2273 :
1905 2219 1950 2273 si

373 2315 537 2370 multa
579 2315 924 2371 coniecerant
957 2314 1249 2370 certamina
1273 2353 1290 2378 ,
1318 2323 1372 2368 ct
1411 2313 1649 2382 impense
1673 2310 1954 2380 oportebat

371 2419 469 2459 eos
511 2403 716 2458 laudari
755 2413 812 2458 et
852 2403 1038 2459 haberi
1081 2403 1132 2456 in
1176 2401 1564 2465 admiratione,
1607 2408 1666 2456 ut
1701 2399 1953 2454 fortiores

376 2494 685 2561 evaderent,
711 2493 939 2550 habebat
964 2497 1080 2550 laus
1100 2495 1478 2564 suspicionem.
1505 2493 1812 2563 Propterea,
1837 2492 1953 2548 lucc

371 2585 554 2640 omnia
588 2585 738 2650 dicit,
771 2600 1026 2640 amovens
1054 2585 1431 2655 suspicionem,
1453 2585 1581 2638 dicit
1613 2583 1866 2652 pericula.
1889 2584 1953 2636 Et

375 2689 583 2741 rursus,
605 2691 672 2730 ne
694 2684 908 2744 putetur
935 2676 1165 2744 pericula
1190 2676 1389 2740 dicere,
1417 2686 1680 2744 tamquam
1703 2690 1798 2745 pro
1825 2674 1952 2744 ipsis

378 2765 648 2829 laborans,
679 2775 736 2820 et
763 2774 1028 2835 tamquam
1053 2765 1121 2819 ab
1146 2765 1274 2834 ipsis
1297 2765 1500 2821 debeas
1525 2765 1806 2830 honorari;
1835 2765 1954 2820 ideo

376 2865 656 2924 postquam
690 2856 919 2925 pericula
961 2855 1274 2910 memoravit
1297 2897 1311 2920 ,
1335 2855 1606 2924 subjunxit
1643 2871 1660 2911 :
1702 2853 1953 2919 Quoniam

374 2945 622 2999 carissimi
666 2946 806 3002 nobis
830 2948 952 3019 [acti
972 2948 1125 3012 estis;
1153 2954 1312 3016 atque
1338 2946 1458 3002 ideo
1498 2947 1703 3002 animas
1745 2954 1954 3000 nostras

376 3036 624 3091 lubenter
643 3037 792 3092 vobis
819 3037 1169 3102 dedissemus,
1195 3053 1262 3092 eo
1282 3037 1422 3106 quod
1442 3036 1593 3091 vobis
1613 3035 1766 3090 valde
1787 3036 1954 3091 simus

376 3128 630 3183 devincti.
675 3131 848 3199 Atque
880 3129 1212 3198 evangelium
1243 3127 1456 3199 quidem
1481 3167 1497 3192 ,
1528 3126 1781 3198 quoniam
1811 3125 1952 3181 Deus

372 3221 553 3290 jussit,
578 3220 991 3285 annuntiamus;
1025 3229 1227 3274 tantum
1254 3227 1431 3274 autem
1457 3233 1552 3272 vos
1577 3218 1866 3288 diligimus,
1897 3227 1954 3271 ut

378 3315 421 3368 si
453 3316 654 3376 liceret,
685 3315 844 3368 etiam
871 3312 1078 3366 animas
1103 3311 1455 3366 dedissemus.
1483 3310 1572 3366 Sic
1597 3319 1810 3379 oportet
1833 3308 1954 3363 dili-

375 3414 588 3474 gentem
618 3404 836 3474 diligere
858 3444 874 3470 ,
911 3413 967 3456 ut
998 3403 1040 3457 si
1071 3401 1140 3456 ab
1169 3416 1234 3455 eo
1265 3409 1473 3471 petatur
1500 3399 1674 3453 anima
1699 3439 1714 3466 ,
1747 3407 1802 3454 et
1838 3399 1950 3452 fieri

379 3499 546 3566 possit
567 3536 582 3559 ,
617 3512 721 3550 non
752 3506 912 3552 vetet.
945 3496 1057 3550 Non
1088 3495 1208 3550 dico
1233 3535 1248 3560 ,
1289 3494 1333 3548 si
1378 3503 1586 3563 petatur
1627 3491 1799 3546 solum
1847 3491 1953 3544 imo

379 3602 508 3642 vero
531 3595 590 3640 ut
611 3587 724 3656 ipse
746 3586 810 3640 ad
840 3586 941 3640 hoc
953 3585 1151 3639 donum
1177 3593 1440 3638 accurrat.
1464 3582 1603 3637 Nihil
1629 3584 1793 3648 enim,
1823 3581 1950 3634 nihil

380 3677 680 3746 huiusmodi
726 3691 909 3730 amore
949 3675 1106 3729 fuerit
1140 3674 1458 3743 jucundius,
1490 3674 1618 3727 nihil
1652 3674 1757 3727 illic
1784 3673 1953 3728 conti-

377 3768 516 3836 gerit
553 3764 855 3819 molestum.
892 3763 1088 3818 Fidelis
1125 3764 1327 3816 amicus
1353 3777 1537 3816 revera
1569 3773 1649 3817 est
1685 3763 1806 3817 vitae
1843 3778 1955 3817 me-

379 3858 738 3912 dicamentum
773 3872 786 3908 :
817 3854 989 3910 ﬁdelis
1029 3854 1230 3908 amicus
1273 3861 1356 3910 est
1401 3853 1629 3907 validum
1680 3862 1955 3923 tegumen-

345 3997 353 4006 .
385 3959 516 4002 tum.

455 4040 583 4107 Quis
600 4040 664 4094 sit
681 4055 827 4093 verus
844 4038 1056 4093 amicus.
1076 4035 1376 4092 Christiana:
1395 4035 1629 4089 amicitia:
1646 4035 1951 4105 exemplum.

382 4161 451 4172 --
475 4130 610 4200 Quid
639 4131 780 4185 enim
808 4145 913 4185 non
943 4127 1127 4185 fecerit
1153 4142 1309 4184 verus
1335 4137 1388 4182 et
1411 4141 1695 4198 germanus
1719 4127 1954 4181 amicus?

378 4238 538 4294 quam
564 4236 668 4276 n0u
692 4221 925 4277 attulerit
946 4219 1308 4290 voluptatem?
1327 4234 1484 4290 quam
1509 4233 1613 4272 non
1639 4218 1955 4273 utilitatem?

381 4329 540 4384 quam
589 4329 694 4368 non
743 4311 1120 4368 securitatem?
1169 4309 1388 4364 Etiamsi
1437 4309 1716 4364 thesauros
1757 4307 1956 4363 dixeris

385 4403 796 4459 innumerabiles
820 4443 836 4465 ,
868 4401 996 4456 nihil
1040 4414 1169 4454 vero
1205 4408 1259 4452 et
1299 4413 1554 4468 germano
1581 4399 1754 4452 amico
1787 4407 1957 4467 potest

381 4497 720 4568 mquiparari.
767 4495 1003 4550 Primum
1047 4501 1222 4547 autem
1253 4492 1496 4547 dicamus
1520 4501 1771 4560 quantam
1801 4492 1952 4546 volu-

383 4598 582 4658 ptatem
623 4585 785 4640 habet
811 4583 1042 4638 amicitia
1072 4601 1086 4637 :
1114 4584 1273 4651 gestit
1297 4582 1490 4651 gaudio
1519 4583 1748 4637 amicum
1771 4581 1956 4636 videns

382 4690 439 4735 et
477 4677 792 4734 diffunditur
821 4691 835 4727 :
863 4687 985 4727 cum
1015 4687 1081 4726 eo
1107 4671 1445 4742 conjungitur
1471 4671 1698 4742 quadam
1729 4672 1954 4742 conjun-

381 4773 562 4826 ctione
587 4821 601 4835 ,
627 4783 746 4840 quae
773 4764 1092 4822 ineffabilem
1121 4764 1299 4818 animo
1324 4763 1482 4818 habet
1507 4765 1832 4834 voluptatem
1851 4784 1876 4844 ,ε
1905 4774 1960 4820 et

384 4863 429 4916 si
456 4862 627 4916 solum
655 4860 769 4928 ejus
796 4855 1118 4920 meminerit,
1148 4863 1324 4909 mente
1346 4854 1577 4925 assurgit
1600 4865 1654 4909 et
1677 4857 1955 4911 attollitur.

387 4956 462 5008 De
489 4951 758 5023 germanis
789 4950 980 5019 loquor
1002 4946 1190 5002 amicis
1209 4985 1224 5011 ,
1255 4945 1344 5016 qui
1369 4953 1494 4999 sunt
1522 4945 1797 5000 unanimes
1822 4987 1836 5011 ,
1868 4947 1957 5016 qui

387 5062 485 5115 pro
521 5045 707 5100 amicis
748 5042 882 5098 mori
927 5041 1221 5110 elegerint,
1251 5039 1340 5108 qui
1374 5038 1623 5094 ardenter
1649 5048 1850 5095 amant.
1882 5039 1960 5095 Ne

387 5137 539 5201 mibi,
559 5139 854 5205 cogitantes
874 5148 967 5187 eos
991 5132 1079 5202 qui
1107 5132 1292 5187 leviter
1310 5139 1508 5195 amant,
1534 5138 1591 5185 et
1612 5139 1735 5184 sunt
1761 5146 1960 5186 mensa:

387 5229 518 5285 socii
543 5269 558 5292 ,
588 5237 643 5283 et
671 5226 822 5281 amici
855 5225 1069 5280 nomine
1091 5265 1107 5289 ,
1139 5221 1455 5279 existimetis
1484 5237 1707 5292 arguere
1735 5222 1786 5276 id
1817 5222 1958 5293 quod

386 5322 599 5376 dicitur.
642 5318 699 5374 Si
742 5319 862 5389 quis
904 5316 1065 5371 habet
1102 5315 1328 5370 amicum
1367 5314 1576 5383 qualem
1606 5313 1728 5370 dico
1752 5356 1767 5379 ,
1799 5316 1959 5370 verba

387 5420 641 5484 agnoscet
669 5429 682 5465 :
712 5419 766 5466 et
802 5410 846 5464 si
876 5424 996 5464 eum
1031 5407 1264 5478 quotidie
1298 5406 1525 5473 viderit,
1557 5423 1661 5462 non
1691 5407 1914 5462 satiatur
1944 5425 1958 5460 :

353 5505 572 5559 .cadem
618 5503 714 5572 ipsi
746 5517 863 5570 quae
900 5499 1104 5568 sibiipsi
1135 5507 1282 5568 optat
1313 5507 1366 5552 et
1402 5507 1668 5567 precatur.
1701 5497 1831 5552 Novi
1863 5512 1961 5568 ego

388 5595 669 5666 quemdam
696 5592 783 5661 qui
817 5604 913 5660 pro
937 5591 1121 5644 amico
1136 5591 1278 5646 viros
1301 5601 1516 5645 sanctos
1542 5591 1761 5660 rogabat
1787 5597 1842 5644 ut
1865 5604 1961 5659 pro

392 5687 507 5756 ipso
547 5686 776 5755 primum
817 5689 1033 5736 orarent
1056 5722 1069 5746 ,
1104 5680 1295 5736 deinde
1336 5697 1430 5749 pro
1459 5696 1539 5738 se.
1574 5680 1738 5736 Tanta
1771 5696 1858 5737 res
1881 5690 1963 5736 cst

1047 283 1106 340 8.
1146 282 1419 340 JOANNIS
1451 277 1917 338 CHRVSOSTOMI
1957 276 2270 333 ARCHIEP.
2312 279 2842 339 CONSTANTI'NOP.

3529 290 3631 346 404

2055 388 2225 444 bonus
2263 390 2466 447 amicus
2490 430 2505 457 ,
2535 402 2592 447 ut
2625 404 2680 450 et
2723 395 2842 450 loca
2885 403 2940 451 et
2971 405 3208 467 tempora
3237 409 3456 469 propter
3484 401 3633 472 ipsos

2053 490 2320 536 amentur.
2370 483 2518 540 Sicut
2563 487 2704 541 enim
2751 503 2782 541 a
2830 488 3124 558 Splendidis
3167 494 3486 562 corporibus
3534 495 3633 550 flos

2054 581 2268 628 emanat
2306 574 2357 629 in
2389 575 2502 630 loca
2531 577 2699 631 vicina
2730 595 2744 631 :
2773 588 2842 633 tta
2883 577 3042 634 etiam
3080 582 3235 637 amici
3273 583 3340 638 ad
3377 584 3491 639 loca
3519 626 3534 650 ,
3563 587 3631 641 ad

2053 680 2174 734 qua:
2211 668 2573 731 accesserint,
2614 684 2764 723 suam
2809 672 3056 726 emittunt
3099 674 3322 743 gratiam
3352 693 3365 729 :
3392 683 3448 730 et
3491 691 3636 747 saepe

2053 770 2174 810 cum
2202 756 2402 828 absque
2430 759 2618 814 amicis
2645 760 2696 813 in
2727 761 2831 816 illis
2854 763 2988 818 locis
3017 764 3288 830 fuerimus,
3313 765 3526 835 flemus,
3549 785 3636 824 re-

2053 846 2338 904 cordantes
2363 849 2571 905 dierum
2603 851 2653 906 in
2684 853 2875 922 quibus
2900 869 3023 909 cum
3054 855 3159 910 illis
3185 859 3379 911 versati
3406 873 3591 913 sumus
3612 900 3632 924 ,

2052 949 2106 994 et
2130 941 2412 1011 gemimus.
2443 942 2633 999 Verbis
2657 946 2911 1014 explicari
2938 962 3044 1002 non
3072 957 3252 1018 potest
3275 959 3526 1018 quantam
3553 952 3634 1005 af-

2053 1026 2154 1084 fert
2177 1030 2502 1099 voluptatem
2529 1043 2584 1087 et
2609 1033 2846 1088 lintitiam
2870 1037 3151 1106 praesentia
3178 1039 3472 1093 amicorum
3496 1057 3511 1092 :
3533 1043 3632 1096 soli

2052 1129 2232 1173 autem
2259 1121 2435 1176 sciunt
2459 1121 2551 1192 qui
2577 1125 2940 1193 experiuntur.
2977 1126 3043 1181 Et
3070 1129 3297 1198 gratiam
3331 1140 3512 1198 petere
3533 1173 3550 1197 ,
3579 1142 3635 1187 et

2052 1210 2276 1278 gratiam
2319 1213 2562 1282 accipere
2601 1213 2668 1268 ab
2712 1217 2889 1271 amico
2929 1218 3054 1272 licet
3087 1219 3219 1273 citra
3249 1221 3631 1290 suspicionem.

2054 1299 2275 1366 Quando
2307 1305 2458 1358 nobis
2488 1306 2782 1374 imperant,
2815 1317 2940 1364 tunc
2968 1310 3046 1364 eis
3077 1310 3335 1366 habemus
3360 1314 3583 1382 gratiam
3614 1333 3631 1372 :

2054 1391 2266 1459 quando
2296 1392 2537 1449 dubitant
2563 1404 2618 1451 et
2644 1409 2893 1452 verentur
2913 1439 2928 1464 ,
2956 1407 3085 1455 tunc
3113 1400 3322 1457 tristitia
3351 1404 3631 1462 afﬁcimur.

2054 1480 2193 1536 Nihil
2226 1483 2480 1540 habemus
2509 1487 2650 1557 quod
2682 1504 2786 1543 non
2818 1490 2887 1544 sit
2917 1491 3146 1546 illorum.
3182 1491 3370 1548 Omnia
3401 1513 3519 1565 quae
3548 1496 3634 1553 hic

2053 1582 2176 1626 sunt
2219 1589 2364 1644 saepe
2403 1575 2758 1646 despicientes
2783 1619 2798 1643 ,
2833 1590 3053 1650 propter
3081 1581 3200 1636 illos
3237 1584 3484 1640 nolumus
3512 1586 3634 1642 hinc

2053 1664 2316 1732 emigrare
2345 1683 2358 1720 :
2387 1675 2441 1721 et
2470 1667 2584 1722 luce
2615 1669 2726 1738 ipsa
2756 1668 2828 1722 illi
2856 1681 2982 1724 sunt
3007 1672 3174 1741 magis
3199 1673 3603 1732 desiderabiles.

2123 1754 2178 1808 4.
2222 1753 2424 1810 llevera
2475 1759 2616 1812 enim
2649 1759 2762 1828 ipsa
2789 1760 2948 1814 etiam
2977 1761 3097 1818 luce
3123 1773 3207 1818 est
3243 1766 3450 1820 amicus
3485 1769 3630 1823 desi-

2053 1844 2343 1903 derabilior
2371 1866 2385 1901 :
2437 1849 2626 1920 loquor
2651 1851 2718 1906 de
2744 1852 2956 1908 sincero
2985 1864 3038 1909 et
3063 1871 3341 1926 germano.
3389 1858 3500 1914 Nec
3528 1861 3628 1914 mi-

2055 1938 2192 1992 reris
2231 1957 2244 1992 :
2278 1941 2467 1996 melius
2497 1943 2639 1997 enim
2669 1952 2754 1998 est
2798 1953 2855 1998 ut
2883 1947 2960 1999 sol
3010 1947 3165 2001 nobis
3207 1949 3581 2019 exstinguatur
3607 1992 3626 2018 ,

2052 2045 2208 2099 quam
2238 2040 2296 2085 ut
2336 2033 2606 2102 privemur
2646 2036 2862 2101 amicis;
2913 2038 3104 2093 melius
3132 2050 3212 2094 est
3242 2041 3435 2111 degere
3465 2043 3517 2096 in
3547 2053 3630 2098 te-

2054 2120 2277 2187 nebris,
2329 2137 2487 2192 quam
2537 2126 2724 2181 amicis
2779 2128 3017 2196 privari:
3060 2138 3116 2184 et
3169 2132 3484 2201 quomodo,
3531 2149 3631 2204 ego

2053 2209 2248 2268 dicam.
2275 2213 2422 2268 Multi
2450 2216 2619 2272 solem
2649 2218 2890 2276 videntes
2919 2231 3045 2277 sunt
3073 2223 3124 2276 in
3152 2223 3421 2291 tenebris;
3444 2227 3630 2282 amicis

2052 2312 2228 2359 autem
2259 2306 2501 2362 instructi
2532 2348 2548 2372 ,
2594 2324 2882 2382 numquam
2925 2313 2977 2367 in
3008 2314 3262 2369 aerumnis
3307 2326 3584 2371 versantur
3610 2335 3629 2374 :

2052 2392 2123 2448 de
2166 2395 2354 2450 amicis
2382 2395 2572 2467 loquor
2615 2401 3012 2471 spiritualibus,
3043 2405 3131 2474 qui
3162 2405 3292 2460 nihil
3341 2406 3630 2476 pra-ferunt

2054 2486 2322 2542 amicitiae.
2369 2487 2512 2544 Talis
2542 2500 2658 2545 erat
2703 2491 2900 2548 Paulus
2923 2535 2939 2560 ,
2968 2495 3056 2564 qui
3105 2496 3338 2550 animam
3380 2512 3528 2552 suam
3560 2497 3626 2552 li-

2055 2572 2244 2629 benter
2293 2575 2566 2644 dedisset,
2615 2595 2716 2636 nec
2766 2593 2982 2651 rogatus
3021 2585 3184 2639 etiam
3231 2586 3283 2640 in
3329 2586 3624 2656 gehennam

2055 2665 2279 2722 libenter
2307 2669 2486 2724 ivisset
2512 2688 2526 2724 :
2554 2671 2624 2725 ita
2652 2673 2858 2726 ardenti
2878 2673 3200 2744 diligendum
3223 2685 3304 2730 cst
3323 2676 3621 2733 affectione.

2055 2756 2187 2811 Volo
2216 2760 2517 2829 exemplum
2545 2761 2790 2817 amicitia:
2819 2764 2980 2819 dare:
3009 2777 3189 2835 patres
3225 2776 3277 2820 et
3302 2767 3434 2820 filios
3463 2782 3622 2836 supc—

2055 2859 2174 2905 raut
2219 2853 2416 2920 amici,
2464 2855 2661 2920 amici,
2712 2857 2959 2927 inquam,
2991 2859 3282 2913 secundum
3331 2858 3618 2913 Christum.

2052 2940 2130 2995 Ne
2171 2941 2302 2996 mibi
2347 2943 2487 2997 enim
2520 2944 2808 3000 liodiernos
2855 2949 3057 3003 amicos
3107 2949 3292 3014 dicas;
3337 2965 3458 3004 nam
3504 2966 3623 3005 cum

2053 3035 2176 3089 aliis
2220 3034 2322 3089 hoc
2367 3050 2581 3105 quoque
2630 3037 2827 3092 bonum
2861 3041 3111 3104 recessit;
3159 3041 3253 3095 sed
3284 3043 3456 3110 cogita
3487 3042 3622 3112 quod

2056 3134 2294 3195 tempore
2338 3127 2699 3195 apostolorum
2726 3168 2741 3190 ,
2786 3145 2891 3182 non
2920 3129 3109 3199 loquor
3129 3129 3197 3184 dc
3247 3132 3546 3202 coryphteis
3573 3142 3626 3186 et

2054 3219 2416 3288 principibus,
2463 3221 2556 3275 sed
2607 3221 2672 3274 de
2717 3222 2781 3275 iis
2808 3221 2898 3291 qui
2937 3223 3312 3290 crediderunt;
3346 3224 3582 3278 Omnium
3607 3265 3623 3290 ,

2054 3309 2242 3379 inquit,
2270 3321 2374 3364 erat
2400 3312 2569 3364 anima
2598 3329 2699 3365 una
2725 3323 2770 3365 et
2799 3329 2886 3365 cor
2913 3331 3088 3376 mium,
3111 3325 3160 3369 et
3187 3333 3330 3370 nemo
3355 3319 3625 3387 quidquam

2053 3419 2114 3456 ea:
2141 3404 2202 3456 iis
2231 3419 2342 3471 qua:
2371 3403 2578 3456 habebat
2609 3405 2800 3457 dicebat
2825 3421 2932 3458 esse
2959 3408 3260 3476 proprium;
3290 3419 3338 3460 et
3359 3409 3624 3463 distribue-

2051 3495 2200 3548 batur
2237 3495 2448 3566 singulis
2492 3504 2637 3566 prout
2667 3513 2794 3566 Opus
2840 3496 3086 3551 habebant
3117 3497 3252 3566 (Act.
3285 3500 3340 3555 4.
3373 3499 3461 3554 52.
3511 3500 3621 3570 55).

2051 3585 2166 3641 Non
2194 3596 2310 3641 erat
2335 3597 2459 3641 tunc
2483 3603 2656 3640 meum
2684 3596 2737 3642 et
2770 3597 2934 3641 tuum.
2977 3587 3086 3644 lloc
3125 3598 3242 3643 erat
3266 3591 3494 3644 amicitia
3514 3631 3530 3657 ,
3558 3605 3625 3646 ne

2053 3681 2172 3750 quis
2198 3697 2316 3750 qua:
2361 3695 2456 3734 sua
2484 3689 2636 3734 erant
2662 3695 2754 3734 sua
2786 3679 3116 3736 existimaret
3137 3721 3152 3743 ,
3185 3681 3280 3736 sed
3325 3697 3445 3752 qua:
3474 3690 3626 3736 erant

2055 3769 2278 3838 proximi
2305 3787 2318 3826 :
2348 3784 2465 3838 qua:
2494 3779 2670 3824 autem
2697 3784 2790 3824 sua
2813 3809 2829 3834 ,
2865 3769 3033 3824 aliena
3062 3789 3076 3835 ;
3119 3781 3286 3841 utque
3330 3773 3471 3827 illius
3512 3775 3625 3828 ani-

2055 3874 2154 3913 mae
2180 3873 2331 3929 aeque
2353 3869 2592 3928 parceret
2626 3868 2785 3929 atque
2813 3874 2957 3926 suae;
3001 3870 3056 3915 et
3085 3861 3176 3917 ille
3204 3861 3449 3918 similiter
3472 3879 3624 3918 elllll-

2054 3947 2179 4003 dem
2199 3953 2367 4007 animi
2395 3953 2648 4009 affectum
2678 3953 2946 4011 ostendat.
2965 3953 3028 4008 Et
3057 3951 3279 4016 alicubi,
3306 3950 3622 4020 inquitdieri

2055 4049 2233 4110 potest
2257 4049 2312 4094 ut
2342 4040 2461 4094 talis
2492 4040 2828 4095 inveniatur?
2860 4042 3062 4106 Etiam;
3087 4041 3178 4096 sed
3206 4043 3327 4111 quia
3355 4044 3622 4107 nolumus,

2056 4129 2171 4185 ﬁeri
2199 4146 2304 4184 non
2333 4138 2508 4200 potest
2533 4149 2546 4185 :
2576 4141 2751 4199 potest
2776 4131 2917 4186 enim
2942 4129 3097 4187 facile
3125 4133 3236 4186 fieri
3257 4173 3272 4198 ,
3302 4133 3345 4186 si
3374 4134 3620 4188 velimus.

2055 4223 2186 4278 Nam
2229 4223 2274 4277 si
2303 4223 2416 4276 fieri
2444 4239 2548 4275 non
2580 4233 2758 4292 posset
2781 4265 2794 4285 ,
2825 4239 2893 4278 ne
2932 4224 3183 4292 jussisset
3227 4225 3437 4293 quidem
3468 4225 3626 4280 Chri-

2057 4323 2171 4368 stus
2192 4354 2205 4376 .
2235 4327 2335 4367 nec
2362 4322 2466 4366 tam
2497 4313 2658 4367 multa
2689 4314 2912 4369 dixisset
2943 4314 3011 4368 de
3038 4316 3282 4369 caritate.
3312 4315 3495 4386 Magna
3538 4331 3626 4370 res

2056 4412 2138 4458 est
2177 4402 2443 4468 amicitia,
2471 4411 2525 4458 et
2549 4419 2708 4472 quam
2750 4405 2819 4458 sit
2847 4421 3032 4474 magna
3055 4446 3070 4470 ,
3105 4419 3203 4459 nec
3230 4405 3437 4461 discere
3480 4405 3626 4476 quis-

2056 4510 2214 4566 quam
2237 4535 2253 4562 ,
2282 4509 2382 4548 nec
2402 4495 2572 4548 oratiu
2599 4496 2704 4549 ulla
2732 4496 2999 4565 explicare
3028 4506 3222 4566 potest,
3247 4507 3440 4566 prmtcr
3461 4498 3625 4567 ipsam

2059 4589 2465 4658 experientiam.
2494 4587 2607 4642 Hoc
2638 4586 2764 4642 fecit
2794 4588 3026 4644 haereses
3045 4628 3061 4654 ,
3089 4588 3191 4644 hoc
3217 4589 3434 4645 Graecos
3455 4589 3626 4645 adhuc

2060 4679 2182 4735 facit
2211 4694 2332 4734 esse
2361 4677 2596 4734 Graecos.
2643 4678 2745 4745 Qui
2776 4679 2982 4748 diligit,
3029 4695 3132 4733 non
3177 4681 3293 4735 vult
3321 4681 3583 4750 imperare
3609 4721 3625 4744 ,

2061 4787 2160 4828 nec
2189 4773 2556 4842 magistras-im
2579 4787 2788 4841 gerere,
2809 4771 2902 4825 sed
2931 4772 3188 4840 majorem
3216 4771 3378 4828 habet
3405 4772 3626 4843 gratiam

2059 4864 2104 4916 si
2136 4863 2349 4917 obediat
2372 4870 2426 4915 et
2449 4861 2595 4930 jussa
2622 4871 2942 4932 exsequatur
2969 4879 2987 4918 :
3016 4862 3129 4916 vult
3153 4863 3320 4933 magis
3345 4862 3628 4932 gratificari

2061 4970 2219 5025 quam
2265 4953 2486 5024 gratiam
2537 4955 2817 5023 accipere:
2863 4953 3036 5024 diligit
3076 4954 3218 5009 enim
3245 4963 3300 5008 et
3325 4954 3474 5023 quasi
3525 4967 3629 5006 non

2060 5045 2320 5100 exsatiate
2350 5060 2446 5099 suo
2475 5044 2743 5100 desiderio
2765 5086 2780 5110 ,
2812 5045 2889 5099 sic
2920 5044 3170 5100 afficitur.
3198 5042 3313 5098 Non
3349 5054 3452 5098 tam
3486 5043 3632 5097 Reta-

2063 5145 2148 5191 tnr
2167 5135 2481 5190 beneficium
2511 5135 2799 5205 accipiens,
2820 5150 2978 5204 quam
3004 5134 3348 5190 benefaciens
3381 5151 3394 5187 ε
3430 5132 3633 5188 mavult

2062 5227 2203 5280 enim
2235 5241 2354 5279 cum
2389 5225 2584 5280 habere
2614 5225 2713 5280 sibi
2742 5225 3047 5290 obnoxium,
3081 5240 3240 5295 quam
3274 5225 3372 5294 ipsi
3402 5223 3625 5286 debere;

2065 5319 2172 5371 imo
2201 5317 2399 5370 mavult
2427 5325 2479 5370 et
2511 5315 2606 5384 ipsi
2637 5315 2865 5380 debere,
2905 5325 2960 5370 et
2987 5316 3159 5384 ipsum
3199 5314 3396 5368 habere
3423 5313 3628 5368 debito-

2064 5423 2176 5462 rem
2199 5425 2213 5471 ;
2245 5417 2300 5462 ct
2323 5408 2432 5461 vult
2459 5407 2744 5478 gratificari
2770 5417 2824 5462 et
2849 5423 2954 5462 non
2985 5408 3097 5461 vult
3123 5406 3293 5460 videri
3320 5403 3630 5476 gratiﬁcari,

2064 5499 2158 5554 sed
2189 5513 2308 5554 esse
2355 5499 2530 5569 potius
2577 5496 2804 5552 debitor.
2837 5497 3027 5552 Multos
3072 5512 3136 5551 ex
3186 5496 3338 5551 vobis
3383 5494 3630 5549 existimo

2065 5588 2202 5645 forte
2231 5589 2479 5660 ignorare
2522 5587 2662 5658 quod
2711 5587 2910 5642 dictum
2939 5596 3060 5654 est;
3109 5600 3329 5642 necesse
3362 5584 3524 5656 igitur
3552 5589 3637 5636 est

2065 5691 2124 5736 ut
2153 5691 2409 5752 repetam.
2439 5681 2563 5736 Vult
2593 5679 2739 5756 prior
2767 5681 3026 5738 beneﬁcio
3056 5680 3266 5736 afficere
3290 5719 3307 5746 ,
3333 5687 3389 5734 et
3426 5690 3534 5733 non
3560 5673 3635 5729 vi-
