4010 6142
427 282 530 335 ιῖιῧ

427 391 685 463 φορτικδν
729 389 853 445 οὑδὲ
889 387 1127 458 ἔπαλθές
1166 385 1287 441 ούδὶ
1321 385 1461 458 βαρὺ
1489 385 1614 439 οὑδέ
1644 384 1856 456 κόμπον
1880 384 2003 454 ἔχον

428 476 851 546 ἁπεδειξάμεθα.
910 476 1021 529 Kal
1071 474 1153 538 τὸ,
1201 475 1305 528 Ἐν
1329 472 1499 541 μέσῳ
1527 469 1716 542 ὑμῶν,
1764 469 2009 525 τοιοῦτόν

430 573 599 629 ἐστιν,
654 566 729 627 ὡς
774 563 840 617 ἂν
878 562 1024 615 είποι
1068 576 1172 623 τις.
1206 559 1266 623 ἐξ
1293 557 1471 630 ὑμῶν,
1494 557 1619 628 οὐχὶ
1649 556 1748 628 τὴν
1779 556 1892 611 ινω
1909 555 2009 610 λα·

433 658 621 718 εόντες
651 651 825 724 λῆξιν.
1908 646 1911 650 ⁷

513 745 606 808 Ὠς
652 741 761 794 ἐὰν
827 739 1066 807 τροφὸς.
1122 737 1277 808 φησὶ,
1323 736 1525 805 θάλπῃ
1555 734 1628 791 τὰ
1652 734 1878 804 ἑαυτῆς
1905 734 1997 788 τέο

434 845 570 884 acra.
640 829 796 881 Οὕτω
846 826 925 880 δεῖ
969 825 1062 879 τὸν
1085 824 1406 879 διδάσκαλον
1430 820 1591 877 εῖναι.
1626 822 1775 893 Mhi)
1806 818 2009 891 τροφὸς

430 914 734 980 κολακεύει,
761 914 847 967 ἴνα
876 912 1037 982 δόξης
1062 911 1235 981 τύχῃς
1270 913 1344 982 μὴ
1376 912 1637 982 χρήματα
1679 911 1822 962 αίτεῖ
1854 907 2008 979 παρά

430 1004 536 1056 τῶν
561 1001 770 1059 παίδων
805 999 916 1054 τῶν
950 999 1165 1072 μικρῶν
1189 1016 1205 1066 ;
1231 998 1305 1070 μὴ
1331 999 1522 1069 βαρεῖα
1554 998 1739 1060 αὐτοῖς
1766 996 1883 1049 ἐστι
1913 995 2009 1049 καὶ

425 1092 697 1162 φορτική;
728 1090 848 1161 οὑχὶ
882 1088 1081 1162 μᾶλλον
1102 1085 1211 1141 τῶν
1244 1086 1499 1158 μητέρων
1530 1085 1643 1139 είσὶ
1672 1087 2004 1157 προσηνεῖςῖ

440 1178 708 1232 Ἐνταῦθα
733 1179 832 1248 τὴν
855 1175 1246 1248 φιλοστοργίαν
1277 1174 1573 1228 δείκνυσιν.
1601 1174 1785 1239 Οὕτω,
1816 1174 2003 1243 φησὶν,

425 1266 780 1334 ἱμειρόμενοι
812 1263 999 1333 ὑμῶν,
1025 1264 1324 1323 τουτέστιν.
1350 1262 1743 1331 ἐπιθυμοῦντες
1767 1277 1782 1293 ·
1834 1261 2009 1324 οὓτως

425 1354 558 1421 ὑμῖν
609 1350 1032 1422 προσδεθέμεθα,
1066 1350 1249 1421 φησὶν,
1270 1350 1352 1404 δτι
1379 1350 1440 1403 οὐ
1472 1349 1633 1419 μόνον
1663 1347 1818 1402 οὑδέν
1850 1347 1996 1418 λαμ-

429 1438 684 1508 βάνωμεν
710 1480 725 1502 ,
753 1437 868 1491 ἀλλ’
914 1438 961 1490 εί
995 1437 1077 1489 δεῖ
1101 1437 1309 1500 καὶτὰς
1331 1435 1513 1506 ψυχάς
1533 1434 1878 1507 μεταδοῦναι,
1900 1434 2004 1487 οὑκ

423 1524 497 1579 ἂν
544 1523 1008 1596 παρῃτησάμεθα.
1049 1522 1222 1577 Τοῦτο
1262 1518 1377 1587 οὖν,
1426 1523 1549 1576 είπέ
1590 1538 1702 1592 μοι,
1730 1518 2005 1591 ἀνθρωπί-

423 1626 526 1680 νης
581 1610 861 1678 διανοίαςς
905 1610 1001 1665 καὶ
1040 1610 1124 1674 τίς
1160 1609 1333 1673 οὕτως
1365 1611 1615 1681 ἀνόητος,
1639 1607 1715 1673 ὡς
1744 1607 1904 1662 τοῦτο
1926 1608 2005 1661 εί-

423 1699 586 1765 πεῖν;
613 1698 1017 1767 Εὺδοκοῦμεν,
1046 1698 1199 1769 φησὶ.
1215 1697 1575 1767 μεταδοῦναι
1603 1699 1764 1766 ὑμῖν,
1797 1698 1869 1750 οὐ
1891 1697 2003 1765 μό-

420 1802 537 1839 νον
563 1785 630 1840 τὸ
655 1784 1023 1856 Εὐαγγέλιον
1048 1785 1154 1840 τοῦ
1183 1785 1366 1850 Θεοῦ,
1390 1786 1559 1853 ῄλλὰ
1591 1784 1686 1838 καί
1716 1781 1869 1855 μδη
1896 1783 2003 1848 τὰς

427 1872 663 1926 ἑαυτῶν
699 1872 925 1942 ψυχάς.
956 1872 1121 1925 ’Ὥστε
1159 1871 1317 1925 τοῦτο
1339 1871 1522 1942 μεῖζον
1552 1870 1783 1924 ἐκείνου.
1817 1869 1924 1922 Kal
1949 1867 2004 1921 τί

420 1958 486 2011 τὺ
505 1959 696 2028 κέρδος
716 1975 731 2024 ;
766 1959 903 2012 Ἀπὸ
923 1959 1020 2029 μὲν
1040 1959 1149 2030 γάρ
1161 1958 1253 2012 τοῦ
1271 1957 1623 2026 Εὑαγγελίου,
1643 1955 1854 2025 κέρδος·
1870 1954 1931 2008 τὸ
1945 1952 2003 2007 δὲ

424 2046 523 2114 τὴν
550 2045 728 2116 ψυχὴν
760 2044 968 2111 δοῦναι,
999 2045 1142 2099 κατά
1184 2044 1283 2115 τὴν
1305 2043 1594 2098 δυσκολίαν
1636 2041 1821 2114 μεῖζον
1850 2040 1999 2095 ἐκεί-

424 2148 541 2184 νου.
588 2132 663 2184 Οὐ
691 2132 800 2203 γάρ
832 2132 982 2185 ἐστιν
1027 2131 1142 2185 ίσον
1183 2130 1370 2194 ἁπλῶς
1406 2129 1664 2202 κηρῦξαι,
1701 2128 1796 2182 καὶ
1822 2128 2001 2200 ψυχὴν

426 2217 612 2271 δοῦναι
637 2234 652 2248 ·
687 2218 863 2271 ἐκεῖνο
887 2217 984 2285 μὲν
1001 2216 1474 2290 γὰρτιμιώτερον,
1499 2215 1658 2270 τοῦτο
1677 2216 1734 2269 δέ
1757 2214 2002 2280 πλείονος

426 2303 714 2367 δυσκολίας
763 2300 852 2373 ἦν.
916 2303 1300 2373 Ἐϐουλόμεθα,
1344 2304 1529 2374 φησὶν,
1558 2303 1611 2357 εί
1632 2319 1696 2372 γε
1725 2304 1874 2374 ἐνῆν,
1904 2303 2001 2357 xal

426 2390 528 2454 τάς
557 2390 737 2462 ψυχάς
760 2391 841 2454 είς
872 2391 1017 2463 ὑμᾶς
1042 2391 1299 2447 κενῶσαι.
1345 2391 1497 2445 Ἐπεὶ
1523 2387 1616 2445 οῦν
1645 2390 1875 2462 ἐπῄνεσε
1907 2390 2003 2443 καὶ

427 2478 663 2542 ἐπαινεῖ,
695 2478 783 2532 διά
802 2478 962 2532 τοῦτο
989 2478 1158 2548 λέγει,
1189 2478 1271 2532 ὅτι
1302 2478 1377 2531 Οὑ
1403 2480 1662 2549 χρήματα
1687 2476 1998 2546 ζητοῦντες,

423 2564 486 2616 οὐ
539 2564 923 2628 κολακεύοντες
958 2566 1125 2634 ὑμᾶς,
1167 2566 1229 2619 οὑ
1285 2564 1444 2636 δόξης
1488 2566 1787 2636 ἐφιέμενοι,
1844 2564 2001 2619 τοῦτο

424 2650 713 2722 ποιοῦμεν.
739 2652 881 2723 Ὅρα
903 2653 1010 2722 γάρ
1031 2669 1047 2684 ·
1064 2654 1113 2705 εί
1147 2652 1315 2705 πολλά
1340 2647 1481 2721 ἦσαν
1522 2651 1878 2721 ἀθλήσαντες,
1906 2652 1999 2706 καὶ

422 2737 751 2809 παραδόξως
769 2739 878 2792 ἔδει
897 2740 1096 2801 αὐτοὺς
1118 2739 1469 2810 ἐπαινεθῆναι
1485 2739 1579 2792 καὶ
1596 2739 1996 2810 θαυμασθῆναι,

422 2824 571 2880 ὥστε
629 2827 1019 2898 στερροτέρους
1065 2826 1341 2894 γενέσθαι,
1386 2823 1535 2897 εἶχεν
1561 2829 1590 2880 ὀ
1616 2827 1835 2891 ἔπαινος
1866 2826 2000 2879 ὐπο-

420 2914 579 2982 ψίαν.
609 2915 707 2967 Διά
748 2913 926 2978 τοῦτο,
973 2914 1412 2986 ἀποκρουόμενος
1440 2915 1539 2986 τὴν
1570 2915 1827 2984 ὑποψίαν,
1871 2915 1999 2980 τοὺς

422 3000 707 3063 κινδύνους
750 3000 919 3069 λέγει.
987 3001 1097 3054 Καὶ
1134 3002 1318 3067 πάλιν,
1365 3001 1454 3055 ἴνα
1511 3000 1586 3071 μὴ
1632 3001 1864 3072 νομισθῇ
1908 3000 1995 3055 διά

424 3087 589 3141 τοῦτο
615 3088 742 3152 τοὺς
784 3088 1065 3152 κινδύνους
1101 3088 1302 3157 λέγειν,
1346 3088 1423 3152 ὼς
1465 3089 1692 3159 κάμνων
1732 3089 1873 3159 ὑπὲρ
1898 3084 1996 3141 αὖ·

420 3176 555 3239 τῶν,
582 3177 677 3230 καὶ
703 3176 936 3245 ὀφείλων
979 3176 1280 3246 τιμηθῆναι
1321 3170 1450 3248 παρ’
1483 3175 1683 3237 αὑτῶν,
1715 3176 1857 3245 ὑπὲρ
1877 3173 1997 3228 τού-

420 3281 541 3325 1:09,
576 3264 713 3334 μετά
737 3264 796 3316 τὸ
824 3265 998 3316 εἰπεῖν
1020 3264 1149 3325 τοὺς
1185 3262 1491 3328 κινδύνους,
1519 3264 1765 3333 ἐπήγαγε
1790 3277 1803 3288 ·
1840 3263 1996 3317 Διότι

419 3350 718 3420 ἀγαπητοὶ
736 3349 882 3420 ἡμῖν
905 3351 1248 3419 γεγένησθε·
1281 3349 1456 3420 δηλῶν
1489 3350 1570 3403 ὅτι
1600 3351 1689 3403 διὰ
1713 3348 1873 3403 τοῦτο
1902 3349 1998 3403 καὶ

420 3439 522 3501 τὰς
584 3437 759 3508 ψυχὰς
793 3438 964 3507 ἡδέως
998 3438 1065 3492 ἂν
1109 3439 1235 3509 ὑμῖν
1280 3438 1491 3508 ἔδομεν,
1513 3439 1595 3492 ὅτι
1619 3437 1832 3509 Σφόδρα
1869 3439 1998 3507 ὑμῖν

423 3523 853 3595 προσεδέθημεν.
876 3524 948 3578 Τὸ
973 3524 1071 3593 μὲν
1116 3521 1208 3578 οὖν
1226 3525 1574 3593 Βὺαγγέλιον,
1606 3525 1794 3595 ἐπειδὴ
1814 3527 1842 3579 ὀ
1865 3524 1997 3590 Θεὸς

425 3610 707 3672 ἐκέλευσε,
740 3610 1210 3681 καταγγέλλομεν·
1246 3609 1497 3663 τοσοῦτον
1532 3610 1589 3664 δὲ
1635 3611 1775 3681 ὑμᾶς
1810 3610 1997 3680 φιλοῦς-

430 3712 557 3763 μεν,
582 3696 664 3748 ὅτι
693 3697 740 3748 εί
768 3696 914 3766 ἐνῆν,
957 3695 1051 3749 καὶ
1080 3697 1175 3759 τάς
1198 3697 1374 3767 ψυχὰς
1407 3695 1473 3750 ἂν
1508 3696 1816 3767 ἐδώκαμεν.
1841 3697 1998 3753 Οὕτω

426 3783 509 3834 δεῖ
536 3781 708 3850 φιλεῖν
729 3781 819 3835 τὸν
844 3781 1122 3851 φιλοῦντα,
1145 3783 1239 3847 ὡς,
1261 3784 1309 3837 εί
1341 3785 1434 3838 καὶ
1451 3784 1551 3854 τὴν
1575 3783 1752 3854 ψυχὴν
1774 3783 1994 3854 αίτηθῇ,

426 3868 527 3919 καὶ
566 3868 793 3922 δυνατὸν
815 3864 873 3942 ᾖ,
906 3869 981 3939 μὴ
1023 3867 1281 3926 κωλῦσαι.
1312 3872 1377 3924 Τί
1402 3871 1568 3940 λέγω,
1603 3870 1799 3943 αἰτηθῇ
1833 3888 1847 3936 ;
1881 3871 1997 3926 ἀλλ’

422 3953 573 4007 ὣστε
606 3955 771 4009 αὐτὸν
801 3956 1109 4028 ἐπιτρέχειν
1135 3958 1201 4027 τῇ
1227 3957 1453 4030 τοιαύτῃ
1482 3957 1646 4012 δόσει.
1677 3957 1845 4012 Οὐδὲν
1867 3959 1994 4030 γὰρ,

421 4041 581 4093 οὐδὲν
633 4042 735 4111 τῆς
778 4043 1036 4114 τοιαύτης
1056 4044 1279 4115 ἀγάπης
1306 4044 1640 4116 γλυκύτερον
1662 4046 1860 4113 γένοιτ’
1892 4046 1957 4099 ἄν
1977 4058 1993 4076 ⁶

417 4126 581 4180 οὐδὲν
632 4129 746 4180 ἐκεῖ
782 4128 1024 4207 λυπηρὸν
1056 4133 1436 4200 συμπεσεῖται.
1471 4133 1680 4195 Ὄντως
1716 4133 1869 4202 φίλος
1893 4150 1984 4185 πι-

422 4214 552 4278 στὸς
597 4214 889 4287 φάρμακον
935 4215 1116 4288 ζωῆς·
1177 4218 1347 4282 δντως
1385 4218 1538 4289 φίλος
1587 4221 1779 4285 πιστὸς
1820 4221 1996 4290 σκέπη

423 4303 682 4372 κραταιά.

495 4388 565 4441 Τί
600 4390 706 4459 γὰρ
745 4391 847 4444 οὑκ
892 4392 957 4446 ἂν
1010 4393 1304 4465 ἐργάσαιτο
1333 4393 1486 4463 φίλος
1537 4396 1796 4463 γνήσιοςξ
1824 4396 1998 4466 πόσην

426 4474 531 4540 μὲν
560 4476 660 4527 οὐκ
687 4477 750 4530 ἂν
776 4479 1130 4551 ἐμποιήσειεν
1153 4480 1347 4551 ἡδονήν
1376 4495 1391 4545 ;
1414 4480 1587 4550 πόσην
1610 4482 1665 4535 δὲ
1689 4481 1956 4550 ὠφέλειαν
1980 4499 1995 4549 ;

425 4559 608 4629 πόσην
630 4561 686 4614 δὲ
714 4564 1045 4632 ἁσφάλειαν;
1072 4565 1192 4619 Κᾶν
1223 4565 1449 4638 μυρίους
1486 4564 1792 4636 θησαυροὺς
1815 4567 1996 4640 εἴπῃς,

423 4646 587 4700 οὐδὲν
621 4649 868 4717 ἀντάξιον
900 4652 1122 4722 γνησίου
1147 4652 1323 4721 φίλου.
1363 4652 1470 4705 Kal
1495 4654 1564 4706 τά
1583 4654 1755 4723 αὐτῆς
1784 4655 2000 4726 πρῶτον

423 4733 677 4805 εἴπωμεν
730 4738 828 4806 τῆς
871 4738 1055 4807 φιλίας
1099 4740 1271 4809 πόσην
1314 4738 1427 4809 ἔχει
1469 4738 1566 4810 τὴν
1611 4740 1826 4812 ἡδονήν.
1858 4743 1898 4794 Γ
1902 4742 1996 4795 ἀν-

424 4838 590 4876 νυται
610 4822 751 4893 ὀρῶν
790 4825 953 4879 αὑτὸν
975 4837 1001 4866 ι
1032 4826 1126 4879 καὶ
1143 4826 1432 4896 διαχεῖται,
1466 4825 1842 4896 συμπλέκεται
1863 4845 2002 4899 συμ-

421 4907 637 4978 πλοκὴν
671 4911 819 4981 αὐτῷ
855 4929 978 4964 τινα
1008 4912 1149 4966 κατά
1176 4914 1275 4984 τὴν
1299 4912 1477 4984 ψυχὴν
1502 4914 1742 4985 ἄρρητον
1772 4914 2001 4985 ἔχουσαν

419 4995 522 5066 τὴν
554 4996 747 5066 ἡδονήν
773 5013 784 5025 ·
833 4997 937 5051 κᾶν
974 4999 1295 5071 ἀναμνησθῇ
1334 5001 1493 5069 μόνον
1520 5001 1706 5068 αὑτοῦ,
1750 5001 2000 5073 διανέστη

416 5084 485 5150 τῇ
537 5081 749 5152 διανοίᾳ
788 5084 884 5136 καὶ
931 5085 1307 5156 ἀνεπτερώθη.
1352 5088 1487 5158 Περὶ
1514 5088 1622 5142 τῶν
1654 5088 1824 5158 φίλων
1858 5090 2003 5158 λέγω

416 5168 535 5221 τῶν
592 5171 855 5239 γνησίων,
891 5171 998 5227 τῶν
1035 5174 1350 5245 ὀμοψύχων,
1391 5175 1501 5229 τῶν
1538 5176 1878 5247 αἱρουμένων
1907 5179 2004 5232 καὶ

415 5258 887 5325 ὑπεραποθανεῖν,
910 5260 1017 5313 τῶν
1038 5261 1258 5333 θερμῶς
1292 5261 1613 5331 φιλούντων.
1637 5265 1727 5334 Μή
1763 5281 1851 5335 μοι
1879 5267 2005 5329 τοὺς

412 5343 620 5406 ἁπλῶς
642 5344 927 5412 φιλοῦντας
950 5348 1278 5412 ἐννοοῦντες,
1307 5351 1400 5403 καὶ
1415 5351 1705 5414 κοινωνοὺς
1738 5351 1847 5404 τῶν
1866 5368 1896 5404 τ
1905 5369 2005 5423 ρα-

417 5428 641 5494 πεζῶν,
687 5434 781 5485 καὶ
840 5433 948 5487 ἀπὸ
996 5437 1370 5509 προσηγορίας
1398 5438 1606 5507 φίλους,
1639 5438 1890 5508 νομίζετε
1916 5439 2008 5491 τὸν

413 5516 585 5585 λόγον
615 5517 952 5588 ἐλέγχεσθαι.
1000 5520 1071 5574 Εί
1106 5541 1188 5588 τις
1233 5523 1347 5594 ἔχει
1377 5524 1529 5594 φίλον
1557 5520 1668 5578 οἷον
1690 5525 1856 5595 λέγω,
1883 5527 2011 5580 ἐπι-

481 5681 510 5707 ⁸¹
551 5677 649 5753 εἰσ
678 5679 993 5753 _Colbe:lin_us
1040 5698 1168 5753 υιιιιε
1210 5691 1366 5753 rect_e.
1412 5687 1544 5738 Editi
1597 5700 1716 5737 vero
1760 5690 1881 5753 ὀρῶν
1925 5690 2013 5738 αὖ-

414 5742 527 5800 τὴν,
553 5742 691 5801 quod
713 5755 822 5791 cum
846 5750 978 5794 recta
997 5748 1128 5795 serto
1148 5748 1415 5810 pugnabat.

1283 270 1352 327 IN
1391 270 1661 330 EPISTJ
1699 273 1792 327 AD
1830 268 2167 328 THESSAL.
2209 272 2443 334 CAPJI.
2467 272 2700 331 HOIIIL.
2742 272 2807 329 11.

3581 278 3687 335 4οί

2109 384 2380 453 γνώσεται
2421 387 2491 442 τά
2535 389 2786 461 ῥήματα·
2836 385 2940 441 κᾶν
2968 386 3054 461 ἴδῃ
3092 385 3283 443 τοῦτον
3303 388 3428 443 καθ’
3453 388 3693 462 ἑκάστην

2115 474 2354 546 ἡμέραν,
2402 477 2505 530 οὐκ
2555 477 2931 546 ἐμπίπλαται·
2975 476 3151 530 ταῦτα
3186 477 3338 551 αὑτῷ
3377 477 3690 548 ἐπεύχεται.

2114 562 2260 633 ἅπερ
2307 565 2400 618 καὶ
2434 565 2638 636 ἐαυτῷ.
2673 561 2802 619 υἷδα
2824 562 2936 633 ἐγώ
2956 581 3097 626 τινα,
3124 564 3182 629 δς
3218 566 3359 637 ὑπὲρ
3379 565 3534 634 φίλου
3564 567 3693 630 τοὺς

2113 647 2306 717 ἁγίους
2329 651 2532 723 ἄνδρας
2560 652 2917 724 παρακαλῶν,
2944 653 3246 724 παρεκάλει
3277 652 3540 723 εὔχεσθαι
3559 653 3698 724 πρό-

2112 751 2270 813 τερον
2324 738 2464 809 ὑπὲρ
2502 738 2691 803 αὑτοῦ,
2721 740 2816 793 καὶ
2853 738 2977 792 τότε
3007 739 3145 811 ὑπὲρ
3173 739 3391 793 ἐαυτοῦ.
3423 739 3678 793 Τοσοῦτόι

2112 823 2229 876 ἐστι
2286 823 2438 893 φίλος
2500 825 2726 893 ἀγαθὸς,
2766 825 2854 895 ,ὡς
2883 825 2978 877 καὶ
3011 825 3211 888 τόπους
3231 825 3326 878 καὶ
3353 825 3583 895 χρόνους
3604 841 3682 894 φι-

2110 908 2321 964 λεῖσθαι
2353 912 2420 965 δι’
2444 911 2629 965 αὑτόν.
2660 912 2929 981 Καθάπερ
2959 912 3068 983 γὰρ
3089 914 3157 965 τὰ
3181 911 3410 983 λαμπρὰ
3453 912 3562 965 τῶν
3593 927 3687 965 σω·

2115 1000 2303 1072 μάτων
2328 999 2490 1065 ἄνθος
2512 1004 2747 1073 ἀπορρεῖ
2778 1004 2859 1066 εἰς
2887 1003 3013 1064 τοὺς
3044 1002 3273 1072 πλησίον
3296 1003 3518 1067 τόπους,
3539 1001 3690 1057 οὕτω

2109 1087 2204 1140 καὶ
2235 1089 2284 1140 οί
2337 1087 2502 1157 φίλοι,
2543 1083 2624 1151 οἷς
2662 1087 2728 1141 ἂν
2753 1088 3172 1158 παραγένωνται
3205 1087 3410 1153 τόποις,
3434 1088 3534 1159 τὴν
3560 1088 3689 1141 ἑαυ-

2108 1172 2219 1227 τῶν
2263 1174 2425 1246 χάριν
2460 1175 2672 1243 άφιάσι.
2723 1175 2837 1228 Kal
2873 1173 3135 1237 πολλάκις
3164 1174 3333 1244 χωρὶς
3361 1172 3531 1242 φίλων
3561 1175 3686 1228 ἐπι-

2111 1262 2336 1325 στάντες
2367 1264 2479 1325 τοῖς
2513 1263 2699 1326 τόποις
2730 1262 2980 1325 ἐκείνοις,
3008 1261 3386 1330 ἐδακρύσαμεν
3415 1261 3525 1313 τῶν
3544 1263 3576 1330 ἡ
3587 1278 3685 1331 με-

2110 1349 2219 1421 ρῶν
2237 1348 2699 1420 ἀναμνησθέντες,
2720 1350 2776 1401 ἐν
2801 1342 2889 1412 αἷς
2914 1346 3337 1417 συνεγενόμεθα,
3362 1347 3456 1400 καὶ
3478 1348 3687 1401 ἐστενά-

2110 1435 2301 1508 ξαμεν.
2325 1434 2477 1509 [458]
2509 1437 2623 1490 Ούκ
2647 1436 2723 1490 ένι
2740 1436 2818 1507 τῷ
2840 1436 2984 1506 λόγῳ
3001 1435 3347 1506 παραστῆσαι
3376 1432 3474 1505 τὴν
3490 1433 3685 1505 ἡδονὴν

2106 1524 2241 1597 ὅσην
2296 1523 2535 1594 ἐντίθησι
2578 1524 2854 1594 παρουσία
2893 1523 3063 1592 φίλων
3089 1539 3103 1555 ·
3140 1521 3374 1594 μόνοιδέ
3397 1523 3447 1575 οί
3491 1524 3685 1592 πεῖραν

2106 1609 2324 1681 ἔχοντες
2359 1611 2527 1666 ίσασι.
2561 1611 2674 1665 Kal
2708 1609 2871 1681 χάριν
2887 1610 3135 1680 αἰτῆσαι.
3168 1610 3264 1662 xal
3302 1609 3462 1680 χάριν
3497 1606 3684 1661 λαϐεῖν

2106 1701 2432 1764 ἀνυπόπτως
2458 1698 2610 1771 παρά
2639 1698 2794 1768 φίλου
2822 1697 2922 1751 ἔνι.
2959 1696 3128 1750 Ὅταν
3159 1698 3291 1768 ἡμῖν
3324 1696 3678 1755 ἐπιτάττωσι,

2103 1787 2226 1842 τότε
2305 1786 2490 1849 αὐτοῖς
2567 1785 2731 1856 χάριν
2785 1784 3128 1855 ίσμενοόταν
3179 1783 3237 1836 δὲ
3285 1782 3506 1843 ὀκνῶσι,
3554 1779 3681 1836 τότε

2103 1874 2360 1944 ἀλύομεν.
2380 1874 2546 1927 Ούδέν
2570 1872 2766 1944 ἔχομεν
2786 1873 2922 1944 ὅπερ
2943 1871 3018 1944 μὴ
3044 1871 3271 1925 ἐκείνων
3298 1870 3432 1924 ἐστί.
3455 1869 3682 1923 Πάντων

2104 1962 2365 2025 πολλάκις
2388 1959 2496 2016 τῶν
2537 1959 2774 2014 ἐνταῦθα
2802 1957 3294 2031 καταφρονοῦντες,
3325 1957 3393 2011 δι’
3432 1957 3680 2020 ἐκείνους

2103 2050 2165 2105 οὐ
2239 2048 2541 2120 βουλόμεθα
2604 2046 2860 2103 ἀπελθεῖν
2885 2035 3171 2100 ἐντεῦθεν·
3239 2045 3335 2099 καὶ
3375 2042 3472 2098 τοῦ
3499 2042 3679 2114 φωτὸς

2104 2140 2301 2192 ἐκεῖνοι
2335 2135 2722 2208 ποθεινότεροι.

2174 2244 2285 2299 Kal
2318 2242 2426 2315 γάρ
2453 2241 2624 2303 ὅντως
2659 2240 2752 2295 καὶ
2781 2239 2875 2294 τοῦ
2916 2240 3091 2309 φωτὸς
3116 2237 3279 2295 αὑτοῦ
3307 2238 3679 2309 ποθεινότερος

2103 2332 2255 2403 φίλος
2277 2349 2293 2365 ·
2323 2332 2415 2386 τδν
2438 2332 2655 2404 γνήσιον
2680 2329 2845 2399 λέγω.
2866 2330 2976 2384 Kal
3003 2328 3078 2401 μὴ
3114 2327 3433 2399 θαυμάσῃς·
3469 2326 3679 2398 βέλτιον

2101 2420 2209 2493 γὰρ
2231 2422 2362 2491 ἡμίν
2391 2418 2681 2489 σϐεσθῆναι
2708 2418 2800 2472 τὸν
2827 2418 2998 2489 ἥλιον,
3040 2417 3074 2486 ἢ
3105 2415 3274 2485 φίλων
3305 2412 3680 2486 ἀποστερηθῆ-

2100 2528 2220 2565 ναι·
2249 2509 2456 2581 βέλτιον
2499 2509 2558 2562 ἐν
2583 2507 2759 2579 σκότῳ
2787 2507 3014 2575 διάγειν,
3038 2505 3071 2577 ἢ
3110 2504 3279 2574 φίλων
3307 2499 3445 2556 εἶναι
3468 2500 3636 2573 χωρίς
3659 2517 3674 2532 ·

2101 2597 2193 2651 καὶ
2226 2597 2366 2659 πῶς,
2401 2593 2512 2665 ἐγὼ
2547 2594 2711 2664 λέγω.
2757 2593 2877 2647 Ὀτι
2925 2592 3113 2646 πολλοὶ
3140 2591 3235 2645 τὸν
3256 2588 3408 2662 ἥλιον
3440 2588 3676 2661 δρῶντες

2100 2686 2159 2740 ἐν
2184 2686 2361 2755 σκότῳ
2400 2685 2532 2747 είσὶ,
2564 2683 2735 2752 φίλων
2764 2684 2822 2736 δέ
2842 2680 3223 2753 εὐποροῦντες,
3259 2680 3368 2733 οὐδ’
3391 2678 3457 2732 ἂν
3477 2679 3537 2731 ἐν
3565 2676 3676 2730 θλί-

2098 2775 2189 2845 ψει
2209 2774 2476 2843 γένοιντο·
2504 2774 2630 2844 περὶ
2659 2773 2828 2842 φίλων
2841 2771 2985 2840 λέγω
3007 2770 3114 2824 τῶν
3137 2766 3545 2838 πνευματικῶν,
3568 2764 3679 2819 τῶν

2099 2861 2252 2915 οὐδὲν
2278 2859 2671 2931 προτιμώντων
2706 2859 2907 2927 φιλίας.
2928 2857 3182 2921 Τοιοῦτος
3231 2855 3444 2916 Παῦλος
3471 2851 3559 2925 ἦν,
3583 2852 3679 2906 καὶ

2099 2948 2198 3018 τὴν
2228 2948 2406 3018 ψυχὴν
2452 2947 2625 3018 ἡδέως
2660 2946 2836 3010 διδοὺς
2868 2947 2967 3016 τὴν
3020 2942 3236 3006 ἐαυτοῦ,
3279 2941 3375 2996 καὶ
3405 2942 3479 3010 μὴ
3520 2942 3680 3009 αίτη-

2101 3036 2235 3102 θεὶς,
2263 3036 2356 3089 καὶ
2387 3038 2467 3099 είς
2500 3036 2725 3105 γέενναν
2752 3035 2925 3105 ἡδέως
2955 3033 3020 3086 ἂν
3054 3032 3368 3086 ἐνέπιπτεν.
3395 3028 3552 3082 Οὕτω
3571 3028 3677 3100 χρὴ

2101 3121 2274 3191 φιλεῖν
2318 3121 2559 3175 διαθέσει
2619 3120 3013 3191 πεπυρωμένῃ.
3069 3116 3341 3185 Βούλομαι
3377 3113 3679 3183 ὑπόδειγμα

2096 3211 2279 3265 δοῦναι
2311 3210 2514 3279 φιλίας·
2543 3209 2790 3280 πατέρας
2817 3208 2911 3261 καὶ
2931 3207 3081 3269 υἱοὺς
3100 3204 3483 3274 ὑπερϐαίνουσι
3509 3201 3675 3270 φίλοι,

2099 3296 2243 3365 φίλοι
2276 3297 2325 3349 οί
2373 3295 2514 3349 κατά
2536 3292 2792 3365 Χριστόν.
2817 3291 2909 3362 Μὴ
2933 3292 3042 3361 γάρ
3087 3307 3176 3361 μοι
3219 3291 3345 3352 τοὺς
3368 3287 3463 3341 νῦν
3491 3287 3674 3359 είπῃς,

2097 3385 2179 3438 ὃτι
2225 3384 2361 3455 μετά
2418 3383 2529 3436 τῶν
2586 3381 2764 3436 ἀλλων
2815 3384 2909 3435 καὶ
2954 3379 3111 3434 τοῦτο
3137 3378 3345 3450 ἀπέστη
3386 3377 3448 3430 τὸ
3479 3376 3671 3432 καλόν·

2097 3471 2212 3526 ἀλλ’
2245 3470 2499 3541 ἐννόησον
2533 3470 2616 3523 ὅτι
2653 3468 2746 3522 ἐπὶ
2768 3468 2877 3521 τῶν
2910 3465 3247 3530 ἀποστόλων,
3284 3466 3345 3519 οὑ
3377 3464 3521 3531 λέγω
3548 3465 3676 3527 τοὺς

2098 3558 2452 3631 κορυφαίους,
2487 3557 2602 3611 ἀλλ’
2638 3557 2839 3620 αὐτοὺς
2882 3555 3010 3619 τοὺς
3040 3554 3487 3617 πεπιστευκότας·
3519 3554 3675 3607 Πάν-

2098 3663 2218 3701 των
2233 3642 2333 3717 ἦν,
2365 3647 2551 3717 φησὶν,
2576 3646 2615 3714 ἠ
2635 3645 2807 3715 ψυχὴ
2831 3645 2929 3699 καί
2950 3643 2987 3711 ή
3024 3639 3232 3712 καρδία
3255 3642 3387 3712 μία,
3417 3641 3511 3694 καί
3530 3639 3677 3695 οὐδὲ

2096 3734 2185 3801 εἷς
2228 3753 2281 3788 τι
2325 3731 2445 3787 τῶν
2482 3735 2882 3802 ὑπαρχόντων
2909 3730 3121 3800 ἔλεγεν
3158 3729 3312 3784 ἴδιον
3348 3724 3534 3782 εἶναι·
3574 3727 3673 3781 καί

2097 3821 2386 3875 διεδίδοτο
2400 3818 2655 3885 ἑκάστῳ,
2683 3819 2882 3872 καθότι
2916 3817 2993 3871 ἄν
3010 3835 3100 3883 τις
3118 3817 3327 3885 χρείαν
3346 3810 3528 3885 εἶχεν.
3562 3815 3676 3895 Οὐκ

2095 3904 2171 3980 ἦν,
2195 3909 2313 3962 τότε
2340 3907 2400 3961 τὸ
2450 3908 2583 3977 ἐμόν
2630 3905 2725 3958 καὶ⁵
2758 3904 2819 3957 τὸ
2860 3904 2978 3956 σόν.
3026 3903 3195 3955 Τοῦτό
3231 3906 3352 3955 ἐστι
3384 3902 3556 3971 φιλία,
3587 3902 3675 3954 ἴνα

2203 3996 2271 4050 τὰ
2289 3995 2454 4050 αὑτοῦ
2483 3974 2678 4047 ἐαυτοῦ
2705 4008 2788 4055 τις
2815 3989 3034 4059 νομίζῃ,
3063 3989 3196 4042 ἀλλά
3214 3989 3283 4042 τά
3302 3990 3395 4042 τοῦ
3424 3991 3674 4057 πλησίον,

2097 4082 2167 4135 τὰ
2197 4082 2252 4135 δέ
2281 4082 2444 4136 αὑτοῦ
2472 4079 2728 4149 ἀλλότρια
2754 4092 2768 4108 ·
2799 4076 2886 4129 ἵνα
2916 4073 3059 4128 οὕτω
3105 4075 3259 4145 φείδη
3272 4091 3349 4128 ται
3406 4074 3505 4142 τῆς
3527 4076 3672 4128 ἐκεί-

2099 4188 2190 4223 νου
2213 4169 2413 4240 ψυχῆς,
2438 4168 2513 4231 ὡς
2534 4166 2632 4235 τῆς
2650 4162 2867 4226 ἐαυτοῦ,
2892 4162 3139 4224 κάκεῖνος
3160 4162 3361 4230 ὁμοίως
3382 4160 3479 4231 τὴν
3503 4161 3673 4231 αὐτὴν

2099 4256 2338 4310 διάθεσιν
2389 4251 2817 4321 ἐπιδεικνύηται.
2886 4249 2998 4302 Kal
3042 4246 3145 4300 ποῦ
3199 4246 3455 4310 δυνατὸν,
3517 4249 3673 4318 φησι,

2103 4343 2338 4398 τοιοῦτον
2384 4340 2713 4411 εὑρεθῆναις
2775 4336 2904 4401 Ναὶ,
2960 4336 3020 4388 οῦ
3058 4333 3314 4396 δυνατὸν,
3374 4333 3560 4405 ἐπειδὴ
3599 4334 3674 4403 μὴ

2103 4426 2423 4500 βουλόμεθα·
2447 4426 2522 4489 ὡς
2543 4425 2596 4479 εἴ
2616 4441 2680 4493 γε
2704 4420 3055 4492 ἐϐουλόμεθα,
3076 4420 3169 4473 καὶ
3200 4419 3402 4490 σφόδρα
3428 4418 3671 4473 δυνατόν.

2100 4523 2162 4574 El
2207 4520 2314 4589 γὰρ
2366 4516 2440 4586 μὴ
2482 4512 2704 4568 δυνατὸν
2730 4507 2819 4582 ἦν,
2851 4511 2960 4564 οὐδ’
2986 4510 3052 4564 ἂν
3072 4508 3330 4574 ἐπέταξεν
3362 4510 3389 4562 ὀ
3418 4507 3670 4577 Χριστὸς,

2100 4606 2200 4661 οὑκ
2216 4605 2278 4659 ἂν
2291 4602 2526 4657 τοσαῦτα
2543 4618 2613 4654 πε
2622 4602 2672 4672 pl
2688 4599 2905 4669 ἀγάπης
2918 4597 3184 4669 διελέχθη.
3212 4596 3371 4664 Μέγα
3394 4593 3562 4665 φιλία,
3580 4594 3675 4647 καὶ

2104 4695 2268 4748 πόσον
2295 4690 2459 4763 μέγα,
2484 4688 2660 4751 οὐδεὶς
2679 4686 2745 4740 ἂν
2773 4686 2988 4739 δύναιτο
3014 4684 3226 4755 μαθεῖν,
3253 4683 3376 4736 οὔτε
3395 4699 3476 4745 τις
3493 4696 3674 4752 παρα-

2104 4784 2298 4853 στῆσαι
2341 4780 2520 4849 λόγος,
2571 4777 2709 4849 πλὴν
2752 4778 2852 4848 τῆς
2893 4777 3084 4847 πείρας
3130 4775 3317 4844 αὐτῆς.
3363 4773 3533 4825 Τοῦτο
3575 4771 3675 4834 τὰς

2102 4871 2344 4941 αἱρέσεις
2375 4868 2687 4938 εἰργάσατο,
2724 4864 2881 4918 τοῦτο
2919 4864 3046 4927 τοὺς
3103 4862 3369 4931 Ἕλληνας
3412 4860 3491 4912 ἔτι
3533 4861 3677 4912 ποιεῖ

2106 4955 2368 5026 ’Έλληνας
2404 4949 2563 5007 εἶναι.
2628 4951 2685 5005 Ὀ
2717 4951 2885 5019 φιλῶν
2933 4951 3031 5003 ούκ
3085 4950 3390 5002 ἐπιτάττειν
3426 4944 3673 5016 βούλεται

2104 5043 2223 5096 οὐδὲ
2256 5043 2466 5113 ἄρχειν,
2506 5039 2639 5093 ἀλλά
2672 5038 2832 5110 χάριν
2860 5037 2971 5107 ἕχει
3003 5035 3203 5106 μᾶλλον
3240 5033 3540 5104 ἀρχόμενος
3581 5033 3675 5085 καὶ

2106 5129 2527 5197 ἐπιτασσόμενος
2551 5142 2565 5158 ·
2595 5124 2913 5195 χαρίζεσθαι
2940 5123 3186 5193 βούλεται
3213 5121 3431 5190 μᾶλλον,
3454 5120 3485 5191 ἦ
3515 5119 3676 5190 χάριν

2104 5215 2400 5286 λαμϐάνειν
2424 5228 2438 5243 ·
2479 5212 2624 5281 φιλεῖ
2669 5211 2797 5280 γάρ,
2828 5210 2921 5262 καὶ
2949 5209 3024 5271 ὡς
3062 5209 3163 5261 οὐκ
3191 5206 3478 5278 ἐμπλήσας
3506 5205 3674 5261 αὑτοῦ

2106 5305 2202 5375 τὴν
2236 5300 2553 5369 ἐπιθυμίαν,
2584 5296 2724 5349 οὕτω
2745 5296 3027 5350 διάκειται.
3048 5296 3159 5365 Οὐχ
3177 5293 3347 5355 οὕτως
3368 5290 3427 5347 εῦ
3455 5295 3676 5362 πάσχων

2111 5392 2386 5461 τέρπεται,
2409 5386 2483 5449 ὼς
2508 5380 2565 5437 εὖ
2592 5381 2759 5435 ποιῶν
2786 5398 2799 5411 ·
2827 5380 3071 5450 βούλεται
3101 5381 3205 5452 γὰρ
3235 5380 3485 5452 κατέχειν
3514 5378 3675 5433 αὑτὸν

2111 5476 2330 5547 μᾶλλον,
2390 5473 2422 5541 ἢ
2476 5469 2709 5538 ὀφείλειν
2767 5466 2946 5535 αὐτῷ·
3005 5466 3201 5538 μᾶλλον
3243 5467 3297 5520 δέ
3321 5467 3415 5520 καὶ
3440 5465 3678 5535 ὀφείλειν

2108 5561 2256 5631 αὐτῷ
2286 5559 2552 5629 βούλεται,
2585 5554 2681 5606 καὶ
2713 5553 2999 5622 ὀφειλέτην
3031 5554 3192 5608 αὑτὸν
3223 5554 3397 5624 ἔχειν·
3430 5553 3525 5607 καὶ
3554 5552 3678 5621 βού-

2109 5650 2258 5702 λεται
2284 5642 2623 5715 χαρίζεσθαι,
2652 5641 2744 5694 καὶ
2771 5640 2831 5691 (οὐ
2857 5640 3102 5710 βούλεται
3131 5641 3306 5694 δοκεῖν
3337 5641 3673 5712 χαρίζεσθαι,

2113 5735 2223 5791 ἀλλ’
2237 5731 2516 5803 ὀφειλέτην
2531 5727 2688 5782 αὑτὸν
2706 5725 3018 5796 εἷναι,Τάχα
3035 5726 3288 5792 πολλλοῦς
3304 5729 3332 5781 ὑ
3341 5728 3454 5799 ρῶν
3465 5728 3677 5797 ἀγνοεῖν
