  <div class='ocr_page' id='page_1' title='image "/cluster/home/n/w/nwhite01/storage/ocr_20150623/62/mdp.39015008622626/412.png"; bbox 0 0 4010 6142; ppageno 0'>
   <div class='ocr_carea' id='block_1_1' title="bbox 319 280 424 336">
    <p class='ocr_par' dir='ltr' id='par_1_1' title="bbox 319 280 424 336">
     <span class='ocr_line' id='line_1_1' title="bbox 319 280 424 336; baseline -0.019 0"><span class='ocrx_word' id='word_1_1' title='bbox 319 280 424 336; x_wconf 71' lang='grc' dir='ltr'><strong>ιυδ</strong></span> 
     </span>
    </p>
   </div>
   <div class='ocr_carea' id='block_1_2' title="bbox 314 390 1902 470">
    <p class='ocr_par' dir='ltr' id='par_1_2' title="bbox 314 390 1902 470">
     <span class='ocr_line' id='line_1_2' title="bbox 314 390 1902 470; baseline -0.008 -16"><span class='ocrx_word' id='word_1_2' title='bbox 314 402 429 456; x_wconf 89' lang='lat' dir='ltr'><strong>deri</strong></span> <span class='ocrx_word' id='word_1_3' title='bbox 458 400 608 470; x_wconf 87' lang='lat' dir='ltr'><strong>prior</strong></span> <span class='ocrx_word' id='word_1_4' title='bbox 631 396 895 455; x_wconf 82' lang='lat' dir='ltr'><strong>beneficio</strong></span> <span class='ocrx_word' id='word_1_5' title='bbox 915 394 1130 449; x_wconf 82' lang='lat' dir='ltr'><strong>afﬁcere</strong></span> <span class='ocrx_word' id='word_1_6' title='bbox 1152 422 1169 456; x_wconf 87' lang='lat'><strong>,</strong></span> <span class='ocrx_word' id='word_1_7' title='bbox 1200 393 1294 447; x_wconf 88' lang='lat' dir='ltr'><strong>sed</strong></span> <span class='ocrx_word' id='word_1_8' title='bbox 1317 390 1542 447; x_wconf 89' lang='lat' dir='ltr'><strong>reddere</strong></span> <span class='ocrx_word' id='word_1_9' title='bbox 1569 408 1584 449; x_wconf 84' lang='lat'><strong>:</strong></span> <span class='ocrx_word' id='word_1_10' title='bbox 1617 390 1757 459; x_wconf 87' lang='lat' dir='ltr'><strong>quod</strong></span> <span class='ocrx_word' id='word_1_11' title='bbox 1785 391 1902 458; x_wconf 89' lang='lat' dir='ltr'><strong>qui-</strong></span> 
     </span>
    </p>
   </div>
   <div class='ocr_carea' id='block_1_3' title="bbox 315 479 1897 558">
    <p class='ocr_par' dir='ltr' id='par_1_3' title="bbox 315 479 1897 558">
     <span class='ocr_line' id='line_1_3' title="bbox 315 479 1897 558; baseline -0.008 -15"><span class='ocrx_word' id='word_1_12' title='bbox 315 491 440 545; x_wconf 88' lang='lat' dir='ltr'><strong>dem</strong></span> <span class='ocrx_word' id='word_1_13' title='bbox 473 491 614 545; x_wconf 90' lang='lat' dir='ltr'><strong>Deus</strong></span> <span class='ocrx_word' id='word_1_14' title='bbox 656 502 870 558; x_wconf 88' lang='lat' dir='ltr'><strong>quoque</strong></span> <span class='ocrx_word' id='word_1_15' title='bbox 897 484 1021 539; x_wconf 87' lang='lat' dir='ltr'><strong>fecit</strong></span> <span class='ocrx_word' id='word_1_16' title='bbox 1064 483 1119 537; x_wconf 90' lang='lat' dir='ltr'><strong>in</strong></span> <span class='ocrx_word' id='word_1_17' title='bbox 1169 482 1492 536; x_wconf 89' lang='lat' dir='ltr'><strong>hominibus.</strong></span> <span class='ocrx_word' id='word_1_18' title='bbox 1545 481 1672 535; x_wconf 82' lang='lat' dir='ltr'><strong>Erat</strong></span> <span class='ocrx_word' id='word_1_19' title='bbox 1701 479 1897 533; x_wconf 85' lang='lat' dir='ltr'><strong>Filiqu</strong></span> 
     </span>
    </p>
   </div>
   <div class='ocr_carea' id='block_1_4' title="bbox 316 570 1902 651">
    <p class='ocr_par' dir='ltr' id='par_1_4' title="bbox 316 570 1902 651">
     <span class='ocr_line' id='line_1_4' title="bbox 316 570 1902 651; baseline -0.008 -15"><span class='ocrx_word' id='word_1_20' title='bbox 316 596 472 636; x_wconf 85' lang='lat' dir='ltr'><strong>suum</strong></span> <span class='ocrx_word' id='word_1_21' title='bbox 506 595 602 651; x_wconf 88' lang='lat' dir='ltr'><strong>pro</strong></span> <span class='ocrx_word' id='word_1_22' title='bbox 629 580 784 633; x_wconf 88' lang='lat' dir='ltr'><strong>nobis</strong></span> <span class='ocrx_word' id='word_1_23' title='bbox 824 577 1118 631; x_wconf 84' lang='lat' dir='ltr'><strong>donaturus</strong></span> <span class='ocrx_word' id='word_1_24' title='bbox 1140 617 1155 641; x_wconf 90' lang='lat'><strong>,</strong></span> <span class='ocrx_word' id='word_1_25' title='bbox 1199 574 1292 630; x_wconf 83' lang='lat' dir='ltr'><strong>sed</strong></span> <span class='ocrx_word' id='word_1_26' title='bbox 1324 589 1393 628; x_wconf 92' lang='lat' dir='ltr'><strong>ne</strong></span> <span class='ocrx_word' id='word_1_27' title='bbox 1420 572 1696 627; x_wconf 75' lang='lat' dir='ltr'><strong>videretur</strong></span> <span class='ocrx_word' id='word_1_28' title='bbox 1744 570 1902 626; x_wconf 89' lang='lat' dir='ltr'><strong>nobis</strong></span> 
     </span>
    </p>
   </div>
   <div class='ocr_carea' id='block_1_5' title="bbox 316 663 1901 737">
    <p class='ocr_par' dir='ltr' id='par_1_5' title="bbox 316 663 1901 737">
     <span class='ocr_line' id='line_1_5' title="bbox 316 663 1901 737; baseline -0.007 -10"><span class='ocrx_word' id='word_1_29' title='bbox 316 673 525 727; x_wconf 85' lang='lat' dir='ltr'><strong>donare</strong></span> <span class='ocrx_word' id='word_1_30' title='bbox 548 712 563 737; x_wconf 94' lang='lat'><strong>,</strong></span> <span class='ocrx_word' id='word_1_31' title='bbox 592 671 686 725; x_wconf 89' lang='lat' dir='ltr'><strong>sed</strong></span> <span class='ocrx_word' id='word_1_32' title='bbox 718 669 871 724; x_wconf 83' lang='lat' dir='ltr'><strong>nobis</strong></span> <span class='ocrx_word' id='word_1_33' title='bbox 896 668 1129 734; x_wconf 86' lang='lat' dir='ltr'><strong>debere,</strong></span> <span class='ocrx_word' id='word_1_34' title='bbox 1173 666 1336 734; x_wconf 84' lang='lat' dir='ltr'><strong>jussit</strong></span> <span class='ocrx_word' id='word_1_35' title='bbox 1365 665 1634 720; x_wconf 83' lang='lat' dir='ltr'><strong>Abraham</strong></span> <span class='ocrx_word' id='word_1_36' title='bbox 1660 665 1790 719; x_wconf 88' lang='lat' dir='ltr'><strong>dare</strong></span> <span class='ocrx_word' id='word_1_37' title='bbox 1836 663 1901 717; x_wconf 85' lang='lat' dir='ltr'><strong>fi-</strong></span> 
     </span>
    </p>
   </div>
   <div class='ocr_carea' id='block_1_6' title="bbox 322 757 1896 829">
    <p class='ocr_par' dir='ltr' id='par_1_6' title="bbox 322 757 1896 829">
     <span class='ocr_line' id='line_1_6' title="bbox 322 757 1896 829; baseline -0.007 -11"><span class='ocrx_word' id='word_1_38' title='bbox 322 765 449 818; x_wconf 89' lang='lat' dir='ltr'><strong>lium</strong></span> <span class='ocrx_word' id='word_1_39' title='bbox 471 778 622 818; x_wconf 90' lang='lat' dir='ltr'><strong>suum</strong></span> <span class='ocrx_word' id='word_1_40' title='bbox 649 801 664 827; x_wconf 93' lang='lat'><strong>,</strong></span> <span class='ocrx_word' id='word_1_41' title='bbox 692 770 751 814; x_wconf 91' lang='lat' dir='ltr'><strong>ut</strong></span> <span class='ocrx_word' id='word_1_42' title='bbox 789 776 902 815; x_wconf 91' lang='lat' dir='ltr'><strong>rem</strong></span> <span class='ocrx_word' id='word_1_43' title='bbox 933 774 1181 829; x_wconf 78' lang='lat' dir='ltr'><strong>magnam</strong></span> <span class='ocrx_word' id='word_1_44' title='bbox 1206 758 1409 818; x_wconf 62' lang='lat' dir='ltr'><strong>facinus</strong></span> <span class='ocrx_word' id='word_1_45' title='bbox 1429 797 1443 820; x_wconf 95' lang='lat'><strong>,</strong></span> <span class='ocrx_word' id='word_1_46' title='bbox 1473 757 1601 810; x_wconf 85' lang='lat' dir='ltr'><strong>nihil</strong></span> <span class='ocrx_word' id='word_1_47' title='bbox 1644 770 1896 825; x_wconf 79' lang='lat' dir='ltr'><strong>magnum</strong></span> 
     </span>
    </p>
   </div>
   <div class='ocr_carea' id='block_1_7' title="bbox 321 844 1889 917">
    <p class='ocr_par' dir='ltr' id='par_1_7' title="bbox 321 844 1889 917">
     <span class='ocr_line' id='line_1_7' title="bbox 321 844 1889 917; baseline -0.006 -10"><span class='ocrx_word' id='word_1_48' title='bbox 321 855 590 909; x_wconf 78' lang='lat' dir='ltr'><strong>videretur</strong></span> <span class='ocrx_word' id='word_1_49' title='bbox 614 851 809 906; x_wconf 88' lang='lat' dir='ltr'><strong>facere.</strong></span> <span class='ocrx_word' id='word_1_50' title='bbox 838 850 972 905; x_wconf 85' lang='lat' dir='ltr'><strong>Nam</strong></span> <span class='ocrx_word' id='word_1_51' title='bbox 995 850 1040 903; x_wconf 91' lang='lat' dir='ltr'><strong>si</strong></span> <span class='ocrx_word' id='word_1_52' title='bbox 1072 844 1178 903; x_wconf 89' lang='lat' dir='ltr'><strong>non</strong></span> <span class='ocrx_word' id='word_1_53' title='bbox 1202 849 1363 903; x_wconf 91' lang='lat' dir='ltr'><strong>fuerit</strong></span> <span class='ocrx_word' id='word_1_54' title='bbox 1391 847 1606 917; x_wconf 84' lang='lat' dir='ltr'><strong>quidem</strong></span> <span class='ocrx_word' id='word_1_55' title='bbox 1632 846 1889 908; x_wconf 77' lang='lat' dir='ltr'><strong>amicitia,</strong></span> 
     </span>
    </p>
   </div>
   <div class='ocr_carea' id='block_1_8' title="bbox 318 936 1896 1014">
    <p class='ocr_par' dir='ltr' id='par_1_8' title="bbox 318 936 1896 1014">
     <span class='ocr_line' id='line_1_8' title="bbox 318 936 1896 1014; baseline -0.006 -14"><span class='ocrx_word' id='word_1_56' title='bbox 318 956 377 1000; x_wconf 79' lang='lat' dir='ltr'><strong>et</strong></span> <span class='ocrx_word' id='word_1_57' title='bbox 412 945 799 1014; x_wconf 81' lang='lat' dir='ltr'><strong>esprobramus</strong></span> <span class='ocrx_word' id='word_1_58' title='bbox 847 942 1111 997; x_wconf 83' lang='lat' dir='ltr'><strong>beneficia</strong></span> <span class='ocrx_word' id='word_1_59' title='bbox 1138 982 1153 1006; x_wconf 93' lang='lat'><strong>,</strong></span> <span class='ocrx_word' id='word_1_60' title='bbox 1180 950 1235 996; x_wconf 91' lang='lat' dir='ltr'><strong>et</strong></span> <span class='ocrx_word' id='word_1_61' title='bbox 1273 956 1434 1011; x_wconf 80' lang='lat' dir='ltr'><strong>parva</strong></span> <span class='ocrx_word' id='word_1_62' title='bbox 1461 939 1801 1002; x_wconf 74' lang='lat' dir='ltr'><strong>extollimus,</strong></span> <span class='ocrx_word' id='word_1_63' title='bbox 1851 936 1896 991; x_wconf 88' lang='lat' dir='ltr'><strong>si</strong></span> 
     </span>
    </p>
   </div>
   <div class='ocr_carea' id='block_1_9' title="bbox 319 1033 1900 1100">
    <p class='ocr_par' dir='ltr' id='par_1_9' title="bbox 319 1033 1900 1100">
     <span class='ocr_line' id='line_1_9' title="bbox 319 1033 1900 1100; baseline -0.006 -10"><span class='ocrx_word' id='word_1_64' title='bbox 319 1048 495 1092; x_wconf 86' lang='lat' dir='ltr'><strong>autem</strong></span> <span class='ocrx_word' id='word_1_65' title='bbox 547 1037 706 1091; x_wconf 88' lang='lat' dir='ltr'><strong>fuerit</strong></span> <span class='ocrx_word' id='word_1_66' title='bbox 732 1035 966 1091; x_wconf 75' lang='lat' dir='ltr'><strong>amicitia</strong></span> <span class='ocrx_word' id='word_1_67' title='bbox 987 1077 1002 1099; x_wconf 93' lang='lat'><strong>,</strong></span> <span class='ocrx_word' id='word_1_68' title='bbox 1049 1043 1106 1089; x_wconf 90' lang='lat' dir='ltr'><strong>et</strong></span> <span class='ocrx_word' id='word_1_69' title='bbox 1129 1050 1192 1088; x_wconf 79' lang='lat' dir='ltr'><strong>ea</strong></span> <span class='ocrx_word' id='word_1_70' title='bbox 1244 1033 1481 1088; x_wconf 88' lang='lat' dir='ltr'><strong>celamus</strong></span> <span class='ocrx_word' id='word_1_71' title='bbox 1500 1064 1516 1097; x_wconf 87' lang='lat'><strong>,</strong></span> <span class='ocrx_word' id='word_1_72' title='bbox 1544 1040 1598 1086; x_wconf 90' lang='lat' dir='ltr'><strong>et</strong></span> <span class='ocrx_word' id='word_1_73' title='bbox 1624 1045 1745 1100; x_wconf 65' lang='lat' dir='ltr'><strong>qua:</strong></span> <span class='ocrx_word' id='word_1_74' title='bbox 1773 1036 1900 1084; x_wconf 86' lang='lat' dir='ltr'><strong>sunt</strong></span> 
     </span>
    </p>
   </div>
   <div class='ocr_carea' id='block_1_10' title="bbox 318 1122 1897 1198">
    <p class='ocr_par' dir='ltr' id='par_1_10' title="bbox 318 1122 1897 1198">
     <span class='ocr_line' id='line_1_10' title="bbox 318 1122 1897 1198; baseline -0.005 -16"><span class='ocrx_word' id='word_1_75' title='bbox 318 1143 508 1198; x_wconf 75' lang='lat' dir='ltr'><strong>magna</strong></span> <span class='ocrx_word' id='word_1_76' title='bbox 536 1143 697 1198; x_wconf 86' lang='lat' dir='ltr'><strong>parva</strong></span> <span class='ocrx_word' id='word_1_77' title='bbox 725 1128 973 1182; x_wconf 85' lang='lat' dir='ltr'><strong>volumus</strong></span> <span class='ocrx_word' id='word_1_78' title='bbox 1002 1125 1289 1182; x_wconf 71' lang='lat' dir='ltr'><strong>ostendere</strong></span> <span class='ocrx_word' id='word_1_79' title='bbox 1308 1167 1324 1193; x_wconf 94' lang='lat'><strong>,</strong></span> <span class='ocrx_word' id='word_1_80' title='bbox 1356 1140 1425 1180; x_wconf 90' lang='lat' dir='ltr'><strong>ne</strong></span> <span class='ocrx_word' id='word_1_81' title='bbox 1450 1124 1727 1179; x_wconf 84' lang='lat' dir='ltr'><strong>videamur</strong></span> <span class='ocrx_word' id='word_1_82' title='bbox 1763 1122 1897 1175; x_wconf 85' lang='lat' dir='ltr'><strong>ami-</strong></span> 
     </span>
    </p>
   </div>
   <div class='ocr_carea' id='block_1_11' title="bbox 316 1213 1897 1285">
    <p class='ocr_par' dir='ltr' id='par_1_11' title="bbox 316 1213 1897 1285">
     <span class='ocr_line' id='line_1_11' title="bbox 316 1213 1897 1285; baseline -0.006 -12"><span class='ocrx_word' id='word_1_83' title='bbox 316 1233 440 1273; x_wconf 85' lang='lat' dir='ltr'><strong>cum</strong></span> <span class='ocrx_word' id='word_1_84' title='bbox 470 1216 666 1272; x_wconf 82' lang='lat' dir='ltr'><strong>habere</strong></span> <span class='ocrx_word' id='word_1_85' title='bbox 698 1217 1014 1282; x_wconf 88' lang='lat' dir='ltr'><strong>debitorem,</strong></span> <span class='ocrx_word' id='word_1_86' title='bbox 1045 1215 1139 1271; x_wconf 89' lang='lat' dir='ltr'><strong>sed</strong></span> <span class='ocrx_word' id='word_1_87' title='bbox 1169 1216 1268 1285; x_wconf 83' lang='lat' dir='ltr'><strong>ipsi</strong></span> <span class='ocrx_word' id='word_1_88' title='bbox 1295 1229 1414 1271; x_wconf 89' lang='lat' dir='ltr'><strong>esse</strong></span> <span class='ocrx_word' id='word_1_89' title='bbox 1440 1214 1712 1269; x_wconf 90' lang='lat' dir='ltr'><strong>debitores</strong></span> <span class='ocrx_word' id='word_1_90' title='bbox 1742 1213 1795 1266; x_wconf 88' lang='lat' dir='ltr'><strong>in</strong></span> <span class='ocrx_word' id='word_1_91' title='bbox 1831 1223 1897 1267; x_wconf 90' lang='lat' dir='ltr'><strong>eo</strong></span> 
     </span>
    </p>
   </div>
   <div class='ocr_carea' id='block_1_12' title="bbox 315 1304 1896 1378">
    <p class='ocr_par' dir='ltr' id='par_1_12' title="bbox 315 1304 1896 1378">
     <span class='ocr_line' id='line_1_12' title="bbox 315 1304 1896 1378; baseline -0.004 -15"><span class='ocrx_word' id='word_1_92' title='bbox 315 1310 462 1378; x_wconf 80' lang='lat' dir='ltr'><strong>quod</strong></span> <span class='ocrx_word' id='word_1_93' title='bbox 505 1324 629 1364; x_wconf 89' lang='lat' dir='ltr'><strong>eum</strong></span> <span class='ocrx_word' id='word_1_94' title='bbox 670 1308 965 1364; x_wconf 83' lang='lat' dir='ltr'><strong>habeamus</strong></span> <span class='ocrx_word' id='word_1_95' title='bbox 1008 1307 1332 1363; x_wconf 77' lang='lat' dir='ltr'><strong>debitorem.</strong></span> <span class='ocrx_word' id='word_1_96' title='bbox 1378 1304 1501 1360; x_wconf 88' lang='lat' dir='ltr'><strong>Scio</strong></span> <span class='ocrx_word' id='word_1_97' title='bbox 1546 1304 1744 1358; x_wconf 89' lang='lat' dir='ltr'><strong>multos</strong></span> <span class='ocrx_word' id='word_1_98' title='bbox 1788 1317 1896 1356; x_wconf 88' lang='lat' dir='ltr'><strong>non</strong></span> 
     </span>
    </p>
   </div>
   <div class='ocr_carea' id='block_1_13' title="bbox 317 1392 1896 1468">
    <p class='ocr_par' dir='ltr' id='par_1_13' title="bbox 317 1392 1896 1468">
     <span class='ocr_line' id='line_1_13' title="bbox 317 1392 1896 1468; baseline -0.004 -15"><span class='ocrx_word' id='word_1_99' title='bbox 317 1400 618 1468; x_wconf 76' lang='lat' dir='ltr'><strong>intelligere</strong></span> <span class='ocrx_word' id='word_1_100' title='bbox 646 1398 789 1468; x_wconf 86' lang='lat' dir='ltr'><strong>quod</strong></span> <span class='ocrx_word' id='word_1_101' title='bbox 829 1397 1026 1453; x_wconf 88' lang='lat' dir='ltr'><strong>dicitur</strong></span> <span class='ocrx_word' id='word_1_102' title='bbox 1056 1415 1069 1451; x_wconf 90' lang='lat'><strong>:</strong></span> <span class='ocrx_word' id='word_1_103' title='bbox 1101 1411 1260 1452; x_wconf 88' lang='lat' dir='ltr'><strong>causa</strong></span> <span class='ocrx_word' id='word_1_104' title='bbox 1288 1404 1465 1450; x_wconf 89' lang='lat' dir='ltr'><strong>autem</strong></span> <span class='ocrx_word' id='word_1_105' title='bbox 1506 1404 1591 1449; x_wconf 89' lang='lat' dir='ltr'><strong>est</strong></span> <span class='ocrx_word' id='word_1_106' title='bbox 1627 1392 1768 1463; x_wconf 89' lang='lat' dir='ltr'><strong>quod</strong></span> <span class='ocrx_word' id='word_1_107' title='bbox 1811 1392 1896 1446; x_wconf 89' lang='lat' dir='ltr'><strong>lo-</strong></span> 
     </span>
    </p>
   </div>
   <div class='ocr_carea' id='block_1_14' title="bbox 315 1482 1895 1561">
    <p class='ocr_par' dir='ltr' id='par_1_14' title="bbox 315 1482 1895 1561">
     <span class='ocr_line' id='line_1_14' title="bbox 315 1482 1895 1561; baseline -0.006 -15"><span class='ocrx_word' id='word_1_108' title='bbox 315 1508 456 1561; x_wconf 83' lang='lat' dir='ltr'><strong>quar</strong></span> <span class='ocrx_word' id='word_1_109' title='bbox 481 1492 547 1545; x_wconf 92' lang='lat' dir='ltr'><strong>de</strong></span> <span class='ocrx_word' id='word_1_110' title='bbox 584 1507 645 1547; x_wconf 88' lang='lat' dir='ltr'><strong>re</strong></span> <span class='ocrx_word' id='word_1_111' title='bbox 667 1531 681 1552; x_wconf 89' lang='lat'><strong>.</strong></span> <span class='ocrx_word' id='word_1_112' title='bbox 713 1505 831 1561; x_wconf 69' lang='lat' dir='ltr'><strong>quae</strong></span> <span class='ocrx_word' id='word_1_113' title='bbox 862 1504 1004 1544; x_wconf 81' lang='lat' dir='ltr'><strong>nunc</strong></span> <span class='ocrx_word' id='word_1_114' title='bbox 1046 1489 1235 1543; x_wconf 66' lang='lat' dir='ltr'><strong>etclam</strong></span> <span class='ocrx_word' id='word_1_115' title='bbox 1267 1486 1487 1540; x_wconf 80' lang='lat' dir='ltr'><strong>habitat.</strong></span> <span class='ocrx_word' id='word_1_116' title='bbox 1532 1482 1895 1553; x_wconf 80' lang='lat' dir='ltr'><strong>Quemadmo-</strong></span> 
     </span>
    </p>
   </div>
   <div class='ocr_carea' id='block_1_15' title="bbox 315 1579 1899 1654">
    <p class='ocr_par' dir='ltr' id='par_1_15' title="bbox 315 1579 1899 1654">
     <span class='ocr_line' id='line_1_15' title="bbox 315 1579 1899 1654; baseline -0.004 -20"><span class='ocrx_word' id='word_1_117' title='bbox 315 1584 449 1636; x_wconf 86' lang='lat' dir='ltr'><strong>dum</strong></span> <span class='ocrx_word' id='word_1_118' title='bbox 482 1598 608 1654; x_wconf 75' lang='lat' dir='ltr'><strong>ergo</strong></span> <span class='ocrx_word' id='word_1_119' title='bbox 633 1582 677 1636; x_wconf 90' lang='lat' dir='ltr'><strong>si</strong></span> <span class='ocrx_word' id='word_1_120' title='bbox 711 1581 962 1652; x_wconf 86' lang='lat' dir='ltr'><strong>loquerer</strong></span> <span class='ocrx_word' id='word_1_121' title='bbox 986 1580 1053 1635; x_wconf 88' lang='lat' dir='ltr'><strong>de</strong></span> <span class='ocrx_word' id='word_1_122' title='bbox 1080 1580 1255 1649; x_wconf 89' lang='lat' dir='ltr'><strong>aliqua</strong></span> <span class='ocrx_word' id='word_1_123' title='bbox 1287 1579 1464 1647; x_wconf 82' lang='lat' dir='ltr'><strong>planta</strong></span> <span class='ocrx_word' id='word_1_124' title='bbox 1505 1592 1623 1646; x_wconf 80' lang='lat' dir='ltr'><strong>qua:</strong></span> <span class='ocrx_word' id='word_1_125' title='bbox 1650 1584 1899 1629; x_wconf 87' lang='lat' dir='ltr'><strong>nascatur</strong></span> 
     </span>
    </p>
   </div>
   <div class='ocr_carea' id='block_1_16' title="bbox 315 1669 1900 1745">
    <p class='ocr_par' dir='ltr' id='par_1_16' title="bbox 315 1669 1900 1745">
     <span class='ocr_line' id='line_1_16' title="bbox 315 1669 1900 1745; baseline -0.006 -15"><span class='ocrx_word' id='word_1_126' title='bbox 315 1678 377 1731; x_wconf 86' lang='lat' dir='ltr'><strong>in</strong></span> <span class='ocrx_word' id='word_1_127' title='bbox 407 1676 550 1731; x_wconf 90' lang='lat' dir='ltr'><strong>ludia</strong></span> <span class='ocrx_word' id='word_1_128' title='bbox 571 1706 590 1741; x_wconf 82' lang='lat'><strong>,</strong></span> <span class='ocrx_word' id='word_1_129' title='bbox 619 1676 773 1745; x_wconf 82' lang='lat' dir='ltr'><strong>cujus</strong></span> <span class='ocrx_word' id='word_1_130' title='bbox 804 1689 963 1729; x_wconf 88' lang='lat' dir='ltr'><strong>nemo</strong></span> <span class='ocrx_word' id='word_1_131' title='bbox 984 1672 1377 1744; x_wconf 79' lang='lat' dir='ltr'><strong>experientiam</strong></span> <span class='ocrx_word' id='word_1_132' title='bbox 1408 1669 1649 1735; x_wconf 86' lang='lat' dir='ltr'><strong>haberet,</strong></span> <span class='ocrx_word' id='word_1_133' title='bbox 1679 1684 1745 1723; x_wconf 92' lang='lat' dir='ltr'><strong>ne</strong></span> <span class='ocrx_word' id='word_1_134' title='bbox 1773 1683 1900 1737; x_wconf 89' lang='lat' dir='ltr'><strong>pos-</strong></span> 
     </span>
    </p>
   </div>
   <div class='ocr_carea' id='block_1_17' title="bbox 316 1760 1897 1839">
    <p class='ocr_par' dir='ltr' id='par_1_17' title="bbox 316 1760 1897 1839">
     <span class='ocr_line' id='line_1_17' title="bbox 316 1760 1897 1839; baseline -0.005 -17"><span class='ocrx_word' id='word_1_135' title='bbox 316 1779 409 1824; x_wconf 73' lang='lat' dir='ltr'><strong>set</strong></span> <span class='ocrx_word' id='word_1_136' title='bbox 451 1769 666 1839; x_wconf 84' lang='lat' dir='ltr'><strong>quidem</strong></span> <span class='ocrx_word' id='word_1_137' title='bbox 710 1784 827 1823; x_wconf 90' lang='lat' dir='ltr'><strong>rem</strong></span> <span class='ocrx_word' id='word_1_138' title='bbox 870 1767 1140 1836; x_wconf 83' lang='lat' dir='ltr'><strong>explicare</strong></span> <span class='ocrx_word' id='word_1_139' title='bbox 1184 1766 1397 1828; x_wconf 87' lang='lat' dir='ltr'><strong>oratio,</strong></span> <span class='ocrx_word' id='word_1_140' title='bbox 1428 1761 1639 1819; x_wconf 86' lang='lat' dir='ltr'><strong>etiamsi</strong></span> <span class='ocrx_word' id='word_1_141' title='bbox 1693 1760 1897 1815; x_wconf 80' lang='lat' dir='ltr'><strong>inﬁnita</strong></span> 
     </span>
    </p>
   </div>
   <div class='ocr_carea' id='block_1_18' title="bbox 313 1850 1898 1927">
    <p class='ocr_par' dir='ltr' id='par_1_18' title="bbox 313 1850 1898 1927">
     <span class='ocr_line' id='line_1_18' title="bbox 313 1850 1898 1927; baseline -0.005 -13"><span class='ocrx_word' id='word_1_142' title='bbox 313 1862 555 1915; x_wconf 83' lang='lat' dir='ltr'><strong>dicerem</strong></span> <span class='ocrx_word' id='word_1_143' title='bbox 579 1875 593 1910; x_wconf 89' lang='lat'><strong>:</strong></span> <span class='ocrx_word' id='word_1_144' title='bbox 617 1860 686 1913; x_wconf 88' lang='lat' dir='ltr'><strong>ita</strong></span> <span class='ocrx_word' id='word_1_145' title='bbox 715 1859 874 1914; x_wconf 89' lang='lat' dir='ltr'><strong>etiam</strong></span> <span class='ocrx_word' id='word_1_146' title='bbox 905 1868 1253 1927; x_wconf 56' lang='lat' dir='ltr'><strong>quacumque</strong></span> <span class='ocrx_word' id='word_1_147' title='bbox 1282 1868 1423 1909; x_wconf 91' lang='lat' dir='ltr'><strong>nunc</strong></span> <span class='ocrx_word' id='word_1_148' title='bbox 1447 1853 1636 1907; x_wconf 76' lang='lat' dir='ltr'><strong>dixero</strong></span> <span class='ocrx_word' id='word_1_149' title='bbox 1655 1892 1672 1916; x_wconf 90' lang='lat'><strong>,</strong></span> <span class='ocrx_word' id='word_1_150' title='bbox 1700 1850 1898 1906; x_wconf 78' lang='lat' dir='ltr'><strong>frustra</strong></span> 
     </span>
    </p>
   </div>
   <div class='ocr_carea' id='block_1_19' title="bbox 311 1942 1899 2018">
    <p class='ocr_par' dir='ltr' id='par_1_19' title="bbox 311 1942 1899 2018">
     <span class='ocr_line' id='line_1_19' title="bbox 311 1942 1899 2018; baseline -0.004 -16"><span class='ocrx_word' id='word_1_151' title='bbox 311 1951 497 2004; x_wconf 85' lang='lat' dir='ltr'><strong>dicam</strong></span> <span class='ocrx_word' id='word_1_152' title='bbox 524 1967 537 2002; x_wconf 92' lang='lat'><strong>:</strong></span> <span class='ocrx_word' id='word_1_153' title='bbox 570 1964 731 2005; x_wconf 88' lang='lat' dir='ltr'><strong>nemo</strong></span> <span class='ocrx_word' id='word_1_154' title='bbox 762 1948 959 2018; x_wconf 90' lang='lat' dir='ltr'><strong>poterit</strong></span> <span class='ocrx_word' id='word_1_155' title='bbox 991 1949 1150 2001; x_wconf 67' lang='lat' dir='ltr'><strong>scire,</strong></span> <span class='ocrx_word' id='word_1_156' title='bbox 1173 1945 1229 1999; x_wconf 87' lang='lat' dir='ltr'><strong>In</strong></span> <span class='ocrx_word' id='word_1_157' title='bbox 1261 1945 1394 2000; x_wconf 86' lang='lat' dir='ltr'><strong>caelo</strong></span> <span class='ocrx_word' id='word_1_158' title='bbox 1421 1944 1657 2014; x_wconf 86' lang='lat' dir='ltr'><strong>plantata</strong></span> <span class='ocrx_word' id='word_1_159' title='bbox 1680 1952 1761 1997; x_wconf 90' lang='lat' dir='ltr'><strong>est</strong></span> <span class='ocrx_word' id='word_1_160' title='bbox 1784 1942 1899 1996; x_wconf 81' lang='lat' dir='ltr'><strong>lucc</strong></span> 
     </span>
    </p>
   </div>
   <div class='ocr_carea' id='block_1_20' title="bbox 316 2032 1899 2107">
    <p class='ocr_par' dir='ltr' id='par_1_20' title="bbox 316 2032 1899 2107">
     <span class='ocr_line' id='line_1_20' title="bbox 316 2032 1899 2107; baseline -0.002 -16"><span class='ocrx_word' id='word_1_161' title='bbox 316 2041 501 2107; x_wconf 83' lang='lat' dir='ltr'><strong>planta</strong></span> <span class='ocrx_word' id='word_1_162' title='bbox 525 2080 540 2105; x_wconf 91' lang='lat'><strong>,</strong></span> <span class='ocrx_word' id='word_1_163' title='bbox 571 2053 752 2093; x_wconf 86' lang='lat' dir='ltr'><strong>ramos</strong></span> <span class='ocrx_word' id='word_1_164' title='bbox 780 2038 983 2093; x_wconf 84' lang='lat' dir='ltr'><strong>habens</strong></span> <span class='ocrx_word' id='word_1_165' title='bbox 1011 2051 1117 2091; x_wconf 89' lang='lat' dir='ltr'><strong>non</strong></span> <span class='ocrx_word' id='word_1_166' title='bbox 1149 2044 1372 2090; x_wconf 89' lang='lat' dir='ltr'><strong>onustos</strong></span> <span class='ocrx_word' id='word_1_167' title='bbox 1412 2032 1714 2104; x_wconf 79' lang='lat' dir='ltr'><strong>margaritis</strong></span> <span class='ocrx_word' id='word_1_168' title='bbox 1742 2073 1755 2094; x_wconf 84' lang='lat'><strong>.</strong></span> <span class='ocrx_word' id='word_1_169' title='bbox 1803 2033 1899 2088; x_wconf 86' lang='lat' dir='ltr'><strong>sed</strong></span> 
     </span>
    </p>
   </div>
   <div class='ocr_carea' id='block_1_21' title="bbox 322 2124 1895 2199">
    <p class='ocr_par' dir='ltr' id='par_1_21' title="bbox 322 2124 1895 2199">
     <span class='ocr_line' id='line_1_21' title="bbox 322 2124 1895 2199; baseline -0.004 -16"><span class='ocrx_word' id='word_1_170' title='bbox 322 2133 437 2184; x_wconf 85' lang='lat' dir='ltr'><strong>vita</strong></span> <span class='ocrx_word' id='word_1_171' title='bbox 479 2131 676 2185; x_wconf 88' lang='lat' dir='ltr'><strong>virtute</strong></span> <span class='ocrx_word' id='word_1_172' title='bbox 713 2139 939 2195; x_wconf 88' lang='lat' dir='ltr'><strong>ornata,</strong></span> <span class='ocrx_word' id='word_1_173' title='bbox 967 2143 1089 2199; x_wconf 70' lang='lat' dir='ltr'><strong>qua:</strong></span> <span class='ocrx_word' id='word_1_174' title='bbox 1134 2135 1221 2183; x_wconf 89' lang='lat' dir='ltr'><strong>est</strong></span> <span class='ocrx_word' id='word_1_175' title='bbox 1269 2126 1354 2181; x_wconf 87' lang='lat' dir='ltr'><strong>his</strong></span> <span class='ocrx_word' id='word_1_176' title='bbox 1380 2127 1549 2181; x_wconf 89' lang='lat' dir='ltr'><strong>multo</strong></span> <span class='ocrx_word' id='word_1_177' title='bbox 1591 2124 1895 2194; x_wconf 70' lang='lat' dir='ltr'><strong>jucundion</strong></span> 
     </span>
    </p>
   </div>
   <div class='ocr_carea' id='block_1_22' title="bbox 321 2214 1903 2287">
    <p class='ocr_par' dir='ltr' id='par_1_22' title="bbox 321 2214 1903 2287">
     <span class='ocr_line' id='line_1_22' title="bbox 321 2214 1903 2287; baseline -0.004 -12"><span class='ocrx_word' id='word_1_178' title='bbox 321 2223 623 2287; x_wconf 77' lang='lat' dir='ltr'><strong>Quamnam</strong></span> <span class='ocrx_word' id='word_1_179' title='bbox 646 2219 727 2275; x_wconf 90' lang='lat' dir='ltr'><strong>vis</strong></span> <span class='ocrx_word' id='word_1_180' title='bbox 751 2219 930 2275; x_wconf 87' lang='lat' dir='ltr'><strong>dicere</strong></span> <span class='ocrx_word' id='word_1_181' title='bbox 949 2218 1311 2287; x_wconf 83' lang='lat' dir='ltr'><strong>voluptatem?</strong></span> <span class='ocrx_word' id='word_1_182' title='bbox 1331 2232 1397 2270; x_wconf 87' lang='lat' dir='ltr'><strong>an</strong></span> <span class='ocrx_word' id='word_1_183' title='bbox 1425 2226 1633 2286; x_wconf 85' lang='lat' dir='ltr'><strong>turpem</strong></span> <span class='ocrx_word' id='word_1_184' title='bbox 1654 2249 1670 2282; x_wconf 92' lang='lat'><strong>,</strong></span> <span class='ocrx_word' id='word_1_185' title='bbox 1706 2230 1775 2269; x_wconf 89' lang='lat' dir='ltr'><strong>an</strong></span> <span class='ocrx_word' id='word_1_186' title='bbox 1803 2214 1903 2269; x_wconf 84' lang='lat' dir='ltr'><strong>ho-</strong></span> 
     </span>
    </p>
   </div>
   <div class='ocr_carea' id='block_1_23' title="bbox 321 2308 1897 2378">
    <p class='ocr_par' dir='ltr' id='par_1_23' title="bbox 321 2308 1897 2378">
     <span class='ocr_line' id='line_1_23' title="bbox 321 2308 1897 2378; baseline -0.001 -14"><span class='ocrx_word' id='word_1_187' title='bbox 321 2311 578 2365; x_wconf 86' lang='lat' dir='ltr'><strong>nestam?</strong></span> <span class='ocrx_word' id='word_1_188' title='bbox 617 2310 711 2365; x_wconf 87' lang='lat' dir='ltr'><strong>sed</strong></span> <span class='ocrx_word' id='word_1_189' title='bbox 755 2323 948 2364; x_wconf 87' lang='lat' dir='ltr'><strong>omnes</strong></span> <span class='ocrx_word' id='word_1_190' title='bbox 977 2318 1264 2378; x_wconf 82' lang='lat' dir='ltr'><strong>exsuperat</strong></span> <span class='ocrx_word' id='word_1_191' title='bbox 1315 2309 1561 2376; x_wconf 84' lang='lat' dir='ltr'><strong>voluptas</strong></span> <span class='ocrx_word' id='word_1_192' title='bbox 1599 2308 1849 2362; x_wconf 70' lang='lat' dir='ltr'><strong>amicitiae</strong></span> <span class='ocrx_word' id='word_1_193' title='bbox 1880 2340 1897 2375; x_wconf 87' lang='lat'><strong>,</strong></span> 
     </span>
    </p>
   </div>
   <div class='ocr_carea' id='block_1_24' title="bbox 317 2397 1899 2469">
    <p class='ocr_par' dir='ltr' id='par_1_24' title="bbox 317 2397 1899 2469">
     <span class='ocr_line' id='line_1_24' title="bbox 317 2397 1899 2469; baseline -0.002 -14"><span class='ocrx_word' id='word_1_194' title='bbox 317 2403 537 2456; x_wconf 80' lang='lat' dir='ltr'><strong>etiamsi</strong></span> <span class='ocrx_word' id='word_1_195' title='bbox 588 2401 763 2457; x_wconf 89' lang='lat' dir='ltr'><strong>mellis</strong></span> <span class='ocrx_word' id='word_1_196' title='bbox 791 2401 1118 2469; x_wconf 82' lang='lat' dir='ltr'><strong>voluptatem</strong></span> <span class='ocrx_word' id='word_1_197' title='bbox 1148 2399 1370 2453; x_wconf 79' lang='lat' dir='ltr'><strong>dixeris.</strong></span> <span class='ocrx_word' id='word_1_198' title='bbox 1398 2398 1530 2453; x_wconf 88' lang='lat' dir='ltr'><strong>Nam</strong></span> <span class='ocrx_word' id='word_1_199' title='bbox 1580 2397 1634 2452; x_wconf 92' lang='lat' dir='ltr'><strong>id</strong></span> <span class='ocrx_word' id='word_1_200' title='bbox 1684 2398 1899 2467; x_wconf 85' lang='lat' dir='ltr'><strong>quidem</strong></span> 
     </span>
    </p>
   </div>
   <div class='ocr_carea' id='block_1_25' title="bbox 314 2489 1900 2561">
    <p class='ocr_par' dir='ltr' id='par_1_25' title="bbox 314 2489 1900 2561">
     <span class='ocr_line' id='line_1_25' title="bbox 314 2489 1900 2561; baseline -0.003 -13"><span class='ocrx_word' id='word_1_201' title='bbox 314 2493 483 2548; x_wconf 72' lang='lat' dir='ltr'><strong>affert</strong></span> <span class='ocrx_word' id='word_1_202' title='bbox 533 2495 879 2557; x_wconf 85' lang='lat' dir='ltr'><strong>satietatem,</strong></span> <span class='ocrx_word' id='word_1_203' title='bbox 925 2494 1130 2546; x_wconf 84' lang='lat' dir='ltr'><strong>amicus</strong></span> <span class='ocrx_word' id='word_1_204' title='bbox 1178 2501 1356 2547; x_wconf 89' lang='lat' dir='ltr'><strong>autem</strong></span> <span class='ocrx_word' id='word_1_205' title='bbox 1404 2506 1727 2561; x_wconf 86' lang='lat' dir='ltr'><strong>numquam,</strong></span> <span class='ocrx_word' id='word_1_206' title='bbox 1773 2489 1900 2545; x_wconf 92' lang='lat' dir='ltr'><strong>dum</strong></span> 
     </span>
    </p>
   </div>
   <div class='ocr_carea' id='block_1_26' title="bbox 317 2581 1902 2653">
    <p class='ocr_par' dir='ltr' id='par_1_26' title="bbox 317 2581 1902 2653">
     <span class='ocr_line' id='line_1_26' title="bbox 317 2581 1902 2653; baseline 0.001 -18"><span class='ocrx_word' id='word_1_207' title='bbox 317 2584 484 2638; x_wconf 82' lang='lat' dir='ltr'><strong>fuerit</strong></span> <span class='ocrx_word' id='word_1_208' title='bbox 523 2584 761 2648; x_wconf 91' lang='lat' dir='ltr'><strong>amicus;</strong></span> <span class='ocrx_word' id='word_1_209' title='bbox 815 2582 907 2638; x_wconf 87' lang='lat' dir='ltr'><strong>sed</strong></span> <span class='ocrx_word' id='word_1_210' title='bbox 957 2592 1184 2653; x_wconf 78' lang='lat' dir='ltr'><strong>augetur</strong></span> <span class='ocrx_word' id='word_1_211' title='bbox 1232 2583 1407 2652; x_wconf 90' lang='lat' dir='ltr'><strong>potius</strong></span> <span class='ocrx_word' id='word_1_212' title='bbox 1434 2581 1799 2647; x_wconf 90' lang='lat' dir='ltr'><strong>desiderium,</strong></span> <span class='ocrx_word' id='word_1_213' title='bbox 1846 2590 1902 2636; x_wconf 86' lang='lat' dir='ltr'><strong>et</strong></span> 
     </span>
    </p>
   </div>
   <div class='ocr_carea' id='block_1_27' title="bbox 317 2674 1899 2745">
    <p class='ocr_par' dir='ltr' id='par_1_27' title="bbox 317 2674 1899 2745">
     <span class='ocr_line' id='line_1_27' title="bbox 317 2674 1899 2745; baseline -0.001 -16"><span class='ocrx_word' id='word_1_214' title='bbox 317 2675 622 2730; x_wconf 81' lang='lat' dir='ltr'><strong>satietatem</strong></span> <span class='ocrx_word' id='word_1_215' title='bbox 671 2690 958 2745; x_wconf 75' lang='lat' dir='ltr'><strong>numquam</strong></span> <span class='ocrx_word' id='word_1_216' title='bbox 1004 2674 1161 2730; x_wconf 87' lang='lat' dir='ltr'><strong>affert</strong></span> <span class='ocrx_word' id='word_1_217' title='bbox 1199 2675 1464 2742; x_wconf 89' lang='lat' dir='ltr'><strong>voluptas.</strong></span> <span class='ocrx_word' id='word_1_218' title='bbox 1527 2674 1644 2728; x_wconf 80' lang='lat' dir='ltr'><strong>Vita</strong></span> <span class='ocrx_word' id='word_1_219' title='bbox 1687 2688 1899 2743; x_wconf 87' lang='lat' dir='ltr'><strong>quoque</strong></span> 
     </span>
    </p>
   </div>
   <div class='ocr_carea' id='block_1_28' title="bbox 317 2763 1901 2835">
    <p class='ocr_par' dir='ltr' id='par_1_28' title="bbox 317 2763 1901 2835">
     <span class='ocr_line' id='line_1_28' title="bbox 317 2763 1901 2835; baseline -0.003 -14"><span class='ocrx_word' id='word_1_220' title='bbox 317 2774 588 2834; x_wconf 68' lang='lat' dir='ltr'><strong>praesente</strong></span> <span class='ocrx_word' id='word_1_221' title='bbox 631 2766 835 2820; x_wconf 79' lang='lat' dir='ltr'><strong>amicus</strong></span> <span class='ocrx_word' id='word_1_222' title='bbox 880 2774 964 2821; x_wconf 85' lang='lat' dir='ltr'><strong>est</strong></span> <span class='ocrx_word' id='word_1_223' title='bbox 999 2765 1287 2835; x_wconf 85' lang='lat' dir='ltr'><strong>jucundior</strong></span> <span class='ocrx_word' id='word_1_224' title='bbox 1327 2783 1339 2818; x_wconf 88' lang='lat'><strong>:</strong></span> <span class='ocrx_word' id='word_1_225' title='bbox 1389 2763 1538 2819; x_wconf 89' lang='lat' dir='ltr'><strong>multi</strong></span> <span class='ocrx_word' id='word_1_226' title='bbox 1588 2772 1736 2820; x_wconf 87' lang='lat' dir='ltr'><strong>certe</strong></span> <span class='ocrx_word' id='word_1_227' title='bbox 1783 2773 1901 2834; x_wconf 89' lang='lat' dir='ltr'><strong>post</strong></span> 
     </span>
    </p>
   </div>
   <div class='ocr_carea' id='block_1_29' title="bbox 1156 262 2759 333">
    <p class='ocr_par' dir='ltr' id='par_1_29' title="bbox 1156 262 2759 333">
     <span class='ocr_line' id='line_1_29' title="bbox 1156 262 2759 333; baseline -0.002 -1"><span class='ocrx_word' id='word_1_228' title='bbox 1156 264 1223 332; x_wconf 66' lang='lat' dir='ltr'><strong>in</strong></span> <span class='ocrx_word' id='word_1_229' title='bbox 1262 276 1476 333; x_wconf 83' lang='lat' dir='ltr'><strong>EPIST.</strong></span> <span class='ocrx_word' id='word_1_230' title='bbox 1520 276 1538 330; x_wconf 93' lang='grc' dir='ltr'><strong>ι</strong></span> <span class='ocrx_word' id='word_1_231' title='bbox 1604 275 1694 329; x_wconf 71' lang='lat' dir='ltr'><strong>an</strong></span> <span class='ocrx_word' id='word_1_232' title='bbox 1742 262 2059 330; x_wconf 74' lang='lat' dir='ltr'><strong>TIIESSAL.</strong></span> <span class='ocrx_word' id='word_1_233' title='bbox 2104 274 2252 330; x_wconf 70' lang='lat' dir='ltr'><strong>car.</strong></span> <span class='ocrx_word' id='word_1_234' title='bbox 2297 276 2357 329; x_wconf 88' lang='grc' dir='ltr'><strong>ιι.</strong></span> <span class='ocrx_word' id='word_1_235' title='bbox 2400 273 2629 332; x_wconf 66' lang='lat' dir='ltr'><strong>nosne.</strong></span> <span class='ocrx_word' id='word_1_236' title='bbox 2673 277 2759 332; x_wconf 87' lang='grc' dir='ltr'>ιιι.</span> 
     </span>
    </p>
   </div>
   <div class='ocr_carea' id='block_1_30' title="bbox 3477 294 3594 349">
    <p class='ocr_par' dir='ltr' id='par_1_30' title="bbox 3477 294 3594 349">
     <span class='ocr_line' id='line_1_30' title="bbox 3477 294 3594 349; baseline 0 -1"><span class='ocrx_word' id='word_1_237' title='bbox 3477 294 3594 349; x_wconf 61' lang='grc'><strong>406</strong></span> 
     </span>
    </p>
   </div>
   <div class='ocr_carea' id='block_1_31' title="bbox 2009 393 3583 468">
    <p class='ocr_par' dir='ltr' id='par_1_31' title="bbox 2009 393 3583 468">
     <span class='ocr_line' id='line_1_31' title="bbox 2009 393 3583 468; baseline 0.008 -27"><span class='ocrx_word' id='word_1_238' title='bbox 2009 397 2234 445; x_wconf 86' lang='lat' dir='ltr'><strong>mortem</strong></span> <span class='ocrx_word' id='word_1_239' title='bbox 2262 393 2556 447; x_wconf 86' lang='lat' dir='ltr'><strong>amicorum</strong></span> <span class='ocrx_word' id='word_1_240' title='bbox 2588 408 2657 447; x_wconf 89' lang='lat' dir='ltr'><strong>ne</strong></span> <span class='ocrx_word' id='word_1_241' title='bbox 2705 403 2957 462; x_wconf 85' lang='lat' dir='ltr'><strong>optarunt</strong></span> <span class='ocrx_word' id='word_1_242' title='bbox 2994 394 3208 466; x_wconf 83' lang='lat' dir='ltr'><strong>quidem</strong></span> <span class='ocrx_word' id='word_1_243' title='bbox 3249 397 3477 468; x_wconf 87' lang='lat' dir='ltr'><strong>ampiius</strong></span> <span class='ocrx_word' id='word_1_244' title='bbox 3505 403 3583 454; x_wconf 83' lang='lat' dir='ltr'><strong>vi-</strong></span> 
     </span>
    </p>
   </div>
   <div class='ocr_carea' id='block_1_32' title="bbox 2005 482 3583 553">
    <p class='ocr_par' dir='ltr' id='par_1_32' title="bbox 2005 482 3583 553">
     <span class='ocr_line' id='line_1_32' title="bbox 2005 482 3583 553; baseline 0.007 -20"><span class='ocrx_word' id='word_1_245' title='bbox 2005 496 2151 536; x_wconf 69' lang='lat' dir='ltr'><strong>vere.</strong></span> <span class='ocrx_word' id='word_1_246' title='bbox 2204 482 2333 537; x_wconf 89' lang='lat' dir='ltr'><strong>Cum</strong></span> <span class='ocrx_word' id='word_1_247' title='bbox 2386 486 2560 553; x_wconf 85' lang='lat' dir='ltr'><strong>amico</strong></span> <span class='ocrx_word' id='word_1_248' title='bbox 2605 487 2765 540; x_wconf 90' lang='lat' dir='ltr'><strong>etiam</strong></span> <span class='ocrx_word' id='word_1_249' title='bbox 2823 487 3071 542; x_wconf 81' lang='lat' dir='ltr'><strong>exsilium</strong></span> <span class='ocrx_word' id='word_1_250' title='bbox 3125 488 3352 543; x_wconf 87' lang='lat' dir='ltr'><strong>libenter</strong></span> <span class='ocrx_word' id='word_1_251' title='bbox 3399 490 3583 544; x_wconf 75' lang='lat' dir='ltr'><strong>tulerit</strong></span> 
     </span>
    </p>
   </div>
   <div class='ocr_carea' id='block_1_33' title="bbox 2005 572 3583 652">
    <p class='ocr_par' dir='ltr' id='par_1_33' title="bbox 2005 572 3583 652">
     <span class='ocr_line' id='line_1_33' title="bbox 2005 572 3583 652; baseline 0.005 -26"><span class='ocrx_word' id='word_1_252' title='bbox 2005 572 2269 641; x_wconf 86' lang='lat' dir='ltr'><strong>quispiam</strong></span> <span class='ocrx_word' id='word_1_253' title='bbox 2301 592 2313 627; x_wconf 91' lang='lat'>:</span> <span class='ocrx_word' id='word_1_254' title='bbox 2347 574 2551 645; x_wconf 88' lang='lat' dir='ltr'><strong>absque</strong></span> <span class='ocrx_word' id='word_1_255' title='bbox 2577 577 2751 630; x_wconf 86' lang='lat' dir='ltr'><strong>amico</strong></span> <span class='ocrx_word' id='word_1_256' title='bbox 2778 586 2956 632; x_wconf 89' lang='lat' dir='ltr'><strong>autem</strong></span> <span class='ocrx_word' id='word_1_257' title='bbox 2980 592 3048 634; x_wconf 92' lang='lat' dir='ltr'><strong>ne</strong></span> <span class='ocrx_word' id='word_1_258' title='bbox 3069 593 3220 633; x_wconf 88' lang='lat' dir='ltr'><strong>suam</strong></span> <span class='ocrx_word' id='word_1_259' title='bbox 3246 581 3461 651; x_wconf 87' lang='lat' dir='ltr'><strong>quidem</strong></span> <span class='ocrx_word' id='word_1_260' title='bbox 3489 597 3583 652; x_wconf 47' lang='lat' dir='ltr'><strong>pas</strong></span> 
     </span>
    </p>
   </div>
   <div class='ocr_carea' id='block_1_34' title="bbox 2005 663 3582 740">
    <p class='ocr_par' dir='ltr' id='par_1_34' title="bbox 2005 663 3582 740">
     <span class='ocr_line' id='line_1_34' title="bbox 2005 663 3582 740; baseline 0.005 -24"><span class='ocrx_word' id='word_1_261' title='bbox 2005 663 2160 718; x_wconf 88' lang='lat' dir='ltr'><strong>triam</strong></span> <span class='ocrx_word' id='word_1_262' title='bbox 2205 663 2405 719; x_wconf 88' lang='lat' dir='ltr'><strong>habere</strong></span> <span class='ocrx_word' id='word_1_263' title='bbox 2441 668 2690 721; x_wconf 89' lang='lat' dir='ltr'><strong>voluerit.</strong></span> <span class='ocrx_word' id='word_1_264' title='bbox 2732 666 2866 721; x_wconf 90' lang='lat' dir='ltr'><strong>Cum</strong></span> <span class='ocrx_word' id='word_1_265' title='bbox 2896 669 3070 723; x_wconf 90' lang='lat' dir='ltr'><strong>amico</strong></span> <span class='ocrx_word' id='word_1_266' title='bbox 3107 670 3267 724; x_wconf 92' lang='lat' dir='ltr'><strong>etiam</strong></span> <span class='ocrx_word' id='word_1_267' title='bbox 3299 681 3582 740; x_wconf 70' lang='lat' dir='ltr'><strong>paupertas</strong></span> 
     </span>
    </p>
   </div>
   <div class='ocr_carea' id='block_1_35' title="bbox 2003 754 3579 826">
    <p class='ocr_par' dir='ltr' id='par_1_35' title="bbox 2003 754 3579 826">
     <span class='ocr_line' id='line_1_35' title="bbox 2003 754 3579 826; baseline 0.004 -18"><span class='ocrx_word' id='word_1_268' title='bbox 2003 763 2086 808; x_wconf 79' lang='lat' dir='ltr'><strong>est</strong></span> <span class='ocrx_word' id='word_1_269' title='bbox 2126 754 2453 811; x_wconf 76' lang='lat' dir='ltr'><strong>tolerabilis:</strong></span> <span class='ocrx_word' id='word_1_270' title='bbox 2487 757 2687 826; x_wconf 87' lang='lat' dir='ltr'><strong>absque</strong></span> <span class='ocrx_word' id='word_1_271' title='bbox 2712 758 2805 812; x_wconf 94' lang='lat' dir='ltr'><strong>illo</strong></span> <span class='ocrx_word' id='word_1_272' title='bbox 2832 768 3010 813; x_wconf 91' lang='lat' dir='ltr'><strong>autem</strong></span> <span class='ocrx_word' id='word_1_273' title='bbox 3042 768 3099 814; x_wconf 91' lang='lat' dir='ltr'><strong>et</strong></span> <span class='ocrx_word' id='word_1_274' title='bbox 3124 761 3328 816; x_wconf 88' lang='lat' dir='ltr'><strong>sanitas</strong></span> <span class='ocrx_word' id='word_1_275' title='bbox 3353 771 3408 816; x_wconf 91' lang='lat' dir='ltr'><strong>et</strong></span> <span class='ocrx_word' id='word_1_276' title='bbox 3435 761 3579 816; x_wconf 49' lang='lat' dir='ltr'><strong>divi.</strong></span> 
     </span>
    </p>
   </div>
   <div class='ocr_carea' id='block_1_36' title="bbox 2005 845 3578 922">
    <p class='ocr_par' dir='ltr' id='par_1_36' title="bbox 2005 845 3578 922">
     <span class='ocr_line' id='line_1_36' title="bbox 2005 845 3578 922; baseline 0.006 -25"><span class='ocrx_word' id='word_1_277' title='bbox 2005 845 2092 899; x_wconf 70' lang='lat' dir='ltr'><strong>tite</strong></span> <span class='ocrx_word' id='word_1_278' title='bbox 2115 855 2241 900; x_wconf 86' lang='lat' dir='ltr'><strong>sunt</strong></span> <span class='ocrx_word' id='word_1_279' title='bbox 2270 846 2657 902; x_wconf 89' lang='lat' dir='ltr'><strong>intolerabiles.</strong></span> <span class='ocrx_word' id='word_1_280' title='bbox 2705 849 2946 904; x_wconf 87' lang='lat' dir='ltr'><strong>Alterum</strong></span> <span class='ocrx_word' id='word_1_281' title='bbox 2975 849 3138 905; x_wconf 88' lang='lat' dir='ltr'><strong>habet</strong></span> <span class='ocrx_word' id='word_1_282' title='bbox 3165 852 3423 922; x_wconf 78' lang='lat' dir='ltr'><strong>seipsum.</strong></span> <span class='ocrx_word' id='word_1_283' title='bbox 3464 861 3578 907; x_wconf 82' lang='lat' dir='ltr'><strong>An-</strong></span> 
     </span>
    </p>
   </div>
   <div class='ocr_carea' id='block_1_37' title="bbox 2001 936 3588 1009">
    <p class='ocr_par' dir='ltr' id='par_1_37' title="bbox 2001 936 3588 1009">
     <span class='ocr_line' id='line_1_37' title="bbox 2001 936 3588 1009; baseline 0.007 -22"><span class='ocrx_word' id='word_1_284' title='bbox 2001 950 2098 1004; x_wconf 82' lang='lat' dir='ltr'><strong>gor</strong></span> <span class='ocrx_word' id='word_1_285' title='bbox 2114 936 2259 1006; x_wconf 89' lang='lat' dir='ltr'><strong>quod</strong></span> <span class='ocrx_word' id='word_1_286' title='bbox 2282 952 2388 991; x_wconf 89' lang='lat' dir='ltr'><strong>non</strong></span> <span class='ocrx_word' id='word_1_287' title='bbox 2418 940 2614 1007; x_wconf 89' lang='lat' dir='ltr'><strong>possim</strong></span> <span class='ocrx_word' id='word_1_288' title='bbox 2631 940 2880 1009; x_wconf 80' lang='lat' dir='ltr'><strong>exemplo</strong></span> <span class='ocrx_word' id='word_1_289' title='bbox 2906 957 3019 996; x_wconf 89' lang='lat' dir='ltr'><strong>rem</strong></span> <span class='ocrx_word' id='word_1_290' title='bbox 3044 944 3365 999; x_wconf 88' lang='lat' dir='ltr'><strong>ostendere:</strong></span> <span class='ocrx_word' id='word_1_291' title='bbox 3392 959 3588 1000; x_wconf 75' lang='lat' dir='ltr'><strong>revera</strong></span> 
     </span>
    </p>
   </div>
   <div class='ocr_carea' id='block_1_38' title="bbox 2001 1028 3582 1101">
    <p class='ocr_par' dir='ltr' id='par_1_38' title="bbox 2001 1028 3582 1101">
     <span class='ocr_line' id='line_1_38' title="bbox 2001 1028 3582 1101; baseline 0.006 -19"><span class='ocrx_word' id='word_1_292' title='bbox 2001 1028 2144 1082; x_wconf 84' lang='lat' dir='ltr'><strong>enim</strong></span> <span class='ocrx_word' id='word_1_293' title='bbox 2196 1030 2411 1099; x_wconf 87' lang='lat' dir='ltr'><strong>planum</strong></span> <span class='ocrx_word' id='word_1_294' title='bbox 2465 1029 2744 1097; x_wconf 74' lang='lat' dir='ltr'><strong>fecissem,</strong></span> <span class='ocrx_word' id='word_1_295' title='bbox 2777 1049 2896 1101; x_wconf 70' lang='lat' dir='ltr'><strong>qua:</strong></span> <span class='ocrx_word' id='word_1_296' title='bbox 2942 1033 3082 1089; x_wconf 90' lang='lat' dir='ltr'><strong>dicta</strong></span> <span class='ocrx_word' id='word_1_297' title='bbox 3113 1046 3236 1091; x_wconf 89' lang='lat' dir='ltr'><strong>sunt</strong></span> <span class='ocrx_word' id='word_1_298' title='bbox 3266 1052 3388 1093; x_wconf 87' lang='lat' dir='ltr'><strong>esse</strong></span> <span class='ocrx_word' id='word_1_299' title='bbox 3410 1038 3582 1092; x_wconf 84' lang='lat' dir='ltr'><strong>multo</strong></span> 
     </span>
    </p>
   </div>
   <div class='ocr_carea' id='block_1_39' title="bbox 2002 1117 3581 1195">
    <p class='ocr_par' dir='ltr' id='par_1_39' title="bbox 2002 1117 3581 1195">
     <span class='ocr_line' id='line_1_39' title="bbox 2002 1117 3581 1195; baseline 0.007 -24"><span class='ocrx_word' id='word_1_300' title='bbox 2002 1117 2208 1174; x_wconf 91' lang='lat' dir='ltr'><strong>minora</strong></span> <span class='ocrx_word' id='word_1_301' title='bbox 2249 1135 2408 1190; x_wconf 87' lang='lat' dir='ltr'><strong>quam</strong></span> <span class='ocrx_word' id='word_1_302' title='bbox 2450 1135 2714 1192; x_wconf 87' lang='lat' dir='ltr'><strong>oporteat.</strong></span> <span class='ocrx_word' id='word_1_303' title='bbox 2750 1125 2816 1180; x_wconf 87' lang='lat' dir='ltr'><strong>Et</strong></span> <span class='ocrx_word' id='word_1_304' title='bbox 2847 1126 2963 1180; x_wconf 67' lang='lat' dir='ltr'><strong>haec</strong></span> <span class='ocrx_word' id='word_1_305' title='bbox 3002 1127 3217 1195; x_wconf 88' lang='lat' dir='ltr'><strong>quidem</strong></span> <span class='ocrx_word' id='word_1_306' title='bbox 3245 1127 3333 1182; x_wconf 92' lang='lat' dir='ltr'><strong>hic</strong></span> <span class='ocrx_word' id='word_1_307' title='bbox 3362 1129 3436 1182; x_wconf 89' lang='lat' dir='ltr'><strong>ita</strong></span> <span class='ocrx_word' id='word_1_308' title='bbox 3480 1129 3581 1182; x_wconf 80' lang='lat' dir='ltr'><strong>ha-</strong></span> 
     </span>
    </p>
   </div>
   <div class='ocr_carea' id='block_1_40' title="bbox 2002 1208 3581 1290">
    <p class='ocr_par' dir='ltr' id='par_1_40' title="bbox 2002 1208 3581 1290">
     <span class='ocr_line' id='line_1_40' title="bbox 2002 1208 3581 1290; baseline 0.004 -25"><span class='ocrx_word' id='word_1_309' title='bbox 2002 1210 2164 1267; x_wconf 86' lang='lat' dir='ltr'><strong>bent:</strong></span> <span class='ocrx_word' id='word_1_310' title='bbox 2194 1229 2223 1266; x_wconf 91' lang='lat' dir='ltr'><strong>a</strong></span> <span class='ocrx_word' id='word_1_311' title='bbox 2252 1208 2363 1269; x_wconf 90' lang='lat' dir='ltr'><strong>Deo</strong></span> <span class='ocrx_word' id='word_1_312' title='bbox 2391 1227 2569 1272; x_wconf 90' lang='lat' dir='ltr'><strong>autem</strong></span> <span class='ocrx_word' id='word_1_313' title='bbox 2595 1226 2738 1272; x_wconf 87' lang='lat' dir='ltr'><strong>tanta</strong></span> <span class='ocrx_word' id='word_1_314' title='bbox 2767 1228 2848 1273; x_wconf 89' lang='lat' dir='ltr'><strong>est</strong></span> <span class='ocrx_word' id='word_1_315' title='bbox 2874 1234 3082 1274; x_wconf 88' lang='lat' dir='ltr'><strong>merces</strong></span> <span class='ocrx_word' id='word_1_316' title='bbox 3110 1220 3382 1284; x_wconf 64' lang='lat' dir='ltr'><strong>amicitiai,</strong></span> <span class='ocrx_word' id='word_1_317' title='bbox 3408 1235 3581 1290; x_wconf 71' lang='lat' dir='ltr'><strong>quam</strong></span> 
     </span>
    </p>
   </div>
   <div class='ocr_carea' id='block_1_41' title="bbox 2002 1304 3583 1381">
    <p class='ocr_par' dir='ltr' id='par_1_41' title="bbox 2002 1304 3583 1381">
     <span class='ocr_line' id='line_1_41' title="bbox 2002 1304 3583 1381; baseline 0.004 -24"><span class='ocrx_word' id='word_1_318' title='bbox 2002 1310 2054 1357; x_wconf 84' lang='lat' dir='ltr'><strong>ta</strong></span> <span class='ocrx_word' id='word_1_319' title='bbox 2096 1319 2163 1359; x_wconf 90' lang='lat' dir='ltr'><strong>ne</strong></span> <span class='ocrx_word' id='word_1_320' title='bbox 2203 1304 2309 1359; x_wconf 94' lang='lat' dir='ltr'><strong>dici</strong></span> <span class='ocrx_word' id='word_1_321' title='bbox 2348 1305 2563 1375; x_wconf 88' lang='lat' dir='ltr'><strong>quidem</strong></span> <span class='ocrx_word' id='word_1_322' title='bbox 2611 1318 2806 1381; x_wconf 88' lang='lat' dir='ltr'><strong>potest.</strong></span> <span class='ocrx_word' id='word_1_323' title='bbox 2856 1309 3021 1364; x_wconf 86' lang='lat' dir='ltr'><strong>Nobis</strong></span> <span class='ocrx_word' id='word_1_324' title='bbox 3050 1310 3142 1364; x_wconf 89' lang='lat' dir='ltr'><strong>dat</strong></span> <span class='ocrx_word' id='word_1_325' title='bbox 3169 1309 3472 1365; x_wconf 84' lang='lat' dir='ltr'><strong>mercedem</strong></span> <span class='ocrx_word' id='word_1_326' title='bbox 3523 1319 3583 1364; x_wconf 84' lang='lat' dir='ltr'><strong>ut</strong></span> 
     </span>
    </p>
   </div>
   <div class='ocr_carea' id='block_1_42' title="bbox 2001 1394 3577 1470">
    <p class='ocr_par' dir='ltr' id='par_1_42' title="bbox 2001 1394 3577 1470">
     <span class='ocr_line' id='line_1_42' title="bbox 2001 1394 3577 1470; baseline 0.004 -23"><span class='ocrx_word' id='word_1_327' title='bbox 2001 1394 2138 1448; x_wconf 89' lang='lat' dir='ltr'><strong>alter</strong></span> <span class='ocrx_word' id='word_1_328' title='bbox 2163 1394 2391 1450; x_wconf 88' lang='lat' dir='ltr'><strong>alterum</strong></span> <span class='ocrx_word' id='word_1_329' title='bbox 2423 1397 2706 1467; x_wconf 76' lang='lat' dir='ltr'><strong>diligamus</strong></span> <span class='ocrx_word' id='word_1_330' title='bbox 2736 1417 2749 1453; x_wconf 90' lang='lat'>:</span> <span class='ocrx_word' id='word_1_331' title='bbox 2780 1399 2915 1453; x_wconf 80' lang='lat' dir='ltr'><strong>Ama</strong></span> <span class='ocrx_word' id='word_1_332' title='bbox 2955 1400 3131 1464; x_wconf 89' lang='lat' dir='ltr'><strong>enim,</strong></span> <span class='ocrx_word' id='word_1_333' title='bbox 3162 1400 3373 1470; x_wconf 82' lang='lat' dir='ltr'><strong>inquit,</strong></span> <span class='ocrx_word' id='word_1_334' title='bbox 3403 1409 3459 1454; x_wconf 91' lang='lat' dir='ltr'><strong>et</strong></span> <span class='ocrx_word' id='word_1_335' title='bbox 3485 1415 3577 1453; x_wconf 68' lang='lat' dir='ltr'><strong>aca-</strong></span> 
     </span>
    </p>
   </div>
   <div class='ocr_carea' id='block_1_43' title="bbox 2001 1486 3582 1558">
    <p class='ocr_par' dir='ltr' id='par_1_43' title="bbox 2001 1486 3582 1558">
     <span class='ocr_line' id='line_1_43' title="bbox 2001 1486 3582 1558; baseline 0.003 -20"><span class='ocrx_word' id='word_1_336' title='bbox 2001 1486 2120 1552; x_wconf 89' lang='lat' dir='ltr'><strong>cipe</strong></span> <span class='ocrx_word' id='word_1_337' title='bbox 2166 1488 2501 1552; x_wconf 88' lang='lat' dir='ltr'><strong>mercedem,</strong></span> <span class='ocrx_word' id='word_1_338' title='bbox 2552 1504 2648 1558; x_wconf 91' lang='lat' dir='ltr'><strong>pro</strong></span> <span class='ocrx_word' id='word_1_339' title='bbox 2688 1504 2790 1558; x_wconf 88' lang='lat' dir='ltr'><strong>qua</strong></span> <span class='ocrx_word' id='word_1_340' title='bbox 2836 1504 2894 1543; x_wconf 89' lang='lat' dir='ltr'><strong>re</strong></span> <span class='ocrx_word' id='word_1_341' title='bbox 2933 1489 3195 1545; x_wconf 87' lang='lat' dir='ltr'><strong>debemus</strong></span> <span class='ocrx_word' id='word_1_342' title='bbox 3225 1490 3526 1546; x_wconf 89' lang='lat' dir='ltr'><strong>mercedem</strong></span> <span class='ocrx_word' id='word_1_343' title='bbox 3568 1508 3582 1543; x_wconf 90' lang='lat'><strong>:</strong></span> 
     </span>
    </p>
   </div>
   <div class='ocr_carea' id='block_1_44' title="bbox 2001 1573 3582 1650">
    <p class='ocr_par' dir='ltr' id='par_1_44' title="bbox 2001 1573 3582 1650">
     <span class='ocr_line' id='line_1_44' title="bbox 2001 1573 3582 1650; baseline 0.003 -22"><span class='ocrx_word' id='word_1_344' title='bbox 2001 1573 2105 1629; x_wconf 92' lang='lat' dir='ltr'><strong>Ora</strong></span> <span class='ocrx_word' id='word_1_345' title='bbox 2125 1614 2141 1639; x_wconf 92' lang='lat'><strong>,</strong></span> <span class='ocrx_word' id='word_1_346' title='bbox 2172 1576 2375 1646; x_wconf 90' lang='lat' dir='ltr'><strong>inquit,</strong></span> <span class='ocrx_word' id='word_1_347' title='bbox 2412 1587 2467 1633; x_wconf 91' lang='lat' dir='ltr'><strong>et</strong></span> <span class='ocrx_word' id='word_1_348' title='bbox 2493 1579 2678 1648; x_wconf 89' lang='lat' dir='ltr'><strong>accipe</strong></span> <span class='ocrx_word' id='word_1_349' title='bbox 2722 1579 3023 1633; x_wconf 89' lang='lat' dir='ltr'><strong>mercedem</strong></span> <span class='ocrx_word' id='word_1_350' title='bbox 3052 1621 3066 1645; x_wconf 89' lang='lat'><strong>,</strong></span> <span class='ocrx_word' id='word_1_351' title='bbox 3095 1595 3192 1649; x_wconf 90' lang='lat' dir='ltr'><strong>pro</strong></span> <span class='ocrx_word' id='word_1_352' title='bbox 3220 1596 3326 1650; x_wconf 87' lang='lat' dir='ltr'><strong>quo</strong></span> <span class='ocrx_word' id='word_1_353' title='bbox 3366 1596 3582 1636; x_wconf 87' lang='lat' dir='ltr'><strong>merce-</strong></span> 
     </span>
    </p>
   </div>
   <div class='ocr_carea' id='block_1_45' title="bbox 2001 1664 3580 1739">
    <p class='ocr_par' dir='ltr' id='par_1_45' title="bbox 2001 1664 3580 1739">
     <span class='ocr_line' id='line_1_45' title="bbox 2001 1664 3580 1739; baseline 0.005 -21"><span class='ocrx_word' id='word_1_354' title='bbox 2001 1664 2124 1719; x_wconf 87' lang='lat' dir='ltr'><strong>dem</strong></span> <span class='ocrx_word' id='word_1_355' title='bbox 2169 1665 2460 1733; x_wconf 90' lang='lat' dir='ltr'><strong>debemus,</strong></span> <span class='ocrx_word' id='word_1_356' title='bbox 2493 1669 2617 1737; x_wconf 88' lang='lat' dir='ltr'><strong>quia</strong></span> <span class='ocrx_word' id='word_1_357' title='bbox 2662 1667 2802 1723; x_wconf 87' lang='lat' dir='ltr'><strong>bona</strong></span> <span class='ocrx_word' id='word_1_358' title='bbox 2852 1671 3123 1738; x_wconf 86' lang='lat' dir='ltr'><strong>petimus:</strong></span> <span class='ocrx_word' id='word_1_359' title='bbox 3169 1671 3273 1726; x_wconf 87' lang='lat' dir='ltr'><strong>Pro</strong></span> <span class='ocrx_word' id='word_1_360' title='bbox 3321 1686 3386 1726; x_wconf 91' lang='lat' dir='ltr'><strong>eo</strong></span> <span class='ocrx_word' id='word_1_361' title='bbox 3435 1671 3580 1739; x_wconf 90' lang='lat' dir='ltr'><strong>quod</strong></span> 
     </span>
    </p>
   </div>
   <div class='ocr_carea' id='block_1_46' title="bbox 2001 1757 3579 1833">
    <p class='ocr_par' dir='ltr' id='par_1_46' title="bbox 2001 1757 3579 1833">
     <span class='ocr_line' id='line_1_46' title="bbox 2001 1757 3579 1833; baseline 0.006 -24"><span class='ocrx_word' id='word_1_362' title='bbox 2001 1757 2170 1824; x_wconf 85' lang='lat' dir='ltr'><strong>petis,</strong></span> <span class='ocrx_word' id='word_1_363' title='bbox 2201 1758 2403 1827; x_wconf 88' lang='lat' dir='ltr'><strong>inquit,</strong></span> <span class='ocrx_word' id='word_1_364' title='bbox 2436 1759 2620 1825; x_wconf 90' lang='lat' dir='ltr'><strong>accipe</strong></span> <span class='ocrx_word' id='word_1_365' title='bbox 2665 1761 2972 1817; x_wconf 88' lang='lat' dir='ltr'><strong>mercedem</strong></span> <span class='ocrx_word' id='word_1_366' title='bbox 2999 1777 3013 1815; x_wconf 91' lang='lat'>:</span> <span class='ocrx_word' id='word_1_367' title='bbox 3040 1761 3222 1831; x_wconf 88' lang='lat' dir='ltr'><strong>jejuna</strong></span> <span class='ocrx_word' id='word_1_368' title='bbox 3245 1803 3260 1829; x_wconf 95' lang='lat'><strong>,</strong></span> <span class='ocrx_word' id='word_1_369' title='bbox 3287 1774 3343 1817; x_wconf 92' lang='lat' dir='ltr'><strong>et</strong></span> <span class='ocrx_word' id='word_1_370' title='bbox 3392 1764 3579 1833; x_wconf 86' lang='lat' dir='ltr'><strong>accipe</strong></span> 
     </span>
    </p>
   </div>
   <div class='ocr_carea' id='block_1_47' title="bbox 2001 1846 3582 1924">
    <p class='ocr_par' dir='ltr' id='par_1_47' title="bbox 2001 1846 3582 1924">
     <span class='ocr_line' id='line_1_47' title="bbox 2001 1846 3582 1924; baseline 0.008 -23"><span class='ocrx_word' id='word_1_371' title='bbox 2001 1846 2302 1902; x_wconf 89' lang='lat' dir='ltr'><strong>mercedem</strong></span> <span class='ocrx_word' id='word_1_372' title='bbox 2333 1868 2346 1902; x_wconf 77' lang='grc' dir='ltr'>ε</span> <span class='ocrx_word' id='word_1_373' title='bbox 2392 1849 2471 1904; x_wconf 89' lang='lat' dir='ltr'><strong>sis</strong></span> <span class='ocrx_word' id='word_1_374' title='bbox 2500 1849 2693 1906; x_wconf 86' lang='lat' dir='ltr'><strong>virtute</strong></span> <span class='ocrx_word' id='word_1_375' title='bbox 2742 1850 2998 1921; x_wconf 80' lang='lat' dir='ltr'><strong>praeditus</strong></span> <span class='ocrx_word' id='word_1_376' title='bbox 3017 1892 3034 1918; x_wconf 92' lang='lat'><strong>,</strong></span> <span class='ocrx_word' id='word_1_377' title='bbox 3078 1863 3133 1907; x_wconf 81' lang='lat' dir='ltr'><strong>et</strong></span> <span class='ocrx_word' id='word_1_378' title='bbox 3158 1856 3342 1924; x_wconf 85' lang='lat' dir='ltr'><strong>accipe</strong></span> <span class='ocrx_word' id='word_1_379' title='bbox 3373 1871 3582 1912; x_wconf 74' lang='lat' dir='ltr'><strong>merce-</strong></span> 
     </span>
    </p>
   </div>
   <div class='ocr_carea' id='block_1_48' title="bbox 2002 1938 3582 2018">
    <p class='ocr_par' dir='ltr' id='par_1_48' title="bbox 2002 1938 3582 2018">
     <span class='ocr_line' id='line_1_48' title="bbox 2002 1938 3582 2018; baseline 0.006 -25"><span class='ocrx_word' id='word_1_380' title='bbox 2002 1938 2123 1994; x_wconf 86' lang='lat' dir='ltr'><strong>dem</strong></span> <span class='ocrx_word' id='word_1_381' title='bbox 2142 1980 2158 2005; x_wconf 94' lang='lat'><strong>,</strong></span> <span class='ocrx_word' id='word_1_382' title='bbox 2186 1941 2347 1994; x_wconf 87' lang='lat' dir='ltr'><strong>etiam</strong></span> <span class='ocrx_word' id='word_1_383' title='bbox 2376 1942 2420 1995; x_wconf 87' lang='lat' dir='ltr'><strong>si</strong></span> <span class='ocrx_word' id='word_1_384' title='bbox 2449 1943 2755 1998; x_wconf 90' lang='lat' dir='ltr'><strong>mercedem</strong></span> <span class='ocrx_word' id='word_1_385' title='bbox 2785 1943 3021 1999; x_wconf 83' lang='lat' dir='ltr'><strong>debeas:</strong></span> <span class='ocrx_word' id='word_1_386' title='bbox 3045 1945 3139 2000; x_wconf 89' lang='lat' dir='ltr'><strong>sed</strong></span> <span class='ocrx_word' id='word_1_387' title='bbox 3162 1946 3301 2001; x_wconf 86' lang='lat' dir='ltr'><strong>sicut</strong></span> <span class='ocrx_word' id='word_1_388' title='bbox 3329 1958 3582 2018; x_wconf 86' lang='lat' dir='ltr'><strong>parentes</strong></span> 
     </span>
    </p>
   </div>
   <div class='ocr_carea' id='block_1_49' title="bbox 2001 2031 3579 2102">
    <p class='ocr_par' dir='ltr' id='par_1_49' title="bbox 2001 2031 3579 2102">
     <span class='ocr_line' id='line_1_49' title="bbox 2001 2031 3579 2102; baseline 0.006 -18"><span class='ocrx_word' id='word_1_389' title='bbox 2001 2031 2214 2100; x_wconf 88' lang='lat' dir='ltr'><strong>quando</strong></span> <span class='ocrx_word' id='word_1_390' title='bbox 2241 2032 2462 2088; x_wconf 87' lang='lat' dir='ltr'><strong>fecerint</strong></span> <span class='ocrx_word' id='word_1_391' title='bbox 2498 2042 2555 2087; x_wconf 92' lang='lat' dir='ltr'><strong>ut</strong></span> <span class='ocrx_word' id='word_1_392' title='bbox 2577 2032 2669 2087; x_wconf 85' lang='lat' dir='ltr'><strong>lilii</strong></span> <span class='ocrx_word' id='word_1_393' title='bbox 2701 2035 2881 2089; x_wconf 80' lang='lat' dir='ltr'><strong>vivant</strong></span> <span class='ocrx_word' id='word_1_394' title='bbox 2908 2035 2960 2089; x_wconf 95' lang='lat' dir='ltr'><strong>in</strong></span> <span class='ocrx_word' id='word_1_395' title='bbox 3000 2037 3232 2102; x_wconf 88' lang='lat' dir='ltr'><strong>virtute,</strong></span> <span class='ocrx_word' id='word_1_396' title='bbox 3263 2047 3388 2093; x_wconf 90' lang='lat' dir='ltr'><strong>tunc</strong></span> <span class='ocrx_word' id='word_1_397' title='bbox 3415 2041 3579 2094; x_wconf 83' lang='lat' dir='ltr'><strong>etiam</strong></span> 
     </span>
    </p>
   </div>
   <div class='ocr_carea' id='block_1_50' title="bbox 2003 2120 3583 2198">
    <p class='ocr_par' dir='ltr' id='par_1_50' title="bbox 2003 2120 3583 2198">
     <span class='ocr_line' id='line_1_50' title="bbox 2003 2120 3583 2198; baseline 0.006 -23"><span class='ocrx_word' id='word_1_398' title='bbox 2003 2122 2082 2176; x_wconf 87' lang='lat' dir='ltr'><strong>eis</strong></span> <span class='ocrx_word' id='word_1_399' title='bbox 2106 2120 2233 2175; x_wconf 89' lang='lat' dir='ltr'><strong>dant</strong></span> <span class='ocrx_word' id='word_1_400' title='bbox 2261 2123 2564 2179; x_wconf 89' lang='lat' dir='ltr'><strong>mercedem</strong></span> <span class='ocrx_word' id='word_1_401' title='bbox 2613 2143 2628 2179; x_wconf 87' lang='lat'><strong>:</strong></span> <span class='ocrx_word' id='word_1_402' title='bbox 2680 2134 2804 2179; x_wconf 91' lang='lat' dir='ltr'><strong>sunt</strong></span> <span class='ocrx_word' id='word_1_403' title='bbox 2828 2126 2970 2179; x_wconf 89' lang='lat' dir='ltr'><strong>enim</strong></span> <span class='ocrx_word' id='word_1_404' title='bbox 3002 2126 3273 2183; x_wconf 85' lang='lat' dir='ltr'><strong>debitores</strong></span> <span class='ocrx_word' id='word_1_405' title='bbox 3296 2169 3312 2195; x_wconf 94' lang='lat'><strong>,</strong></span> <span class='ocrx_word' id='word_1_406' title='bbox 3349 2129 3490 2198; x_wconf 88' lang='lat' dir='ltr'><strong>quod</strong></span> <span class='ocrx_word' id='word_1_407' title='bbox 3521 2139 3583 2184; x_wconf 82' lang='lat' dir='ltr'><strong>se</strong></span> 
     </span>
    </p>
   </div>
   <div class='ocr_carea' id='block_1_51' title="bbox 2003 2213 3580 2284">
    <p class='ocr_par' dir='ltr' id='par_1_51' title="bbox 2003 2213 3580 2284">
     <span class='ocr_line' id='line_1_51' title="bbox 2003 2213 3580 2284; baseline 0.004 -17"><span class='ocrx_word' id='word_1_408' title='bbox 2003 2213 2382 2268; x_wconf 90' lang='lat' dir='ltr'><strong>constituerint</strong></span> <span class='ocrx_word' id='word_1_409' title='bbox 2412 2213 2466 2268; x_wconf 91' lang='lat' dir='ltr'><strong>iu</strong></span> <span class='ocrx_word' id='word_1_410' title='bbox 2496 2214 2808 2284; x_wconf 78' lang='lat' dir='ltr'><strong>voluptate:</strong></span> <span class='ocrx_word' id='word_1_411' title='bbox 2841 2215 2913 2270; x_wconf 84' lang='lat' dir='ltr'><strong>ita</strong></span> <span class='ocrx_word' id='word_1_412' title='bbox 2956 2216 3118 2272; x_wconf 85' lang='lat' dir='ltr'><strong>etiam</strong></span> <span class='ocrx_word' id='word_1_413' title='bbox 3170 2217 3328 2273; x_wconf 88' lang='lat' dir='ltr'><strong>Deus.</strong></span> <span class='ocrx_word' id='word_1_414' title='bbox 3375 2219 3580 2274; x_wconf 80' lang='lat' dir='ltr'><strong>Merce-</strong></span> 
     </span>
    </p>
   </div>
   <div class='ocr_carea' id='block_1_52' title="bbox 2004 2306 3579 2380">
    <p class='ocr_par' dir='ltr' id='par_1_52' title="bbox 2004 2306 3579 2380">
     <span class='ocr_line' id='line_1_52' title="bbox 2004 2306 3579 2380; baseline 0.003 -20"><span class='ocrx_word' id='word_1_415' title='bbox 2004 2306 2124 2361; x_wconf 90' lang='lat' dir='ltr'><strong>dem</strong></span> <span class='ocrx_word' id='word_1_416' title='bbox 2147 2340 2165 2374; x_wconf 91' lang='lat'><strong>,</strong></span> <span class='ocrx_word' id='word_1_417' title='bbox 2199 2306 2406 2376; x_wconf 88' lang='lat' dir='ltr'><strong>inquit.</strong></span> <span class='ocrx_word' id='word_1_418' title='bbox 2442 2308 2626 2377; x_wconf 89' lang='lat' dir='ltr'><strong>accipe</strong></span> <span class='ocrx_word' id='word_1_419' title='bbox 2653 2348 2668 2373; x_wconf 91' lang='lat'><strong>,</strong></span> <span class='ocrx_word' id='word_1_420' title='bbox 2698 2309 2741 2363; x_wconf 92' lang='lat' dir='ltr'><strong>si</strong></span> <span class='ocrx_word' id='word_1_421' title='bbox 2786 2311 2861 2364; x_wconf 89' lang='lat' dir='ltr'><strong>sis</strong></span> <span class='ocrx_word' id='word_1_422' title='bbox 2892 2310 3089 2365; x_wconf 89' lang='lat' dir='ltr'><strong>virtute</strong></span> <span class='ocrx_word' id='word_1_423' title='bbox 3126 2311 3424 2380; x_wconf 67' lang='lat' dir='ltr'><strong>praeditus;</strong></span> <span class='ocrx_word' id='word_1_424' title='bbox 3455 2327 3579 2366; x_wconf 87' lang='lat' dir='ltr'><strong>nam</strong></span> 
     </span>
    </p>
   </div>
   <div class='ocr_carea' id='block_1_53' title="bbox 2004 2397 3585 2469">
    <p class='ocr_par' dir='ltr' id='par_1_53' title="bbox 2004 2397 3585 2469">
     <span class='ocr_line' id='line_1_53' title="bbox 2004 2397 3585 2469; baseline 0.005 -18"><span class='ocrx_word' id='word_1_425' title='bbox 2004 2409 2209 2466; x_wconf 88' lang='lat' dir='ltr'><strong>patrem</strong></span> <span class='ocrx_word' id='word_1_426' title='bbox 2238 2397 2419 2453; x_wconf 65' lang='lat' dir='ltr'><strong>laetitia</strong></span> <span class='ocrx_word' id='word_1_427' title='bbox 2448 2398 2650 2464; x_wconf 86' lang='lat' dir='ltr'><strong>aflicis,</strong></span> <span class='ocrx_word' id='word_1_428' title='bbox 2681 2411 2735 2454; x_wconf 90' lang='lat' dir='ltr'><strong>et</strong></span> <span class='ocrx_word' id='word_1_429' title='bbox 2760 2399 2917 2469; x_wconf 85' lang='lat' dir='ltr'><strong>hujus</strong></span> <span class='ocrx_word' id='word_1_430' title='bbox 2943 2402 3020 2457; x_wconf 91' lang='lat' dir='ltr'><strong>rei</strong></span> <span class='ocrx_word' id='word_1_431' title='bbox 3049 2403 3140 2456; x_wconf 92' lang='lat' dir='ltr'><strong>tibi</strong></span> <span class='ocrx_word' id='word_1_432' title='bbox 3167 2404 3467 2459; x_wconf 86' lang='lat' dir='ltr'><strong>mercedem</strong></span> <span class='ocrx_word' id='word_1_433' title='bbox 3488 2404 3585 2459; x_wconf 74' lang='lat' dir='ltr'><strong>de~</strong></span> 
     </span>
    </p>
   </div>
   <div class='ocr_carea' id='block_1_54' title="bbox 2005 2488 3583 2561">
    <p class='ocr_par' dir='ltr' id='par_1_54' title="bbox 2005 2488 3583 2561">
     <span class='ocr_line' id='line_1_54' title="bbox 2005 2488 3583 2561; baseline 0.003 -19"><span class='ocrx_word' id='word_1_434' title='bbox 2005 2488 2149 2543; x_wconf 88' lang='lat' dir='ltr'><strong>beo:</strong></span> <span class='ocrx_word' id='word_1_435' title='bbox 2194 2489 2277 2543; x_wconf 89' lang='lat' dir='ltr'><strong>sin</strong></span> <span class='ocrx_word' id='word_1_436' title='bbox 2321 2497 2500 2544; x_wconf 83' lang='lat' dir='ltr'><strong>autem</strong></span> <span class='ocrx_word' id='word_1_437' title='bbox 2530 2490 2734 2558; x_wconf 90' lang='lat' dir='ltr'><strong>malus,</strong></span> <span class='ocrx_word' id='word_1_438' title='bbox 2782 2505 3158 2561; x_wconf 87' lang='lat' dir='ltr'><strong>nequaquam;</strong></span> <span class='ocrx_word' id='word_1_439' title='bbox 3214 2493 3394 2549; x_wconf 88' lang='lat' dir='ltr'><strong>irritas</strong></span> <span class='ocrx_word' id='word_1_440' title='bbox 3439 2496 3583 2549; x_wconf 86' lang='lat' dir='ltr'><strong>enim</strong></span> 
     </span>
    </p>
   </div>
   <div class='ocr_carea' id='block_1_55' title="bbox 2003 2574 3582 2653">
    <p class='ocr_par' dir='ltr' id='par_1_55' title="bbox 2003 2574 3582 2653">
     <span class='ocr_line' id='line_1_55' title="bbox 2003 2574 3582 2653; baseline 0.002 -17"><span class='ocrx_word' id='word_1_441' title='bbox 2003 2596 2125 2636; x_wconf 89' lang='lat' dir='ltr'><strong>eum</strong></span> <span class='ocrx_word' id='word_1_442' title='bbox 2150 2622 2165 2646; x_wconf 93' lang='lat'><strong>,</strong></span> <span class='ocrx_word' id='word_1_443' title='bbox 2197 2582 2287 2652; x_wconf 90' lang='lat' dir='ltr'><strong>qui</strong></span> <span class='ocrx_word' id='word_1_444' title='bbox 2320 2590 2385 2647; x_wconf 47' lang='lat' dir='ltr'><strong>te,</strong></span> <span class='ocrx_word' id='word_1_445' title='bbox 2400 2574 2606 2651; x_wconf 78' lang='lat' dir='ltr'><strong>genuit.</strong></span> <span class='ocrx_word' id='word_1_446' title='bbox 2634 2582 2712 2636; x_wconf 85' lang='lat' dir='ltr'><strong>Nc</strong></span> <span class='ocrx_word' id='word_1_447' title='bbox 2735 2584 2914 2653; x_wconf 89' lang='lat' dir='ltr'><strong>itaque</strong></span> <span class='ocrx_word' id='word_1_448' title='bbox 2945 2584 3110 2638; x_wconf 88' lang='lat' dir='ltr'><strong>Deum</strong></span> <span class='ocrx_word' id='word_1_449' title='bbox 3144 2585 3455 2650; x_wconf 86' lang='lat' dir='ltr'><strong>irritemus,</strong></span> <span class='ocrx_word' id='word_1_450' title='bbox 3487 2587 3582 2641; x_wconf 82' lang='lat' dir='ltr'><strong>sed</strong></span> 
     </span>
    </p>
   </div>
   <div class='ocr_carea' id='block_1_56' title="bbox 2007 2673 3584 2747">
    <p class='ocr_par' dir='ltr' id='par_1_56' title="bbox 2007 2673 3584 2747">
     <span class='ocr_line' id='line_1_56' title="bbox 2007 2673 3584 2747; baseline 0.004 -21"><span class='ocrx_word' id='word_1_451' title='bbox 2007 2673 2190 2727; x_wconf 78' lang='lat' dir='ltr'><strong>lzetitia</strong></span> <span class='ocrx_word' id='word_1_452' title='bbox 2221 2674 2517 2728; x_wconf 89' lang='lat' dir='ltr'><strong>afliciamus</strong></span> <span class='ocrx_word' id='word_1_453' title='bbox 2536 2715 2550 2737; x_wconf 94' lang='lat'><strong>,</strong></span> <span class='ocrx_word' id='word_1_454' title='bbox 2581 2683 2640 2728; x_wconf 91' lang='lat' dir='ltr'><strong>ut</strong></span> <span class='ocrx_word' id='word_1_455' title='bbox 2667 2690 2890 2745; x_wconf 73' lang='lat' dir='ltr'><strong>regnum</strong></span> <span class='ocrx_word' id='word_1_456' title='bbox 2921 2676 3175 2731; x_wconf 56' lang='lat' dir='ltr'><strong>calorum</strong></span> <span class='ocrx_word' id='word_1_457' title='bbox 3198 2690 3584 2747; x_wconf 79' lang='lat' dir='ltr'><strong>assequamur,</strong></span> 
     </span>
    </p>
   </div>
   <div class='ocr_carea' id='block_1_57' title="bbox 2006 2763 3118 2832">
    <p class='ocr_par' dir='ltr' id='par_1_57' title="bbox 2006 2763 3118 2832">
     <span class='ocr_line' id='line_1_57' title="bbox 2006 2763 3118 2832; baseline 0.003 -16"><span class='ocrx_word' id='word_1_458' title='bbox 2006 2763 2058 2816; x_wconf 89' lang='lat' dir='ltr'><strong>in</strong></span> <span class='ocrx_word' id='word_1_459' title='bbox 2108 2763 2324 2818; x_wconf 84' lang='lat' dir='ltr'><strong>Christo</strong></span> <span class='ocrx_word' id='word_1_460' title='bbox 2352 2764 2479 2819; x_wconf 83' lang='lat' dir='ltr'><strong>Jesu</strong></span> <span class='ocrx_word' id='word_1_461' title='bbox 2510 2765 2739 2819; x_wconf 87' lang='lat' dir='ltr'><strong>Domino</strong></span> <span class='ocrx_word' id='word_1_462' title='bbox 2764 2775 2982 2832; x_wconf 88' lang='lat' dir='ltr'><strong>nostro,</strong></span> <span class='ocrx_word' id='word_1_463' title='bbox 3015 2776 3118 2821; x_wconf 92' lang='lat' dir='ltr'><strong>etc.</strong></span> 
     </span>
    </p>
   </div>
   <div class='ocr_carea' id='block_1_58' title="bbox 343 2907 2583 2924">
    <p class='ocr_par' dir='ltr' id='par_1_58' title="bbox 343 2907 2583 2924">
     <span class='ocr_line' id='line_1_58' title="bbox 343 2907 2583 2924; baseline -0.001 -5"><span class='ocrx_word' id='word_1_464' title='bbox 343 2907 2583 2924; x_wconf 40' lang='lat' dir='ltr'><strong>“mewM-</strong></span> 
     </span>
    </p>
   </div>
   <div class='ocr_carea' id='block_1_59' title="bbox 1685 2968 2179 3034">
    <p class='ocr_par' dir='ltr' id='par_1_59' title="bbox 1685 2968 2179 3034">
     <span class='ocr_line' id='line_1_59' title="bbox 1685 2968 2179 3034; baseline 0 -2"><span class='ocrx_word' id='word_1_465' title='bbox 1685 2968 2028 3034; x_wconf 82' lang='lat' dir='ltr'><strong>HOMILIA</strong></span> <span class='ocrx_word' id='word_1_466' title='bbox 2072 2973 2179 3034; x_wconf 86' lang='grc' dir='ltr'><strong>ΠΙ.</strong></span> 
     </span>
    </p>
   </div>
   <div class='ocr_carea' id='block_1_60' title="bbox 318 3107 1895 3187">
    <p class='ocr_par' dir='ltr' id='par_1_60' title="bbox 318 3107 1895 3187">
     <span class='ocr_line' id='line_1_60' title="bbox 318 3107 1895 3187; baseline -0.003 -12"><span class='ocrx_word' id='word_1_467' title='bbox 318 3114 456 3176; x_wconf 69' lang='lat' dir='ltr'><strong>CAP.</strong></span> <span class='ocrx_word' id='word_1_468' title='bbox 487 3112 537 3173; x_wconf 68' lang='grc' dir='ltr'><strong>ἓ.</strong></span> <span class='ocrx_word' id='word_1_469' title='bbox 576 3137 629 3174; x_wconf 87' lang='lat' dir='ltr'><strong>v.</strong></span> <span class='ocrx_word' id='word_1_470' title='bbox 657 3120 709 3176; x_wconf 87' lang='lat'><strong>9.</strong></span> <span class='ocrx_word' id='word_1_471' title='bbox 742 3107 986 3175; x_wconf 76' lang='lat' dir='ltr'><strong>Mentorea</strong></span> <span class='ocrx_word' id='word_1_472' title='bbox 1016 3121 1148 3174; x_wconf 86' lang='lat' dir='ltr'><strong>enim</strong></span> <span class='ocrx_word' id='word_1_473' title='bbox 1194 3119 1330 3184; x_wconf 87' lang='lat' dir='ltr'><strong>estis,</strong></span> <span class='ocrx_word' id='word_1_474' title='bbox 1364 3118 1566 3187; x_wconf 84' lang='lat' dir='ltr'><strong>fratres,</strong></span> <span class='ocrx_word' id='word_1_475' title='bbox 1599 3118 1783 3172; x_wconf 82' lang='lat' dir='ltr'><strong>laboris</strong></span> <span class='ocrx_word' id='word_1_476' title='bbox 1806 3135 1895 3171; x_wconf 54' lang='lat' dir='ltr'><strong>nov</strong></span> 
     </span>
    </p>
   </div>
   <div class='ocr_carea' id='block_1_61' title="bbox 392 3214 1902 3283">
    <p class='ocr_par' dir='ltr' id='par_1_61' title="bbox 392 3214 1902 3283">
     <span class='ocr_line' id='line_1_61' title="bbox 392 3214 1902 3283; baseline -0.001 -17"><span class='ocrx_word' id='word_1_477' title='bbox 392 3214 490 3267; x_wconf 87' lang='lat' dir='ltr'><strong>stri</strong></span> <span class='ocrx_word' id='word_1_478' title='bbox 517 3224 561 3266; x_wconf 88' lang='lat' dir='ltr'><strong>et</strong></span> <span class='ocrx_word' id='word_1_479' title='bbox 592 3214 902 3283; x_wconf 83' lang='lat' dir='ltr'><strong>fatigationis</strong></span> <span class='ocrx_word' id='word_1_480' title='bbox 933 3230 951 3267; x_wconf 88' lang='lat'><strong><em>:</em></strong></span> <span class='ocrx_word' id='word_1_481' title='bbox 974 3223 1117 3267; x_wconf 84' lang='lat' dir='ltr'><strong>nocte</strong></span> <span class='ocrx_word' id='word_1_482' title='bbox 1158 3222 1204 3266; x_wconf 85' lang='lat' dir='ltr'><strong>et</strong></span> <span class='ocrx_word' id='word_1_483' title='bbox 1245 3214 1326 3266; x_wconf 85' lang='lat' dir='ltr'><strong>die</strong></span> <span class='ocrx_word' id='word_1_484' title='bbox 1353 3221 1636 3281; x_wconf 71' lang='lat' dir='ltr'><strong>aper-antes,</strong></span> <span class='ocrx_word' id='word_1_485' title='bbox 1669 3228 1730 3265; x_wconf 88' lang='lat' dir='ltr'><strong>ne</strong></span> <span class='ocrx_word' id='word_1_486' title='bbox 1757 3228 1902 3280; x_wconf 84' lang='lat' dir='ltr'><strong>quem</strong></span> 
     </span>
    </p>
   </div>
   <div class='ocr_carea' id='block_1_62' title="bbox 392 3304 1904 3374">
    <p class='ocr_par' dir='ltr' id='par_1_62' title="bbox 392 3304 1904 3374">
     <span class='ocr_line' id='line_1_62' title="bbox 392 3304 1904 3374; baseline 0.001 -18"><span class='ocrx_word' id='word_1_487' title='bbox 392 3314 611 3361; x_wconf 73' lang='lat' dir='ltr'><strong>oestrum</strong></span> <span class='ocrx_word' id='word_1_488' title='bbox 636 3318 979 3374; x_wconf 84' lang='lat' dir='ltr'><strong>gravarentus,</strong></span> <span class='ocrx_word' id='word_1_489' title='bbox 1010 3305 1393 3373; x_wconf 63' lang='lat' dir='ltr'><strong>pra&#39;dicavimus</strong></span> <span class='ocrx_word' id='word_1_490' title='bbox 1438 3304 1491 3356; x_wconf 87' lang='lat' dir='ltr'><strong>in</strong></span> <span class='ocrx_word' id='word_1_491' title='bbox 1531 3305 1666 3356; x_wconf 78' lang='lat' dir='ltr'><strong>vobis</strong></span> <span class='ocrx_word' id='word_1_492' title='bbox 1693 3320 1904 3373; x_wconf 75' lang='lat' dir='ltr'><strong>evange-</strong></span> 
     </span>
    </p>
   </div>
   <div class='ocr_carea' id='block_1_63' title="bbox 393 3391 1905 3462">
    <p class='ocr_par' dir='ltr' id='par_1_63' title="bbox 393 3391 1905 3462">
     <span class='ocr_line' id='line_1_63' title="bbox 393 3391 1905 3462; baseline -0.002 -14"><span class='ocrx_word' id='word_1_493' title='bbox 393 3391 523 3448; x_wconf 81' lang='lat' dir='ltr'><strong>lium</strong></span> <span class='ocrx_word' id='word_1_494' title='bbox 549 3396 658 3448; x_wconf 79' lang='lat' dir='ltr'><strong>Dei.</strong></span> <span class='ocrx_word' id='word_1_495' title='bbox 690 3396 772 3449; x_wconf 87' lang='lat' dir='ltr'><strong>l0.</strong></span> <span class='ocrx_word' id='word_1_496' title='bbox 832 3394 933 3448; x_wconf 76' lang='lat' dir='ltr'><strong>Vos</strong></span> <span class='ocrx_word' id='word_1_497' title='bbox 965 3405 1111 3449; x_wconf 85' lang='lat' dir='ltr'><strong>testes</strong></span> <span class='ocrx_word' id='word_1_498' title='bbox 1137 3395 1254 3447; x_wconf 92' lang='lat' dir='ltr'><strong>estis</strong></span> <span class='ocrx_word' id='word_1_499' title='bbox 1290 3403 1336 3447; x_wconf 82' lang='lat' dir='ltr'><strong>et</strong></span> <span class='ocrx_word' id='word_1_500' title='bbox 1366 3392 1520 3458; x_wconf 88' lang='lat' dir='ltr'><strong>Deus,</strong></span> <span class='ocrx_word' id='word_1_501' title='bbox 1548 3410 1698 3462; x_wconf 84' lang='lat' dir='ltr'><strong>quam</strong></span> <span class='ocrx_word' id='word_1_502' title='bbox 1734 3403 1905 3446; x_wconf 79' lang='lat' dir='ltr'><strong>sancte</strong></span> 
     </span>
    </p>
   </div>
   <div class='ocr_carea' id='block_1_64' title="bbox 394 3488 1904 3559">
    <p class='ocr_par' dir='ltr' id='par_1_64' title="bbox 394 3488 1904 3559">
     <span class='ocr_line' id='line_1_64' title="bbox 394 3488 1904 3559; baseline 0.001 -20"><span class='ocrx_word' id='word_1_503' title='bbox 394 3498 447 3540; x_wconf 83' lang='lat' dir='ltr'><strong>et</strong></span> <span class='ocrx_word' id='word_1_504' title='bbox 465 3489 603 3555; x_wconf 85' lang='lat' dir='ltr'><strong>juste</strong></span> <span class='ocrx_word' id='word_1_505' title='bbox 651 3497 695 3540; x_wconf 86' lang='lat' dir='ltr'><strong>et</strong></span> <span class='ocrx_word' id='word_1_506' title='bbox 721 3489 827 3543; x_wconf 82' lang='lat' dir='ltr'><strong>sine</strong></span> <span class='ocrx_word' id='word_1_507' title='bbox 849 3489 1049 3559; x_wconf 77' lang='lat' dir='ltr'><strong>querela</strong></span> <span class='ocrx_word' id='word_1_508' title='bbox 1078 3488 1213 3541; x_wconf 77' lang='lat' dir='ltr'><strong>vobis</strong></span> <span class='ocrx_word' id='word_1_509' title='bbox 1240 3488 1328 3557; x_wconf 82' lang='lat' dir='ltr'><strong>qui</strong></span> <span class='ocrx_word' id='word_1_510' title='bbox 1369 3488 1650 3541; x_wconf 86' lang='lat' dir='ltr'><strong>credidistis</strong></span> <span class='ocrx_word' id='word_1_511' title='bbox 1679 3488 1904 3555; x_wconf 77' lang='lat' dir='ltr'><strong>fuimus;</strong></span> 
     </span>
    </p>
   </div>
   <div class='ocr_carea' id='block_1_65' title="bbox 398 3580 1904 3649">
    <p class='ocr_par' dir='ltr' id='par_1_65' title="bbox 398 3580 1904 3649">
     <span class='ocr_line' id='line_1_65' title="bbox 398 3580 1904 3649; baseline 0.002 -18"><span class='ocrx_word' id='word_1_512' title='bbox 398 3582 424 3631; x_wconf 74' lang='grc'>1</span> <span class='ocrx_word' id='word_1_513' title='bbox 446 3582 491 3633; x_wconf 89' lang='grc' dir='ltr'>ι,</span> <span class='ocrx_word' id='word_1_514' title='bbox 519 3580 644 3631; x_wconf 80' lang='lat' dir='ltr'><strong>sicut</strong></span> <span class='ocrx_word' id='word_1_515' title='bbox 666 3580 823 3643; x_wconf 81' lang='lat' dir='ltr'><strong>scitis,</strong></span> <span class='ocrx_word' id='word_1_516' title='bbox 849 3581 1062 3648; x_wconf 79' lang='lat' dir='ltr'><strong>qualiter</strong></span> <span class='ocrx_word' id='word_1_517' title='bbox 1082 3596 1480 3649; x_wconf 85' lang='lat' dir='ltr'><strong>unumquemque</strong></span> <span class='ocrx_word' id='word_1_518' title='bbox 1508 3591 1745 3644; x_wconf 82' lang='lat' dir='ltr'><strong>vestrum,</strong></span> <span class='ocrx_word' id='word_1_519' title='bbox 1777 3581 1904 3634; x_wconf 84' lang='lat' dir='ltr'><strong>sicut</strong></span> 
     </span>
    </p>
   </div>
   <div class='ocr_carea' id='block_1_66' title="bbox 401 3670 1903 3741">
    <p class='ocr_par' dir='ltr' id='par_1_66' title="bbox 401 3670 1903 3741">
     <span class='ocr_line' id='line_1_66' title="bbox 401 3670 1903 3741; baseline 0.005 -23"><span class='ocrx_word' id='word_1_520' title='bbox 401 3679 549 3736; x_wconf 82' lang='lat' dir='ltr'><strong>pater</strong></span> <span class='ocrx_word' id='word_1_521' title='bbox 581 3670 712 3735; x_wconf 81' lang='lat' dir='ltr'><strong>ﬁlios</strong></span> <span class='ocrx_word' id='word_1_522' title='bbox 744 3686 881 3738; x_wconf 89' lang='lat' dir='ltr'><strong>suos,</strong></span> <span class='ocrx_word' id='word_1_523' title='bbox 909 3671 1230 3741; x_wconf 83' lang='lat' dir='ltr'><strong>deprecantes</strong></span> <span class='ocrx_word' id='word_1_524' title='bbox 1261 3688 1346 3724; x_wconf 85' lang='lat' dir='ltr'><strong>vos</strong></span> <span class='ocrx_word' id='word_1_525' title='bbox 1372 3681 1417 3725; x_wconf 87' lang='lat' dir='ltr'><strong>et</strong></span> <span class='ocrx_word' id='word_1_526' title='bbox 1448 3672 1779 3734; x_wconf 86' lang='lat' dir='ltr'><strong>consolantes,</strong></span> <span class='ocrx_word' id='word_1_527' title='bbox 1816 3672 1903 3725; x_wconf 71' lang='lat'><strong>1‘2.</strong></span> 
     </span>
    </p>
   </div>
   <div class='ocr_carea' id='block_1_67' title="bbox 403 3760 1905 3834">
    <p class='ocr_par' dir='ltr' id='par_1_67' title="bbox 403 3760 1905 3834">
     <span class='ocr_line' id='line_1_67' title="bbox 403 3760 1905 3834; baseline 0.004 -23"><span class='ocrx_word' id='word_1_528' title='bbox 403 3760 658 3827; x_wconf 73' lang='lat' dir='ltr'><strong>testiﬁcati</strong></span> <span class='ocrx_word' id='word_1_529' title='bbox 686 3777 860 3815; x_wconf 87' lang='lat' dir='ltr'><strong>sumus</strong></span> <span class='ocrx_word' id='word_1_530' title='bbox 888 3771 939 3814; x_wconf 89' lang='lat' dir='ltr'><strong>ut</strong></span> <span class='ocrx_word' id='word_1_531' title='bbox 963 3763 1279 3816; x_wconf 82' lang='lat' dir='ltr'><strong>ambularetis</strong></span> <span class='ocrx_word' id='word_1_532' title='bbox 1308 3763 1460 3834; x_wconf 85' lang='lat' dir='ltr'><strong>digne</strong></span> <span class='ocrx_word' id='word_1_533' title='bbox 1497 3763 1620 3829; x_wconf 87' lang='lat' dir='ltr'><strong>Deo,</strong></span> <span class='ocrx_word' id='word_1_534' title='bbox 1643 3764 1727 3832; x_wconf 84' lang='lat' dir='ltr'><strong>qui</strong></span> <span class='ocrx_word' id='word_1_535' title='bbox 1756 3780 1905 3817; x_wconf 84' lang='lat' dir='ltr'><strong>voca-</strong></span> 
     </span>
    </p>
   </div>
   <div class='ocr_carea' id='block_1_68' title="bbox 405 3854 1380 3926">
    <p class='ocr_par' dir='ltr' id='par_1_68' title="bbox 405 3854 1380 3926">
     <span class='ocr_line' id='line_1_68' title="bbox 405 3854 1380 3926; baseline 0.002 -21"><span class='ocrx_word' id='word_1_536' title='bbox 405 3854 473 3906; x_wconf 75' lang='lat' dir='ltr'><strong>vit</strong></span> <span class='ocrx_word' id='word_1_537' title='bbox 504 3868 586 3906; x_wconf 85' lang='lat' dir='ltr'><strong>vos</strong></span> <span class='ocrx_word' id='word_1_538' title='bbox 606 3854 657 3906; x_wconf 90' lang='lat' dir='ltr'><strong>in</strong></span> <span class='ocrx_word' id='word_1_539' title='bbox 682 3869 887 3922; x_wconf 80' lang='lat' dir='ltr'><strong>regnum</strong></span> <span class='ocrx_word' id='word_1_540' title='bbox 908 3870 1052 3908; x_wconf 81' lang='lat' dir='ltr'><strong>suum</strong></span> <span class='ocrx_word' id='word_1_541' title='bbox 1077 3865 1121 3908; x_wconf 89' lang='lat' dir='ltr'><strong>et</strong></span> <span class='ocrx_word' id='word_1_542' title='bbox 1143 3855 1380 3926; x_wconf 84' lang='lat' dir='ltr'><strong>gloriam.</strong></span> 
     </span>
    </p>
   </div>
   <div class='ocr_carea' id='block_1_69' title="bbox 402 4025 1904 4103">
    <p class='ocr_par' dir='ltr' id='par_1_69' title="bbox 402 4025 1904 4103">
     <span class='ocr_line' id='line_1_69' title="bbox 402 4025 1904 4103; baseline -0.004 -17"><span class='ocrx_word' id='word_1_543' title='bbox 402 4025 456 4087; x_wconf 78' lang='lat' dir='ltr'><strong>l.</strong></span> <span class='ocrx_word' id='word_1_544' title='bbox 489 4032 769 4087; x_wconf 82' lang='lat' dir='ltr'><strong>Ductorem</strong></span> <span class='ocrx_word' id='word_1_545' title='bbox 800 4030 929 4087; x_wconf 89' lang='lat' dir='ltr'><strong>nihil</strong></span> <span class='ocrx_word' id='word_1_546' title='bbox 956 4040 1164 4103; x_wconf 84' lang='lat' dir='ltr'><strong>oportet</strong></span> <span class='ocrx_word' id='word_1_547' title='bbox 1188 4037 1473 4086; x_wconf 85' lang='lat' dir='ltr'><strong>onerosum</strong></span> <span class='ocrx_word' id='word_1_548' title='bbox 1504 4025 1692 4099; x_wconf 87' lang='lat' dir='ltr'><strong>putare</strong></span> <span class='ocrx_word' id='word_1_549' title='bbox 1721 4036 1904 4082; x_wconf 80' lang='lat' dir='ltr'><strong>eorum</strong></span> 
     </span>
    </p>
   </div>
   <div class='ocr_carea' id='block_1_70' title="bbox 322 4120 1908 4195">
    <p class='ocr_par' dir='ltr' id='par_1_70' title="bbox 322 4120 1908 4195">
     <span class='ocr_line' id='line_1_70' title="bbox 322 4120 1908 4195; baseline -0.003 -17"><span class='ocrx_word' id='word_1_550' title='bbox 322 4133 448 4195; x_wconf 78' lang='lat' dir='ltr'><strong>qure</strong></span> <span class='ocrx_word' id='word_1_551' title='bbox 478 4124 701 4179; x_wconf 90' lang='lat' dir='ltr'><strong>tendunt</strong></span> <span class='ocrx_word' id='word_1_552' title='bbox 727 4122 791 4178; x_wconf 90' lang='lat' dir='ltr'><strong>ad</strong></span> <span class='ocrx_word' id='word_1_553' title='bbox 813 4125 1034 4178; x_wconf 89' lang='lat' dir='ltr'><strong>salutem</strong></span> <span class='ocrx_word' id='word_1_554' title='bbox 1063 4123 1462 4191; x_wconf 80' lang='lat' dir='ltr'><strong>discipulorum.</strong></span> <span class='ocrx_word' id='word_1_555' title='bbox 1495 4121 1625 4175; x_wconf 87' lang='lat' dir='ltr'><strong>Nam</strong></span> <span class='ocrx_word' id='word_1_556' title='bbox 1652 4123 1695 4174; x_wconf 91' lang='lat' dir='ltr'><strong>si</strong></span> <span class='ocrx_word' id='word_1_557' title='bbox 1721 4120 1908 4174; x_wconf 86' lang='lat' dir='ltr'><strong>beatus</strong></span> 
     </span>
    </p>
   </div>
   <div class='ocr_carea' id='block_1_71' title="bbox 323 4204 1907 4272">
    <p class='ocr_par' dir='ltr' id='par_1_71' title="bbox 323 4204 1907 4272">
     <span class='ocr_line' id='line_1_71' title="bbox 323 4204 1907 4272; baseline -0.006 0"><span class='ocrx_word' id='word_1_558' title='bbox 323 4209 494 4272; x_wconf 72' lang='lat' dir='ltr'><strong>.lacob</strong></span> <span class='ocrx_word' id='word_1_559' title='bbox 514 4225 667 4271; x_wconf 86' lang='lat' dir='ltr'><strong>nocte</strong></span> <span class='ocrx_word' id='word_1_560' title='bbox 690 4224 744 4270; x_wconf 92' lang='lat' dir='ltr'><strong>et</strong></span> <span class='ocrx_word' id='word_1_561' title='bbox 765 4215 853 4270; x_wconf 89' lang='lat' dir='ltr'><strong>die</strong></span> <span class='ocrx_word' id='word_1_562' title='bbox 877 4204 1151 4268; x_wconf 85' lang='lat' dir='ltr'><strong>laborabat</strong></span> <span class='ocrx_word' id='word_1_563' title='bbox 1168 4214 1216 4267; x_wconf 93' lang='lat' dir='ltr'><strong>in</strong></span> <span class='ocrx_word' id='word_1_564' title='bbox 1240 4215 1415 4266; x_wconf 84' lang='lat' dir='ltr'><strong>ovium</strong></span> <span class='ocrx_word' id='word_1_565' title='bbox 1437 4210 1676 4267; x_wconf 89' lang='lat' dir='ltr'><strong>custodia</strong></span> <span class='ocrx_word' id='word_1_566' title='bbox 1706 4230 1719 4265; x_wconf 88' lang='lat'><strong>:</strong></span> <span class='ocrx_word' id='word_1_567' title='bbox 1742 4211 1907 4264; x_wconf 88' lang='lat' dir='ltr'><strong>multo</strong></span> 
     </span>
    </p>
   </div>
   <div class='ocr_carea' id='block_1_72' title="bbox 326 4303 1910 4377">
    <p class='ocr_par' dir='ltr' id='par_1_72' title="bbox 326 4303 1910 4377">
     <span class='ocr_line' id='line_1_72' title="bbox 326 4303 1910 4377; baseline -0.003 -18"><span class='ocrx_word' id='word_1_568' title='bbox 326 4307 501 4377; x_wconf 79' lang='lat' dir='ltr'><strong>magis</strong></span> <span class='ocrx_word' id='word_1_569' title='bbox 545 4321 666 4361; x_wconf 89' lang='lat' dir='ltr'><strong>eum</strong></span> <span class='ocrx_word' id='word_1_570' title='bbox 696 4307 780 4360; x_wconf 88' lang='lat' dir='ltr'><strong>cui</strong></span> <span class='ocrx_word' id='word_1_571' title='bbox 809 4305 1024 4359; x_wconf 81' lang='lat' dir='ltr'><strong>creditae</strong></span> <span class='ocrx_word' id='word_1_572' title='bbox 1052 4314 1174 4358; x_wconf 88' lang='lat' dir='ltr'><strong>sunt</strong></span> <span class='ocrx_word' id='word_1_573' title='bbox 1202 4304 1414 4365; x_wconf 76' lang='lat' dir='ltr'><strong>animce,</strong></span> <span class='ocrx_word' id='word_1_574' title='bbox 1449 4303 1657 4358; x_wconf 91' lang='lat' dir='ltr'><strong>etiamsi</strong></span> <span class='ocrx_word' id='word_1_575' title='bbox 1686 4303 1756 4355; x_wconf 91' lang='lat' dir='ltr'><strong>sit</strong></span> <span class='ocrx_word' id='word_1_576' title='bbox 1777 4316 1910 4370; x_wconf 90' lang='lat' dir='ltr'><strong>opus</strong></span> 
     </span>
    </p>
   </div>
   <div class='ocr_carea' id='block_1_73' title="bbox 328 4390 1909 4463">
    <p class='ocr_par' dir='ltr' id='par_1_73' title="bbox 328 4390 1909 4463">
     <span class='ocr_line' id='line_1_73' title="bbox 328 4390 1909 4463; baseline -0.003 -14"><span class='ocrx_word' id='word_1_577' title='bbox 328 4390 655 4451; x_wconf 85' lang='lat' dir='ltr'><strong>laboriosum</strong></span> <span class='ocrx_word' id='word_1_578' title='bbox 680 4405 733 4450; x_wconf 92' lang='lat' dir='ltr'><strong>ct</strong></span> <span class='ocrx_word' id='word_1_579' title='bbox 753 4394 877 4461; x_wconf 83' lang='lat' dir='ltr'><strong>vile,</strong></span> <span class='ocrx_word' id='word_1_580' title='bbox 903 4395 1078 4449; x_wconf 87' lang='lat' dir='ltr'><strong>omnia</strong></span> <span class='ocrx_word' id='word_1_581' title='bbox 1102 4402 1313 4463; x_wconf 90' lang='lat' dir='ltr'><strong>oportet</strong></span> <span class='ocrx_word' id='word_1_582' title='bbox 1338 4393 1530 4456; x_wconf 87' lang='lat' dir='ltr'><strong>facere,</strong></span> <span class='ocrx_word' id='word_1_583' title='bbox 1558 4408 1718 4447; x_wconf 89' lang='lat' dir='ltr'><strong>unum</strong></span> <span class='ocrx_word' id='word_1_584' title='bbox 1738 4392 1909 4445; x_wconf 90' lang='lat' dir='ltr'><strong>solum</strong></span> 
     </span>
    </p>
   </div>
   <div class='ocr_carea' id='block_1_74' title="bbox 327 4484 1911 4555">
    <p class='ocr_par' dir='ltr' id='par_1_74' title="bbox 327 4484 1911 4555">
     <span class='ocr_line' id='line_1_74' title="bbox 327 4484 1911 4555; baseline -0.002 -16"><span class='ocrx_word' id='word_1_585' title='bbox 327 4495 684 4554; x_wconf 87' lang='lat' dir='ltr'><strong>spectantem,</strong></span> <span class='ocrx_word' id='word_1_586' title='bbox 718 4501 910 4555; x_wconf 87' lang='lat' dir='ltr'><strong>nempe</strong></span> <span class='ocrx_word' id='word_1_587' title='bbox 953 4485 1180 4539; x_wconf 83' lang='lat' dir='ltr'><strong>salutem</strong></span> <span class='ocrx_word' id='word_1_588' title='bbox 1235 4484 1638 4552; x_wconf 85' lang='lat' dir='ltr'><strong>discipulorum,</strong></span> <span class='ocrx_word' id='word_1_589' title='bbox 1692 4494 1745 4536; x_wconf 92' lang='lat' dir='ltr'><strong>et</strong></span> <span class='ocrx_word' id='word_1_590' title='bbox 1793 4497 1911 4551; x_wconf 74' lang='lat' dir='ltr'><strong>qua:</strong></span> 
     </span>
    </p>
   </div>
   <div class='ocr_carea' id='block_1_75' title="bbox 327 4566 1910 4647">
    <p class='ocr_par' dir='ltr' id='par_1_75' title="bbox 327 4566 1910 4647">
     <span class='ocr_line' id='line_1_75' title="bbox 327 4566 1910 4647; baseline 0 -20"><span class='ocrx_word' id='word_1_591' title='bbox 327 4572 462 4628; x_wconf 91' lang='lat' dir='ltr'><strong>inde</strong></span> <span class='ocrx_word' id='word_1_592' title='bbox 486 4568 592 4629; x_wconf 86' lang='lat' dir='ltr'><strong>Deo</strong></span> <span class='ocrx_word' id='word_1_593' title='bbox 616 4566 833 4630; x_wconf 65' lang='lat' dir='ltr'><strong>affertur</strong></span> <span class='ocrx_word' id='word_1_594' title='bbox 859 4574 1103 4647; x_wconf 78' lang='lat' dir='ltr'><strong>gloriam.</strong></span> <span class='ocrx_word' id='word_1_595' title='bbox 1134 4572 1263 4629; x_wconf 82' lang='lat' dir='ltr'><strong>Vide</strong></span> <span class='ocrx_word' id='word_1_596' title='bbox 1281 4588 1407 4643; x_wconf 80' lang='lat' dir='ltr'><strong>ergo</strong></span> <span class='ocrx_word' id='word_1_597' title='bbox 1430 4572 1696 4641; x_wconf 90' lang='lat' dir='ltr'><strong>quomodo</strong></span> <span class='ocrx_word' id='word_1_598' title='bbox 1719 4566 1910 4627; x_wconf 83' lang='lat' dir='ltr'><strong>Paulus</strong></span> 
     </span>
    </p>
   </div>
   <div class='ocr_carea' id='block_1_76' title="bbox 325 4656 1909 4735">
    <p class='ocr_par' dir='ltr' id='par_1_76' title="bbox 325 4656 1909 4735">
     <span class='ocr_line' id='line_1_76' title="bbox 325 4656 1909 4735; baseline 0 -18"><span class='ocrx_word' id='word_1_599' title='bbox 325 4676 532 4735; x_wconf 82' lang='lat' dir='ltr'><strong>pra-co,</strong></span> <span class='ocrx_word' id='word_1_600' title='bbox 581 4667 852 4735; x_wconf 85' lang='lat' dir='ltr'><strong>apostolus</strong></span> <span class='ocrx_word' id='word_1_601' title='bbox 882 4656 1027 4721; x_wconf 84' lang='lat' dir='ltr'><strong>orbis</strong></span> <span class='ocrx_word' id='word_1_602' title='bbox 1060 4675 1235 4728; x_wconf 64' lang='lat' dir='ltr'><strong>terra},</strong></span> <span class='ocrx_word' id='word_1_603' title='bbox 1268 4664 1359 4718; x_wconf 84' lang='lat' dir='ltr'><strong>tali</strong></span> <span class='ocrx_word' id='word_1_604' title='bbox 1401 4675 1647 4731; x_wconf 85' lang='lat' dir='ltr'><strong>suscepto</strong></span> <span class='ocrx_word' id='word_1_605' title='bbox 1677 4664 1909 4730; x_wconf 90' lang='lat' dir='ltr'><strong>honore,</strong></span> 
     </span>
    </p>
   </div>
   <div class='ocr_carea' id='block_1_77' title="bbox 323 4753 1914 4825">
    <p class='ocr_par' dir='ltr' id='par_1_77' title="bbox 323 4753 1914 4825">
     <span class='ocr_line' id='line_1_77' title="bbox 323 4753 1914 4825; baseline -0.004 -14"><span class='ocrx_word' id='word_1_606' title='bbox 323 4756 651 4825; x_wconf 86' lang='lat' dir='ltr'><strong>operabatur</strong></span> <span class='ocrx_word' id='word_1_607' title='bbox 678 4757 947 4822; x_wconf 85' lang='lat' dir='ltr'><strong>manibus,</strong></span> <span class='ocrx_word' id='word_1_608' title='bbox 979 4771 1046 4810; x_wconf 92' lang='lat' dir='ltr'><strong>ne</strong></span> <span class='ocrx_word' id='word_1_609' title='bbox 1093 4764 1339 4824; x_wconf 80' lang='lat' dir='ltr'><strong>gravaret</strong></span> <span class='ocrx_word' id='word_1_610' title='bbox 1377 4754 1686 4822; x_wconf 89' lang='lat' dir='ltr'><strong>discipulos.</strong></span> <span class='ocrx_word' id='word_1_611' title='bbox 1720 4753 1914 4807; x_wconf 78' lang='lat' dir='ltr'><strong>Memo-</strong></span> 
     </span>
    </p>
   </div>
   <div class='ocr_carea' id='block_1_78' title="bbox 319 4834 1912 4917">
    <p class='ocr_par' dir='ltr' id='par_1_78' title="bbox 319 4834 1912 4917">
     <span class='ocr_line' id='line_1_78' title="bbox 319 4834 1912 4917; baseline -0.003 -16"><span class='ocrx_word' id='word_1_612' title='bbox 319 4867 404 4903; x_wconf 88' lang='lat' dir='ltr'><strong>res</strong></span> <span class='ocrx_word' id='word_1_613' title='bbox 451 4848 584 4901; x_wconf 86' lang='lat' dir='ltr'><strong>enim</strong></span> <span class='ocrx_word' id='word_1_614' title='bbox 613 4851 750 4910; x_wconf 83' lang='lat' dir='ltr'><strong>estis,</strong></span> <span class='ocrx_word' id='word_1_615' title='bbox 778 4849 979 4917; x_wconf 91' lang='lat' dir='ltr'><strong>inquit.</strong></span> <span class='ocrx_word' id='word_1_616' title='bbox 1010 4850 1212 4916; x_wconf 85' lang='lat' dir='ltr'><strong>fratres,</strong></span> <span class='ocrx_word' id='word_1_617' title='bbox 1247 4844 1430 4899; x_wconf 84' lang='lat' dir='ltr'><strong>laboris</strong></span> <span class='ocrx_word' id='word_1_618' title='bbox 1470 4834 1628 4898; x_wconf 87' lang='lat' dir='ltr'><strong>nostri</strong></span> <span class='ocrx_word' id='word_1_619' title='bbox 1648 4856 1692 4898; x_wconf 90' lang='lat' dir='ltr'><strong>et</strong></span> <span class='ocrx_word' id='word_1_620' title='bbox 1722 4846 1912 4914; x_wconf 86' lang='lat' dir='ltr'><strong>fatiga-</strong></span> 
     </span>
    </p>
   </div>
   <div class='ocr_carea' id='block_1_79' title="bbox 321 4934 1915 5008">
    <p class='ocr_par' dir='ltr' id='par_1_79' title="bbox 321 4934 1915 5008">
     <span class='ocr_line' id='line_1_79' title="bbox 321 4934 1915 5008; baseline -0.002 -16"><span class='ocrx_word' id='word_1_621' title='bbox 321 4942 505 4992; x_wconf 84' lang='lat' dir='ltr'><strong>tionis.</strong></span> <span class='ocrx_word' id='word_1_622' title='bbox 532 4937 682 4993; x_wconf 82' lang='lat' dir='ltr'><strong>Prius</strong></span> <span class='ocrx_word' id='word_1_623' title='bbox 707 4941 938 5005; x_wconf 81' lang='lat' dir='ltr'><strong>dixerat,</strong></span> <span class='ocrx_word' id='word_1_624' title='bbox 965 4934 1268 4992; x_wconf 82' lang='lat' dir='ltr'><strong>Poteramus</strong></span> <span class='ocrx_word' id='word_1_625' title='bbox 1296 4938 1435 4991; x_wconf 87' lang='lat' dir='ltr'><strong>oneri</strong></span> <span class='ocrx_word' id='word_1_626' title='bbox 1484 4954 1608 5003; x_wconf 84' lang='lat' dir='ltr'><strong>esse,</strong></span> <span class='ocrx_word' id='word_1_627' title='bbox 1658 4946 1915 5008; x_wconf 85' lang='lat' dir='ltr'><strong>tamquam</strong></span> 
     </span>
    </p>
   </div>
   <div class='ocr_carea' id='block_1_80' title="bbox 320 5026 1912 5099">
    <p class='ocr_par' dir='ltr' id='par_1_80' title="bbox 320 5026 1912 5099">
     <span class='ocr_line' id='line_1_80' title="bbox 320 5026 1912 5099; baseline -0.001 -18"><span class='ocrx_word' id='word_1_628' title='bbox 320 5026 522 5081; x_wconf 82' lang='lat' dir='ltr'><strong>Christi</strong></span> <span class='ocrx_word' id='word_1_629' title='bbox 545 5030 758 5097; x_wconf 82' lang='lat' dir='ltr'><strong>apostoli</strong></span> <span class='ocrx_word' id='word_1_630' title='bbox 781 5045 800 5082; x_wconf 90' lang='lat'><strong><em>:</em></strong></span> <span class='ocrx_word' id='word_1_631' title='bbox 824 5029 964 5099; x_wconf 87' lang='lat' dir='ltr'><strong>quod</strong></span> <span class='ocrx_word' id='word_1_632' title='bbox 995 5030 1155 5084; x_wconf 88' lang='lat' dir='ltr'><strong>etiam</strong></span> <span class='ocrx_word' id='word_1_633' title='bbox 1183 5028 1311 5082; x_wconf 88' lang='lat' dir='ltr'><strong>dicit</strong></span> <span class='ocrx_word' id='word_1_634' title='bbox 1357 5029 1408 5082; x_wconf 93' lang='lat' dir='ltr'><strong>in</strong></span> <span class='ocrx_word' id='word_1_635' title='bbox 1440 5029 1673 5097; x_wconf 77' lang='lat' dir='ltr'><strong>Epistola</strong></span> <span class='ocrx_word' id='word_1_636' title='bbox 1702 5028 1767 5081; x_wconf 91' lang='lat' dir='ltr'><strong>ad</strong></span> <span class='ocrx_word' id='word_1_637' title='bbox 1805 5027 1912 5081; x_wconf 80' lang='lat' dir='ltr'><strong>Co-</strong></span> 
     </span>
    </p>
   </div>
   <div class='ocr_carea' id='block_1_81' title="bbox 321 5106 1910 5187">
    <p class='ocr_par' dir='ltr' id='par_1_81' title="bbox 321 5106 1910 5187">
     <span class='ocr_line' id='line_1_81' title="bbox 321 5106 1910 5187; baseline 0.001 -18"><span class='ocrx_word' id='word_1_638' title='bbox 321 5114 566 5170; x_wconf 85' lang='lat' dir='ltr'><strong>rinthios</strong></span> <span class='ocrx_word' id='word_1_639' title='bbox 593 5133 607 5169; x_wconf 88' lang='lat'><strong>:</strong></span> <span class='ocrx_word' id='word_1_640' title='bbox 638 5106 859 5171; x_wconf 84' lang='lat' dir='ltr'><strong>Nescitis</strong></span> <span class='ocrx_word' id='word_1_641' title='bbox 906 5116 1040 5186; x_wconf 83' lang='lat' dir='ltr'><strong>quod</strong></span> <span class='ocrx_word' id='word_1_642' title='bbox 1077 5118 1162 5187; x_wconf 87' lang='lat' dir='ltr'><strong>qui</strong></span> <span class='ocrx_word' id='word_1_643' title='bbox 1194 5118 1350 5172; x_wconf 87' lang='lat' dir='ltr'><strong>sacris</strong></span> <span class='ocrx_word' id='word_1_644' title='bbox 1391 5128 1681 5187; x_wconf 81' lang='lat' dir='ltr'><strong>operantur,</strong></span> <span class='ocrx_word' id='word_1_645' title='bbox 1715 5135 1741 5171; x_wconf 90' lang='lat' dir='ltr'><strong>e</strong></span> <span class='ocrx_word' id='word_1_646' title='bbox 1764 5132 1910 5171; x_wconf 89' lang='lat' dir='ltr'><strong>sacro</strong></span> 
     </span>
    </p>
   </div>
   <div class='ocr_carea' id='block_1_82' title="bbox 318 5202 1912 5279">
    <p class='ocr_par' dir='ltr' id='par_1_82' title="bbox 318 5202 1912 5279">
     <span class='ocr_line' id='line_1_82' title="bbox 318 5202 1912 5279; baseline -0.002 -16"><span class='ocrx_word' id='word_1_647' title='bbox 318 5207 600 5263; x_wconf 83' lang='lat' dir='ltr'><strong>comedunt</strong></span> <span class='ocrx_word' id='word_1_648' title='bbox 626 5203 715 5277; x_wconf 75' lang='lat' dir='ltr'><strong>(l.</strong></span> <span class='ocrx_word' id='word_1_649' title='bbox 743 5206 862 5262; x_wconf 84' lang='lat' dir='ltr'><strong>Cor.</strong></span> <span class='ocrx_word' id='word_1_650' title='bbox 894 5209 947 5263; x_wconf 91' lang='lat'><strong>9.</strong></span> <span class='ocrx_word' id='word_1_651' title='bbox 977 5204 1124 5279; x_wconf 67' lang='lat'><strong>15)?</strong></span> <span class='ocrx_word' id='word_1_652' title='bbox 1149 5202 1236 5264; x_wconf 87' lang='lat' dir='ltr'><strong>Sic</strong></span> <span class='ocrx_word' id='word_1_653' title='bbox 1276 5219 1330 5264; x_wconf 90' lang='lat' dir='ltr'><strong>et</strong></span> <span class='ocrx_word' id='word_1_654' title='bbox 1357 5208 1597 5263; x_wconf 73' lang='lat' dir='ltr'><strong>Christus</strong></span> <span class='ocrx_word' id='word_1_655' title='bbox 1637 5204 1912 5263; x_wconf 89' lang='lat' dir='ltr'><strong>constituit</strong></span> 
     </span>
    </p>
   </div>
   <div class='ocr_carea' id='block_1_83' title="bbox 313 5298 1909 5369">
    <p class='ocr_par' dir='ltr' id='par_1_83' title="bbox 313 5298 1909 5369">
     <span class='ocr_line' id='line_1_83' title="bbox 313 5298 1909 5369; baseline 0 -16"><span class='ocrx_word' id='word_1_656' title='bbox 313 5310 382 5353; x_wconf 77' lang='grc' dir='ltr'><strong>ἰιι</strong></span> <span class='ocrx_word' id='word_1_657' title='bbox 415 5298 511 5368; x_wconf 91' lang='lat' dir='ltr'><strong>qui</strong></span> <span class='ocrx_word' id='word_1_658' title='bbox 554 5299 887 5369; x_wconf 65' lang='lat' dir='ltr'><strong>evangeﬂum</strong></span> <span class='ocrx_word' id='word_1_659' title='bbox 932 5304 1264 5365; x_wconf 88' lang='lat' dir='ltr'><strong>annuntiant,</strong></span> <span class='ocrx_word' id='word_1_660' title='bbox 1311 5317 1374 5356; x_wconf 79' lang='lat' dir='ltr'><strong>ex</strong></span> <span class='ocrx_word' id='word_1_661' title='bbox 1404 5301 1680 5369; x_wconf 76' lang='lat' dir='ltr'><strong>cvangelio</strong></span> <span class='ocrx_word' id='word_1_662' title='bbox 1709 5305 1909 5354; x_wconf 83' lang='lat' dir='ltr'><strong>vivant.</strong></span> 
     </span>
    </p>
   </div>
   <div class='ocr_carea' id='block_1_84' title="bbox 318 5388 1910 5461">
    <p class='ocr_par' dir='ltr' id='par_1_84' title="bbox 318 5388 1910 5461">
     <span class='ocr_line' id='line_1_84' title="bbox 318 5388 1910 5461; baseline -0.003 -14"><span class='ocrx_word' id='word_1_663' title='bbox 318 5389 435 5447; x_wconf 87' lang='lat' dir='ltr'><strong>Sed</strong></span> <span class='ocrx_word' id='word_1_664' title='bbox 468 5404 592 5459; x_wconf 78' lang='lat' dir='ltr'><strong>ego,</strong></span> <span class='ocrx_word' id='word_1_665' title='bbox 627 5392 830 5460; x_wconf 90' lang='lat' dir='ltr'><strong>inquit,</strong></span> <span class='ocrx_word' id='word_1_666' title='bbox 860 5388 1023 5451; x_wconf 89' lang='lat' dir='ltr'><strong>nolui.</strong></span> <span class='ocrx_word' id='word_1_667' title='bbox 1074 5392 1168 5446; x_wconf 88' lang='lat' dir='ltr'><strong>sed</strong></span> <span class='ocrx_word' id='word_1_668' title='bbox 1222 5392 1475 5447; x_wconf 81' lang='lat' dir='ltr'><strong>laboravi.</strong></span> <span class='ocrx_word' id='word_1_669' title='bbox 1506 5391 1690 5461; x_wconf 81' lang='lat' dir='ltr'><strong>Neque</strong></span> <span class='ocrx_word' id='word_1_670' title='bbox 1738 5391 1910 5445; x_wconf 89' lang='lat' dir='ltr'><strong>solum</strong></span> 
     </span>
    </p>
   </div>
   <div class='ocr_carea' id='block_1_85' title="bbox 319 5481 1917 5552">
    <p class='ocr_par' dir='ltr' id='par_1_85' title="bbox 319 5481 1917 5552">
     <span class='ocr_line' id='line_1_85' title="bbox 319 5481 1917 5552; baseline 0.001 -17"><span class='ocrx_word' id='word_1_671' title='bbox 319 5489 608 5551; x_wconf 86' lang='lat' dir='ltr'><strong>operatur,</strong></span> <span class='ocrx_word' id='word_1_672' title='bbox 636 5481 731 5537; x_wconf 82' lang='lat' dir='ltr'><strong>sed</strong></span> <span class='ocrx_word' id='word_1_673' title='bbox 752 5497 874 5535; x_wconf 89' lang='lat' dir='ltr'><strong>cum</strong></span> <span class='ocrx_word' id='word_1_674' title='bbox 906 5483 1073 5535; x_wconf 89' lang='lat' dir='ltr'><strong>multo</strong></span> <span class='ocrx_word' id='word_1_675' title='bbox 1097 5482 1271 5537; x_wconf 91' lang='lat' dir='ltr'><strong>studio</strong></span> <span class='ocrx_word' id='word_1_676' title='bbox 1301 5493 1351 5537; x_wconf 88' lang='lat' dir='ltr'><strong>et</strong></span> <span class='ocrx_word' id='word_1_677' title='bbox 1379 5483 1671 5552; x_wconf 82' lang='lat' dir='ltr'><strong>diligentia.</strong></span> <span class='ocrx_word' id='word_1_678' title='bbox 1703 5482 1768 5536; x_wconf 85' lang='lat' dir='ltr'><strong>Et</strong></span> <span class='ocrx_word' id='word_1_679' title='bbox 1795 5482 1917 5536; x_wconf 90' lang='lat' dir='ltr'><strong>vide</strong></span> 
     </span>
    </p>
   </div>
   <div class='ocr_carea' id='block_1_86' title="bbox 320 5570 1914 5642">
    <p class='ocr_par' dir='ltr' id='par_1_86' title="bbox 320 5570 1914 5642">
     <span class='ocr_line' id='line_1_86' title="bbox 320 5570 1914 5642; baseline -0.003 -15"><span class='ocrx_word' id='word_1_680' title='bbox 320 5574 456 5641; x_wconf 86' lang='lat' dir='ltr'><strong>quid</strong></span> <span class='ocrx_word' id='word_1_681' title='bbox 488 5570 632 5626; x_wconf 85' lang='lat' dir='ltr'><strong>dicat</strong></span> <span class='ocrx_word' id='word_1_682' title='bbox 663 5591 676 5624; x_wconf 89' lang='lat'><strong>:</strong></span> <span class='ocrx_word' id='word_1_683' title='bbox 708 5570 981 5639; x_wconf 76' lang='lat' dir='ltr'><strong>Memores,</strong></span> <span class='ocrx_word' id='word_1_684' title='bbox 1024 5572 1208 5642; x_wconf 88' lang='lat' dir='ltr'><strong>inquit,</strong></span> <span class='ocrx_word' id='word_1_685' title='bbox 1241 5573 1376 5637; x_wconf 77' lang='lat' dir='ltr'><strong>estis,</strong></span> <span class='ocrx_word' id='word_1_686' title='bbox 1411 5588 1516 5625; x_wconf 89' lang='lat' dir='ltr'><strong>non</strong></span> <span class='ocrx_word' id='word_1_687' title='bbox 1542 5571 1914 5625; x_wconf 82' lang='lat' dir='ltr'><strong>beneficiorum</strong></span> 
     </span>
    </p>
   </div>
   <div class='ocr_carea' id='block_1_87' title="bbox 323 5660 1915 5736">
    <p class='ocr_par' dir='ltr' id='par_1_87' title="bbox 323 5660 1915 5736">
     <span class='ocr_line' id='line_1_87' title="bbox 323 5660 1915 5736; baseline -0.004 -16"><span class='ocrx_word' id='word_1_688' title='bbox 323 5679 604 5723; x_wconf 80' lang='lat' dir='ltr'><strong>meorum.</strong></span> <span class='ocrx_word' id='word_1_689' title='bbox 639 5665 755 5729; x_wconf 74' lang='lat' dir='ltr'><strong>scd,</strong></span> <span class='ocrx_word' id='word_1_690' title='bbox 786 5662 999 5717; x_wconf 84' lang='lat' dir='ltr'><strong>Laboris</strong></span> <span class='ocrx_word' id='word_1_691' title='bbox 1027 5666 1183 5718; x_wconf 81' lang='lat' dir='ltr'><strong>nostri</strong></span> <span class='ocrx_word' id='word_1_692' title='bbox 1226 5677 1272 5717; x_wconf 82' lang='lat' dir='ltr'><strong>et</strong></span> <span class='ocrx_word' id='word_1_693' title='bbox 1304 5662 1633 5736; x_wconf 55' lang='lat' dir='ltr'><strong>fatigationis.</strong></span> <span class='ocrx_word' id='word_1_694' title='bbox 1666 5660 1826 5715; x_wconf 79' lang='lat' dir='ltr'><strong>Nocte</strong></span> <span class='ocrx_word' id='word_1_695' title='bbox 1870 5671 1915 5714; x_wconf 84' lang='lat' dir='ltr'><strong>ct</strong></span> 
     </span>
    </p>
   </div>
   <div class='ocr_carea' id='block_1_88' title="bbox 635 5780 1311 5843">
    <p class='ocr_par' dir='ltr' id='par_1_88' title="bbox 635 5780 1311 5843">
     <span class='ocr_line' id='line_1_88' title="bbox 635 5780 1311 5843; baseline -0.006 0"><span class='ocrx_word' id='word_1_696' title='bbox 635 5785 906 5843; x_wconf 68' lang='grc' dir='ltr'>Ριιτιιοι..</span> <span class='ocrx_word' id='word_1_697' title='bbox 956 5782 1070 5841; x_wconf 85' lang='lat' dir='ltr'><strong>Gn.</strong></span> <span class='ocrx_word' id='word_1_698' title='bbox 1124 5780 1311 5840; x_wconf 68' lang='grc' dir='ltr'><strong>[ΧΗ.</strong></span> 
     </span>
    </p>
   </div>
   <div class='ocr_carea' id='block_1_89' title="bbox 2001 3111 3585 3190">
    <p class='ocr_par' dir='ltr' id='par_1_89' title="bbox 2001 3111 3585 3190">
     <span class='ocr_line' id='line_1_89' title="bbox 2001 3111 3585 3190; baseline -0.001 -18"><span class='ocrx_word' id='word_1_699' title='bbox 2001 3119 2088 3172; x_wconf 75' lang='lat' dir='ltr'><strong>die</strong></span> <span class='ocrx_word' id='word_1_700' title='bbox 2115 3129 2397 3190; x_wconf 84' lang='lat' dir='ltr'><strong>operantes,</strong></span> <span class='ocrx_word' id='word_1_701' title='bbox 2425 3135 2488 3174; x_wconf 90' lang='lat' dir='ltr'><strong>ne</strong></span> <span class='ocrx_word' id='word_1_702' title='bbox 2507 3136 2652 3190; x_wconf 86' lang='lat' dir='ltr'><strong>quem</strong></span> <span class='ocrx_word' id='word_1_703' title='bbox 2670 3130 2886 3174; x_wconf 87' lang='lat' dir='ltr'><strong>vestrum</strong></span> <span class='ocrx_word' id='word_1_704' title='bbox 2924 3134 3268 3190; x_wconf 76' lang='lat' dir='ltr'><strong>gravaremus,</strong></span> <span class='ocrx_word' id='word_1_705' title='bbox 3297 3120 3369 3173; x_wconf 84' lang='lat' dir='ltr'><strong>sic</strong></span> <span class='ocrx_word' id='word_1_706' title='bbox 3393 3111 3585 3186; x_wconf 57' lang='lat' dir='ltr'><strong>prandia</strong></span> 
     </span>
    </p>
   </div>
   <div class='ocr_carea' id='block_1_90' title="bbox 2008 3198 3585 3282">
    <p class='ocr_par' dir='ltr' id='par_1_90' title="bbox 2008 3198 3585 3282">
     <span class='ocr_line' id='line_1_90' title="bbox 2008 3198 3585 3282; baseline 0.001 -19"><span class='ocrx_word' id='word_1_707' title='bbox 2008 3227 2181 3263; x_wconf 81' lang='lat' dir='ltr'><strong>ctmms</strong></span> <span class='ocrx_word' id='word_1_708' title='bbox 2220 3212 2357 3264; x_wconf 80' lang='lat' dir='ltr'><strong>vobis</strong></span> <span class='ocrx_word' id='word_1_709' title='bbox 2396 3213 2707 3282; x_wconf 80' lang='lat' dir='ltr'><strong>evangelium</strong></span> <span class='ocrx_word' id='word_1_710' title='bbox 2757 3210 2874 3264; x_wconf 80' lang='lat' dir='ltr'><strong>Dei.</strong></span> <span class='ocrx_word' id='word_1_711' title='bbox 2912 3211 3206 3265; x_wconf 89' lang='lat' dir='ltr'><strong>Corinthiis</strong></span> <span class='ocrx_word' id='word_1_712' title='bbox 3236 3220 3411 3266; x_wconf 88' lang='lat' dir='ltr'><strong>autem</strong></span> <span class='ocrx_word' id='word_1_713' title='bbox 3440 3198 3585 3264; x_wconf 80' lang='lat' dir='ltr'><strong>aliud</strong></span> 
     </span>
    </p>
   </div>
   <div class='ocr_carea' id='block_1_91' title="bbox 2006 3301 3585 3372">
    <p class='ocr_par' dir='ltr' id='par_1_91' title="bbox 2006 3301 3585 3372">
     <span class='ocr_line' id='line_1_91' title="bbox 2006 3301 3585 3372; baseline -0.002 -17"><span class='ocrx_word' id='word_1_714' title='bbox 2006 3302 2135 3355; x_wconf 88' lang='lat' dir='ltr'><strong>dicit</strong></span> <span class='ocrx_word' id='word_1_715' title='bbox 2166 3319 2178 3354; x_wconf 92' lang='lat'>:</span> <span class='ocrx_word' id='word_1_716' title='bbox 2225 3303 2363 3355; x_wconf 79' lang='lat' dir='ltr'><strong>Alias</strong></span> <span class='ocrx_word' id='word_1_717' title='bbox 2397 3302 2647 3356; x_wconf 83' lang='lat' dir='ltr'><strong>Ecclesias</strong></span> <span class='ocrx_word' id='word_1_718' title='bbox 2680 3302 2973 3371; x_wconf 74' lang='lat' dir='ltr'><strong>exspoliavi,</strong></span> <span class='ocrx_word' id='word_1_719' title='bbox 3004 3303 3255 3372; x_wconf 83' lang='lat' dir='ltr'><strong>accipiens</strong></span> <span class='ocrx_word' id='word_1_720' title='bbox 3279 3301 3585 3369; x_wconf 78' lang='lat' dir='ltr'><strong>stipendium</strong></span> 
     </span>
    </p>
   </div>
   <div class='ocr_carea' id='block_1_92' title="bbox 2007 3391 3589 3463">
    <p class='ocr_par' dir='ltr' id='par_1_92' title="bbox 2007 3391 3589 3463">
     <span class='ocr_line' id='line_1_92' title="bbox 2007 3391 3589 3463; baseline 0.001 -20"><span class='ocrx_word' id='word_1_721' title='bbox 2007 3392 2074 3443; x_wconf 81' lang='lat' dir='ltr'><strong>ad</strong></span> <span class='ocrx_word' id='word_1_722' title='bbox 2103 3393 2433 3445; x_wconf 85' lang='lat' dir='ltr'><strong>ministerium</strong></span> <span class='ocrx_word' id='word_1_723' title='bbox 2470 3400 2685 3445; x_wconf 82' lang='lat' dir='ltr'><strong>oestrum</strong></span> <span class='ocrx_word' id='word_1_724' title='bbox 2724 3392 2814 3462; x_wconf 76' lang='lat'><strong>(9..</strong></span> <span class='ocrx_word' id='word_1_725' title='bbox 2845 3391 2963 3445; x_wconf 84' lang='lat' dir='ltr'><strong>Cor.</strong></span> <span class='ocrx_word' id='word_1_726' title='bbox 3010 3393 3098 3447; x_wconf 81' lang='lat' dir='ltr'><strong>ll.</strong></span> <span class='ocrx_word' id='word_1_727' title='bbox 3145 3391 3233 3463; x_wconf 86' lang='lat'><strong>8).</strong></span> <span class='ocrx_word' id='word_1_728' title='bbox 3290 3392 3450 3461; x_wconf 85' lang='lat' dir='ltr'><strong>Atqui</strong></span> <span class='ocrx_word' id='word_1_729' title='bbox 3482 3391 3589 3444; x_wconf 90' lang='lat' dir='ltr'><strong>illic</strong></span> 
     </span>
    </p>
   </div>
   <div class='ocr_carea' id='block_1_93' title="bbox 2007 3483 3583 3552">
    <p class='ocr_par' dir='ltr' id='par_1_93' title="bbox 2007 3483 3583 3552">
     <span class='ocr_line' id='line_1_93' title="bbox 2007 3483 3583 3552; baseline 0.003 -19"><span class='ocrx_word' id='word_1_730' title='bbox 2007 3494 2217 3552; x_wconf 78' lang='lat' dir='ltr'><strong>quoque</strong></span> <span class='ocrx_word' id='word_1_731' title='bbox 2244 3484 2587 3550; x_wconf 82' lang='lat' dir='ltr'><strong>operabatur,</strong></span> <span class='ocrx_word' id='word_1_732' title='bbox 2616 3483 2711 3537; x_wconf 89' lang='lat' dir='ltr'><strong>sed</strong></span> <span class='ocrx_word' id='word_1_733' title='bbox 2737 3499 2841 3536; x_wconf 91' lang='lat' dir='ltr'><strong>non</strong></span> <span class='ocrx_word' id='word_1_734' title='bbox 2873 3484 3145 3538; x_wconf 85' lang='lat' dir='ltr'><strong>revocavit</strong></span> <span class='ocrx_word' id='word_1_735' title='bbox 3172 3484 3223 3537; x_wconf 94' lang='lat' dir='ltr'><strong>in</strong></span> <span class='ocrx_word' id='word_1_736' title='bbox 3249 3483 3583 3545; x_wconf 78' lang='lat' dir='ltr'><strong>memoriam,</strong></span> 
     </span>
    </p>
   </div>
   <div class='ocr_carea' id='block_1_94' title="bbox 2009 3574 3589 3648">
    <p class='ocr_par' dir='ltr' id='par_1_94' title="bbox 2009 3574 3589 3648">
     <span class='ocr_line' id='line_1_94' title="bbox 2009 3574 3589 3648; baseline 0.003 -21"><span class='ocrx_word' id='word_1_737' title='bbox 2009 3574 2100 3628; x_wconf 86' lang='lat' dir='ltr'><strong>sed</strong></span> <span class='ocrx_word' id='word_1_738' title='bbox 2152 3575 2290 3627; x_wconf 89' lang='lat' dir='ltr'><strong>aliud</strong></span> <span class='ocrx_word' id='word_1_739' title='bbox 2349 3576 2525 3644; x_wconf 88' lang='lat' dir='ltr'><strong>posuit</strong></span> <span class='ocrx_word' id='word_1_740' title='bbox 2570 3576 2710 3645; x_wconf 88' lang='lat' dir='ltr'><strong>quod</strong></span> <span class='ocrx_word' id='word_1_741' title='bbox 2784 3575 2950 3646; x_wconf 80' lang='lat' dir='ltr'><strong>magis</strong></span> <span class='ocrx_word' id='word_1_742' title='bbox 3011 3585 3300 3648; x_wconf 86' lang='lat' dir='ltr'><strong>pungeret;</strong></span> <span class='ocrx_word' id='word_1_743' title='bbox 3369 3577 3589 3646; x_wconf 80' lang='lat' dir='ltr'><strong>perinde</strong></span> 
     </span>
    </p>
   </div>
   <div class='ocr_carea' id='block_1_95' title="bbox 2008 3668 3588 3736">
    <p class='ocr_par' dir='ltr' id='par_1_95' title="bbox 2008 3668 3588 3736">
     <span class='ocr_line' id='line_1_95' title="bbox 2008 3668 3588 3736; baseline 0.003 -17"><span class='ocrx_word' id='word_1_744' title='bbox 2008 3678 2167 3736; x_wconf 88' lang='lat' dir='ltr'><strong>atque</strong></span> <span class='ocrx_word' id='word_1_745' title='bbox 2196 3668 2241 3722; x_wconf 87' lang='lat' dir='ltr'><strong>si</strong></span> <span class='ocrx_word' id='word_1_746' title='bbox 2271 3668 2474 3723; x_wconf 87' lang='lat' dir='ltr'><strong>diceret</strong></span> <span class='ocrx_word' id='word_1_747' title='bbox 2499 3687 2514 3726; x_wconf 86' lang='lat'>:</span> <span class='ocrx_word' id='word_1_748' title='bbox 2547 3672 2628 3725; x_wconf 81' lang='lat' dir='ltr'><strong>Ab</strong></span> <span class='ocrx_word' id='word_1_749' title='bbox 2653 3670 2774 3724; x_wconf 87' lang='lat' dir='ltr'><strong>aliis</strong></span> <span class='ocrx_word' id='word_1_750' title='bbox 2818 3686 2933 3724; x_wconf 88' lang='lat' dir='ltr'><strong>sum</strong></span> <span class='ocrx_word' id='word_1_751' title='bbox 2976 3671 3207 3724; x_wconf 88' lang='lat' dir='ltr'><strong>nutritus</strong></span> <span class='ocrx_word' id='word_1_752' title='bbox 3233 3671 3384 3725; x_wconf 87' lang='lat' dir='ltr'><strong>vobis</strong></span> <span class='ocrx_word' id='word_1_753' title='bbox 3414 3671 3588 3725; x_wconf 86' lang='lat' dir='ltr'><strong>inser-</strong></span> 
     </span>
    </p>
   </div>
   <div class='ocr_carea' id='block_1_96' title="bbox 2006 3746 3586 3833">
    <p class='ocr_par' dir='ltr' id='par_1_96' title="bbox 2006 3746 3586 3833">
     <span class='ocr_line' id='line_1_96' title="bbox 2006 3746 3586 3833; baseline 0.003 -22"><span class='ocrx_word' id='word_1_754' title='bbox 2006 3759 2188 3824; x_wconf 90' lang='lat' dir='ltr'><strong>viens;</strong></span> <span class='ocrx_word' id='word_1_755' title='bbox 2243 3758 2330 3814; x_wconf 90' lang='lat' dir='ltr'><strong>hic</strong></span> <span class='ocrx_word' id='word_1_756' title='bbox 2371 3770 2547 3816; x_wconf 89' lang='lat' dir='ltr'><strong>autem</strong></span> <span class='ocrx_word' id='word_1_757' title='bbox 2597 3777 2701 3815; x_wconf 90' lang='lat' dir='ltr'><strong>nou</strong></span> <span class='ocrx_word' id='word_1_758' title='bbox 2750 3762 2847 3826; x_wconf 90' lang='lat' dir='ltr'><strong>sic,</strong></span> <span class='ocrx_word' id='word_1_759' title='bbox 2905 3761 3000 3817; x_wconf 88' lang='lat' dir='ltr'><strong>sed</strong></span> <span class='ocrx_word' id='word_1_760' title='bbox 3036 3762 3196 3833; x_wconf 86' lang='lat' dir='ltr'><strong>quid?</strong></span> <span class='ocrx_word' id='word_1_761' title='bbox 3244 3746 3409 3816; x_wconf 75' lang='lat' dir='ltr'><strong>Nocte</strong></span> <span class='ocrx_word' id='word_1_762' title='bbox 3434 3774 3479 3816; x_wconf 89' lang='lat' dir='ltr'><strong>et</strong></span> <span class='ocrx_word' id='word_1_763' title='bbox 3504 3762 3586 3815; x_wconf 82' lang='lat' dir='ltr'><strong>die</strong></span> 
     </span>
    </p>
   </div>
   <div class='ocr_carea' id='block_1_97' title="bbox 2010 3853 3588 3922">
    <p class='ocr_par' dir='ltr' id='par_1_97' title="bbox 2010 3853 3588 3922">
     <span class='ocr_line' id='line_1_97' title="bbox 2010 3853 3588 3922; baseline 0.002 -20"><span class='ocrx_word' id='word_1_764' title='bbox 2010 3860 2290 3918; x_wconf 83' lang='lat' dir='ltr'><strong>operantes.</strong></span> <span class='ocrx_word' id='word_1_765' title='bbox 2338 3853 2404 3906; x_wconf 84' lang='lat' dir='ltr'><strong>Et</strong></span> <span class='ocrx_word' id='word_1_766' title='bbox 2442 3853 2548 3907; x_wconf 90' lang='lat' dir='ltr'><strong>illic</strong></span> <span class='ocrx_word' id='word_1_767' title='bbox 2573 3853 2786 3922; x_wconf 89' lang='lat' dir='ltr'><strong>quidem</strong></span> <span class='ocrx_word' id='word_1_768' title='bbox 2813 3854 2961 3917; x_wconf 91' lang='lat' dir='ltr'><strong>dicit,</strong></span> <span class='ocrx_word' id='word_1_769' title='bbox 3013 3853 3075 3906; x_wconf 81' lang='lat' dir='ltr'><strong>Et</strong></span> <span class='ocrx_word' id='word_1_770' title='bbox 3117 3870 3231 3906; x_wconf 82' lang='lat' dir='ltr'><strong>cum</strong></span> <span class='ocrx_word' id='word_1_771' title='bbox 3268 3855 3423 3908; x_wconf 74' lang='lat' dir='ltr'><strong>essent</strong></span> <span class='ocrx_word' id='word_1_772' title='bbox 3450 3854 3588 3922; x_wconf 85' lang='lat' dir='ltr'><strong>apud</strong></span> 
     </span>
    </p>
   </div>
   <div class='ocr_carea' id='block_1_98' title="bbox 2010 3942 3590 4014">
    <p class='ocr_par' dir='ltr' id='par_1_98' title="bbox 2010 3942 3590 4014">
     <span class='ocr_line' id='line_1_98' title="bbox 2010 3942 3590 4014; baseline 0.001 -20"><span class='ocrx_word' id='word_1_773' title='bbox 2010 3958 2096 3994; x_wconf 82' lang='lat' dir='ltr'><strong>res</strong></span> <span class='ocrx_word' id='word_1_774' title='bbox 2123 3952 2170 3995; x_wconf 90' lang='lat' dir='ltr'><strong>et</strong></span> <span class='ocrx_word' id='word_1_775' title='bbox 2199 3959 2412 4013; x_wconf 77' lang='lat' dir='ltr'><strong>egerent,</strong></span> <span class='ocrx_word' id='word_1_776' title='bbox 2442 3943 2641 3997; x_wconf 87' lang='lat' dir='ltr'><strong>nullum</strong></span> <span class='ocrx_word' id='word_1_777' title='bbox 2667 3945 2877 4012; x_wconf 78' lang='lat' dir='ltr'><strong>gravari</strong></span> <span class='ocrx_word' id='word_1_778' title='bbox 2900 3945 2920 4012; x_wconf 89' lang='lat'>(</span> <span class='ocrx_word' id='word_1_779' title='bbox 2934 3943 3069 3996; x_wconf 84' lang='lat' dir='ltr'><strong>Ibid.</strong></span> <span class='ocrx_word' id='word_1_780' title='bbox 3101 3959 3147 3996; x_wconf 83' lang='grc' dir='ltr'><strong>υ.</strong></span> <span class='ocrx_word' id='word_1_781' title='bbox 3176 3942 3276 4012; x_wconf 89' lang='lat'><strong>9);</strong></span> <span class='ocrx_word' id='word_1_782' title='bbox 3308 3954 3382 4007; x_wconf 89' lang='lat' dir='ltr'><strong>el,</strong></span> <span class='ocrx_word' id='word_1_783' title='bbox 3410 3945 3590 4014; x_wconf 79' lang='lat' dir='ltr'><strong>Accepi</strong></span> 
     </span>
    </p>
   </div>
   <div class='ocr_carea' id='block_1_99' title="bbox 2010 4032 3591 4101">
    <p class='ocr_par' dir='ltr' id='par_1_99' title="bbox 2010 4032 3591 4101">
     <span class='ocr_line' id='line_1_99' title="bbox 2010 4032 3591 4101; baseline 0.001 -15"><span class='ocrx_word' id='word_1_784' title='bbox 2010 4035 2311 4101; x_wconf 79' lang='lat' dir='ltr'><strong>stipendium</strong></span> <span class='ocrx_word' id='word_1_785' title='bbox 2340 4035 2407 4086; x_wconf 88' lang='lat' dir='ltr'><strong>ad</strong></span> <span class='ocrx_word' id='word_1_786' title='bbox 2436 4035 2769 4088; x_wconf 83' lang='lat' dir='ltr'><strong>ministerium</strong></span> <span class='ocrx_word' id='word_1_787' title='bbox 2794 4044 3009 4087; x_wconf 86' lang='lat' dir='ltr'><strong>vestrum</strong></span> <span class='ocrx_word' id='word_1_788' title='bbox 3037 4050 3056 4087; x_wconf 89' lang='lat'><strong><em>:</em></strong></span> <span class='ocrx_word' id='word_1_789' title='bbox 3080 4032 3167 4088; x_wconf 88' lang='lat' dir='ltr'><strong>hic</strong></span> <span class='ocrx_word' id='word_1_790' title='bbox 3201 4045 3377 4088; x_wconf 90' lang='lat' dir='ltr'><strong>autem</strong></span> <span class='ocrx_word' id='word_1_791' title='bbox 3406 4043 3591 4088; x_wconf 86' lang='lat' dir='ltr'><strong>osten-</strong></span> 
     </span>
    </p>
   </div>
   <div class='ocr_carea' id='block_1_100' title="bbox 2012 4123 3588 4192">
    <p class='ocr_par' dir='ltr' id='par_1_100' title="bbox 2012 4123 3588 4192">
     <span class='ocr_line' id='line_1_100' title="bbox 2012 4123 3588 4192; baseline -0.001 -16"><span class='ocrx_word' id='word_1_792' title='bbox 2012 4124 2088 4176; x_wconf 90' lang='lat' dir='ltr'><strong>dit</strong></span> <span class='ocrx_word' id='word_1_793' title='bbox 2113 4136 2207 4176; x_wconf 93' lang='lat' dir='ltr'><strong>eos</strong></span> <span class='ocrx_word' id='word_1_794' title='bbox 2232 4138 2350 4177; x_wconf 90' lang='lat' dir='ltr'><strong>esse</strong></span> <span class='ocrx_word' id='word_1_795' title='bbox 2377 4125 2427 4176; x_wconf 90' lang='lat' dir='ltr'><strong>in</strong></span> <span class='ocrx_word' id='word_1_796' title='bbox 2460 4131 2798 4192; x_wconf 86' lang='lat' dir='ltr'><strong>paupertate;</strong></span> <span class='ocrx_word' id='word_1_797' title='bbox 2836 4123 2941 4176; x_wconf 91' lang='lat' dir='ltr'><strong>illic</strong></span> <span class='ocrx_word' id='word_1_798' title='bbox 2971 4137 3099 4176; x_wconf 81' lang='lat' dir='ltr'><strong>vero</strong></span> <span class='ocrx_word' id='word_1_799' title='bbox 3149 4140 3257 4176; x_wconf 89' lang='lat' dir='ltr'><strong>non</strong></span> <span class='ocrx_word' id='word_1_800' title='bbox 3312 4124 3404 4177; x_wconf 86' lang='lat' dir='ltr'><strong>ita.</strong></span> <span class='ocrx_word' id='word_1_801' title='bbox 3456 4124 3588 4176; x_wconf 87' lang='lat' dir='ltr'><strong>Pro-</strong></span> 
     </span>
    </p>
   </div>
   <div class='ocr_carea' id='block_1_101' title="bbox 2013 4214 3590 4284">
    <p class='ocr_par' dir='ltr' id='par_1_101' title="bbox 2013 4214 3590 4284">
     <span class='ocr_line' id='line_1_101' title="bbox 2013 4214 3590 4284; baseline 0 -17"><span class='ocrx_word' id='word_1_802' title='bbox 2013 4223 2190 4284; x_wconf 87' lang='lat' dir='ltr'><strong>pterea</strong></span> <span class='ocrx_word' id='word_1_803' title='bbox 2218 4216 2428 4270; x_wconf 90' lang='lat' dir='ltr'><strong>assidue</strong></span> <span class='ocrx_word' id='word_1_804' title='bbox 2454 4231 2548 4270; x_wconf 89' lang='lat' dir='ltr'><strong>eos</strong></span> <span class='ocrx_word' id='word_1_805' title='bbox 2588 4216 2803 4269; x_wconf 86' lang='lat' dir='ltr'><strong>adducit</strong></span> <span class='ocrx_word' id='word_1_806' title='bbox 2830 4224 2991 4269; x_wconf 87' lang='lat' dir='ltr'><strong>testes</strong></span> <span class='ocrx_word' id='word_1_807' title='bbox 3021 4232 3034 4267; x_wconf 91' lang='lat'><strong>:</strong></span> <span class='ocrx_word' id='word_1_808' title='bbox 3080 4214 3178 4267; x_wconf 88' lang='lat' dir='ltr'><strong>Vos</strong></span> <span class='ocrx_word' id='word_1_809' title='bbox 3202 4216 3358 4275; x_wconf 85' lang='lat' dir='ltr'><strong>enim,</strong></span> <span class='ocrx_word' id='word_1_810' title='bbox 3386 4215 3590 4283; x_wconf 90' lang='lat' dir='ltr'><strong>inquit,</strong></span> 
     </span>
    </p>
   </div>
   <div class='ocr_carea' id='block_1_102' title="bbox 2013 4302 3594 4374">
    <p class='ocr_par' dir='ltr' id='par_1_102' title="bbox 2013 4302 3594 4374">
     <span class='ocr_line' id='line_1_102' title="bbox 2013 4302 3594 4374; baseline -0.002 -16"><span class='ocrx_word' id='word_1_811' title='bbox 2013 4315 2159 4359; x_wconf 81' lang='lat' dir='ltr'><strong>testes</strong></span> <span class='ocrx_word' id='word_1_812' title='bbox 2186 4307 2303 4360; x_wconf 82' lang='lat' dir='ltr'><strong>estis</strong></span> <span class='ocrx_word' id='word_1_813' title='bbox 2346 4316 2392 4359; x_wconf 89' lang='lat' dir='ltr'><strong>et</strong></span> <span class='ocrx_word' id='word_1_814' title='bbox 2425 4305 2595 4371; x_wconf 85' lang='lat' dir='ltr'><strong>Deus;</strong></span> <span class='ocrx_word' id='word_1_815' title='bbox 2641 4320 2945 4360; x_wconf 86' lang='lat' dir='ltr'><strong>sermonem</strong></span> <span class='ocrx_word' id='word_1_816' title='bbox 2977 4304 3080 4358; x_wconf 82' lang='lat' dir='ltr'><strong>fide</strong></span> <span class='ocrx_word' id='word_1_817' title='bbox 3126 4303 3341 4374; x_wconf 78' lang='lat' dir='ltr'><strong>dignum</strong></span> <span class='ocrx_word' id='word_1_818' title='bbox 3372 4302 3594 4367; x_wconf 87' lang='lat' dir='ltr'><strong>faciens,</strong></span> 
     </span>
    </p>
   </div>
   <div class='ocr_carea' id='block_1_103' title="bbox 2012 4393 3590 4465">
    <p class='ocr_par' dir='ltr' id='par_1_103' title="bbox 2012 4393 3590 4465">
     <span class='ocr_line' id='line_1_103' title="bbox 2012 4393 3590 4465; baseline -0.003 -15"><span class='ocrx_word' id='word_1_819' title='bbox 2012 4405 2066 4450; x_wconf 91' lang='lat' dir='ltr'><strong>et</strong></span> <span class='ocrx_word' id='word_1_820' title='bbox 2096 4396 2198 4450; x_wconf 92' lang='lat' dir='ltr'><strong>hoc</strong></span> <span class='ocrx_word' id='word_1_821' title='bbox 2224 4411 2449 4464; x_wconf 88' lang='lat' dir='ltr'><strong>ponens,</strong></span> <span class='ocrx_word' id='word_1_822' title='bbox 2477 4395 2619 4465; x_wconf 89' lang='lat' dir='ltr'><strong>quod</strong></span> <span class='ocrx_word' id='word_1_823' title='bbox 2646 4411 2741 4451; x_wconf 90' lang='lat' dir='ltr'><strong>eos</strong></span> <span class='ocrx_word' id='word_1_824' title='bbox 2769 4396 2997 4450; x_wconf 78' lang='lat' dir='ltr'><strong>maxime</strong></span> <span class='ocrx_word' id='word_1_825' title='bbox 3019 4394 3273 4448; x_wconf 76' lang='lat' dir='ltr'><strong>reddebat</strong></span> <span class='ocrx_word' id='word_1_826' title='bbox 3297 4393 3590 4449; x_wconf 89' lang='lat' dir='ltr'><strong>certiores:</strong></span> 
     </span>
    </p>
   </div>
   <div class='ocr_carea' id='block_1_104' title="bbox 2015 4487 3593 4558">
    <p class='ocr_par' dir='ltr' id='par_1_104' title="bbox 2015 4487 3593 4558">
     <span class='ocr_line' id='line_1_104' title="bbox 2015 4487 3593 4558; baseline -0.001 -16"><span class='ocrx_word' id='word_1_827' title='bbox 2015 4505 2139 4542; x_wconf 89' lang='lat' dir='ltr'><strong>nam</strong></span> <span class='ocrx_word' id='word_1_828' title='bbox 2166 4488 2293 4542; x_wconf 91' lang='lat' dir='ltr'><strong>illud</strong></span> <span class='ocrx_word' id='word_1_829' title='bbox 2321 4498 2401 4541; x_wconf 91' lang='lat' dir='ltr'><strong>est</strong></span> <span class='ocrx_word' id='word_1_830' title='bbox 2429 4489 2688 4542; x_wconf 91' lang='lat' dir='ltr'><strong>incertum</strong></span> <span class='ocrx_word' id='word_1_831' title='bbox 2723 4488 3106 4558; x_wconf 78' lang='lat' dir='ltr'><strong>ignorantibus,</strong></span> <span class='ocrx_word' id='word_1_832' title='bbox 3137 4487 3238 4541; x_wconf 92' lang='lat' dir='ltr'><strong>hoc</strong></span> <span class='ocrx_word' id='word_1_833' title='bbox 3257 4497 3433 4541; x_wconf 88' lang='lat' dir='ltr'><strong>autem</strong></span> <span class='ocrx_word' id='word_1_834' title='bbox 3465 4487 3593 4540; x_wconf 91' lang='lat' dir='ltr'><strong>nihil</strong></span> 
     </span>
    </p>
   </div>
   <div class='ocr_carea' id='block_1_105' title="bbox 2016 4579 3599 4649">
    <p class='ocr_par' dir='ltr' id='par_1_105' title="bbox 2016 4579 3599 4649">
     <span class='ocr_line' id='line_1_105' title="bbox 2016 4579 3599 4649; baseline -0.001 -16"><span class='ocrx_word' id='word_1_835' title='bbox 2016 4580 2159 4633; x_wconf 88' lang='lat' dir='ltr'><strong>dubii</strong></span> <span class='ocrx_word' id='word_1_836' title='bbox 2205 4579 2476 4649; x_wconf 89' lang='lat' dir='ltr'><strong>relinquit.</strong></span> <span class='ocrx_word' id='word_1_837' title='bbox 2523 4581 2586 4633; x_wconf 77' lang='lat' dir='ltr'><strong>Et</strong></span> <span class='ocrx_word' id='word_1_838' title='bbox 2617 4595 2684 4633; x_wconf 91' lang='lat' dir='ltr'><strong>ue</strong></span> <span class='ocrx_word' id='word_1_839' title='bbox 2714 4580 2924 4633; x_wconf 89' lang='lat' dir='ltr'><strong>mireris</strong></span> <span class='ocrx_word' id='word_1_840' title='bbox 2973 4599 2985 4633; x_wconf 92' lang='lat'>:</span> <span class='ocrx_word' id='word_1_841' title='bbox 3031 4595 3136 4633; x_wconf 89' lang='lat' dir='ltr'><strong>non</strong></span> <span class='ocrx_word' id='word_1_842' title='bbox 3189 4579 3497 4633; x_wconf 85' lang='lat' dir='ltr'><strong>advertebat</strong></span> <span class='ocrx_word' id='word_1_843' title='bbox 3538 4593 3599 4631; x_wconf 87' lang='lat' dir='ltr'><strong>se</strong></span> 
     </span>
    </p>
   </div>
   <div class='ocr_carea' id='block_1_106' title="bbox 2017 4669 3601 4740">
    <p class='ocr_par' dir='ltr' id='par_1_106' title="bbox 2017 4669 3601 4740">
     <span class='ocr_line' id='line_1_106' title="bbox 2017 4669 3601 4740; baseline -0.002 -15"><span class='ocrx_word' id='word_1_844' title='bbox 2017 4671 2237 4725; x_wconf 78' lang='lat' dir='ltr'><strong>Paulum</strong></span> <span class='ocrx_word' id='word_1_845' title='bbox 2265 4685 2405 4734; x_wconf 88' lang='lat' dir='ltr'><strong>esse,</strong></span> <span class='ocrx_word' id='word_1_846' title='bbox 2454 4671 2541 4740; x_wconf 91' lang='lat' dir='ltr'><strong>qui</strong></span> <span class='ocrx_word' id='word_1_847' title='bbox 2582 4670 2695 4724; x_wconf 84' lang='lat' dir='ltr'><strong>h:rc</strong></span> <span class='ocrx_word' id='word_1_848' title='bbox 2738 4670 2975 4733; x_wconf 82' lang='lat' dir='ltr'><strong>diceret;</strong></span> <span class='ocrx_word' id='word_1_849' title='bbox 3006 4669 3101 4725; x_wconf 68' lang='lat' dir='ltr'><strong>scd</strong></span> <span class='ocrx_word' id='word_1_850' title='bbox 3147 4670 3434 4724; x_wconf 90' lang='lat' dir='ltr'><strong>admodum</strong></span> <span class='ocrx_word' id='word_1_851' title='bbox 3486 4670 3601 4722; x_wconf 87' lang='lat' dir='ltr'><strong>vult</strong></span> 
     </span>
    </p>
   </div>
   <div class='ocr_carea' id='block_1_107' title="bbox 2016 4757 3597 4822">
    <p class='ocr_par' dir='ltr' id='par_1_107' title="bbox 2016 4757 3597 4822">
     <span class='ocr_line' id='line_1_107' title="bbox 2016 4757 3597 4822; baseline -0.003 -8"><span class='ocrx_word' id='word_1_852' title='bbox 2016 4774 2109 4814; x_wconf 89' lang='lat' dir='ltr'><strong>eos</strong></span> <span class='ocrx_word' id='word_1_853' title='bbox 2135 4760 2390 4813; x_wconf 89' lang='lat' dir='ltr'><strong>certiores</strong></span> <span class='ocrx_word' id='word_1_854' title='bbox 2409 4759 2601 4814; x_wconf 81' lang='lat' dir='ltr'><strong>facere.</strong></span> <span class='ocrx_word' id='word_1_855' title='bbox 2625 4760 2748 4814; x_wconf 89' lang='lat' dir='ltr'><strong>Ideo</strong></span> <span class='ocrx_word' id='word_1_856' title='bbox 2768 4760 2894 4814; x_wconf 87' lang='lat' dir='ltr'><strong>dicit</strong></span> <span class='ocrx_word' id='word_1_857' title='bbox 2918 4778 2930 4813; x_wconf 91' lang='lat'>:</span> <span class='ocrx_word' id='word_1_858' title='bbox 2967 4759 3062 4813; x_wconf 86' lang='lat' dir='ltr'><strong>Vos</strong></span> <span class='ocrx_word' id='word_1_859' title='bbox 3085 4770 3229 4812; x_wconf 85' lang='lat' dir='ltr'><strong>testes</strong></span> <span class='ocrx_word' id='word_1_860' title='bbox 3245 4760 3361 4812; x_wconf 83' lang='lat' dir='ltr'><strong>estis</strong></span> <span class='ocrx_word' id='word_1_861' title='bbox 3376 4768 3420 4811; x_wconf 89' lang='lat' dir='ltr'><strong>et</strong></span> <span class='ocrx_word' id='word_1_862' title='bbox 3442 4757 3597 4822; x_wconf 81' lang='lat' dir='ltr'><strong>Deus,</strong></span> 
     </span>
    </p>
   </div>
   <div class='ocr_carea' id='block_1_108' title="bbox 2016 4848 3599 4921">
    <p class='ocr_par' dir='ltr' id='par_1_108' title="bbox 2016 4848 3599 4921">
     <span class='ocr_line' id='line_1_108' title="bbox 2016 4848 3599 4921; baseline -0.002 -18"><span class='ocrx_word' id='word_1_863' title='bbox 2016 4867 2165 4919; x_wconf 87' lang='lat' dir='ltr'><strong>quam</strong></span> <span class='ocrx_word' id='word_1_864' title='bbox 2207 4861 2378 4904; x_wconf 89' lang='lat' dir='ltr'><strong>sancte</strong></span> <span class='ocrx_word' id='word_1_865' title='bbox 2420 4861 2468 4905; x_wconf 88' lang='lat' dir='ltr'><strong>et</strong></span> <span class='ocrx_word' id='word_1_866' title='bbox 2503 4853 2642 4921; x_wconf 88' lang='lat' dir='ltr'><strong>juste</strong></span> <span class='ocrx_word' id='word_1_867' title='bbox 2670 4861 2715 4905; x_wconf 87' lang='lat' dir='ltr'><strong>et</strong></span> <span class='ocrx_word' id='word_1_868' title='bbox 2763 4853 2871 4905; x_wconf 84' lang='lat' dir='ltr'><strong>sine</strong></span> <span class='ocrx_word' id='word_1_869' title='bbox 2909 4851 3110 4917; x_wconf 87' lang='lat' dir='ltr'><strong>querela</strong></span> <span class='ocrx_word' id='word_1_870' title='bbox 3141 4851 3276 4903; x_wconf 85' lang='lat' dir='ltr'><strong>vobis</strong></span> <span class='ocrx_word' id='word_1_871' title='bbox 3300 4851 3487 4919; x_wconf 86' lang='lat' dir='ltr'><strong>fuimus</strong></span> <span class='ocrx_word' id='word_1_872' title='bbox 3512 4848 3599 4916; x_wconf 81' lang='lat' dir='ltr'><strong>qui</strong></span> 
     </span>
    </p>
   </div>
   <div class='ocr_carea' id='block_1_109' title="bbox 2017 4940 3602 5011">
    <p class='ocr_par' dir='ltr' id='par_1_109' title="bbox 2017 4940 3602 5011">
     <span class='ocr_line' id='line_1_109' title="bbox 2017 4940 3602 5011; baseline -0.004 -15"><span class='ocrx_word' id='word_1_873' title='bbox 2017 4942 2235 4996; x_wconf 83' lang='lat' dir='ltr'><strong>creditis.</strong></span> <span class='ocrx_word' id='word_1_874' title='bbox 2268 4942 2557 5011; x_wconf 84' lang='lat' dir='ltr'><strong>Oportebat</strong></span> <span class='ocrx_word' id='word_1_875' title='bbox 2578 4957 2671 4996; x_wconf 89' lang='lat' dir='ltr'><strong>eos</strong></span> <span class='ocrx_word' id='word_1_876' title='bbox 2698 4941 3109 4995; x_wconf 82' lang='lat' dir='ltr'><strong>rursuslaudare</strong></span> <span class='ocrx_word' id='word_1_877' title='bbox 3134 4958 3146 4993; x_wconf 93' lang='lat'>:</span> <span class='ocrx_word' id='word_1_878' title='bbox 3177 4940 3295 4993; x_wconf 87' lang='lat' dir='ltr'><strong>idco</strong></span> <span class='ocrx_word' id='word_1_879' title='bbox 3315 4955 3376 4993; x_wconf 87' lang='lat' dir='ltr'><strong>ea</strong></span> <span class='ocrx_word' id='word_1_880' title='bbox 3403 4954 3602 5008; x_wconf 83' lang='lat' dir='ltr'><strong>propo-</strong></span> 
     </span>
    </p>
   </div>
   <div class='ocr_carea' id='block_1_110' title="bbox 2019 5030 3596 5107">
    <p class='ocr_par' dir='ltr' id='par_1_110' title="bbox 2019 5030 3596 5107">
     <span class='ocr_line' id='line_1_110' title="bbox 2019 5030 3596 5107; baseline -0.001 -21"><span class='ocrx_word' id='word_1_881' title='bbox 2019 5035 2098 5087; x_wconf 90' lang='lat' dir='ltr'><strong>nit</strong></span> <span class='ocrx_word' id='word_1_882' title='bbox 2148 5049 2269 5107; x_wconf 86' lang='lat' dir='ltr'><strong>qu:e</strong></span> <span class='ocrx_word' id='word_1_883' title='bbox 2315 5034 2442 5087; x_wconf 90' lang='lat' dir='ltr'><strong>satis</strong></span> <span class='ocrx_word' id='word_1_884' title='bbox 2495 5040 2647 5085; x_wconf 87' lang='lat' dir='ltr'><strong>erant</strong></span> <span class='ocrx_word' id='word_1_885' title='bbox 2696 5032 2762 5084; x_wconf 90' lang='lat' dir='ltr'><strong>ad</strong></span> <span class='ocrx_word' id='word_1_886' title='bbox 2821 5031 3267 5099; x_wconf 84' lang='lat' dir='ltr'><strong>persuadendum.</strong></span> <span class='ocrx_word' id='word_1_887' title='bbox 3322 5030 3452 5084; x_wconf 88' lang='lat' dir='ltr'><strong>Nam</strong></span> <span class='ocrx_word' id='word_1_888' title='bbox 3504 5030 3596 5097; x_wconf 87' lang='lat' dir='ltr'><strong>qui</strong></span> 
     </span>
    </p>
   </div>
   <div class='ocr_carea' id='block_1_111' title="bbox 2021 5123 3589 5192">
    <p class='ocr_par' dir='ltr' id='par_1_111' title="bbox 2021 5123 3589 5192">
     <span class='ocr_line' id='line_1_111' title="bbox 2021 5123 3589 5192; baseline -0.001 -16"><span class='ocrx_word' id='word_1_889' title='bbox 2021 5124 2128 5178; x_wconf 90' lang='lat' dir='ltr'><strong>illic</strong></span> <span class='ocrx_word' id='word_1_890' title='bbox 2153 5166 2168 5190; x_wconf 93' lang='lat'><strong>,</strong></span> <span class='ocrx_word' id='word_1_891' title='bbox 2224 5125 2438 5192; x_wconf 90' lang='lat' dir='ltr'><strong>inquit,</strong></span> <span class='ocrx_word' id='word_1_892' title='bbox 2490 5123 2792 5176; x_wconf 82' lang='lat' dir='ltr'><strong>laborabam</strong></span> <span class='ocrx_word' id='word_1_893' title='bbox 2846 5131 3114 5190; x_wconf 76' lang='lat' dir='ltr'><strong>egestate,</strong></span> <span class='ocrx_word' id='word_1_894' title='bbox 3143 5129 3195 5174; x_wconf 90' lang='lat' dir='ltr'><strong>et</strong></span> <span class='ocrx_word' id='word_1_895' title='bbox 3240 5136 3346 5175; x_wconf 88' lang='lat' dir='ltr'><strong>non</strong></span> <span class='ocrx_word' id='word_1_896' title='bbox 3386 5123 3589 5188; x_wconf 84' lang='lat' dir='ltr'><strong>accepi.</strong></span> 
     </span>
    </p>
   </div>
   <div class='ocr_carea' id='block_1_112' title="bbox 2020 5210 3604 5280">
    <p class='ocr_par' dir='ltr' id='par_1_112' title="bbox 2020 5210 3604 5280">
     <span class='ocr_line' id='line_1_112' title="bbox 2020 5210 3604 5280; baseline -0.002 -14"><span class='ocrx_word' id='word_1_897' title='bbox 2020 5213 2188 5266; x_wconf 87' lang='lat' dir='ltr'><strong>multo</strong></span> <span class='ocrx_word' id='word_1_898' title='bbox 2216 5214 2383 5280; x_wconf 83' lang='lat' dir='ltr'><strong>magis</strong></span> <span class='ocrx_word' id='word_1_899' title='bbox 2413 5227 2571 5266; x_wconf 87' lang='lat' dir='ltr'><strong>nunc.</strong></span> <span class='ocrx_word' id='word_1_900' title='bbox 2606 5211 2771 5276; x_wconf 85' lang='lat' dir='ltr'><strong>Quam</strong></span> <span class='ocrx_word' id='word_1_901' title='bbox 2800 5220 2969 5263; x_wconf 87' lang='lat' dir='ltr'><strong>sancte</strong></span> <span class='ocrx_word' id='word_1_902' title='bbox 3011 5222 3056 5263; x_wconf 85' lang='lat' dir='ltr'><strong>et</strong></span> <span class='ocrx_word' id='word_1_903' title='bbox 3105 5212 3237 5276; x_wconf 70' lang='lat' dir='ltr'><strong>iuste</strong></span> <span class='ocrx_word' id='word_1_904' title='bbox 3278 5219 3325 5263; x_wconf 86' lang='lat' dir='ltr'><strong>et</strong></span> <span class='ocrx_word' id='word_1_905' title='bbox 3352 5210 3460 5263; x_wconf 84' lang='lat' dir='ltr'><strong>sine</strong></span> <span class='ocrx_word' id='word_1_906' title='bbox 3479 5226 3604 5279; x_wconf 55' lang='lat' dir='ltr'><strong>quec</strong></span> 
     </span>
    </p>
   </div>
   <div class='ocr_carea' id='block_1_113' title="bbox 2019 5300 3606 5370">
    <p class='ocr_par' dir='ltr' id='par_1_113' title="bbox 2019 5300 3606 5370">
     <span class='ocr_line' id='line_1_113' title="bbox 2019 5300 3606 5370; baseline -0.004 -14"><span class='ocrx_word' id='word_1_907' title='bbox 2019 5304 2125 5356; x_wconf 83' lang='lat' dir='ltr'><strong>rcla</strong></span> <span class='ocrx_word' id='word_1_908' title='bbox 2182 5304 2372 5370; x_wconf 80' lang='lat' dir='ltr'><strong>fuiinus</strong></span> <span class='ocrx_word' id='word_1_909' title='bbox 2424 5302 2558 5354; x_wconf 83' lang='lat' dir='ltr'><strong>vobis</strong></span> <span class='ocrx_word' id='word_1_910' title='bbox 2613 5302 2698 5369; x_wconf 80' lang='lat' dir='ltr'><strong>qui</strong></span> <span class='ocrx_word' id='word_1_911' title='bbox 2740 5301 2980 5365; x_wconf 78' lang='lat' dir='ltr'><strong>creditis;</strong></span> <span class='ocrx_word' id='word_1_912' title='bbox 3027 5301 3154 5353; x_wconf 81' lang='lat' dir='ltr'><strong>sicut</strong></span> <span class='ocrx_word' id='word_1_913' title='bbox 3182 5300 3337 5365; x_wconf 84' lang='lat' dir='ltr'><strong>scitis,</strong></span> <span class='ocrx_word' id='word_1_914' title='bbox 3387 5301 3606 5363; x_wconf 80' lang='lat' dir='ltr'><strong>qualiter</strong></span> 
     </span>
    </p>
   </div>
   <div class='ocr_carea' id='block_1_114' title="bbox 2020 5390 3599 5461">
    <p class='ocr_par' dir='ltr' id='par_1_114' title="bbox 2020 5390 3599 5461">
     <span class='ocr_line' id='line_1_114' title="bbox 2020 5390 3599 5461; baseline -0.003 -17"><span class='ocrx_word' id='word_1_915' title='bbox 2020 5407 2417 5461; x_wconf 84' lang='lat' dir='ltr'><strong>unumquemque</strong></span> <span class='ocrx_word' id='word_1_916' title='bbox 2446 5400 2684 5452; x_wconf 83' lang='lat' dir='ltr'><strong>vestrum,</strong></span> <span class='ocrx_word' id='word_1_917' title='bbox 2715 5391 2841 5442; x_wconf 87' lang='lat' dir='ltr'><strong>sicut</strong></span> <span class='ocrx_word' id='word_1_918' title='bbox 2870 5398 3011 5458; x_wconf 86' lang='lat' dir='ltr'><strong>pater</strong></span> <span class='ocrx_word' id='word_1_919' title='bbox 3052 5390 3184 5456; x_wconf 72' lang='lat' dir='ltr'><strong>filios</strong></span> <span class='ocrx_word' id='word_1_920' title='bbox 3210 5406 3347 5455; x_wconf 83' lang='lat' dir='ltr'><strong>suos,</strong></span> <span class='ocrx_word' id='word_1_921' title='bbox 3398 5405 3485 5442; x_wconf 72' lang='lat' dir='ltr'><strong>eos</strong></span> <span class='ocrx_word' id='word_1_922' title='bbox 3510 5390 3599 5440; x_wconf 73' lang='grc' dir='ltr'><strong>ἄσ-</strong></span> 
     </span>
    </p>
   </div>
   <div class='ocr_carea' id='block_1_115' title="bbox 2023 5478 3604 5553">
    <p class='ocr_par' dir='ltr' id='par_1_115' title="bbox 2023 5478 3604 5553">
     <span class='ocr_line' id='line_1_115' title="bbox 2023 5478 3604 5553; baseline -0.003 -19"><span class='ocrx_word' id='word_1_923' title='bbox 2023 5492 2281 5553; x_wconf 77' lang='lat' dir='ltr'><strong>precantcs</strong></span> <span class='ocrx_word' id='word_1_924' title='bbox 2332 5490 2378 5533; x_wconf 85' lang='lat' dir='ltr'><strong>et</strong></span> <span class='ocrx_word' id='word_1_925' title='bbox 2436 5479 2769 5532; x_wconf 82' lang='lat' dir='ltr'><strong>consolantes.</strong></span> <span class='ocrx_word' id='word_1_926' title='bbox 2805 5478 2937 5533; x_wconf 90' lang='lat' dir='ltr'><strong>Cum</strong></span> <span class='ocrx_word' id='word_1_927' title='bbox 2986 5480 3230 5547; x_wconf 88' lang='lat' dir='ltr'><strong>superius</strong></span> <span class='ocrx_word' id='word_1_928' title='bbox 3278 5479 3508 5533; x_wconf 72' lang='lat' dir='ltr'><strong>dixisset</strong></span> <span class='ocrx_word' id='word_1_929' title='bbox 3552 5478 3604 5530; x_wconf 86' lang='lat' dir='ltr'><strong>id</strong></span> 
     </span>
    </p>
   </div>
   <div class='ocr_carea' id='block_1_116' title="bbox 2022 5566 3604 5641">
    <p class='ocr_par' dir='ltr' id='par_1_116' title="bbox 2022 5566 3604 5641">
     <span class='ocr_line' id='line_1_116' title="bbox 2022 5566 3604 5641; baseline -0.004 -19"><span class='ocrx_word' id='word_1_930' title='bbox 2022 5573 2161 5641; x_wconf 78' lang='lat' dir='ltr'><strong>quod</strong></span> <span class='ocrx_word' id='word_1_931' title='bbox 2186 5582 2299 5625; x_wconf 87' lang='lat' dir='ltr'><strong>erat</strong></span> <span class='ocrx_word' id='word_1_932' title='bbox 2319 5567 2763 5633; x_wconf 86' lang='lat' dir='ltr'><strong>conversationis,</strong></span> <span class='ocrx_word' id='word_1_933' title='bbox 2795 5566 2880 5621; x_wconf 89' lang='lat' dir='ltr'><strong>hic</strong></span> <span class='ocrx_word' id='word_1_934' title='bbox 2910 5568 3036 5621; x_wconf 87' lang='lat' dir='ltr'><strong>dicit</strong></span> <span class='ocrx_word' id='word_1_935' title='bbox 3057 5569 3196 5637; x_wconf 82' lang='lat' dir='ltr'><strong>quod</strong></span> <span class='ocrx_word' id='word_1_936' title='bbox 3221 5579 3304 5625; x_wconf 90' lang='lat' dir='ltr'><strong>est</strong></span> <span class='ocrx_word' id='word_1_937' title='bbox 3333 5567 3604 5625; x_wconf 78' lang='lat' dir='ltr'><strong>caritatis;</strong></span> 
     </span>
    </p>
   </div>
   <div class='ocr_carea' id='block_1_117' title="bbox 2023 5657 3611 5734">
    <p class='ocr_par' dir='ltr' id='par_1_117' title="bbox 2023 5657 3611 5734">
     <span class='ocr_line' id='line_1_117' title="bbox 2023 5657 3611 5734; baseline -0.004 -18"><span class='ocrx_word' id='word_1_938' title='bbox 2023 5664 2163 5734; x_wconf 86' lang='lat' dir='ltr'><strong>quod</strong></span> <span class='ocrx_word' id='word_1_939' title='bbox 2193 5660 2361 5731; x_wconf 68' lang='lat' dir='ltr'><strong>majus</strong></span> <span class='ocrx_word' id='word_1_940' title='bbox 2388 5668 2489 5724; x_wconf 84' lang='lat' dir='ltr'><strong>est,</strong></span> <span class='ocrx_word' id='word_1_941' title='bbox 2513 5666 2565 5712; x_wconf 89' lang='lat' dir='ltr'><strong>et</strong></span> <span class='ocrx_word' id='word_1_942' title='bbox 2593 5657 2707 5714; x_wconf 89' lang='lat' dir='ltr'><strong>sine</strong></span> <span class='ocrx_word' id='word_1_943' title='bbox 2736 5658 2871 5714; x_wconf 78' lang='lat' dir='ltr'><strong>l‘astu</strong></span> <span class='ocrx_word' id='word_1_944' title='bbox 2897 5658 3115 5714; x_wconf 87' lang='lat' dir='ltr'><strong>dictum.</strong></span> <span class='ocrx_word' id='word_1_945' title='bbox 3140 5659 3285 5713; x_wconf 82' lang='lat' dir='ltr'><strong>Sicut</strong></span> <span class='ocrx_word' id='word_1_946' title='bbox 3310 5669 3449 5728; x_wconf 76' lang='lat' dir='ltr'><strong>pater</strong></span> <span class='ocrx_word' id='word_1_947' title='bbox 3475 5658 3611 5731; x_wconf 75' lang='lat' dir='ltr'><strong>ﬁlios</strong></span> 
     </span>
    </p>
   </div>
   <div class='ocr_carea' id='block_1_118' title="bbox 3181 5749 3261 5812">
    <p class='ocr_par' dir='ltr' id='par_1_118' title="bbox 3181 5749 3261 5812">
     <span class='ocr_line' id='line_1_118' title="bbox 3181 5749 3261 5812; baseline 0.05 -4"><span class='ocrx_word' id='word_1_948' title='bbox 3181 5749 3261 5812; x_wconf 70' lang='lat'><strong>26</strong></span> 
     </span>
    </p>
   </div>
  </div>
