4010 6142
448 281 554 335 ιον

449 411 600 468 suos,
629 393 953 462 deprecantes
981 402 1062 440 ros
1090 393 1134 439 ct
1163 383 1481 440 consolantes
1520 390 1568 436 et
1610 378 1932 448 testiﬁcantes
1975 381 2032 425 ut

453 483 720 540 ambuletis
749 482 899 550 digne
928 477 1057 539 Deo,
1099 476 1184 546 qui
1226 484 1367 529 vocat
1396 489 1482 528 eos
1530 473 1584 526 in
1621 484 1833 542 regnum
1886 481 2036 522 suum

453 583 503 628 et
543 573 777 644 gloriam.
807 569 1030 637 Quando
1058 567 1188 622 dicit
1220 585 1232 620 :
1264 564 1334 620 Et
1377 564 1726 634 testiﬁcantes,
1757 570 1882 615 tunc
1917 572 2034 611 mc-

455 665 609 718 minit
659 672 892 732 patrum.
920 658 1024 714 Sed
1078 668 1130 712 et
1171 656 1436 714 testiﬁcati
1490 668 1707 717 sumus,
1736 651 1841 705 hoc
1896 662 2034 719 quo-

455 769 561 822 que
607 768 712 806 non
762 750 1106 805 vehementer
1136 789 1150 812 ,
1179 747 1271 802 sed
1318 747 1455 801 sicut
1486 754 1653 816 pater,
1690 742 2038 811 Unumquem-

455 861 552 913 que
618 852 859 897 uestrum.
913 841 1124 911 Papae!
1182 840 1233 894 in
1283 848 1426 893 tanta
1479 834 1816 892 multitudine
1865 830 2037 887 nemi-

458 949 580 988 uem
609 933 975 1004 praetermisit,
1018 947 1123 986 non
1155 945 1398 1000 parvum,
1448 943 1553 982 non
1607 939 1880 997 magnum,
1932 938 2038 978 non

457 1027 697 1090 divitem,
722 1040 822 1080 nec
843 1041 1150 1095 pauperem.
1185 1024 1543 1092 Deprecantes,
1571 1022 1756 1092 inquit,
1790 1019 1853 1074 ad
1877 1019 2000 1088 quid
2017 1022 2042 1073 ’ἐ

457 1117 539 1171 Λᾶ
573 1116 849 1171 ferendum
893 1116 1092 1169 omnia.
1124 1115 1188 1169 Et
1234 1115 1548 1169 consolantes
1603 1124 1648 1166 et
1695 1112 2038 1179 testiﬁcantes.

459 1205 836 1275 Deprecantes:
867 1222 970 1260 non
1001 1221 1130 1274 ergo
1166 1205 1472 1275 quaerebant
1505 1203 1726 1273 gloriam
1758 1219 1770 1252 :
1807 1201 1873 1253 Et
1903 1200 2043 1253 testi-

462 1300 671 1365 ﬁcantes
697 1313 712 1328 ο
737 1314 842 1352 non
875 1313 1002 1368 ergo
1031 1297 1402 1351 adulahantur.
1444 1295 1511 1351 Ut
1541 1293 1864 1347 ambularetis
1893 1292 2046 1359 digne

465 1391 599 1457 Deo,
631 1390 716 1460 qui
739 1391 930 1444 vocavit
953 1405 1039 1443 vos
1064 1390 1116 1442 in
1141 1404 1286 1442 suum
1326 1403 1535 1459 regnum
1555 1397 1599 1441 et
1626 1386 1859 1456 gloriam.
1913 1384 2045 1440 Vide

467 1499 654 1538 rursus
678 1482 946 1553 quomodo
976 1496 1220 1547 narrans,
1245 1489 1301 1536 et
1323 1481 1477 1535 docet
1499 1487 1555 1534 et
1597 1478 1906 1533 consolatur
1945 1492 1959 1529 :
2001 1475 2047 1531 si

465 1576 609 1629 etaim
632 1573 839 1628 vocavit
865 1573 930 1627 ad
954 1587 1196 1643 regnum,
1226 1579 1437 1641 oportet
1463 1571 1642 1624 omnia
1665 1570 1822 1625 ferre.
1859 1569 2046 1624 Horta-

472 1682 594 1722 mur
622 1667 705 1722 vel
748 1681 1017 1737 rogamus,
1052 1681 1155 1720 non
1187 1673 1244 1719 ut
1273 1664 1424 1719 nobis
1463 1662 1660 1733 aliquid
1690 1661 1920 1726 donetis,
1951 1661 2046 1716 sed

469 1768 523 1811 nt
553 1773 774 1826 regnum
820 1758 1077 1812 caelorum
1126 1755 1509 1825 assequamini.
1553 1755 1640 1808 l5.
1688 1753 1815 1807 Ideo
1870 1762 1917 1806 et
1957 1768 2049 1807 nos

469 1851 660 1918 gratias
684 1848 878 1918 agimus
906 1847 1011 1900 Deo
1055 1847 1163 1900 sine
1204 1845 1589 1910 intermissione,
1614 1844 1750 1915 quod
1766 1858 1884 1897 cum
1908 1859 2049 1897 acce—

475 1938 672 2006 pissetis
713 1955 745 1990 a
795 1938 936 1990 nobis
969 1937 1171 1990 ret-bum
1209 1937 1411 1989 auditus
1449 1935 1558 2002 Dei,
1614 1934 1878 2004 accepistis
1922 1934 2053 1988 illud

469 2045 572 2080 non
621 2038 675 2080 ut
717 2029 918 2081 verbum
969 2028 1246 2091 hominum,
1279 2027 1389 2092 sed,
1431 2027 1558 2081 sicut
1587 2035 1658 2079 est
1686 2042 1816 2091 aere,
1847 2026 2052 2079 verbum

472 2121 589 2184 Dei,
613 2121 699 2192 qui
724 2129 963 2190 operatur
988 2121 1041 2173 in
1060 2119 1197 2174 vobis
1220 2120 1304 2191 qui
1331 2119 1633 2173 credidistis.
1652 2117 1766 2173 Non
1796 2118 1938 2179 licet,
1969 2117 2050 2171 iu-

470 2212 604 2280 quit,
635 2213 834 2277 dicere,
863 2211 1004 2282 quod
1028 2225 1124 2265 nos
1147 2211 1361 2281 quidem
1391 2211 1608 2280 impune
1631 2210 1809 2264 omnia
1824 2209 2051 2277 agimus,

473 2317 571 2357 vos
612 2313 789 2358 autem
823 2303 993 2357 facitis
1019 2303 1235 2372 indigna
1265 2310 1445 2356 nostra
1472 2302 1877 2357 conversatione
1908 2319 1921 2356 :
1949 2317 2054 2356 non

472 2393 614 2447 enim
648 2407 745 2446 nos
772 2392 1051 2460 audientes
1080 2392 1253 2446 allecti
1290 2392 1420 2446 estis
1469 2401 1734 2462 tamquam
1781 2391 2057 2447 audientes

474 2483 742 2549 homines,
773 2483 864 2537 sed
901 2491 1168 2552 tamquam
1215 2483 1331 2552 ipso
1358 2483 1470 2537 Deo
1499 2483 1843 2550 admonente,
1876 2483 1949 2537 ita
1977 2490 2058 2536 at-

475 2574 741 2628 tendistis.
772 2573 1051 2628 Undenam
1078 2575 1128 2628 id
1156 2575 1360 2644 liquet?
1402 2573 1552 2630 Sicut
1579 2576 1746 2639 enim,
1777 2574 1920 2645 quod
1951 2589 2056 2628 non

478 2667 532 2718 in
585 2665 893 2720 adulatione
943 2680 1116 2736 neque
1161 2666 1212 2719 in
1253 2666 1396 2721 inani
1446 2666 1612 2736 gloria
1657 2664 2056 2736 praedicaverit,

477 2759 712 2814 ostendit
736 2774 802 2813 ex
828 2758 939 2813 suis
969 2759 1365 2824 tentationibus,
1399 2766 1452 2813 et
1478 2758 1686 2814 illorum
1720 2757 2056 2822 testimonio,

480 2859 532 2905 et
553 2865 616 2905 ex
647 2851 709 2905 iis
733 2866 852 2920 quae
875 2851 1100 2920 agebat:
1128 2851 1198 2907 ita
1223 2852 1384 2907 etiam
1404 2851 1544 2921 quod
1570 2851 1644 2905 illi
1666 2850 1888 2906 verbum
1915 2859 2060 2904 recte

477 2942 804 3011 acceperint,
836 2957 865 2994 a
896 2942 1291 2996 tentationihus.
1320 2940 1601 3009 Quomodo
1639 2941 1806 3006 enim,
1850 2939 2020 3010 inquit
2043 2979 2058 3004 ,

478 3033 577 3086 nisi
610 3042 874 3101 tamquam
905 3032 1069 3088 Deum
1100 3032 1365 3089 dicentem
1396 3031 1754 3098 audivissetis,
1786 3031 1910 3086 talia
1953 3031 2060 3086 l'er-

478 3124 608 3178 retis
663 3125 937 3194 pericula?
990 3124 1127 3180 Vide
1155 3133 1332 3179 autem
1365 3124 1774 3178 auctoritatem:
1814 3124 1902 3178 M.
1961 3121 2062 3178 Vos

477 3218 610 3270 enim
639 3217 913 3271 imitatores
952 3217 1079 3287 facti
1121 3217 1272 3280 estis,
1317 3215 1499 3285 fratres
1519 3257 1534 3282 ,
1577 3213 1923 3270 Ecclesiarum
1966 3215 2062 3270 Dei

477 3324 593 3376 ante
615 3319 732 3363 sunt
767 3311 820 3363 in
852 3310 1040 3362 Juda'a
1069 3309 1120 3362 in
1148 3307 1349 3362 Cltrislo
1389 3305 1534 3372 Iesu,
1566 3308 1684 3378 quia
1725 3309 1901 3362 eadem
1928 3310 2064 3378 passi

479 3401 596 3452 estis
627 3409 672 3454 et
699 3417 785 3456 eos
801 3417 832 3454 a
855 3399 1218 3455 contribulibus
1237 3402 1431 3462 vestris,
1458 3400 1586 3454 sicut
1607 3410 1652 3454 et
1672 3401 1770 3470 ipsi
1793 3418 1824 3454 a
1843 3399 2061 3465 Judteis,

480 3491 568 3545 15.
595 3493 680 3559 qui
705 3501 750 3545 et
776 3491 1048 3546 Dominum
1083 3494 1373 3547 occiderunt
1389 3492 1566 3546 Iesum
1599 3503 1643 3547 et
1669 3495 1961 3564 prophetas,
2018 3505 2065 3549 et

479 3598 572 3637 nos
598 3583 879 3653 persequuti
909 3591 1053 3648 sunt,
1097 3592 1145 3636 et
1191 3583 1296 3636 Deo
1334 3599 1436 3636 non
1467 3583 1697 3652 placent,
1746 3593 1792 3636 et
1835 3586 2065 3639 omnibus

482 3675 763 3726 hominibus
807 3674 1176 3738 adversantur;
1223 3675 1310 3728 16.
1357 3674 1669 3741 prohibentes
1713 3692 1803 3730 nos
1838 3678 2066 3744 gentibus

482 3765 618 3829 loqui
643 3773 697 3816 ut
740 3765 894 3816 salute
940 3765 1096 3831 fiant,
1130 3773 1183 3816 ut
1225 3764 1469 3832 impleant
1498 3775 1701 3832 peccata
1725 3783 1821 3820 sua
1844 3784 2062 3838 semper.

482 3852 722 3906 Pervenit
746 3863 913 3906 autent
943 3854 1020 3906 ira
1057 3851 1155 3908 Dei
1178 3869 1331 3922 super
1353 3854 1469 3908 illos
1489 3871 1644 3924 usque
1668 3858 1720 3910 in
1748 3859 1922 3922 ﬁnem.

554 3944 609 3996 2.
648 3942 768 4007 Vos,
804 3943 993 4014 inquit,
1016 3945 1286 3999 imitatores
1307 3947 1426 4016 facti
1451 3947 1568 4002 estis
1599 3945 1944 4003 Ecclesiarum
1971 3949 2067 4004 Dei

484 4051 594 4105 gnte
637 4045 753 4089 sunt
782 4035 835 4089 in
858 4034 1065 4091 Iudaea.
1093 4037 1278 4106 Magna
1325 4047 1407 4091 est
1453 4039 1771 4094 consolatio.
1802 4040 1918 4096 Non
1948 4052 2060 4108 est,

483 4110 676 4198 inquit,
710 4128 924 4191 mirum,
971 4129 1014 4182 si
1061 4129 1162 4199 ipsi
1207 4128 1321 4184 haec
1358 4129 1510 4185 vobis
1554 4130 1767 4197 faciant,
1802 4147 1922 4188 cum
1965 4134 2068 4190 hoc

484 4221 644 4274 etiam
666 4219 860 4275 faciant
886 4220 996 4274 suis
1023 4220 1432 4277 contribulihus.
1465 4220 1575 4276 Hoc
1600 4230 1775 4276 autem
1807 4238 1912 4277 non
1941 4239 2065 4292 par-

483 4329 608 4366 vum
635 4328 848 4382 quoque
876 4323 956 4368 est
982 4314 1231 4369 indicium
1259 4315 1397 4384 quod
1438 4330 1562 4370 vera
1606 4316 1676 4370 sit
1726 4315 2064 4385 praedicatio,

483 4421 604 4459 cuin
635 4416 688 4460 et
715 4405 884 4460 Judaei
914 4407 1092 4460 omnia
1130 4405 1270 4460 ferre
1312 4408 1658 4462 sustinerent.
1714 4408 1846 4474 Quia
1893 4410 2067 4463 eadem

482 4499 624 4570 passi
646 4499 762 4552 estis
787 4507 832 4552 et
857 4514 943 4551 vos
967 4514 1000 4550 α
1042 4498 1402 4552 contribulibus
1439 4500 1634 4565 vestris,
1684 4501 1812 4554 sicut
1840 4510 1887 4554 et
1911 4501 2008 4570 ipsi
2035 4517 2067 4554 a

481 4591 700 4644 Juda’t's.
726 4590 852 4645 Plus
876 4590 1074 4659 aliquid
1101 4589 1259 4645 habet
1302 4591 1353 4645 in
1391 4606 1456 4646 eo
1484 4591 1623 4661 quod
1653 4591 1871 4658 dixerit,
1897 4593 1964 4646 Et
1990 4592 2066 4646 illi

483 4683 536 4736 in
588 4680 770 4736 Judaea
801 4698 815 4734 :
849 4681 1082 4736 ostendit
1109 4682 1249 4735 enim
1281 4697 1376 4737 eos
1418 4683 1612 4752 ubique
1639 4683 1830 4749 laetari,
1874 4691 1933 4738 ut
1977 4684 2067 4753 qui

483 4776 870 4828 decertassent.
900 4773 1041 4828 Dicit
1088 4788 1235 4843 ergo,
1270 4773 1377 4827 Vos
1431 4789 1643 4845 quoque
1691 4773 1878 4829 eadem
1926 4776 2066 4843 passi

483 4867 636 4920 estis.
667 4865 734 4920 Et
754 4865 880 4935 quid
909 4865 1123 4929 tnirum,
1149 4866 1195 4931 si
1227 4865 1376 4921 vobis
1405 4880 1615 4935 quoque
1640 4866 1883 4922 fecerunt
1903 4908 1916 4932 ,
1945 4883 2068 4921 cum

484 4957 672 5012 eadem
717 4972 928 5027 quoque
953 4957 1066 5011 ausi
1094 4957 1289 5010 luerim
1318 4957 1368 5010 in
1397 4957 1700 5010 Dominum.
1745 4956 1904 5010 Vides
1931 4973 2066 5027 quo-

485 5047 648 5102 modo
679 5047 781 5103 hoc
810 5047 1076 5102 induxerit
1109 5046 1249 5116 qttotl
1279 5061 1521 5116 magnam
1555 5045 1712 5099 habet
1738 5047 2065 5101 consolatio-

485 5139 650 5194 nem?
678 5137 743 5191 Et
776 5139 877 5192 hoc
901 5147 1080 5194 versat
1104 5136 1336 5203 assidue,
1360 5138 1483 5192 etin
1508 5137 1753 5191 erunibus
1781 5153 2066 5206 propemo-

483 5232 612 5285 dum
673 5232 914 5300 epistolis
972 5233 1073 5287 hoc
1120 5231 1424 5298 inveneris,
1465 5241 1711 5287 accurate
1753 5234 2067 5288 examinans

485 5322 757 5391 quomodo
783 5325 835 5378 in
867 5325 1246 5380 tentationibus
1284 5341 1498 5396 semper
1543 5324 1814 5381 Christum
1856 5327 2067 5382 diverse

485 5412 689 5468 all‘erat.
722 5410 857 5468 Vide
885 5429 1045 5484 ergo;
1078 5413 1163 5468 hic
1193 5429 1405 5485 quoque
1427 5431 1684 5471 accusans
1707 5416 1940 5482 Judaeos,
1973 5433 2066 5473 eos

483 5515 700 5560 revocat
730 5506 781 5560 in
809 5507 1118 5562 memoriam
1146 5507 1376 5572 Domini,
1415 5516 1467 5561 et
1490 5508 1606 5574 ejus
1639 5509 2063 5576 perpessionum.

484 5597 635 5649 Adeo
681 5595 883 5651 sciebat
930 5611 1041 5651 rem
1073 5597 1354 5650 maximam
1387 5597 1584 5652 habere
1617 5599 2060 5655 consolationem.

491 5688 590 5751 Qui
618 5699 664 5742 et
709 5686 983 5741 Dominum
1007 5689 1314 5756 occiderunt,
1345 5691 1530 5762 inquit.
1559 5691 1662 5744 Sed
1691 5691 1912 5748 fortasse
1935 5707 2056 5748 cum

1173 272 1231 330 S.
1267 267 1542 328 JOANNIS
1577 259 2047 322 CIIRYSOSTOMI
2087 257 2399 316 ARCHIEP.
2440 263 2965 324 CONSTANTINOP.

3624 275 3730 332 408

2146 371 2544 442 ignoraverunt.
2575 379 2685 436 lmo
2713 383 2945 438 maxime
2963 395 3244 440 noverunt.
3275 387 3411 456 Quid
3443 395 3610 449 vero?
3635 411 3729 452 au-

2145 481 2250 518 non
2296 469 2456 524 etiam
2486 486 2611 526 suos
2651 474 2938 543 prophetas
2979 478 3307 546 occiderunt,
3366 491 3422 536 et
3465 484 3532 553 lat
3555 487 3735 544 idibus

2144 557 2458 626 obruerunt,
2480 576 2703 630 quorum
2725 565 2882 618 etiam
2903 566 3066 622 libros
3086 569 3505 628 circumferunt?
3527 575 3593 630 Et
3615 576 3730 633 haec

2146 646 2388 702 fecerunt
2421 667 2526 705 non
2558 663 2775 723 propter
2814 657 3114 713 veritatem.
3146 659 3261 715 Non
3288 673 3370 717 est
3397 681 3528 735 ergo
3557 669 3731 722 solum

2147 739 2443 794 consolatio
2474 742 2523 796 in
2555 745 2959 812 tentationihus,
2991 749 3084 803 sed
3124 751 3284 805 etiam
3311 753 3629 824 admonitio,
3662 776 3732 814 ne

2149 829 2516 885 existimemus
2543 833 2686 902 quod
2717 834 2830 889 haec
2856 835 3052 892 faciant
3083 851 3302 909 propter
3344 845 3647 913 veritatem,
3678 859 3732 903 et

2150 918 2270 973 ideo
2295 923 2695 977 conturbcmur.
2724 923 2788 979 Et
2815 943 2926 991 nos,
2960 927 3148 998 inquit,
3193 937 3478 1001 persequuti
3502 947 3642 992 sunt.
3667 939 3733 994 Et

2150 1027 2271 1078 nos,
2301 1013 2487 1082 inquit,
2524 1018 2668 1085 passi
2694 1032 2880 1073 sumus
2901 1020 3035 1072 mala
3068 1023 3498 1080 innumerabilia.
3531 1027 3597 1083 Et
3623 1029 3734 1084 Deo

2151 1119 2251 1157 non
2281 1104 2513 1173 placent,
2556 1117 2600 1160 et
2627 1109 2856 1163 omnibus
2887 1111 3172 1167 hominibus
3219 1114 3571 1183 adversantur,
3618 1138 3736 1190 pro-

2152 1195 2372 1250 bibentes
2399 1213 2488 1250 nos
2525 1199 2752 1268 gentibus
2800 1201 2936 1270 loqui
2973 1211 3024 1256 ut
3074 1205 3227 1259 salvae
3275 1208 3423 1275 fiant.
3456 1209 3730 1279 Omnibus,

2153 1286 2341 1355 inquit,
2372 1288 2656 1344 hominibus
2678 1292 3025 1348 adversantur.
3049 1295 3366 1362 Quomodo?
3393 1300 3447 1354 Si
3472 1303 3614 1358 enim
3639 1307 3735 1360 toti

2152 1379 2268 1434 orbi
2298 1389 2452 1436 terrae
2480 1382 2619 1452 loqui
2643 1393 2875 1453 oportet,
2907 1387 2992 1442 isti
3014 1397 3190 1444 autem
3215 1401 3416 1460 vetant,
3445 1405 3568 1450 sunt
3588 1411 3734 1452 com-

2155 1485 2345 1525 munes
2375 1471 2574 1527 inimici
2606 1474 2752 1529 orbis
2799 1485 2976 1532 terrae.
3031 1478 3302 1535 Christum
3342 1485 3654 1541 occiderunt
3681 1498 3736 1543 et

2155 1562 2474 1631 prophetas,
2521 1565 2686 1621 Deum
2735 1569 3054 1624 contumelia
3098 1572 3371 1639 alliciunt,
3420 1586 3547 1630 sunt
3591 1579 3735 1636 orbis

2157 1665 2312 1708 terrae
2329 1669 2640 1712 communes
2657 1658 2878 1726 inimici,
2899 1675 2995 1714 nos
3016 1663 3291 1730 expellunt
3311 1666 3399 1736 qui
3431 1667 3495 1722 ad
3511 1670 3733 1724 salutem

2154 1747 2478 1800 accessimus
2505 1765 2518 1800 :
2549 1747 2672 1816 quid
2696 1751 2908 1817 mirum,
2928 1753 2970 1807 si
2995 1753 3046 1808 in
3079 1771 3172 1809 vos
3193 1771 3405 1828 quoque
3431 1760 3500 1814 ita
3533 1775 3591 1815 se
3617 1777 3736 1832 ges.

2155 1837 2339 1902 serint,
2365 1853 2486 1892 cum
2509 1841 2670 1894 etiam
2697 1842 2748 1894 in
2777 1841 2962 1898 Judaea
2989 1845 3090 1901 hoc
3120 1847 3387 1904 fecerint?
3410 1850 3739 1910 Pro/tiberim

2157 1943 2250 1982 nos
2294 1930 2521 1998 gentibus
2571 1930 2708 2000 loqui
2733 1943 2787 1986 ut
2825 1935 2978 1989 salute
3003 1938 3152 2004 ﬁant.
3197 1939 3293 1994 Est
3337 1956 3466 2012 ergo
3506 1944 3734 2019 invidia,

2156 2023 2395 2078 omnium
2441 2025 2703 2096 impedire
2729 2029 2977 2084 salutem.
3023 2031 3090 2086 Ut
3143 2035 3387 2102 impleant
3418 2049 3624 2108 peccata
3648 2057 3738 2095 sua

2159 2127 2371 2182 semper.
2405 2113 2640 2171 Peruenit
2686 2129 2852 2172 autem
2876 2137 3030 2190 super
3065 2123 3182 2177 illos
3217 2125 3295 2179 ira
3347 2125 3445 2181 Dei
3492 2145 3648 2200 usque
3687 2132 3737 2184 in

2160 2206 2330 2273 liuent.
2360 2205 2475 2262 Non
2521 2220 2644 2263 sunt
2672 2212 2899 2281 amplius
2945 2214 3067 2270 talia
3109 2218 3283 2287 qualia
3329 2229 3485 2275 erant
3530 2223 3736 2291 priora;

2161 2311 2266 2350 non
2293 2306 2373 2350 est
2397 2299 2624 2368 amplius
2644 2301 2863 2368 reditus,
2895 2317 2999 2359 non
3029 2307 3259 2376 amplius
3283 2309 3405 2365 linis
3427 2329 3438 2365 :
3459 2313 3552 2368 sed
3578 2329 3740 2384 prope

2162 2387 2323 2441 instat
2350 2388 2446 2443 ira.
2477 2390 2628 2446 Unde
2655 2391 2706 2447 id
2739 2395 2922 2464 patet?
2947 2396 3024 2450 Ex
3057 2413 3122 2452 eo
3148 2400 3291 2470 quod
3319 2403 3561 2471 praedixit
3586 2405 3740 2458 Chri-

2162 2488 2298 2534 stus.
2319 2480 2432 2536 Non
2457 2482 2559 2538 hoc
2583 2485 2724 2540 enim
2753 2487 2925 2542 solum
2947 2489 3107 2545 habet
3128 2493 3576 2559 consolationem,
3602 2497 3744 2567 quod

2162 2571 2469 2640 acceperint
2493 2573 2667 2629 socios
2703 2575 3086 2648 al'llictiouum,
3116 2583 3211 2638 sed
3255 2593 3310 2639 et
3351 2585 3488 2655 quod
3529 2601 3624 2642 eos
3654 2588 3748 2658 qui

2164 2662 2468 2733 aﬁlligeliant
2497 2667 2763 2724 audierint
2791 2671 2974 2740 plexos
3002 2673 3180 2730 fuisse.
3210 2675 3266 2732 Si
3295 2685 3467 2732 autem
3498 2679 3747 2735 molestia

2164 2754 2558 2821 afticitdilatio.
2592 2762 2901 2818 consoletur
2929 2767 3068 2835 quod
3117 2783 3224 2822 non
3265 2770 3490 2840 amplius
3532 2787 3752 2828 sursum

2165 2847 2447 2916 aspiciant.
2497 2849 2612 2906 lmo
2658 2868 2789 2908 vero
2829 2855 3139 2914 dilationem
3192 2875 3405 2931 quoque
3451 2864 3746 2925 contraxit.

2165 2938 2415 3006 dicendo,
2451 2941 2561 3007 Ira,
2595 2959 2783 3000 rursus
2820 2948 3116 3005 ostendens
3137 2965 3254 3006 eam
3290 2953 3496 3020 deberi,
3525 2969 3752 3026 esseque

2167 3033 2517 3100 praestitutam
2545 3043 2599 3087 et
2647 3036 2976 3105 praedictam.
3019 3041 3108 3094 17.
3144 3040 3258 3095 Nos
3295 3053 3495 3110 autem,
3527 3045 3710 3115 fratres
3732 3087 3748 3111 ,

2168 3122 2381 3178 desolati
2407 3141 2437 3176 a
2463 3125 2598 3179 vobis
2623 3126 2692 3179 ad
2719 3137 2912 3198 tempus
2938 3129 3097 3198 horse,
3145 3143 3368 3203 aspectu,
3423 3152 3524 3190 non
3565 3139 3748 3200 corde,

2167 3213 2506 3268 abundantius
2554 3217 2899 3283 festinavimus
2945 3223 3124 3292 faciem
3181 3234 3396 3278 vestram
3439 3227 3608 3282 videre
3640 3245 3754 3282 cum

2169 3307 2327 3360 multo
2355 3306 2622 3362 desiderio.
2652 3309 2767 3364 Non
2793 3311 2924 3366 dixit
2947 3355 2963 3379 ,
2993 3313 3233 3382 Separati
3254 3359 3272 3384 ,
3297 3318 3389 3373 sed
3418 3321 3559 3389 quod
3581 3321 3756 3392 majus

2169 3405 2304 3451 erat.
2357 3397 2613 3467 Superius
2669 3400 2802 3455 dixit
2845 3401 2912 3457 de
2959 3404 3298 3472 adulatione,
3357 3411 3648 3466 ostendens
3696 3428 3758 3467 se

2171 3504 2275 3542 non
2307 3488 2532 3555 adulari,
2563 3507 2668 3545 non
2696 3508 2938 3563 quaerere
2985 3496 3210 3565 gloriam
3244 3515 3263 3551 :
3290 3499 3377 3555 hic
3413 3501 3544 3556 dicit
3570 3502 3644 3557 de
3669 3518 3757 3558 ca-

2170 3580 2346 3634 ritate.
2390 3580 2654 3647 Quoniam
2713 3586 2959 3653 superius
2992 3587 3148 3655 dixit,
3202 3588 3350 3644 Sicut
3404 3602 3548 3662 pater
3595 3595 3753 3662 ﬁlios,

2171 3668 2319 3724 Sicut
2343 3673 2550 3737 nutriat;
2568 3672 2654 3727 hic
2679 3674 2820 3728 aliud
2848 3675 2994 3742 dicit,
3013 3677 3207 3743 Orbati,
3239 3681 3379 3751 quod
3405 3692 3489 3738 est
3517 3683 3757 3740 ﬁliorum

2171 3771 2348 3831 patres
2363 3766 2872 3834 quaerentium.Quid
2909 3785 3056 3835 vero,
3081 3771 3228 3827 illine
3247 3784 3398 3828 erant
3416 3778 3622 3832 orbati?
3643 3779 3756 3834 Non

2172 3853 2363 3924 inquit,
2392 3856 2484 3910 sed
2513 3872 2632 3912 nos.
2661 3858 2792 3913 Nam
2821 3861 2865 3914 si
2903 3863 3023 3931 quis
3055 3863 3378 3921 desiderium
3415 3871 3757 3926 examinare-

2172 3944 2262 4008 rit,
2294 3945 2433 3999 sicut
2462 3947 2610 4014 parvi
2655 3949 2828 4016 pueri,
2883 3967 3109 4020 quorum
3162 3957 3340 4011 nullus
3383 3975 3565 4014 curam
3595 3963 3756 4032 gerit,

2173 4034 2510 4090 immaturam
2539 4037 2829 4094 subeuntes
2857 4041 3136 4098 orbitatem
3155 4086 3172 4112 ,
3201 4045 3252 4100 in
3297 4063 3487 4118 magno
3515 4062 3646 4106 sunt
3669 4068 3754 4122 pa-

2172 4134 2379 4178 rentum
2407 4125 2694 4192 desiderio,
2727 4144 2830 4184 non
2859 4131 3032 4187 solum
3061 4145 3277 4205 propter
3299 4139 3464 4208 ipsam
3485 4153 3758 4209 naturam,

2172 4215 2264 4269 sed
2291 4217 2448 4270 etiam
2482 4227 2698 4288 propter
2726 4221 3064 4280 solitudinem
3095 4243 3109 4280 ε
3148 4228 3216 4282 ita
3241 4245 3338 4285 nos
3360 4248 3594 4303 quoque.
3625 4235 3760 4292 Ilii-.c

2172 4321 2384 4377 quoque
2411 4311 2643 4364 ostendit
2671 4326 2818 4367 suam
2838 4316 2997 4370 animi
3025 4319 3415 4388 aegritudinem,
3439 4324 3489 4377 in
3513 4341 3615 4395 qua
3645 4339 3759 4381 erat

2174 4408 2393 4468 promer
2421 4404 2835 4470 separationem.
2869 4406 2938 4459 Et
2967 4406 3100 4474 haec,
3133 4410 3324 4481 inquit,
3377 4429 3484 4468 non
3517 4415 3645 4471 licet
3673 4419 3755 4472 di-

2173 4507 2316 4560 cere,
2344 4495 2486 4563 quod
2518 4497 2740 4552 multum
2795 4508 3003 4570 tempus
3046 4508 3494 4574 exspectavimus,
3527 4510 3647 4578 sed,
3681 4511 3760 4566 Ad

2174 4593 2388 4654 tempus,
2434 4587 2592 4656 idque
2646 4589 2823 4654 Facie,
2877 4608 2976 4645 non
3003 4596 3198 4650 corde:
3246 4611 3462 4668 semper
3490 4601 3634 4655 enim
3665 4616 3759 4655 Vos

2175 4674 2433 4731 habemus
2459 4678 2512 4732 in
2540 4690 2740 4735 mente.
2765 4681 2896 4737 Vide
2916 4695 3116 4753 quanta
3139 4687 3208 4741 sit
3230 4688 3450 4744 dilectio
3474 4707 3488 4743 :
3515 4693 3758 4760 quamvis

2173 4781 2266 4821 eos
2296 4767 2515 4824 haberet
2547 4779 2801 4840 perpetuo
2831 4772 2881 4826 in
2909 4775 3092 4840 corde,
3132 4779 3406 4847 quaerebat
3455 4789 3630 4837 tamen
3662 4798 3759 4837 eo-

2175 4876 2291 4914 rum
2329 4860 2380 4914 in
2405 4871 2625 4931 aspectu
2651 4878 2744 4919 seu
2788 4864 2923 4921 facie
2963 4871 3324 4936 praesentiam.
3373 4873 3448 4927 Ne
3476 4875 3593 4945 quis
3625 4875 3753 4928 mihi

2174 4967 2623 5022 supervacaneam
2653 4955 2790 5012 hanc
2818 4957 2960 5013 dicat
2987 4960 3418 5033 philosophiam:
3451 4966 3555 5021 hoc
3598 4967 3758 5038 plane

2174 5054 2256 5100 est
2278 5047 2513 5101 ardentis
2541 5047 2863 5117 dilectionis,
2893 5051 3096 5120 videre,
3124 5063 3175 5110 et
3215 5057 3400 5111 audire
3420 5099 3435 5121 ,
3460 5068 3513 5114 et
3536 5058 3719 5114 dicere
3746 5103 3761 5122 ,

2174 5147 2228 5192 et
2252 5137 2352 5193 hoc
2374 5140 2594 5194 multum
2613 5143 2916 5197 contulerit.
2940 5144 3311 5215 Abundantius,
3344 5149 3532 5219 inquit,
3546 5151 3762 5220 festina-

2174 5230 2350 5284 riinus.
2381 5231 2516 5298 Quid
2543 5241 2642 5295 est,
2670 5233 3059 5291 Abundantius?
3086 5237 3177 5293 Vel
3203 5238 3304 5294 hoc
3325 5241 3426 5294 sibi
3450 5242 3580 5307 vult,
3611 5241 3758 5312 quod

2173 5336 2268 5376 vos
2300 5325 2472 5390 magni
2528 5324 2849 5380 faciebamus
2881 5345 2894 5379 :
2927 5328 3012 5381 vel
3061 5339 3118 5382 ut
3167 5341 3248 5386 est
3292 5333 3598 5399 verisimile,
3633 5349 3758 5388 cutu-

2175 5415 2304 5469 hora
2331 5415 2680 5471 abluissemus
2702 5457 2715 5481 ,
2751 5418 3049 5474 studuimus
3072 5421 3254 5477 videre
3283 5423 3469 5478 faciem
3495 5434 3753 5480 vestram.

2176 5506 2306 5561 Vide
2336 5506 2546 5561 beatum
2578 5505 2820 5572 Paulum,
2871 5525 2990 5563 cum
3034 5526 3128 5576 per
3155 5526 3213 5566 se
3239 5527 3342 5567 nou
3374 5525 3552 5584 posset
3594 5528 3756 5568 suum

2176 5598 2397 5667 implere
2419 5597 2768 5663 desiderium,
2801 5599 2900 5655 hoc
2949 5603 3122 5658 lacere
3151 5619 3246 5673 per
3270 5604 3404 5658 alios
3430 5622 3442 5656 :
3466 5605 3601 5659 sicut
3632 5619 3757 5658 cum

2176 5693 2339 5749 mittit
2363 5692 2702 5750 Timotheum
2726 5695 2791 5749 ad
2817 5694 3204 5766 Philippenses,
3229 5707 3278 5753 et
3299 5697 3546 5755 eumdem
3566 5709 3766 5752 rursus
