4010 6142
344 286 450 343 809

341 400 601 472 περιττὴν
635 397 982 469 φιλοσοφίαν·
1011 398 1165 451 τοῦτο
1193 399 1406 469 άληθῶς
1437 398 1646 470 θερμῆς
1672 401 1912 473 ἀγάπης,

338 491 402 543 τὸ
432 489 527 543 καὶ
561 488 688 542 ἰδεῖν
719 488 812 541 καὶ
845 484 1071 539 ἀκοῦσαι
1116 487 1215 565 καὶ
1261 489 1455 555 εἰπεῖν,
1492 488 1588 541 καί⁵
1644 489 1814 543 πολλά
1845 490 1912 544 ἂν

338 576 498 631 1τοῦτο
519 575 893 646 συμϐάλλοιτο.
925 574 1387 644 Περισσοτέρως,
1410 577 1595 647 φησίν,
1617 577 1937 633 ἐσπουδάι

342 679 558 732 σαμεν.
590 662 656 714 Τί
681 663 818 722 ἐστι.
850 660 1323 728 Περισσοτέρως;
1350 663 1421 716 Ἦ
1462 663 1622 718 τοῦτό
1659 667 1807 719 ἐστιν
1836 668 1914 719 εί-

340 753 484 816 πεῖν,
510 750 592 802 ὅτι
637 748 847 819 Σφόδρα
894 747 1047 819 ὑμῶν
1074 749 1405 821 ἐξεχόμεθα·
1448 752 1479 822 ἦ
1519 754 1594 818 ὡς
1645 754 1792 817 εἰκὸς
1823 750 1912 825 ἦν,

341 838 510 908 ’Ὥραν
524 833 944 902 ἀπολειφθέντες
962 835 1370 907 ἐσπουδάσαμεν
1386 838 1444 891 τδ
1464 840 1749 910 πρόσωπον
1761 841 1791 892 ὑ
1798 841 1915 910 μῶν

340 926 487 980 ἰδεῖν.
510 923 652 996 Ὅρα
685 926 776 977 τὸν
806 922 1078 995 μακάριον
1106 925 1335 991 Παῦλον,
1365 928 1492 981 ὅταν
1522 927 1599 999 μή
1623 928 1689 981 δι’
1720 929 1913 982 ἐαυτοῦ

334 1013 558 1083 δύνηται
589 1009 833 1081 πληροῦν
877 1011 1042 1065 αὐτοῦ
1085 1011 1177 1066 τὸν
1211 1013 1395 1078 πόθον,
1421 1015 1490 1068 δι’
1523 1016 1725 1089 ἐτέρων
1756 1016 1915 1070 τοῦτο

337 1096 625 1152 ποιοῦνταο
661 1098 851 1168 ὥσπερ
879 1099 967 1151 ὅτε
1008 1097 1144 1169 πρὸς
1191 1099 1583 1171 Φιλιππησίους
1624 1102 1715 1156 τὸν
1744 1103 1912 1174 Τιμό-

336 1186 457 1241 θεον
490 1185 721 1256 πέμπει,
747 1186 843 1239 καὶ
872 1184 1007 1258 πρὸς
1044 1186 1366 1257 Κορινθίους
1406 1189 1570 1243 πάλιν
1607 1190 1698 1244 τὸν
1727 1190 1910 1251 αὑτὸν,

335 1275 402 1329 δι’
429 1274 630 1345 ἐτέρων
661 1275 841 1338 αὐτοῖς
879 1276 1289 1347 συγγινόμενος,
1316 1278 1444 1333 ὅταν
1477 1280 1552 1351 μὴ
1596 1279 1820 1350 δύνηται
1845 1280 1912 1334 δι’

337 1360 553 1416 ἐαυτοῦ.
584 1360 888 1431 Ἐρώμενυς
914 1357 1100 1431 γὰρῆν
1125 1363 1349 1430 μανικός
1376 1380 1456 1426 τις
1476 1366 1570 1418 καί
1587 1364 1909 1429 ἀκάθεκτος,

335 1448 432 1500 καὶ
454 1446 825 1517 ἀκαρτέρητος
855 1444 936 1510 εἰς
961 1447 1161 1514 φιλίαν.
1186 1449 1285 1502 Διὸ
1306 1450 1695 1520 ἠθελήσαμεν
1713 1450 1915 1506 ἐλθεῖν

336 1536 487 1599 πρὸς
508 1532 683 1602 ὑμᾶς.
714 1533 893 1603 Ὅπερ
921 1534 1069 1587 ἐστὶν
1100 1534 1340 1604 ἀγάπης.
1364 1536 1555 1590 Καίτοι
1583 1554 1647 1606 γε
1679 1536 1913 1591 ἐνταῦθα

335 1618 593 1688 οὐδεμίαν
624 1614 817 1690 ἑτέραν
845 1619 1033 1690 χρείαν
1060 1620 1244 1689 φησὶν,
1264 1621 1379 1674 ἀλλ’
1408 1622 1495 1676 ἵνα
1522 1624 1720 1694 ἴδωμεν
1744 1624 1909 1693 ὑμᾶς.

349 1704 489 1773 ἐγὼ
511 1703 628 1774 μὲν
649 1704 911 1772 Παῦλος,
936 1705 1031 1760 καὶ
1054 1706 1216 1773 ἅπαξ
1236 1707 1336 1761 καὶ
1355 1707 1450 1774 δίς
1469 1710 1592 1763 ’καί
1615 1709 1913 1779 ἐνέκοψεν

337 1793 371 1844 ὁ
399 1789 687 1853 Σατανᾶς.

406 1885 475 1945 γ’.
499 1879 563 1932 Τί
591 1879 795 1947 λέγεις;
826 1882 860 1934 ὁ
888 1880 1161 1948 Σατανᾶς
1184 1882 1492 1950 ἐγκόπτειε
1528 1882 1634 1936 Ναί
1654 1899 1670 1913 ο
1704 1884 1769 1936 οὐ
1798 1881 1908 1955 7&9

336 1965 472 2019 Θεοῦ
503 1965 662 2020 τοῦτο
702 1958 859 2040 ἔργον
884 1964 972 2040 ἦν.
1027 1969 1150 2023 Ἐπί
1187 1971 1285 2040 μὲν
1329 1972 1442 2042 7&9
1466 1972 1575 2025 τῶν
1616 1972 1902 2042 Ῥωμαίων

337 2053 524 2122 φησιν.
558 2054 641 2106 δτι
669 2053 698 2106 ό
726 2053 857 2116 Θεὸς
889 2055 1162 2109 ἐκώλυον
1197 2057 1292 2109 καὶ
1330 2056 1564 2127 ἀλλαχοῦ
1589 2056 1648 2111 δέ
1683 2075 1846 2129 φησιν
1881 2061 1910 2113 ὁ

336 2139 568 2202 Λουκᾶς,
593 2139 676 2192 δτι
708 2139 781 2191 Τὸ
805 2140 1028 2212 Πνεῦμα
1056 2141 1378 2196 διεκώλυσεν
1404 2144 1601 2208 αὐτοὺς
1631 2144 1805 2199 ἐλθεῖν
1830 2146 1910 2210 εἰς

335 2223 436 2294 τὴν
485 2223 699 2278 Ἀσίαν*
730 2226 826 2279 καὶ
870 2226 1178 2298 Κορινθίοις
1205 2241 1230 2270 ι
1276 2228 1370 2283 τοῦ
1403 2231 1717 2303 Πνεύματός
1746 2249 1910 2303 φησιν

336 2305 476 2364 εἷναι
503 2310 565 2364 τὸ
611 2310 792 2383 ἔργον,
826 2312 1058 2367 ἐνταῦθα
1089 2314 1146 2368 δὲ
1191 2316 1350 2387 μόνον
1378 2317 1475 2372 τοῦ
1506 2321 1743 2374 Σατανᾶ.
1774 2319 1909 2374 Τίνα

336 2397 393 2449 δέ
445 2396 593 2465 λέγει
644 2398 888 2468 ἐγκοπὴν
921 2398 1017 2452 τοῦ
1072 2402 1316 2469 Batavi;
1360 2405 1709 2477 Πειρασμούς
1758 2424 1908 2472 τινας

335 2483 775 2555 ἀπροσδοκήτους
802 2487 898 2540 καὶ
939 2487 1220 2559 σφοδρούς.
1253 2491 1552 2562 Γενομένης
1585 2492 1694 2563 γὰρ
1739 2494 1904 2564 αὐτῷ,

335 2573 524 2641 φησιν,
566 2571 853 2644 ἐπιϐουλῆς
892 2574 997 2627 ὑπὸ
1027 2573 1136 2628 τῶν
1187 2576 1474 2644 Ἰουδαίων,
1522 2578 1803 2650 κατείχετο
1849 2582 1908 2633 ἐν

332 2660 400 2728 τῇ
444 2657 648 2713 Ἐλλάδι
673 2662 821 2730 τρεῖς
849 2660 1042 2731 μῆνας.
1069 2662 1297 2734 Ἕτερον
1332 2663 1391 2717 δέ
1422 2666 1570 2720 ἐστιν
1598 2667 1909 2737 οἰκονομίας

334 2744 535 2799 ἐνεκενν
563 2747 898 2817 παραμένειν
930 2748 1024 2800 καὶ
1051 2748 1263 2814 ἑκόντα,
1302 2750 1398 2804 καὶ
1427 2750 1611 2821 ἕτερον
1641 2754 1906 2822 ἐγκοπτό-

335 2847 519 2900 μενον.
565 2833 713 2886 Ἐκεῖ
747 2833 845 2902 μὲν
871 2833 979 2904 7&9
999 2852 1071 2904 φη
1081 2835 1132 2888 σί
1150 2852 1163 2864 ·
1185 2837 1281 2890 Διὸ
1299 2837 1515 2906 μηκέτι
1543 2841 1731 2894 τόπον
1752 2840 1910 2909 ἔχων

332 2917 402 2971 ἐν
445 2917 565 2985 τοῖς
613 2920 862 2990 κλίμασι
912 2922 1165 2988 τούτοις,
1193 2923 1308 2987 καί,
1337 2924 1690 2994 Φειδόμενος
1743 2927 1910 2996 ὑμῶν

334 3005 542 3060 οὐκέτι
580 3002 775 3076 ἦλθον
828 3009 915 3071 είς
966 3006 1291 3076 Κόρινθον·
1342 3009 1577 3065 ἐνταῦθα
1639 3014 1697 3067 δὲ
1756 3013 1908 3068 οὐδὲν

331 3091 590 3157 τοιοῦτον,
620 3093 756 3147 ἀλλὰ
783 3095 863 3161 τίς
891 3093 1040 3167 [444]
1069 3096 1198 3149 ’Ότι
1219 3100 1267 3151 δη
1285 3097 1555 3165 Σατανᾶς
1590 3100 1923 3170 ἐνέκοψεν-,ι

344 3178 493 3249 Ἐγὼ
514 3178 652 3249 μὲν,
684 3180 838 3250 φησὶ,
873 3181 1135 3246 Παῦλος,
1168 3181 1266 3238 καί
1296 3182 1458 3248 ἅπαξ
1491 3184 1590 3238 καί
1619 3185 1734 3253 δίς.
1766 3188 1928 3258 Ὅρα.

332 3266 453 3330 πῶς
481 3268 844 3339 φιλοτιμεῖται
872 3270 966 3323 καὶ
993 3271 1480 3339 ἐγκαλλωπίζεται,
1508 3271 1675 3328 θέλων
1709 3275 1902 3341 δεῖξαι,

332 3355 414 3407 ὅτι
466 3354 700 3423 μάλιστα
749 3358 968 3411 πάντων
1004 3358 1204 3423 αὐτοὺς
1255 3359 1451 3428 ἐφίλει.
1480 3361 1572 3428 Τὸ,
1610 3362 1756 3430 Ἐγὼ
1788 3361 1906 3431 μὲν

334 3441 598 3507 Παῦλος,
636 3442 759 3503 ἀντί
808 3444 923 3497 τοῦ·
962 3445 1026 3498 El
1066 3445 1157 3499 καὶ
1190 3445 1265 3516 μὴ
1297 3447 1347 3499 οἱ
1399 3446 1570 3515 ἀλλοι,
1598 3448 1751 3519 φησί.
1792 3448 1901 3502 Κά-

337 3530 506 3581 κεῖνοι
538 3527 638 3596 μέν
660 3529 769 3599 γάρ
795 3529 986 3599 ῆθελον
1011 3534 1191 3600 μόνον,
1215 3534 1327 3599 ἐγὼ
1354 3534 1410 3586 δὲ
1432 3535 1523 3586 καὶ
1550 3535 1903 3606 ἐπεχείρησα.

339 3620 435 3683 Τίς
474 3618 585 3686 γὰρ
622 3618 766 3686 ἡμῖν
810 3620 1005 3683 ἐλπὶς,
1052 3623 1091 3687 ἧ
1134 3626 1311 3691 χαρὰ,
1358 3622 1396 3689 ἢ
1430 3626 1729 3694 στέφανος
1759 3644 1905 3681 καυ⁶

334 3703 602 3772 χήσεως;
622 3706 698 3758 Ἦ
723 3705 858 3771 οὐχί
887 3703 987 3756 καὶ
1009 3705 1175 3773 ὑμεῖς
1195 3708 1533 3776 ἔμπροσθεν
1554 3711 1659 3766 τοῦ
1685 3714 1906 3779 Κυρίου

334 3789 506 3860 ἡμῶν
549 3790 754 3856 Ἰησοῦ
795 3791 1051 3858 Χριστοῦ
1095 3792 1167 3848 ἐν
1207 3794 1281 3863 τῇ
1327 3798 1628 3864 παρουσίᾳ
1675 3801 1903 3866 αὐτοῦ;

334 3876 644 3941 Μακεδόνες
684 3877 812 3944 εἰσί,
845 3875 967 3931 εἰπέ
1011 3865 1126 3947 μοί,
1174 3883 1208 3953 ή
1249 3881 1403 3945 ἐλπίς
1437 3900 1552 3950 σου,
1578 3878 1624 3938 ὦ
1669 3865 1905 3958 μακάριε

335 3965 547 4031 Παῦλε;
578 3966 690 4039 Οὐχ
721 3961 865 4022 οὗτοι
901 3968 1075 4039 μόνοι,
1103 3971 1268 4043 φησί·
1299 3971 1389 4026 διὰ
1409 3971 1569 4028 τοῦτο
1596 3976 1901 4046 ἐπήγαγεν·

338 4054 413 4109 ’Ἠ
441 4054 578 4125 οὑχί
618 4053 718 4108 καί
758 4053 960 4125 ὑμεῖς-ς
1000 4058 1094 4122 Τίς
1138 4057 1249 4128 γάρ
1292 4059 1465 4114 ἐστιν
1508 4061 1672 4130 ἡμῖν,
1717 4065 1900 4132 φησὶν,

333 4141 530 4209 ἐλπίς,
578 4143 617 4211 ἦ
680 4144 853 4213 χαρὰ,
899 4143 938 4213 ἢ
991 4145 1291 4215 στέφανος
1345 4148 1727 4216 καυχήσεωςς
1760 4147 1909 4222 Ἆρα

333 4228 728 4298 ἐπιγινώσκετε
753 4231 820 4284 τὰ
850 4232 917 4303 ρή
927 4250 1070 4303 ματα
1090 4233 1366 4302 γυναικῶν
1387 4234 1515 4288 ὄντα
1536 4235 1676 4290 πάνυ
1697 4236 1907 4310 διαθερ-

338 4316 681 4388 μαινομένων
709 4320 820 4380 τοῖς
855 4316 1201 4389 σπλάγχνοις,
1225 4320 1318 4372 καὶ
1352 4319 1488 4391 πρὸς
1516 4320 1705 4375 παιδία
1736 4323 1908 4394 μικρὰ

333 4404 766 4476 διαλεγομένων;
789 4406 899 4462 Kal
921 4405 1242 4475 στέφανος,
1264 4409 1417 4477 φησὶ,
1443 4409 1814 4478 καυχήσεως.
1830 4411 1907 4465 Οὐ

332 4493 444 4565 7&9
469 4493 629 4565 ἢρκει
655 4492 716 4547 τδ
738 4493 1001 4562 στέφανος
1037 4493 1208 4565 ὄνομα
1224 4495 1394 4559 δεῖξαι
1408 4496 1504 4568 τὴν
1523 4496 1901 4569 λαμπρότητα,

332 4579 469 4633 ἀλλὰ
500 4579 807 4651 προσέθηκε
833 4580 946 4643 καὶ,
975 4579 1357 4649 Καυχήσεως.
1393 4583 1570 4654 Πόσης
1608 4583 1905 4654 πυρώσεως

332 4666 525 4732 τοῦτο;
563 4666 679 4719 Οὐκ
710 4665 776 4718 ἄν
813 4682 940 4718 ποτε
973 4667 1177 4737 μήτηρ,
1211 4667 1329 4721 οὐδὲ
1355 4669 1557 4739 πατὴρ,
1587 4669 1642 4722 εί
1670 4686 1734 4738 γε
1768 4664 1905 4741 ὄμοῦ

334 4754 618 4825 συνῆλθον,
646 4754 741 4808 καὶ
764 4754 856 4807 τὸν
890 4755 1101 4808 ἑαυτῶν
1133 4757 1456 4826 ἀνεμίξαντο
1498 4756 1682 4821 πόθον,
1705 4759 1905 4830 ἠδυνή-

332 4843 507 4915 θησαν
534 4841 705 4908 δεῖξαι
751 4841 1036 4914 ἰσόρροπον
1064 4840 1194 4896 ὄντα
1222 4842 1299 4913 τῷ
1345 4842 1543 4913 Παύλῳ
1570 4843 1660 4896 τὸν
1699 4844 1904 4898 ἐαυτῶν

331 4928 517 4982 πόθον.
536 4929 721 4996 Χαρὰ,
750 4928 906 4997 φησὶ,
931 4929 1029 4982 καί
1057 4930 1377 4998 στέφανος’
1404 4929 1668 4995 τουτέστι,
1691 4931 1905 4984 Μᾶλλον

331 5016 419 5085 ἐφ’
449 5015 596 5086 ὑμῖν,
629 5015 812 5086 φησὶν,
847 5016 1170 5086 ἀγάλλομαι,
1198 5016 1232 5086 ἢ
1266 5017 1358 5069 ἐπὶ
1386 5015 1655 5086 στεφάνῳ.
1694 5017 1906 5088 Ἐννόη-

335 5119 430 5155 σον
460 5102 572 5172 7&9
597 5103 720 5155 ὅσον
768 5104 914 5157 ἐστὶν
958 5102 1284 5173 Ἐκκλησίαν
1311 5102 1601 5175 ὁλόκληρον
1650 5108 1904 5176 παρεῖναι

334 5188 690 5257 φυτευθεῖσαν
716 5191 810 5243 καὶ
838 5189 1158 5259 ριζωθεῖσαν
1189 5190 1294 5243 ὑπὸ
1326 5191 1559 5245 Παύλου.
1583 5192 1677 5256 Τίς
1711 5192 1810 5246 οὐκ
1839 5192 1904 5246 ἂν

332 5276 430 5330 ἐπὶ
479 5277 716 5348 τοσαύτῃ
762 5278 1089 5351 πολυπαιδίᾳ
1141 5281 1234 5332 καὶ
1285 5279 1539 5350 εὐπαιδίᾳ.
1584 5280 1900 5349 ἀγάλλοιτο;

334 5364 500 5418 ’Ὥστε
546 5365 671 5418 οὐδέ
712 5365 871 5419 τοῦτο
921 5366 1212 5431 κολακείας
1254 5368 1419 5423 ἐστίν.
1458 5368 1533 5422 (ὶὺ
1582 5368 1692 5439 γὰρ
1729 5364 1903 5432 εἶπεν,

346 5451 556 5521 Ὑμεῖς,
581 5451 791 5517 ἁπλῶς,
816 5451 974 5515 ἀλλὰ,
1005 5454 1112 5507 Kal
1144 5453 1333 5522 ὑμεῖς.
1375 5456 1513 5526 μετά
1565 5454 1673 5511 τῶν
1707 5455 1901 5509 ἄλλων.

348 5530 543 5606 ’Υμεῐς
587 5539 697 5609 γάρ
739 5539 881 5592 ἐστε
924 5540 962 5607 ὴ
1002 5540 1152 5604 δόξα
1194 5540 1363 5609 ἡμῶν
1391 5542 1487 5595 καὶ
1535 5543 1575 5609 ἡ
1603 5541 1775 5611 χαρά.
1806 5543 1902 5595 Διὸ

332 5625 547 5694 μηκέτι
593 5625 911 5693 στέργοντες
972 5626 1390 5695 εὐδοκήσαμεν
1442 5626 1902 5698 καταλειφθῆναι

1006 5772 1104 5819 ίων.

405 5770 433 5800 ⁸
460 5767 613 5829 Unus,
634 5772 714 5819 καὶ
739 5773 811 5818 ἰπὶ
834 5773 999 5831 Κορινθ

1095 285 1150 339 5.
1189 283 1465 340 JOANNIS
1499 285 1987 345 CHRYSOSTOMI
2027 290 2344 347 ARCIIIEP.
2386 290 2925 348 CONSTANTINOP.

3483 293 3591 348 ΗΘ

2022 403 2092 456 ἐν
2134 404 2398 471 Ἀθήναις
2425 407 2612 473 μόνοι.
2643 406 2813 459 Τοῦτο
2838 401 2993 460 εἶπεν
3019 407 3138 462 ἀντὶ
3168 409 3285 473 τοῦ,
3320 408 3596 479 εἱλόμεθα.

2021 490 2130 543 Kal
2163 491 2517 561 ἐπέμψαμεν
2549 496 2825 562 Τιμόθεον
2854 494 2960 548 τὲν
2984 495 3252 565 ἀδελφὸν
3277 494 3462 563 ἡμῶν,
3496 499 3598 551 καὶ

2018 574 2302 630 διάκονον
2346 578 2453 632 τοῦ
2494 578 2665 644 Θεοῦ,
2705 580 2803 633 καί
2853 580 3154 649 συνεργὸν
3195 580 3365 652 ἡμῶν
3404 582 3474 635 ἐν
3518 581 3602 647 τῷ

2018 663 2365 732 Εὐαγγελίῳ
2391 664 2498 718 τοῦ
2542 665 2820 733 Χριστοῦ.
2853 667 2963 719 Καὶ
2993 667 3152 720 τοῦτο
3195 668 3259 720 οὐ
3288 667 3379 721 τὸν
3427 669 3601 739 Τιμό-

2018 747 2138 801 θεον
2193 750 2454 821 ἐπαίρων,
2485 753 2671 823 φησιν,
2713 752 2828 805 ἀλλ’
2881 754 3080 817 αὐτοὺς
3130 754 3325 824 τιμῶν,
3376 755 3461 809 ὅτι
3505 756 3600 809 τὸν

2020 836 2307 905 συνεργὸν,
2371 837 2468 891 καὶ
2534 837 2782 892 διάκονον
2844 838 2938 892 τοῦ
3005 838 3342 908 Εὑαγγελίου
3411 842 3598 907 αὐτοῖς

2014 921 2288 992 επεμψεψ
2319 922 2394 988 ὡς
2439 923 2506 978 ἂν
2542 928 2591 979 εἰ
2616 925 2819 991 ἔλεγεν·
2850 928 3312 1003 ,Ἀποσπάσαντες
3357 928 3463 981 ἀπὸ
3486 931 3600 984 τῶν

2014 1006 2191 1078 ἔργων
2223 1009 2548 1081 ἐπέμψαμεν
2576 1012 2713 1081 πρὸς
2744 1013 2888 1083 ὑμᾶς
2912 1012 3006 1065 τὸν
3038 1012 3282 1066 διάκονον
3309 1014 3405 1067 τοῦ
3434 1015 3594 1080 θεοῦ,

2016 1098 2111 1150 καὶ
2150 1099 2409 1168 συνεργὸν
2458 1100 2618 1170 ήμῶν
2669 1102 2727 1154 ἐν
2756 1101 2833 1170 τῷ
2866 1101 3183 1172 Εὑαγγελίῳ
3212 1100 3306 1154 τοῦ
3335 1103 3594 1173 Χριστοῦ.

2015 1179 2150 1236 Εἶτα
2183 1186 2277 1237 καὶ
2312 1186 2345 1253 ή
2384 1185 2566 1239 αίτία·
2589 1189 2695 1253 Εἰς
2737 1185 2805 1240 τό
2833 1186 3114 1254 στηρίξαι
3159 1185 3316 1255 ὑμᾶς
3350 1189 3449 1241 καί
3483 1204 3595 1241 πιε-

2007 1271 2348 1337 ρακαλέσαι
2387 1275 2540 1341 ὑπερ
2567 1272 2677 1341 τῆς
2717 1274 2974 1340 πίστεως
3017 1272 3204 1342 ὑμῶν,
3253 1272 3334 1339 τῷ
3359 1274 3594 1343 μηδένα

2013 1357 2333 1412 σαίνεσθαι
2361 1358 2430 1412 ἑν
2456 1357 2584 1424 ταῖς
2614 1359 2860 1426 θλίψεσι
2890 1360 3151 1423 ταύταις.
3183 1359 3248 1412 Τί
3275 1359 3338 1429 δὴ
3361 1361 3596 1414 ἐνταῦθά

2015 1460 2209 1511 (gnam;
2252 1444 2470 1515 Ἐπειδὴ
2499 1444 2610 1498 τῶν
2653 1445 2988 1498 διδασκάλων
3017 1445 3067 1498 οἰ
3102 1447 3397 1515 πειρασμοί
3426 1446 3591 1517 0090-

2015 1528 2171 1583 δοῦσι
2227 1531 2354 1595 τοὺς
2411 1528 2681 1601 μαθητὰς,
2724 1531 2847 1584 τότε
2909 1530 2966 1584 δέ
3027 1531 3240 1595 πολλοῖς
3297 1531 3590 1603 περιέπεσε

2014 1619 2355 1686 πειρασμοῖς,
2401 1617 2477 1680 ὼς
2531 1616 2627 1670 καὶ
2678 1617 2839 1681 αὐτός
2889 1632 3073 1687 φησιν,
3122 1619 3204 1671 ὅτι
3265 1618 3594 1686 Ἐνέκοψεν

2012 1700 2170 1769 ἡμᾶς
2211 1704 2245 1755 ὁ
2285 1701 2575 1769 Σατανᾶς’
2618 1701 3000 1774 ἀνακτώμενος
3056 1703 3253 1768 αὐτοὺς
3307 1703 3480 1767 οὕτως
3512 1704 3591 1758 εῖ-

2012 1805 2201 1859 ρηκεν.
2233 1792 2298 1842 Ὃ
2327 1790 2384 1843 δὲ
2416 1790 2584 1858 λέγει,
2604 1790 2760 1844 τοῦτό
2791 1793 2940 1844 ἐστι’
2972 1791 3080 1845 Καὶ
3110 1791 3257 1859 ἅπαξ
3288 1795 3383 1846 καὶ
3406 1793 3588 1847 δεύτει

2013 1895 2104 1948 ρον
2135 1868 2326 1949 ήθελον
2346 1878 2543 1941 ἐλθεῖν.
2573 1880 2668 1932 καί
2694 1880 2794 1932 οὐκ
2826 1879 3022 1950 ἴσχυσα
3041 1899 3052 1912 ·
3077 1881 3105 1934 ὃ
3126 1881 3326 1952 πολλης
3353 1881 3473 1951 βίας
3493 1875 3586 1952 ἦν.

2011 1965 2170 2028 Εἰκὸς
2199 1965 2256 2018 δέ
2287 1966 2445 2019 τοῦτο
2476 1965 2777 2038 θορυϐῆσαι
2814 1966 3034 2030 αὐτούς.
3058 1969 3132 2020 Οὐ
3161 1968 3271 2038 7&9
3302 1967 3474 2030 οὕτως
3493 1968 3588 2020 ἐπὶ

2009 2054 2118 2115 τοῖς
2147 2051 2369 2116 οἰκείοις
2398 2057 2742 2124 πειρασμοῖς,
2767 2054 2842 2116 ὡς
2869 2055 2963 2107 ἐπὶ
2981 2055 3093 2116 τοῖς
3115 2053 3224 2106 τῶν
3251 2052 3587 2107 διδασκάλοιν

2010 2137 2363 2206 θορυϐοῦνται
2393 2140 2442 2193 οἰ
2491 2139 2758 2211 μαθηταίο
2787 2139 2976 2210 ὥσπερ
3006 2139 3126 2192 ούδέ
3146 2138 3321 2202 οὕτως
3352 2138 3445 2191 ἐπὶ
3475 2137 3589 2191 τῶν

2009 2225 2223 2279 οἰκείων
2260 2225 2569 2295 θορυϐεῖται
2603 2225 2927 2296 πειρασμῶν
2965 2225 3323 2297 στρατιώτης,
3355 2223 3433 2287 ὡς
3457 2225 3588 2278 ὅταν

2009 2311 2101 2364 τὸν
2147 2312 2453 2382 στρατηγὸν
2504 2313 2589 2385 ἴδῃ
2641 2312 2991 2383 βεϐλημένον.
3032 2314 3135 2379 Είς
3188 2313 3256 2366 τὸ
3305 2311 3585 2380 στηρίξαι

2009 2397 2188 2466 ὑμᾶς,
2219 2399 2403 2468 φησίν.
2429 2400 2573 2470 ’Δρα
2599 2399 2690 2452 διὰ
2716 2401 2777 2452 τὸ
2806 2401 2881 2470 μὴ
2917 2399 3285 2470 θορυϐηθῆναι
3315 2398 3580 2469 ἐπεμψεν,

2009 2485 2123 2538 ἀλλ’
2172 2487 2271 2555 οὐχ
2318 2486 2393 2550 ὡς
2440 2486 2788 2550 ἐλλείποντάς
2845 2504 2897 2540 τι
2941 2486 3040 2556 τῆς
3084 2486 3343 2550 πίστεως,
3370 2486 3478 2538 οὐδ’
3504 2486 3583 2548 ὡς

2007 2571 2318 2640 ὀφείλοντάς
2353 2591 2404 2625 τι
2459 2575 2672 2642 μαθεῖν.
2705 2573 2813 2627 Καὶ
2845 2571 3258 2642 παρακαλέσαι
3297 2571 3445 2641 ὑπὲρ
3467 2572 3582 2638 τῆς

2009 2660 2268 2725 πίστεως
2319 2658 2521 2728 ὑμῶν,
2562 2658 2642 2725 τῷ
2693 2659 2930 2727 μηδένα
2980 2660 3297 2714 σαίνεσθαι
3338 2661 3406 2714 ἐν
3444 2658 3576 2723 ταῖς

2009 2747 2256 2814 θλίψεσι
2296 2748 2568 2813 ταύταιςο
2598 2748 2769 2801 αὺτοί
2798 2746 2912 2817 γὰρ
2944 2748 3145 2802 οἴδατε
3177 2748 3266 2801 ὅτι
3286 2751 3374 2813 είς
3403 2745 3582 2799 τοῦτο

2009 2828 2267 2902 κείμεθα.
2297 2833 2405 2887 Kal
2446 2832 2558 2903 γὰρ
2587 2834 2686 2887 ὅτε
2713 2834 2865 2902 πρὸς
2911 2834 3070 2903 ὑμᾶς
3115 2831 3289 2905 ἦμεν,
3332 2832 3580 2902 προελέι

2008 2936 2192 2990 γομεν
2224 2919 2388 2990 ὑμῖν,
2413 2919 2502 2973 ὅτι
2529 2920 2833 2989 μέλλομεν
2858 2918 3015 2992 [445]
3032 2920 3364 2984 θλίϐεσθαι,
3390 2916 3586 2981 καθὼς

2007 3006 2106 3061 καί
2136 3006 2393 3076 ἐγένετο,
2424 3006 2522 3059 καί
2553 3006 2772 3060 οἴδατε.
2807 3006 2882 3060 οὐ
2917 3005 2997 3059 δεῖ
3020 3004 3392 3075 θορυϐεῖσθαι,
3418 3002 3597 3073 φησίν

2007 3096 2102 3150 καὶ
2130 3096 2239 3166 7&9
2267 3096 2419 3150 οὐδὲν
2459 3096 2633 3162 ξένον,
2681 3095 2836 3149 οὐδὲν
2883 3097 3012 3166 παρ’
3042 3094 3232 3149 ἐλπίδα
3260 3092 3580 3165 συμϐαίνει⁸

2011 3184 2150 3253 ὅπερ
2200 3181 2382 3236 ἱκανὸν
2421 3183 2488 3253 ἦν
2531 3183 2729 3247 αὐτοὺς
2765 3182 3136 3251 διαναστῆσαι.
3171 3181 3339 3252 Ὀρᾷς
3374 3181 3460 3234 ὅτι
3495 3178 3584 3233 διά

2006 3271 2165 3325 τοῦτο
2187 3272 2281 3325 καὶ
2299 3273 2327 3323 ό
2344 3271 2577 3341 Χριστὸς
2607 3270 2870 3342 προέλεγε
2896 3272 3008 3335 τοῖς
3034 3270 3300 3341 μαθηταῖς
3320 3286 3334 3333 ;
3354 3268 3586 3323 ἄκουσον

2006 3359 2116 3430 7&9
2147 3357 2311 3411 αὐτοῦ
2343 3357 2590 3426 λέγοντος
2612 3375 2626 3388 ·
2668 3357 2904 3426 ’Λπάρτι
2946 3353 3122 3411 εἷπον
3146 3356 3290 3425 ὑμῖν
3326 3355 3443 3424 πρὸ
3477 3354 3582 3409 τοῦ

2006 3444 2319 3514 γενέσθαι,
2359 3444 2461 3508 ἵν’,
2494 3443 2641 3497 ὅταν
2684 3443 2946 3513 γένηται,
2989 3443 3379 3512 πιστεύσητε.
3421 3441 3581 3510 Μέγα

2006 3531 2134 3601 γὰρ,
2179 3530 2350 3593 ὅντως
2394 3529 2536 3598 μέγα
2591 3532 2670 3593 εἰς
2727 3529 3080 3600 παραμυθίαν
3115 3529 3227 3583 τῶν
3282 3529 3479 3591 ἀλλων,
3519 3528 3586 3580 τὸ

2007 3618 2160 3685 παρά
2192 3616 2302 3672 τῶν
2333 3616 2668 3671 διδασκάλων
2700 3615 2932 3671 ἀκοῦσαι
2964 3616 3034 3670 τά
3056 3617 3336 3687 γινόμενα.
3370 3617 3582 3685 Ὠσπερ

2005 3705 2114 3775 γὰρ
2163 3707 2191 3759 ό
2246 3705 2470 3775 κάμνων
2527 3703 2681 3775 παρά
2715 3703 2809 3757 τοῦ
2852 3702 3062 3774 ἰατροῦ,
3100 3703 3195 3759 ἐὰν
3239 3702 3448 3775 ἀκούσῃ
3497 3704 3583 3757 ὃτι

2005 3792 2124 3845 τόδε
2156 3793 2366 3861 γίνεται
2401 3793 2496 3847 καί
2523 3792 2662 3855 τόδε,
2686 3793 2748 3846 οὐ
2783 3791 2987 3862 σφόδρα
3022 3791 3368 3862 θορυϐεῖται·
3401 3793 3498 3845 ἐὰν
3521 3791 3582 3844 δὲ

2006 3879 2426 3950 ἀπροσδοκήτως
2457 3877 2617 3952 ἐκϐῇ,
2643 3876 2719 3940 ὡς
2765 3877 3018 3932 κάκείνου
3065 3878 3457 3950 ἀπορηθέντος,
3486 3879 3581 3932 καὶ

2004 3964 2098 4018 τοῦ
2121 3966 2422 4036 νοσήματος
2456 3963 2700 4035 μείζονος
2721 3963 2829 4033 τῆς·
2856 3963 3051 4034 τέχνης
3088 3963 3400 4034 γενομένου,
3428 3963 3580 4018 ἀλύει

2005 4051 2100 4104 καὶ
2130 4049 2466 4115 θορυϐεῖται·
2496 4049 2640 4103 οὕτω
2678 4049 2773 4103 καὶ
2801 4048 3058 4103 ἐνταῦθα.
3090 4050 3270 4119 Ἀπερ
3296 4049 3577 4121 προειδὼς.

2003 4139 2032 4190 ό
2048 4137 2277 4201 Παῦλος,
2293 4139 2550 4207 προεῖπεν
2563 4136 2745 4200 αὐτοῖς
2768 4136 2887 4189 Ὀτι
2912 4135 3219 4206 μέλλομεν
3237 4138 3544 4191 θλίϐεσθαι
3558 4148 3578 4168 δ

2003 4223 2226 4290 Καθὼς,
2263 4225 2418 4294 φησὶ,
2474 4222 2575 4276 καί
2621 4222 2858 4292 ἐγένετο
2912 4222 3013 4277 καί
3064 4222 3281 4277 οῖδατε.
3335 4225 3448 4294 Οὐχ
3498 4224 3580 4277 ὅτι

2004 4310 2221 4379 ἐγένετο
2262 4296 2420 4362 τοῦτο
2440 4308 2589 4377 λέγει
2625 4310 2807 4382 μόνον,
2844 4310 2959 4364 ἀλλ’
2992 4310 3076 4363 ὅτι
3120 4308 3294 4363 πολλά
3328 4310 3424 4363 καὶ
3446 4309 3581 4364 ἀλλα

2007 4397 2259 4467 προεῖπε,
2291 4395 2383 4449 καί
2417 4395 2604 4465 ἐξέϐη.
2645 4396 2750 4462 Εἰς
2784 4395 2964 4451 τοῦτο
2994 4396 3255 4465 κείμεθα.
3288 4396 3450 4448 Ὥστε
3482 4396 3580 4467 οὐχ

2005 4484 2147 4553 ὑπὲρ
2186 4483 2296 4538 τῶν
2342 4483 2723 4555 παρελθόντων
2780 4484 2941 4553 μόνον
2998 4486 3059 4537 οὐ
3099 4485 3181 4538 δεῖ
3234 4482 3579 4554 θορυϐεῖσθαι

2004 4571 2100 4623 καὶ
2141 4571 2538 4641 ταράττεσθαι’
2582 4570 2742 4624 τοῦτο
2786 4569 2897 4639 γάρ
2949 4571 3065 4624 ἐστι
3111 4570 3420 4625 σαίνεσθαν
3464 4569 3579 4624 ἀλλ’

2005 4658 2117 4710 οὐδ’
2148 4658 2288 4728 ὑπὲρ
2313 4659 2423 4711 τῶν
2458 4658 2780 4728 μελλόντων,
2828 4657 2883 4710 εῐ
2924 4674 2978 4711 τι
3032 4657 3275 4728 συμϐαίη
3316 4657 3575 4712 τοιοῦτον.

2005 4746 2107 4808 Είς
2136 4745 2311 4799 τοῦτο
2337 4747 2447 4814 γὰρ
2475 4747 2736 4813 κείμεθα.

2069 4831 2132 4884 δ’.
2175 4832 2520 4903 Ἀκούσωμεν
2559 4827 2639 4894 οἷς
2680 4834 2826 4884 ἐστιν
2859 4824 2975 4885 ὦτα
3007 4830 3258 4886 ἀκούειν’
3296 4834 3381 4897 εἰς
3416 4832 3578 4886 τοῦτο

2006 4925 2181 4976 κεῖται
2212 4922 2241 4974 ό
2269 4920 2607 4990 Χριστιανός.
2642 4920 2736 4980 Τδ,
2775 4921 2876 4986 Είς
2907 4920 3082 4974 τοῦτο
3113 4921 3386 4990 κείμεθα,
3441 4922 3573 4991 περὶ

2006 5011 2222 5063 πάντων
2271 5007 2419 5076 λέγει
2448 5006 2556 5061 τῶν
2580 5005 2809 5059 πιστῶν.
2845 5008 2950 5073 Είς
2984 5007 3160 5062 τοῦτο
3180 5008 3452 5076 κείμεθα*
3484 5007 3581 5060 καὶ

2005 5099 2168 5167 ἡμεῖς
2225 5095 2427 5149 ὡσανεὶ
2480 5097 2561 5157 εἰς
2608 5093 2791 5147 ἄνεσιν
2844 5093 3110 5164 κείμενοι.
3151 5093 3576 5165 ξενοπαθοῦμεν.

2005 5183 2220 5236 Μᾶλλον
2265 5181 2323 5234 δέ
2385 5180 2529 5242 τίνος
2573 5179 2762 5233 ἐνεκεν
2804 5178 3241 5250 ξενοπαθοῦμεν;
3302 5180 3427 5234 οὐδὲ
3466 5179 3578 5249 7&9

2006 5268 2238 5337 θλίψεως
2294 5266 2505 5336 καιρὸς,
2565 5264 2685 5317 οὐδὲ
2723 5264 3031 5334 πειρασμὸς
3073 5264 3392 5330 κατέλαϐεν,
3427 5269 3475 5317 εἰ
3500 5264 3579 5336 μὴ

2006 5351 2362 5421 ἀνθρώπινος.
2394 5349 2663 5418 Εὔκαιρον
2684 5349 2778 5402 καί
2815 5349 2951 5418 πρὸς
2983 5350 3128 5419 ὑμᾶς
3157 5352 3356 5415 εἰπεῖν,
3400 5352 3577 5404 Οὔπω

2000 5436 2211 5508 μέχρις
2263 5437 2509 5505 αἳματος
2545 5435 3008 5501 ἀντικατέστητε
3055 5435 3206 5503 πρὸς
3252 5436 3369 5503 τὴν
3396 5437 3577 5506 ἀμαρο

2006 5525 2140 5577 τίαν
2207 5521 2754 5590 ἀνταγωνιζόμενοι.
2810 5520 3029 5575 Μᾶλλον
3087 5521 3146 5573 δὲ
3183 5522 3246 5575 οὐ
3296 5522 3457 5577 τοῦτο
3483 5522 3574 5576 εθ-

2007 5626 2195 5679 καιρον
2239 5610 2412 5662 εἰπεῖν
2449 5608 2585 5677 πρὸς
2636 5607 2801 5674 ὑμᾶς,
2832 5606 2967 5658 ἀλλά
3016 5608 3203 5671 ποῖον;
3253 5606 3425 5662 Οὔπω
3446 5625 3576 5681 χρη-

2011 5696 2193 5764 μάτων
2242 5694 2703 5763 κατεφρονήσατε.
2776 5690 3037 5753 Ἐκείνοις
3089 5691 3189 5762 μὲν
3232 5692 3342 5764 γάρ
3367 5697 3480 5757 103.;
3505 5694 3575 5747 τὰ

2012 5781 2187 5836 αὐτῶν
2209 5782 2605 5836 ἀπολωλεκόσιν
2635 5783 2849 5835 ἅπαντα
2880 5778 3103 5841 εἰκότως
3128 5779 3299 5834 ταῦτα
3330 5782 3569 5850 ἐλέγετιν
