4010 6142
458 345 559 402 109

452 453 518 508 ad
547 452 870 517 Corinthios,
905 464 998 520 per
1022 448 1152 504 alios
1178 462 1298 503 cum
1321 449 1400 504 eis
1428 461 1668 512 versans,
1696 461 1816 501 cum
1850 462 1942 516 per
1971 462 2030 501 se

452 559 558 598 non
589 551 770 613 posset
801 559 815 595 :
844 550 958 595 erat
1005 540 1145 595 enim
1177 553 1363 593 amans
1410 539 1591 593 furore
1633 545 1916 606 correptus
1936 577 1950 601 ,
1977 545 2032 591 et

452 635 608 703 cujus
634 633 864 703 impetus
889 630 959 684 ad
975 630 1265 685 amicitiam
1291 630 1526 684 cohiberi
1557 642 1661 682 non
1689 636 1918 696 poterat.
1939 627 2027 681 18.

457 725 706 791 Quoniam
752 724 1003 776 voluimus
1047 723 1215 775 venire
1261 721 1330 774 ad
1357 737 1463 789 uos.
1513 718 1663 787 Quod
1705 718 1918 788 quidem
1948 726 2032 772 est

450 814 769 870 dilectionis.
803 813 1049 878 Etiamsi,
1081 813 1272 880 inquit,
1303 812 1446 865 nullo
1473 810 1578 864 alio
1607 809 1736 862 mihi
1762 822 1897 878 opus
1925 816 2023 870 est,

449 919 606 974 quam
633 913 692 957 ut
721 919 815 957 vos
844 904 1139 957 videmnus.
1171 902 1276 971 Ego
1303 902 1504 970 quidem
1548 899 1744 953 Paulus
1763 940 1777 965 ,
1803 910 1849 952 et
1879 897 2029 951 senuâ€˜l

450 1004 494 1048 et
515 996 732 1058 iterum;
759 995 848 1048 sed
889 993 1151 1064 impedivit
1181 1009 1270 1046 nos
1296 1002 1520 1045 satanas.

518 1087 572 1141 3.
611 1085 749 1153 Quid
778 1084 1188 1140 dicis?Satanas
1231 1083 1478 1153 impedit?
1506 1081 1663 1135 Certe
1695 1095 1843 1134 :non
1877 1079 2018 1134 enim

450 1175 552 1230 hoc
579 1185 696 1230 erat
723 1189 860 1244 opus
885 1174 999 1228 Dei.
1029 1173 1108 1228 Ad
1137 1173 1409 1227 Romanos
1453 1171 1666 1240 quidem
1698 1170 1828 1224 dicit
1858 1169 2023 1222 Deum

450 1267 787 1338 prohibuisse
817 1266 989 1337 (Rom.
1023 1269 1108 1322 15.
1135 1265 1262 1334 22);
1294 1273 1346 1319 et
1369 1263 1494 1317 alibi
1521 1263 1647 1317 dicit
1686 1262 1874 1323 Lucas,
1904 1260 2027 1328 Spi-

451 1360 586 1411 ritus
617 1356 885 1426 prohibuit
934 1358 1078 1427 ipsos
1120 1357 1304 1410 venire
1347 1355 1400 1409 in
1442 1354 1624 1409 Asiam
1654 1349 1907 1422 (Act.16.
1935 1349 2024 1421 6);

451 1447 739 1502 Corinthiis
768 1457 945 1502 autem
981 1447 1108 1501 dicit
1136 1460 1270 1516 Opus
1298 1460 1419 1500 esse
1449 1444 1668 1511 Spiritus
1698 1460 1709 1494 :
1736 1440 1822 1495 hic
1850 1450 2026 1493 autem

451 1539 623 1592 solum
670 1549 886 1594 satanze.
935 1538 1227 1605 Quamnam
1259 1545 1433 1590 autem
1463 1535 1592 1588 dicit
1638 1533 1799 1587 fuisse
1827 1539 2027 1585 satana:

450 1627 866 1683 eohibitionem?
894 1627 1288 1698 lnexspectatas
1314 1625 1572 1696 quasdam
1602 1633 1655 1678 et
1686 1622 2028 1677 vehementes

453 1720 789 1774 tentationes.
819 1719 949 1774 Nam
977 1735 1098 1774 eum
1141 1719 1190 1774 ei
1236 1718 1458 1774 fuissent
1485 1726 1700 1772 structas
1745 1732 1774 1769 a
1829 1714 2027 1770 Judaeis

449 1811 653 1865 insidim
703 1812 838 1880 (Act.
881 1811 970 1866 20.
1016 1810 1094 1881 5),
1142 1819 1384 1865 retentus
1436 1818 1518 1864 est
1567 1810 1618 1862 in
1660 1806 1879 1862 Hellade
1919 1813 2028 1858 tres

449 1916 679 1956 menses.
731 1902 888 1956 Aliud
919 1910 1099 1956 autem
1125 1911 1208 1956 est
1253 1911 1402 1956 certo
1454 1899 1681 1956 consilio
1715 1906 1770 1952 et
1815 1905 2029 1967 people!

447 1991 898 2060 dispensationem
947 2007 1184 2058 manere,
1238 2001 1292 2047 et
1331 2006 1425 2046 sua
1457 1999 1677 2060 sponte;
1709 1987 1855 2046 aliud
1876 1985 2028 2041 cohi-

452 2083 585 2136 beri.
614 2082 746 2136 Nam
776 2083 884 2137 illic
913 2083 1127 2151 quidem
1159 2083 1307 2147 dicit,
1338 2083 1508 2149 Quare
1549 2097 1650 2134 non
1695 2080 1914 2149 amplius
1954 2079 2030 2131 lo-

451 2189 566 2225 cum
589 2173 775 2227 habens
805 2174 856 2227 in
877 2175 955 2228 his
979 2173 1261 2243 regionibus
1281 2162 1457 2236 Rom.
1493 2173 1579 2227 15.
1607 2172 1737 2242 25);
1768 2179 1840 2234 et,
1880 2169 2030 2223 Vobis

454 2280 684 2334 parcens,
715 2266 938 2318 nondum
964 2265 1073 2318 veni
1114 2264 1410 2318 Corinthum
1437 2259 1514 2326 (2.
1544 2263 1660 2318 Cor.
1697 2263 1748 2316 1.
1780 2262 1876 2332 25)
1906 2278 1918 2313 :
1945 2260 2030 2314 hic

453 2368 629 2409 autem
657 2355 786 2409 nihil
815 2356 952 2421 tale;
1001 2355 1096 2410 sed
1142 2355 1312 2425 quid?
1342 2354 1568 2409 Satanas
1606 2353 1886 2422 impedivit.
1916 2349 2029 2420 Ego

450 2448 654 2516 quidem
697 2447 915 2514 Paulus,
947 2458 992 2502 et
1019 2449 1170 2502 semel
1186 2457 1230 2501 et
1261 2447 1355 2500 bis.
1389 2447 1518 2501 Vide
1552 2459 1808 2516 quantum
1834 2445 2029 2515 gloria-

451 2549 558 2604 tur,
580 2539 760 2593 volens
777 2539 1055 2593 ostendere
1076 2553 1133 2592 se
1156 2552 1250 2592 eos
1267 2539 1496 2592 maxime
1520 2539 1758 2591 omnium
1783 2537 2026 2604 diligere.

447 2627 562 2697 Ego
588 2629 784 2696 quidem
815 2629 1047 2693 Paulus;
1089 2644 1151 2684 ac
1179 2630 1224 2684 si
1260 2627 1460 2685 diceret
1496 2648 1509 2683 :
1542 2628 1654 2682 Etsi
1686 2643 1791 2682 non
1821 2627 1930 2682 alii.
1963 2627 2030 2681 Et

447 2719 523 2772 illi
553 2719 766 2788 quidem
808 2719 1060 2774 volebant
1107 2729 1334 2785 tantum,
1382 2734 1482 2790 ego
1520 2727 1698 2773 autem
1747 2732 2028 2788 aggressus

444 2827 588 2866 sum.
619 2812 703 2866 19.
744 2812 869 2877 Qua:
897 2821 966 2864 est
993 2813 1124 2864 enim
1156 2822 1326 2864 nostra
1355 2828 1489 2878 spes,
1527 2819 1613 2862 aut
1645 2809 1908 2880 gaudium,
1939 2817 2029 2862 aut

446 2919 637 2956 corona
657 2903 873 2973 glorite?
899 2900 1084 2955 Nonne
1110 2918 1196 2955 vos
1225 2912 1343 2955 ante
1371 2901 1644 2955 Dominum
1670 2910 1898 2953 nostrum
1932 2898 2028 2951 Je-

446 3010 565 3045 sum
591 2991 840 3045 Christum
868 2995 983 3046 estis
1013 2993 1063 3045 in
1091 2993 1308 3045 adventu
1335 2994 1481 3062 ejus?
1528 2991 1845 3046 Macedones
1882 2998 2023 3056 sunt,

446 3083 756 3150 dic,qu:rso,
783 3097 905 3152 spes
939 3094 1045 3146 tua,
1093 3099 1125 3138 o
1154 3083 1309 3138 beate
1340 3083 1533 3137 Paule?
1577 3082 1694 3136 Non
1737 3082 1793 3146 ii,
1837 3081 2024 3149 inquit,

444 3176 553 3229 soh
583 3193 596 3226 :
632 3185 910 3243 prepterea
937 3177 1233 3246 subjuuxit,
1278 3176 1462 3229 Annon
1499 3192 1583 3229 vos
1610 3175 1841 3244 quoque?
1869 3173 2024 3238 Qua:-

444 3283 569 3318 nam
599 3275 669 3319 cst
696 3267 850 3330 enim,
882 3267 1069 3337 inquit,
1105 3267 1249 3320 nobis
1273 3283 1406 3334 spes,
1425 3276 1512 3318 aut
1532 3265 1793 3334 gaudium,
1825 3272 1911 3315 aut
1938 3278 2026 3314 co-

442 3374 576 3411 rona
601 3358 815 3426 gloriae?
842 3359 1208 3427 Agnoscitisne
1231 3357 1389 3411 verba
1419 3372 1536 3411 esse
1564 3357 1841 3410 mulierum
1871 3355 2030 3407 visce-

445 3449 600 3502 ribus
630 3449 784 3502 valde
825 3450 1281 3511 incalescentium,
1311 3450 1643 3518 loquentium
1685 3461 1806 3500 cum
1859 3444 2031 3498 iulan-

447 3540 636 3593 tibus?
666 3539 732 3591 Et
762 3556 964 3604 corona,
996 3541 1178 3609 inquit,
1208 3541 1403 3610 gloriaz.
1433 3539 1547 3594 Non
1577 3537 2028 3592 sulliciebatenim

453 3645 674 3683 coronat:
731 3646 923 3686 nomen
968 3631 1034 3684 ad
1077 3631 1465 3685 ostendendum
1517 3628 1880 3698 splendorem,
1936 3626 2030 3681 sed

452 3721 616 3773 etiam
644 3719 865 3786 addidit,
898 3720 1104 3774 Gloriae.
1135 3722 1326 3788 Quanti
1355 3729 1437 3775 est
1468 3722 1568 3774 hoc
1591 3719 1828 3773 ardoris!
1860 3717 2028 3771 Num-

453 3825 617 3878 quam
650 3819 801 3880 pater
827 3821 878 3864 ct
909 3820 1099 3876 mater,
1139 3814 1182 3866 si
1226 3813 1379 3866 simul
1409 3820 1591 3866 essent
1637 3809 1930 3879 congressi,
1977 3816 2033 3863 ct

453 3916 614 3955 suum
661 3903 998 3957 miscuissent
1028 3903 1374 3970 desiderium,
1425 3905 1724 3973 potuissent
1749 3904 2033 3958 ostendere

453 4011 612 4049 suum
656 3995 975 4050 desiderium
1025 4013 1090 4051 ex
1130 4013 1282 4066 aequo
1314 3997 1645 4066 respondens
1680 3997 1864 4050 Paulo.
1903 3995 2034 4049 Gau-

449 4087 618 4151 dium,
649 4087 836 4157 inquit,
871 4096 918 4140 et
954 4105 1158 4142 corona.
1191 4088 1379 4157 Magis,
1432 4088 1621 4156 inquit,
1672 4087 1879 4142 cxsulto
1909 4101 2035 4155 pro-

450 4187 575 4247 pter
603 4193 698 4233 vos
731 4194 888 4248 quam
939 4181 1160 4248 propter
1184 4193 1464 4233 coronam.
1496 4179 1680 4248 Cogita
1708 4179 1848 4234 enim
1877 4193 2036 4247 quan-

447 4280 568 4324 tum
601 4271 670 4324 sit
698 4272 955 4342 integram
987 4271 1180 4326 adesse
1206 4271 1522 4335 Ecclesiam,
1555 4285 1672 4339 quae
1691 4285 1720 4322 a
1745 4269 1909 4323 Paulo
1939 4267 2038 4320 fuit

449 4365 716 4432 plantata,
741 4371 796 4416 et
824 4362 931 4430 egit
959 4362 1171 4417 radices
1206 4383 1217 4416 :
1249 4363 1368 4431 quis
1414 4377 1518 4414 non
1561 4361 1793 4415 exsultet
1821 4367 2037 4427 prepter

450 4464 565 4507 tam
597 4454 788 4508 bonam
819 4461 873 4508 et
901 4468 1239 4508 numerosam
1267 4453 1506 4520 prolem?
1534 4451 1892 4517 Quamobrem
1937 4465 2037 4504 nec

446 4545 560 4599 hoc
591 4555 668 4598 cst
721 4545 1063 4600 adulationis.
1115 4543 1230 4598 Non
1277 4544 1410 4597 dixit
1460 4544 1599 4598 enim
1650 4552 1870 4607 tantum,
1907 4542 2034 4607 Vos,

444 4640 574 4701 scd.
605 4638 711 4693 Vos
740 4654 860 4693 cum
887 4639 1023 4692 aliis.
1048 4638 1138 4692 20.
1180 4636 1278 4690 Vos
1303 4637 1434 4689 enim
1460 4636 1577 4689 estis
1606 4636 1765 4703 gloria
1788 4644 1957 4686 nostra
1991 4642 2039 4686 et

444 4728 721 4798 gaudium.
777 4727 944 4797 (Cap.
981 4726 1059 4792 á½ƒ.)
1104 4727 1156 4781 1.
1205 4725 1421 4794 Propter
1472 4723 1606 4794 quod
1645 4740 1744 4776 non
1791 4723 2038 4784 sustinen-

445 4831 526 4872 tes
575 4820 815 4886 amplius,
873 4818 1064 4889 placuit
1146 4816 1288 4869 nobis
1338 4832 1594 4869 remanere
1644 4814 1851 4867 Athenis
1893 4813 2034 4866 solis.

451 4910 690 4974 Placuit,
721 4910 770 4963 id
797 4918 899 4973 csl,
928 4909 1217 4978 Elegimus.
1247 4907 1303 4960 2.
1340 4907 1405 4960 Et
1456 4907 1681 4960 misimus
1729 4905 2039 4958 Timotheum

447 5005 670 5071 fratrem
743 5010 1007 5065 nostrum,
1065 5011 1113 5054 et
1162 5001 1448 5052 ministrum
1513 4998 1610 5051 Dei
1663 4999 1716 5050 in
1785 4998 2038 5065 evangelio

444 5094 670 5149 Christi.
703 5093 771 5148 Et
799 5093 899 5147 hoc
929 5092 1079 5158 dicit,
1111 5109 1216 5147 non
1244 5092 1582 5146 Timotheum
1625 5090 1910 5156 extollens,
1944 5087 2038 5143 sed

445 5189 610 5257 ipsos
631 5183 921 5248 honoratis,
955 5193 1009 5238 ut
1039 5184 1126 5256 qui
1159 5183 1456 5252 adiutorem
1471 5191 1523 5236 et
1551 5181 1850 5234 ministrum
1878 5193 2040 5233 evan-

440 5278 581 5348 gelii
617 5276 818 5335 miserit
850 5276 1008 5343 ipsis;
1053 5276 1202 5343 quasi
1232 5275 1449 5338 diceret,
1485 5274 1736 5327 Avulsum
1769 5271 1835 5325 ab
1864 5268 2038 5340 operi-

443 5373 552 5425 bus
583 5371 826 5429 [uisimus
852 5368 916 5421 ad
950 5383 1044 5422 vos
1072 5367 1372 5420 ministrum
1404 5367 1516 5428 Dei,
1544 5365 1911 5432 etadjutorem
1943 5378 2040 5416 no-

439 5472 630 5518 strum
679 5459 730 5512 in
785 5457 1062 5526 evangelio
1113 5456 1330 5510 Christi.
1386 5456 1519 5508 Tum
1572 5470 1785 5508 causam
1842 5454 2035 5507 addit:

441 5552 532 5613 Ad
558 5548 942 5616 conï¬rmandos
971 5563 1055 5600 vos
1077 5557 1120 5600 et
1147 5546 1489 5600 exhortandos
1516 5561 1600 5598 ros
1628 5560 1719 5610 pro
1737 5545 1836 5611 [ide
1859 5554 2037 5607 vestra,

439 5645 501 5698 3.
537 5649 596 5692 ut
636 5655 781 5691 nemo
810 5646 1062 5690 moveatur
1090 5639 1139 5689 in
1171 5635 1582 5689 tribulationibus
1609 5635 1737 5687 istis.
1773 5633 1908 5698 Quid
1938 5648 2038 5686 au.

442 5742 564 5791 tem
597 5727 686 5784 hic
710 5727 874 5784 dicit?
902 5726 1158 5792 Quoniam
1181 5726 1548 5798 magistrorum
1572 5725 1887 5780 tcutatioues
1909 5740 2037 5782 cou-

1264 331 1330 389 á¿˜Î
1369 332 1579 390 EPIS'I'.
1623 331 1656 387 l"
1706 333 1796 388 AD
1835 331 2160 388 THESSAâ€˜L.
2204 332 2354 390 CAP.
2397 333 2482 389 Ill.
2524 335 2748 396 llOMlL.
2795 335 2884 391 111.

3614 347 3716 408 Î¹Î¹Î¿

2142 446 2358 501 turbant
2406 447 2728 518 discipulos;
2762 450 2853 505 ille
2877 459 3054 508 autem
3094 461 3222 509 tunc
3248 455 3320 511 in-
3344 461 3543 516 multas
3583 464 3719 518 inci-

2137 538 2289 593 derat
2317 542 2654 607 tentationes,
2691 551 2747 596 ut
2775 552 2826 597 et
2855 545 2968 612 ipse
2993 545 3139 612 dicit,
3163 546 3436 618 [inpedivit
3465 568 3556 605 nos
3578 564 3716 608 sata-

2136 646 2262 694 nas;
2290 631 2435 699 ipsos
2464 647 2712 688 recreans
2759 635 2830 688 ita
2861 636 3108 705 loquutus
3149 649 3264 707 est;
3297 657 3358 696 ac
3393 644 3437 696 si
3466 644 3668 698 diceret
3699 667 3713 702 :

2138 720 2204 774 Et
2248 722 2413 775 semel
2462 732 2516 776 et
2562 723 2643 776 bis
2694 725 2834 778 volui
2879 729 3084 794 venire,
3134 737 3325 784 etnon
3362 733 3512 802 potui
3539 736 3716 804 :quod

2135 811 2347 880 quidem
2362 829 2565 882 magna:
2581 823 2696 868 erat
2709 816 3303 876 violentiaaVerisimile
3318 832 3494 878 autem
3513 833 3596 879 est
3617 824 3720 881 hoc

2135 916 2229 956 eos
2255 904 2624 960 conturbasse.
2656 906 2768 959 Non
2809 915 2914 961 tam
2955 909 3097 963 enim
3143 912 3254 965 suis
3278 911 3524 983 discipuli
3552 929 3713 984 quam

2133 993 2510 1062 magistrorum
2567 998 2960 1053 conturbantur
3026 1004 3408 1060 tentationibus
3469 1023 3483 1059 :
3540 1022 3715 1076 neque

2133 1082 2274 1136 enim
2329 1084 2482 1139 miles
2536 1087 2671 1142 adeo
2723 1089 2833 1143 suis
2887 1091 3237 1146 conturbatur
3291 1095 3711 1160 tentationibus,

2135 1184 2191 1229 ut
2238 1178 2450 1244 quando
2498 1179 2691 1235 viderit
2736 1183 3032 1238 sanciatum
3079 1184 3270 1240 ducem
3315 1189 3601 1242 exercitus.
3631 1189 3712 1241 Ad

2133 1269 2506 1336 conï¬rmandos
2555 1287 2676 1335 vos,
2727 1273 2916 1342 inquit.
2949 1274 3092 1344 Ergo
3141 1285 3199 1328 ut
3253 1290 3321 1330 ne
3372 1276 3727 1333 turbarentur.

2132 1360 2298 1423 misit,
2327 1375 2431 1416 non
2490 1370 2757 1432 tamquam
2806 1366 3000 1433 quibus
3051 1365 3173 1420 ï¬dei
3233 1367 3444 1424 deesset
3492 1370 3734 1440 aliquid,

2132 1465 2304 1519 neque
2342 1460 2402 1505 ut
2445 1453 2535 1522 qni
2577 1453 2836 1508 deberent
2884 1455 3080 1524 aliquid
3127 1457 3357 1513 discere.
3404 1457 3477 1512 Et
3528 1460 3714 1516 exhor-

2131 1541 2311 1595 tandos
2338 1557 2424 1595 vos
2455 1559 2546 1612 pro
2583 1543 2686 1612 ï¬de
2733 1555 2894 1597 vestra
2913 1586 2930 1612 ,
2961 1555 3015 1598 ut
3044 1563 3189 1602 nemo
3224 1560 3483 1603 moveatur
3523 1551 3576 1605 in
3619 1552 3718 1605 trip

2131 1633 2470 1687 bnlationibus
2512 1633 2660 1686 istis:
2687 1634 2786 1702 ipsi
2810 1635 3106 1690 enimscitis
3150 1637 3293 1707 quod.
3328 1640 3383 1692 in
3430 1641 3526 1694 hoc
3561 1641 3718 1710 positi
3731 1673 3736 1689 Í¾

2131 1739 2325 1776 sanius.
2349 1724 2402 1777 4.
2441 1722 2579 1776 Nam
2604 1733 2652 1777 et
2690 1740 2805 1778 cum
2833 1725 2978 1793 apud
3012 1741 3372 1794 uosessemus,
3403 1730 3715 1799 praediceba-

2134 1830 2243 1868 uius
2265 1814 2421 1876 vobis,
2455 1830 2692 1883 passuros
2740 1832 2830 1869 nos
2870 1816 3241 1884 tribulationes,
3268 1818 3396 1872 sicut
3425 1826 3470 1872 et
3525 1821 3716 1890 factum

2132 1914 2222 1968 est,
2255 1914 2302 1958 et
2347 1905 2506 1959 scitis.
2538 1906 2651 1961 Non
2679 1915 2910 1975 oportet,
2944 1908 3151 1977 inquit,
3197 1909 3508 1964 conturbari
3538 1927 3551 1963 :
3579 1909 3712 1972 nihil

2130 1994 2271 2048 enim
2297 2008 2492 2052 novum
2524 2011 2694 2066 neque
2716 2007 2910 2066 praeter
2927 2013 3076 2066 spem
3088 1998 3280 2053 accidit
3297 1999 3473 2070 Lquod
3495 2000 3730 2070 quidem-

2131 2083 2260 2139 satis
2288 2095 2404 2138 erat
2431 2085 2496 2139 ad
2526 2085 2670 2155 ipsos
2696 2087 3030 2142 excitandos.
3062 2089 3222 2143 Vides
3259 2090 3399 2159 quod
3430 2101 3713 2159 propterea

2132 2174 2372 2234 Christus
2411 2192 2624 2248 quoque
2655 2179 2980 2247 praedicebat
3025 2180 3344 2250 discipulis?
3392 2181 3516 2236 audi
3566 2182 3711 2238 enim

2131 2284 2250 2324 eum
2278 2269 2541 2324 dicentem
2577 2289 2588 2322 :
2615 2269 2683 2324 Et
2709 2287 2840 2324 nunc
2869 2271 2976 2325 dixi
3022 2273 3165 2341 prius
3191 2289 3339 2340 quam
3362 2273 3472 2342 fiat,
3501 2283 3557 2327 ut
3601 2289 3742 2329 cum.

2132 2364 2322 2430 factum
2370 2362 2523 2431 fuerit
2569 2362 2788 2415 credatis
2834 2361 3012 2427 (Joun.
3049 2364 3136 2418 14.
3169 2363 3286 2432 29).
3329 2363 3514 2432 Magna
3547 2363 3718 2424 enim.

2133 2465 2320 2520 magna
2365 2466 2452 2505 res
2497 2459 2579 2505 est
2619 2450 2682 2505 ad
2731 2451 2955 2506 aliorum
3005 2453 3452 2520 consolationem,
3501 2451 3747 2507 audisse-

2131 2555 2249 2608 quae
2273 2540 2404 2594 liunt
2426 2555 2455 2594 a
2479 2542 2770 2610 magistris.
2804 2541 2954 2597 Sicut
2979 2543 3121 2596 enim
3153 2551 3441 2612 azgrotans,
3466 2543 3511 2596 si
3539 2557 3570 2595 a
3601 2557 3720 2596 me-

2130 2629 2252 2684 dico
2278 2629 2542 2685 audiverit
2570 2631 2712 2700 quod
2745 2631 2846 2686 hoc
2875 2632 2964 2685 ï¬at
2992 2642 3046 2685 ct
3076 2631 3205 2686 illud
3230 2673 3245 2696 ,
3274 2648 3384 2687 non
3408 2631 3562 2686 valde
3587 2647 3719 2688 con-

2134 2724 2405 2786 turbatur;
2438 2722 2519 2775 sin
2564 2731 2741 2777 autem
2783 2738 2849 2777 ex
2901 2723 3178 2792 inopinato
3221 2722 3423 2793 aliquid
3451 2725 3713 2786 evenerit,

2132 2827 2253 2867 cum
2278 2821 2333 2867 et
2363 2813 2450 2868 ille
2477 2812 2671 2868 dubius
2698 2815 2768 2868 sit
2793 2830 2857 2869 ac
2881 2816 3190 2884 perplexus,
3221 2823 3276 2868 et
3298 2814 3518 2870 morbus
3543 2823 3713 2867 artem

2131 2913 2366 2974 superet,
2423 2904 2634 2958 tristitia
2679 2906 2908 2964 allicitur
2949 2914 3003 2960 et
3054 2907 3461 2962 conturbatum
3515 2906 3586 2960 ita
3631 2905 3718 2960 hic

2130 3008 2362 3063 quoque.
2390 2994 2518 3058 Quae
2543 2995 2828 3064 praesciens
2856 2995 3072 3060 Paulus,
3098 2995 3345 3066 praedixit
3376 2996 3455 3050 eis
3482 2994 3714 3049 futurum

2132 3084 2594 3154 utalï¬‚igerentur,
2626 3086 2792 3149 Sicut,
2839 3086 3032 3154 inquit,
3059 3096 3106 3140 et
3135 3090 3325 3155 factum
3355 3095 3450 3151 est,
3481 3094 3526 3138 et
3552 3085 3714 3141 scitis.

2131 3175 2244 3230 Non
2292 3176 2433 3245 quod
2489 3176 2590 3229 hoc
2645 3176 2843 3230 factum
2898 3177 2967 3229 sit
3015 3178 3190 3231 solum
3239 3177 3389 3242 dicit,
3437 3175 3532 3230 sed
3572 3175 3739 3244 quod.

2133 3267 2295 3320 multa
2323 3265 2631 3334 praedixerit
2655 3305 2670 3329 ,
2699 3276 2751 3319 et
2780 3267 3076 3320 evenerint.
3102 3266 3166 3319 In
3211 3267 3306 3319 hoc
3345 3267 3494 3336 positi
3517 3281 3712 3319 sumus.

2132 3356 2492 3424 Quamobrem
2541 3370 2647 3409 non
2698 3356 2870 3409 solum
2901 3356 2970 3410 de
3015 3357 3298 3426 prtetcritis
3349 3370 3452 3410 non
3503 3364 3728 3424 Oportet.

2132 3444 2430 3514 perturbari
2463 3459 2635 3514 neque
2665 3443 2942 3508 confundi,
2976 3444 3093 3502 sed.
3117 3460 3288 3514 neque
3317 3444 3384 3499 de
3419 3443 3630 3509 futuris,
3661 3446 3734 3502 si.

2134 3536 2238 3591 tale
2265 3536 2387 3606 quid
2413 3537 2716 3607 contigerit.
2750 3536 2815 3590 In
2841 3538 2935 3590 hoc
2961 3538 3093 3590 enim
3112 3538 3268 3606 .positi
3289 3553 3478 3590 smnus.

2203 3628 2255 3682 4.
2297 3627 2591 3682 Audiamus
2622 3628 2815 3697 quibus
2843 3637 2968 3682 sunt
2988 3643 3148 3682 aures
3177 3629 3242 3680 ad
3271 3627 3592 3682 audiendum
3618 3644 3631 3681 :
3655 3625 3731 3687 lu.

2135 3717 2234 3772 hoc
2256 3718 2460 3788 positus
2485 3729 2566 3772 est
2587 3714 2941 3772 Christianus.
2970 3717 3102 3782 Hoc,
3137 3715 3202 3770 In
3223 3717 3315 3770 hoc
3337 3717 3486 3786 positi
3514 3733 3713 3776 sumus.

2134 3808 2200 3862 de
2226 3809 2474 3863 omnibus
2503 3808 2631 3863 dicit
2653 3808 2918 3863 ï¬delibus.
2948 3809 3014 3861 In
3041 3809 3134 3862 hoc
3158 3808 3308 3875 positi
3330 3825 3523 3875 sumus,
3547 3817 3602 3862 et
3619 3824 3726 3864 nos

2134 3901 2283 3971 quasi
2314 3902 2366 3955 in
2396 3902 2564 3954 otium
2585 3909 2638 3954 et
2669 3901 2908 3969 requiem
2950 3900 3116 3952 simus
3137 3899 3317 3968 pes-ili,
3347 3900 3524 3953 alieno
3545 3899 3713 3958 modo

2135 3993 2416 4046 al'licimur.
2467 3991 2578 4046 lmo
2607 4005 2734 4045 vero
2782 4005 3011 4060 quanam
3038 3989 3106 4043 de
3134 4003 3294 4047 causa
3338 3990 3516 4045 alieno
3555 3990 3716 4044 modo

2135 4084 2436 4138 al'licimur?
2488 4097 2661 4151 neque
2709 4082 2852 4135 enim
2896 4089 3105 4148 tempus
3151 4079 3489 4144 amictionis,
3543 4095 3717 4149 neque

2140 4176 2359 4228 tentatio
2391 4171 2744 4242 apprehendit
2781 4185 2880 4225 nos
2927 4170 3026 4223 nisi
3060 4168 3310 4221 humana.
3343 4168 3726 4237 Opportunum.

2138 4275 2222 4320 cst
2270 4263 2421 4318 vobis
2468 4277 2679 4332 quoque
2725 4261 2907 4315 dicere
2955 4275 2969 4313 :
3023 4256 3269 4311 Nondum
3308 4257 3376 4309 ad
3422 4260 3721 4327 sanguinem

2137 4371 2292 4424 usque
2315 4354 2562 4407 restitistis
2585 4362 2758 4405 contra
2784 4358 3040 4420 peccatum
3066 4349 3372 4402 decertantes
3401 4347 3419 4418 (
3443 4347 3597 4402 Hebr.
3626 4349 3723 4409 12Ï‚

2140 4448 2214 4514 li).
2250 4445 2357 4498 lmo
2388 4459 2453 4498 ne
2479 4452 2837 4512 Opportunum
2865 4441 3082 4510 quidem
3107 4448 3188 4493 est
3219 4438 3320 4492 hoc
3341 4438 3494 4492 vobis
3509 4438 3730 4503 dicere;

2140 4539 2234 4593 scd
2263 4537 2426 4608 quid?
2457 4535 2692 4590 nondum
2741 4533 2991 4603 pecunias
3041 4532 3386 4598 despexistis.
3436 4529 3568 4584 Nam
3616 4531 3718 4585 illis

2139 4631 2354 4700 quidem
2385 4630 2474 4698 qui
2505 4643 2598 4683 sua
2621 4628 2798 4682 omnia
2829 4625 3192 4695 perdiderant,
3217 4624 3410 4679 merito
3435 4622 3551 4676 haec
3573 4621 3722 4675 dice-

2141 4724 2333 4778 bantur
2358 4738 2370 4784 ;
2406 4721 2470 4774 iis
2490 4729 2667 4774 autem
2697 4719 2784 4787 qui
2812 4732 2906 4771 sua
2937 4716 3157 4781 habent,
3191 4716 3313 4779 hoc,
3344 4713 3567 4768 Cuinam
3596 4721 3721 4766 sunt

2141 4823 2304 4881 rapta:
2350 4812 2584 4881 pecuniae
2625 4817 2844 4879 propter
2871 4807 3180 4862 Christum?
3207 4805 3291 4858 cui
3336 4813 3460 4857 sunt
3505 4804 3721 4872 impacti

2141 4902 2391 4970 enlaphi?
2439 4903 2560 4970 quis
2605 4898 2932 4954 contumelia
2983 4896 3208 4950 affectus
3259 4895 3374 4948 est?
3431 4908 3596 4963 usque
3653 4893 3720 4947 ad

2141 4995 2337 5058 verba,
2395 4995 2634 5061 inquam.
2692 4989 2968 5045 Undenam
3010 4997 3093 5042 est
3134 4986 3421 5056 gloriatio?
3452 4985 3720 5040 undenam

2143 5094 2293 5154 potes
2333 5084 2528 5138 habere
2573 5081 2858 5135 ï¬duciam?
2888 5079 3017 5134 Tam
3042 5079 3204 5132 multa
3235 5093 3422 5148 passus
3447 5087 3528 5132 est
3566 5077 3723 5133 Chri-

2143 5185 2257 5230 stus
2287 5183 2503 5242 propter
2535 5187 2631 5225 nos
2656 5172 2744 5241 qui
2775 5161 2989 5225 eramus
3034 5169 3235 5222 inimici
3270 5187 3283 5224 :
3313 5169 3566 5239 quidnam
3599 5183 3725 5238 pos-

2143 5279 2327 5318 sumus
2365 5263 2647 5317 ostendere
2677 5261 2815 5330 qnod
2861 5269 3080 5329 propter
3128 5261 3302 5329 ipsum
3331 5261 3476 5330 passi
3511 5258 3724 5314 simus?

2143 5353 2294 5420 Quod
2316 5353 2450 5420 passi
2478 5352 2690 5420 quidem
2712 5364 2896 5402 sumus
2923 5349 3051 5402 nihil
3083 5359 3162 5402 est
3188 5367 3202 5413 ;
3233 5359 3357 5403 sunt
3375 5361 3558 5403 autem
3582 5350 3720 5404 bona

2145 5440 2548 5496 innumerabilia
2591 5439 2781 5508 quibus
2827 5439 2893 5493 ab
2944 5439 3060 5508 ipso
3113 5439 3396 5495 afï¬cimur.
3445 5439 3719 5495 Undenam

2143 5535 2238 5589 crit
2265 5533 2416 5586 nobis
2440 5532 2528 5584 illo
2553 5532 2639 5584 die
2667 5528 2857 5584 ï¬ducia
2879 5531 2899 5584 ?
2923 5530 3149 5592 Nescitis
3169 5531 3307 5600 quod
3325 5531 3480 5585 miles
3508 5529 3722 5599 quando

2146 5627 2288 5680 mille
2332 5624 2513 5694 plagas
2539 5632 2592 5678 et.
2635 5623 2862 5677 vulnera
2907 5624 3179 5689 ostendit,
3215 5633 3338 5680 tunc
3382 5623 3575 5692 poterit
3602 5637 3722 5680 esse

2150 5718 2366 5776 illustris
2394 5716 2531 5788 apud
2561 5717 2770 5788 regem?
2789 5717 2870 5776 sin
2896 5727 3072 5773 autem
3097 5716 3225 5771 nihil
3251 5715 3416 5785 possit
3441 5713 3722 5771 ostendere
