4010 6142
327 336 421 392 ιη

329 457 474 507 recte
497 454 553 502 et
579 445 786 500 fortiter
801 451 1030 512 gestum,
1054 436 1264 492 etiamsi
1284 436 1410 490 nihil
1437 433 1738 494 offenderit,
1764 432 1902 483 inter

331 549 598 593 extremos
625 530 1013 589 eollocabitur?
1041 531 1107 583 At
1155 542 1259 582 non
1304 535 1404 588 est,
1433 525 1659 593 inquies,
1695 533 1906 589 tempus

332 627 478 682 belli.
523 625 656 680 Nam
707 623 749 678 si
793 629 953 686 esset,
1008 619 1113 683 dic,
1141 631 1344 687 quteso,
1391 615 1510 684 quis
1538 610 1905 666 decertasset?

333 715 456 786 quis
483 713 549 767 ad
579 726 806 782 pugnam
837 704 1189 778 prosiliisset?
1231 705 1351 773 quis
1395 702 1711 773 phalangem
1743 698 1908 752 fudis-

334 807 454 862 set?
500 805 749 862 Fortasse
785 801 964 856 nullus
1008 817 1020 852 :
1065 813 1186 852 nam
1233 811 1354 852 cum
1386 793 1540 848 video
1593 802 1643 846 te
1692 799 1908 860 propter

332 899 602 963 Christum
631 894 884 963 pecunias
916 907 1020 944 non
1063 889 1340 957 despicere
1361 929 1374 954 ,
1406 883 1672 953 quomodo
1693 881 1905 936 credam

335 990 564 1044 futurum
598 994 656 1037 ut
697 983 881 1054 plagas
928 979 1224 1048 despicias?
1273 977 1363 1030 Dic
1407 975 1571 1038 mihi,
1627 973 1908 1027 fortiterne

335 1076 487 1132 fertis
519 1087 615 1128 eos
641 1059 731 1141 qui
769 1071 968 1141 probro
1003 1078 1057 1124 et
1093 1065 1414 1122 contumelia
1441 1079 1534 1118 vos
1573 1063 1830 1125 afficiunt,
1855 1069 1909 1114 et

333 1168 412 1222 eis
438 1163 794 1221 benedicitis?
827 1163 938 1216 Hoc
967 1175 1070 1214 non
1099 1159 1229 1213 facis
1250 1200 1265 1224 ,
1299 1167 1348 1212 et
1379 1172 1483 1209 non
1511 1154 1720 1209 obedis.
1752 1151 1907 1220 Quod

336 1257 466 1316 nihil
495 1257 654 1310 habet
677 1253 896 1324 periculi
926 1267 1030 1306 non
1077 1250 1228 1314 facis,
1271 1258 1325 1302 et
1351 1249 1554 1316 plagas,
1583 1245 1898 1313 dic,qumso,

339 1353 500 1416 l'eres,
527 1350 581 1402 in
614 1347 810 1417 quibus
853 1345 1078 1399 multum
1106 1352 1188 1396 est
1216 1340 1443 1394 tristitize
1469 1348 1522 1392 et
1548 1336 1785 1391 doloris?
1808 1334 1911 1388 Ne-

337 1439 486 1500 scitis
511 1438 652 1506 quod
703 1440 755 1488 in
789 1449 916 1504 pace
954 1449 1014 1486 se
1055 1431 1120 1486 ad
1149 1431 1346 1485 bellum
1377 1436 1588 1496 oportet
1612 1422 1908 1480 exercere?

339 1545 446 1582 non
472 1528 664 1582 videtis
687 1525 786 1588 hos
815 1524 1031 1586 milites,
1055 1523 1142 1590 qui
1166 1521 1324 1574 etiam
1349 1519 1493 1573 nullo
1514 1524 1732 1584 urgente
1750 1513 1907 1579 bello,

338 1631 394 1678 et
421 1619 502 1672 vel
546 1617 597 1672 in
627 1630 834 1669 summa
883 1628 1033 1682 pace,
1065 1610 1320 1665 abstersis
1367 1609 1549 1670 armis,
1582 1620 1704 1660 cum
1741 1603 1909 1671 magi-

339 1710 487 1770 stris,
512 1708 600 1777 qui
623 1716 831 1760 struere
861 1704 1028 1758 aciem
1056 1701 1350 1757 etordines
1379 1698 1646 1752 collocare
1681 1709 1774 1748 eos
1811 1693 1909 1747 do-

341 1808 483 1864 cent,
506 1801 556 1852 in
590 1805 834 1866 patentes
884 1802 940 1849 et
979 1795 1114 1848 latos
1159 1805 1375 1859 campos
1414 1786 1650 1858 quotidie
1681 1785 1791 1839 fere
1816 1799 1912 1837 ex-

341 1897 551 1956 euntes,
580 1903 696 1952 rem
722 1887 1010 1945 militarem
1043 1891 1293 1940 exercent
1323 1877 1763 1934 accuratissime?
1784 1875 1914 1942 Quis

342 1979 444 2033 hoc
473 1978 598 2032 facit
623 1977 849 2034 militum
884 1973 1279 2044 spiritualium?
1309 1971 1516 2025 Nullus.
1545 1968 1836 2036 Propterea
1861 1965 1913 2018 in

341 2070 498 2125 bellis
543 2068 736 2121 molles
767 2082 948 2121 sumus
977 2075 1029 2120 et
1059 2065 1254 2134 ignavi,
1297 2071 1352 2116 et
1393 2063 1461 2116 ab
1487 2059 1736 2115 omnibus
1764 2055 1916 2109 facile

342 2163 586 2233 capimur
605 2173 659 2219 et
676 2176 1063 2231 expuguamur.
1091 2159 1259 2226 Quam
1288 2155 1496 2211 hebetis
1522 2161 1700 2208 autem
1729 2158 1812 2203 est
1836 2148 1916 2202 in-

344 2254 508 2322 genii,
531 2255 836 2310 existimare
857 2269 1094 2322 prasens
1118 2261 1327 2319 tempus
1347 2265 1453 2304 non
1483 2261 1602 2302 esse
1628 2243 1774 2307 belli,
1794 2257 1914 2296 cum

345 2346 540 2400 clamet
570 2346 764 2400 Paulus
795 2363 807 2398 :
841 2343 1024 2398 Omnes
1059 2353 1228 2398 autem
1269 2343 1355 2410 qui
1377 2342 1547 2395 volunt
1588 2340 1666 2406 pie
1689 2335 1917 2390 vivet-ein

345 2436 542 2490 Christo
569 2436 712 2498 Jesu,
738 2436 1162 2504 persequutionem
1191 2433 1434 2502 patientur
1455 2428 1536 2496 (‘2.
1565 2428 1693 2481 Tim.
1724 2428 1776 2481 5.
1803 2425 1914 2493 12);

347 2535 400 2579 et
420 2527 558 2579 dicat
582 2526 842 2589 Christus,
861 2525 886 2576 1
895 2543 927 2578 η
948 2524 1135 2577 mundo
1151 2524 1462 2592 afﬂictionem
1481 2520 1719 2573 habebitis
1738 2515 1913 2586 (Joan.

348 2617 437 2670 16.
463 2616 555 2679 55)
581 2631 594 2679 ;
623 2625 677 2668 et
715 2631 900 2669 rursus
936 2615 1123 2668 beatus
1169 2613 1365 2668 Paulus
1394 2613 1537 2665 clara
1569 2625 1698 2666 voce
1727 2609 1921 2661 clamet

348 2715 398 2758 el
433 2703 596 2768 dicat,
625 2703 748 2757 Non
789 2713 862 2756 est
889 2704 1030 2758 nobis
1075 2704 1210 2755 lucta
1252 2707 1490 2754 adversus
1534 2701 1830 2767 sanguinem
1875 2706 1921 2750 et

348 2809 549 2848 carnem
571 2810 591 2858 ;
617 2803 671 2848 et
699 2807 904 2860 rursus,
936 2793 1089 2847 Stetis
1113 2808 1229 2862 ergo
1257 2791 1496 2845 succincti
1524 2789 1715 2844 lumbos
1736 2799 1921 2842 vestras

349 2884 403 2936 in
429 2884 633 2936 ueritate
657 2882 887 2953 (Ephes.
915 2882 967 2937 6.
1003 2882 1089 2936 12.
1119 2882 1239 2949 is).
1273 2882 1338 2934 Et
1367 2881 1542 2933 nullus
1571 2879 1660 2932 illo
1685 2889 1923 2946 tempore

351 2973 504 3034 dixit.
526 2972 664 3040 Quid
695 2988 793 3026 nos
829 2987 1023 3036 armas,
1051 2972 1370 3042 dic,qua.-so,
1413 2985 1532 3023 cum
1568 2984 1673 3022 non
1717 2969 1784 3020 sit
1812 2967 1924 3020 bel-

353 3064 462 3124 lum
483 3063 509 3115 ?
548 3080 646 3128 cur
676 3065 829 3122 nobis
871 3074 1072 3119 temere
1110 3063 1318 3132 negotia
1349 3061 1608 3116 exhibes?
1638 3061 1816 3114 loricis
1841 3059 1927 3112 in-

353 3155 473 3218 duis
496 3155 711 3220 milites,
740 3171 859 3211 cum
897 3155 1176 3225 quiescere
1203 3155 1359 3209 liceat
1387 3163 1439 3207 et
1463 3155 1690 3207 recreari
1713 3150 1848 3206 ?sed
1878 3161 1925 3204 sl

353 3245 473 3312 quis
516 3246 629 3300 hate
667 3245 910 3309 dixisset,
957 3260 1273 3314 restionsum
1317 3244 1394 3298 illi
1435 3244 1620 3298 fuisset
1652 3259 1665 3294 :
1694 3241 1925 3295 Maxime

355 3335 590 3403 quidem,
639 3335 739 3390 etsi
780 3351 886 3390 non
926 3345 1068 3398 esset
1094 3335 1316 3401 bellum,
1367 3341 1640 3401 oporteret
1676 3333 1742 3386 de
1787 3332 1926 3386 bello

355 3440 537 3482 Curam
569 3441 756 3496 gerere
777 3434 833 3481 et
860 3426 1298 3481 sollicitudinem.
1345 3424 1475 3480 Nam
1503 3424 1590 3493 qui
1619 3424 1670 3477 in
1703 3437 1831 3492 pace
1859 3422 1928 3478 de

360 3516 543 3581 praelio
565 3525 646 3570 est
672 3516 950 3581 sollicitus,
980 3517 1080 3574 erit
1107 3516 1354 3570 terribilis
1377 3516 1428 3568 in
1450 3525 1688 3582 tempore
1717 3513 1883 3582 praelii
1910 3531 1924 3565 :

358 3608 445 3674 qui
475 3615 652 3660 autem
678 3615 762 3660 est
800 3607 874 3660 rei
913 3606 1118 3659 bellicze
1164 3606 1462 3672 imperitus,
1504 3606 1662 3658 etiam
1706 3605 1756 3658 in
1800 3619 1928 3673 pace

362 3700 529 3767 magis
573 3697 998 3751 conturbabitur.
1050 3697 1444 3760 Quamobrem?
1477 3697 1736 3762 Quoniam
1783 3697 1930 3751 llehit

364 3803 459 3856 pro
486 3787 550 3839 iis
576 3801 694 3853 quae
733 3785 911 3849 habet,
943 3793 995 3837 et
1030 3783 1239 3837 tristitia
1282 3784 1541 3838 afﬁcietur
1569 3786 1708 3855 quod
1740 3802 1835 3854 pro
1864 3787 1928 3840 iis

364 3892 472 3941 non
508 3873 676 3943 possit
703 3888 958 3942 pugnare.
987 3872 1179 3935 Timidi
1207 3874 1346 3932 enim
1377 3883 1428 3928 et
1470 3875 1702 3943 imperiti
1733 3884 1784 3929 et
1829 3891 1927 3942 pu-

363 3981 480 4034 gna:
504 3965 828 4033 ignari'bona
845 3971 899 4018 et
928 3965 1289 4033 possessiones
1312 3975 1434 4018 sunt
1463 3967 1696 4018 omnium
1718 3965 1929 4022 fortium

364 4065 418 4114 et
446 4055 536 4125 qui
556 4053 732 4117 sciunt
761 4054 978 4120 bellare.
1005 4054 1361 4120 Quamobrem
1387 4064 1664 4124 propterea
1699 4056 1928 4125 primum

363 4160 457 4198 vos
480 4160 650 4210 armo.
673 4144 873 4200 Deinde
899 4161 1024 4200 vero
1045 4145 1164 4199 belli
1193 4161 1400 4214 quoque
1427 4154 1630 4215 tempus
1651 4157 1732 4201 est
1765 4157 1932 4202 totum

365 4246 577 4304 tempus
615 4236 737 4291 vita:
768 4247 986 4290 nostra).
1015 4237 1294 4303 Quomodo
1319 4245 1374 4291 et
1411 4254 1637 4306 quanam
1681 4239 1883 4294 ratione
1910 4241 1933 4293 ?

362 4325 606 4382 imminet
628 4329 1108 4397 semperdiabolus.
1128 4328 1265 4383 Audi
1297 4329 1421 4398 quid
1439 4330 1504 4383 de
1518 4330 1607 4383 illo
1623 4329 1763 4384 dicat
1785 4348 1796 4383 :
1815 4331 1933 4385 Cir-

364 4419 471 4474 cuit
485 4420 695 4487 rugiens
711 4428 766 4474 ut
787 4419 868 4474 leo
888 4420 962 4490 (i.
984 4417 1121 4472 Petr.
1142 4421 1195 4474 5.
1209 4418 1287 4488 8),
1305 4420 1486 4474 volens
1507 4421 1758 4488 arripere.
1775 4421 1930 4476 lunu-

365 4509 648 4563 tnerabiles
692 4511 934 4578 corporis
973 4508 1282 4564 affectiones
1335 4525 1432 4564 nos
1482 4510 1757 4578 invadunt,
1803 4527 1934 4579 quas

365 4600 578 4670 quidem
608 4615 826 4654 necesse
844 4610 925 4653 est
946 4615 1244 4663 recensere,
1267 4616 1332 4653 ne
1355 4617 1452 4655 nos
1487 4613 1688 4656 temere
1704 4602 1934 4669 decipia-

364 4689 642 4755 mus.Qnid
655 4687 1253 4760 enim,dic,quaeso,non
1273 4691 1544 4746 nobiscum
1563 4693 1756 4746 bellum
1774 4694 1935 4762 gerit?

365 4779 584 4844 divitiae,
619 4780 976 4848 pulchritudo,
1010 4781 1236 4848 deliciae,
1285 4792 1539 4850 potestas,
1574 4784 1786 4846 invidia,
1817 4785 1934 4853 glo-

366 4870 466 4933 ria,
496 4872 818 4940 arrogantia.
849 4872 963 4926 Non
995 4873 1168 4925 solum
1192 4874 1334 4927 enim
1375 4884 1553 4927 nostra
1581 4875 1776 4927 bellum
1800 4876 1933 4943 gerit

364 4961 555 5028 gloria,
587 4962 878 5033 prohibens
901 4979 966 5017 ne
989 4981 1085 5024 nos
1113 4966 1452 5018 demittamus
1476 4965 1540 5018 ad
1562 4966 1932 5032 humilitatem,

365 5051 458 5104 sed
487 5041 713 5110 aliorum
733 5069 945 5123 quoque
983 5056 1149 5123 gloria
1179 5055 1411 5110 edocens
1439 5070 1536 5108 nos
1565 5055 1627 5107 ad
1662 5055 1933 5110 invidiam.

363 5141 469 5198 Sed
501 5143 628 5212 quid
671 5145 934 5198 contraria
961 5187 974 5208 ,
1008 5155 1308 5214 paupertas,
1357 5145 1667 5214 ignominia.
1710 5146 1930 5215 despici,

361 5231 546 5302 ahjici,
593 5233 762 5286 nullas
805 5234 1000 5288 habere
1033 5235 1209 5288 vires?
1242 5233 1363 5289 llaec
1399 5235 1614 5304 quidem
1649 5236 1700 5289 in
1734 5237 1886 5291 nobis
1919 5255 1932 5289 :

362 5338 481 5391 qua:
509 5332 687 5377 autem
715 5333 837 5377 sunt
861 5326 928 5377 ab
960 5325 1291 5389 hominibus,
1320 5327 1607 5394 pravitates
1631 5367 1645 5387 ,
1688 5327 1892 5381 insidizc
1918 5367 1934 5393 ,

363 5415 492 5480 doli,
516 5414 819 5477 calumnias,
848 5415 992 5468 mille
1016 5416 1516 5470 circumventiones.
1541 5415 1800 5470 Similiter
1817 5433 1934 5485 quae

361 5513 486 5567 sunt
535 5519 565 5558 τι
605 5505 955 5570 daemooibus,
991 5507 1338 5575 principatus,
1386 5516 1708 5575 potestates,
1752 5507 1933 5559 mundi

364 5606 604 5658 rectores
630 5596 967 5650 tenebrarum
996 5597 1152 5663 hujus
1177 5599 1354 5651 smculi
1373 5640 1386 5662 ,
1420 5599 1715 5666 spiritualia
1745 5597 1935 5666 nequi-

365 5686 470 5747 tite.
508 5687 609 5749 Alii
636 5699 821 5744 sumus
852 5687 1111 5754 laetantes,
1131 5688 1218 5742 alii
1245 5688 1486 5744 dolentes
1513 5708 1525 5743 :
1558 5700 1781 5768 utraque
1809 5698 1931 5745 sunt

1029 326 1086 380 S.
1125 321 1395 379 JOANNIS
1429 317 1904 376 CHRYSOSTOMI
1944 315 2256 370 ARCIHEP.
2296 315 2822 371 CONSTANTINOP.

3483 321 3586 375 ΗΞ

2017 429 2322 484 declinatio.
2352 428 2454 484 Sed
2486 430 2706 494 sanitas,
2735 428 2829 483 sed
2858 427 3157 484 infirmitas.
3177 428 3458 486 Untlenam
3481 447 3587 486 non

2014 521 2253 590 peccabit
2283 521 2589 589 quispiam?
2613 521 2784 574 Vultis
2813 529 2868 574 ut
2894 529 2948 574 et
2972 521 3038 575 ab
3069 521 3185 590 ipso
3212 521 3420 575 Adamo
3452 523 3584 577 inei-

2015 612 2185 679 piens,
2238 610 2410 664 dicam
2448 613 2625 664 statim
2669 611 2735 664 ab
2788 611 2978 664 initio?
3023 611 3149 680 quid
3198 614 3589 680 protoplastutn

2013 702 2155 769 cepit
2183 712 2236 756 et
2263 704 2628 772 expugnavit?
2656 702 2913 771 Voluptas
2959 712 3012 756 et
3045 704 3146 759 cibi
3191 713 3246 758 et
3295 705 3588 773 imperandi

2013 789 2362 846 desiderium.
2395 793 2530 859 Quid
2559 792 2700 847 illius
2731 793 3000 863 filiumqui
3029 809 3150 848 eum
3178 805 3260 848 est
3285 807 3544 865 sequutus
3567 799 3593 851 ?

2016 879 2211 934 Invidia
2238 891 2291 936 et
2320 883 2476 936 livor.
2519 883 2652 948 Quid
2683 898 2776 937 eos
2804 884 2891 952 qui
2923 884 3138 938 fuerunt
3168 897 3408 955 tempore
3435 887 3591 943 Noe?

2012 970 2305 1040 Corporum
2337 974 2658 1042 voluptates,
2690 982 2743 1028 et
2780 989 2899 1043 quae
2915 990 2979 1028 ex
3002 976 3080 1028 eis
3106 986 3400 1031 nascuntur
3425 979 3589 1033 mala.

2015 1061 2148 1127 Quid
2179 1062 2294 1130 ejus
2338 1063 2540 1117 tilium?
2583 1064 2883 1118 Petulantia
2911 1073 2967 1120 et
2997 1066 3160 1119 nimia
3193 1067 3425 1121 licentia.
3455 1069 3590 1133 Quid

2015 1150 2358 1205 Sodomitas?
2387 1152 2574 1206 Libido
2620 1164 2675 1208 et
2723 1154 2974 1208 salacitas
3018 1163 3072 1208 et
3101 1171 3292 1223 panum
3318 1159 3588 1211 saturitas.

2014 1240 2165 1310 S:epe
2189 1251 2363 1295 autem
2395 1242 2495 1297 hoc
2541 1260 2750 1313 quoque
2799 1244 2925 1298 facit
2963 1257 3286 1314 paupertas:
3312 1258 3589 1316 propterea

2015 1329 2224 1385 dicebat
2267 1333 2480 1401 quidam
2525 1335 2737 1403 sapiens
2768 1353 2780 1390 :
2809 1334 3025 1390 Divitias
3066 1346 3114 1390 et
3155 1349 3502 1406 paupertatem
3530 1359 3594 1395 ne

2016 1421 2212 1474 dederis
2237 1422 2362 1475 mihi
2386 1422 2576 1492 (Prov.
2607 1426 2694 1479 '50.
2721 1424 2816 1496 8
2846 1425 2956 1479 lmo
2989 1441 3116 1480 vero
3146 1443 3243 1482 nec
3271 1428 3467 1482 divitia:
3493 1446 3594 1486 nec

2017 1519 2320 1577 paupertas,
2368 1512 2459 1565 sed
2487 1515 2625 1581 quod
2653 1514 2734 1568 his
2776 1516 3012 1584 utrisque
3039 1517 3112 1569 uti
3143 1532 3247 1570 non
3270 1520 3436 1586 possit
3461 1520 3594 1574 libe-

2017 1613 2131 1651 rum
2160 1600 2457 1656 arbitrium.
2489 1605 2732 1673 Agnosce,
2763 1605 2950 1677 inquit,
2980 1607 3116 1676 quod
3141 1611 3328 1664 transis
3356 1611 3405 1663 in
3429 1612 3594 1664 media

2017 1687 2304 1758 laqueorum
2336 1691 2523 1760 (Eccli.
2555 1694 2608 1747 9.
2643 1693 2752 1765 18).

2087 1781 2139 1834 5.
2173 1782 2564 1839 Adtnirahiliter
2594 1785 2725 1839 dixit
2755 1786 2942 1840 beatus
2967 1787 3159 1842 Paulus
3186 1806 3199 1843 :
3223 1788 3290 1842 In
3312 1789 3404 1843 hoc
3436 1792 3590 1859 positi

2017 1885 2208 1924 sumus.
2241 1872 2352 1927 Non
2375 1874 2506 1928 dixit
2531 1876 2724 1941 solum,
2757 1877 3064 1943 Tentamur,
3091 1879 3205 1943 sed,
3234 1880 3302 1934 In
3325 1881 3419 1935 hoc
3442 1884 3595 1949 positi

2017 1974 2189 2013 sumas
2206 1977 2226 2024 ;
2255 1977 2316 2016 ac
2339 1963 2386 2016 si
2410 1964 2630 2028 diceret,
2663 1967 2717 2019 in
2746 1966 2847 2021 hoc
2871 1970 2977 2022 nati
3011 1984 3212 2023 sumus.
3245 1970 3357 2024 Hoc
3383 1981 3466 2026 est
3492 1989 3587 2026 no-

2019 2059 2188 2103 Strum
2225 2066 2417 2106 munus
2444 2063 2498 2107 et
2521 2054 2775 2122 ofﬁcium,
2807 2057 2921 2110 haec
2960 2068 3042 2113 est
3068 2062 3174 2113 vita
3219 2071 3421 2128 nostra,
3453 2073 3504 2116 et
3537 2071 3594 2119 tu

2018 2139 2212 2206 qumris
2251 2141 2517 2210 quietem?
2544 2143 2660 2198 Non
2691 2146 2852 2200 instat
2885 2147 3040 2202 lictor
3077 2148 3212 2204 latus
3251 2150 3509 2215 lacerans,
3537 2162 3595 2208 et

2019 2241 2213 2296 cogens
2237 2233 2565 2296 sacriﬁcare;
2597 2235 2692 2290 sed
2723 2237 2884 2291 instat
2911 2239 3200 2296 vehemens
3233 2243 3470 2311 pecunia:
3494 2259 3594 2297 cu-

2021 2317 2212 2384 piditas
2236 2328 2288 2374 et
2315 2324 2554 2390 avaritia,
2584 2326 2739 2380 nobis
2765 2327 3024 2382 effodiens
3049 2332 3253 2387 oculos.
3281 2331 3468 2388 Nullus
3491 2335 3596 2388 mi-

2022 2406 2100 2460 les
2123 2410 2272 2464 nobis
2301 2416 2546 2468 accendit.
2561 2432 2768 2486 rogum,
2792 2435 2890 2474 nec
2917 2435 3013 2474 nos
3044 2423 3265 2491 imponit
3292 2427 3592 2491 craticula;

2022 2498 2115 2552 sed
2156 2515 2436 2570 corporum
2477 2506 2824 2562 inﬂammatio
2853 2512 3020 2579 magis
3049 2528 3206 2581 quam
3239 2515 3324 2570 illa
3354 2517 3596 2572 accendit

2023 2591 2273 2645 animam.
2303 2595 2419 2649 Non
2447 2597 2595 2651 adest
2616 2615 2705 2654 rex
2737 2601 2873 2655 bona
2898 2603 3214 2670 promittens
3240 2605 3599 2661 innumerabi-

2025 2681 2114 2745 lia,
2145 2693 2199 2738 et
2228 2686 2426 2752 pudore
2454 2687 2726 2755 afficiens;
2757 2693 2849 2745 sed
2880 2694 3033 2747 adest
3060 2695 3274 2749 insanus
3301 2712 3452 2751 amor
3481 2698 3597 2767 glo-

2025 2774 2118 2836 ria:
2144 2792 2259 2844 qua:
2285 2779 2400 2845 plus
2431 2795 2586 2848 quam
2622 2781 2712 2837 ille
2743 2782 2918 2837 titillat
2945 2795 2998 2838 et
3021 2786 3204 2840 allicit.
3233 2788 3477 2858 Magnum
3507 2804 3597 2843 res.-

2025 2879 2150 2917 vera
2181 2865 2398 2932 bellum,
2423 2878 2476 2922 et
2497 2870 2651 2924 valde
2676 2887 2921 2941 magnum
2963 2874 3008 2929 si
3048 2877 3316 2944 sapiamus
3344 2889 3398 2935 et
3427 2879 3598 2933 simus

2027 2954 2189 3008 sobrii
2219 2973 2232 3005 :
2263 2956 2417 3011 habet
2443 2974 2668 3014 coronas
2698 2976 2932 3030 praesens
2957 2979 3166 3034 quoque
3197 2977 3402 3036 tempus
3431 2984 3446 3022 :
3476 2968 3596 3023 audi

2027 3047 2246 3102 Paulum
2272 3049 2533 3106 dicentem
2565 3068 2578 3103 :
2613 3052 2689 3106 De
2713 3065 2889 3108 cwtero
2916 3059 3133 3126 reposita
3157 3069 3233 3112 est
3260 3060 3385 3112 mihi
3414 3077 3602 3116 corona

2018 3138 2254 3208 jttstitite,
2279 3157 2428 3211 quam
2449 3144 2620 3197 reddet
2643 3147 2765 3199 milti
2775 3148 2947 3215 justus
2966 3147 3172 3215 Judex;
3203 3167 3303 3205 non
3327 3156 3487 3207 solum
3509 3172 3604 3206 auq

2029 3238 2126 3282 tem
2157 3231 2300 3297 mihi,
2325 3231 2414 3286 sed
2444 3243 2487 3284 et
2514 3234 2744 3288 omnibus
2771 3238 2855 3306 qui
2885 3239 3167 3293 dilexerunt
3197 3243 3464 3296 adventum
3491 3245 3603 3313 ejus

2031 3321 2124 3391 (2.
2153 3321 2285 3376 Tim.
2315 3324 2367 3377 4.
2401 3324 2496 3393 8).
2543 3325 2766 3392 Quando
2805 3330 3048 3384 amiseris
3086 3331 3340 3387 dilemqu
3389 3335 3602 3388 unicum

2031 3413 2212 3479 lilium,
2243 3415 2294 3467 in
2323 3416 2526 3484 magnis
2551 3418 2803 3472 nutritum
2830 3421 3106 3488 Opibus,et
3130 3423 3216 3491 qui
3241 3424 3431 3483 bonam
3453 3424 3520 3480 de
3543 3441 3603 3480 se

2031 3519 2179 3574 spem
2206 3506 2527 3574 concitabat,
2556 3520 2609 3562 et
2638 3511 2731 3562 tihi
2760 3511 2903 3563 solus
2929 3514 3133 3567 futurus
3158 3523 3274 3568 erat
3301 3516 3474 3581 heres,
3499 3533 3603 3570 non

2033 3595 2174 3665 lnge,
2213 3599 2305 3650 sed
2340 3599 2445 3651 Deo
2475 3614 2571 3668 age
2596 3600 2810 3666 gratias,
2829 3609 2882 3654 et
2915 3602 3146 3670 glorifica
3178 3619 3298 3658 eum
3327 3606 3418 3674 qui
3449 3622 3605 3660 acce-

2034 3686 2142 3754 pit;
2174 3697 2227 3741 et
2247 3688 2297 3740 iu
2326 3688 2427 3742 hoc
2455 3690 2757 3743 Abrahamo
2780 3690 2945 3746 nihilo
2965 3693 3072 3746 eris
3101 3693 3340 3750 inferior.
3370 3696 3437 3751 Ut
3462 3699 3602 3752 enim

2035 3776 2121 3831 ille
2149 3778 2256 3832 Deo
2285 3779 2430 3833 dedit
2457 3781 2543 3848 qui
2568 3781 2819 3852 iusserat,
2849 3782 2917 3835 ita
2957 3793 3009 3837 tu
3031 3824 3048 3851 ,
3077 3799 3194 3837 cum
3228 3786 3342 3854 ipse
3364 3789 3604 3857 accepis-

2033 3875 2133 3929 set,
2164 3883 2268 3920 non
2297 3871 2562 3937 gemuisti.

2107 3957 2481 4012 lncantationes
2516 3970 2560 4012 et
2597 3961 2839 4030 ligamina
2865 3979 2955 4030 pro
2984 3964 3167 4017 morbis
3196 3966 3435 4018 curandis
3463 3966 3608 4018 aditi-

2036 4049 2158 4111 bita.
2188 4049 2523 4105 Dirinatores.
2548 4081 2616 4090 ——
2646 4051 2700 4106 In
2745 4053 2988 4108 morbum
3017 4070 3230 4124 gravem
3264 4055 3522 4120 incidisti;
3554 4067 3607 4111 et

2037 4141 2190 4194 multi
2215 4143 2512 4212 adsuntqui
2536 4154 2753 4214 cogunt,
2778 4145 2865 4198 alii
2893 4147 3106 4214 quidem
3139 4149 3603 4215 incantationibus,

2037 4231 2125 4284 alii
2149 4246 2276 4285 vero
2305 4232 2658 4301 ligaminibus,
2683 4236 2773 4289 alii
2793 4253 2920 4291 vero
2943 4239 3257 4306 quibusdam
3279 4241 3398 4295 aliis
3422 4243 3608 4296 sedare

2039 4322 2276 4381 malum?
2315 4333 2367 4374 tu
2401 4339 2527 4378 vero
2560 4336 2776 4394 propter
2805 4327 2895 4382 Dei
2925 4339 3122 4382 metum
3163 4331 3284 4384 forti
3325 4340 3378 4385 et
3422 4348 3610 4401 magno

2041 4413 2203 4466 tulisti
2242 4429 2305 4466 ac
2346 4414 2600 4474 immobili
2645 4417 2844 4482 animo,
2881 4429 2935 4472 et
2976 4420 3204 4474 maluisti
3250 4421 3460 4490 quidvis
3504 4423 3609 4491 pati

2039 4521 2195 4574 quam
2225 4507 2488 4563 sustinere
2511 4518 2566 4562 ut
2594 4511 2789 4580 aliquid
2814 4527 2998 4580 ageres
3020 4529 3082 4566 ex
3112 4514 3173 4566 iis
3201 4530 3319 4584 qua:
3348 4517 3612 4584 pertinent

2040 4601 2104 4653 ad
2133 4603 2329 4654 cultum
2358 4601 2659 4656 idolorum?
2697 4603 2798 4658 hoc
2831 4605 2921 4658 tibi
2951 4604 3103 4659 aﬂ'ert
3131 4621 3385 4659 coronam
3415 4617 3611 4676 marty-

2040 4691 2135 4752 rii;
2177 4707 2274 4745 nec
2299 4691 2498 4744 dubita.
2527 4692 2804 4760 Quomodo
2833 4703 2923 4746 aut
2952 4710 3178 4764 quanam
3217 4698 3464 4752 ratione?
3505 4698 3611 4765 ligo

2041 4780 2160 4835 dico
2185 4799 2196 4833 :
2222 4781 2340 4852 quia
2368 4783 2502 4835 sicut
2523 4781 2610 4836 ille
2632 4799 2820 4850 magno
2845 4794 2898 4837 et
2925 4784 3046 4838 forti
3071 4786 3248 4839 animo
3270 4786 3372 4840 fert
3399 4787 3612 4841 dolores

2043 4879 2444 4936 tormentorum,
2480 4881 2663 4926 utnon
2690 4874 2872 4928 adoret
2898 4873 3274 4940 simulacrum;
3305 4878 3376 4931 ita
3407 4888 3460 4931 tu
3484 4895 3613 4947 quo.

2043 4977 2143 5030 que
2174 4961 2280 5015 l‘ers
2307 4963 2517 5016 dolores
2550 4964 2741 5028 morbi,
2776 4973 2829 5016 ut
2856 4965 2997 5018 nullo
3027 4981 3160 5034 opus
3196 4967 3392 5022 habeas
3423 4983 3608 5022 eorum

2042 5069 2157 5122 qua:
2181 5054 2267 5107 ille
2296 5054 2514 5121 prtebet,
2543 5071 2712 5124 neque
2751 5056 2909 5110 facias
2935 5073 3053 5126 qua:
3076 5060 3246 5127 jubet.
3277 5063 3346 5114 At
3372 5069 3496 5115 sunt
3521 5063 3614 5114 do-

2044 5145 2184 5199 iores
2224 5146 2296 5198 illi
2325 5147 2785 5201 vehementiores?
2829 5149 2931 5202 Sed
2966 5150 3050 5204 isti
3082 5151 3350 5220 longiores
3382 5172 3396 5207 :
3425 5170 3612 5222 quam-

2044 5235 2224 5288 obrem
2254 5252 2343 5303 par
2367 5246 2446 5288 est
2471 5252 2654 5290 eorum
2687 5239 2878 5292 exitus.
2913 5239 3066 5308 Sarpe
3093 5253 3269 5295 autem
3302 5253 3424 5297 sunt
3453 5244 3610 5298 etiam

2043 5326 2488 5380 vehementiores.
2535 5328 2670 5392 Quid
2715 5330 2876 5395 enim,
2919 5331 3236 5400 dic,qu:eso,
3270 5349 3391 5388 cum
3420 5338 3612 5389 ardens

2045 5415 2206 5469 febris
2235 5427 2282 5469 te
2312 5419 2451 5470 intus
2475 5429 2630 5472 vexat
2659 5428 2713 5474 et
2742 5420 2877 5487 urit,
2918 5432 2972 5476 et
3010 5423 3235 5477 aliorum
3277 5427 3611 5480 suadentium

2045 5508 2247 5560 cxrutis
2288 5508 2721 5577 incarnationem,
2766 5527 2941 5565 annon
2991 5529 3048 5568 es
3091 5515 3368 5570 redimitus
3416 5532 3610 5571 corona

2045 5600 2322 5669 martyrii?
2365 5601 2565 5654 Rursus
2602 5604 2778 5656 amisit
2819 5605 3076 5674 quiSpiam
3117 5609 3433 5675 pecuniam?
3463 5609 3612 5664 multi

2047 5700 2168 5744 sunt
2199 5692 2287 5770 qui
2317 5691 2540 5745 suadent
2577 5701 2633 5746 ut
2671 5703 2756 5748 eat
2793 5693 2859 5749 ad
2900 5697 3218 5752 divinatores
3251 5713 3263 5750 :
3297 5699 3530 5755 maluisti
3563 5709 3617 5758 tu
