4010 6142
275 327 375 383 0H

277 448 391 509 τοῖς
422 442 481 497 δέ
496 440 567 495 τὰ
587 437 767 496 αὐτῶν
796 437 998 507 ἔχουσι,
1020 433 1207 488 τοῦτο·
1227 436 1324 499 Τίς
1342 436 1568 507 ἡρπάγη
1595 436 1698 507 χρή
1708 450 1853 504 ματα

281 531 372 586 διὰ
401 528 672 601 Χριστόν;
700 525 782 588 τίς
799 522 1140 596 ἐρραπίσθη;
1167 522 1250 585 τίς
1270 521 1536 592 ὑϐρίσθης
1568 524 1730 593 μέχρι
1762 524 1859 591 ρη-

285 618 495 688 μάτων,
549 613 712 682 λέγω.
764 610 934 664 Πόθεν
988 609 1021 679 ή
1089 607 1396 678 καύχησις;
1446 608 1611 662 πόθεν
1632 607 1858 662 δύνασαι

285 702 600 775 παρρησίαν
627 699 811 770 ἐχεινς
845 694 1095 759 Τοσαῦτα
1124 693 1300 748 ἔπαθε
1341 696 1411 748 δι’
1439 696 1603 767 ήμεῖς
1632 694 1860 766 ἐχθροὺς

284 791 444 851 ὂντας
463 791 492 843 0
519 784 753 856 Χριστός
772 799 787 815 ο
813 782 867 835 τί
894 781 1170 853 δυνάμεθα
1197 781 1462 849 ἐπιδεῖξαι
1496 784 1658 852 ἡμεῖς
1693 776 1768 836 ὧν
1789 782 1858 834 δι’

286 874 449 928 αὑτὸν
504 870 884 940 πεπόνθαμεν;
923 860 1025 920 Ὧν
1083 867 1197 937 μὲν·
1244 867 1619 939 πεπόνθαμεν,
1661 867 1855 924 οὐδέν·

284 955 360 1018 ὧν
408 959 467 1013 δέ
511 956 796 1027 πάσχομεν
835 956 970 1026 παρ’
1012 955 1182 1007 αὑτοῦ
1221 954 1427 1017 καλῶν,
1462 953 1862 1025 μυρία.’Πόθεν

284 1048 418 1117 ήμῖν
457 1047 492 1117 ή
538 1043 822 1117 παρρησία
861 1041 1016 1096 ἔσται
1065 1042 1187 1095 κατ’
1222 1040 1444 1111 ἐκείνην
1466 1041 1568 1113 τὴν
1599 1042 1813 1112 ἡμέραν
1842 1057 1859 1107 ;

283 1132 402 1186 Οὐκ
442 1132 581 1196 ῖστε,
622 1131 705 1184 ὅτι
747 1129 844 1183 καὶ
868 1130 896 1181 0
932 1126 1294 1198 στρατιώτης,
1327 1128 1456 1180 ὃταν
1485 1126 1657 1198 μυρία
1687 1127 1860 1197 τραύ-

287 1236 436 1289 ματα
497 1218 593 1272 καὶ
640 1215 871 1279 ὠτειλάς
928 1213 1355 1285 ἐπιδεικνύηται,
1396 1214 1537 1287 τότε
1570 1214 1860 1285 δυνήσεται

282 1304 537 1377 λαμπρὸς
578 1300 718 1358 εἶναι
773 1303 927 1375 παρὰ
956 1301 1034 1373 τῷ
1068 1300 1306 1373 βασιλεῖς
1344 1300 1410 1354 ἂν
1452 1300 1509 1353 δὲ
1553 1300 1719 1371 μηδὲν
1760 1299 1858 1371 ἔχῃ

281 1392 457 1458 δεῖξαι
500 1388 853 1461 κατόρθωμα,
899 1389 1004 1441 κᾶν
1034 1386 1199 1458 μηδὲν
1228 1381 1767 1458 ᾗπροσκεκρουκὼς,
1803 1388 1860 1439 ἐν

283 1481 401 1543 τοῖς
452 1478 703 1548 ἐσχάτοις
756 1475 1070 1540 τετάξεταις
1135 1472 1276 1527 Ἀλλ’
1320 1473 1421 1525 οὑκ
1475 1471 1591 1525 ἐστι
1617 1471 1859 1542 πολέμου

284 1565 503 1634 καιρὸς,
548 1565 733 1635 φησιν.
793 1565 858 1618 Εἰ
907 1563 1017 1633 γάρ
1037 1557 1127 1632 ἦν,
1158 1560 1280 1614 είπέ
1310 1577 1423 1630 μοι,
1453 1559 1536 1623 τίς
1559 1559 1626 1613 ἂν
1657 1561 1862 1630 ἠγωνί-

287 1669 456 1717 σατο;
489 1651 575 1717 τίς
607 1651 676 1706 ἂν
716 1651 1068 1722 ἐπεπήδησε;
1116 1649 1200 1713 τίς
1236 1648 1303 1702 άν
1337 1649 1437 1719 τὴν
1493 1649 1751 1717 φάλαγγα
1780 1648 1862 1700 δι·-

284 1741 463 1807 έξωσε
491 1753 517 1783 ι
542 1742 728 1811 ςΤάχα
772 1739 945 1801 οὐδείς
970 1753 985 1767 ’
1035 1739 1165 1792 ὅταν
1193 1736 1302 1808 γάρ
1324 1736 1418 1789 ίδω
1445 1736 1529 1790 ὅτι
1565 1735 1862 1807 χρημάτων

281 1831 347 1884 οὑ
382 1829 742 1899 καταφρονεῖς
759 1825 944 1879 ἕνεκεν
965 1823 1060 1877 τοῦ
1086 1821 1347 1896 Χριστοῦ,
1364 1822 1482 1886 πῶς
1511 1839 1594 1876 σοι
1631 1820 1863 1875 πιστεύ-

286 1929 369 1965 σω
420 1911 502 1965 ὅτι
536 1905 1235 1981 πληγῶν’καταφρονήσεις
1261 1924 1277 1972 ;
1308 1906 1468 1971 Εἰπὲ,
1515 1905 1711 1977 φέρετε
1736 1906 1865 1969 τοὺς

286 1996 616 2069 ὑϐρίζοντας
658 1994 948 2064 γενναίως,
998 1993 1094 2048 καὶ
1133 1994 1407 2063 εὐλογεῖτε
1434 1993 1666 2059 αὑτούς;
1694 1992 1865 2046 Τοῦτο

284 2085 351 2138 οὑ
380 2085 575 2147 ποιεῖς,
613 2079 947 2153 [4461άλλά
981 2080 1341 2152 παρακούεις.
1389 2081 1456 2134 ’0
1492 2078 1734 2134 κίνδυνον
1765 2080 1866 2134 οὑκ

285 2169 431 2240 εχει,
477 2168 539 2222 ού
586 2170 783 2231 ποιεῖς,
828 2166 925 2221 καὶ
970 2166 1186 2237 πληγὰς
1208 2167 1398 2232 οίσεις,
1431 2165 1555 2220 εἰπέ
1590 2182 1702 2237 μοι,
1736 2165 1868 2220 ἐνθα

288 2256 433 2310 πολὺ
481 2256 543 2309 τὸ
588 2255 688 2324 τῆς
748 2254 943 2322 ὀδύνης
984 2254 1201 2322 καὶτῆς
1237 2252 1570 2323 άλγηδόνος;
1604 2255 1718 2307 Οὐκ
1750 2254 1866 2308 ἴστε

285 2343 375 2394 ὅτι
407 2340 469 2395 ἐν
498 2342 689 2414 εἰρήνη
716 2342 786 2394 τά
805 2340 900 2394 τοῦ
926 2339 1163 2410 πολέμου
1191 2339 1569 2410 γυμνάζεσθαι
1591 2342 1696 2411 χρή
1719 2356 1733 2405 ;
1767 2342 1867 2410 οὐχ

283 2428 459 2496 ὁρᾶτε
491 2428 620 2491 τοὺς
641 2425 981 2496 στρατιώτας
1017 2426 1258 2491 τούτους,
1289 2426 1359 2491 οῖ,
1389 2426 1484 2479 καὶ
1516 2426 1741 2496 μηδενὸς
1756 2427 1870 2478 ἐνο-

281 2513 547 2584 χλοῦντος
563 2512 820 2583 πολέμου,
838 2510 955 2565 ἀλλ’
973 2513 1194 2583 εἰρήνης
1208 2509 1374 2582 οὔσης
1391 2510 1632 2582 βαθείας,
1645 2512 1712 2565 τά
1728 2512 1869 2566 ὃπλα

281 2601 772 2670 ἀποσμηξάμενοι,
824 2599 918 2652 καὶ
958 2599 1098 2669 μετὰ
1142 2598 1250 2653 τῶν
1291 2598 1626 2652 διδασκάλων
1663 2597 1775 2652 τῶν
1800 2597 1870 2652 τά

280 2688 529 2743 τακτικὰ
564 2686 927 2742 διδασκόντων
981 2685 1205 2750 αὐτοὺς,
1267 2688 1348 2750 εἰς
1390 2685 1560 2739 ὕπτια
1587 2684 1749 2739 πεδία
1771 2687 1868 2740 καὶ⁵

281 2776 584 2849 εύρύχωρα
610 2776 731 2832 καθ’
755 2776 1013 2845 ἑκάστην,
1039 2773 1116 2838 ὡς
1137 2774 1336 2839 εἰπεῖν,
1367 2773 1581 2845 ἡμέραν
1606 2774 1865 2840 ἐξιόντες,

280 2863 359 2917 τά
386 2862 490 2917 τοῦ
518 2864 754 2933 πολέμου
782 2861 1155 2933 γυμνάζονται
1179 2861 1317 2931 μετὰ
1340 2860 1541 2930 πολλῆς
1567 2860 1669 2930 τῆς
1711 2863 1870 2931 ἀκρι-

280 2949 486 3016 ϐείαςς
513 2950 611 3014 Τίς
637 2948 796 3003 τοῦτο
827 2949 1120 3020 εἰργάσατο
1151 2948 1260 3001 τῶν
1284 2947 1673 3018 πνευματικῶν
1703 2964 1871 3019 στρα-

281 3036 517 3090 τιωτῶν
543 3052 560 3100 ;
593 3036 729 3091 οὐδὲ
752 3031 853 3101 εἷς.
889 3035 989 3089 Διά
1011 3034 1169 3088 τοῦτο
1205 3036 1264 3088 ἐν
1286 3037 1400 3099 τοῖς
1438 3034 1707 3105 πολέμοις
1731 3033 1868 3105 χαῦ-

281 3140 372 3177 νοι
411 3123 516 3176 καὶ
539 3120 821 3191 βάναυσοι,
849 3123 944 3176 καὶ
969 3123 1135 3175 πᾶσιν
1157 3121 1420 3175 εὐάλωτοι
1447 3121 1727 3192 γινόμεθα.
1764 3121 1870 3174 Πόσ-

280 3227 392 3281 σης
431 3209 498 3263 δὲ
526 3208 756 3272 νωθείας
782 3207 844 3261 τὸ
871 3208 944 3279 μὴ
960 3205 1215 3278 ἡγεῖσθαι
1249 3205 1705 3276 πολέμουοιαιρὸν
1731 3202 1870 3259 εἶναι

277 3296 379 3350 τὸν
413 3294 686 3366 παρόντα,
720 3293 815 3347 τοῦ
838 3293 1051 3347 Παύλου
1084 3292 1336 3362 βοῶντοςο
1354 3290 1584 3358 Πάντες
1610 3291 1680 3345 δὲ
1704 3292 1874 3347 0100-

278 3387 514 3448 ,ιοντες
565 3379 827 3446 εὐσεϐῶς
881 3378 986 3448 ζῆν
1028 3378 1349 3447 ὲνΧριστῷ
1389 3379 1593 3447 Ἰησοῦ
1616 3378 1870 3449 διωχθή-

280 3479 548 3527 σονταις
590 3465 686 3518 καὶ
719 3463 815 3516 τοῦ
859 3461 1095 3533 Χριστοῦ
1127 3462 1396 3530 λέγοντοςο
1440 3462 1537 3515 Ἐν
1558 3462 1639 3527 τῷ
1668 3463 1873 3533 κόσμῳ

279 3553 511 3620 θλῖψιν
531 3551 719 3614 ἕξετες
748 3550 857 3602 Καὶ
884 3549 1043 3603 πάλιν
1070 3548 1165 3602 τοῦ
1194 3548 1464 3620 μακαρίου
1494 3548 1703 3602 Παύλου
1729 3550 1872 3620 λαμ-

285 3640 414 3708 πρᾷ.
430 3640 505 3707 τῇ
536 3638 693 3708 φωνῇ
719 3634 949 3708 βοῶντος
982 3635 1079 3688 καὶ
1099 3634 1368 3704 λέγοντος’
1394 3637 1515 3690 Οὐκ
1537 3633 1710 3690 ἐστιν
1730 3637 1874 3705 ἡμῖν

283 3727 328 3792 ἡ
362 3723 543 3790 πάλη
572 3719 900 3789 πρόςιδῖμα
922 3720 1023 3774 καὶ
1060 3719 1290 3789 σάρκας
1337 3722 1431 3775 καὶ
1476 3722 1659 3776 πάλιν
1685 3722 1875 3791 Στῆτε

284 3806 414 3867 οὖν
436 3805 900 3876 περιζωσάμενοι
928 3806 1042 3875 τὴν
1074 3807 1273 3876 ὀσφὺν
1293 3807 1461 3876 ὑμῶν
1496 3809 1566 3862 ἐν
1591 3810 1839 3877 ἀληθείᾳ
1854 3827 1873 3873 ,-

288 3897 411 3951 Καὶ
455 3893 636 3956 οὐδεὶς
657 3894 881 3947 ἐκείνων
904 3889 1021 3947 εἰπε
1054 3893 1194 3959 τότε,
1222 3896 1285 3948 Τί
1308 3895 1548 3959 όπλίζεις
1581 3898 1748 3967 ἡμᾶς,
1777 3913 1876 3950 πο-

282 3982 472 4053 λέμου
525 3981 627 4034 οὐκ
669 3980 859 4045 δντοςς
906 3979 959 4034 τί
1007 3980 1183 4053 μάτην
1215 3984 1347 4053 ήμῖν
1404 3984 1704 4055 πράγματα
1737 4000 1877 4052 παρ-

279 4072 486 4142 έχεις;
514 4069 843 4141 θωρακίζεις
883 4070 1010 4133 τοὺς
1056 4070 1412 4142 στρατιώτας,
1454 4071 1574 4136 ἐξὸν
1608 4070 1879 4125 ἀναπαύεο

282 4161 419 4211 σθαι
476 4157 578 4209 καὶ
623 4155 943 4225 ήσυχάζειν;
985 4155 1129 4210 Ἀλλ’
1177 4155 1336 4227 εἴπερ
1390 4174 1472 4219 τις
1509 4153 1631 4210 εἷπε
1682 4156 1876 4222 ταῦτα,

276 4244 721 4315 ἀνθυπήνεγκεν
745 4243 810 4298 άν
827 4261 839 4273 ·
860 4243 1111 4296 Μάλιστα
1135 4244 1232 4314 μὲν
1261 4242 1378 4308 οὖν,
1405 4247 1452 4297 εί
1470 4247 1578 4298 ’καὶ
1595 4246 1669 4318 μὴ
1688 4240 1755 4316 ἦν
1785 4245 1881 4298 πό-

279 4346 501 4403 λεμος,,
543 4330 651 4382 ἔδει
697 4330 767 4383 τά
812 4329 908 4383 τοῦ
957 4329 1195 4400 πολέμου
1255 4334 1543 4402 μεριμνᾷν.
1605 4333 1662 4385 Ὀ
1685 4333 1791 4403 γάρ
1822 4335 1879 4385 ἐν

279 4416 642 4491 εἰρήνῃπῶν
674 4419 773 4491 τῆς
804 4418 985 4489 μάχης
1019 4415 1347 4488 φροντίζων,
1378 4418 1609 4491 φοϐερὸς
1639 4419 1791 4473 ἔσται
1822 4421 1879 4473 ἐν

276 4508 364 4576 τῷ
412 4504 609 4575 καιρῷ
649 4503 747 4576 τῆς
777 4504 954 4573 μάχης
974 4520 988 4534 ·
1019 4507 1048 4557 0
1071 4504 1128 4557 δὲ
1155 4505 1381 4576 ἄπειρος
1408 4506 1517 4560 τῶν
1543 4506 1879 4588 πολεμικῶν,

279 4591 505 4662 μᾶλλον
572 4588 1008 4661 θορυϐηθήσεται
1052 4591 1146 4644 καὶ
1188 4594 1247 4644 ἐν
1294 4593 1504 4664 εἰρήνῃ.
1547 4592 1611 4644 Τί
1638 4592 1878 4662 δήποτε;

277 4682 415 4734 ’Ὁτι
449 4677 807 4749 δακρύσεται,
832 4678 968 4750 ὑπὲρ
1006 4671 1080 4731 ὧν
1103 4678 1239 4749 ἔχει,
1263 4680 1356 4732 καὶ
1381 4682 1461 4733 δτι
1491 4681 1564 4750 μὴ
1587 4680 1881 4748 δυνάμενος

274 4766 653 4837 ὑπερμαχεῖν
714 4762 919 4825 αὐτῶν,
983 4765 1391 4835 ὁδυνηθήσεται.
1442 4766 1548 4819 Τοῦ
1576 4767 1685 4836 γὰρ
1707 4765 1878 4819 δειλοῦ

273 4855 380 4911 καὶ
428 4850 677 4920 ἀπείρου
725 4850 821 4907 καὶ
840 4849 979 4920 πρὸς
1008 4851 1108 4912 τὰς
1160 4853 1340 4921 μάχας
1369 4851 1638 4920 βαναύσου
1665 4854 1731 4906 τὰ
1759 4870 1882 4925 κτη-

274 4956 439 5012 ματα
485 4936 714 4990 πάντων
761 4937 880 4990 ἐστὶ
906 4937 1012 4989 τῶν
1041 4937 1300 5010 ἀνδρείων
1332 4942 1425 4994 καὶ
1454 4940 1710 5010 πολεμεῖν
1745 4943 1884 4995 εἰδό-

267 5044 393 5083 των
415 5043 431 5056 θ
464 5022 625 5076 ὥστε
654 5023 741 5075 διά
771 5022 926 5075 τοῦτο
963 5024 1178 5091 πρῶτον
1225 5026 1368 5096 ὑμᾶς
1396 5027 1619 5092 ὁπλίζω.
1652 5028 1884 5083 Ἔπειτα

266 5116 333 5169 δὲ
390 5112 502 5165 καὶ
565 5108 805 5179 πολέμου
865 5112 1055 5181 καιρὸς
1080 5112 1189 5174 πᾶς
1223 5112 1366 5182 ὁτῆς
1395 5112 1538 5183 ζωῆς
1566 5114 1720 5186 ήμῶν
1767 5116 1885 5169 ἐστὶ

266 5201 507 5274 χρόνος.
542 5195 676 5260 Πῶς
707 5197 800 5250 καὶ
832 5200 936 5251 τίνι
962 5199 1187 5275 τρόπῳ;
1223 5200 1282 5253 '0
1310 5201 1552 5266 διάϐολος
1584 5203 1884 5272 ἐφέστηκεν

264 5291 387 5344 ἀεί.
407 5289 708 5340 ’Ἄκουσον
728 5285 781 5338 τί
805 5286 934 5356 περὶ
959 5286 1125 5340 αὑτοῦ
1157 5304 1311 5358 φησι.
1338 5288 1690 5359 Περιέρχεται
1708 5289 1885 5362 ὠρυόμ

268 5392 448 5448 μενος
477 5373 564 5435 ὡς
588 5370 749 5439 λέων,
774 5372 1018 5443 ἁρπάσαι
1047 5373 1237 5427 θέλων.
1271 5375 1566 5445 Σωματικὰ
1609 5376 1750 5448 πάθη
1786 5393 1887 5446 μυ-

269 5464 368 5534 ρία
418 5456 748 5513 ἐπιτίθεται
798 5463 955 5530 ήμῖν,
1007 5461 1151 5532 ἅπερ
1195 5461 1489 5529 ἀναγκαῖον
1528 5462 1772 5530 διελθεῖν,
1802 5465 1888 5518 ἵνα

270 5551 354 5622 μὴ
393 5549 594 5620 μάτην
627 5544 853 5608 ἑαυτοὺς
869 5546 1188 5616 άπατῶμεν.
1230 5548 1294 5600 Τί
1324 5549 1452 5619 γὰρ,
1476 5549 1597 5601 είπέ
1622 5567 1731 5619 μοι,
1759 5552 1889 5621 ἡμῖν

266 5638 335 5693 οὑ
398 5631 690 5701 πτολεμ.εῇ
719 5631 781 5682 οὑ
819 5631 1072 5697 πλοῦτος,
1100 5633 1316 5699 κάλλος,
1356 5635 1553 5706 τρυφή,
1583 5636 1889 5701 δυναστεία,

336 5738 493 5789 ατη.
521 5736 582 5788 C.
616 5730 957 5790 elm..$avil.
1001 5736 1222 5797 διέσεισε,
1267 5738 1412 5787 lectio
1453 5751 1547 5786 non
1594 5741 1883 5801 spernenda.

1159 319 1224 374 IN
1258 318 1521 393 EPISTJ
1561 322 1652 376 AD
1691 315 2025 381 TIIESSAL.
2058 320 2566 380 CAPJHJIOMIL.
2605 322 2692 378 Ill.

3416 320 3522 380 H2

1959 434 2199 502 ἐξουσία,
2246 436 2534 508 βασκανία,
2576 436 2725 503 δόξα,
2774 434 3029 501 άπόνοια;
3063 435 3137 489 Οὐ
3167 435 3278 507 γάρ
3312 437 3522 508 μόνονὴ

1959 524 2207 596 ἡμετέρα
2250 524 2379 589 δόξα
2426 525 2656 594 πολεμεῖ
2686 523 2967 577 κωλύουσα
2992 524 3126 592 πρὸς
3163 539 3523 593 ταπεινοφρο-

1958 610 2127 680 σύνην
2177 610 2537 664 καταπίπτειν
2565 650 2580 673 ,
2624 610 2759 664 ἀλλὰ
2792 609 2887 662 καὶ
2911 611 2944 677 ἡ
2994 609 3196 678 ἐτέρων
3224 612 3302 674 εἰς
3333 609 3527 680 φθόνον

1957 698 2108 766 ἡμᾶς
2133 697 2228 750 καὶ
2259 697 2557 767 βασκανίαν
2585 695 2874 764 ἐξάγουσα.
2897 696 2963 748 Τί
2988 695 3043 748 δέ
3066 696 3134 749 τά
3163 698 3405 762 ἐναντία,
3437 713 3530 749 πει

1959 782 2068 844 νία,
2125 783 2339 854 ἀτιμία,
2372 782 2435 836 τὸ
2479 781 2961 854 καταφρονεῖσθαι,
2989 782 3052 835 τὸ
3083 782 3437 855 ἁπερῤῖφθαι,
3465 784 3528 837 τὸ
3622 770 3645 779 ἰ

1965 869 2237 940 μηδεμίαν
2287 869 2433 940 ἔχειν
2480 868 2671 939 ἰσχύν;
2731 867 2893 922 Ἀλλὰ
2926 868 3099 925 ταῦτα
3135 870 3233 938 μὲν
3268 871 3327 922 ἐν
3360 870 3523 939 ἡμῖν*

1960 955 2029 1009 τά
2063 956 2119 1008 δὲ
2153 954 2305 1027 παρὰ
2358 955 2684 1025 ἀνθρώπων,
2724 956 3000 1025 πονηρίαι,
3035 956 3336 1019 ἐπιϐουλαὶ,
3362 955 3526 1020 δόλοι,

1963 1044 2342 1112 συκοφαντίαι,
2398 1044 2748 1114 περιστάσεις
2805 1042 2998 1113 μυρίαι
3025 1058 3039 1072 ο
3094 1044 3297 1111 ὁμοίως
3336 1045 3530 1097 καὶτὰ

1962 1128 2115 1200 παρά
2173 1128 2282 1183 τῶν
2342 1130 2633 1201 δαιμόνων,
2680 1130 2866 1200 άρχαὶ,
2906 1128 3169 1194 ἐξουσίαι,
3225 1132 3531 1201 κοσμοκρά-

1961 1231 2121 1287 τορες
2178 1214 2276 1269 τοῦ
2316 1215 2543 1279 σκότους
2580 1215 2673 1269 τοῦ
2718 1216 2914 1278 αἰῶνος
2944 1214 3156 1278 τούτου,
3182 1214 3251 1268 τά
3283 1231 3531 1284 πνευμα-

1961 1301 2089 1356 τικά
2140 1301 2239 1374 τῆς
2280 1301 2566 1373 πονηρίας.
2615 1300 2800 1355 ’Δλλοι
2844 1301 3011 1370 ἐσμὲν
3046 1301 3348 1371 χαίροντες,
3381 1302 3532 1355 άλλοι

1963 1387 2254 1456 ἀλγοῦντες
2278 1405 2293 1421 ·
2319 1387 2604 1458 ἀμφότερα
2626 1390 3008 1457 παρεκτροπή.
3041 1386 3181 1439 Ἀλλ’
3211 1387 3390 1454 ὑγεία,
3413 1387 3531 1440 ἀλλ’

1962 1474 2242 1530 ἀσθένεια.
2304 1475 2475 1528 Πόθεν
2531 1473 2631 1543 οὐχ
2685 1473 3064 1543 άμαρτήσεταί
3110 1489 3231 1538 τις;
3269 1472 3532 1526 Βούλεσθε

1964 1562 2057 1615 καὶ
2082 1562 2192 1614 άπὸ
2219 1560 2313 1615 τοῦ
2355 1558 2528 1630 ’Δδὰμ
2553 1559 2861 1630 ἀρξάμενος
2881 1559 3008 1628 ὑμῖν
3037 1560 3178 1611 εἰπω
3203 1558 3405 1622 εὐθέως
3426 1559 3534 1612 ἀπὸ

1962 1649 2063 1716 τῆς
2093 1648 2270 1719 ἀρχῆς
2299 1664 2314 1713 ;
2347 1646 2520 1720 [447]
2548 1647 2613 1699 Τί
2651 1645 2743 1699 τὸν
2764 1645 3190 1717 πρωτόπλαστον
3219 1641 3397 1713 εἷλενς
3440 1648 3533 1700 Ἦ-

1962 1735 2089 1804 δονὴ
2137 1736 2233 1788 καὶ
2268 1734 2535 1807 βρώματα
2560 1734 2656 1787 καλ⁵
2684 1733 2980 1804 φιλαρχίας
3008 1732 3169 1804 ἔρως.
3200 1732 3265 1786 Τί
3284 1733 3377 1788 τὸν
3412 1734 3534 1805 μετῖΔ

1966 1824 2172 1875 ἐκεῖνον
2214 1821 2308 1874 τὸν
2358 1820 2473 1874 υἱὸν
2494 1819 2586 1873 τὸν
2609 1819 2856 1885 ἐκείνους
2885 1819 3163 1873 Βασκανία
3202 1820 3298 1873 καὶ
3321 1819 3533 1890 φθόνος.
3648 1876 3655 1887 ,

1966 1907 2032 1960 Τί
2060 1908 2188 1971 τοὺς
2216 1908 2309 1961 ἐπὶ
2330 1895 2453 1960 Νῶε
2476 1923 2491 1974 ;
2516 1904 2790 1976 Σωμάτων
2816 1906 3020 1976 ἡδοναὶ,
3053 1907 3147 1960 καὶ
3176 1905 3246 1960 τά
3275 1907 3383 1960 άπὸ
3412 1907 3537 1959 τού-

1965 2011 2075 2048 των
2132 1994 2429 2063 τικτόμενα
2461 1993 2628 2045 κακά.
2660 1991 2726 2044 Τί
2772 1991 2866 2046 τὸν
2912 1993 3027 2045 υἰὸν
3053 1992 3147 2045 τὸν
3174 1993 3397 2057 τούτους
3433 1991 3539 2044 ’Υ-

1968 2082 2090 2152 ϐρις
2117 2081 2211 2134 καὶ
2238 2080 2412 2135 άδεια.
2433 2080 2498 2133 Τί
2522 2080 2649 2142 τοὺς
2675 2078 2972 2151 Σοδομίτας
2992 2098 3008 2146 ;
3028 2079 3222 2151 Ὕϐρις
3250 2079 3341 2133 καὶ
3373 2078 3536 2132 άσέλ-

1964 2186 2096 2240 γεια
2151 2169 2245 2221 καὶ
2298 2167 2584 2239 πλησμονὴ
2620 2167 2819 2238 ἄρτων.
2853 2167 3123 2232 Πολλάκις
3160 2169 3215 2221 δέ
3248 2170 3344 2221 καὶ
3375 2167 3534 2221 πενία

1967 2255 2127 2310 τοῦτο
2186 2257 2365 2309 ποιεῖ·
2416 2253 2506 2308 διά
2542 2252 2701 2308 τοῦτο
2730 2254 2892 2323 σοφός
2912 2271 2998 2318 τις
3021 2254 3176 2321 ἔλεγε
3202 2269 3216 2284 ⁶
3263 2254 3534 2309 Πλοῦτον

1969 2344 2038 2397 δὲ
2067 2341 2167 2396 καί
2194 2343 2414 2396 πενίαν
2431 2342 2517 2411 μή
2542 2358 2645 2411 μοι
2681 2340 2817 2406 δῷς.
2860 2340 3079 2394 Μᾶλλον
3104 2340 3160 2393 δὲ
3193 2341 3255 2393 ού
3288 2339 3561 2405 πλοῦτος,,.

1967 2430 2089 2485 οὐδὲ
2117 2429 2296 2495 πενία,
2331 2428 2446 2482 ἀλλ’
2475 2429 2509 2497 ἡ
2562 2427 2636 2498 μὴ
2673 2427 2948 2496 δυναμένη
2991 2425 3203 2488 τούτοις
3260 2427 3555 2496 ἑκατέροις-
3634 2480 3639 2484 ,

1969 2516 2286 2588 προαίρεσις
2331 2513 2659 2585 χρήσασθαι.
2720 2513 3046 2582 Ἐπίτνωθι,
3110 2512 3295 2583 φησὶν,
3346 2511 3435 2565 ὅτι
3467 2512 3539 2566 ἐν

1963 2605 2141 2674 μέσῳ
2161 2600 2429 2673 κατιδων
2473 2601 2643 2654 διαϐα
2652 2601 2820 2665 ίνεις.
3362 2668 3365 2670 η

2038 2696 2101 2744 ε’.
2117 2687 2457 2761 Θαυμαστῶς
2477 2685 2631 2742 εἶπεν
2654 2689 2682 2741 0
2714 2688 2983 2759 μακάριος
2999 2687 3230 2751 Παῦλος*
3252 2687 3357 2752 Εἰς
3369 2688 3547 2743 τοῦτο

1968 2778 2243 2849 κείμεθα⁶
2286 2777 2390 2830 οὐκ
2429 2773 2584 2829 εῐπεν
2627 2774 2831 2839 ἁπλῶς,
2882 2775 2964 2829 δτι
3002 2774 3398 2847 πειραζόμεθα,
3428 2774 3544 2830 ἀλλ’

1969 2870 2075 2934 Είς
2133 2865 2310 2920 τοῦτο
2367 2865 2626 2933 κείμεθα,
2674 2863 2799 2917 ἀντὶ
2837 2863 2953 2928 τοῦ,
3016 2865 3098 2928 εἰς
3161 2861 3320 2916 τοῦτο
3354 2864 3538 2931 ἐγενή·

1970 2953 2163 3023 θημεν.
2220 2950 2393 3004 Τοῦτο
2427 2949 2491 3005 τδ
2533 2949 2694 3019 εργον
2726 2948 2903 3021 ήμῶν,
2937 2943 3093 3013 οὗτος
3135 2951 3163 3003 0
3194 2949 3328 3019 βίος,
3359 2949 3454 3003 καὶ
3480 2950 3547 3001 συ

1971 3039 2159 3094 ἄνεσιν
2216 3037 2433 3107 ζητεῖς;
2479 3037 2593 3091 Οὐκ
2637 3036 2940 3105 ἐφέστηκεν
2977 3038 3006 3089 0
3032 3035 3227 3106 δήμιος
3259 3035 3358 3104 τὴν
3386 3034 3548 3088 πλευ-

1971 3126 2072 3199 ράν
2125 3125 2491 3190 καταξαίνων,
2559 3124 2654 3178 καί⁵
2704 3123 2864 3177 θῦσαι
2912 3124 3377 3192 καταναγκάζων⁶
3429 3122 3543 3173 ἀλλ’

1969 3212 2269 3283 ἐφέστηκεν
2317 3209 2581 3281 ἐπιθυμία
2623 3209 2829 3278 σφοδρά
2870 3210 3170 3278 χρημάτων
3200 3208 3294 3260 καὶ
3325 3206 3564 3258 πλεονεοη

1972 3299 2110 3364 ξίας,
2161 3297 2523 3369 ἐξορύττουσα
2579 3297 2705 3358 τοὺς
2771 3293 3084 3362 ὀφθαλμοὺς
3139 3295 3290 3363 ἡμῖν.
3350 3292 3540 3352 Οὐδεὶς

1973 3385 2310 3457 στρατιώτης
2369 3381 2552 3451 πυράν
2616 3382 2749 3451 ἡμῖν
2796 3379 3022 3449 ἀνῆψεν,
3073 3379 3195 3432 οὐδὲ
3225 3379 3422 3451 έθηκεν
3452 3380 3544 3431 ἐπὶ

1971 3470 2268 3543 κρατίκλης
2297 3485 2311 3499 ·
2355 3468 2472 3522 ἀλλ’
2509 3470 2538 3521 0
2596 3467 2704 3520 τῶν
2754 3468 3025 3537 σωμάτων
3062 3465 3300 3537 φλογμὸς
3346 3463 3572 3536 μᾶλλον-

1973 3558 2192 3612 ἐκείνων
2252 3555 2479 3621 ἐξάπτει
2524 3554 2627 3625 τὴν
2655 3553 2855 3625 ψυχήν.
2905 3554 2981 3607 00
3026 3556 3260 3624 πάρεστι
3293 3552 3548 3623 βασιλεὺς

1977 3645 2147 3716 μυρία
2208 3642 2674 3712 ἐπαγγελλόμενος
2714 3642 2895 3711 ἀγαθά
2942 3642 3038 3695 καὶ
3080 3641 3344 3694 δυσωπῶν
3368 3656 3382 3671 ο
3414 3639 3554 3694 am

1974 3733 2240 3803 πάρεστιν
2264 3733 2297 3801 ή
2330 3729 2620 3800 δοξομανία
2657 3731 2837 3800 χεῖρον
2867 3729 3077 3782 ἐκείνου
3118 3727 3546 3799 γαργαλίζουσα.

1974 3819 2164 3885 Μέγας
2194 3816 2428 3887 πόλεμος
2455 3815 2644 3880 ὅντως,
2666 3818 2763 3870 καὶ
2780 3816 2919 3870 πολὺ
2966 3816 3159 3886 μέγας,
3188 3815 3253 3869 ἂν
3275 3815 3553 3886 ἐθέλωμεν

1974 3907 2165 3976 νήφειν
2189 3921 2202 3935 ·
2230 3903 2344 3974 ἔχει
2380 3903 2680 3972 στεφάνους
2714 3907 2809 3956 καὶ
2838 3905 2866 3956 0
2896 3903 3085 3973 παρὼν
3129 3902 3318 3973 καιρὸς
3339 3917 3353 3930 ⁸
3385 3904 3550 3958 ἄκουε

1977 3992 2190 4046 Παύλου
2242 3991 2526 4059 λέγοντος·
2587 3990 2812 4045 Λοιπὸν
2872 3989 3180 4043 ἀπόκειταί
3221 4007 3318 4058 μοι
3370 3993 3403 4043 ό
3444 3990 3550 4058 τῆς

1976 4078 2365 4146 δικαιοσύνης
2382 4077 2701 4147 στέφανος,
2727 4075 2800 4129 ὃν
2821 4074 3125 4129 ἀποδώσει
3144 4092 3248 4142 μοι
3272 4078 3305 4128 ό
3321 4075 3552 4139 δίκαιοι,-

1978 4164 2221 4232 κριτής·
2259 4166 2330 4218 οὐ
2355 4166 2549 4232 μόνον
2594 4163 2662 4216 δὲ
2698 4160 2849 4230 ἐμοὶ,
2902 4161 3064 4215 ἀλλὰ
3100 4160 3199 4213 καί
3247 4159 3396 4214 πᾶσι
3428 4160 3550 4226 τοῖς

1977 4252 2322 4321 ἠγαπηκόσι
2356 4250 2471 4317 τὴν
2520 4248 2881 4317 ἐπιφάνειαν
2915 4246 3121 4300 αὐτοῦ.
3159 4246 3330 4299 Ὅταν
3352 4247 3551 4300 ἀπολέ-

1981 4356 2079 4411 σῃς
2123 4339 2337 4392 παιδίον
2380 4337 2661 4406 ἀγαπητὸν
2703 4334 3010 4406 μονογενὲς,
3033 4334 3092 4387 ἐν
3130 4333 3345 4405 πλούτῳ
3374 4334 3555 4403 πολλῴ

1978 4426 2334 4500 τρεφόμενον,
2388 4422 2608 4485 ἐλπίδας
2655 4423 2951 4491 ὑποφαῖνον
3001 4424 3262 4492 χρηστάς,
3313 4421 3445 4474 αὐτό
3470 4438 3551 4474 σοι

1983 4513 2175 4584 μέλλον
2245 4510 2406 4581 μόνον
2472 4507 2814 4578 διαδέχεσθαι
2883 4508 2974 4561 τὸν
3024 4508 3246 4578 κλῆρον,
3310 4508 3384 4578 μὴ
3429 4524 3552 4560 στε-

1980 4600 2164 4670 νάξῃς,
2215 4597 2331 4650 ἀλλ’
2370 4596 2765 4666 εὐχαρίστησον
2805 4594 2881 4664 τῷ
2926 4594 3066 4665 Θεῷ,
3109 4597 3201 4648 καὶ
3239 4593 3427 4661 δόξαζε
3464 4593 3552 4645 τὸν

1981 4685 2259 4756 εἰληφότα,
2323 4685 2417 4737 καὶ
2459 4683 2610 4737 οὐδὲν
2655 4682 2753 4752 ἔσῃ
2799 4681 2894 4734 τοῦ
2953 4682 3207 4754 Ἀϐραὰμ
3235 4680 3377 4736 κατὰ
3397 4680 3554 4732 τοῦτο

1981 4773 2197 4843 χείρων.
2232 4770 2499 4840 Καθάπερ
2545 4771 2656 4842 γάρ
2679 4770 2885 4831 ἐκεῖνος
2912 4769 2987 4838 τῷ
3013 4769 3134 4839 Θεῷ
3171 4769 3336 4823 ἔδωκε
3369 4766 3553 4823 κελεύ-

1983 4875 2154 4922 σαντι,
2197 4857 2337 4912 οὕτω
2367 4858 2430 4910 σὺ
2467 4856 2720 4918 λαϐόντος
2754 4855 2919 4909 αὑτοῦ
2939 4857 3039 4908 οὑκ
3064 4857 3374 4920 ἐστέναξας.

2050 4945 2208 5015 Νόσῳ
2231 4944 2553 5015 περιέπεσες
2571 4943 2805 5013 χαλεπῇ,
2836 4943 2928 4994 καὶ
2946 4942 3130 4995 πολλοὶ⁵
3160 4942 3555 5013 παραγίνονται

1983 5032 2402 5100 ἀναγκάζοντες,
2445 5032 2495 5083 οἰ
2545 5030 2643 5100 μὲν
2686 5029 2945 5099 ἐπῳδαῖς,
2984 5031 3031 5081 οἰ
3065 5028 3123 5081 δὲ
3151 5031 3552 5098 περιάμμασιν,

1982 5120 2032 5173 οἱ
2069 5119 2126 5172 δὲ.
2170 5118 2374 5189 ἑτέροις
2419 5117 2529 5169 τισὶ
2569 5114 3070 5186 παραμυθήσασθαι
3112 5116 3173 5168 τὸ
3227 5116 3432 5179 κακόν;
3464 5116 3553 5170 διὰ

1986 5207 2078 5259 τὸν
2116 5204 2211 5257 τοῦ
2258 5202 2391 5256 Θεοῦ
2423 5202 2584 5270 φόϐον
2612 5203 2847 5271 ἤνεγκας
2874 5201 3134 5268 γενναίως
3168 5202 3262 5255 καὶ
3290 5203 3546 5268 ἀκλινῶς,

1988 5293 2079 5346 καὶ
2112 5292 2289 5344 πάντα
2319 5289 2383 5341 ἂν
2406 5288 2547 5340 εἵλου
2574 5287 2762 5339 παθεῖν
2787 5287 2820 5357 ἣ
2854 5288 3149 5357 ὑποστῆναί
3179 5306 3232 5341 τι
3256 5288 3362 5342 τῶν
3395 5289 3547 5343 εἰδω-

1986 5379 2154 5433 λικῶν
2187 5375 2423 5447 πρᾶξαι;
2450 5373 2606 5426 τοῦτό
2642 5390 2726 5426 σοι
2761 5375 3061 5444 μαρτυρίου
3090 5376 3349 5444 στέφανον
3375 5378 3550 5448 φέρει.

1989 5472 2099 5523 Καὶ
2155 5470 2231 5540 μή
2288 5464 2612 5536 ἀμφίϐαλλε.
2690 5465 2800 5517 Καὶ
2872 5465 2990 5528 πῶς
3040 5468 3134 5520 καὶ
3172 5467 3277 5521 τίνι
3325 5469 3553 5538 τρόπῳ;

1989 5554 2098 5623 ἐγὼ
2128 5556 2288 5622 λέγω.
2315 5554 2437 5606 Ὅτι
2469 5550 2718 5621 καθάπερ
2757 5554 2961 5616 ἐκεῖνος
3000 5553 3097 5618 τὰς
3124 5556 3232 5608 ἀπό
3258 5555 3364 5609 τῶν
3389 5556 3556 5623 βασά-

1990 5661 2093 5695 νων
2134 5641 2323 5702 ὀδύνας
2378 5638 2532 5707 φέρει
2583 5639 2865 5705 γενναίως,
2903 5639 3045 5693 ὥστε
3082 5643 3156 5711 μὴ
3181 5642 3558 5713 προσκυνῆσαι

1994 5730 2052 5783 τὸ
2094 5725 2329 5794 εἴδωλον,
2374 5723 2513 5778 οὕτω
2558 5727 2650 5779 καὶ
2697 5727 2758 5778 σὺ
2803 5727 2898 5789 τὰς
2922 5727 3030 5780 άπὸ
3058 5729 3153 5798 τῆς
3183 5729 3338 5782 νόσου
3374 5729 3577 5799 φέρεις,
