4010 6142
405 323 508 381 ιιδ

413 446 632 508 propter
675 437 764 493 Dei
807 444 1002 490 metum
1028 477 1040 500 ,
1071 434 1321 504 quoniam
1349 443 1431 488 est
1460 433 1704 496 vetitum,
1735 427 1988 498 pecunias

411 542 513 582 non
545 527 814 597 accipere,
846 542 1002 596 quam
1037 527 1144 580 Deo
1174 540 1278 579 non
1305 523 1562 578 obedire?
1602 536 1782 590 parem
1825 518 1989 571 habes

412 619 710 674 mercedem
741 627 896 687 atque
936 617 1024 672 ille
1061 617 1149 685 qui
1181 631 1272 669 cas
1299 615 1540 684 erogavit
1566 609 1908 683 pauperibus,
1941 608 1985 661 si

411 708 475 764 iis
511 709 719 762 amissis
757 708 952 776 gratias
977 707 1172 775 egeris,
1201 716 1252 758 et
1279 720 1401 759 cum
1431 718 1618 774 posses
1649 704 1726 756 ire
1754 701 1818 756 ad
1846 699 1984 752 divi-

407 810 637 862 natores,
659 797 956 852 sustinuisti
983 813 1075 854 eas
1100 798 1272 866 potius
1301 812 1407 850 non
1437 796 1702 864 accipere,
1723 809 1879 863 quam
1909 793 1985 846 sic

401 890 663 956 accipere.
695 888 826 942 Nam
854 889 989 942 sicut
1017 889 1108 942 ille
1135 897 1352 956 propter
1380 886 1475 940 Dei
1506 896 1704 938 metum
1729 899 1821 937 eas
1850 884 1984 938 etfu-

399 980 477 1034 dit
507 981 558 1034 in
584 995 783 1050 egenos
810 999 821 1034 :
844 985 912 1034 ita
942 990 998 1035 ιιι
1025 996 1236 1050 quoque
1261 988 1476 1049 propter
1503 979 1594 1033 Dei
1618 988 1835 1042 metum,
1861 993 1984 1032 cum

401 1071 471 1124 illi
499 1073 825 1139 rapuissent,
858 1089 961 1126 non
993 1073 1264 1140 recepisti.
1303 1072 1357 1125 In
1401 1080 1582 1124 nostra
1609 1079 1692 1125 est
1722 1078 1982 1138 potestate

399 1173 454 1216 ut
475 1163 557 1218 vel
581 1178 676 1217 nos
700 1163 843 1232 ipsos
864 1165 1055 1232 injuria
1077 1164 1392 1226 afficiamus,
1420 1163 1504 1217 vel
1536 1177 1638 1216 non
1666 1180 1678 1215 :
1705 1163 1754 1216 in
1785 1161 1982 1216 nullius

396 1263 576 1310 autem
612 1256 852 1309 alterius.
897 1256 965 1310 Et
991 1258 1034 1311 si
1063 1257 1219 1310 vultis
1239 1297 1254 1320 ,
1284 1257 1335 1310 in
1363 1257 1480 1326 ipso
1505 1255 1645 1309 furto
1671 1270 1784 1310 rem
1809 1257 1980 1324 agite-

399 1361 536 1397 mus.
571 1344 677 1398 Fur
704 1362 912 1402 murum
939 1347 1226 1417 perfregit,
1264 1347 1549 1401 thalamum
1578 1357 1659 1402 est
1689 1349 1976 1417 ingressus,

399 1451 522 1489 vasa
563 1439 864 1507 exportavit
890 1454 1047 1492 aurea
1078 1440 1250 1508 magni
1284 1439 1474 1507 pretii,
1502 1447 1555 1493 et
1579 1454 1817 1508 gemmas
1857 1454 1978 1509 pre-

399 1527 590 1590 tiosas;
634 1536 689 1580 et
719 1537 776 1580 ut
803 1529 970 1582 semel
996 1529 1166 1582 dicam
1187 1571 1201 1595 ,
1247 1529 1507 1599 integrum
1539 1531 1739 1583 amovit
1767 1529 1978 1583 thesau-

398 1628 556 1681 rum,
609 1632 709 1672 nec
759 1619 853 1671 fuit
915 1619 1354 1689 comprehensus.
1411 1619 1583 1674 Grave
1628 1620 1840 1688 quidem
1897 1628 1978 1674 est

393 1706 535 1773 quod
585 1707 780 1761 factum
827 1718 930 1774 est,
962 1719 1016 1764 et
1059 1709 1255 1764 damno
1297 1725 1416 1764 esse
1457 1725 1544 1766 res
1582 1710 1810 1776 videtur,
1844 1725 1980 1764 non-

393 1799 518 1851 dum
550 1809 630 1851 est
660 1807 874 1864 autem;
918 1799 1011 1855 sed
1058 1801 1110 1854 in
1153 1810 1203 1856 te
1239 1801 1400 1855 situm
1446 1809 1528 1855 est
1569 1810 1624 1856 ut
1670 1801 1721 1855 id
1771 1802 1840 1856 sit
1881 1802 1976 1856 tibi

394 1893 476 1949 \‘ei
527 1892 720 1947 damno
767 1895 849 1948 vel
897 1894 1066 1949 luero.
1112 1894 1181 1949 Et
1221 1894 1520 1965 quomodo,
1567 1895 1754 1964 inquit,
1802 1904 1978 1966 potest

394 1981 495 2043 hoc
524 1998 643 2038 esse
669 1985 855 2038 lucro?
886 1985 997 2055 Ego
1024 1985 1243 2040 tentabo
1266 1985 1552 2040 ostendere
1577 1987 1866 2056 quomodo.
1899 1987 1976 2042 Te

392 2075 607 2128 volente
654 2075 759 2129 erit
797 2091 1045 2144 magnum
1090 2077 1317 2140 lucrum,
1344 2087 1398 2131 et
1429 2078 1472 2132 si
1501 2078 1738 2132 nolueris
1759 2119 1772 2144 ,
1805 2078 1976 2148 majus

394 2165 649 2221 damnum
691 2180 850 2232 quam
894 2166 1034 2234 quod
1083 2166 1199 2220 fuit.
1246 2165 1378 2220 Nam
1417 2167 1553 2221 sicut
1578 2169 1630 2221 in
1657 2169 1970 2235 artificibus,

392 2252 633 2321 subjecta
661 2254 903 2316 materia,
936 2255 982 2309 is
1019 2256 1233 2325 quidem
1264 2257 1351 2326 qui
1379 2266 1457 2311 est
1482 2257 1687 2327 peritus
1715 2260 1844 2312 artis
1865 2300 1878 2323 ,
1910 2274 1973 2315 ea

392 2345 462 2398 ad
507 2343 649 2414 quod
689 2356 900 2415 oportet
940 2348 1139 2414 utitur;
1186 2348 1464 2416 imperitus
1498 2358 1672 2404 autem
1713 2353 1886 2420 perdit
1922 2363 1976 2407 et

390 2438 708 2506 corrumpit,
740 2447 795 2492 et
823 2447 880 2492 ut
911 2438 1012 2493 sibi
1042 2438 1238 2496 damno
1263 2441 1332 2493 sit
1354 2440 1518 2494 efﬁcit
1549 2458 1562 2493 :
1597 2442 1666 2494 ita
1709 2445 1867 2496 etiam
1917 2445 1972 2497 in

389 2529 474 2583 his
504 2531 681 2584 rebus.
709 2529 988 2596 Quomodo
1013 2547 1140 2600 ergo
1160 2531 1262 2585 erit
1291 2531 1533 2586 lucrum?
1563 2533 1617 2587 Si
1648 2534 1756 2588 Deo
1775 2536 1971 2604 gratias

385 2622 584 2688 egeris,
612 2623 653 2674 si
683 2637 789 2674 non
820 2623 1002 2691 lugeas
1029 2640 1127 2677 nec
1156 2623 1343 2692 ejules,
1375 2624 1420 2678 si
1447 2624 1562 2678 Jobi
1594 2627 1752 2680 verba
1779 2627 1923 2681 dicas
1953 2647 1966 2684 :

383 2710 638 2768 Dominus
665 2712 825 2776 dedit,
855 2712 1103 2768 Dominus
1133 2715 1378 2771 abstulit:
1414 2717 1581 2770 nudus
1608 2734 1720 2771 sum
1746 2737 1970 2788 egressus

383 2819 448 2862 ea:
478 2813 618 2875 utero
643 2805 821 2857 matris
847 2819 992 2870 metu,
1022 2804 1190 2858 nudus
1226 2805 1377 2858 etiam
1414 2807 1560 2860 abibo
1586 2807 1726 2876 (Job
1756 2811 1806 2862 l.
1835 2810 1898 2865 21
1926 2813 1965 2880 ).

383 2891 524 2962 Quid
569 2891 722 2957 dicis,
769 2892 1028 2947 Dominus
1071 2893 1328 2949 abstulit?
1372 2895 1454 2949 fur
1491 2897 1729 2962 abstulit,
1758 2906 1971 2969 etquo-

386 2982 551 3036 modo
592 2985 810 3052 poteris,
843 2986 1028 3055 inquit,
1061 2985 1264 3052 dicere,
1306 2988 1560 3043 Dominus
1594 2990 1852 3045 abstulit?
1893 2993 1968 3048 Ne

385 3074 601 3128 mireris
629 3093 641 3128 :
672 3077 865 3130 etenim
894 3077 992 3132 Job
1012 3093 1130 3147 quae
1152 3078 1394 3134 diabolus
1421 3080 1656 3146 abstulit,
1681 3081 1775 3144 Ea,
1809 3082 1962 3150 dixit,

382 3165 638 3226 Dominus
666 3167 888 3220 abstulit.
929 3169 985 3224 Si
1017 3166 1199 3224 autem
1230 3170 1319 3224 ille
1346 3171 1423 3225 sic
1451 3186 1611 3226 ausus
1637 3184 1718 3226 est
1746 3175 1925 3229 dicere
1948 3217 1962 3240 ,

379 3256 653 3324 (ptomodo
679 3275 795 3325 qua:
828 3257 908 3312 fur
929 3263 1154 3328 accepit,
1179 3275 1283 3316 non
1311 3260 1457 3316 dices
1481 3262 1767 3320 abstulisse
1795 3266 1966 3319 Domi-

379 3349 551 3402 num?
578 3348 746 3414 Quem
775 3350 1005 3413 miraris,
1035 3352 1347 3421 dic,qu-.eso,
1376 3369 1568 3409 eunme
1593 3356 1678 3424 qui
1710 3371 1804 3410 sua
1834 3357 1966 3411 cil'u-

379 3439 460 3498 dit
487 3441 538 3492 in
567 3455 859 3509 pauperes,
889 3457 956 3496 an
980 3441 1171 3496 Jobum
1205 3452 1422 3514 propter
1450 3445 1564 3500 ba:c
1598 3447 1794 3501 verba?
1837 3464 1962 3502 num

382 3532 474 3584 ille
502 3534 589 3600 qui
620 3543 744 3588 tunc
773 3549 878 3587 non
907 3533 1074 3598 dedit,
1099 3535 1274 3591 minus
1307 3536 1465 3590 habet
1490 3553 1649 3606 qualn
1678 3540 1766 3608 qui
1795 3539 1962 3594 dede-

388 3622 550 3674 runt?
576 3621 651 3675 Ne
676 3624 838 3688 dicas,
869 3624 982 3678 Non
1016 3625 1183 3681 habeo
1207 3628 1464 3696 gratiam;
1493 3646 1598 3686 non
1625 3646 1689 3684 ex
1717 3630 1822 3685 mei
1844 3633 1962 3684 ani-

387 3711 460 3769 mi
489 3713 754 3763 sententia
779 3726 866 3767 res
888 3712 985 3766 fuit
1012 3730 1025 3764 :
1055 3730 1140 3769 me
1167 3731 1264 3770 nec
1287 3717 1488 3772 sciente
1515 3733 1612 3773 nec
1644 3722 1854 3775 volente
1881 3721 1963 3776 fur

387 3803 595 3869 accepit
625 3821 636 3854 :
669 3817 912 3871 qutenam
960 3804 1061 3858 erit
1102 3808 1338 3862 merces?
1385 3808 1566 3878 Neque
1613 3813 1815 3866 sciente
1864 3828 1962 3867 nec

387 3892 599 3945 volente
619 3890 754 3946 Jobo
777 3892 889 3947 haec
909 3895 1114 3964 accepit
1138 3913 1150 3948 :
1174 3897 1438 3965 quomodo
1459 3899 1640 3952 enim?
1667 3902 1759 3955 sed
1786 3911 1960 3960 tamen

383 3983 699 4037 deeertavit.
731 3983 878 4038 Licet
903 3995 1080 4039 autem
1122 3986 1213 4041 tibi
1255 3997 1450 4042 tantam
1481 3990 1724 4059 accipere
1753 4009 1958 4048 merce.

381 4075 527 4139 dem,
559 4086 804 4144 quantam
829 4079 870 4131 si
893 4093 984 4132 eas
1012 4088 1096 4132 tua
1122 4089 1311 4148 sponte
1341 4081 1651 4151 abjecisses.
1684 4084 1751 4142 Et
1771 4089 1960 4142 merito

379 4165 524 4221 hth
553 4168 718 4238 magis
742 4168 1068 4224 admiramur
1099 4171 1186 4240 qui
1213 4170 1431 4241 injurias
1460 4185 1611 4243 grato
1633 4175 1733 4229 fert
1756 4179 1956 4245 animo,

377 4271 537 4321 quam
567 4272 685 4311 eum
709 4258 798 4327 qui
830 4259 918 4313 dat
941 4273 1036 4313 sua
1061 4270 1269 4329 sponte.
1311 4261 1525 4328 Quare?
1569 4264 1829 4331 Quoniam
1875 4267 1961 4323 hic

379 4349 594 4415 quidem
636 4349 880 4405 laudibus
916 4352 1076 4406 alitur
1105 4360 1158 4406 et
1183 4355 1529 4421 conscientia,
1560 4367 1614 4411 et
1643 4357 1836 4412 bonam
1867 4360 1961 4413 ha-

378 4439 467 4498 bet
499 4457 668 4511 spem,
699 4453 753 4498 et
780 4460 899 4498 cum
929 4446 1168 4514 pecunia:
1198 4447 1549 4514 privationem
1582 4451 1726 4518 prius
1751 4453 1960 4509 fortiter

381 4532 605 4599 tulisset,
639 4544 763 4587 tunc
791 4549 908 4588 eam
945 4534 1138 4602 abjeeit
1167 4551 1180 4587 :
1213 4535 1304 4590 ille
1330 4551 1459 4592 vero
1482 4579 1497 4603 ,
1527 4553 1645 4593 cum
1677 4541 1754 4595 eis
1785 4543 1960 4599 adhuc

375 4632 522 4676 esset
565 4624 850 4692 alligatus,
889 4625 938 4677 vi
984 4626 1081 4678 fuit
1121 4627 1398 4695 spoliatus.
1444 4629 1560 4684 Non
1608 4642 1731 4687 sunt
1779 4645 1955 4690 autem

377 4715 543 4780 paria,
567 4730 685 4770 cum
716 4718 862 4786 prius
890 4717 1052 4777 fueris
1072 4733 1358 4787 persuasus
1382 4732 1437 4775 ut
1463 4737 1490 4774 a
1523 4726 1758 4790 pecuniis
1788 4727 1960 4784 disce-r

375 4801 551 4867 (teres,
576 4820 666 4858 cas
695 4807 764 4862 ita
785 4806 1057 4871 effudisse,
1082 4818 1136 4863 et
1162 4825 1284 4868 cum
1314 4826 1403 4864 eas
1427 4811 1605 4867 adhuc
1636 4817 1954 4884 possideres,

377 4893 456 4945 eis
499 4909 620 4948 esse
659 4898 937 4964 privatum.
985 4891 1040 4952 Si
1087 4900 1200 4952 haec
1249 4901 1408 4954 verba
1454 4902 1686 4970 dixeris,
1731 4908 1957 4975 accipies

379 4985 754 5054 multiplicata,
809 5001 865 5044 et
913 4993 1070 5062 longe
1126 4995 1281 5063 plura
1335 5013 1494 5064 quam
1526 4995 1646 5051 Job.
1679 4998 1812 5052 Nam
1864 5000 1953 5054 ille

377 5073 601 5139 quidem
646 5077 740 5143 hic,
775 5081 982 5148 accepit
1023 5082 1257 5152 duplicia
1297 5085 1410 5152 (Job
1460 5086 1588 5155 49);
1628 5087 1725 5141 tibi
1770 5097 1950 5146 autem

375 5165 629 5221 Christus
680 5169 767 5223 hic
812 5172 1079 5238 pollicitus
1134 5182 1217 5229 est
1268 5178 1601 5246 centuplum.
1661 5178 1776 5234 Non
1837 5180 1952 5234 bla-

307 5257 312 5261 ’
373 5256 670 5322 sphemasti
701 5271 920 5328 propter
959 5273 1163 5318 metum
1198 5265 1312 5326 Dei,
1336 5282 1444 5319 non
1487 5283 1616 5322 usus
1651 5283 1709 5322 es
1745 5269 1952 5322 divina-

374 5347 602 5411 toribus,
634 5352 831 5418 gratias
879 5354 1034 5421 egisti
1076 5355 1229 5407 malis
1285 5355 1512 5411 all‘ectus
1537 5358 1559 5410 ?
1589 5373 1648 5411 es
1674 5359 1871 5413 similis
1901 5358 1948 5412 ei

367 5437 460 5502 qui
507 5437 750 5506 deSpcxit
801 5461 813 5494 :
861 5445 1062 5496 etenim
1109 5445 1223 5497 hate
1276 5462 1384 5499 non
1442 5447 1576 5499 fiunt
1630 5448 1735 5501 nisi
1801 5449 1950 5517 prius

368 5526 708 5595 despexeris.
749 5533 869 5586 Non
910 5544 1036 5587 sunt
1064 5545 1244 5589 autem
1289 5539 1455 5606 paria,
1489 5539 1659 5591 multo
1710 5548 1949 5608 tempore

370 5619 622 5671 meditari
655 5621 934 5690 despicere
963 5627 1242 5694 pecunias,
1269 5637 1321 5680 et
1357 5629 1497 5682 ferre
1517 5629 1772 5682 damnum
1806 5631 1947 5698 quod

368 5717 594 5787 repente
643 5711 917 5779 acciderit.
974 5717 1060 5770 Sic
1107 5717 1362 5772 damnum
1411 5718 1641 5773 cilicitur
1691 5719 1943 5785 lucrum,

1191 322 1258 379 IN
1299 320 1510 378 EPIST.
1557 319 1571 374 l
1640 319 1729 374 AD
1768 312 2096 373 TllESSAL.
2124 313 2271 370 CAP.
2306 314 2390 370 ΙΙΙ.
2429 316 2661 373 ΙΙΟὶΙΙΙη
2694 319 2782 373 111.

3561 321 3668 380 ιιι

2096 433 2149 480 et
2177 427 2312 480 nihil
2345 437 2395 482 te
2432 431 2604 495 laedet,
2637 433 2728 485 sed
2770 431 2934 487 etiam
2978 434 3070 489 tibi
3117 435 3357 505 proderit
3396 437 3664 496 diabolus.

2167 517 2220 569 6.
2285 516 2564 582 Quomodo
2627 527 2804 573 autem
2859 520 2915 571 fit
2962 522 3121 576 etiam
3168 539 3330 593 grave
3376 527 3674 587 damnum?

2093 604 2317 672 Quando
2363 609 2615 661 damnum
2655 611 2922 677 acceperit
2963 613 3160 666 anima.
3206 615 3297 671 Dic
3325 618 3466 672 enim
3498 621 3671 680 mihi:

2094 694 2178 749 fur
2217 705 2268 750 te
2308 698 2532 766 privavit
2576 700 2857 766 pecuniis?
2885 709 2937 754 tu
2974 717 3072 756 cur
3099 712 3149 758 te
3176 706 3346 775 ipsum
3377 711 3557 778 privas
3587 729 3674 768 sa-

2092 784 2240 840 lute?
2275 802 2442 856 quare
2470 788 2658 843 dolens
2690 799 2906 859 propter
2941 794 3077 847 mala
3117 811 3236 866 qua?
3281 814 3466 868 passus
3505 819 3565 858 es
3606 807 3675 858 ah

2090 875 2228 940 aliis,
2266 878 2380 944 ipse
2424 887 2474 932 te
2518 879 2571 932 in
2617 880 2766 946 plura
2812 883 2950 935 mala
2997 883 3208 954 injieis?
3238 888 3331 944 ille
3363 901 3413 947 te
3444 893 3673 952 fortasse

2089 968 2315 1036 conjeeit
2346 971 2396 1024 in
2427 981 2827 1040 paupertatem;
2878 985 2929 1029 tu
2965 986 3014 1032 te
3042 990 3220 1035 autem
3265 988 3495 1043 nntxime
3522 989 3673 1046 lautis

2088 1061 2141 1115 in
2165 1063 2444 1134 praecipuis
2475 1083 2488 1120 :
2513 1066 2602 1120 ille
2629 1076 2680 1120 te
2704 1071 2943 1123 externis
2971 1072 3201 1138 privavit
3229 1077 3588 1147 facultatibus,
3619 1095 3674 1138 et

2087 1168 2206 1221 qua:
2233 1155 2316 1208 vel
2349 1167 2398 1211 te
2425 1157 2589 1211 invito
2608 1168 2729 1213 sunt
2752 1169 2934 1228 postea
2962 1163 3276 1232 resiiinme;
3311 1177 3364 1223 tu
3387 1184 3562 1226 autem
3590 1176 3671 1228 di-

2087 1243 2239 1298 vitias
2267 1253 2498 1301 aeternas
2529 1249 2619 1302 tibi
2659 1248 2762 1319 ipsi
2798 1249 3008 1306 adimis.
3039 1253 3115 1308 Te
3143 1255 3385 1312 diabolus
3412 1263 3668 1318 modestia

2084 1335 2262 1392 all'ecit
2305 1338 2496 1393 ablatis
2541 1343 2818 1410 pecuniis?
2855 1344 3028 1412 ipsum
3073 1356 3127 1400 tu
3169 1363 3381 1419 quoque
3425 1355 3666 1410 molestia

2084 1426 2238 1482 aftice
2263 1431 2463 1498 gratias
2488 1446 2682 1501 agens;
2716 1448 2784 1487 ne
2811 1435 2860 1488 ei
2883 1435 3121 1492 laetitiam
3147 1440 3340 1495 afferas
3366 1460 3380 1496 :
3409 1443 3453 1497 si
3484 1461 3577 1501 eas
3599 1449 3669 1503 ad

2082 1517 2432 1585 divinatores,
2460 1520 2638 1576 laetitia
2669 1523 2869 1588 afflcis;
2899 1526 2943 1579 si
2979 1527 3088 1582 Deo
3114 1544 3239 1598 agas
3266 1536 3499 1602 gratias,
3535 1539 3666 1594 Icta-

2083 1607 2188 1661 lem
2216 1609 2422 1679 plagam
2457 1613 2504 1665 ei
2545 1611 2761 1682 inlligis.
2804 1614 2936 1670 Vide
2965 1627 3143 1673 autem
3173 1622 3299 1690 quid
3329 1625 3456 1678 fiat:
3491 1644 3667 1700 neqttc

2083 1699 2226 1766 ipsas
2273 1701 2534 1768 invenies,
2565 1703 2610 1756 si
2652 1704 2811 1759 iveris
2841 1707 2906 1761 ad
2937 1708 3298 1781 divinatores;
3344 1733 3450 1773 non
3491 1699 3666 1790 potest

2080 1790 2222 1842 enim
2262 1806 2380 1845 esse
2422 1803 2479 1847 ut
2522 1794 2596 1848 illi
2641 1796 2840 1863 sciant;
2883 1800 3026 1870 quod
3073 1802 3118 1857 si
3166 1805 3326 1862 etiam
3369 1811 3659 1881 aliquando

2081 1895 2207 1934 casu
2262 1881 2529 1950 dixerint,
2585 1897 2639 1942 et
2689 1889 2922 1946 animam
2966 1903 3222 1962 praeterea
3279 1901 3476 1968 perdis,
3515 1915 3569 1959 et
3623 1922 3656 1965 a

2081 1969 2335 2028 fratribus
2365 1974 2468 2028 tuis
2499 1975 2826 2046 irrideberis,
2860 1991 2912 2034 et
2942 1997 3032 2036 eas
3060 1999 3250 2042 rursus
3279 1990 3420 2048 male
3449 1994 3660 2061 perdes.

2082 2061 2299 2118 Dmmon
2338 2067 2478 2122 enim
2521 2069 2695 2124 sciens
2737 2079 2788 2126 te
2823 2088 2928 2126 non
2970 2090 3124 2145 aequo
3163 2079 3339 2136 animo
3385 2082 3526 2138 ferre
3564 2086 3661 2140 da-

2081 2168 2285 2220 mnum,
2314 2156 2406 2210 sed
2434 2171 2530 2226 pro
2558 2158 2642 2213 his
2668 2163 2829 2216 etiam
2858 2164 3020 2219 Deunt
3052 2177 3196 2223 tuum
3227 2185 3441 2241 negare,
3474 2191 3661 2232 rursus

2079 2245 2170 2298 dat
2212 2248 2482 2314 pecunias,
2515 2259 2570 2303 ut
2600 2250 2792 2307 habeat
2817 2260 3152 2313 occasionem
3188 2269 3242 2315 te
3281 2262 3578 2334 decipiendi
3607 2280 3660 2326 et

2079 2335 2344 2391 efficiendi
2377 2347 2434 2392 ut
2462 2339 2701 2396 deficias.
2733 2343 2884 2412 Quod
2916 2348 2959 2400 si
2991 2349 3150 2404 etiam
3184 2351 3363 2414 dicant
3388 2355 3657 2414 divinato-

2078 2445 2194 2494 res,
2229 2447 2296 2484 ne
2327 2432 2590 2488 miremini
2623 2453 2639 2490 :
2669 2436 2878 2492 daemon
2924 2451 3004 2494 est
3052 2443 3400 2518 incorporeus
3423 2491 3440 2515 ,
3481 2454 3658 2512 cumis

2076 2520 2190 2576 obit
2210 2521 2355 2576 orbis
2382 2533 2578 2592 partes,
2607 2525 2720 2597 ipse
2746 2540 2918 2583 armat
2939 2531 3174 2588 latrones
3205 2552 3218 2587 :
3245 2553 3349 2592 non
3379 2540 3519 2594 enim
3544 2541 3659 2599 lu‘c

2077 2611 2210 2667 fiunt
2249 2615 2450 2686 absque
2477 2617 2740 2674 dauuone.
2771 2620 2826 2676 Si
2858 2639 2985 2692 ergo
3015 2640 3108 2679 eos
3134 2637 3340 2695 armat,
3367 2631 3468 2685 scit
3496 2635 3656 2691 etiam

2076 2705 2166 2760 ubi
2197 2707 2301 2762 illa:
2341 2719 2465 2763 sunt
2505 2713 2755 2781 reposita:
2787 2732 2799 2768 :
2828 2731 2930 2769 non
2966 2717 3175 2786 ignorat
3204 2734 3330 2776 suos
3358 2723 3654 2780 ministros.

2076 2798 2191 2852 Non
2237 2807 2320 2854 est
2363 2810 2540 2857 autem
2587 2804 2688 2858 hoc
2733 2805 2925 2860 mirum
2959 2827 2970 2861 :
3003 2809 3046 2862 si
3090 2819 3142 2863 te
3170 2811 3364 2866 viderit
3401 2814 3658 2871 damnum

2074 2905 2217 2958 mgrc
2245 2890 2525 2958 ferentem,
2559 2905 2613 2946 et
2643 2895 2869 2949 alterum
2897 2896 3083 2953 afferet
3115 2918 3129 2951 :
3162 2900 3206 2956 si
3234 2910 3285 2956 te
3317 2903 3509 2959 viderit
3536 2906 3658 2964 irri-

2073 2980 2288 3034 dentem
2339 2990 2392 3036 et
2438 2981 2845 3052 despicientem,
2875 2987 2941 3042 ab
2969 2987 3067 3045 hac
3097 2990 3182 3044 via
3223 2992 3459 3049 recedet.
3507 2994 3656 3054 Sient

2073 3073 2214 3126 enim
2245 3087 2341 3126 nos
2363 3074 2427 3127 iis
2457 3073 2717 3129 afficitnus
2741 3077 2982 3134 inimicos
3008 3081 3198 3149 quibus
3219 3098 3311 3136 eos
3334 3087 3653 3155 pungimus;

2071 3161 2345 3218 sinautem
2375 3163 2661 3218 viderimus
2688 3181 2781 3220 eos
2795 3184 2898 3221 non
2927 3169 3131 3238 dolere,
3158 3170 3414 3243 deinceps
3443 3175 3657 3232 desisti-

2071 3267 2210 3318 mus,
2229 3263 2283 3306 ut
2304 3254 2394 3323 qui
2419 3271 2523 3308 non
2545 3258 2806 3324 possimus
2830 3260 3073 3314 mordere
3091 3279 3104 3314 :
3121 3262 3190 3315 ita
3211 3264 3368 3317 etiam
3386 3265 3650 3324 diabolus.

2143 3343 2396 3397 Pecunias
2443 3355 2758 3400 contemnere
2796 3350 2993 3404 suadet.
3015 3382 3084 3390 —
3113 3353 3250 3420 Quid
3278 3355 3448 3410 dicis?
3475 3373 3652 3417 antron

2071 3437 2224 3491 vides
2269 3453 2362 3492 eos
2397 3439 2486 3508 qui
2529 3439 2580 3493 in
2627 3441 2758 3496 mari
2805 3445 3073 3514 navigant,
3105 3450 3374 3518 quomodo
3403 3454 3656 3521 pecunias

2071 3543 2177 3580 non
2203 3536 2393 3584 curent
2418 3530 2462 3584 si
2493 3539 2608 3584 orta
2635 3531 2706 3586 sit
2731 3540 3022 3603 tempestas
3043 3578 3058 3602 ,
3091 3539 3184 3593 sed
3217 3541 3378 3596 etiam
3409 3559 3535 3600 suas
3560 3545 3654 3602 ab-

2064 3621 2251 3689 jiciant
2277 3621 2591 3678 facultates?
2615 3633 2668 3678 et
2698 3641 2858 3680 nemo
2876 3627 3022 3693 dicit,
3045 3629 3180 3698 Quid
3210 3631 3362 3702 facis,
3391 3651 3426 3690 ο
3456 3637 3654 3694 homo?

2070 3721 2124 3769 tu
2152 3729 2272 3767 cum
2303 3724 2616 3784 tempesmte
2643 3715 2774 3771 facis
2794 3727 2846 3772 et
2867 3719 3184 3791 naufragio?
3213 3725 3520 3796 priusquam
3549 3729 3652 3786 llu-

2067 3814 2184 3858 ctus
2213 3803 2306 3857 tibi
2332 3803 2590 3860 ademerit
2611 3805 2842 3872 divitias,
2870 3816 2922 3863 tu
2953 3811 3055 3864 tuis
3082 3814 3324 3869 manibus
3358 3815 3461 3872 hoc
3489 3816 3653 3874 facis?

2068 3913 2162 3952 cur
2189 3907 2314 3951 ante
2345 3897 2680 3966 naufragium
2724 3908 2775 3952 te
2816 3900 2867 3953 itt
2915 3906 3252 3974 naufragium
3296 3907 3507 3976 injicis?
3547 3911 3650 3967 Sed

2068 3988 2182 4042 haec
2213 3987 2424 4057 quidem
2455 3986 2654 4040 dixerit
2693 3989 2954 4056 rusticus,
2988 4005 3043 4046 et
3089 3997 3250 4049 maris
3291 4001 3647 4064 procellarum

2069 4081 2283 4148 ignarus
2314 4095 2326 4132 :
2359 4079 2434 4134 rei
2462 4089 2636 4133 autem
2670 4082 2896 4134 nautic;e
2920 4084 3140 4151 peritus,
3167 4095 3221 4140 et
3245 4089 3334 4156 qui
3363 4090 3462 4143 scit
3489 4107 3650 4146 accn-

2067 4180 2180 4226 rate
2205 4170 2330 4240 quid
2358 4171 2554 4225 efficiat
2587 4171 3022 4240 tranquillitatem
3049 4216 3062 4239 ,
3096 4176 3220 4244 qttid
3251 4188 3644 4248 tempestatem,

2065 4275 2186 4313 eum
2217 4262 2304 4329 qui
2338 4260 2453 4315 haec
2481 4261 2608 4315 dicit
2635 4262 2794 4315 etiam
2825 4262 3069 4316 irridebit
3099 4283 3111 4316 :
3142 4265 3431 4335 Propterea
3459 4273 3601 4326 enim
3628 4315 3643 4336 ,

2066 4351 2257 4420 inquit,
2281 4351 2442 4420 jacio,
2473 4366 2539 4405 ne
2570 4350 2760 4406 fluctus
2789 4353 3036 4407 obruant.
3079 4354 3153 4408 lta
3183 4357 3344 4411 etiam
3385 4375 3563 4415 rerum
3596 4376 3646 4418 (-t

2067 4442 2418 4498 tentationum
2444 4457 2562 4510 quae
2585 4441 2636 4495 in
2661 4441 2759 4496 hac
2781 4452 2909 4497 sunt
2935 4446 3035 4498 vita
3061 4447 3284 4515 peritus,
3309 4465 3428 4504 cum
3451 4453 3648 4508 viderit

2066 4533 2347 4588 imminere
2390 4541 2782 4602 tempestatem,
2811 4543 2865 4588 et
2893 4536 3187 4604 spiritualia
3232 4542 3483 4610 nequitiae
3527 4560 3646 4614 quae

2068 4627 2256 4680 volunt
2287 4624 2462 4679 facere
2490 4625 2864 4694 naufragium,
2896 4627 3080 4696 abjicit
3105 4630 3244 4700 quod
3277 4641 3360 4686 est
3383 4633 3645 4704 reliquum

2066 4719 2325 4788 pecuniae.
2361 4716 2666 4772 Admissum
2693 4727 2775 4772 est
2806 4719 2856 4774 in
2885 4728 2936 4774 te
2967 4720 3207 4776 furtutn?
3236 4723 3318 4778 fac
3340 4726 3643 4800 eleemosy-

2065 4826 2208 4873 nam,
2242 4819 2295 4864 et
2321 4810 2490 4864 levius
2513 4810 2691 4865 reddis
2719 4812 3006 4882 navigium.
3040 4814 3349 4882 ltapucrunt
3375 4817 3647 4876 latrones?

2067 4911 2118 4955 tu
2146 4902 2360 4956 Christo
2389 4901 2454 4954 da
2483 4901 2734 4970 reliquias
2763 4918 2775 4954 :
2809 4902 2887 4956 sic
2926 4917 3042 4956 eam
3083 4920 3203 4972 qua:
3245 4908 3393 4976 prius
3442 4912 3646 4968 exstitit

2063 4994 2329 5048 solaberis
2352 5003 2734 5065 paupertatem.
2756 4992 2949 5048 Levius
2970 4994 3134 5050 redde
3159 4999 3447 5068 navigium,
3474 5018 3540 5057 ne
3561 5019 3646 5058 rc-

2066 5085 2234 5137 tineas
2256 5099 2317 5138 ea
2345 5100 2463 5152 qua:
2493 5091 2822 5146 manserunt,
2858 5099 2925 5137 ne
2947 5084 3144 5153 scapha
3175 5087 3450 5144 obruatur.
3483 5091 3559 5146 llli
3593 5105 3649 5148 ut

2063 5186 2278 5231 servent
2313 5191 2568 5246 corpora,
2597 5177 2818 5244 ejiciuut
2862 5178 3269 5248 supellectilem,
3310 5200 3410 5239 nec
3451 5201 3645 5257 exspe-

2062 5277 2209 5320 ctant
2253 5267 2376 5320 dmn
2420 5268 2676 5336 ingruens
2713 5266 2904 5321 ﬂuctus
2942 5279 3150 5324 evertat
3179 5277 3431 5343 scapham
3463 5299 3475 5332 :
3507 5289 3560 5331 ιιι
3591 5290 3647 5333 ιιι

2062 5373 2243 5411 serves
2273 5358 2495 5422 animas,
2523 5373 2626 5409 non
2652 5357 2913 5424 reprimcs
2943 5357 3310 5429 naufragium?
3339 5365 3638 5422 Periculum

2063 5447 2392 5513 facite.rogo,
2423 5447 2464 5498 si
2490 5463 2593 5498 non
2622 5447 2874 5512 credatis,
2905 5459 2958 5502 et
2989 5449 3238 5507 videbitis
3266 5453 3488 5523 gloriam
3523 5457 3638 5513 Dei.

2062 5541 2282 5608 Quando
2306 5541 2394 5593 tibi
2423 5541 2618 5608 aliquid
2645 5542 2850 5596 molesti
2871 5544 3172 5611 contigerit,
3194 5545 3255 5599 da
3289 5550 3465 5604 statim
3494 5552 3642 5608 elec-

2062 5648 2334 5702 mosynam
2363 5672 2377 5697 ,
2405 5635 2601 5702 gratias
2648 5649 2743 5701 age
2791 5635 2932 5702 quod
2981 5636 3300 5704 contigerit;
3343 5649 3397 5694 et
3441 5642 3642 5699 videbis

2064 5732 2315 5802 quantum
2364 5723 2548 5779 subeat
2597 5725 2863 5794 gaudium.
2915 5725 3142 5782 Lucrum
3174 5730 3312 5785 enim
3344 5732 3638 5802 spit'itualc,
