4010 6142
308 319 415 378 113

309 428 516 490 etiamsi
546 426 616 482 sit
641 437 887 497 parvum,
919 426 1123 476 tantum
1149 422 1232 470 est
1253 421 1310 467 ut
1334 424 1493 466 omne
1522 403 1816 463 abscondat
1833 410 1889 457 et

312 524 564 579 obscuret
601 492 852 571 damnum
887 508 1189 579 corporale.
1230 500 1493 572 Quamdiu
1535 497 1700 553 habes
1743 492 1886 564 quod

312 614 410 670 des
429 610 663 675 Christo,
691 620 752 662 es
778 605 949 658 dives.
983 601 1308 667 Dic,qu:eso,
1337 594 1382 648 si
1414 592 1507 646 tibi
1535 588 1764 659 spoliato
1793 600 1890 640 rex

313 702 577 759 accedens
605 674 817 753 manum
845 691 1048 758 tendat,
1077 701 1273 757 rogans
1302 694 1362 739 ut
1390 699 1420 737 a
1447 691 1498 737 te
1526 678 1724 749 aliquid
1752 674 1879 730 acci-

316 796 448 866 piat,
475 804 654 846 annon
693 797 746 841 te
783 779 1176 839 existimaveris
1200 776 1440 831 omnium
1480 770 1823 832 ditissimum,
1845 764 1893 819 si

319 860 386 940 ite
414 892 532 954 post
571 888 770 935 tantam
796 875 1010 946 quidem
1041 876 1407 941 paupertatem
1453 863 1529 918 tui
1575 860 1769 930 pudeat
1811 872 1896 911 re-

317 946 477 1047 gem?
503 972 580 1027 Ne
605 968 924 1038 abripiaris;
974 972 1026 1017 te
1066 961 1239 1014 solum
1283 971 1499 1026 supera,
1530 962 1585 1007 et
1620 946 1897 1019 superabis

319 1039 539 1127 insidias
563 1059 781 1118 diaboli.
823 1057 975 1114 Licet
1003 1052 1099 1108 tibi
1130 1063 1320 1120 magna
1359 1044 1575 1101 lucrari.
1620 1039 1896 1127 Despicia-

320 1174 440 1214 tnus
479 1154 711 1216 divitias,
742 1158 802 1204 ut
840 1164 907 1200 ne
949 1142 1307 1213 despiciamus
1332 1138 1589 1192 animatn.
1619 1126 1898 1197 Quomodo

321 1257 502 1311 autem
541 1239 893 1312 despexeris?
922 1235 1037 1291 Non
1066 1231 1255 1287 videtis
1282 1227 1534 1299 prteclara
1568 1235 1816 1290 corpora,
1843 1225 1899 1271 et

320 1353 415 1397 eos
450 1337 542 1407 qui
577 1311 718 1403 capti
753 1336 879 1384 sunt
914 1340 1103 1382 eorum
1143 1336 1349 1386 amore,
1391 1314 1643 1388 quamdiu
1683 1311 1898 1381 quidem

323 1439 447 1489 sunt
468 1402 539 1484 in
583 1402 895 1495 conspectu,
924 1415 1232 1474 accenditur
1258 1412 1416 1482 ignis,
1449 1405 1687 1476 exsurgit
1715 1402 1898 1474 splen-

324 1522 449 1581 dida
495 1491 740 1579 ﬂamma;
788 1521 1068 1584 postquam
1112 1513 1290 1561 autem
1328 1501 1593 1573 quispiam
1620 1512 1683 1553 ea
1715 1491 1901 1563 procul

326 1609 648 1675 abduxerit,
686 1604 949 1661 exstincta
973 1607 1097 1656 sunt
1122 1595 1300 1652 omnia
1327 1600 1382 1648 et
1404 1588 1614 1660 sopita?
1641 1587 1716 1641 lla
1741 1584 1901 1640 etiam

326 1708 381 1763 in
408 1674 651 1761 divitiis
677 1710 835 1754 nemo
859 1707 1048 1748 aurum
1075 1689 1175 1745 sibi
1203 1691 1497 1754 comparet,
1519 1695 1677 1737 nemo
1699 1674 1902 1746 lapides

1087 304 1148 362 S.
1188 298 1465 360 JOANNIS
1500 285 1971 351 CDRYSOSTOMI
2009 284 2325 343 ARCHIEP.
2363 279 2898 339 CONSTANTINOP.

3467 283 3577 338 H6

2003 399 2265 474 pretiosos
2285 437 2300 465 ,
2344 411 2503 452 nemo
2531 404 2747 464 torques
2771 403 2825 448 et
2850 390 3068 447 monilia
3099 405 3114 445 :
3143 403 3207 445 ea
3235 390 3363 445 dum
3387 389 3577 446 viden.

1995 497 2099 555 tur,
2134 491 2376 545 inescant
2402 487 2605 543 oculos.
2636 484 2691 541 Si
2716 485 2795 538 vis
2817 498 2938 539 esse
2956 483 3106 537 dives
3133 491 3189 537 ut
3218 491 3445 546 veteres,
3469 498 3578 538 non

1995 582 2050 637 in
2077 597 2210 637 auro
2233 581 2486 645 ditescas,
2514 578 2609 633 sed
2641 578 2695 632 in
2732 576 2894 632 rebus
2932 577 3267 639 necessariis,
3313 583 3371 628 ut
3416 575 3578 629 etiam

1996 681 2179 743 parata
2209 672 2332 726 aliis
2357 668 2724 726 distribuenda
2754 667 2988 733 habeas;
3035 681 3103 721 ne
3127 666 3460 720 ornamentis
3484 665 3584 720 de-

1998 766 2213 821 Iecteris
2241 781 2255 818 :
2285 762 2549 833 ejusmodi
2586 761 2786 816 divitia:
2814 767 2995 828 patent
3033 757 3241 812 insidiis
3269 756 3536 810 latronum
3563 795 3581 818 ,

1998 866 2054 912 et
2096 856 2251 911 nobis
2299 853 2538 925 praebent
2580 850 2984 906 sollicitudines.
3028 847 3144 903 Non
3172 860 3298 900 vasa
3329 860 3489 899 aurea
3526 856 3586 899 ct

2000 955 2251 1015 argentea
2282 944 2526 1015 posside;
2572 942 2667 998 sed
2708 943 2817 995 sint
2853 939 3129 1010 apotheca:
3160 937 3438 1001 frumenti,
3471 935 3581 990 vini

2001 1047 2057 1094 et
2078 1036 2184 1092 olei
2211 1054 2225 1090 :
2258 1037 2385 1099 sint,
2415 1049 2522 1089 non
2553 1040 2612 1087 ut
2641 1047 2824 1087 rursus
2848 1029 3077 1085 vendita:
3103 1027 3385 1098 pecuniam
3415 1026 3591 1078 conli-

2001 1132 2182 1195 ciant,
2210 1128 2303 1183 sed
2331 1134 2388 1181 ut
2414 1134 2700 1195 erogentur
2728 1122 3026 1192 egentibus.
3077 1118 3132 1175 Si
3167 1133 3266 1173 nos
3294 1116 3587 1171 abduxeri-

2005 1236 2125 1276 mus
2150 1220 2217 1274 ab
2242 1219 2348 1273 illis
2383 1215 2794 1286 supervacaneis
2819 1254 2834 1279 ,
2875 1225 3225 1281 assequemur
3255 1207 3395 1262 bona
3427 1205 3588 1260 crvie—

2006 1313 2129 1376 stia,
2174 1325 2293 1379 quae
2334 1309 2487 1363 nobis
2533 1305 2781 1361 omnibus
2819 1301 3072 1371 consequi
3101 1299 3260 1355 detur
3289 1299 3343 1352 in
3370 1296 3588 1352 Christo

2005 1402 2131 1458 Jesu
2161 1400 2386 1455 Domino
2415 1404 2621 1461 nostro,
2650 1410 2771 1450 cum
2800 1408 2906 1462 quo
2937 1390 3081 1445 Patri
3107 1389 3371 1458 simulque
3399 1398 3588 1440 sancto

2007 1490 2228 1564 Spiritui
2255 1489 2446 1559 gloria,
2473 1495 2728 1555 potestas,
2755 1493 2809 1538 et
2849 1484 3043 1548 honor,
3075 1494 3215 1535 nunc
3253 1489 3309 1534 et
3347 1490 3585 1545 semper,

2007 1595 2062 1639 et
2086 1584 2139 1638 in
2169 1580 2362 1637 smcula
2390 1576 2727 1632 saeculorum.
2756 1576 2947 1629 Amen.

339 1750 381 1762 III
410 1750 607 1761 ‘I-vuv---
636 1750 651 1755 ν
677 1750 757 1754 _,_,
1330 1750 1343 1754 _

3423 1751 3564 1763 h—

1800 1806 2040 1820 πΑ--.π
2065 1804 2091 1820 Ὦ
2115 1805 2129 1820 Α
2193 1802 2279 1820 ἐγ

1800 1804 2150 1871 HOMILIA
2193 1802 2301 1862 IV.

329 1943 460 2002 Car.
491 1942 543 1996 5.
572 1954 624 1993 v.
654 1936 709 1993 5.
755 1930 1040 2003 PrOpterea
1068 1934 1113 1980 et
1142 1940 1233 1993 ego
1257 1919 1478 1991 amplius
1504 1932 1607 1971 non
1630 1912 1904 1972 sustinens,

404 2031 520 2089 misi
570 2029 638 2085 ad
677 2021 1073 2097 cognoscendam
1100 2016 1250 2088 {idem
1290 2022 1524 2077 vestram,
1546 2017 1609 2062 ne
1640 2008 1767 2077 forte
1796 2011 1906 2055 ten-

402 2125 579 2183 taverit
606 2138 690 2178 vos
714 2122 757 2175 is
894 2122 1070 2177 tentat,
1104 2119 1152 2165 et
1194 2107 1362 2162 inanis
1396 2103 1488 2172 ﬁat
1533 2097 1675 2154 labor
1718 2101 1906 2148 noster.

404 2219 460 2275 6.
494 2215 647 2271 Nunc
671 2184 837 2266 autem
865 2209 1088 2263 veniente
1125 2200 1193 2254 ad
1218 2214 1308 2252 nos
1338 2191 1602 2248 Timotheo
1627 2204 1660 2240 a
1684 2184 1842 2249 vobis,
1864 2190 1913 2236 et

407 2308 738 2365 annuntiante
757 2300 900 2358 nobis
926 2298 1079 2367 ﬁdem
1102 2301 1147 2347 et
1167 2291 1429 2346 caritatem
1454 2290 1689 2343 vestram,
1712 2273 1913 2347 etquod

406 2399 704 2456 memoriam
749 2392 909 2448 nostri
952 2386 1145 2442 habetis
1182 2395 1398 2450 semper,
1445 2374 1783 2430 desiderantes
1821 2381 1914 2420 nos

407 2492 597 2558 videre,
625 2489 754 2542 sicut
783 2493 831 2539 et
874 2497 965 2536 nos
999 2490 1197 2549 quoque
1234 2487 1320 2525 vos
1370 2485 1390 2523 :
1432 2469 1487 2522 7.
1517 2465 1630 2519 ideo
1668 2457 1916 2516 consolati

411 2597 605 2647 sumus,
633 2583 838 2650 fratres,
868 2574 923 2627 in
968 2569 1127 2634 vobis,
1156 2567 1210 2620 in
1239 2562 1377 2617 omni
1416 2557 1709 2614 necessitate
1751 2563 1797 2606 et
1823 2551 1917 2604 tri-

413 2647 668 2729 bulatione
687 2675 860 2721 nostra
887 2678 976 2733 per
1003 2660 1157 2729 fidem
1182 2663 1432 2709 vestram:
1452 2649 1507 2705 8.
1529 2647 1767 2717 quoniam
1786 2658 1921 2696 nunc

414 2764 646 2824 vivimus,
677 2758 722 2813 si
748 2771 833 2810 vos
856 2751 1002 2807 statis
1021 2750 1073 2803 in
1097 2745 1339 2800 Domino.

417 2859 474 2913 1.
514 2849 838 2922 Proponitur
870 2843 1023 2899 nobis
1053 2837 1213 2895 hodie
1233 2833 1479 2907 quaestio,
1511 2843 1631 2901 qutc
1671 2842 1702 2881 a
1742 2823 1923 2879 multis

343 2947 623 3021 qna-ritur,
658 2950 714 2995 et
754 2936 992 3005 undique
1028 2928 1316 2997 colligitur.
1345 2924 1602 2991 Quaenam
1640 2926 1722 2973 est
1746 2924 1923 2969 autem

341 3003 570 3113 qumstio
584 3003 619 3087 ⁸2⁷
641 3003 921 3099 Propterea
955 3033 1002 3077 st
1031 3037 1144 3093 ego,
1167 3016 1360 3087 inquit,
1394 3011 1612 3083 amplius
1641 3023 1742 3062 non
1769 3003 1925 3081 susti-

347 3100 489 3194 nens,
523 3125 622 3181 nisi
651 3118 970 3176 Timotheum
993 3111 1061 3166 ad
1085 3105 1486 3181 cognoscendam
1512 3100 1664 3171 ﬁdem
1688 3106 1924 3151 vestram.

347 3186 488 3293 Quid
530 3215 702 3274 dicis?
731 3210 823 3283 qui
872 3217 979 3263 tam
1026 3203 1193 3258 multa
1240 3198 1357 3264 scit,
1386 3195 1477 3266 qui
1518 3191 1723 3248 audivit
1767 3186 1928 3242 verba

349 3277 565 3373 aii-cana,
623 3306 712 3377 qui
755 3302 822 3358 ad
866 3297 1082 3354 tertium
1121 3306 1291 3361 usque
1335 3285 1524 3343 cadum
1574 3279 1835 3346 ascendit,
1884 3277 1931 3331 is

357 3419 466 3461 non
497 3398 665 3464 novit,
699 3395 858 3465 idque
887 3404 1009 3445 cum
1058 3385 1129 3440 sit
1159 3379 1424 3438 Athenis?
1472 3387 1791 3448 quamquam
1832 3382 1933 3423 nec

357 3459 607 3564 maguum
637 3459 1311 3542 i’ntercedatintervallum,
1331 3483 1505 3541 neque
1531 3467 1604 3521 ita
1633 3463 1835 3535 pridem
1863 3459 1933 3515 ab

358 3556 533 3642 eis'sit
560 3574 877 3649 separatus?
903 3569 1079 3625 Orbati
1099 3567 1266 3629 enim,
1292 3563 1480 3633 inquit,
1504 3577 1534 3612 a
1559 3558 1695 3612 vobis
1718 3556 1784 3609 ad
1812 3564 1936 3608 tem-

361 3692 456 3747 pus
500 3646 642 3725 horai
671 3666 867 3737 (Supra
892 3661 949 3715 Ξ.
983 3659 1097 3727 17).
1126 3656 1242 3710 Νοη
1271 3654 1420 3708 novit
1446 3652 1607 3722 igitur
1632 3650 1749 3704 talis
1774 3646 1938 3701 homo

360 3781 448 3823 res
495 3751 1079 3818 'l'hessalonicensium,
1126 3746 1220 3802 sed
1271 3756 1492 3799 necesse
1521 3741 1679 3795 habet
1725 3738 1939 3793 mittere

361 3848 706 3910 Timotheum
754 3844 821 3898 ad
872 3835 1299 3910 cognoscendam
1365 3832 1524 3886 tidem
1569 3841 1754 3883 eorum
1797 3845 1810 3879 :
1859 3823 1941 3879 Ne

374 3947 525 4016 forte,
555 3938 746 4010 inquit,
791 3930 1052 3988 tentaverit
1080 3944 1165 3982 vos
1191 3928 1235 3981 is
1263 3925 1351 3997 qui
1394 3930 1572 3986 tentat,
1595 3929 1642 3974 et
1661 3918 1827 3972 inanis
1851 3916 1943 3985 ﬁat

369 4007 520 4094 labori
540 4007 744 4087 noster?
782 4024 920 4094 Quid
952 4021 1111 4092 igitur
1137 4016 1333 4074 dixerit
1361 4013 1589 4084 aliquis?
1630 4024 1735 4065 non
1766 4007 1943 4063 omnia

372 4143 535 4187 nosse
563 4119 813 4181 sanctos?
839 4117 895 4175 Id
927 4122 1106 4170 autem
1129 4128 1195 4167 ex
1218 4109 1404 4165 multis
1441 4105 1712 4167 didiceris,
1755 4114 1947 4170 nempe

367 4230 430 4281 et
473 4235 505 4275 a
558 4213 763 4287 primis,
793 4220 849 4266 et
893 4207 961 4263 iis
1007 4219 1127 4276 quae
1166 4210 1290 4257 sunt
1342 4207 1526 4270 postea
1581 4201 1943 4263 consequuta:

374 4315 521 4371 velut
549 4284 779 4366 iiiisarus
805 4301 1068 4376 ignoravit
1088 4299 1156 4352 de
1182 4293 1405 4351 muliere
1434 4290 1511 4364 (ι.
1538 4287 1670 4359 Reg.
1689 4286 1747 4355 4)
1767 4302 1780 4340 :
1804 4284 1951 4338 velut.

375 4407 522 4463 Elias
550 4401 763 4459 dicebat
789 4398 919 4462 Deo,
953 4392 1062 4464 Ego
1087 4389 1291 4444 relictus
1319 4399 1430 4439 sum
1454 4380 1616 4444 solus,
1649 4387 1696 4432 et
1721 4380 1951 4445 quterunt

377 4501 599 4567 animum
623 4509 786 4549 meam
815 4488 891 4562 ('5.
918 4484 1046 4556 Reg.
1072 4483 1159 4537 l9.
1187 4478 1272 4534 10.
1299 4474 1414 4546 18).
1438 4475 1724 4542 Propterea
1751 4465 1952 4522 audivit

378 4559 409 4651 ξ
456 4590 585 4653 Deo,
619 4559 975 4652 Reliqui'mihi
1023 4582 1213 4640 septem
1258 4567 1423 4622 millia
1463 4567 1686 4619 virorum
1715 4561 1789 4632 (1.
1826 4559 1949 4625 Reg.

382 4645 473 4741 16.
495 4645 583 4753 7).
601 4676 669 4732 Ει
689 4645 908 4729 satnuel
932 4678 1119 4721 rursus
1138 4659 1354 4732 quando
1385 4657 1580 4711 missus
1608 4653 1707 4708 fuit
1735 4668 1762 4704 a
1792 4645 1957 4705 David

386 4739 693 4842 ungendum
726 4782 740 4818 :
790 4760 956 4826 Dixit,
984 4755 1176 4822 inquit,
1204 4752 1249 4805 ei
1287 4749 1576 4803 Dominus:
1606 4743 1689 4798 Ne
1726 4739 1958 4794 attendas

386 4836 496 4935 ἠιιὶ
539 4858 777 4932 speciem,
803 4865 962 4920 neque
1008 4846 1234 4900 habitum
1278 4836 1639 4910 magnitudinis
1671 4836 1803 4903 ejus,
1831 4846 1960 4900 quo-

386 4957 521 5010 niam
569 4966 684 5006 eum
730 4944 877 5000 niltili
906 4940 1003 5013 feci
1037 4936 1317 5007 :quonimn
1364 4947 1466 4983 non
1516 4937 1770 4994 tamquam
1815 4922 1962 4973 homo

384 5045 565 5103 videbit
598 5041 776 5095 Deus:
822 5035 969 5089 homo
1000 5029 1133 5084 enim
1172 5024 1364 5079 vultum
1409 5018 1636 5088 aspiciet,
1674 5028 1760 5066 cor
1798 5019 1965 5064 autem

388 5136 550 5193 Deus.
583 5132 697 5187 lloc
722 5138 901 5183 autem
933 5121 993 5177 lit
1027 5131 1220 5188 ntagna
1253 5111 1348 5168 Dei
1378 5125 1503 5166 cura
1532 5116 1586 5163 et
1611 5099 1963 5176 providentia.

389 5222 672 5298 Quomodo
696 5230 749 5275 et
773 5228 1004 5289 quanam
1032 5206 1273 5266 ratione?
1304 5203 1372 5258 Et
1408 5207 1626 5273 promer
1672 5196 1816 5264 ipsos
1841 5205 1967 5246 san-

389 5281 530 5387 ctos,
571 5324 626 5369 et
655 5281 875 5383 propior
918 5320 1013 5361 cos
1039 5300 1129 5373 qui
1179 5297 1310 5368 ipsis
1334 5293 1576 5350 credunt.
1630 5286 1780 5343 Sicut
1827 5281 1970 5338 enim

393 5382 792 5484 ipse'perntittit
817 5398 930 5456 ﬁeri
953 5391 1412 5468 persequutiones,
1433 5388 1503 5441 ita
1524 5384 1685 5440 etiam
1716 5382 1828 5450 ipse
1851 5391 1973 5447 per-

396 5468 561 5559 mittit
587 5514 682 5555 eos
728 5493 893 5550 multa
939 5492 1206 5559 ignorare,
1236 5491 1294 5536 ut
1322 5480 1387 5533 ad
1432 5476 1645 5533 modum
1692 5468 1972 5541 quemdam

398 5555 745 5649 reducantur.
792 5555 1080 5650 Propterea
1122 5573 1319 5629 Paulus
1342 5582 1553 5639 quoque
1582 5562 1828 5618 diccbat:
1864 5555 1976 5611 Da-

401 5693 484 5736 tus
524 5689 595 5733 est
626 5677 748 5731 mihi
777 5671 1011 5728 stimulus
1051 5665 1216 5726 carni,
1248 5662 1457 5732 angelus
1481 5668 1675 5711 satana
1700 5662 1754 5707 ut
1783 5669 1860 5705 me
1886 5665 1977 5703 co-

407 5768 626 5840 laphisct
652 5766 729 5837 (2.
760 5763 881 5818 Cor.
911 5761 994 5816 l2.
1026 5759 1107 5826 7),
1142 5771 1209 5812 ne
1241 5753 1460 5809 nimium
1488 5747 1748 5813 extollar;
1783 5752 1836 5801 et
1864 5756 1983 5798 rur-

2013 1917 2125 1968 sus,
2154 1916 2222 1956 ne
2249 1898 2339 1953 alii
2382 1910 2572 1967 magna
2600 1894 2669 1950 de
2712 1892 2819 1948 illis
2866 1891 3308 1961 imaginarentur.
3349 1888 3406 1945 Si
3449 1889 3594 1944 enim

2013 2009 2079 2048 ex
2116 1990 2284 2061 signis
2321 2004 2416 2044 eos
2445 2002 2565 2042 esse
2594 1987 2726 2040 deos
2751 1984 3129 2039 existimarunt
3169 1984 3304 2053 (Act.
3347 1983 3432 2037 16.
3478 1982 3594 2050 1ο),

2015 2084 2185 2139 multo
2214 2082 2383 2151 magis
2412 2080 2456 2134 si
2496 2087 2757 2147 perpetuo
2781 2075 3110 2130 mansissent
3137 2075 3371 2129 scientes
3394 2073 3597 2127 omnia.

2016 2176 2083 2230 Et
2117 2176 2232 2244 ipse
2262 2186 2447 2228 rursus
2471 2170 2638 2224 dicit:
2691 2165 2777 2221 Ne
2803 2165 2918 2234 quis
2943 2165 3006 2219 de
3035 2181 3113 2218 me
3141 2165 3322 2234 cogitet
3352 2180 3509 2232 supra
3544 2164 3602 2215 id

2018 2268 2151 2338 quod
2178 2266 2310 2319 videt
2337 2278 2445 2317 esse
2486 2276 2586 2324 me,
2616 2268 2705 2312 aut
2743 2273 2807 2311 ea:
2843 2272 2924 2309 me
2964 2257 3109 2309 audit
3139 2255 3334 2325 aliquid
3365 2254 3440 2325 (2.
3477 2252 3596 2309 Cor.

2021 2359 2110 2413 l2.
2138 2358 2217 2428 6).
2242 2357 2307 2411 Et
2336 2369 2522 2409 rursus
2549 2352 2675 2407 audi
2704 2350 2921 2405 Petrum
2950 2349 3239 2412 dicentem,
3272 2346 3485 2417 quando
3508 2361 3605 2400 cu-

2021 2451 2160 2505 ravit
2189 2446 2473 2502 claudum:
2512 2442 2648 2510 Quid
2695 2457 2786 2495 nos
2827 2440 2946 2509 ﬁxis
2991 2438 3219 2507 aspicitis
3249 2437 3429 2501 oculis,
3474 2446 3605 2490 tam-

2023 2557 2176 2610 quam
2215 2548 2391 2592 nostra
2419 2537 2620 2590 rirtute'
2642 2543 2730 2587 aut
2760 2534 2945 2602 pietate
2987 2531 3398 2599 fecerimus-eum
3426 2529 3607 2582 ambu-

2024 2632 2133 2684 lare
2162 2630 2299 2699 (Act.
2328 2629 2384 2683 5.
2436 2625 2568 2696 12)?
2596 2625 2653 2680 Si
2700 2631 2885 2677 autem
2931 2620 3017 2675 his
3064 2621 3179 2674 lucc
3207 2619 3511 2673 dicentibus
3550 2626 3607 2672 et

2026 2719 2364 2784 facientibus,
2396 2717 2482 2771 vel
2524 2731 2593 2770 ex
2640 2713 2821 2785 parvis
2861 2713 2940 2767 sic
2965 2711 3279 2766 oriebantur
3307 2724 3481 2779 prava:
3511 2722 3605 2762 su-

2027 2811 2330 2881 spiciones;
2378 2807 2547 2862 multo
2574 2805 2745 2874 magis
2789 2819 2856 2859 ex
2887 2803 3115 2873 magnis.
3147 2801 3315 2856 Porro
3344 2801 3447 2854 alia
3475 2814 3609 2869 quo-

2028 2917 2134 2974 que
2158 2901 2227 2956 de
2250 2912 2411 2955 causa
2447 2899 2562 2951 haec
2592 2894 3061 2966 permittebantur.
3089 2890 3222 2946 Nam
3250 2905 3319 2946 ne
3346 2890 3607 2959 quispiam

2031 2999 2215 3066 posset
2251 2991 2454 3057 dicere,
2482 2988 2646 3058 ipsos,
2681 2984 2825 3057 quod
2854 2985 3097 3040 homines
3127 2997 3232 3036 non
3276 2989 3478 3045 essent,
3524 2994 3610 3035 res

2035 3094 2211 3142 tantas
2252 3082 2508 3154 gessisse,
2537 3089 2699 3150 atque
2743 3078 2816 3132 ita
2844 3090 3033 3132 omnes
3062 3073 3255 3129 ﬁerent
3298 3072 3516 3127 desides
3557 3080 3612 3126 et

2035 3177 2253 3248 supini:
2287 3183 2568 3246 propterea
2598 3170 2833 3226 ostendit
2862 3182 3048 3222 eorum
3079 3165 3520 3231 imbecillitatem,
3554 3176 3612 3219 ut

2035 3268 2261 3340 ingratis
2295 3266 2487 3320 animis
2512 3261 2857 3333 impudentia:
2883 3274 3096 3314 omnem
3127 3266 3431 3326 amputarct
3456 3271 3612 3311 occa-

2037 3363 2271 3417 sionem.
2304 3358 2597 3426 PrOptcrea
2647 3353 2894 3422 ignorat;
2952 3356 3236 3420 propterea
3289 3348 3449 3403 etiam
3492 3361 3609 3400 cum

2038 3466 2184 3523 sa'pe
2215 3449 2583 3521 proposuisset
2608 3444 2817 3519 venire,
2845 3456 2950 3496 non
2978 3440 3149 3503 venit.
3176 3448 3234 3493 ut
3258 3438 3464 3493 discant
3493 3451 3613 3491 eum

2038 3545 2215 3601 multa,
2238 3540 2464 3596 nescire.
2508 3538 2586 3592 Ex
2617 3537 2717 3590 hoc
2744 3549 2875 3604 ergo
2914 3533 3137 3586 multum
3182 3529 3492 3599 capiebatur
3531 3527 3614 3581 lu-

2041 3650 2216 3691 crum.
2247 3630 2502 3699 Alioquin
2544 3627 2687 3683 enim
2716 3625 2877 3681 etiam
2918 3623 2995 3678 sic
3018 3630 3174 3677 erant
3217 3620 3390 3675 adhuc
3417 3618 3504 3688 qui
3531 3616 3615 3672 di-

2043 3733 2248 3788 cerent,
2290 3723 2434 3777 hunc
2453 3734 2578 3775 esse
2601 3731 2848 3789 magnam
2878 3713 2970 3769 Dei
3003 3714 3275 3779 virtutem,
3304 3721 3360 3766 et
3384 3709 3474 3764 alii
3498 3723 3614 3763 eum

2044 3830 2166 3871 esse
2210 3814 2356 3868 hunc
2392 3820 2448 3867 et
2495 3811 2666 3864 illum.
2697 3808 2753 3863 Si
2805 3806 2919 3859 haec
2950 3818 3056 3859 non
3101 3803 3237 3858 facta
3266 3809 3468 3867 essent,
3494 3798 3618 3870 quid

2048 3923 2153 3962 non
2182 3900 2623 3962 existimassem?
2654 3898 2875 3953 Videtur
2903 3905 3084 3950 autem
3109 3895 3196 3949 hic
3222 3908 3344 3949 esse
3380 3891 3617 3961 quaedam

2048 4012 2233 4054 eorum
2265 3992 2650 4065 reprehensio;
2698 3989 2795 4045 sed
2837 3988 2885 4043 si
2911 3986 3032 4054 quis
3072 3992 3277 4040 attente
3299 3984 3616 4045 consideret,

2048 4092 2218 4147 multo
2248 4088 2416 4158 magis
2456 4085 2658 4141 indicat
2694 4097 2788 4138 eos
2816 4096 2937 4137 esse
2965 4076 3328 4141 admirabiles,
3367 4084 3423 4130 et
3450 4081 3623 4128 osten-

2051 4184 2196 4240 ditur
2236 4179 2588 4236 tentationutn
2638 4173 2999 4244 exsuperatio.
3040 4166 3339 4237 Quomodo,
3392 4163 3621 4219 attende.

2055 4276 2184 4330 Nam
2227 4274 2270 4328 si
2301 4272 2382 4327 eis
2429 4270 2578 4340 prius
2617 4267 2819 4329 dixisti,
2869 4263 2936 4318 In
2977 4262 3071 4317 hoc
3117 4260 3269 4332 positi
3311 4274 3506 4320 sumus,
3549 4263 3622 4319 et,

2052 4368 2222 4423 Nemo
2265 4360 2633 4425 conturbetur,
2681 4373 2778 4412 cur
2824 4369 3011 4410 rursus
3056 4352 3223 4406 mittis
3267 4347 3625 4409 Timotheum,

2057 4460 2253 4513 timens
2279 4469 2345 4509 ne
2365 4451 2492 4522 quid
2519 4451 2612 4503 ﬂat
2637 4464 2703 4503 ex
2729 4449 2795 4501 iis
2817 4461 2936 4516 qua:
2964 4459 3070 4498 non
3111 4442 3229 4497 vis?
3280 4440 3396 4495 Hoc
3419 4437 3629 4507 quidem

2059 4548 2185 4603 facit
2229 4561 2295 4601 ex
2343 4543 2509 4598 multa
2548 4538 2836 4594 dilectione
2877 4554 2890 4588 :
2936 4548 3058 4588 nam
3086 4533 3175 4603 qui
3205 4531 3448 4600 diligunt,
3476 4527 3631 4582 etiam

2061 4656 2180 4711 qum
2223 4645 2350 4693 sunt
2395 4644 2526 4695 tuta,
2556 4638 2803 4699 suspecta
2847 4626 3043 4680 habent
3071 4639 3134 4678 ex
3168 4636 3360 4691 magno
3391 4618 3633 4673 fervore:

2063 4704 2189 4785 facit
2226 4727 2390 4782 etiam
2434 4734 2652 4794 propter
2696 4719 2895 4773 multas
2946 4717 3290 4770 tentationes.
3349 4709 3480 4763 Nam
3530 4704 3637 4758 disi

2065 4817 2375 4892 quidetn,ln
2404 4817 2498 4870 hoc
2520 4829 2694 4868 sumus
2738 4811 2919 4881 positi;
2973 4802 3284 4876 magnitudo
3325 4810 3503 4854 autem
3530 4812 3642 4851 ma-

2068 4889 2239 4966 iorum
2264 4924 2350 4964 me
2378 4905 2588 4962 terruit.
2633 4900 2991 4970 Quamobrem
3023 4912 3129 4952 non
3156 4894 3307 4959 dixit,
3335 4890 3406 4947 Ut
3434 4889 3525 4960 qui
3550 4901 3644 4942 vos

2068 4999 2470 5057 condemnarim
2524 4996 2718 5057 mitto;
2766 4996 2893 5056 sed,
2946 4987 3066 5042 Non
3109 4986 3328 5055 amplius
3373 4980 3645 5041 sustinens,

2070 5093 2213 5164 quod
2243 5090 2412 5160 magis
2435 5095 2553 5141 erat
2580 5082 2849 5137 amicitiae.
2880 5080 3015 5147 Quid
3040 5088 3159 5145 est,
3190 5074 3444 5144 NeJorte
3488 5078 3649 5124 tenta-

2072 5159 2138 5240 rit
2177 5199 2263 5238 vos
2306 5182 2351 5236 is
2401 5179 2487 5248 qui
2531 5173 2730 5230 tentet?
2778 5171 2940 5226 Vides
2985 5166 3124 5239 quod
3169 5167 3223 5222 in
3273 5159 3653 5220 tentationibus

2079 5278 2263 5332 labare
2306 5282 2388 5327 est
2434 5268 2754 5325 diabolicum
2782 5305 2797 5330 ,
2828 5272 2882 5317 et
2923 5276 2990 5316 ex
3035 5257 3298 5314 diabolica
3345 5252 3653 5309 seductione

2078 5366 2299 5424 ortum?
2338 5362 2473 5420 Nam
2519 5357 2733 5429 quando
2771 5369 2871 5409 nos
2915 5353 3062 5423 ipsos
3104 5364 3212 5404 non
3254 5347 3510 5417 potuerit,
3551 5340 3656 5393 alio

2083 5459 2243 5515 modo
2273 5471 2369 5526 per
2398 5469 2497 5509 nos
2525 5448 2774 5505 labefecit
2818 5442 3236 5500 imbecilliores:
3268 5434 3410 5507 quod
3445 5430 3657 5501 quidem

2084 5560 2166 5607 est
2192 5548 2425 5605 maxime
2454 5538 2855 5603 imbecillitatis,
2885 5544 2940 5590 et
2963 5548 3083 5604 qua:
3124 5528 3324 5585 nullam
3369 5527 3437 5578 ha
3474 5529 3531 5577 et
3552 5533 3651 5575 ex-

2086 5643 2418 5697 cusationem
2449 5655 2464 5691 :
2506 5636 2645 5691 sicut
2672 5631 2797 5687 fecit
2826 5631 2878 5684 in
2905 5627 3027 5693 Job,
3063 5623 3282 5679 incitata
3309 5630 3514 5673 uxore:
3544 5611 3664 5675 Dic,

2099 5734 2288 5811 inquit,
2340 5726 2545 5799 aliquod
2589 5723 2791 5781 rerbum
2838 5728 3013 5776 contra
3060 5711 3361 5781 Dominum,
3387 5717 3434 5763 et
3466 5716 3668 5759 morere
