4010 6142
530 279 637 335 617

513 391 647 464 ϐολὴ
673 391 784 446 τῶν
832 390 1017 444 κακῶν
1044 389 1277 459 ἐφόϐησὲ
1318 407 1407 459 με.
1437 390 1526 442 Διὸ
1556 391 1655 444 οὑκ
1686 384 1958 456 εἷπεν,ὅτι
1983 391 2102 442 Κα-

514 480 745 546 ταγνοὺς
791 478 946 548 ὑμῶν
967 477 1300 540 ἀποστέλλω,
1334 477 1731 544 ἀλλά,Μηκέτι
1771 475 2032 544 στένων
2069 474 2099 527 ὃ

520 566 718 637 μᾶλλον
747 564 927 632 φιλίας
952 559 1038 631 ἦν.
1067 563 1132 615 Τί
1157 564 1296 623 ἐστι.
1320 563 1414 629 Μή
1437 580 1562 629 πως
1597 564 1919 631 ἐπείρασεν
1947 559 2104 630 ὑμᾶς

516 656 552 705 ό
572 648 899 717 πειράζων;
924 648 1089 719 Ὀρᾷς
1112 649 1194 702 ὅτι
1225 650 1285 702 τὺ
1311 652 1369 703 ἐν
1393 651 1512 712 ταῖς
1541 647 1753 718 θλίψεσι
1780 646 2103 702 σαλεύεσθαι

513 735 822 790 διαὼλικόν
857 737 995 796 ἐστι,
1015 734 1112 788 καὶ
1139 736 1235 805 τῆς
1261 736 1473 788 ἐκείνου
1501 736 1896 808 παρατροπῆςς
1930 735 2104 788 Ὅταν

516 823 624 891 γάρ
656 822 802 891 ἡμᾶς
836 821 1036 884 αὑτοὺς
1078 820 1153 891 μὴ
1199 821 1422 891 δυνηθῇ,
1456 823 1656 892 ἑτέρως
1686 820 1753 874 δι’
1783 819 1941 891 ἡμῶν
1979 821 2105 882 τοὺς

515 908 942 977 ἀσθενεστέρους
995 906 1403 978 παρασαλεύει’
1459 907 1598 977 ὅπερ
1657 906 2105 976 ὑπερϐαλλούσης

515 993 798 1057 ἀσθενείας
820 993 958 1057 ἐστὶ,
984 994 1077 1046 καὶ
1094 993 1353 1063 οὐδεμίαν
1375 993 1606 1063 ἐχούσης
1626 993 1943 1061 ἀπολογίαν·
1966 993 2104 1046 καθ-

519 1087 663 1155 άπερ
690 1082 783 1134 ἐπὶ
806 1080 899 1135 τοῦ
931 1081 1051 1135 Ἰὼϐ
1092 1084 1381 1153 πεποίηκε,
1419 1083 1520 1152 τὴν
1547 1084 1780 1150 γυναῖκα
1805 1081 2102 1152 διεγείρας·

519 1167 665 1222 Εἰπέ
700 1185 757 1220 τι
800 1166 989 1236 ῥῆμα,
1031 1169 1185 1236 φησὶ,
1216 1169 1365 1237 πρὸς
1414 1169 1652 1235 Κύριον,
1692 1168 1790 1221 καί
1831 1169 2103 1222 τελεύτα.

526 1255 635 1306 Ἴδε
669 1252 783 1315 πῶς
817 1252 986 1323 αὑτήν
1032 1253 1311 1323 ἐπείρασε.
1342 1255 1441 1308 Διὰ
1484 1254 1537 1307 τί
1576 1254 1632 1307 δέ
1666 1253 1740 1325 μὴ
1771 1250 1945 1319 εἶπεν,
1976 1255 2105 1307 ἐσά-

521 1342 734 1406 λευσεν,
784 1340 922 1406 ἀλλ’,
985 1342 1372 1408 Ἐπείρασεν;
1412 1342 1536 1394 ’Ότι
1592 1341 1864 1408 τοσοῦτον,
1918 1343 2106 1411 φησὶν,

522 1428 857 1480 ὑπώπτευσα
889 1425 1069 1497 μόνον,
1099 1430 1221 1481 ὅσον
1273 1428 1634 1498 πειρασθῆναι
1687 1429 1862 1498 ὑμᾶς’
1903 1428 1965 1481 οὑ
1998 1428 2105 1497 γάρ

522 1515 585 1586 δὴ
616 1515 712 1585 τὴν
755 1518 949 1586 πεῖραν
987 1515 1154 1569 αὑτοῦ
1188 1515 1347 1569 σάλον
1376 1514 1550 1568 καλεῖ.
1595 1516 1651 1567 '0
1685 1516 1794 1587 γάρ
1818 1515 2105 1585 δεχόμενος

523 1601 687 1656 αὑτοῦ
716 1601 814 1673 τὴν
860 1602 1183 1674 προσϐολὴν,
1213 1601 1501 1671 ἐσαλεύθη.
1544 1601 1746 1655 Βαϐαῖ-ί
1783 1602 1922 1672 πόση
1957 1601 2107 1669 φιλοο

527 1688 754 1758 στοργία
781 1688 873 1742 τοῦ
908 1686 1122 1742 Παύλου
1144 1705 1157 1720 ·
1189 1689 1288 1741 οὑκ
1323 1687 1516 1757 ἔμελεν
1557 1688 1707 1758 αὑτῷ
1735 1687 1843 1741 τῶν
1875 1687 2108 1757 θλίψεων

526 1775 646 1828 οὑδὲ
670 1774 781 1828 τῶν
808 1772 1132 1831 ἐπιϐουλῶν.
1161 1771 1326 1845 Οἶμαι
1363 1776 1473 1845 γάρ
1510 1775 1670 1829 αὑτὸν
1699 1776 1813 1827 ἐκεῖ
1846 1773 1967 1827 τότε
2007 1789 2107 1843 με-

532 1862 824 1935 μενηκέναι
843 1878 859 1894 ·
887 1862 1140 1933 καθάπερ
1174 1863 1339 1932 φησὶν
1363 1863 1391 1915 6
1423 1863 1658 1928 Λουκᾶς,
1685 1863 1766 1915 ὅτι
1794 1863 1852 1914 ἐν
1880 1864 1946 1931 τῇ
1986 1861 2107 1914 Ἐλ-

528 1949 649 2003 λάδι
697 1949 878 2020 ἔμεινε
928 1949 1212 2019 τρίμηνον,
1255 1949 1557 2020 γενομένης
1615 1947 1764 2018 αύτῷ
1817 1948 2107 2019 ἐπιϐουλῆς

529 2037 636 2090 ὑπ’)
663 2035 771 2090 τῶν
817 2036 1106 2090 Ἰουδαίων.

600 2124 665 2195 β’.
682 2123 794 2177 Οὑκ
810 2122 999 2192 ἔμελεν
1015 2119 1108 2176 οὑν
1124 2120 1273 2193 αὑτῷ
1287 2120 1395 2175 τῶν
1420 2119 1698 2184 κινδύνων,
1716 2119 1851 2173 ἀλλά
1866 2119 1974 2172 τῶν
2005 2136 2113 2190 μα-

528 2210 924 2282 θητευομένων.
960 2210 1122 2281 Ὁρᾷς
1163 2210 1245 2263 ὅτι
1276 2209 1453 2263 πάντα
1481 2207 1708 2277 φυσικὸν
1734 2206 1945 2278 πατέρα
1965 2223 2107 2276 παρ-

530 2296 811 2368 εληλύθει;
855 2294 1047 2366 Ἦμεῖς
1080 2295 1179 2366 μὲν
1206 2296 1313 2366 γὰρ
1346 2297 1405 2348 ἐν
1470 2296 1594 2358 ταῖς
1637 2293 1848 2364 θλίψεσι
1878 2294 2108 2355 καὶτοῖς

531 2382 682 2456 [455]
729 2382 996 2445 κινδύνοις
1052 2383 1271 2435 πάντων
1310 2380 1409 2451 τὴν
1462 2381 1686 2451 μνήμην
1735 2379 2104 2449 ἐκϐάλλομεν·

528 2468 690 2530 αὑτὶς
729 2469 787 2523 δὲ
838 2467 1010 2530 οὑτως
1068 2466 1324 2520 ἐδεδοίκει
1375 2468 1470 2520 καὶ
1526 2466 1757 2537 ἐτρεμεν
1805 2466 1943 2536 ὑπὲρ
1998 2464 2108 2518 τῶν

529 2552 756 2618 παίδων,
789 2552 866 2615 ὼς
896 2553 992 2606 καὶ
1032 2551 1092 2606 δν
1135 2552 1295 2623 μόνον
1339 2548 1453 2623 εἶχε
1489 2553 1859 2624 παραμυθίαν,
1894 2552 1984 2605 τὸν
2015 2552 2109 2603 Tl-

533 2637 724 2708 μόθεον
750 2640 844 2691 καὶ
885 2638 1140 2692 κοινωνὸν
1170 2639 1264 2692 καὶ
1299 2638 1580 2709 συνεργὸν,
1606 2638 1796 2692 τοῦτον
1836 2641 1894 2691 ἐν
1924 2638 2107 2701 αὑτοῖς

529 2728 640 2788 τοῖς
673 2724 937 2788 κινδύνοις
965 2724 1175 2796 πέμψαι
1208 2725 1344 2795 πρὸς
1370 2726 1587 2789 αὑτούς.
1630 2726 1740 2779 Kal
1786 2727 1877 2790 είς
1903 2723 2103 2789 κενὸν,

531 2813 686 2882 φησὶ,
724 2811 968 2880 γένηται
1009 2814 1042 2865 ό
1073 2812 1262 2879 κόπος
1296 2811 1483 2882 ἡμῶν.
1528 2813 1628 2866 Διά
1660 2812 1746 2878 τί;
1786 2813 1835 2864 εἰ
1875 2811 1982 2883 γάρ
2014 2811 2107 2864 καὶ

531 2899 982 2971 παρετράπησαν,
1005 2900 1064 2951 οὑ
1096 2900 1248 2970 παρά
1269 2900 1367 2972 τὴν
1396 2899 1495 2971 σὴν
1520 2899 1719 2963 αἰτίαν,
1746 2898 1805 2951 οὑ
1837 2899 1988 2969 παρὰ
2009 2899 2109 2970 τὴν

531 2988 631 3057 σὴν
686 2984 981 3057 ῥαθυμίαν.
1029 2985 1171 3038 Ἀλλ’
1202 2986 1351 3057 ὅμως
1400 2987 1493 3040 καὶ
1538 2984 1745 3041 τούτων
1794 2984 1984 3050 ὅντων,
2019 3002 2112 3038 κε-

531 3071 798 3129 κενῶσθαί
831 3089 922 3142 μοι
949 3072 1041 3126 τὸν
1064 3072 1231 3126 κόπον
1263 3071 1469 3141 νομίζω
1499 3072 1607 3124 ἀπὸ
1638 3071 1738 3141 τῆς
1768 3071 1968 3142 πολλῆς
1990 3071 2109 3141 φιλ·

531 3159 809 3229 αδελφίας.
849 3158 943 3226 Μή
985 3174 1117 3225 πως
1178 3156 1503 3224 ἐπείρασεν
1544 3157 1700 3227 ὑμᾶς
1729 3160 1763 3211 ὁ
1803 3155 2105 3227 πειράζων.

532 3245 787 3317 Ιιειράζει
809 3245 868 3299 δέ
892 3246 991 3299 οὑκ
1019 3244 1177 3309 εἰδὼς
1207 3246 1256 3298 εί
1290 3245 1607 3299 καταϐαλεῖ.
1634 3242 1748 3300 Εῐτ’
1777 3247 1981 3309 ἐκεῖνος
2009 3245 2108 3316 μὲν

534 3334 630 3390 καὶ
672 3334 748 3397 ὼς
799 3333 900 3386 οὑκ
947 3331 1101 3397 εἰδὼς
1144 3332 1458 3402 ἐπέρχεται,
1487 3334 1649 3404 ἡμεῖς
1682 3333 1738 3387 δέ
1788 3334 1988 3397 εἰδότες
2025 3335 2107 3386 ὄτι

537 3421 740 3491 σφόδρα
776 3418 939 3472 αὑτοῦ
970 3419 1354 3491 περιεσόμεθα,
1375 3421 1437 3474 οὑ
1469 3421 1743 3491 νήφομεν;
1771 3421 1893 3475 Ὅτι
1927 3419 1982 3473 δὲ
2009 3421 2109 3473 οὐκ

535 3506 687 3569 εἰδὼς
717 3507 851 3573 ἡμῖν
893 3504 1222 3573 προσϐάλλει
1251 3519 1299 3570 ι,
1334 3507 1429 3559 ἐπὶ
1481 3507 1575 3561 τοῦ
1638 3506 1757 3560 Ἰὼϐ
1817 3507 2106 3579 ἐδήλωσεν.

539 3592 729 3658 Ἔλεγε
751 3591 854 3661 γὰρ
888 3590 1023 3659 πρὸς
1053 3590 1141 3643 τὸν
1172 3590 1302 3643 Θεὸν
1329 3592 1357 3642 6
1385 3593 1847 3663 πονηρὸς-ἐκεῖνος
1869 3594 2074 3664 δαίμων
2091 3609 2105 3624 ⁸

531 3679 614 3730 Οὐ
642 3676 724 3728 σύ
758 3674 1153 3743 περιέφραξας
1199 3675 1385 3728 αὐτοῦ
1435 3676 1505 3730 τὰ
1546 3678 1668 3729 ἔσω
1716 3679 1815 3731 καὶ
1860 3681 1932 3732 τὰ
1958 3679 2108 3744 ἕξω;

535 3761 783 3828 Περίελε
825 3760 1012 3814 αὐτοῦ
1042 3761 1112 3813 τὰ
1138 3759 1512 3830 ὑπάρχονταο
1541 3759 1578 3832 ἦ
1598 3763 1726 3831 μὴν
1760 3768 1849 3831 είς
1879 3768 2109 3833 πρόσω-

538 3852 657 3903 πόν
705 3865 778 3903 σε
829 3847 1169 3917 εὐλογήσει.
1212 3850 1487 3921 Πειράξει.
1523 3851 1620 3905 Ἂν
1653 3851 1737 3923 ίδῃ
1766 3869 1818 3905 τι
1863 3854 2106 3920 ἀσθενὲς,

537 3935 923 4009 ἐπεχείρησεν·
954 3934 1022 3988 ἂν
1076 3935 1312 4004 ἰσχυρὸν,
1361 3935 1591 4006 ἀπέστη.
1623 3938 1733 3989 Kal
1773 3941 1861 4003 είς
1904 3941 2103 4002 κενὸν,

536 4023 691 4093 φησι,
713 4021 953 4090 γένηται
978 4023 1011 4074 ό
1038 4024 1226 4087 κόπος
1254 4020 1438 4090 ἡμῶν.
1473 4022 1819 4092 Ἀκούσωμεν
1847 4024 2104 4090 ἅπαντες,

535 4109 653 4171 πῶς
694 4108 929 4177 ἔκαμνεν
976 4109 1004 4160 ὁ
1042 4108 1272 4171 Παῦλος.
1321 4108 1435 4160 Οὑκ
1468 4104 1641 4175 εἶπεν,
1689 4109 1869 4181 ἔργον,
1896 4113 2008 4165 ἀλλ’
2054 4116 2105 4167 Ὀ

532 4196 740 4261 κόποςο
756 4196 854 4246 οὑκ
868 4188 1010 4255 εἷπε,
1034 4193 1125 4246 καὶ
1141 4193 1299 4264 ὑμεῖς
1315 4193 1598 4247 ἀπολεῖσθε
1613 4195 1660 4259 ι’,
1675 4196 1810 4262 ἀλλ’,
1836 4198 1896 4251 '0
1920 4200 2106 4267 κόπος

532 4281 721 4351 ήμῶν.
752 4282 912 4333 Ὥστε
946 4281 994 4333 εί
1028 4280 1121 4332 καὶ
1150 4279 1347 4351 συνέϐη
1378 4298 1450 4343 τι,
1470 4281 1617 4347 είκὸς
1653 4282 1891 4351 ἐγίνετο·
1918 4288 2104 4359 ἐπειδὴ

530 4366 590 4421 δέ
614 4367 675 4419 οὑ
706 4366 927 4436 συνέϐη,
949 4364 1081 4418 πολὺ
1113 4365 1174 4418 τὸ
1194 4365 1407 4435 θαῦμα.
1432 4368 1615 4422 Ταῦτα
1648 4369 1747 4440 μὲν
1775 4372 2101 4443 προσεδοκή-

532 4469 727 4523 σαμεν,
768 4453 953 4522 φησὶν,
984 4451 1142 4521 ἐξέϐη
1177 4452 1235 4504 δέ
1284 4454 1354 4506 τά
1401 4453 1652 4509 ἐναντίαο
1692 4456 1752 4509 οὑ
1800 4458 1910 4528 γάρ
1945 4460 2103 4528 μόνον

532 4539 848 4611 προσθήκην
879 4538 1108 4607 θλίψεως
1158 4538 1417 4608 οὐδεμίαν
1456 4544 1585 4614 παρ’
1617 4544 1768 4613 ὑμῶν
1815 4546 2099 4614 ἐλάϐομεν,

529 4625 665 4679 ἀλλά
694 4627 787 4679 καὶ
814 4625 1176 4695 παράκλησιν.
1206 4626 1363 4693 Ἄρτι
1386 4626 1455 4681 δὲ
1483 4629 1769 4696 ἐλθόντος
1804 4633 2098 4701 Τιμοθέου,

528 4714 682 4781 φησὶ,
711 4712 863 4780 πρὸς
884 4710 1040 4780 ἡμᾶς
1070 4713 1173 4781 ἀφ’
1201 4711 1390 4782 ὑμῶν,
1416 4716 1518 4769 καί
1553 4718 2100 4788 εὐαγγελισαμένου

526 4798 671 4867 ἡμῖν
720 4800 838 4867 τὴν
880 4799 1108 4863 πίστιν,
1156 4798 1255 4852 καί
1298 4800 1414 4867 τὴν
1458 4800 1701 4870 ἀγάπην
1756 4808 1941 4873 ὑμῶν.
1986 4809 2097 4861 Kal

523 4882 1089 4955 εὐαγγελισαμένου,
1143 4887 1328 4955 φησίν.
1391 4886 1553 4958 Ὁρᾷς
1600 4890 1698 4960 τὴν
1744 4892 2098 4965 περιχάρειαν

525 4971 766 5038 Παύλου;
794 4971 909 5025 Οὑκ
943 4969 1119 5035 εῐπεν,
1147 4972 1602 5041 ἀπαγγείλαντος,
1637 4977 1773 5043 ἀλλ’,
1801 4979 2097 5050 Εὑαγγελι-

523 5058 786 5127 σαμένου·
831 5058 1083 5112 τοσοῦτον
1132 5058 1334 5126 ἀγαθὸν
1371 5061 1558 5130 ἡγεῖτο
1605 5064 1705 5133 τὴν
1754 5067 1978 5121 ἐκείνων
2009 5068 2095 5137 βε-

520 5144 746 5199 ϐαίωσιν
774 5145 868 5199 καὶ
906 5145 1005 5216 τὴν
1033 5144 1274 5215 ἀγάπην.
1313 5146 1549 5220 Ἀνάγκη
1593 5150 1702 5218 γάρ
1752 5154 1964 5223 ἐκείνης
2005 5154 2096 5224 βε-

519 5232 679 5295 ϐαίας
730 5234 995 5303 μενούσης
1059 5233 1153 5287 καὶ
1214 5232 1416 5304 ταύτην
1470 5236 1809 5307 ἐστηρίχθαι.
1863 5240 1970 5292 Kal
2027 5243 2090 5312 τῇ

517 5318 706 5388 ἀγάπῃ
736 5319 794 5371 δὲ
839 5319 1019 5372 αὐτῶν
1061 5319 1299 5391 ἔχαιρεν,
1340 5322 1424 5374 ὅτι
1464 5325 1688 5393 σημεῖον
1716 5325 1814 5395 τῆς
1858 5326 2093 5390 πίστεως

516 5398 603 5474 ἦν,
627 5404 734 5458 Kal
759 5401 847 5457 ὅτι
864 5403 1052 5471 ἔχετε,
1080 5406 1235 5474 φησὶ,
1258 5407 1476 5474 μνείαν
1498 5407 1668 5476 ἡμῶν
1694 5410 1928 5480 ἀγαθὴν
1942 5412 2091 5466 πάν-

518 5504 649 5544 τοτε
673 5489 1095 5556 ἐπιποθοῦντες
1133 5489 1295 5559 ἡμᾶς
1318 5492 1486 5557 ἰδεῖν,
1509 5494 1774 5564 καθάπερ
1799 5498 1897 5551 καί
1921 5499 2089 5567 ἡμεῖς

577 5613 604 5684 ς
731 5614 1007 5684 ςοττεριμηι
1032 5622 1093 5659 ex
1117 5609 1272 5672 Colb.,
1303 5626 1407 5675 pro,
1443 5615 1714 5684 προϐάλλει,
1743 5617 1865 5669 Enn.

577 5668 606 5715 δ
641 5669 903 5733 Ἀπόλησθε
924 5668 950 5719 ’ί

1205 273 1265 330 S.
1304 267 1594 330 JOANNIS
1626 266 2115 329 CllliYSOSTOMI
2157 266 2471 325 ARCIIIEP.
2512 266 3065 327 CONSTANTINOP.

3668 276 3785 334 ηε

2210 383 2387 453 ὑμᾶς.
2439 385 2696 439 Τουτέστι
2745 387 2881 457 μετά
2932 386 3192 440 ἐπαίνων.
3234 385 3345 457 Οὑχ
3381 387 3469 441 ὅτε
3509 390 3782 462 παρῆμεν,

2210 473 2317 527 ούδ*
2346 474 2435 527 ὅτε
2468 474 3054 545 ἐθαυματουργοῦμεν,
3083 475 3221 528 άλλά
3250 476 3342 528 καὶ
3368 475 3493 541 νῦν,
3533 466 3785 552 δτεὶπόρο

2207 561 2286 629 ῥω
2343 559 2532 630 ἐσμὲν,
2585 560 2680 613 καὶ
2716 559 3110 631 μαστιζόμεθα,
3158 554 3478 633 καῖ’μυρία
3507 563 3787 635 πάσχομεν

2201 645 2372 710 δεινὰ,
2413 645 2600 716 μνείαν
2646 647 2803 717 ἡμῶν
2850 646 3064 717 ἀγαθήν
3110 647 3284 718 ἔχετε.
3329 648 3625 703 Ἀκούσατε
3669 653 3787 715 πῶς

2204 732 2573 802 θαυμάζονται
2598 732 2840 803 μαθηταὶ
2866 733 3058 802 μνείαν
3074 732 3285 803 ἀγαθήν
3305 734 3435 804 περὶ
3455 734 3788 789 διδασκάλων

2204 818 2441 888 ἔχοντες,
2503 819 2621 882 πῶς
2688 819 3103 889 μακαρίζονται.
3158 819 3474 890 Μιμώμεθα
3536 821 3784 884 τούτους·

2202 909 2353 976 ἡμᾶς
2383 907 2493 977 γὰρ
2523 907 2722 970 αὐτοὺς
2750 906 3093 977 ὠφελοῦμεν,
3126 909 3187 961 οὑ
3214 910 3341 972 τοὺς
3368 910 3784 980 ἀγαπωμένους.

2216 992 2677 1057 Ἑπιποθοῦντες
2720 992 2901 1062 ἡμᾶς,
2942 995 3128 1064 φησὶν,
3174 992 3345 1059 ιδεῖν,
3381 995 3646 1062 καθάπερ
3692 996 3788 1049 και

2205 1081 2383 1150 ἡμεῖς
2403 1079 2579 1151 ὑμᾶς.
2614 1081 2722 1134 Καὶ
2757 1081 2917 1145 τοῦτο
2955 1082 3013 1135 δὲ
3061 1082 3256 1144 αὑτοὺς
3285 1083 3543 1153 εὑφρανε.
3576 1084 3650 1135 Τὺ
3680 1084 3787 1153 γάρ

2211 1168 2403 1237 μαθεῖν
2428 1168 2519 1220 τὸν
2551 1167 2831 1235 φιλοῦντα,
2857 1169 2939 1221 ὃτι
2988 1168 3149 1222 τοῦτο
3186 1162 3330 1222 οἶδεν
3374 1172 3403 1223 6
3447 1169 3788 1240 φιλούμενος,

2198 1254 2288 1307 ’ὅτι
2318 1254 2577 1322 φιλεῖται,
2603 1254 2773 1324 πολλὴ
2803 1253 3131 1325 παραμυθία
3162 1256 3258 1308 καὶ
3296 1255 3663 1325 παράκλησις.
3692 1258 3791 1309 Διά

2204 1339 2380 1393 τοῦτο
2410 1341 2897 1410 παρεκλήθημεν,
2919 1340 3192 1410 ἀδελφοί,
3216 1340 3306 1409 ἐφ’
3328 1341 3470 1410 ὑμῖν
3497 1341 3595 1394 ἐπὶ
3627 1340 3790 1407 πάσῃ

2205 1424 2280 1493 τῇ
2312 1426 2513 1494 θλίψει
2549 1426 2649 1480 καί
2693 1426 2927 1496 ἀνάγκῃ
2970 1427 3143 1496 ἡμῶν
3185 1425 3284 1479 διὰ
3328 1424 3440 1494 τῆς
3482 1424 3651 1495 ὐμῶν
3696 1426 3792 1480 πίε

2204 1526 2427 1577 στεως·
2479 1513 2568 1567 ὅτι
2609 1513 2728 1567 νῦν
2775 1513 2979 1582 ζῶμεν,
3021 1513 3131 1567 ἐὰν
3169 1513 3339 1581 ὑμεῖς
3401 1513 3670 1579 στήκητε
3726 1514 3791 1567 ἐν

2203 1602 2421 1668 Κυρίῳ.
2455 1601 2521 1653 Τί
2550 1601 2767 1655 Παύλου
2805 1601 2921 1653 ίσον
2948 1600 3146 1669 γένοιτ’
3177 1599 3265 1667 ἂν,
3293 1600 3352 1663 ὃς
3383 1600 3482 1667 τὴν
3509 1600 3623 1653 τῶν
3657 1600 3790 1669 πλη-

2208 1687 2323 1739 σίον
2367 1687 2642 1758 σωτηρίαν
2686 1686 2933 1756 ἐνόμιζεν
2981 1682 3123 1739 εῖναι
3164 1685 3265 1755 τὴν
3293 1686 3512 1751 ἐαυτοῦ,
3544 1685 3791 1756 καθάπερ

2207 1771 2356 1845 [ίὸιί]
2387 1773 2548 1842 σῶμα
2592 1772 2731 1844 πρὸς
2781 1771 3110 1843 μέλη,·οὑτω
3150 1772 3286 1842 πρὸς
3318 1774 3528 1836 πάντας
3574 1772 3791 1825 διακεί-

2209 1875 2367 1929 μενος
2380 1875 2395 1923 ;
2410 1860 2492 1923 τίς
2506 1858 2793 1929 δυνήσεται
2808 1858 3012 1929 ταύτην
3031 1857 3188 1929 ῥῆξαι
3206 1859 3302 1928 τὴν
3320 1859 3502 1928 φωνὴν
3518 1856 3616 1911 νῦν
3635 1877 3651 1923 ;
3673 1858 3792 1929 μᾶλ-

2205 1944 2293 1997 λον
2315 1944 2373 1996 δὲ
2392 1944 2475 2007 τίς
2503 1944 2791 2015 δυνήσεται
2829 1942 2970 1997 οὑτω
3004 1944 3271 2014 φρονῆσαί
3306 1961 3466 2011 ποτε;
3495 1945 3612 1998 Οὑκ
3643 1944 3789 2013 ἡξίου

2205 2031 2364 2100 χάριν
2396 2030 2598 2093 αὐτοὺς
2626 2031 2824 2084 εἰδέναι
2853 2030 3003 2102 αὑτῷ
3031 2031 3139 2084 τῶν
3168 2030 3493 2102 πειρασμῶν
3521 2031 3634 2084 τῶν
3660 2031 3790 2099 ὑπὲρ

2206 2117 2404 2180 αὑτῶν,
2441 2117 2577 2171 ἀλλὰ
2602 2118 2760 2189 χάριν
2803 2119 2985 2181 αὑτοῖς
3015 2118 3151 2188 ᾔδει,
3181 2119 3259 2171 ὅτι
3293 2119 3394 2172 οὑκ
3422 2118 3791 2188 ἐσαλεύθησαν

2204 2204 2292 2258 διά
2322 2204 2451 2267 τοὺς
2492 2205 2835 2275 πειρασμοὺς
2882 2205 3009 2267 τοὺς
3056 2204 3222 2258 αὑτοῦ
3244 2221 3257 2235 ·
3286 2204 3364 2268 ὡς
3395 2203 3462 2258 ἂν
3491 2207 3542 2258 εί
3583 2205 3786 2274 ἔλεγεν,

2206 2295 2287 2347 ὅτι
2318 2293 2478 2364 Ὑμῖν
2499 2293 2720 2364 μᾶλλον,
2744 2293 2777 2364 ἡ
2808 2294 2937 2364 ἡμῖν
2960 2293 3069 2347 ἀπὸ
3094 2292 3205 2347 τῶν
3230 2293 3556 2364 πειρασμῶν
3582 2292 3793 2363 ἐγένετο

2207 2380 2377 2450 βλάϐη
2394 2396 2421 2441 °,
2441 2380 2601 2450 ὑμεῖς
2628 2380 2991 2451 ἐπειράσθητε
3040 2380 3242 2451 μᾶλλον
3267 2381 3298 2452 ἡ
3333 2383 3517 2451 ἡμεῖς,
3552 2380 3716 2450 ὑμεῖς
3742 2380 3790 2433 οι

2208 2465 2371 2536 μηδὲν
2390 2464 2672 2529 παθόντες,
2695 2464 2855 2535 ἡμῶν
2876 2466 2984 2518 τῶν
3013 2464 3314 2520 παθόντων.
3355 2465 3571 2537 Ἐπειδὴ
3595 2466 3784 2528 ταῦτα,

2206 2552 2391 2622 φησὶν,
2421 2551 2813 2621 εὐηγγελίσατο
2846 2553 2994 2621 ἡμᾶς
3026 2555 3055 2606 6
3095 2552 3378 2623 Τιμόθεος,
3409 2553 3560 2607 οὐδὲν
3601 2552 3790 2607 ιιίσθα⁴

2205 2638 2409 2708 νόμεθα
2458 2638 2567 2690 τῶν
2625 2638 2907 2708 λυπηρῶν,
2955 2638 3123 2705 ἀλλά,
3173 2640 3672 2707 Παρεκλήθημεν.
3698 2639 3790 2692 ἐπι

2204 2725 2371 2793 πάσῃ
2410 2723 2485 2793 τῇ
2524 2726 2758 2793 θλίψευ
2788 2725 2847 2777 οὑ
2879 2724 3051 2797 ταύτῃ
3085 2725 3143 2779 δὲ
3193 2726 3377 2796 μόνον,
3409 2726 3548 2779 ἀλλά
3582 2726 3685 2780 καὶ
3720 2723 3792 2793 τῇ

2204 2812 2435 2881 ἀνάγκη
2487 2809 2678 2879 ἡμῶν,
2732 2811 2926 2882 φησίνσ
2985 2813 3230 2877 εἰκότως.
3287 2812 3632 2868 Διδασκάλου
3692 2811 3792 2882 γάρ

2210 2896 2422 2965 ἀγαθοῦ
2453 2897 2603 2950 οὑδέν
2640 2896 2706 2950 ἂν
2738 2897 2933 2965 ἅψαιτο
2964 2898 3171 2964 λοιπὸν,
3216 2899 3323 2962 ἐως
3351 2900 3417 2955 ἂν
3448 2900 3517 2953 τά
3547 2900 3669 2953 τῶν
3696 2916 3790 2970 μα-

2206 2984 2384 3055 θητῶν
2408 2985 2546 3040 κατά
2577 2985 2804 3056 γνώμην
2830 2985 2978 3056 αὑτῷ
3024 2990 3312 3059 προχωρῇ.
3333 2986 3409 3042 Δι’
3431 2986 3617 3058 ὑμῶν,
3645 2987 3790 3057 φησὶ.

2206 3071 2633 3143 παρεκλήθημεν
2651 3089 2665 3105 ·
2698 3072 2997 3137 τουτέστιν,
3026 3072 3187 3143 ὑμεῖς
3215 3074 3363 3144 ἡμᾶς
3389 3073 3782 3146 ἐστερεώσατε.

2206 3161 2318 3214 Καὶ
2362 3160 2467 3232 μὴν
2500 3160 2812 3216 τούναντίον
2853 3156 2955 3232 ἦν·
2989 3161 3050 3213 τὸ
3099 3162 3208 3234 γάρ
3260 3163 3536 3224 παθόντας
3585 3163 3671 3234 μή
3713 3164 3790 3216 ἐν·

2205 3249 2411 3314 δοῦναι,
2444 3249 2580 3302 ἀλλά
2604 3248 2798 3318 στῆναι
2833 3249 3117 3318 γενναίως,
3157 3251 3341 3305 ἱκανὸν
3371 3252 3499 3316 τοὺς
3542 3251 3789 3325 μαθητὰς

2208 3336 2478 3408 στηρίξαι.
2520 3335 2659 3388 Ἀλλ’
2686 3335 2845 3397 αὑτὸς
2871 3336 3016 3390 άπαν
3048 3337 3359 3393 τούναντίον
3388 3340 3554 3403 ποιεῖ,
3578 3340 3684 3393 καὶ.
3718 3342 3790 3403 είς

2207 3421 2449 3486 ἐκείνους
2514 3421 2832 3493 περιτρέπει
2894 3423 2957 3476 τὺ
3034 3423 3341 3495 ἐγκώμιον·
3414 3425 3573 3495 ὑμεῖς
3654 3426 3790 3498 ἡμᾶς

2204 3510 2485 3583 ἠλείψατε,
2513 3511 2711 3579 φησίν·
2742 3512 2899 3582 ὑμεῖς
2929 3510 3061 3581 ἡμῖν
3107 3509 3448 3565 ἀναπνεῦσαι
3486 3511 3785 3568 δεδώκατε·

2207 3598 2365 3666 ὑμεῖς
2397 3596 2499 3650 οὑκ
2535 3598 2782 3668 ἀφήκατε
2828 3596 2937 3649 τῶν
2982 3597 3303 3668 πειρασμῶν
3340 3596 3656 3655 αίσθέσθαι.
3688 3598 3788 3653 Καὶ

2206 3687 2306 3739 οὑκ
2369 3681 2543 3749 εἶπεν,
2605 3684 3033 3754 ἀνεπνεύσαμεν,
3093 3685 3238 3751 οὐδὲ,
3282 3685 3784 3759 παρεμυθήθημεν·

2207 3771 2344 3827 ἀλλὰ
2366 3775 2452 3838 τί;
2476 3771 2606 3825 Νῦν
2634 3770 2846 3840 ζῶμεν*
2873 3770 3086 3835 δεικνὺς
3120 3774 3203 3829 ὅτι
3243 3774 3337 3826 καὶ
3363 3774 3679 3846 πειρασμὸν
3701 3774 3787 3827 καὶ

2208 3858 2437 3913 θάνατον
2485 3857 2637 3911 οὐδὲν
2690 3858 2819 3912 ἄλλο
2871 3860 3108 3929 ἡγεῖται,
3153 3858 3186 3930 ἢ
3246 3858 3309 3913 τὸ
3373 3859 3682 3915 σκάνδαλον
3732 3858 3789 3913 τὸ

2206 3944 2447 4008 ἐκείνων,
2470 3945 2603 4001 ὅπου
2635 3960 2699 4013 γε
2728 3944 2823 3998 καὶ
2852 3942 2997 4016 ζωὴν
3026 3945 3147 4014 »τὴν
3202 3945 3427 3998 ἐκείνων
3473 3947 3783 4017 προκοπήν.

2206 4030 2332 4093 Πῶς
2361 4030 2426 4083 ἂν
2467 4030 2625 4093 ἀλλος
2663 4041 2790 4093 τιςο
2822 4031 2855 4103 ἡ
2883 4031 2980 4101 τὴν
3014 4030 3191 4101 λύπην
3242 4030 3339 4101 τὴν
3388 4032 3483 4085 ἐπὶ
3550 4036 3626 4104 τῇ
3686 4031 3786 4085 τῶν

2208 4117 2466 4188 μαθητῶν
2506 4116 2851 4189 ἀσθενεία,ἢ
2919 4119 3018 4187 τὴν
3080 4117 3254 4188 χαράν
3310 4118 3625 4189 ἐδήλωσεν;
3676 4119 3782 4171 Οὑκ

2205 4199 2345 4267 εἶπε,
2377 4205 2659 4275 χαίρομεν,
2704 4204 2858 4271 ἀλλά,
2889 4205 3111 4274 Ζώμεν,
3144 4204 3288 4277 ζωὴν
3313 4203 3487 4275 λέγων
3521 4205 3628 4278 τὴν
3659 4204 3782 4277 μέλι

2174 4302 2181 4309 ·
2204 4288 2420 4343 λουσαν.

2273 4383 2343 4447 γ’.
2383 4378 2546 4431 Ὥστε
2589 4378 2719 4432 ἄνευ
2750 4377 2940 4433 τούτου
2966 4378 3088 4433 οὑδέ
3117 4380 3217 4451 ζῇν
3241 4381 3302 4434 τδ
3338 4379 3439 4453 ζῇν
3470 4382 3774 4455 ἡγούμεθα.

2202 4465 2356 4519 Οὕτω
2388 4466 2513 4528 τοὺς
2550 4465 2899 4530 διδασκάλους
2948 4466 3251 4521 διακεῖσθαι
3297 4469 3427 4544 χρὴ,
3471 4468 3620 4529 οὑτω
3659 4472 3779 4531 τοὺς

2210 4550 2478 4621 μαθητὰς,
2514 4552 2608 4605 καὶ
2635 4551 2788 4604 οὐδὲν
2810 4551 3007 4605 ἀτοπον
3030 4552 3181 4606 ἔσται
3209 4555 3365 4614 ποτέ,
3392 4550 3531 4609 Εἶτα
3562 4557 3778 4632 προσλι-

2202 4636 2408 4690 παίνων
2432 4636 2582 4702 αὐτὸ,
2597 4637 2697 4708 δρα
2715 4636 2768 4689 τί
2794 4654 2949 4708 φησι’
2983 4639 3123 4701 Τίνα
3142 4638 3253 4709 γὰρ
3273 4642 3671 4709 εὐχαριστίαν
3683 4642 3779 4695 δυ-

2200 4721 2424 4791 νάμεθα
2440 4722 2517 4788 τῷ
2536 4722 2658 4789 Θεῷ
2671 4723 3114 4779 ἀνταποδοῦναι
3130 4726 3263 4794 περὶ
3280 4725 3449 4796 ὑμῶν
3475 4728 3579 4785 ἐπὶ
3610 4728 3775 4794 πάσῃ

2198 4808 2274 4878 τῇ
2293 4809 2466 4879 χαρᾷ,
2482 4805 2524 4883 ᾗ
2558 4812 2844 4880 χαίρομεν
2866 4811 2941 4865 δι’
2973 4812 3127 4882 ὑμᾶς
3146 4814 3488 4883 ἔμπροσθεν
3507 4818 3615 4872 τοῦ
3630 4813 3775 4870 Θεοῦ

2198 4896 2615 4964 ὴμῶν,νυκτὸς
2641 4897 2739 4951 καὶ
2762 4897 2986 4967 ἡμέρας
3015 4901 3538 4969 ὑπερεκπερισσώ
3570 4902 3771 4972 δεόμε-

2196 5000 2291 5036 νοι
2311 4986 2398 5049 εἰς
2433 4983 2499 5037 τὸ
2536 4983 2686 5039 ίδεῒν
2721 4983 2891 5054 ὑμῶν
2912 4986 2979 5040 τὸ
3005 4987 3346 5054 πρόσωπον.
3374 4988 3476 5044 καὶ
3498 4989 3770 5059 καταρτί-

2196 5085 2301 5122 σαι
2322 5069 2394 5122 τὰ
2413 5070 2793 5139 ὑστερήματα
2819 5070 2929 5140 τῆς
2951 5074 3210 5140 πίστεως
3232 5076 3435 5144 ὑμῶν;
3452 5076 3583 5148 Οὑχὶ
3601 5074 3767 5149 ζωῆς,

2197 5157 2381 5227 φησὶν,
2404 5158 2565 5210 αίτιοι
2597 5159 2953 5229 ἡμῖνγεγένη
2964 5160 3057 5213 σθε
3087 5161 3269 5230 μόνον,
3290 5162 3426 5216 ἀλλά
3448 5164 3541 5223 καὶ
3568 5164 3768 5233 εὐφρο-

2197 5243 2360 5313 σύνης
2393 5243 2611 5314 πολλῆς,
2645 5247 2737 5298 καὶ
2778 5246 3064 5314 τοσαύτης,
3099 5248 3176 5311 ὡς
3207 5249 3344 5318 μηδέ
3373 5250 3768 5320 εὑχαριστῆσαι

2193 5329 2452 5384 δύνασθαι
2480 5331 2554 5401 τῷ
2586 5330 2705 5401 Θεῷ
2731 5332 2853 5385 κατ’
2880 5333 3059 5397 ἀξίαν.
3102 5334 3175 5386 Τὸ
3204 5335 3357 5404 ὑμῶν
3378 5334 3405 5375 ει
3437 5335 3767 5406 κατόρθωμα

2191 5415 2361 5485 δῶρον
2391 5414 2549 5484 εἶναι,
2580 5420 2734 5488 φησὶ,
2757 5417 2850 5471 τοῦ
2876 5418 3011 5473 Θεοῦ
3034 5420 3316 5492 ἡγούμεθα
3337 5438 3351 5454 ·
3375 5424 3594 5477 τοιαῦτα
3616 5423 3765 5493 ἡμᾶς

2255 5564 2278 5627 ς
2312 5563 2560 5627 Εςεὶἀγίδςε
2581 5565 2774 5616 videtur
2796 5568 2964 5627 οὕτως,
2989 5569 3067 5618 vel
3110 5566 3270 5617 simile
3292 5568 3592 5620 adverbium.
3624 5568 3758 5618 ῐίικτ.

2253 5623 2279 5699 d_
2317 5625 2598 5689 Legebatur
2618 5630 2771 5690 ἡμῶν.
2810 5623 3138 5693 Corréximus,
3171 5633 3455 5699 postulante
3495 5633 3760 5688 sententi).

2192 5683 2329 5735 Εοιι.
