4010 6142
252 294 352 352 117

254 411 373 480 (Job
404 407 460 463 2.
485 408 568 475 9).
603 405 734 463 Vide
759 404 1027 478 quomodo
1057 405 1226 474 ipsam
1273 401 1574 456 tcutaverit.
1601 398 1710 453 Cur
1739 413 1834 450 au-

257 515 365 558 tem
399 518 506 556 non
534 502 705 567 dixit,
736 497 1101 561 Label'ecerit,
1147 494 1238 549 sed
1262 535 1277 558 ,
1327 491 1657 545 Tentat-erit?
1688 489 1834 554 Quo-

263 594 406 648 niam
435 602 663 654 tantum.
700 591 888 660 inquit,
913 588 1215 657 suspicatus
1241 600 1357 639 sum
1392 599 1489 638 vos
1517 597 1636 636 esse
1664 589 1836 636 tcuta-

259 695 376 739 tos:
402 699 507 739 non
535 683 678 738 enim
706 681 824 750 ejus
848 680 1194 733 tentationem
1220 683 1374 728 vocat
1400 671 1832 731 commotionem.

258 775 390 830 Nam
421 777 508 845 qui
539 775 656 842 ejus
701 771 936 826 admittit
985 770 1254 824 incursum
1285 776 1338 820 et
1387 764 1761 834 irruptionem,
1790 761 1836 816 is

258 875 339 918 est
388 863 733 918 labefactatus
779 869 833 916 et
874 866 1195 913 commotus.
1260 856 1451 925 Papa!
1511 861 1707 923 quanta
1755 861 1837 906 est

258 956 408 1010 Pauli
437 952 808 1009 benevolentia
836 953 849 1005 l
881 965 987 1004 non
1020 949 1236 1004 fuerunt
1261 950 1308 1002 ei
1331 962 1472 1001 cum
1497 944 1833 1008 afﬁictiones,

257 1059 359 1100 nec
389 1043 616 1100 insidia}.
661 1042 866 1111 Opinor
905 1041 1049 1096 enim
1080 1056 1203 1095 eum
1244 1049 1366 1092 tunc
1405 1037 1513 1092 illic
1553 1035 1833 1091 mansisse.

254 1133 412 1189 Sicut
457 1132 587 1188 dicit
640 1131 986 1198 Lucas,eum
1030 1130 1080 1183 in
1135 1129 1356 1183 Hellade
1411 1127 1672 1182 mansisse
1726 1134 1836 1178 tres

254 1238 508 1288 menses,
554 1238 676 1278 cum
722 1223 770 1277 ei
817 1233 1034 1276 structae
1065 1218 1292 1274 fuissent
1333 1217 1541 1273 insidiae
1568 1231 1598 1270 a
1637 1215 1836 1270 Judaﬁs

251 1317 400 1382 (Act.
430 1315 521 1370 20.
551 1316 634 1384 ὅ).

329 1407 384 1460 2.
410 1407 525 1461 Non
552 1421 682 1475 ergo
729 1406 774 1460 ci
802 1420 944 1459 cura:
969 1411 1120 1458 erant
1151 1401 1405 1474 pericula,
1437 1397 1532 1454 sed
1557 1397 1828 1466 discipuli.

259 1498 429 1553 Vides
450 1497 588 1567 quod
611 1496 855 1567 quemvis
872 1493 1162 1551 naturalem
1182 1503 1386 1564 patrem
1413 1491 1830 1560 exsuperat-erit.

256 1588 393 1643 Nam
432 1603 530 1642 nos
556 1587 771 1657 quidem
790 1587 840 1640 in
868 1586 1246 1641 afﬂictionibus
1270 1593 1325 1639 et
1355 1584 1605 1654 periculis
1633 1596 1836 1636 memo—

255 1682 394 1734 riam
423 1681 657 1734 omnium
704 1679 1055 1747 expellimus:
1092 1680 1204 1747 ipse
1228 1687 1407 1732 autem
1453 1676 1520 1731 de
1551 1675 1672 1730 ﬁliis
1699 1674 1834 1729 adeo

259 1772 546 1826 timebatet
571 1771 850 1833 tremebat,
873 1779 932 1824 ut
951 1785 1108 1839 quem
1125 1770 1512 1824 consolatorem
1541 1767 1712 1823 solum
1736 1768 1833 1821 ha-

255 1863 416 1916 bebat
468 1861 806 1915 Timotheum
845 1868 898 1914 et
925 1861 1251 1928 adjmorcm,
1285 1875 1407 1914 eum
1441 1860 1492 1912 in
1528 1859 1656 1927 ipsis
1685 1857 1830 1927 peric

253 1953 393 2006 culis
443 1953 678 2006 mitteret
721 1951 788 2004 ad
838 1966 950 2004 eos.
987 1951 1048 2004 Et
1091 1952 1260 2004 inanis
1309 1951 1401 2019 ﬁat
1449 1951 1590 2004 labor
1639 1959 1831 2004 noster.

253 2043 476 2109 Quare?
521 2058 646 2096 nam
674 2043 776 2096 etsi
803 2043 976 2096 eversi
1006 2051 1206 2105 essent,
1243 2058 1347 2096 non
1381 2051 1470 2097 tua
1501 2043 1676 2112 culpa,
1725 2059 1834 2096 non

256 2144 344 2186 tua
377 2132 624 2186 socordia
650 2132 703 2186 id
725 2132 1027 2186 accidisset.
1050 2132 1152 2186 Sed
1179 2142 1357 2188 tamen
1375 2134 1533 2187 rebus
1557 2134 1624 2186 ita
1654 2147 1716 2187 se
1737 2132 1836 2186 ba-

255 2223 534 2285 bentibus,
592 2223 802 2276 inanem
830 2221 995 2275 fuisse
1032 2222 1281 2276 existimo
1327 2222 1457 2276 mihi
1491 2222 1728 2276 laborem
1769 2237 1834 2276 ex

255 2313 432 2365 nndto
461 2311 698 2366 fraterno
745 2326 948 2365 amore.
982 2309 1065 2364 Ne
1091 2314 1222 2382 forte
1251 2313 1511 2366 tentaoerit
1555 2328 1639 2365 uos
1680 2313 1722 2364 is
1751 2313 1838 2380 qui

252 2411 437 2456 (θηται.
469 2403 663 2456 Tentat
715 2411 894 2457 autem
942 2403 1188 2457 nesciens
1223 2418 1292 2457 an
1337 2404 1408 2457 sit
1453 2411 1830 2472 proslraturus.

251 2492 462 2548 Deinde
483 2493 576 2547 ille
597 2493 831 2562 quidem,
857 2493 1019 2546 etiam
1059 2501 1114 2546 nt
1140 2509 1245 2546 non
1292 2496 1470 2548 sciens
1495 2494 1831 2562 aggreditur;

248 2602 349 2640 nos
371 2594 580 2649 autem,
604 2584 838 2638 scientes
857 2598 954 2638 nos
984 2599 1104 2637 eum
1136 2585 1290 2654 longe
1317 2594 1664 2653 superaturos
1691 2599 1832 2650 esse,

252 2678 440 2746 vigiles
462 2691 570 2731 non
601 2691 786 2730 sumus
806 2677 827 2728 ?
849 2675 1000 2741 Quod
1028 2683 1206 2729 autem
1236 2678 1486 2731 nesciens
1517 2691 1612 2730 nos
1644 2692 1832 2746 aggre-

249 2768 446 2830 diatur,
479 2767 530 2820 in
572 2768 674 2824 Job
699 2769 953 2824 ostendit.
1001 2769 1110 2824 Deo
1141 2769 1283 2823 enim
1330 2768 1541 2822 dicebat
1571 2769 1834 2837 malignus

251 2860 340 2914 ille
368 2861 583 2915 daemon
615 2876 630 2915 :
665 2859 850 2914 Nonne
879 2869 931 2913 tu
975 2877 1054 2912 res
1098 2861 1207 2929 ejus
1233 2877 1346 2929 qua:
1385 2869 1432 2912 et
1471 2861 1606 2912 intus
1631 2869 1676 2913 et
1707 2861 1833 2928 foris

251 2959 368 3002 sunt
387 2950 656 3002 nmniisti?
682 2950 838 3019 Aufer
858 2951 967 3019 ejus
993 2949 1280 3019 facultates,
1311 2959 1442 3003 certe
1461 2949 1513 3001 in
1537 2950 1719 3020 faciem
1746 2950 1833 3002 tibi

251 3039 508 3092 benedicet
540 3038 658 3109 (Job
689 3041 740 3094 1.
774 3040 860 3094 10.
892 3040 1005 3109 ti).
1036 3040 1248 3094 Tentat.
1299 3039 1358 3094 Si
1402 3039 1594 3093 viderit
1627 3039 1828 3109 aliquid

253 3131 602 3193 imbecillum,
658 3131 892 3196 invadit;
925 3132 968 3185 si
1018 3132 1274 3197 validum,
1307 3131 1532 3187 recedit.
1569 3130 1637 3183 Et
1665 3131 1830 3184 inanis

250 3224 359 3289 ﬁat,
392 3223 584 3292 inquit,
618 3222 757 3276 labor
786 3234 973 3276 noster.
1002 3223 1295 3277 Audiamus
1322 3237 1529 3286 omnes,
1562 3221 1830 3292 quomodo

253 3314 571 3370 laboraverit
599 3316 814 3369 Paulus.
845 3316 960 3370 Non
983 3315 1134 3370 dixit.
1155 3316 1320 3385 Opus,
1348 3315 1464 3382 sed,
1496 3316 1696 3381 Labor;
1722 3332 1826 3370 non

251 3403 400 3466 dixit,
423 3405 493 3457 Et
509 3419 602 3457 vos
617 3405 890 3473 peribitis;
925 3405 1040 3467 sed,
1072 3405 1239 3458 Labor
1268 3415 1454 3461 noster.
1473 3408 1826 3474 Quamobrem

251 3494 295 3545 si
340 3493 543 3564 aliquid
587 3494 892 3561 accidisset,
921 3497 1284 3550 verisimilitcr
1324 3508 1638 3552 eventurum
1667 3508 1781 3552 erat
1809 3513 1823 3550 :

251 3583 503 3649 quoniam
533 3592 707 3637 autem
737 3599 842 3638 non
873 3586 1084 3652 accidit,
1119 3586 1276 3641 valde
1304 3597 1388 3642 est
1433 3589 1823 3642 admirandum.

256 3670 384 3724 llaec
416 3671 654 3739 quidem,
682 3672 872 3740 inquit,
905 3677 1346 3742 exspectavimus,
1395 3689 1689 3733 evenerunt
1729 3695 1825 3733 au-

255 3774 362 3816 tem
385 3765 653 3817 contraria
681 3782 692 3816 :
715 3781 820 3819 non
839 3768 1010 3822 solum
1025 3769 1165 3822 enim
1189 3770 1384 3825 nullam
1410 3773 1712 3827 afﬂictionis
1732 3788 1827 3827 ac-

254 3854 554 3908 cessionem
582 3871 610 3909 a
642 3856 792 3910 vobis
818 3859 1138 3928 accepimus,
1179 3861 1270 3915 sed
1299 3863 1460 3916 etiam
1502 3864 1824 3918 consolatio-

255 3958 398 3996 nem.
435 3942 588 3998 Nunc
612 3956 780 4000 autem
809 3949 1030 4003 ueniente
1061 3949 1315 4004 Timotheo
1341 3954 1407 4005 ad
1430 3970 1519 4006 nos
1539 3971 1568 4006 a
1595 3955 1750 4017 vobis,
1779 3965 1822 4007 et

250 4036 585 4089 annuntiante
607 4037 749 4091 nobis
777 4040 928 4107 [idem
955 4049 1001 4094 et
1034 4041 1293 4094 caritatem
1341 4053 1576 4096 vestram.
1605 4042 1824 4096 Annuu-

251 4124 421 4190 tiante,
457 4126 644 4196 inquit.
697 4129 853 4184 Vides
897 4145 1144 4200 magnam
1194 4132 1344 4186 Pauli
1399 4133 1637 4186 laetitiam
1665 4133 1820 4186 ?Non

249 4221 402 4285 dixit,
428 4226 814 4290 ἀπαγγείλαντος,
844 4226 894 4279 id
927 4237 1032 4292 est,
1066 4227 1368 4289 nuntiante,
1402 4227 1496 4281 sed
1521 4232 1822 4292 εὐαγγελισα-

248 4321 408 4378 μένου,
441 4312 490 4366 id
519 4325 619 4378 est,
661 4318 832 4372 fausta
885 4319 1165 4372 nuntiante
1193 4337 1206 4371 :
1240 4327 1444 4372 tantum
1485 4320 1822 4373 existimabat

250 4401 448 4456 bonum
477 4405 683 4460 illorum
718 4409 1046 4472 firmitatem,
1073 4417 1126 4464 et
1155 4411 1456 4464 caritatem.
1485 4410 1713 4465 Necesse
1739 4418 1821 4464 est

248 4491 389 4543 enim
419 4491 505 4546 illa
532 4494 680 4550 ﬁrma
712 4507 963 4552 manente
995 4508 1050 4552 et
1077 4499 1277 4564 Stabili,
1308 4499 1446 4553 hanc
1473 4515 1682 4569 quoque
1700 4515 1820 4555 esse

247 4578 450 4634 ﬁrmam
495 4598 557 4638 ac
601 4587 870 4641 stabilem.
921 4587 1224 4643 luctabatur
1274 4600 1450 4642 autem
1501 4597 1554 4642 et
1604 4597 1819 4657 propter

247 4668 481 4735 ipsorum
511 4677 808 4743 caritatem,
853 4678 994 4746 quod
1043 4693 1103 4732 ea
1158 4689 1302 4732 esset
1347 4680 1552 4747 signum
1584 4678 1722 4740 ﬁdei,
1755 4677 1817 4730 Et

241 4760 394 4825 quod,
425 4762 617 4831 inquit,
650 4768 944 4820 memoriam
967 4770 1124 4821 nostri
1153 4769 1342 4823 habetis
1372 4785 1567 4839 semper
1609 4769 1812 4834 bonam,

243 4851 582 4907 desiderans“
628 4874 718 4909 nos
749 4859 935 4922 videre,
963 4860 1091 4912 sicut
1137 4869 1183 4912 et
1228 4876 1319 4913 nos
1349 4876 1543 4928 quoque
1567 4875 1674 4912 vos.
1705 4858 1816 4919 Hoc

237 4950 320 4992 est
350 4956 472 4993 cum
523 4943 769 5002 laudibus
814 4967 826 5001 :
872 4966 979 5004 non
1025 4951 1240 5019 quando
1291 4952 1594 5015 aderamus,
1642 4966 1814 5020 neque

236 5030 452 5095 quando
507 5033 759 5090 miracula
803 5039 1163 5108 faciebamus;
1215 5042 1308 5097 sed
1362 5058 1502 5097 nunc
1554 5057 1806 5112 quoque,

235 5122 451 5187 quando
479 5127 660 5190 procul
703 5129 976 5194 absumus,
1010 5142 1065 5185 et
1092 5131 1270 5201 ﬂagris
1309 5133 1564 5187 caedimur
1590 5143 1644 5188 et
1673 5134 1810 5186 mala

237 5211 466 5274 patimur
489 5215 912 5282 innumerabilia,
945 5223 1258 5276 memoriam
1283 5226 1446 5278 nostri
1490 5224 1694 5279 habetis
1719 5225 1810 5278 bo-

238 5318 380 5354 nam.
411 5305 606 5359 Audite
633 5311 904 5377 quomodo
954 5311 1006 5365 in
1035 5312 1391 5368 admiratione
1423 5314 1682 5368 habentur
1723 5314 1808 5367 di-

233 5395 459 5462 scipuli,
507 5397 574 5450 de
620 5403 890 5466 magistris
937 5404 1134 5458 bonam
1184 5405 1440 5461 habentes
1473 5408 1802 5470 memoriam,

234 5489 498 5550 quomodo
528 5487 662 5544 beati
689 5495 1045 5560 prwdicantur
1069 5514 1081 5548 :
1109 5511 1202 5550 eos
1221 5498 1520 5551 imitemur:
1547 5513 1642 5551 nos
1665 5499 1806 5551 enim

235 5579 372 5642 ipsos
393 5577 721 5646 juvabimus,
755 5599 861 5637 non
890 5601 984 5640 eos
1026 5586 1113 5654 qui
1145 5587 1451 5655 diliguntur.
1500 5585 1807 5640 Desideran-

235 5675 303 5718 tes
335 5684 422 5722 nos
448 5670 636 5738 ridere,
661 5675 789 5728 sicut
816 5687 860 5729 et
890 5694 979 5731 nos
1008 5695 1112 5731 vos.
1145 5678 1254 5734 lioc
1293 5694 1502 5750 quoque
1534 5680 1679 5750 ipsos
1714 5681 1804 5733 he-

1087 287 1154 345 iN
1190 281 1406 342 EPIST.
1449 284 1467 337 t
1531 284 1622 338 AD
1660 281 1984 337 TllESSAl..
2025 283 2175 338 CAP.
2218 282 2304 340 tit.
2345 284 2574 344 llOMiL.
2615 287 2706 347 IV.

3409 294 3516 350 M8

1944 398 2056 453 titia
2099 398 2384 456 afﬁciebal.
2416 402 2547 457 Nam
2605 404 2744 473 quod
2775 404 2864 473 qui
2909 406 3079 476 diligit
3117 407 3364 464 didicerit
3386 424 3514 465 enin

1941 491 2031 557 qui
2062 490 2300 560 diligitur
2328 493 2428 548 boe
2472 510 2649 559 nosse,
2697 512 2888 565 nempe
2919 513 2976 553 se
3000 499 3168 569 diligi,
3215 518 3402 572 magna
3433 514 3516 558 cst

1940 580 2236 636 consolatio
2265 591 2318 635 et
2345 585 2630 638 recreatio.
2666 587 2717 638 7.
2742 585 2872 640 Ideo
2902 591 3147 642 consolati
3176 607 3368 656 sumus,
3407 595 3516 662 {ra-

1941 675 2060 732 tres,
2089 671 2139 722 in
2169 671 2305 724 vobis
2330 673 2384 726 in
2413 675 2550 726 omni
2577 676 2870 730 necessitate
2894 687 2940 730 et
2969 679 3292 734 tribulatione
3317 694 3514 748 nostra,

1941 772 2029 824 per
2054 758 2208 824 ﬁdem
2234 771 2448 814 vestram
2472 777 2490 814 :
2519 763 2759 829 quoniam
2781 782 2915 819 nunc
2943 767 3176 835 vivimus,
3210 769 3252 823 si
3275 785 3362 823 vos
3405 781 3516 824 sta-

1940 847 2003 900 tis
2029 848 2080 900 in
2107 847 2346 904 Domino.
2371 851 2506 918 Quid
2528 851 2690 907 Paulo
2722 855 2890 922 possit
2907 858 3354 928 mquiparaquui
3392 875 3517 930 pro-

1939 937 2256 1007 pinquorum
2282 941 2508 996 salutem
2539 943 2874 999 existimabat
2899 961 3019 1001 esse
3042 964 3191 1002 suam
3213 966 3228 1014 ;
3249 960 3516 1020 tamquam

1939 1043 2134 1097 corpus
2163 1044 2286 1100 erga
2315 1032 2574 1099 membra,
2608 1035 2685 1088 sic
2702 1050 2828 1105 erga
2865 1050 3053 1092 onmes
3103 1038 3365 1094 affectus?
3394 1043 3516 1110 quis

1941 1135 2081 1174 nunc
2102 1123 2295 1189 poterit
2322 1123 2373 1177 in
2404 1123 2538 1179 hanc
2565 1140 2752 1181 vocem
2777 1129 3098 1196 erumpere?
3126 1130 3232 1184 imo
3245 1145 3373 1185 vero
3396 1133 3516 1200 quis

1939 1212 2138 1279 poterit
2163 1213 2239 1266 sic
2265 1229 2514 1282 umquam
2541 1215 2744 1270 sentire
2778 1226 2834 1271 et
2863 1216 3140 1286 cogitare?
3169 1217 3395 1272 Nolebat
3421 1236 3516 1276 eos

1940 1302 2041 1372 ipsi
2072 1303 2267 1358 habere
2287 1308 2510 1374 gratiam
2540 1307 2606 1362 de
2632 1308 2894 1377 susceptis
2922 1323 3018 1377 pro
3047 1309 3176 1377 ipsis
3207 1309 3520 1364 lentatioui.

1938 1391 2074 1458 bus;
2111 1394 2205 1448 sed
2237 1397 2314 1450 eis
2342 1395 2570 1450 habebat
2599 1399 2822 1467 gratiam
2845 1435 2861 1464 ,
2895 1397 3037 1467 quod
3071 1414 3175 1452 non
3207 1399 3516 1455 labaveraut

1940 1494 2161 1554 propter
2177 1487 2291 1555 ejus
2324 1491 2644 1544 tentatioues
2675 1508 2688 1542 :
2719 1491 2872 1559 quasi
2895 1491 3119 1554 diceret.
3148 1491 3313 1547 Vobis
3344 1495 3516 1563 magis

1939 1592 2096 1644 quam
2151 1579 2303 1633 nobis
2330 1580 2582 1634 damnum
2613 1581 2806 1636 accidit
2835 1598 2898 1637 cx
2951 1583 3332 1639 lentatiouibus
3375 1602 3390 1638 :
3421 1600 3516 1639 vos

1939 1668 2106 1736 magis
2130 1684 2286 1737 quam
2312 1686 2408 1724 nos
2431 1672 2612 1725 tentati
2639 1672 2801 1728 estis:
2832 1688 2926 1726 vos
2942 1675 3029 1744 qui
3055 1675 3180 1728 nihil
3204 1677 3344 1746 passi
3363 1678 3515 1742 estis,

1937 1759 2094 1825 quam
2127 1772 2225 1811 nos
2254 1759 2341 1827 qui
2377 1761 2515 1828 passi
2562 1776 2766 1815 sumus.
2811 1762 3120 1831 Postquam,
3176 1764 3366 1833 inquit,
3403 1767 3517 1820 lucc

1940 1847 2091 1901 nobis
2129 1850 2460 1904 annuntiavit
2490 1850 2824 1917 Timotheus,
2877 1854 3004 1907 nihil
3036 1854 3319 1910 molestum
3347 1857 3516 1910 senti-

1939 1953 2078 2004 mus,
2109 1937 2488 2002 sed,Consoiati
2509 1958 2677 1995 sumus
2707 1943 2759 1996 in
2789 1945 2925 1997 onmi
2967 1945 3249 2016 afﬂictione,
3282 1961 3385 2000 non
3417 1945 3517 2001 bac

1938 2027 2131 2091 solum,
2180 2028 2272 2083 sed
2304 2029 2486 2096 etiam,
2521 2029 2586 2084 In
2632 2034 2923 2087 necessitate
2964 2043 3160 2099 nostra,
3210 2034 3413 2104 inquit;
3461 2039 3516 2090 et

1937 2121 2149 2174 merito.
2183 2113 2387 2173 Battum
2419 2123 2562 2175 enim
2608 2123 2920 2192 magistrum
2953 2119 3084 2177 nihil
3116 2123 3182 2178 de
3208 2133 3405 2180 ρωποι-ο
3431 2125 3514 2179 of-

1939 2208 2186 2276 fenderit,
2220 2212 2473 2281 quamdiu
2523 2229 2608 2268 res
2651 2214 3033 2285 discipulorum
3077 2217 3125 2270 ei
3157 2218 3517 2286 processerint

1937 2317 2002 2356 ex
2032 2303 2318 2358 sententia.
2344 2298 2446 2358 Per
2467 2318 2583 2370 vos,
2635 2303 3260 2374 inquit,consolationem
3305 2310 3518 2378 accepi»

1937 2411 2055 2448 mus
2080 2411 2093 2446 :
2125 2394 2174 2448 id
2195 2405 2300 2461 est,
2327 2389 2430 2450 Vos
2450 2409 2547 2448 nos
2569 2393 2976 2452 corroborastis.
3004 2396 3161 2468 Atqui
3189 2400 3514 2454 contrarium

1937 2493 2053 2538 erat
2085 2501 2096 2534 :
2131 2494 2251 2536 nam
2279 2484 2419 2553 quod
2451 2479 2592 2553 passi
2637 2502 2741 2540 non
2769 2487 3051 2552 cesserint,
3083 2487 3176 2542 sed
3208 2487 3416 2543 fortiter
3439 2504 3517 2543 πνοι

1937 2568 2192 2633 stiterint.
2240 2575 2440 2630 sufﬁcit
2482 2576 2548 2629 ad
2602 2571 2997 2633 conﬁrmandos
3039 2580 3354 2650 discipulos.
3405 2578 3509 2634 sed

1939 2674 2103 2718 tntum
2135 2664 2254 2718 facit
2284 2667 2632 2732 contrarium,
2659 2677 2712 2722 et
2743 2663 2951 2722 laudem
2979 2670 3032 2723 in
3065 2667 3183 2724 illos
3207 2671 3470 2724 convertit
3501 2688 3516 2724 ε

1939 2754 2065 2817 Vos,
2108 2756 2296 2825 inquit,
2345 2771 2445 2812 nos
2491 2759 2716 2813 unxistis
2745 2769 2798 2815 et
2847 2755 3207 2827 instruxistis;
3239 2776 3333 2816 vos
3361 2761 3516 2817 nobis

1935 2845 2159 2901 dedistis
2186 2854 2242 2899 ut
2268 2849 2695 2916 respirarcmus;
2727 2864 2821 2905 vos
2841 2864 2944 2904 non
2966 2845 3281 2920 permisistis
3310 2863 3367 2907 ut
3387 2867 3516 2910 sene

1936 2936 2156 2991 tiremus
2184 2935 2526 2992 tentationes.
2560 2935 2739 3010 Neque
2767 2939 2918 3006 dicit,
2951 2937 3372 3011 Respiravimus,
3411 2961 3515 2999 nc—

1933 3045 2056 3097 que,
2083 3025 2512 3086 Consolationcm
2539 3034 2862 3101 accepimus,
2888 3033 2981 3088 sed
3005 3032 3174 3103 quid?
3206 3034 3358 3088 Nunc
3393 3029 3516 3088 vivi-

1933 3136 2080 3186 mus;
2109 3123 2400 3177 ostendens
2428 3123 2568 3192 quod
2599 3132 2652 3178 et
2683 3124 3031 3178 tentationem
3052 3132 3106 3176 et
3130 3133 3354 3179 mortem
3379 3121 3512 3180 nihil

1932 3210 2074 3264 aliud
2104 3213 2382 3267 existimat
2439 3228 2597 3280 quam
2650 3206 2865 3267 illorum
2909 3211 3282 3277 oﬂ’ensionem,
3315 3217 3402 3270 ubi
3458 3224 3513 3272 et

1933 3298 2144 3355 illorum
2195 3301 2492 3371 profectum
2535 3298 2804 3356 existimat
2841 3316 2964 3356 esse
3007 3303 3191 3355 vitam.
3230 3304 3509 3369 Quomodo

1939 3398 2076 3451 ullus
2103 3397 2242 3449 alius
2263 3395 2502 3449 dolorem
2531 3402 2747 3462 prOpter
2773 3393 3154 3463 discipulorum
3174 3395 3511 3451 Imbecillita~

1933 3498 2076 3552 tcm,
2124 3497 2215 3540 aut
2261 3484 2510 3556 gaudium
2565 3486 2636 3540 ita
2687 3485 3112 3555 signiﬁcaverit?
3164 3483 3278 3539 Non
3331 3487 3502 3554 dixit,

1930 3577 2214 3641 Lzetamur,
2245 3575 2362 3640 sed,
2406 3573 2646 3637 Vivimus,
2680 3571 2840 3629 vitam
2875 3575 3116 3629 iudicans
3140 3572 3392 3632 futuram.

2003 3672 2054 3724 5.
2070 3667 2425 3735 Quamobrem
2454 3668 2652 3737 absque
2678 3667 2776 3722 hoc
2805 3683 2871 3722 ne
2889 3667 3290 3737 vivet-equidem
3321 3670 3505 3725 vivere

1928 3776 2047 3815 esse
2073 3761 2454 3813 existimamus.
2471 3758 2558 3814 Sic
2584 3759 2802 3814 alTectos
2823 3769 3033 3829 oportet
3054 3775 3175 3815 esse
3197 3761 3500 3831 magistros,

1927 3855 2004 3907 sic
2059 3850 2387 3921 discipulos;
2442 3862 2496 3906 et
2546 3852 2676 3905 nihil
2735 3867 2983 3922 umquam
3042 3853 3144 3907 erit
3188 3853 3500 3908 absurdum.

1929 3945 2129 4000 Deinde
2158 3945 2258 3999 hoc
2289 3958 2509 4014 angens,
2542 3940 2661 3997 vide
2688 3942 2812 4012 quid
2860 3944 3002 3998 dicat
3028 3961 3040 3996 :
3071 3942 3123 3999 9.
3168 3945 3332 4010 Quam
3371 3947 3502 4000 enim

1923 4038 2203 4107 gratiarum
2231 4036 2478 4088 actionem
2507 4049 2770 4102 possumus
2792 4026 2900 4086 Deo
2925 4034 3199 4088 retribuere
3223 4050 3314 4102 pro
3340 4037 3496 4102 vobis,

1923 4131 1974 4181 in
1995 4131 2128 4182 onmi
2150 4128 2334 4198 gaudio
2363 4143 2461 4196 quo
2489 4126 2768 4195 gaudemus
2790 4133 2994 4192 propter
3020 4139 3126 4186 vos,
3154 4134 3270 4177 ante
3316 4120 3496 4191 Deum,

1923 4219 2011 4274 10.
2052 4227 2196 4272 nocte
2215 4228 2262 4271 et
2296 4217 2378 4270 die
2402 4215 2741 4269 abundantius
2771 4224 2990 4276 orantes,
3027 4223 3080 4266 ut
3112 4214 3367 4267 videamus
3411 4219 3495 4285 [a-

1922 4310 2047 4362 ciem
2092 4317 2327 4371 vestram,
2366 4316 2410 4358 et
2441 4305 2781 4372 compleamns
2810 4320 2868 4356 ea
2902 4319 3016 4372 qua:
3056 4302 3232 4356 desunt
3269 4301 3388 4370 fidei
3417 4318 3498 4357 ve-

1920 4399 2078 4454 stne?
2102 4397 2218 4451 Non
2237 4396 2429 4459 solum,
2456 4396 2644 4465 inquit,
2671 4392 2843 4449 fuistis
2865 4391 3017 4448 nobis
3039 4393 3158 4447 vitae
3177 4403 3427 4448 auctores
3445 4405 3496 4448 et

1920 4506 2115 4556 causze,
2150 4489 2244 4542 sed
2274 4487 2435 4542 etiam
2465 4487 2612 4541 multi
2640 4485 2838 4556 gaudii,
2868 4491 2924 4540 et
2950 4483 3103 4548 tanti,
3134 4496 3192 4539 ut
3234 4500 3302 4540 ne
3327 4487 3494 4554 possi-

1918 4598 2038 4636 mus
2063 4580 2298 4650 quidem,
2328 4589 2384 4631 ut
2409 4592 2506 4647 par
2533 4587 2633 4641 est,
2661 4577 2770 4632 Deo
2794 4578 2994 4646 gratias
3022 4589 3197 4645 agere.
3224 4575 3374 4643 Quod
3400 4591 3494 4631 vos

1919 4682 2065 4727 recte
2109 4671 2369 4740 gessistis,
2402 4669 2517 4734 Dei,
2553 4669 2742 4738 inquit,
2796 4668 2991 4722 donum
3047 4682 3169 4722 esse
3213 4667 3489 4722 existima-

1919 4779 2037 4818 mus
2071 4780 2084 4816 :
2119 4777 2216 4818 nos
2242 4761 2438 4816 talibus
2460 4759 2712 4815 affecistis
2739 4759 3030 4823 beneﬁciis,
3057 4758 3491 4812 utexistimemus

1916 4871 1977 4909 ea
2000 4868 2119 4909 esse
2146 4849 2262 4920 Dei,
2313 4850 2396 4906 vel
2433 4851 2608 4922 potius
2639 4850 2798 4906 etiam
2831 4864 2951 4905 esse
2990 4862 3123 4916 Opus
3161 4848 3250 4901 Dei
3279 4865 3292 4899 :
3317 4861 3490 4915 neque

1916 4947 2058 5000 enim
2093 4943 2355 4998 humanus
2376 4945 2605 5009 animus,
2637 4957 2736 4996 nec
2758 4939 2990 4994 studium
3022 4946 3076 4992 et
3099 4936 3354 4989 industria
3376 4935 3489 4989 lucc

1915 5044 2091 5105 potest
2134 5035 2436 5103 concipere.
2485 5028 2667 5094 Nocte,
2711 5029 2899 5099 inquit,
2952 5036 2999 5081 et
3041 5027 3123 5078 die
3151 5023 3489 5077 abundantius

1914 5136 2135 5180 orantes.
2173 5123 2285 5179 Hoc
2315 5139 2525 5192 quoque
2564 5130 2644 5174 est
2681 5122 2888 5189 signum
2938 5115 3134 5186 gaudii.
3163 5114 3312 5169 Sicut
3341 5115 3486 5167 enim

1914 5217 2146 5286 agricola
2182 5215 2406 5267 audiens
2430 5227 2586 5281 agros
2612 5226 2638 5262 a
2661 5225 2719 5263 se
2748 5209 2920 5261 cultos
2948 5221 3066 5259 esse
3094 5203 3322 5258 refertos
3372 5205 3484 5255 fru-

1913 5307 2106 5371 ctibus,
2136 5303 2409 5358 desiderat
2437 5315 2616 5354 coram
2647 5306 2844 5350 tantam
2876 5295 3056 5348 videre
3085 5292 3321 5346 lzctitiam
3353 5307 3366 5342 :
3411 5291 3482 5344 ita

1911 5398 2069 5454 etiam
2098 5395 2289 5450 Paulus
2324 5390 2706 5446 Macedoniam.
2736 5385 3088 5439 Abundantius
3109 5391 3321 5434 orantes.
3354 5380 3486 5434 Vide

1913 5487 2262 5561 hyperbolen.
2302 5483 2367 5537 Ut
2390 5481 2644 5534 videamus
2669 5479 2849 5548 faciem
2879 5485 3111 5534 vestram,
3146 5482 3193 5524 et
3217 5469 3483 5538 complea-

1911 5559 2021 5634 mus
2048 5597 2105 5633 ea
2123 5591 2234 5646 qua:
2253 5576 2434 5627 desunt
2463 5572 2579 5640 ﬁdei
2599 5579 2791 5623 vestrae.
2817 5568 2912 5621 ilic
2930 5579 3116 5633 magna
3136 5570 3216 5615 est
3236 5559 3484 5646 quaestio.

1911 5675 1965 5731 Si
1995 5642 2144 5732 enim
2165 5681 2303 5722 nunc
2334 5664 2464 5718 vivis
2491 5661 2746 5733 quoniam
2777 5668 2943 5725 stant,
2968 5667 3016 5709 et
3045 5652 3360 5709 Timotheus
3387 5642 3484 5703 tibi
