4010 6142
477 319 582 376 ΗΟ

479 426 812 485 annuntiavit
864 424 1101 493 ipsorum
1154 419 1309 475 fidem
1364 429 1420 474 et
1459 421 1759 485 caritatem,
1805 427 1862 474 et
1917 426 2061 471 tanta

482 534 542 574 es
598 519 784 589 plenus
831 515 1046 578 laetitia,
1103 518 1163 564 ut
1215 525 1284 565 ne
1346 510 1518 578 possis
1570 508 1807 579 quidem,
1867 517 1924 561 ut
1973 522 2069 576 par

482 621 608 675 est,
662 611 771 664 Deo
827 622 989 676 agere
1034 604 1254 673 gratias,
1314 601 1586 672 quomodo
1636 600 1725 655 hic
1767 600 1903 655 dicis
1945 614 2066 654 esse

487 704 607 758 fidei
641 697 925 756 defectus?
969 710 1148 750 annon
1200 702 1328 748 sunt
1368 693 1457 747 illa
1502 693 1666 747 verba
1707 689 2068 746 adulationis?

484 796 843 864 Nequaquam,
871 789 1027 844 absit.
1051 787 1182 841 Nam
1210 786 1359 856 prius
1381 793 1605 839 testatus
1634 791 1721 840 est
1746 798 1839 838 eos
1868 784 2066 836 multos

484 885 796 941 sustinuisse
848 882 1080 945 labores,
1136 888 1193 934 et
1252 893 1358 932 non
1413 878 1589 932 minus
1651 891 1772 931 esse
1847 875 2066 930 affectos

483 993 641 1048 quam
676 975 928 1030 Ecclesiat
970 974 1025 1028 in
1067 971 1271 1026 Judtea.
1311 969 1451 1036 Quid
1490 983 1619 1040 ergo
1652 969 1767 1023 est?
1803 967 1917 1022 Non
1946 982 2066 1021 om-

485 1086 608 1125 nent
630 1076 981 1139 perceperant
1019 1066 1341 1127 doctrinam,
1381 1080 1555 1134 neque
1595 1063 1895 1118 didicerant
1921 1079 2067 1131 qua:-

486 1170 715 1229 c‘umque
748 1154 986 1227 opor‘tuit
1021 1155 1230 1209 discere
1255 1171 1269 1208 :
1294 1164 1349 1208 et
1398 1153 1501 1208 hoc
1540 1153 1805 1223 significat
1848 1153 1899 1206 in
1938 1152 2064 1206 fine.

487 1251 738 1306 Fortasse
753 1249 1091 1319 quaerebatur
1104 1247 1170 1301 ab
1186 1247 1263 1301 eis
1284 1245 1351 1300 de
1372 1246 1803 1309 resurrectione;
1831 1253 1886 1299 et
1915 1243 2068 1299 multi

488 1340 756 1409 erantqui
788 1353 882 1393 eos
908 1338 1325 1403 conturbabant,
1356 1352 1463 1391 non
1494 1337 1724 1406 amplius
1755 1336 2068 1393 tentationi-

491 1436 590 1490 bus
604 1450 701 1491 nec
723 1435 994 1506 periculis,
1025 1435 1117 1490 sed
1142 1435 1455 1489 simulantes
1488 1448 1547 1488 se
1583 1447 1705 1490 esse
1728 1431 1979 1489 doctores
2015 1442 2070 1486 et

497 1528 798 1597 magistros.
850 1525 973 1580 Ideo
1019 1525 1122 1580 hoc
1162 1525 1331 1588 dicit,
1377 1521 1612 1597 Defectus
1658 1526 1801 1595 fidei.
1849 1525 1920 1579 Et
1963 1540 2069 1580 non

492 1620 652 1683 dixit,
685 1617 755 1674 Ut
779 1617 1177 1685 confirmemus,
1204 1615 1323 1688 sed,
1354 1616 1421 1676 Ut
1443 1619 1801 1689 compleamus.
1829 1617 1958 1672 Nattt
1985 1618 2070 1671 ubi

493 1718 563 1774 de
586 1720 704 1792 ipsa
723 1718 939 1790 quidem
958 1716 1062 1775 fide
1086 1711 1359 1783 timuerat,
1385 1715 1520 1782 Misi,
1547 1714 1734 1785 inquit,
1761 1713 2074 1767 Timotheum

498 1812 567 1864 ad
592 1810 967 1879 conﬁrmandos
1007 1824 1133 1872 vos;
1162 1808 1246 1862 hic
1270 1816 1447 1861 autem
1479 1806 1544 1860 ad
1574 1804 1947 1875 complendum
1977 1804 2075 1859 de-

503 1900 696 1960 fectus.
724 1915 816 1954 seu
842 1915 904 1954 ea
936 1916 1053 1969 qttte
1078 1899 1307 1954 desunt:
1330 1898 1469 1968 quod
1499 1899 1667 1967 magis
1688 1906 1771 1951 est
1794 1896 2073 1962 doctrinae,

500 2007 661 2062 quam
687 1990 1112 2046 confirmationis
1136 2006 1150 2046 :
1172 1992 1310 2046 sicut
1332 1998 1386 2044 et
1410 1989 1531 2044 alibi
1557 1990 1705 2050 dicit,
1737 1988 1803 2042 Ut
1826 1988 1935 2042 sitis
1958 2003 2076 2057 per-

504 2084 625 2153 fecti
664 2083 733 2136 ad
756 2099 904 2137 omne
929 2099 1058 2151 opus
1083 2082 1266 2136 bonum
1300 2081 1373 2151 (1.
1406 2079 1523 2135 Cor.
1555 2080 1605 2133 1.
1640 2078 1750 2149 10).
1778 2076 2077 2132 Perfectum

499 2185 675 2229 autem
707 2183 790 2230 est
810 2216 824 2239 ,
856 2174 940 2229 cui
971 2188 1155 2244 parum
1183 2171 1308 2243 quid
1348 2171 1500 2225 deest
1527 2187 1541 2224 :
1572 2170 1673 2224 hoc
1700 2169 1840 2226 enim
1866 2168 2077 2236 perfici-

501 2275 608 2322 tur.
639 2267 725 2321 1ι.
756 2265 783 2319 Ι
791 2282 880 2337 pse
907 2276 1075 2319 autent
1110 2263 1246 2318 Dens
1276 2272 1321 2317 et
1348 2262 1503 2316 Pater
1529 2272 1716 2327 noster,
1744 2270 1791 2315 et
1827 2260 2077 2315 Dominus

501 2366 674 2411 uoster
699 2355 850 2411 Jesus
880 2354 1109 2410 Christus
1136 2355 1321 2424 dirigat
1349 2355 1479 2407 viam
1507 2362 1731 2406 nostram
1760 2351 1828 2404 ad
1856 2367 1961 2405 vos.
1991 2351 2078 2405 12.

515 2445 617 2500 Vos
640 2458 805 2499 autem
835 2444 1083 2498 Dominus
1103 2444 1424 2512 multiplicat,
1453 2453 1499 2495 et
1525 2443 1786 2495 abundare
1811 2441 1966 2512 faciat
1992 2457 2081 2492 ca-

507 2538 707 2591 ritatem
734 2544 947 2590 vestram
979 2534 1191 2588 invicem
1229 2543 1275 2588 et
1301 2535 1354 2587 in
1380 2550 1570 2599 omnes,
1601 2533 2017 2604 quemadmodum
2037 2540 2085 2584 et

511 2644 603 2682 nos
642 2629 695 2682 in
725 2628 882 2681 vobis.
920 2626 1032 2681 lloc
1061 2636 1141 2682 est
1168 2641 1389 2680 summa:
1417 2625 1740 2693 dilectionis,
1773 2641 1877 2680 non
1910 2625 2084 2679 solum

512 2719 650 2787 apud
682 2733 739 2771 se
768 2724 953 2786 Optare
978 2755 993 2783 ,
1026 2718 1119 2771 sed
1150 2717 1308 2771 etiam
1337 2727 1516 2771 votum
1546 2716 1785 2786 epistola:
1812 2716 2045 2770 inserere
2070 2731 2084 2767 :

513 2810 615 2864 hoc
643 2818 726 2864 est
754 2808 1007 2863 ferventis
1050 2808 1211 2864 animi
1234 2850 1249 2874 ,
1279 2817 1333 2863 et
1359 2808 1445 2878 qtti
1473 2807 1629 2877 plane
1659 2822 1763 2860 non
1795 2815 1966 2875 potest
1994 2819 2088 2859 co-

519 2901 688 2957 hiheri
719 2918 732 2954 :
763 2900 867 2955 hoc
896 2909 977 2955 est
1005 2902 1165 2955 etiam
1196 2900 1451 2955 indicium
1481 2913 1699 2968 precum
1725 2912 1844 2968 qua:
1871 2897 1978 2952 illic
2005 2895 2088 2950 fa-

517 3005 618 3049 cta:
647 2994 875 3061 fuerant,
900 3001 954 3049 et
976 2993 1131 3047 simul
1154 2992 1425 3046 excusatio
1445 3006 1508 3045 ac
1528 2990 1789 3051 defensio,
1815 2989 1954 3058 quod
1982 3003 2091 3044 non

519 3083 788 3150 labentes,
819 3099 919 3139 nec
939 3099 1036 3154 per
1061 3083 1360 3138 socordiam
1393 3096 1498 3135 non
1525 3081 1720 3135 adsint.
1751 3080 1913 3147 Quasi
1941 3079 2092 3137 dice-

522 3183 624 3241 ret,
654 3175 771 3244 lpse
799 3183 975 3229 autem
1008 3174 1146 3229 Deus
1168 3181 1405 3242 amputet
1430 3172 1749 3226 tentationes
1776 3186 1893 3242 quae
1917 3186 2015 3225 nos
2041 3171 2093 3226 in

520 3279 731 3320 omnem
766 3274 969 3335 partem
1001 3265 1239 3327 trahunt,
1263 3273 1322 3317 ut
1348 3272 1492 3317 recta
1521 3262 1586 3316 ad
1609 3275 1704 3316 vos
1732 3262 1961 3316 veniam.
1995 3259 2097 3315 Vos

518 3366 687 3410 autem
720 3354 966 3410 Dominus
1001 3354 1322 3425 multiplicat,
1355 3361 1401 3406 et
1440 3351 1698 3406 abundare
1727 3351 1903 3423 faciat.
1938 3351 2098 3406 Vides

521 3447 824 3503 dilectionis
852 3446 1116 3502 fervorem
1158 3447 1247 3515 qui
1289 3461 1393 3501 non
1428 3455 1602 3516 potest
1625 3445 1862 3501 cohiberi
1886 3487 1900 3509 ,
1931 3445 2101 3515 quiet

525 3542 704 3595 verbis
746 3539 1080 3594 ostenditur?
1122 3537 1463 3604 Multiplicet,
1506 3539 1706 3606 inqttit,
1751 3547 1797 3592 et
1843 3537 2101 3591 abundare

526 3634 681 3705 faciat
706 3645 840 3702 :pro
865 3645 931 3684 co
956 3628 1097 3699 quod
1124 3638 1227 3691 est,
1255 3637 1462 3698 augeat.
1490 3628 1650 3695 Quasi
1676 3629 1896 3693 dixeris,
1928 3643 1993 3682 ex
2015 3642 2105 3681 su-

534 3720 951 3790 perabundantia
982 3717 1376 3787 quodammodo
1410 3718 1678 3771 desiderat
1722 3718 1790 3770 ab
1823 3718 1902 3772 eis
1931 3718 2100 3786 diligi.

535 3808 968 3875 Quemadmodum
996 3818 1045 3861 et
1070 3823 1161 3860 nos
1183 3848 1197 3872 ,
1239 3806 1447 3874 inquit,
1474 3807 1527 3859 in
1568 3806 1724 3860 vobis.
1757 3807 1810 3860 Id
1842 3814 1957 3873 est,
1985 3807 2102 3862 Jatn

534 3900 744 3967 quidem
772 3906 854 3952 est
879 3905 1114 3952 nostrum
1133 3937 1149 3962 ,
1177 3894 1422 3950 volumus
1447 3905 1623 3950 autem
1652 3906 1706 3949 ιιι
1733 3898 1823 3951 fiat
1849 3906 2103 3952 vestrum.

540 3992 699 4047 Vides
723 4000 975 4061 quantum
1000 3988 1113 4043 vult
1135 3988 1348 4043 extendi
1376 3988 1690 4042 caritatem?
1716 4003 1821 4043 non
1850 3989 1987 4044 inter
2014 4005 2108 4044 nos

536 4085 732 4148 solum,
763 4082 855 4136 sed
882 4082 1040 4135 etiam
1068 4080 1284 4149 ubique.
1312 4078 1441 4133 Nam
1468 4076 1568 4132 hoc
1590 4078 1745 4147 plane
1770 4088 1852 4133 est
1874 4080 2110 4133 caritatis

543 4175 835 4230 secundum
866 4173 1031 4228 Deum
1057 4212 1072 4238 ,
1105 4185 1292 4226 omnes
1335 4170 1612 4239 complecti
1639 4188 1651 4224 :
1676 4171 1719 4225 si
1750 4179 1927 4225 autem
1972 4171 2113 4227 hunc

537 4266 748 4335 quidem
780 4263 956 4332 diligis
979 4306 995 4330 ,
1028 4264 1175 4317 illutn
1214 4277 1342 4316 vero
1386 4262 1603 4316 minime
1622 4303 1637 4326 ,
1665 4271 1747 4316 est
1772 4262 1999 4316 amicitia
2028 4277 2111 4316 se-

538 4357 769 4413 cundum
821 4356 1110 4409 hominem.
1150 4353 1258 4408 Sed
1298 4362 1475 4407 nostra
1518 4369 1620 4406 non
1665 4363 1747 4407 est
1789 4354 2108 4420 hujusntodi.

544 4445 976 4511 Quemadmodum
1012 4453 1058 4497 et
1095 4460 1187 4497 nos
1223 4444 1275 4496 in
1314 4444 1448 4498 vobis
1481 4460 1500 4497 :
1533 4445 1618 4499 15.
1657 4444 1726 4497 ad
1764 4445 2116 4513 confirmanda

540 4537 695 4590 corda
733 4547 895 4589 vestra
933 4537 1039 4589 sine
1079 4535 1281 4602 querela
1317 4536 1371 4588 in
1408 4536 1673 4590 sanctitate
1710 4546 1827 4589 ante
1868 4537 2027 4590 Deum
2070 4546 2116 4590 et

546 4627 752 4680 Patrem
782 4635 1005 4678 nostrum
1033 4626 1084 4677 iu
1113 4626 1327 4678 adventu
1359 4626 1561 4679 Domini
1601 4627 1758 4681 nostri
1780 4626 1905 4680 Jesu
1933 4625 2117 4680 Christi

542 4733 656 4769 cum
699 4715 929 4768 ontnibus
968 4717 1156 4768 sanctis
1203 4717 1328 4786 ejus.
1374 4714 1618 4770 Ostendit
1661 4716 1998 4771 dilectionem
2039 4716 2117 4772 eis

542 4805 735 4861 afferre
759 4805 965 4859 lucrum
988 4845 1001 4870 ,
1034 4820 1138 4858 non
1169 4806 1232 4859 iis
1263 4806 1353 4875 qni
1392 4805 1701 4875 diliguntur.
1737 4806 1891 4872 Volo,
1927 4808 2114 4876 inquit,

542 4899 813 4954 abundare
846 4901 981 4953 hanc
1006 4901 1279 4952 caritatem
1307 4940 1321 4964 ,
1364 4907 1421 4952 ttt
1452 4900 1592 4952 nulla
1638 4900 1707 4953 sit
1750 4900 2113 4968 reprehensio.

542 4991 656 5046 Non
685 4991 848 5055 dixit,
882 4989 962 5044 Ad
990 5005 1086 5044 vos
1114 4989 1508 5044 confirmandos
1528 5033 1542 5055 ,
1574 4989 1689 5053 sed,
1719 4988 1885 5044 Corda
1916 5001 2075 5045 uestra
2100 5007 2119 5046 :

545 5080 629 5136 Ea:
669 5081 820 5136 corde
845 5082 979 5135 enim
1006 5091 1188 5135 exeunt
1229 5080 1378 5134 malta
1416 5081 1742 5152 cogitationes
1783 5081 1992 5153 (Matth.
2026 5083 2115 5138 l5.

545 5175 658 5246 19).
689 5175 830 5229 Fieri
859 5175 1002 5229 enim
1033 5184 1207 5245 potest
1232 5184 1288 5230 ut
1317 5175 1404 5246 qui
1435 5176 1563 5230 nihil
1590 5175 1694 5246 agit
1726 5177 1795 5230 sit
1825 5176 1996 5230 malus
2020 5194 2033 5231 :
2058 5185 2117 5231 ut

548 5267 588 5320 si
624 5264 818 5320 habeat
855 5265 1140 5333 invidiam,
1170 5266 1597 5323 incredulitatem
1617 5310 1631 5332 ,
1662 5268 1841 5322 dolum
1861 5310 1876 5333 ,
1910 5268 2115 5322 laetetur

546 5358 697 5412 malis
720 5397 736 5424 ,
770 5373 873 5413 non
902 5358 971 5412 sit
1000 5373 1293 5427 propensus
1322 5358 1387 5413 ad
1416 5361 1720 5426 amandum,
1748 5359 1992 5429 dogmata
2027 5358 2120 5411 ha-

544 5450 668 5504 beat
696 5462 943 5519 perversa
974 5466 988 5502 :
1017 5449 1131 5505 hare
1159 5452 1336 5505 omnia
1368 5460 1492 5504 sunt
1519 5451 1713 5505 cordis.
1749 5450 1859 5505 Hoc
1884 5466 2010 5504 vero
2038 5459 2121 5503 est

544 5545 821 5608 sanctitas,
850 5542 918 5596 ab
944 5542 1026 5597 his
1050 5558 1169 5599 esse
1196 5557 1374 5613 puros.
1406 5543 1535 5598 Nam
1564 5544 1776 5613 proprie
1801 5543 2013 5613 quidem
2035 5542 2119 5595 di-

544 5634 687 5687 citur
714 5632 964 5687 sanctitas
987 5636 1332 5702 temperantia
1356 5650 1475 5705 qua:
1498 5643 1581 5689 est
1602 5651 1697 5705 per
1722 5635 2117 5698 excellentiam,

545 5722 810 5789 siquidem
840 5723 1171 5780 immunditia
1195 5736 1277 5781 est
1304 5726 1582 5783 fornicatio
1610 5737 1663 5782 et
1691 5728 2044 5782 adulterium:
2067 5727 2118 5781 in

1214 313 1269 368 S.
1310 308 1586 367 JOANNIS
1622 307 2089 366 CIIBYSOSTOMI
2127 306 2436 363 ARCHIEP.
2476 306 3005 366 CONSTANTINOP.

3637 321 3743 378 £20

2173 433 2382 472 summa
2425 427 2604 473 autem
2648 434 2807 475 omne
2851 420 3124 490 peccatum
3165 431 3250 478 est
3291 423 3664 493 immunditia,
3692 443 3747 488 et

2171 510 2346 563 omnis
2369 509 2536 564 virtus
2563 512 2763 580 paritas
2784 522 2839 566 et
2860 512 3145 568 mundities
3168 553 3180 567 .
3204 513 3354 568 Beati
3371 518 3536 581 enim,
3556 520 3744 590 inquit,

2170 601 2346 654 mundi
2374 601 2526 656 corde
2546 602 2759 671 (Matth.
2780 604 2837 658 5.
2862 602 2942 676 8).
2961 605 3187 662 Mundus
3212 606 3344 662 dicit
3370 624 3467 665 eos
3494 613 3583 680 qui
3605 617 3747 672 omni

2170 707 2237 745 ex
2272 701 2421 761 parte
2441 702 2564 747 sunt
2588 694 2793 748 mundi.

2242 785 2299 837 4.
2345 782 2469 838 Scio
2514 785 2655 837 enim
2696 786 2799 838 alia
2845 800 3055 855 quoque
3098 802 3203 841 non
3251 789 3428 843 minus
3472 791 3750 861 inquinare

2171 874 2423 926 animam.
2451 873 2580 927 Nam
2610 874 2750 944 quod
2776 875 2957 928 vitium
2983 876 3183 945 polluat
3204 880 3458 944 animam,
3481 881 3605 936 audi
3625 899 3750 953 pro-

2172 963 2388 1030 phetam
2413 962 2677 1017 dicentem
2702 981 2717 1017 :
2752 964 2915 1019 Ablue
2940 979 2971 1018 a
2997 967 3116 1020 vitio
3141 984 3229 1020 cor
3255 977 3395 1021 tuum
3419 1011 3435 1036 ,
3468 970 3751 1026 Jerusalem

2173 1049 2304 1121 μιν.
2326 1052 2381 1105 4.
2407 1052 2494 1123 14)
2518 1069 2532 1116 ;
2560 1062 2614 1106 et
2640 1068 2846 1118 rursus,
2868 1053 3151 1121 Lauamini,
3174 1058 3353 1110 mundi
3367 1068 3540 1124 estote,
3561 1063 3755 1129 auferte

2175 1144 2445 1208 pravitates
2469 1144 2533 1197 ab
2557 1145 2824 1199 animabus
2848 1148 3025 1200 vestris
3053 1146 3208 1203 ifsai.
3235 1151 3285 1203 1.
3312 1150 3424 1222 16).
3452 1153 3571 1219 Non
3598 1154 3749 1217 dixit.

2173 1233 2579 1290 Fornieationes
2608 1254 2622 1290 :
2651 1239 2901 1306 quocirca
2946 1254 3051 1292 nou
3086 1238 3369 1296 fornicatio
3413 1245 3586 1299 solum
3611 1286 3628 1312 ,
3659 1249 3754 1302 sed

2173 1325 2333 1379 etiam
2360 1326 2461 1380 alia
2488 1325 2769 1396 inquinant
2788 1328 3043 1382 animum.
3068 1328 3148 1382 Ad
3168 1333 3538 1399 confirmanda,
3562 1336 3753 1406 inquit,

2173 1417 2328 1469 corda
2366 1427 2530 1471 vestra
2568 1420 2676 1473 sine
2715 1420 2920 1491 querela
2962 1422 3016 1475 in
3060 1425 3327 1478 sanctitate
3356 1441 3528 1480 coram
3567 1427 3679 1481 Deo
3712 1439 3758 1483 et

2175 1505 2333 1560 Patre
2362 1518 2567 1572 nostro,
2600 1508 2653 1561 in
2691 1508 2910 1563 adventu
2951 1510 3151 1565 Domini
3196 1498 3356 1567 nostri
3393 1514 3519 1568 Jesu
3561 1516 3757 1570 Christi

2177 1611 2292 1649 cum
2310 1598 2541 1652 omnibus
2556 1599 2744 1652 sanctis
2760 1600 2883 1654 suis.
2899 1599 3069 1656 Judex
3085 1616 3215 1672 ergo
3232 1611 3356 1658 tunc
3371 1605 3754 1662 eritChristus:

2178 1702 2285 1741 non
2313 1698 2437 1742 ante
2466 1688 2638 1757 ipsum
2664 1697 2866 1757 autem,
2890 1690 2984 1745 sed
3009 1692 3170 1746 etiam
3196 1703 3323 1748 ante
3347 1693 3557 1750 Patrem
3578 1697 3754 1752 adstan

2180 1794 2322 1843 tuus,
2350 1779 2476 1832 dum
2500 1779 2822 1849 judicamur.
2857 1783 2964 1836 Aut
2994 1781 3097 1836 hoc
3124 1783 3271 1849 dicit,
3306 1785 3439 1838 nulli
3469 1787 3764 1855 reprehen-

2181 1869 2320 1924 sioni
2344 1869 2534 1926 affines
2561 1885 2682 1926 esse
2710 1882 2965 1941 oportere
2987 1881 3112 1927 ante
3141 1874 3307 1928 Deum
3335 1892 3348 1929 :
3372 1876 3517 1945 quod
3547 1877 3761 1945 quidem

2182 1975 2395 2030 semper
2414 1961 2559 2027 dico,
2586 1977 2767 2017 coram
2797 1963 2906 2018 Deo
2926 1963 3068 2036 (lucc
3090 1965 3234 2019 enim
3257 1966 3427 2020 virtus
3449 1976 3532 2022 est
3556 1982 3689 2037 pura
3713 1978 3764 2023 ct

2181 2054 2413 2123 sincera)
2439 2089 2456 2119 ,
2503 2068 2608 2108 non
2647 2069 2828 2109 coram
2857 2054 3179 2110 hominibus.
3210 2057 3416 2111 Caritas
3443 2073 3576 2128 ergo
3603 2058 3766 2115 efﬁcit

2185 2146 2313 2200 nulli
2339 2144 2530 2200 affines
2553 2146 2956 2215 reprehensioni
2981 2156 3071 2203 :et
3094 2163 3221 2203 vere
3248 2149 3545 2220 iuculpatos
3570 2151 3763 2207 reddit.

2184 2235 2316 2290 Cum
2338 2250 2438 2305 ego
2461 2236 2748 2305 aliquando
2765 2237 2976 2292 cuidam
2998 2253 3268 2294 narrarem
3293 2250 3348 2295 et
3366 2241 3601 2297 dicerem
3627 2244 3766 2313 quod

2186 2327 2380 2380 caritas
2405 2326 2595 2381 reddat
2638 2327 2767 2381 nulli
2808 2326 2997 2382 affines
3032 2329 3469 2398 reprehensioni,
3502 2347 3604 2386 nec
3630 2334 3769 2387 sinat

2187 2432 2271 2477 ea.
2302 2433 2421 2487 quae
2445 2432 2566 2471 cum
2591 2418 2833 2487 proximo
2861 2418 3141 2473 intercedit
3161 2419 3409 2482 amicitia,
3434 2420 3648 2491 aliquod
3672 2423 3770 2477 de-

2190 2508 2376 2562 lictum
2410 2509 2647 2578 irrepere
2667 2548 2681 2573 ,
2712 2517 2768 2562 et
2796 2509 2899 2563 alia
2928 2510 3105 2563 omnia
3136 2524 3471 2566 recenserem
3509 2523 3566 2567 et
3594 2512 3773 2568 verbis

2189 2613 2562 2667 persequerer,
2579 2599 2795 2669 quidam
2815 2614 2880 2654 ex
2895 2601 3029 2656 meis
3047 2599 3392 2658 familiaribus
3413 2605 3771 2674 respondens,

2190 2689 2330 2744 dixit
2362 2708 2375 2743 :
2408 2690 2545 2756 Quid
2582 2705 2711 2762 ergo
2748 2692 3039 2748 scortatio?
3067 2707 3243 2748 annon
3276 2694 3400 2748 licet
3429 2705 3483 2748 et
3510 2710 3695 2751 amare
3725 2708 3774 2752 et

2192 2782 2415 2836 scortari
2432 2783 2457 2835 t
2486 2782 2664 2838 ethoc
2682 2783 2895 2854 quidem
2924 2784 2981 2837 fit
3004 2799 3069 2838 ex
3095 2785 3351 2840 amicitia.
3373 2785 3531 2842 Certe
3554 2789 3774 2843 avaritia

2194 2870 2405 2942 quidem
2435 2881 2491 2926 et
2517 2870 2872 2927 adulterium‘
2903 2881 2957 2927 et
2983 2872 3177 2927 invidia
3217 2882 3272 2929 et
3301 2875 3542 2942 insidiae,
3573 2886 3629 2931 et
3654 2892 3778 2948 qua:

2196 2974 2320 3020 sunt
2349 2964 2635 3034 ejusmodi,
2668 2975 2891 3036 possunt
2918 2976 3162 3024 avertere
3188 2984 3218 3022 a
3246 2970 3662 3039 propinquorum
3694 2972 3777 3027 di-

2196 3054 2455 3120 lectione;
2480 3057 2735 3112 scortatio
2755 3065 2955 3123 autem,
2976 3058 3166 3128 inquit.
3184 3059 3494 3129 quomodo?
3515 3060 3627 3131 Ego
3648 3076 3780 3116 sero

2150 3226 2153 3227 ν
2199 3147 2307 3202 dixi
2333 3189 2349 3215 ,
2380 3147 2522 3219 quod
2549 3148 2651 3203 hoc
2677 3163 2888 3219 quoque
2915 3159 3089 3219 potest
3116 3151 3411 3220 reprimere
3436 3160 3491 3207 et
3519 3152 3782 3222 impedire

2199 3240 2414 3295 caritas.
2446 3240 2578 3295 Nam
2608 3240 2654 3294 si
2683 3241 2803 3311 quis
2830 3251 2974 3296 amet
3001 3243 3283 3297 mulierem
3316 3259 3437 3313 quas
3468 3254 3745 3300 scortatur
3764 3284 3779 3311 ,

2201 3332 2271 3386 ab
2304 3332 2424 3387 aliis
2454 3333 2583 3387 viris
2609 3347 2729 3388 eam
2760 3333 2987 3387 tentabit
3015 3332 3284 3389 abducere
3308 3376 3322 3400 ,
3357 3349 3535 3403 neque
3567 3336 3688 3406 ipse
3722 3335 3785 3391 ad

2202 3433 2480 3494 peccatum
2511 3423 2776 3478 admittet.
2800 3424 3156 3491 Quamobrem
3181 3426 3268 3494 qui
3295 3436 3578 3491 scortatur,
3610 3443 3789 3483 mere-

2208 3518 2394 3572 tricem
2426 3516 2712 3571 admodum
2739 3517 2883 3582 odit;
2918 3517 3008 3585 qui
3041 3527 3216 3572 autem
3250 3518 3401 3573 valde
3430 3520 3596 3590 diligit
3616 3559 3632 3584 ,
3662 3536 3787 3576 eam

2205 3607 2433 3662 abducet
2473 3608 2540 3661 ab
2578 3608 2665 3662 illa
2709 3607 3062 3662 abominanda
3103 3611 3333 3664 actione.
3380 3609 3497 3665 Non
3525 3619 3645 3677 est,
3679 3627 3787 3667 non

2208 3702 2290 3752 εει
2315 3699 2480 3752 ullum
2507 3707 2806 3767 peccatum,
2833 3699 2975 3768 quod
3006 3715 3111 3754 non
3140 3708 3408 3770 tamquam
3436 3703 3572 3772 ignis
3595 3717 3793 3758 consu-

2210 3800 2322 3845 mat
2351 3792 2430 3846 vis
2458 3792 2698 3846 caritatis
2722 3801 2776 3845 et
2806 3791 3127 3846 dilectionis.
3160 3789 3389 3847 Facilius
3413 3793 3557 3847 enim
3589 3796 3793 3850 resistit

2211 3883 2317 3936 vile
2342 3893 2669 3936 sarmentum
2698 3897 2888 3951 magno
2914 3882 3050 3950 ignis
3082 3896 3231 3952 rogo,
3259 3899 3417 3952 quam
3450 3893 3637 3939 natura
3670 3900 3797 3955 ρεαδ

2214 3975 2316 4028 cati
2349 3974 2597 4041 potestati
2624 3973 2882 4027 caritatis.
2927 3973 3073 4027 Hanc
3115 3989 3245 4045 ergo
3283 3974 3585 4043 plantemns
3614 3976 3667 4030 in
3704 3990 3796 4031 no-

2215 4064 2340 4119 stris
2382 4064 2610 4126 animis,
2654 4074 2712 4116 ut
2744 4073 2949 4118 stemus
2989 4079 3110 4118 cum
3149 4065 3399 4121 omnibus
3436 4066 3636 4121 sanctis
3669 4084 3689 4121 :
3723 4067 3795 4121 illi

2215 4155 2357 4207 enim
2387 4168 2573 4209 omnes
2602 4153 2922 4223 placuerunt
2958 4162 3013 4208 et
3052 4155 3255 4231 accepti
3303 4155 3518 4212 fuerunt
3560 4171 3628 4212 ex
3655 4156 3796 4212 dile-

2217 4246 2393 4299 ctione
2438 4245 2688 4313 proximi.
2730 4244 2882 4301 Unde
2924 4245 3116 4300 accidit
3153 4246 3295 4316 quod
3332 4248 3689 4317 interemptus
3732 4250 3797 4303 sit

2218 4336 2374 4397 Abel,
2406 4344 2460 4389 et
2488 4352 2592 4389 non
2622 4336 2996 4392 interemerit?
3025 4337 3103 4392 Ex
3134 4352 3200 4392 eo
3225 4337 3364 4407 quod
3395 4341 3614 4395 fratrem
3644 4341 3797 4394 valde

2219 4426 2464 4496 diligeret
2489 4445 2503 4481 :
2532 4442 2704 4496 neque
2730 4427 2981 4481 sustinuit
3004 4438 3058 4481 ut
3085 4427 3173 4481 illa
3204 4429 3464 4497 ejusmodi
3489 4429 3539 4483 ei
3567 4429 3619 4483 in
3643 4444 3796 4485 mens

2222 4526 2329 4571 tem
2360 4518 2567 4571 veniret
2605 4517 2876 4586 cogitatio.
2921 4516 3201 4573 Undenam
3252 4518 3464 4574 invidia:
3509 4520 3796 4589 perniciem

2221 4610 2454 4678 suscepit
2506 4608 2671 4662 Cain?
2714 4623 2819 4662 non
2864 4608 3007 4662 enim
3054 4624 3176 4663 eum
3223 4607 3291 4663 de
3333 4616 3531 4664 caetero
3574 4609 3795 4665 dixerim

2221 4698 2439 4754 fratrem
2468 4697 2667 4753 Abelis.
2691 4697 2952 4764 Quoniam
2977 4697 3115 4767 apud
3140 4712 3262 4752 eum
3290 4713 3395 4752 non
3420 4699 3552 4753 satis
3579 4698 3799 4752 ﬁrmiter

2223 4799 2377 4845 erant
2419 4789 2561 4858 jacta
2590 4787 2827 4843 caritatis
2864 4787 3227 4842 fundamenta.
3256 4785 3552 4843 Undenam‘
3581 4787 3703 4840 boni
3746 4794 3798 4838 et

2223 4881 2375 4950 probi
2393 4889 2513 4935 sunt
2535 4879 2820 4934 existimati
2844 4878 2936 4931 filii
2956 4877 3066 4934 Noe
3080 4881 3105 4931 ἐ’
3125 4892 3301 4933 annon
3323 4879 3573 4947 quoniam
3594 4888 3797 4949 patrem

2224 4971 2554 5040 diligebant,
2588 4984 2758 5040 neque
2801 4970 3172 5024 sustinuerunt
3212 4969 3330 5039 ejus
3367 4969 3552 5024 videre
3596 4968 3800 5023 nudita-

2225 5062 2373 5116 tem?
2401 5061 2674 5115 Undenatn
2697 5069 2872 5114 autem
2893 5060 3028 5113 alter
3043 5059 3213 5114 diram
3237 5073 3525 5129 perpessus
3545 5067 3625 5114 est
3643 5070 3801 5112 exsc-

2226 5152 2516 5205 crationent
2534 5148 2559 5202 i
2579 5164 2756 5203 annon
2779 5165 2842 5203 cx
2860 5164 2926 5203 eo
2944 5149 3085 5217 quod
3108 5164 3214 5202 non
3234 5148 3516 5218 dil'geret?
3536 5147 3798 5202 Abraham

2226 5250 2401 5295 autem
2425 5240 2563 5294 unde
2584 5248 2665 5293 est
2686 5248 3001 5308 assequutus
3018 5238 3228 5292 laudem
3249 5248 3303 5293 et
3322 5234 3803 5293 existimationem?

2226 5348 2403 5387 annon
2427 5347 2496 5387 ex
2521 5330 2826 5396 dilectione,
2852 5338 2910 5384 ut
2928 5330 3016 5400 qui
3038 5345 3119 5385 res
3142 5329 3320 5385 fratris
3341 5330 3423 5385 sui
3448 5329 3542 5384 filii
3564 5326 3801 5383 curavit?
3883 5332 3913 5370 ιι

2294 5555 2310 5585 ί
2348 5550 2560 5609 ιηνΟοιὶ).
2578 5557 2640 5609 et
2680 5561 2834 5609 marg.
2861 5547 3027 5609 ASavil.
3050 5546 3119 5609 sic
3149 5544 3332 5606 legitur
3360 5557 3372 5592 :
3398 5541 3523 5605 Quid
3562 5547 3716 5609 animi
3743 5536 3805 5609 de

2230 5599 2513 5664 scortatiane
2533 5608 2695 5659 dicere
2717 5599 2878 5669 puteis?
2899 5621 3056 5658 (utnon
3074 5608 3181 5656 licet
3203 5599 3373 5654 amare
3392 5599 3440 5654 et
3454 5599 3703 5669 scortari]

2231 5657 2815 5740 Sit":'b"uia}iitaserb';ta
2851 5657 3068 5740 {ignorem
3091 5669 3300 5740 pertinet
3331 5661 3692 5740 namscortttti.
3718 5657 3811 5708 ιιιε

2235 5740 2393 5787 autem
2419 5747 2434 5783 :
2459 5733 2687 5796 Equidem
2725 5731 2944 5793 avaritia,
2969 5727 3140 5794 inquit,
3166 5736 3213 5779 et
3234 5727 3557 5788 adulterium,
3583 5730 3678 5774 etc.
