4010 6142
449 283 558 341 “9

445 394 873 469 εὐηργετὴσατε,
910 390 984 456 ὦς
1020 391 1112 446 τοῦ
1152 391 1288 446 Θεοῦ
1337 393 1581 463 νομίζειν
1618 391 1794 448 εἶναι’
1827 395 2027 463 μᾶλλον

444 485 504 536 δὲ
541 483 639 537 καὶ
679 481 838 552 ἔργον
883 477 1018 532 Θεοῦ
1040 495 1054 511 ο
1089 478 1151 531 οὑ
1181 480 1288 550 γὰρ
1322 477 1672 550 ἀνθρωπίνης
1701 481 1882 551 ψυχῆς
1909 482 2031 535 οὐδὲ

449 567 689 638 σπουδῆς
714 564 963 620 τοσοῦτον
992 564 1269 634 φρόνημα.
1305 565 1563 630 Νυκτὸς,
1591 567 1745 637 φησὶ,
1770 566 1869 620 καὶ
1887 564 2031 636 ἠμέ-

443 673 558 724 ρας
578 651 1093 720 ὑπερεκπερισσοῦ
1120 651 1408 720 δεόμενοι.
1432 654 1542 707 Καὶ
1559 653 1717 707 τοῦτο
1736 655 1833 724 τῆς
1861 656 2034 726 χαρᾶς

452 743 693 811 σημεῖον.
713 738 981 809 Καθάπερ
1002 737 1112 809 γάρ
1138 754 1223 800 τις
1250 736 1515 808 γεωργὸς.
1535 737 1750 792 ἀκούων
1779 740 1907 809 περὶ
1933 739 2034 810 τῆς

448 826 615 881 αὑτοῦ
656 825 839 895 χώρας
885 826 983 894 τῆς
1040 824 1368 894 πονηθείσης
1430 823 1598 893 αὐτῷ,
1649 826 1731 879 ὅτι
1789 825 2033 896 βρίθεται

447 917 557 976 τοῖς
583 916 813 983 καρποῖς
835 924 882 972 ι,
902 910 1058 963 ποθεῖ
1074 912 1191 964 κατ’
1208 910 1329 979 ὄψιν
1350 909 1449 980 τὴν
1464 911 1733 982 τοσαύτην
1756 912 1885 966 ἰδεῖν
1911 914 2035 983 ἡδο-

450 1002 576 1068 νήν·
612 998 755 1051 οὕτω
784 999 879 1050 καὶ
910 996 1125 1059 Παῦλος
1153 996 1251 1066 τὴν
1280 995 1642 1052 Μακεδονίαν.
1679 998 2034 1066 ’Υπερεκπε-

441 1086 667 1155 ρισσοῦ
696 1086 987 1155 δεόμενοι.
1017 1085 1161 1155 Ὅρα
1187 1084 1286 1153 τὴν
1313 1084 1641 1156 ὑπερϐολήν.
1665 1087 1771 1151 Είς
1798 1085 1865 1139 τὸ
1887 1086 2037 1140 ἰδεῖν

447 1172 615 1242 ὑμῶν
631 1173 694 1226 τὸ
713 1173 1058 1240 πρόσωπον,
1073 1171 1173 1224 καὶ
1193 1173 1545 1239 καταρτίσαι
1565 1171 1638 1225 τὰ
1656 1171 2037 1241 ὑστερήματα

452 1257 560 1325 τῆς
600 1259 865 1324 πίστεως
906 1254 1094 1327 ὑμῶν.
1142 1257 1406 1311 Ἐνταῦθα
1439 1257 1575 1311 πολὺ
1603 1258 1664 1311 τὸ
1707 1259 1944 1328 ζήτημα.
1972 1259 2035 1311 El

450 1344 559 1416 7&9
586 1345 681 1398 νῦν
720 1343 819 1414 ζῇς
870 1345 953 1397 ὅτι
1003 1344 1290 1415 ἑστήκασι,
1332 1344 1429 1398 καὶ
1460 1345 1722 1414 Τιμόθεος
1752 1344 2035 1415 εὐηγγελί-

457 1432 587 1485 σατό
611 1449 670 1484 σε
699 1432 799 1500 τὴν
838 1431 1022 1484 πίστιν
1054 1431 1234 1485 αὐτῶν
1261 1432 1357 1485 καὶ
1377 1431 1478 1502 τὴν
1513 1431 1755 1503 ἀγάπην,
1787 1432 1882 1485 καί⁵
1909 1449 2034 1485 τοσ-

453 1518 623 1589 αύτης
653 1516 805 1590 [4551
831 1516 881 1572 εἷ
907 1520 1083 1589 χαρᾶς
1113 1519 1329 1588 μεστὸς,
1382 1518 1459 1583 ῶς
1486 1520 1620 1590 μηδὲ
1657 1520 1917 1573 δύνασθαι
1956 1518 2036 1589 τῷ

451 1604 570 1674 Θεῷ
585 1605 706 1659 κατ’
721 1604 881 1670 ἀξίαν
900 1606 1312 1676 εὑχαριστῆσαι,
1332 1607 1447 1670 πῶς
1470 1607 1701 1661 ἐνταῦθα
1721 1609 1790 1662 τά
1809 1607 1935 1660 ὑστε
1945 1610 2036 1677 ρή-

455 1708 600 1762 ματα
647 1692 747 1761 τῆς
778 1693 1015 1755 πίστεως
1042 1693 1223 1745 αὐτῶν
1257 1690 1399 1747 εἶναι
1449 1693 1585 1765 φῂςς
1627 1689 1739 1765 ἄρα
1774 1694 1848 1765 μὴ
1880 1693 2038 1746 κολα-

450 1778 602 1841 κείας
627 1777 695 1830 τὰ
723 1778 945 1848 ῥήματα
965 1779 1149 1831 ἐκεῖνα
1166 1795 1182 1844 ;
1200 1778 1484 1849 Μηδαμῶς
1503 1796 1518 1811 ο
1544 1779 1620 1850 μὴ
1646 1780 1875 1848 γένοιτο.
1899 1780 2037 1850 Προ-

449 1860 630 1917 λαϐὼν
680 1864 790 1935 γὰρ
863 1864 1271 1935 ἐμαρτύρησεν,
1316 1868 1398 1920 ὅτι
1431 1865 1662 1930 πολλοὺς
1708 1864 1902 1930 ἄθλους
1936 1867 2038 1921 ὑπ-

449 1952 694 2021 έμειναν,
733 1951 831 2004 καὶ
863 1952 1015 2005 οὐδὲν
1042 1954 1224 2022 χεῖρον
1242 1952 1561 2023 διετέθησαν
1596 1952 1703 2006 τῶν
1728 1954 1786 2007 ἐν
1804 1956 1869 2024 τῇ
1908 1953 2039 2006 Ἰου-

448 2038 575 2109 δαίᾳ
617 2037 971 2107 Ἐκκλησιῶν.
996 2038 1062 2091 Τί
1092 2035 1184 2092 οὖν
1208 2041 1384 2103 ἐστιν;
1410 2040 1485 2093 Οὐ
1512 2040 1696 2110 πάσης
1724 2040 2038 2093 ἀπέλαυσαν

340 2130 345 2134 ’
449 2123 552 2191 τῆς
586 2123 956 2187 διδασκαλίας,
981 2124 1102 2177 οὖδέ
1130 2125 1229 2178 ὅσα
1256 2125 1424 2196 ἐχρῆν
1454 2125 1648 2195 μαθεῖν
1682 2125 1884 2196 έμαθον
1904 2143 1918 2157 ν
1944 2128 2039 2180 καὶ

451 2209 612 2264 τοῦτο
655 2211 807 2280 δηλοῖ
860 2211 996 2281 πρὸς
1027 2211 1104 2281 τῷ
1153 2212 1315 2266 τέλει.
1354 2211 1512 2276 Ἴσως
1562 2213 1619 2265 δὲ
1665 2214 1761 2267 καὶ
1797 2214 2039 2284 ἐζητεῖτο

454 2298 590 2370 παρ’
620 2299 805 2360 αὐτοῖς
836 2299 966 2370 περὶ
1009 2299 1109 2368 τῆς
1147 2299 1515 2364 ἀναστάσεως,
1549 2300 1644 2354 καὶ
1676 2301 1859 2354 πολλοὶ
1895 2297 2039 2372 ἦσαν

450 2385 504 2437 οί
542 2383 899 2454 θορυϐοῦντες
937 2384 1157 2450 αὐτοὺς,
1188 2385 1372 2439 οὐκέτι
1396 2389 1512 2450 τοῖς
1539 2391 1892 2457 πειρασμοῖς,
1919 2389 2039 2443 οὑδέ

452 2472 566 2533 τοῖς
589 2468 878 2533 κινδύνοις,
907 2469 1021 2523 ἀλλ’
1054 2471 1475 2543 ὑποκρινόμενοι
1504 2474 1632 2536 τοὺς
1659 2474 2032 2539 διδασκάλους.

451 2555 624 2609 Τοῦτό
647 2557 673 2596 δ
698 2573 851 2626 φησι,
882 2557 958 2611 Τὰ
981 2557 1364 2625 ὑστερήματα
1389 2557 1494 2626 τῆς
1520 2559 1780 2626 πίστεως
1795 2576 1809 2589 ·
1832 2563 1924 2616 καὶ
1950 2562 2037 2616 διά

448 2643 608 2696 τοῦτο
640 2640 812 2706 οὕτως
858 2644 1106 2714 ἐνέφηνε,
1138 2645 1234 2698 καὶ
1284 2646 1386 2698 οὑκ
1423 2642 1598 2712 εἶπεν,
1628 2649 1710 2711 είς
1755 2649 1816 2701 τὸ
1847 2665 2037 2720 στηριι

454 2730 671 2801 χθῆναι,
695 2728 850 2795 ἀλλά,
875 2728 1261 2800 Καταρτίσαι.
1300 2731 1469 2784 Ἔνθα
1505 2733 1607 2803 μὲν
1646 2735 1756 2805 7&9
1788 2736 1915 2806 περὶ
1942 2737 2040 2789 αὑι

449 2817 546 2887 τῆς
595 2816 693 2886 τῆς
741 2815 974 2879 πίστεως
1028 2816 1306 2880 ἐδεδοίκει,
1339 2818 1637 2887 Ἔπεμψα,
1670 2821 1826 2893 φησὶ,
1874 2821 2039 2892 Τιμό-

452 2907 590 2957 θεον
614 2905 702 2969 εις
726 2902 791 2955 τὸ
824 2903 1101 2971 στηρίξαι
1135 2903 1291 2973 ὑμᾶς
1310 2920 1325 2935 ·
1350 2904 1584 2959 ἐνταῦθα
1608 2906 1684 2972 δὲ,
1717 2907 1787 2959 τὰ
1813 2908 2040 2980 ὑστερή-

456 3007 605 3059 ματα
634 2990 783 3058 λέγει
819 2990 1171 3062 καταρτίσαι,
1204 2991 1233 3044 δ
1261 2991 1613 3057 διδασκαλίας
1641 2993 1841 3063 μᾶλλόν
1866 2995 2036 3060 ἐστιν,

453 3076 487 3147 ἢ
534 3075 874 3147 βεϐαιώσεως
898 3093 914 3108 ο
955 3076 1207 3147 καθάπερ
1260 3079 1355 3131 καὶ⁸
1401 3078 1635 3149 ἀλλαχοῦ
1670 3097 1865 3151 φησιν’
1901 3080 2040 3135 ’Ἵνα

451 3162 559 3234 ἦτε
588 3162 1043 3234 κατηρτισμένοι
1080 3167 1169 3232 εις
1219 3164 1345 3220 πᾶν
1381 3167 1560 3237 ἔργον
1602 3167 1848 3236 ἀγαθόν.
1882 3168 1955 3221 Τὸ
1981 3168 2038 3221 δὲ

452 3252 886 3324 κατηρτισμένον
931 3255 1109 3308 ἐκεῖνό
1171 3255 1340 3318 ἐστιν,
1388 3246 1432 3321 ᾧ
1487 3254 1666 3324 ὀλίγον
1724 3273 1778 3309 τι
1828 3255 2037 3310 λείπει·

447 3340 607 3395 τοῦτο
638 3341 747 3411 7&9
780 3339 1187 3411 καταρτίζεται.
1222 3342 1414 3407 Αὐτὸς
1443 3342 1512 3395 δὲ
1542 3346 1573 3397 ό
1604 3344 1750 3409 Θεὸς
1777 3344 1877 3397 καὶ
1917 3349 2037 3398 Πα-

449 3428 560 3494 τὴρ
605 3425 800 3496 ἡμῶν,
851 3426 953 3480 καί
1005 3427 1037 3480 ὁ
1074 3428 1290 3495 Κύριος
1320 3425 1491 3496 ήμῶν
1517 3428 1756 3496 Ἰησοῦς
1788 3431 2039 3497 Χριστὸς

451 3515 808 3568 κατευθύναι
838 3513 957 3580 τὴν
989 3514 1133 3568 ὁδὸν
1162 3513 1334 3583 ἡμῶν
1371 3516 1521 3583 πρὸς
1548 3516 1724 3583 ὑμᾶς.
1762 3517 1946 3586 ’Υμᾱς
1972 3517 2040 3571 δὲ

455 3603 486 3652 ὁ
529 3601 746 3667 Κύριος
784 3599 1142 3665 πλεονάσαι,
1171 3601 1268 3654 καί
1309 3603 1711 3669 περισσεύσαι
1739 3601 1813 3670 τῇ
1837 3603 2036 3672 ἀγάπῃ

454 3688 540 3750 εἰς
564 3686 877 3753 ἀλλήλους
909 3687 1007 3740 καί
1038 3689 1126 3753 εἰς
1158 3688 1410 3754 πάντας,
1443 3688 1711 3756 καθάπερ
1745 3690 1843 3743 καί
1871 3689 2040 3758 ἡμεῖς

453 3771 537 3833 είς
586 3770 761 3839 ὑμᾶς.
818 3770 988 3826 Τοῦτο
1045 3773 1486 3845 ὑπερϐαλλούσης
1547 3776 1787 3844 ἀγάπης,
1836 3777 1897 3828 τὸ
1961 3777 2037 3847 μὴ

371 3894 375 3898 ι
459 3860 620 3926 μόνον
641 3857 761 3910 καθ’
788 3858 979 3912 ἑαυτὸν
1014 3858 1289 3930 εὔχεσθαι,
1316 3860 1452 3915 ἀλλά
1479 3861 1577 3915 καὶ
1603 3862 1660 3914 ἐν
1688 3864 1754 3932 τῇ
1782 3862 2036 3935 ἐπιστολῇ

453 3942 551 4013 τὴν
568 3943 734 4013 εὐχὴν
760 3944 1093 4000 ἐντίθεσθαι·
1113 3945 1267 4000 τοῦτο
1284 3946 1512 4017 ζεούσης
1529 3946 1729 4016 ψυχῆς,
1756 3949 1849 4001 καὶ
1867 3948 2036 4012 ὅντως

451 4033 828 4103 ἀκαρτερήτου
845 4051 859 4065 ο
878 4035 1035 4088 τοῦτο
1053 4034 1249 4105 δεῖγμα
1276 4037 1368 4088 καὶ
1393 4035 1503 4087 τῶν
1523 4037 1640 4087 ἐκεῖ
1660 4036 2038 4105 γεγενημένων

449 4117 656 4188 εὐχῶν
694 4118 810 4188 ἅμα
850 4119 906 4173 δὲ
940 4121 1036 4175 καὶ
1068 4120 1359 4189 ἀπολογία,
1385 4122 1467 4175 ὃτι
1515 4121 1612 4191 οὑχ
1650 4119 1887 4185 ἑκόντες,
1918 4122 2037 4174 οὐδὲ

453 4203 824 4275 ῥᾳθυμοῦντες
880 4206 942 4260 οὑ
1000 4209 1417 4277 παραγίνονται.
1483 4209 1572 4270 Ὠς
1623 4207 1689 4261 ἂν
1728 4210 1775 4260 εί
1821 4209 2033 4276 ἐλεγεν⁶

449 4294 621 4356 Δὺτδς
654 4294 711 4347 δὲ
741 4297 769 4348 ὁ
798 4295 931 4358 Θεὸς
962 4296 1194 4364 ἐκκόψαι
1224 4296 1350 4359 τοὺς
1376 4298 1711 4367 πειρασμοὺς
1744 4297 1868 4360 τοὺς
1896 4312 2034 4350 παν-

449 4380 613 4448 ταχοῦ
657 4382 1045 4452 περιέλκοντας
1094 4385 1264 4451 ἡμᾶς,
1301 4379 1444 4435 ὥστε
1493 4382 1659 4452 ὀρθὴν
1689 4383 1860 4435 ἐλθεῖν
1900 4383 2036 4453 πρὸς

453 4467 612 4535 ὑμᾶς.
648 4467 821 4536 ’Υμᾶς
849 4468 918 4520 δὲ
957 4471 989 4521 ό
1025 4469 1242 4535 Κύριος
1292 4468 1651 4531 πλεονάσαι,
1686 4468 1785 4521 καὶ
1830 4482 2035 4534 περισ-

450 4556 689 4610 σεύσαι.
738 4556 899 4627 Ὁρᾷς
946 4556 1046 4626 τὴν
1103 4556 1298 4625 μανίαν
1331 4557 1431 4626 τῆς
1480 4556 1701 4625 ἀγάπης
1756 4556 1853 4624 τὴν
1898 4556 2036 4608 ἀκά-

451 4639 658 4703 θεκτον,
686 4641 786 4713 τὴν
817 4641 907 4695 διὰ
932 4641 1042 4696 τῶν
1079 4642 1341 4711 ῥημάτων
1367 4640 1724 4709 δεικνυμένην
1742 4655 1756 4705 ;
1774 4640 2035 4694 Πλεονά-

450 4743 574 4791 σαι,
601 4728 766 4796 φησὶ,
810 4728 911 4781 καὶ
969 4729 1386 4794 περισσεύσαι,
1440 4727 1564 4779 ἀντὶ
1613 4725 1726 4790 τοῦ,
1779 4726 2031 4796 αὐξήσαι.

459 4813 547 4876 Ὠς
563 4815 628 4867 ἂν
644 4815 784 4867 εἴποι
799 4832 902 4879 τις,
919 4814 1014 4868 Ἐκ
1034 4816 1347 4884 περιουσίας
1364 4832 1480 4878 πως
1494 4813 1751 4884 ἐπιθυμεῖ
1762 4814 2034 4882 φιλεῖσθαι

451 4902 580 4969 παρ’
611 4901 811 4953 αὐτῶν.
848 4901 1143 4969 Καθάπερ,
1185 4904 1339 4972 φησὶ,
1376 4902 1472 4955 καί
1516 4900 1686 4968 ἡμεῖς
1723 4902 1813 4966 εἰς
1856 4898 2031 4968 ὑμᾶς.

450 4986 731 5047 Τουτέστι,
760 4986 834 5039 Τὸ
865 4989 961 5058 μὲν
994 4990 1261 5060 ἡμέτερον
1292 4990 1391 5059 ἥδη
1424 4987 1538 5041 ἐστί
1561 5003 1574 5016 ·
1607 4988 1668 5040 τδ
1693 4986 1747 5040 δέ
1771 4987 2034 5058 ὑμέτερον

447 5071 706 5140 ἀξιοῦμεν
744 5074 1017 5141 γενέσθαι.
1052 5076 1214 5147 Ὁρᾷς
1246 5076 1348 5128 ποῦ
1387 5074 1633 5144 βούλεται
1670 5075 1770 5145 τὴν
1813 5074 2034 5143 ἀγάπην

447 5158 817 5226 ὲκτείνεσθαι;
839 5161 938 5214 οὐκ
963 5164 1040 5226 είς
1065 5162 1329 5234 ἀλλήλους
1363 5163 1542 5232 μόνον,
1568 5160 1704 5213 ἀλλά
1733 5160 2030 5230 πανταχοῦ.

447 5244 616 5298 Τοῦτο
640 5245 749 5315 7&9
771 5246 941 5311 ὅντως
977 5249 1201 5319 ἀγάπης
1230 5249 1329 5318 τῆς
1363 5247 1503 5300 κατά
1533 5248 1687 5311 Θεὸν,
1713 5247 1775 5301 τὸ
1823 5249 2033 5310 πάντας

447 5333 906 5400 περιπλέκεσθαιο
937 5333 1003 5387 ἂν
1049 5335 1106 5388 δέ
1163 5335 1254 5388 τὸν
1304 5335 1450 5387 δεῖνα
1506 5334 1606 5404 μὲν
1653 5336 1893 5403 ἀγαπᾷς,
1942 5333 2033 5385 τὸν

443 5417 590 5470 δεῖνα
632 5418 689 5472 δὲ
719 5420 940 5489 μηκέτι,
974 5422 1116 5474 κατά
1150 5423 1436 5491 ἄνθρωπον
1469 5423 1501 5492 ἡ
1535 5419 1707 5487 φιλία.
1757 5420 1897 5473 Ἀλλ’
1935 5421 2031 5488 οὐχ

444 5504 478 5572 η
507 5505 749 5574 ἡμετέρα
777 5508 1025 5577 τοιαύτη.
1064 5508 1338 5575 Καθάπερ
1370 5508 1468 5561 καὶ
1513 5506 1684 5576 ἡμεῖς
1712 5509 1799 5572 εἰς
1836 5504 2026 5574 ὑμᾶς’

505 5658 535 5723 ‘_‘
557 5657 697 5723 δζοίι).
729 5665 781 5723 gl
802 5672 957 5723 τηετις.
985 5659 1136 5709 Sam.
1160 5661 1259 5716 τοῖς
1282 5662 1538 5723 ἀστάχυσι.

508 5719 538 5760 δ
560 5720 650 5767 Διά
672 5718 818 5767 τοῦτο
835 5718 858 5764 ‘2

1338 277 1407 335 ΙΝ
1437 276 1658 337 EPIS’I’.
1691 273 1710 333 1
1743 277 1833 333 AD
1869 269 2205 332 THESSAL.
2248 273 2399 332 CAP.
2430 271 2519 343 111,
2559 268 2792 332 IIOMIL.
2834 270 2921 331 IV.

2132 393 2220 458 είς
2251 392 2318 445 τὸ
2348 394 2623 461 στηρίξαι
2652 391 2820 462 ὑμῶν
2852 392 2958 457 τὰς
2990 392 3229 460 καρδίας
3265 391 3601 462 ἀμέμπτους
3634 397 3709 450 ἐν

2135 477 2440 548 ἁγιωσύνῃ
2466 480 2807 550 ἔμπροσθεν
2823 478 2931 533 τοῦ
2959 479 3106 533 Θεοῦ
3132 479 3229 533 καὶ
3263 481 3491 548 Πατρές
3516 480 3706 550 ἡμῶν.

2131 564 2202 618 ἐν
2230 564 2304 634 τῇ
2332 567 2634 634 παρόυσίᾳ
2655 565 2760 633 τοῦ
2784 567 3007 634 Κυρίου
3039 564 3208 634 ἡμῶν
3224 565 3430 633 Ἰησοῦ
3452 567 3709 636 Χριστοῦ

2128 651 2279 720 μετά
2336 651 2579 706 πάντων
2629 649 2748 705 τῶν
2817 654 3002 721 ἁγίων
3057 652 3264 707 αὑτοῦ.
3317 651 3429 724 Τὴν
3486 652 3710 722 ἀγάπην

2132 736 2401 792 δείκνυσιν
2437 739 2620 802 αὐτοῖς
2661 736 2848 809 κέρδος
2888 739 3180 810 φέρουσαν,
3209 740 3268 793 οὑ
3303 742 3414 805 τοῖς
3455 740 3711 811 φιλουμέ-

2133 839 2266 887 νοις.
2308 824 2600 895 Βούλομαι,
2641 825 2794 895 φησὶ,
2837 825 3134 880 πλεονάσαι
3175 827 3277 898 τὴν
3313 827 3534 898 ἀγάπην
3575 825 3710 881 ταύ-

2131 920 2255 979 την,
2299 911 2390 964 ἵνα
2442 912 2632 981 μηδεὶς
2679 911 2868 983 μῶμος
2911 912 3157 982 γένηται.
3194 914 3309 966 Οὐκ
3358 909 3531 977 εἶπεν,
3564 910 3709 984 ὑμᾶς

2136 998 2407 1069 στηρίξαι,
2445 998 2601 1065 ἀλλὰ,
2637 999 2750 1067 Τὰς
2793 1001 3041 1069 καρδίας
3074 1000 3269 1070 ὑμῶν’
3307 1002 3410 1056 Ἐκ
3452 1003 3563 1072 γὰρ
3598 1000 3711 1071 τῆς

2134 1086 2380 1155 καρδίας
2409 1085 2753 1157 ἐξέρχονται
2787 1086 3161 1157 διαλογισμοί
3188 1090 3459 1156 πονηροί.
3493 1086 3710 1142 Ἐνεστι

2135 1173 2245 1245 γὰρ
2271 1174 2436 1244 μηδὲν
2466 1174 2792 1244 πράττοντα,
2827 1191 2926 1227 πον
2937 1175 3061 1248 («90v
3090 1169 3253 1236 εἶναι,
3277 1169 3387 1227 οἷον
3411 1174 3708 1244 βασκανίαν

2134 1258 2300 1329 ἔχειν,
2335 1260 2612 1325 ἀπιστίαν,
2657 1260 2828 1323 δόλον,
2859 1262 2918 1313 τὸ
2958 1262 3171 1330 χαίρειν
3216 1261 3308 1313 ἐπὶ
3345 1264 3455 1323 τοῖς
3496 1264 3706 1327 κακοῖς,

2135 1342 2285 1418 [456]
2298 1345 2358 1399 τὸ
2380 1345 2455 1417 μὴ
2480 1340 2620 1399 εἶναι
2647 1346 2877 1415 φιλικὸν,
2900 1346 2960 1399 τὸ
2990 1346 3234 1415 δόγματα
3250 1346 3392 1416 ἔχειν
3418 1346 3708 1415 διαστραμά

2139 1433 2275 1503 μένα
2294 1450 2309 1464 ο
2333 1432 2508 1486 ταῦτα
2535 1433 2711 1487 πάντα
2750 1432 2850 1502 τῆς
2894 1423 3120 1503 καρδίας
3147 1434 3295 1485 ἐστί·
3320 1431 3383 1485 τδ
3409 1431 3466 1485 δέ
3504 1430 3710 1485 τούτων

2135 1518 2498 1592 καθαρεύειν,
2557 1519 2705 1573 ἐστὶν
2766 1518 3042 1587 ἀγιωσύνη
3070 1559 3084 1573 .
3142 1507 3363 1589 κυρίως
3443 1517 3543 1589 μὲν
3600 1517 3712 1589 7&9

2137 1605 2416 1674 ἀγιωσύνη
2445 1598 2665 1671 λέγεται
2693 1605 2727 1674 ἡ
2761 1604 3085 1677 σωφροσύνη
3127 1604 3252 1657 κατ’
3282 1602 3474 1675 ἐξοχὴν
3522 1603 3711 1675 ἐπειδὴ

2135 1693 2231 1744 καὶ
2272 1690 2584 1762 ἀκαθαρσία
2607 1693 2641 1762 ἡ
2667 1690 2897 1758 πορνεία
2929 1691 3025 1745 καὶ
3052 1693 3087 1761 ἠ
3119 1690 3367 1762 μοιχείαο
3404 1691 3712 1755 καθολικῶς

2135 1776 2192 1829 δὲ
2229 1778 2382 1830 πᾶσα
2411 1778 2655 1848 ἀμαρτία
2698 1774 3033 1849 ἀκαθαρσία,
3063 1779 3159 1831 καὶ
3206 1780 3359 1832 πᾶσα
3410 1779 3581 1850 ἀρετὴ
3611 1795 3713 1833 κα-

2137 1863 2374 1934 θαρότης
2396 1880 2409 1895 ο
2429 1863 2720 1933 Μακάριοι
2747 1865 2877 1935 γὰρ,
2909 1865 3094 1934 φησὶν,
3122 1867 3176 1919 οι
3207 1864 3449 1933 καθαροί
3469 1864 3544 1935 τῇ
3565 1879 3706 1934 καρδ

2134 1950 2255 2018 δίᾳ.
2282 1951 2570 2022 Καθαροὺς
2603 1953 2728 2015 τοὺς
2761 1952 2938 2024 πάντῃ
2968 1952 3242 2024 καθαρούς
3277 1970 3462 2024 φησιν.

2203 2038 2269 2093 δ’.
2293 2028 2431 2092 Οἶδα
2452 2039 2561 2111 γὰρ
2596 2041 2693 2094 καὶ
2726 2040 2793 2093 τὰ
2825 2040 2960 2094 ἄλλα
2990 2040 3088 2111 οὐχ
3116 2035 3277 2112 ἦττον
3304 2042 3404 2111 τὴν
3420 2040 3598 2111 ψυχὴν
3618 2036 3711 2113 ῥυε

2136 2124 2292 2178 ποῦν.
2322 2126 2446 2180 Ὅτι
2476 2127 2585 2198 7&9
2625 2128 2861 2199 πονηρία
2913 2128 3131 2198 μολύνει
3176 2128 3276 2200 τὴν
3318 2126 3514 2198 ψυχὴν,
3544 2126 3709 2181 ἄκουε

2134 2212 2228 2264 τοῦ
2258 2213 2536 2284 προφήτου
2555 2213 2801 2283 λέγοντος
2823 2231 2837 2246 ο
2869 2215 3199 2269 Ἁπόπλυνε
3217 2212 3337 2269 ἀπὸ
3371 2214 3584 2279 κακίας
3599 2212 3713 2281 τὴν

2135 2298 2390 2366 καρδίαν
2410 2314 2547 2362 σου,
2585 2298 3009 2369 Ἰερουσαλήμ·
3038 2301 3134 2354 καὶ
3161 2299 3344 2364 πάλιν,
3373 2301 3709 2362 Δούσασθε,

2136 2386 2381 2456 καθαροί
2410 2386 2681 2455 γένεσθε,
2704 2385 2958 2456 ἀφέλετε
2986 2387 3092 2452 τάς
3123 2386 3414 2455 πονηρίας
3444 2385 3563 2441 ἀπὸ
3595 2383 3715 2439 τῶν

2134 2470 2353 2540 ψυχῶν
2383 2472 2571 2540 ὑμῶν.
2597 2474 2713 2527 υὺκ
2735 2469 2878 2534 εἷπε,
2895 2473 2992 2537 τὰς
3019 2473 3277 2544 πορνείας
3297 2489 3312 2502 ο
3332 2472 3474 2525 ὥστε
3494 2471 3555 2525 οὑ
3579 2488 3715 2541 πορ⁸

2135 2559 2254 2612 νεία
2289 2559 2469 2629 μόνον,
2506 2558 2642 2614 ἀλλά
2681 2559 2777 2612 καὶ
2822 2558 2889 2612 τὰ
2931 2558 3067 2613 ἀλλα
3117 2557 3334 2628 μολύνει
3382 2556 3483 2628 τὴν
3511 2555 3711 2626 ψυχήνι

2135 2645 2416 2715 Στηρίξαι
2446 2647 2636 2714 ὑμῶν,
2662 2648 2818 2717 φησὶ,
2852 2648 2960 2711 τὰς
2998 2645 3245 2712 καρδίας
3276 2642 3617 2713 ἀμέμπτους
3644 2642 3716 2696 ἐν

2135 2735 2440 2805 ἁγιωσύνῃ
2464 2736 2804 2805 ἔμπροσθεν
2832 2734 2939 2789 τοῦ
2972 2735 3120 2789 Θεοῦ
3142 2733 3241 2788 καὶ
3273 2732 3499 2801 Πατρός
3527 2724 3713 2801 ἡμῶν,

2134 2820 2196 2874 ἐν
2232 2820 2306 2889 τῆ
2335 2823 2638 2891 παρουσίᾳ
2659 2822 2766 2876 τοῦ
2789 2823 3011 2889 Κυρίου
3039 2819 3209 2889 ἡμῶν
3239 2818 3441 2885 Ἰησοῦ
3459 2814 3715 2886 Χριστοῦ

2128 2909 2281 2976 μετὰ
2313 2908 2557 2962 πάντων
2591 2908 2709 2963 τῶν
2742 2909 2926 2977 ἁγίων
2961 2907 3168 2962 αὐτοῦ.
3200 2907 3411 2977 Κριτὴς
3451 2905 3560 2976 ἀρα
3592 2904 3715 2958 τότε

2135 2996 2288 3048 ἐσται
2316 2997 2344 3047 ὁ
2390 2996 2656 3066 Χριστός’
2684 2996 2785 3048 οὑκ
2810 2994 3117 3065 ἔμπροσθεν
3156 2992 3213 3045 δέ
3240 2991 3425 3057 αὑτοῦ,
3455 2990 3589 3044 ἀλλά
3622 2991 3715 3044 καὶ

2134 3081 2229 3134 τοῦ
2249 3082 2458 3154 Πατρὸς
2476 3082 2903 3153 παρεστήκαμεν
2920 3081 3250 3152 κρινόμενοι.
3267 3079 3340 3132 Ἢ
3353 3076 3510 3131 τοῦτό
3528 3091 3713 3147 φησιν,

2135 3168 2217 3221 ὅτι
2265 3169 2587 3238 ἀμέμπτους
2637 3166 2949 3237 ἔμπροσθεν
2998 3165 3092 3219 τοῦ
3138 3164 3274 3218 Θεοῦ
3306 3165 3386 3216 δεῖ
3427 3163 3712 3232 γενέσθαι·

2135 3257 2272 3324 ὅπερ
2319 3255 2406 3308 ἀεὶ
2460 3254 2623 3322 λέγω,
2649 3254 2711 3306 τὸ
2738 3252 2969 3308 ἐνώπ;ον
3012 3251 3104 3304 τοῦ
3148 3248 3284 3303 Θεοῦ
3331 3247 3489 3315 (αὕτη
3526 3250 3634 3321 7&9
3680 3251 3713 3320 ἡ

2136 3342 2305 3413 ἁρετὴ
2354 3341 2697 3411 εἰλικρινής),
2731 3341 2830 3392 οὐκ
2874 3337 3103 3392 ἐνώπιον
3148 3335 3467 3407 ἀνθρώπων.
3503 3336 3649 3408 Ἀρα
3676 3338 3711 3407 ἡ

2135 3429 2323 3496 ἀγάπη
2367 3426 2692 3496 ἀμέμπτους
2731 3427 2903 3477 ποιεῖ·
2932 3426 3022 3478 καὶ
3064 3424 3174 3496 γάρ
3202 3423 3369 3485 ὅντως
3395 3423 3714 3493 ἀμέμπτους

2137 3515 2299 3567 ποιεῖ.
2330 3514 2440 3568 Καὶ
2484 3512 2620 3583 ἐμοῦ
2651 3512 2786 3565 ποτὲ
2820 3510 2980 3564 τοῦτο
3012 3509 3371 3581 διηγουμένου
3405 3510 3539 3581 πρός
3568 3526 3710 3575 τινα,

2136 3601 2231 3654 καὶ
2257 3600 2527 3668 λέγοντος,
2564 3600 2646 3652 ὅτι
2672 3601 2705 3670 ἠ
2735 3600 2922 3670 ἀγάπη
2953 3599 3273 3669 ἀμέμπτους
3299 3600 3463 3660 ποιεῖ,
3494 3597 3588 3650 καὶ
3610 3597 3711 3650 οὐκ

2135 3688 2359 3758 ἀφίησιν
2403 3689 2437 3758 ἡ
2467 3688 2603 3757 πρὸς
2629 3687 2722 3740 τὸν
2760 3686 2987 3759 πλησίον
3019 3685 3168 3756 φιλία
3200 3684 3549 3756 παρείσδυσίν
3589 3696 3711 3737 τινα

2135 3775 2384 3845 γενέσθαι
2416 3774 2516 3845 τῆς
2539 3773 2912 3845 πλημμελίας,
2933 3773 3029 3827 καὶ
3048 3772 3117 3825 τά
3132 3771 3267 3825 ἀλλα
3290 3771 3470 3825 πάντα
3488 3769 3710 3835 διεξιόν-

2135 3880 2224 3925 τος
2249 3861 2345 3914 καὶ
2372 3862 2804 3933 ἐπεξερχομένου
2825 3860 3078 3930 τῷλόγῳ,
3104 3859 3212 3913 τῶν
3245 3856 3369 3928 ἐμοί
3394 3874 3477 3920 τις
3504 3855 3709 3928 γνωρί-

2141 3966 2255 4018 μων
2284 3948 2569 4003 ὑποϐαλὼν
2601 3949 2812 4012 ἑαυτὸν,
2840 3949 3002 4017 φησί’
3048 3948 3113 4000 Τί
3141 3943 3233 4001 οὖν
3273 3949 3307 4016 ἠ
3333 3945 3588 4017 πορνεία;
3609 3945 3710 3998 οὐκ

2137 4036 2343 4087 ἔνεστιν
2368 4030 2460 4088 οὖν
2489 4035 2582 4088 καὶ
2603 4035 2778 4104 φιλεῖν
2805 4036 2901 4088 καὶ
2933 4034 3214 4103 πορνεύειν
3235 4050 3250 4095 ;
3273 4034 3369 4086 καὶ
3391 4033 3498 4084 ἀπὸ
3525 4032 3710 4099 φιλίας

2139 4121 2238 4188 μὲν
2271 4122 2428 4174 τοῦτο
2451 4121 2681 4188 γίνεται.
2724 4118 3012 4182 Πλεονεξία
3043 4119 3140 4186 μὲν
3177 4115 3271 4171 οὖν
3303 4119 3396 4170 καὶ
3435 4117 3651 4186 μοιχεία
3679 4128 3703 4154 ⁶

2136 4208 2229 4261 καὶ
2254 4207 2446 4277 φθόνος
2472 4209 2566 4260 καὶ
2586 4205 2867 4258 ἐπιϐουλαὶ
2893 4206 2987 4256 καὶ
3004 4205 3105 4255 ὅσα
3118 4202 3343 4256 τοιαῦτα
3364 4203 3473 4255 ἀπὸ
3490 4202 3707 4271 ἀγάπης

2135 4297 2233 4365 τῆς
2260 4296 2370 4349 τῶν
2408 4295 2637 4363 πλησίον
2671 4292 2940 4360 ἀνακόψαι
2971 4292 3289 4361 δυνήσεται·
3323 4293 3357 4360 ἡ
3386 4290 3443 4343 δὲ
3484 4290 3710 4361 πορνεία

2137 4384 2289 4449 πῶς;
2340 4382 2525 4450 φησιν.
2587 4380 2729 4447 Ἐγὼ
2774 4379 2954 4431 τοίνυν
2996 4374 3170 4441 εἷπον,
3202 4379 3284 4430 ὅτι
3329 4377 3580 4447 ήάγάπη
3617 4379 3711 4430 καὶ

2134 4469 2296 4522 τοῦτο
2325 4468 2551 4520 δύναται
2584 4464 2870 4532 ἀνακόψαι.
2899 4466 2961 4517 El
2986 4463 3095 4534 7&9
3134 4463 3314 4533 φιλοίη
3342 4480 3422 4526 τις
3452 4463 3548 4532 τὴν
3579 4478 3711 4533 πορ-

2134 4558 2429 4627 νευομένην
2446 4558 2700 4624 γυναῖκα,
2718 4557 2808 4608 καὶ
2830 4554 2939 4607 τῶν
2961 4554 3135 4607 ἄλλων
3158 4554 3329 4623 αὐτὴν
3373 4550 3581 4621 ἀνδρῶν
3604 4551 3711 4603 ἀπα

2133 4647 2360 4713 αγαγείν
2381 4644 2720 4713 πειράσεται,
2745 4641 2863 4712 οὐχὶ
2885 4641 2941 4693 δὲ
2972 4642 3065 4694 καὶ
3093 4640 3253 4703 αὐτὸς
3277 4638 3620 4709 προστιθέναι
3638 4639 3707 4707 τῇ

2135 4732 2397 4803 ἁμαρτίᾳ.
2426 4730 2590 4783 Ὥστε
2627 4731 2832 4800 σφόδρα
2867 4727 3148 4800 μισοῦντός
3178 4730 3293 4780 ἐστι
3323 4726 3420 4795 τὴν
3449 4741 3706 4796 πορνευοο

2134 4821 2304 4890 μένην
2332 4819 2391 4873 τὸ
2424 4817 2706 4889 πορνεύειν
2727 4818 2805 4878 εἰς
2832 4817 3001 4886 αὑτήν
3019 4831 3033 4845 ο
3054 4813 3332 4881 φιλοῦντος
3363 4812 3419 4864 δὲ
3447 4811 3616 4873 ὅντως
3645 4809 3710 4863 τὸ

2132 4907 2438 4974 ἀπαγαγεῖν
2461 4905 2630 4974 αὐτὴν
2663 4903 2763 4972 τῆς
2796 4920 2866 4972 μυ
2877 4902 3044 4971 σαράς
3065 4901 3277 4968 ἐκείνης
3301 4898 3569 4969 πράξεως.
3597 4899 3707 4951 Καὶ

2131 4995 2231 5047 οὐκ
2263 4992 2431 5054 ἐστιν,
2460 4995 2559 5045 οὐκ
2585 4992 2731 5043 ἐστιν
2751 4989 2901 5041 οὐδὲν
2924 4989 3245 5058 ἁμάρτημα,
3274 4986 3302 5038 ὃ
3334 4987 3430 5056 μὴ,
3451 4985 3707 5057 καθάπερ

2134 5080 2265 5151 πῦρ,
2297 5079 2577 5133 ἀναλίσκει
2605 5077 2702 5145 τῆς
2741 5075 2962 5143 ἀγάπης
2989 5076 3021 5143 ἡ
3052 5073 3296 5142 δύναμις.
3327 5070 3707 5145 Εὑκολὼτερον

2133 5167 2241 5237 7&9
2270 5165 2545 5235 φρύγανον
2568 5161 2783 5222 εὐτελὲς
2813 5160 3128 5227 ἀντιστῆναι
3157 5160 3305 5228 πυρᾷ
3334 5157 3578 5230 πολλῇ,ἦ
3607 5160 3705 5227 τῆς

2134 5251 2408 5322 ἁμαρτίας
2431 5249 2528 5319 τὴν
2560 5248 2721 5314 φύσιν
2750 5247 2817 5314 τῇ
2851 5246 2948 5315 τῆς
2974 5246 3193 5312 ἀγάπης
3220 5244 3464 5315 δυνάμει.
3489 5244 3705 5313 Ταύτην

2132 5339 2224 5396 οὖν
2253 5338 2606 5410 φυτεύσωμεν
2635 5337 2691 5388 ἐν
2716 5337 2835 5396 ταῖς
2866 5333 3073 5385 ἑαυτῶν
3089 5333 3306 5403 ψυχαῖς,
3328 5334 3415 5386 ἵνα
3438 5329 3573 5404 μετὰ
3595 5334 3705 5386 τῶν

2135 5430 2302 5500 ἁγίων
2333 5427 2549 5478 πάντων
2587 5422 2830 5490 στῶμεν·
2865 5423 2959 5471 καί
2987 5420 3097 5488 γὰρ
3131 5419 3326 5471 ἐκεῖνοι
3352 5420 3552 5481 πάντες
3576 5419 3701 5489 εὑη-

2195 5595 2216 5622 ο
2259 5586 2395 5637 Colh.
2425 5590 2475 5633 et
2499 5583 2674 5645 partim
2698 5595 2847 5643 marg.
2876 5582 3047 5638 Savil.,
3074 5582 3118 5628 τί
3143 5582 3183 5628 δ’
3228 5581 3284 5645 ὄιν
3309 5581 3455 5639 είποις
3494 5582 3600 5644 περὶ
3619 5589 3707 5643 τῆς

2131 5647 2425 5714 πορνείαςάὴ
2448 5643 2537 5706 γάρ
2557 5646 2820 5714 οὐκένεστι
2845 5645 2926 5714 καὶ
2949 5645 3221 5714 φίῆκοιὶιπὶξι
3240 5643 3408 5714 ἄπαγε
3437 5645 3531 5714 ἀπὸ
3553 5643 3708 5714 φιλίας

2137 5730 2171 5774 μ
2188 5702 2346 5765 SHE-usta
2371 5702 2573 5756 ἔσταιτὸ
2607 5708 2671 5765 μξ
2695 5702 3035 5767 ποριεύεινζίο
3065 5704 3130 5752 δέ.
3161 5702 3410 5762 ίιλεονεξία
3443 5708 3524 5762 μὲν
3551 5702 3633 5754 καὶ
3660 5721 3712 5765 μ.
