4010 6142
371 294 465 349 ιειι

361 420 545 461 annon
587 406 753 463 etiam
791 420 856 462 ex
897 403 1014 475 ejus
1057 401 1444 474 supplicatione
1481 414 1579 472 pro
1608 395 1942 457 Sodomitis?

366 496 537 553 Valde
564 497 735 564 enim,
765 496 919 552 valde
946 501 1190 550 amantes
1213 501 1367 548 erant
1392 492 1584 557 sancti,
1616 499 1672 547 et
1701 491 1950 560 propensi

366 589 435 643 ad
466 588 1016 645 commiscrationem.
1044 584 1228 656 Cogita
1257 584 1398 638 enirn
1429 584 1571 655 quali
1603 584 1840 639 caritatis
1865 582 1948 637 af-

364 679 511 736 fectu
541 690 684 737 esset
723 679 921 735 Paulus
959 678 1051 733 ille
1071 718 1086 745 ,
1115 676 1205 748 qui
1235 676 1319 731 vel
1344 674 1604 731 adversus
1631 675 1808 747 ignem
1831 682 1950 729 erat

368 775 592 839 audens,
624 775 712 828 ille
737 772 1133 838 adamantinos,
1162 770 1252 827 ille
1284 770 1487 834 firmus,
1520 769 1830 837 immobilis,
1859 769 1949 824 ille

365 866 507 918 omni
535 881 599 919 ex
627 873 776 933 parte
800 873 1075 929 constans,
1105 862 1193 917 ille
1220 863 1411 917 timore
1436 862 1529 915 Dei
1559 861 1823 927 conﬁxus,
1857 861 1948 916 ille

364 953 687 1007 inﬂexibilis.
719 954 847 1021 Quis
869 954 1036 1016 enim,
1068 952 1258 1023 inquit,
1283 969 1375 1006 nos
1401 952 1655 1021 separabit
1681 969 1713 1006 a
1737 954 1948 1006 caritate

363 1043 592 1097 Christi?
617 1044 842 1115 afﬂictio,
859 1061 927 1096 an
953 1044 1207 1113 angustia,
1230 1060 1295 1096 an
1318 1043 1655 1113 persequutio,
1679 1059 1746 1095 an
1761 1043 1943 1111 fames,

358 1144 447 1187 aut
478 1135 701 1198 auditas,
734 1145 823 1187 aut
849 1134 1149 1206 periculum,
1179 1145 1269 1187 aut
1296 1134 1498 1205 gladius
1526 1134 1700 1204 (Rom.
1726 1133 1778 1188 8.
1813 1132 1947 1203 55)?

360 1228 456 1283 Ille
482 1224 573 1295 qui
600 1228 861 1282 adversus
895 1227 1009 1281 haec
1037 1226 1215 1281 omnia
1242 1240 1450 1280 summa
1479 1233 1595 1280 erat
1622 1225 1862 1289 audacia,
1889 1234 1945 1280 et

358 1318 623 1373 adversus
655 1328 852 1371 terram
880 1326 935 1371 et
965 1332 1132 1382 mare,
1155 1317 1243 1387 qui
1261 1315 1628 1370 adamantinas
1651 1315 1943 1370 inferorum

363 1420 545 1476 portas
570 1408 848 1475 irridebat,
872 1408 955 1463 cui
985 1408 1118 1462 nihil
1138 1407 1356 1462 omnino
1379 1407 1662 1461 resistebat
1688 1424 1701 1460 :
1732 1408 1777 1462 is
1798 1416 1945 1477 post-

357 1515 521 1568 quam
563 1499 693 1553 vidit
732 1499 1084 1571 quorumdam
1129 1499 1229 1554 sibi
1273 1498 1588 1554 dilectorem
1643 1498 1940 1568 larrymas,

354 1592 498 1646 adeo
523 1589 825 1646 confractus
863 1601 917 1646 et
955 1591 1217 1646 contritus
1244 1590 1342 1646 fuit
1382 1592 1470 1647 illo
1508 1592 1760 1656 adamas,
1793 1602 1943 1648 utne

353 1683 523 1735 animi
567 1681 780 1751 quidem
827 1682 1028 1737 celaret
1072 1691 1297 1746 motum,
1340 1681 1434 1737 sed
1476 1683 1653 1737 statim
1700 1683 1938 1738 diceret:

357 1775 502 1840 Quid
534 1774 701 1844 facitis
726 1776 910 1845 ﬂentes
933 1815 948 1839 ,
978 1783 1023 1827 et
1046 1790 1134 1828 cor
1161 1790 1324 1827 meum
1353 1784 1661 1828 conterentes
1688 1775 1820 1843 (Act.
1849 1775 1939 1829 2|.

350 1867 375 1919 i
393 1867 448 1935 3)
465 1867 488 1918 ?
508 1866 642 1935 Quid
669 1867 827 1932 dicis,
849 1867 1074 1937 quieso?
1097 1869 1335 1922 animum
1365 1868 1513 1922 illum
1541 1868 1939 1923 adamantinum

348 1967 637 2012 conterere
683 1959 858 2027 potuit
904 1959 1181 2030 lacryma?
1217 1959 1400 2025 Certe,
1443 1958 1615 2028 inquit
1648 1979 1661 2012 :
1694 1960 1941 2015 omnibus

351 2049 554 2102 resisto
597 2057 797 2117 praeter
841 2048 1150 2114 caritatem;
1194 2065 1256 2105 ea
1296 2067 1382 2105 me
1417 2059 1667 2120 superat,
1696 2058 1750 2105 et
1775 2051 1827 2104 in
1853 2065 1940 2105 me

351 2139 564 2193 obtinet
587 2139 941 2193 dominatum.
989 2140 1102 2196 Iloc
1148 2140 1261 2195 Deo
1293 2142 1485 2210 placet.
1517 2144 1752 2212 Abyssus
1777 2156 1941 2212 aqua-

353 2244 475 2281 rnm
502 2243 625 2281 cum
648 2243 758 2283 non
777 2230 1029 2297 conterit,
1055 2239 1109 2285 et
1132 2231 1338 2301 exiguae
1358 2239 1646 2286 conterunt
1663 2232 1932 2301 lacrynne.

355 2316 500 2383 Quid
532 2319 698 2386 facitis
728 2320 909 2388 ﬂentes
936 2361 951 2385 ,
982 2331 1031 2374 et
1059 2338 1146 2375 cor
1173 2338 1338 2376 meum
1375 2323 1724 2378 conterentcs?
1750 2322 1936 2393 Magna

350 2419 436 2460 est
466 2407 609 2461 enim
642 2410 883 2463 caritatis
932 2412 1188 2480 potentia.
1222 2411 1315 2467 Vis
1358 2429 1544 2468 rursus
1570 2414 1749 2471 videre
1788 2415 1934 2470 illum

348 2498 613 2551 fleritetn?
658 2501 780 2554 audi
833 2501 982 2556 illum
1027 2502 1338 2558 dicentem:
1368 2503 1660 2559 Triennium
1707 2515 1849 2560 nocte
1889 2515 1937 2560 et

342 2590 451 2651 die,
485 2588 675 2659 inquit,
708 2607 810 2646 non
835 2594 1022 2646 cessavi
1047 2609 1163 2646 cum
1189 2594 1426 2665 (ari-pnus
1457 2596 1725 2649 admonere
1752 2612 1937 2650 unum-

343 2697 590 2749 quemque
616 2692 833 2735 vestrum
863 2682 997 2750 (Act.
1031 2683 1124 2739 ΞΟ.
1149 2685 1260 2754 5|).
1286 2685 1368 2739 Et
1399 2687 1560 2740 multa
1586 2687 1810 2742 caritate
1840 2702 1933 2742 ve-

343 2770 567 2824 rebatur
604 2787 671 2825 ne
704 2773 882 2840 aliqua
925 2774 1149 2829 intraret
1189 2777 1473 2844 pernicies.
1508 2778 1573 2831 Et
1601 2779 1790 2832 iterum
1818 2798 1830 2830 :
1856 2778 1935 2833 Es:

340 2863 510 2915 multa
543 2863 806 2934 aﬂlictioue
833 2874 879 2918 et
918 2867 1154 2934 angustia
1193 2869 1361 2920 cordis
1404 2869 1588 2936 scripsi
1623 2871 1691 2922 ad
1725 2885 1810 2924 vos
1844 2886 1935 2940 per

344 2956 540 3006 multas
566 2956 814 3024 iacrymas
840 2955 916 3025 (2.
945 2957 1062 3010 Car.
1086 2957 1141 3010 2.
1173 2959 1251 3029 4).
1279 2958 1414 3026 Quid
1440 2975 1587 3022 vero,
1603 2964 1929 3030 (lic,quatso.

341 3044 507 3098 fortis
537 3045 625 3099 ille
648 3045 844 3116 Joseph
872 3089 886 3112 ,
917 3048 1010 3117 qui
1039 3059 1225 3102 contra
1257 3058 1457 3103 tantam
1486 3050 1662 3103 stabat
1687 3052 1929 3122 tyranni-

340 3135 471 3189 dem
496 3175 513 3200 ,
542 3139 631 3205 qui
658 3136 916 3193 adversus
945 3150 1146 3193 tantam
1174 3141 1374 3195 amoris
1401 3156 1587 3212 pyram
1616 3156 1675 3196 se
1703 3144 1854 3197 tortis
1878 3155 1930 3199 et

339 3226 546 3281 excelsi
591 3228 754 3282 animi
799 3231 1144 3296 ostenderat,
1183 3232 1274 3301 qui
1319 3240 1519 3286 tantant
1562 3234 1791 3288 domitae
1820 3252 1931 3289 sua:

342 3323 609 3374 insaniam
638 3322 706 3375 ita
741 3325 1276 3395 SUperaverat?quid
1309 3326 1450 3379 enim
1496 3341 1600 3380 non
1644 3338 1768 3381 tunc
1795 3327 1929 3381 deli-

342 3414 572 3469 niisset?
599 3414 792 3469 decora
821 3416 1015 3481 facies,
1049 3415 1217 3471 fastus
1245 3418 1537 3488 dignitatis,
1566 3422 1796 3474 vestium
1822 3421 1929 3474 ele-

340 3506 517 3571 gantia
545 3515 599 3558 et
628 3504 1041 3575 magnificentia,
1064 3516 1361 3561 aromatum
1385 3506 1672 3578 fragrantia:
1704 3511 1925 3576 (etenim

342 3595 523 3647 sciunt
550 3594 664 3648 tunc
691 3610 901 3666 quoque
920 3598 1163 3655 emollire
1188 3600 1474 3670 animum),
1504 3603 1661 3657 verba
1688 3606 1923 3657 otnninm

347 3686 682 3741 mollissima.

417 3782 471 3834 5.
503 3781 718 3853 Joseplti
745 3786 964 3840 castitas.
992 3786 1180 3842 Contra
1208 3788 1509 3859 injuriamm
1538 3790 1924 3843 memoriaan-

361 3874 529 3936 sciti.
546 3876 710 3939 enim,
741 3877 884 3946 quod
911 3893 1029 3949 qute
1072 3879 1303 3948 amabat,
1332 3892 1386 3936 et
1431 3892 1535 3937 tam
1581 3883 1925 3937 vehementer

344 3969 577 4032 amabat,
607 3968 737 4024 nihil
784 3970 1046 4040 ahjectum
1074 3984 1127 4027 et
1163 3974 1364 4029 humile
1391 3951 1536 4029 esset
1576 3984 1880 4029 recusatum
1906 4015 1920 4039 ,

340 4057 597 4126 supplicis
646 4073 896 4131 suscepto
937 4063 1142 4120 habitu.
1202 4065 1348 4119 Adeo
1392 4068 1534 4120 enim
1595 4066 1764 4120 fracta
1811 4077 1925 4121 erat

341 4148 537 4203 nmlicr
562 4165 754 4206 aureas
775 4164 989 4225 gestans
1018 4167 1216 4223 vestes,
1232 4169 1286 4212 et
1312 4173 1430 4227 quae
1452 4167 1568 4212 erat
1595 4159 1854 4213 collocata
1870 4160 1921 4211 in

340 4237 597 4308 dignitate
621 4248 924 4315 regia,utad
936 4251 1076 4305 servi
1090 4251 1282 4319 captivi
1295 4266 1465 4320 genua
1482 4251 1617 4307 forte
1635 4251 1924 4319 procubue-

344 4339 431 4395 rtt,
452 4342 506 4386 et
524 4338 658 4389 forte
673 4338 832 4391 etiam
851 4339 1193 4411 ﬂensrogarit
1208 4350 1262 4396 et
1281 4353 1503 4411 tangens
1523 4357 1694 4412 genua
1716 4359 1730 4396 :
1749 4357 1923 4412 neque

345 4418 397 4472 id
431 4428 598 4481 semel
635 4439 726 4482 aut
754 4429 869 4497 bis,
899 4433 991 4486 sed
1021 4433 1180 4486 etiam
1217 4433 1413 4502 saepius
1440 4435 1677 4487 tentarit.
1705 4434 1923 4487 Licehat

349 4523 469 4570 tunc
484 4521 644 4573 etiam
672 4521 855 4578 videre
874 4524 1085 4578 oculum
1106 4524 1339 4580 maxime
1357 4524 1643 4594 fulgentem
1676 4543 1689 4577 :
1720 4540 1824 4578 non
1843 4534 1924 4578 est

349 4607 486 4663 enim
534 4613 829 4669 verisimile
878 4629 999 4669 eam
1047 4630 1106 4671 se
1142 4616 1333 4671 leviter
1377 4626 1432 4672 et
1476 4625 1781 4685 utcumque,
1829 4616 1922 4673 sed

345 4698 552 4757 curiose
578 4717 825 4773 ornasse,
854 4716 913 4761 ut
946 4723 1065 4777 quae
1093 4709 1272 4765 multis
1299 4708 1502 4764 retibus
1531 4710 1691 4763 vellet
1726 4724 1922 4778 agnum

346 4789 539 4851 Christi
558 4814 774 4870 capere.
792 4801 891 4856 Hic
906 4819 1114 4872 quoque
1134 4804 1363 4875 adjunge
1385 4805 1512 4856 mihi
1537 4803 1731 4856 multas
1760 4803 1926 4871 magi-

351 4898 440 4939 cas
463 4888 870 4947 incantationes.
901 4894 1007 4949 Sed
1036 4906 1212 4950 tamen
1243 4896 1330 4950 ille
1353 4895 1675 4961 inflexibilis,
1703 4895 1791 4949 ille
1814 4897 1925 4949 for-

354 4973 420 5027 tis
445 4989 508 5030 ac
558 4980 794 5050 rigidus,
836 4994 893 5038 et
940 4986 1126 5054 quavis
1153 4993 1304 5055 petra
1355 4984 1598 5049 solidior,
1645 4994 1924 5055 postquam

353 5065 482 5120 vidit
514 5067 704 5127 fratres
744 5075 832 5141 qui
866 5077 1236 5140 vendiderant,
1266 5079 1353 5147 qui
1388 5079 1438 5132 ir.
1466 5078 1751 5133 cisternam
1778 5079 1923 5146 jece~

354 5166 493 5223 rant,
543 5162 632 5229 qui
678 5162 1042 5229 tradiderant,
1095 5168 1186 5237 qui
1218 5168 1465 5223 volebant
1508 5168 1788 5232 occidere,
1835 5169 1923 5236 qui

354 5247 560 5306 fuerant
585 5269 761 5310 causae
790 5266 847 5312 et
887 5260 1118 5313 carceris
1160 5271 1213 5314 et
1242 5260 1498 5325 honoris;
1546 5274 1823 5334 postquam
1862 5270 1929 5317 at»

351 5338 428 5389 eis
453 5342 653 5398 audivit
694 5348 967 5416 quomodo
1010 5348 1230 5404 affectus
1278 5361 1421 5406 esset
1465 5362 1652 5421 pater;
1685 5355 1927 5409 Dicamus

352 5429 513 5493 enim,
546 5436 732 5504 inquit,
763 5440 901 5504 quod
931 5457 1058 5494 unus
1099 5441 1253 5511 fuerit
1280 5460 1310 5496 a
1344 5446 1453 5511 fera
1482 5447 1748 5501 devoratus
1773 5448 1920 5517 (Gen.

353 5521 440 5576 57.
467 5523 559 5591 20)
585 5546 598 5594 ;
629 5528 829 5586 fractus
875 5534 992 5599 fuit,
1022 5535 1283 5598 mollitus,
1328 5539 1611 5603 contritus,
1641 5553 1704 5593 ac
1742 5539 1924 5604 flevit;

355 5623 405 5667 et
433 5619 591 5672 anitni
620 5636 823 5678 motum
852 5640 954 5680 nun
993 5626 1191 5692 ferens,
1240 5629 1512 5697 ingressus
1542 5631 1613 5685 Se
1638 5634 1882 5686 continuit
1908 5677 1922 5699 ,

359 5706 455 5762 hoc
479 5715 863 5772 cst,abstersit.
888 5717 1020 5783 Quid
1050 5718 1166 5779 fles,
1190 5718 1479 5788 oJoseph?
1509 5722 1662 5791 Atqui
1692 5740 1930 5795 pm‘sen-

676 5824 945 5881 ΡΑἰίιοι..
994 5826 1109 5883 (in.
1168 5828 1351 5888 LX“.

1181 288 1249 346 IN
1287 284 1504 344 EPIST.
1547 286 1567 341 l
1631 283 1723 340 AD
1761 274 2093 337 THESSAL.
2133 277 2284 337 CAP.
2327 283 2414 340 Ill.
2454 285 2688 347 HOMIL.
2730 291 2816 350 IV.

3527 316 3635 371 622

2065 393 2135 449 tia
2164 411 2271 453 non
2299 411 2436 499 sunt
2463 403 2623 476 digna
2668 407 2940 483 lacrymis,
2982 415 3076 471 sed
3106 417 3205 488 ira,
3236 419 3597 495 indignatione
3615 473 3633 499 ,

2056 500 2250 560 magno
2284 494 2546 565 supplicio
2569 507 2626 553 et
2650 500 2890 560 ultione:
2920 504 3084 564 habes
3112 509 3164 565 in
3193 494 3439 573 manibus
3461 494 3636 578 inimi;

2052 592 2167 684 eos,
2199 579 2523 684 fratricidas,
2552 598 2706 658 potes
2734 594 2972 652 animum
2993 602 3276 661 exsatiare.
3301 607 3632 684 Quamquam

2053 684 2122 725 ne
2145 668 2250 728 hoc
2277 676 2503 768 quidem
2536 691 2619 735 est
2653 682 2906 752 injustitia
2933 705 2948 753 ;
2979 705 3086 747 non
3127 696 3270 751 enim
3299 668 3635 768 [Inoi-

2052 776 2247 819 manus
2275 766 2520 836 injustas,
2544 771 2638 826 sed
2666 788 2761 829 eos
2804 776 3079 837 ulcisceris
3099 786 3189 856 qui
3218 795 3269 845 te
3290 766 3481 862 injuria
3506 797 3635 854 επιξ-

2051 862 2258 906 cerant.
2285 854 2417 909 Nam
2441 858 2506 913 ad
2531 869 2674 915 tuam
2702 878 2770 919 ne
2790 866 2920 922 mihi
2939 854 3213 942 aspexeris
3236 854 3628 944 aucioritatem:

2050 958 2155 997 non
2186 945 2237 999 id
2283 961 2349 1001 ex
2379 964 2565 1006 eorum
2612 953 2807 1011 factum
2853 971 2936 1016 est
2961 967 3123 1023 animi
3166 976 3452 1043 sententia,
3480 980 3574 1036 sed
3601 998 3632 1037 ιι

2054 1033 2162 1129 nec
2187 1037 2276 1105 qui
2318 1038 2412 1094 tibi
2440 1041 2626 1099 effudit
2671 1053 2916 1117 gratiam.
2941 1054 3077 1123 Quid
3123 1033 3268 1118 ﬂes?
3291 1066 3397 1122 Sed
3434 1033 3634 1129 iiiis}

2048 1124 2139 1183 ille
2160 1143 2183 1223 με
2215 1130 2389 1195 Absit,
2416 1144 2473 1189 nt
2494 1140 2585 1207 qui
2617 1140 2665 1195 in
2692 1146 2941 1202 omnibus
2971 1150 3021 1204 in
3057 1152 3198 1211 bona
3228 1157 3420 1217 fuerim

2049 1219 2308 1287 matione,
2349 1225 2438 1281 illa
2477 1233 2652 1286 omnia
2691 1247 2924 1292 evertam
2965 1256 3060 1309 per
3092 1244 3229 1302 hanc
3274 1219 3628 1320 numiui—ac—

2046 1320 2214 1381 ceptan
2240 1316 2660 1377 recordationem
2688 1340 2703 1380 :
2734 1324 3084 1398 lacrymarum
3111 1350 3236 1392 vere
3257 1316 3342 1393 est
3381 1352 3629 1415 tempus;

2047 1419 2151 1458 non
2204 1420 2323 1460 sum
2372 1408 2497 1464 feris
2546 1414 2831 1474 crudelior.
2890 1420 3002 1476 Illae
3051 1440 3177 1481 cum
3227 1439 3414 1486 natura
3461 1408 3631 1492 tuo";

2048 1492 2268 1597 ineunt,
2298 1500 2670 1597 quodcumque
2698 1509 2819 1563 mali
2850 1526 3021 1581 passae
3051 1515 3267 1574 fuerint.
3301 1520 3461 1592 Fleo,
3485 1531 3628 1597 quod

2045 1590 2266 1645 omnino
2298 1591 2377 1647 sic
2420 1608 2506 1649 me
2533 1594 2829 1654 aﬂ‘ecerint.
2862 1602 3013 1661 llunc
3059 1623 3158 1664 nos
3205 1626 3418 1685 quoque
3446 1590 3632 1674 Vin-tite-

2047 1696 2188 1747 mur,
2219 1692 2272 1737 et
2300 1684 2573 1756 lugeamus
2614 1704 2709 1744 eos
2731 1693 2821 1762 qui
2854 1694 3096 1765 injuriam
3137 1684 3418 1775 fecerunt,-
3456 1726 3524 1768 ne
3549 1714 3629 1771 eis

2047 1770 2372 1832 irascamur:
2400 1791 2524 1834 sunt
2551 1782 2693 1836 enim
2722 1800 2906 1842 revera
2923 1789 3066 1862 digni
3095 1793 3361 1866 lacrymis,
3385 1770 3528 1871 quod
3552 1820 3629 1861 se-

2047 1863 2191 1933 ipsos
2222 1866 2727 1929 reddantobnoxios
2763 1879 3026 1950 supplicio
3064 1894 3119 1938 et
3140 1863 3489 1948 damnationi.
3510 1894 3625 1950 Non

2045 1954 2531 2052 ignoro-quomodo
2557 1979 2699 2020 nunc
2724 1967 2920 2035 fleatis,
2952 1982 3008 2026 et
3034 1978 3304 2045 quomodo
3328 1984 3624 2052 gaudeatis,

2043 2055 2098 2099 ct
2127 2046 2350 2103 Paulum
2378 2051 2704 2112 admirantes
2728 2068 2782 2114 et
2804 2060 3003 2132 Joseph
3030 2046 3416 2137 stupentes,'ac
3440 2046 3626 2131 beatos

2045 2140 2470 2205 pronuntiantes.
2525 2145 2633 2202 Sed
2670 2150 2715 2205 si
2755 2154 2875 2222 quis
2918 2154 3112 2214 habeat
3145 2161 3416 2220 inimicum
3442 2208 3456 2231 ,
3500 2183 3623 2224 eum

2043 2246 2184 2285 nunc
2229 2233 2281 2287 in
2310 2239 2565 2293 memoria
2599 2240 2810 2309 habeat,
2839 2263 2961 2302 eutn
3003 2263 3182 2311 mente
3204 2256 3388 2327 agitet,
3419 2269 3473 2314 ut
3496 2260 3625 2317 dum

2042 2322 2215 2378 adhuc
2244 2342 2339 2380 cor
2369 2328 2537 2386 fervet
2567 2333 2622 2388 in
2665 2341 2925 2395 memoria
2955 2322 3286 2414 sanctorum,
3333 2354 3502 2421 possit
3531 2354 3623 2412 irae

2040 2413 2253 2471 solvere
2280 2416 2555 2488 duritiem,
2577 2425 2893 2500 mollireque
2917 2413 3347 2504 asperitatemret'
3366 2442 3620 2513 rigorem.

2055 2504 2179 2560 Scio
2221 2509 2364 2609 quod
2417 2510 2693 2609 postqdam
2738 2518 2862 2577 hinc
2902 2523 3171 2596 nbicritis,
3216 2504 3493 2604 postquam
3519 2551 3620 2609 ego

2041 2610 2257 2654 cessaro
2303 2602 2489 2674 loqui,
2545 2611 2755 2666 etiamsi
2799 2616 2924 2684 quid
2970 2624 3290 2680 remanserit
3333 2602 3528 2684 caleris
3555 2602 3622 2687 vet

2040 2690 2284 2783 fervoris,
2311 2709 2416 2750 non
2441 2706 2642 2756 tantum
2674 2713 2757 2759 est
2779 2718 3033 2776 quantum
3061 2730 3223 2783 nunc,
3253 2718 3380 2775 dum
3405 2724 3617 2779 auditis.

2041 2779 2097 2835 Si
2128 2783 2249 2877 quis
2292 2799 2440 2856 ergo,
2469 2789 2512 2843 si
2561 2793 2682 2860 quis
2723 2795 2792 2851 sit
2837 2797 3035 2870 frigore
3079 2779 3399 2877 concretus,
3451 2815 3621 2870 solvat

2041 2872 2286 2940 pruinam
2316 2890 2332 2929 :
2358 2880 2547 2947 pruina
2573 2884 2716 2938 enim
2764 2902 2947 2944 revera
2974 2901 3029 2947 et
3062 2895 3260 2965 glacies
3306 2872 3395 2957 est?
3415 2903 3622 2973 injuriae

2038 2976 2270 3035 acceptae
2310 2972 2625 3029 raeordatio.
2676 2976 2781 3033 Sed
2827 2982 3135 3042 invocemus
3178 2992 3344 3048 solem
3366 2972 3616 3064 justitiae,

2039 3068 2290 3126 rogemus
2311 3074 2431 3115 eum
2462 3073 2517 3118 ut
2538 3065 2785 3125 immittat
2813 3074 2993 3130 radios
3017 3093 3031 3143 ;
3064 3088 3120 3134 et
3138 3097 3244 3137 non
3264 3086 3369 3140 erit
3395 3092 3622 3161 amplius

2037 3160 2217 3251 crassa
2247 3153 2461 3222 pruina,
2609 3175 2743 3231 aqua
2769 3167 3036 3233 potabilis.
3069 3170 3124 3226 Si
3156 3174 3290 3244 ignis
3315 3178 3447 3235 solis
3464 3153 3623 3251 justi-

2039 3236 2127 3292 tite
2154 3251 2390 3299 nostram
2441 3249 2673 3320 tetigerit
2721 3255 2973 3324 animam,
3021 3261 3152 3316 nihil
3201 3236 3623 3339 relinquet'con-

2035 3343 2266 3437 cretum,
2299 3339 2432 3394 nihil
2456 3340 2668 3409 durum,
2701 3346 2829 3401 nihil
2860 3351 3002 3419 quod
3034 3353 3140 3409 vim
3171 3355 3365 3415 habeat
3390 3366 3577 3420 ureudi
3601 3409 3620 3437 ,

2040 3424 2169 3478 nihil
2222 3430 2361 3495 quod
2412 3430 2584 3486 fructu
2623 3449 2803 3493 careat
2833 3458 2847 3494 :
2875 3444 3051 3497 omnia
3097 3451 3345 3507 ostendet
3369 3424 3619 3525 matura,

2034 3517 2214 3569 omnia
2244 3518 2443 3587 dulcia,
2475 3526 2653 3579 omnia
2687 3529 2838 3597 plena
2872 3536 3035 3588 multa
3070 3540 3357 3611 toluptate.
3403 3547 3457 3603 Si
3484 3517 3621 3607 alter

2032 3605 2259 3660 alterum
2289 3610 2608 3682 diligamus,
2642 3622 2820 3676 veniet
2849 3624 2942 3681 ille
2988 3605 3207 3701 quoque
3242 3636 3445 3696 radius.
3487 3605 3619 3700 Datis

2033 3697 2182 3761 mihi,
2201 3713 2350 3770 rogo,
2372 3715 2428 3758 ut
2456 3721 2577 3762 cum
2618 3725 2866 3784 prompto
2907 3728 2960 3771 et
2988 3697 3149 3777 alacri
3181 3728 3363 3784 animo
3391 3732 3506 3789 hinc
3526 3736 3611 3790 di-

2033 3804 2148 3890 eam
2180 3807 2194 3843 :
2230 3790 2387 3848 facile
2413 3804 2468 3895 ut
2497 3800 2707 3857 audiam
2735 3819 2831 3861 vos
2858 3806 2940 3863 his
2984 3814 3162 3870 verbis
3193 3818 3392 3890 aliquid
3424 3827 3605 3895 profe-

2030 3882 2191 3945 cisse,
2223 3891 2281 3939 et
2326 3887 2469 3955 quod
2514 3891 2702 3947 abiens
2730 3897 2991 3966 quispiam
3044 3882 3297 3972 protinus
3334 3882 3605 3975 inimicum

2029 3975 2097 4022 sit
2125 3975 2459 4044 complexus,
2487 3981 2674 4036 ambas
2701 3991 3038 4045 conseruerit
3066 4010 3276 4064 manus,
3309 4003 3358 4056 ei
3387 4008 3614 4063 circurn-

2032 4063 2181 4155 fusus
2210 4069 2300 4135 sit,
2356 4071 2627 4129 osculatus
2652 4084 2708 4129 et
2747 4077 3127 4151 illacrymatus.
3162 4063 3381 4148 Etiamsi
3414 4099 3504 4153 ille
3552 4105 3613 4155 sit

2029 4154 2164 4224 fera,
2197 4159 2409 4216 etiamsi
2446 4161 2602 4232 lapis,
2631 4167 2836 4222 etiamsi
2867 4174 3113 4240 quodvis,
3146 4178 3213 4234 ab
3242 4180 3343 4237 hac
3369 4185 3608 4258 benigni-

2031 4257 2139 4302 tate
2183 4253 2506 4321 mitigabitnr
2546 4264 2601 4308 et
2642 4271 3004 4317 mansuescet.
3050 4265 3182 4322 Nam
3227 4280 3324 4325 cur
3368 4282 3452 4330 est
3497 4253 3614 4336 fons

2035 4342 2280 4397 inimicus
2299 4348 2321 4396 ’ἒ
2378 4357 2429 4399 te
2471 4351 2793 4404 contumelia
2839 4354 3061 4411 affecit?
3097 4356 3190 4414 sed
3244 4364 3443 4421 nullam
3490 4361 3618 4426 fecit

2036 4434 2303 4500 injuriam.
2344 4436 2448 4490 Sed
2483 4451 2701 4508 propter
2731 4449 2981 4511 pecunias
3011 4450 3243 4522 despicis
3272 4455 3489 4515 fratrem
3517 4480 3615 4534 ge-

2036 4535 2239 4578 rentem
2272 4526 2616 4584 inimicitias?
2641 4548 2704 4588 ne
2730 4535 2890 4592 facias
2919 4554 3061 4612 rogo.
3087 4542 3274 4602 Omnia
3301 4526 3571 4609 solvamus
3595 4598 3611 4620 ,

2036 4626 2274 4670 nostrum
2319 4629 2401 4672 est
2430 4629 2637 4691 tempus
2669 4644 2680 4678 :
2715 4642 2779 4680 eo
2823 4640 3035 4687 utarnnr
3065 4646 3122 4688 ut
3162 4651 3392 4707 oportet.
3436 4645 3612 4701 Funes

2037 4722 2375 4780 peccatorum
2443 4718 2789 4775 Concidamus
2834 4742 2846 4776 :
2901 4728 3207 4798 priuSqunm
3251 4732 3502 4793 abeamus
3549 4743 3616 4796 ad

2032 4804 2309 4873 judicium,
2346 4807 2444 4875 ipsi
2475 4809 2609 4865 alter
2632 4812 2858 4868 alterum
2899 4818 3217 4885 judicemus.
3253 4824 3367 4888 Sol,
3409 4828 3573 4899 inquit
3597 4875 3613 4893 ,

2035 4911 2098 4949 ne
2144 4897 2337 4950 occidat
2377 4914 2530 4968 super
2574 4902 2892 4958 iracundiam
2944 4919 3158 4964 castraut
3203 4911 3368 4984 (Eph.
3413 4897 3611 4991 4.?6).

2036 4985 2204 5043 Nemo
2232 4986 2444 5045 differat
2478 5010 2490 5045 :
2519 4992 2802 5049 dilationes
2832 4999 3044 5064 pariunt
3089 5017 3266 5057 moras
3295 5017 3349 5060 et
3392 4985 3611 5066 cuncta-

2038 5080 2232 5134 tiones.
2265 5080 2320 5136 Si
2369 5080 2528 5137 hodie
2573 5085 2868 5153 distuleris,
2920 5093 3088 5160 magis
3131 5096 3441 5164 erubescis;
3486 5105 3610 5156 etsi

2035 5171 2325 5224 crastinum
2366 5172 2656 5239 addideris,
2708 5177 2879 5245 major
2921 5188 3001 5234 est
3044 5183 3215 5252 pudor
3230 5202 3250 5253 _;
3284 5196 3332 5242 et
3378 5190 3421 5243 si
3468 5192 3609 5247 diem

2039 5261 2275 5321 tertium,
2305 5261 2477 5317 adhuc
2523 5264 2710 5332 major.
2746 5266 2824 5320 Ne
2854 5281 2952 5321 nos
2980 5270 3125 5339 ipsos
3160 5276 3365 5343 pudore
3405 5279 3607 5333 afficia-

2038 5367 2175 5414 mus,
2206 5354 2301 5406 sed
2332 5355 2692 5419 remittamus,
2721 5366 2777 5409 ut
2815 5359 2969 5413 nobis
3011 5363 3328 5420 remittatur.
3358 5366 3412 5422 Si
3442 5382 3612 5424 autem

2034 5444 2320 5496 remissum
2348 5443 2524 5509 fuerit,
2557 5448 2734 5501 omnia
2780 5448 3032 5505 caelorum
3061 5453 3197 5508 bona
3227 5470 3616 5525 consequemur

2039 5534 2089 5586 in
2121 5532 2332 5586 Christo
2362 5534 2485 5588 Jesu
2519 5537 2745 5591 Domino
2775 5550 2978 5607 nostro,
3003 5558 3124 5598 eum
3154 5561 3259 5615 quo
3284 5544 3424 5602 Pntri
3455 5550 3613 5605 siuml

2038 5641 2159 5677 cum
2187 5636 2371 5679 sancto
2398 5626 2599 5696 Spiritu
2641 5629 2831 5698 gloria,
2862 5644 3115 5701 potestas,
3168 5639 3360 5708 honor,
3394 5656 3530 5696 nunc
3558 5653 3611 5697 et

2041 5732 2135 5773 seu
2159 5732 2275 5787 per,
2303 5729 2356 5772 et
2380 5721 2430 5773 in
2457 5721 2651 5776 saecula
2677 5725 3014 5783 surculorum.
3048 5729 3240 5785 Amen.

3199 5843 3265 5896 27
