4010 6142
432 261 534 318 423

1169 269 1224 325 S.
1265 269 1537 328 JOANNIS
1573 271 2042 329 CHRYSOSTOMI
2089 270 2400 329 ARCl-IIEP.
2422 268 2950 326 CONSTANTINOP.

3578 276 3677 331 ω

445 381 3224 407 W

1827 455 2169 516 HOMILIA
2213 450 2290 515 V.

436 602 563 652 υΑΡ.
595 595 646 648 4.
682 610 735 648 v.
773 596 820 648 1.
848 593 923 649 De
949 605 1126 649 ctetero
1151 612 1287 666 ergo,
1319 598 1520 665 fratres,
1543 615 1779 670 rogamus
1838 612 1924 652 vos
1972 608 2023 651 et

509 690 822 744 obsecramus
863 691 916 742 in
955 689 1174 744 Domino
1216 691 1360 757 Jesu,
1397 702 1452 745 ut
1475 692 1893 761 quemadmodum
1920 707 2009 744 ac-

510 783 710 850 cepistis
739 799 769 834 a
799 783 939 836 nobis
981 784 1232 852 quomodo
1273 794 1503 851 oporteat
1539 800 1625 837 vos
1661 783 1922 838 antbulare
1964 792 2011 836 et

512 875 710 941 placere
760 873 885 939 Deo,
937 875 1012 928 sic
1052 884 1096 927 et
1141 875 1405 928 ambuletis
1434 885 1488 928 ut
1517 875 1780 929 abundetis
1827 876 2008 945 magis.

509 966 566 1020 2.
598 965 754 1020 Scitis
783 966 914 1020 enim
943 982 1056 1036 qua:
1081 977 1329 1036 prwcepta
1376 967 1598 1020 dederim
1643 967 1779 1020 vobis
1806 983 1893 1032 per
1917 964 2012 1014 1ο-

510 1074 623 1112 sum
672 1057 946 1114 Christum.
998 1059 1050 1113 5.
1109 1057 1234 1112 Herc
1281 1067 1352 1112 est
1401 1067 1570 1112 autem
1613 1057 1845 1111 voluntas
1892 1055 2012 1119 Dei,

510 1149 844 1217 sanctiﬁcatio
869 1158 1048 1203 vestra.

516 1241 569 1293 l.
600 1239 890 1308 Postquam
919 1239 970 1292 in
1003 1240 1066 1293 iis
1089 1255 1209 1309 qua:
1241 1238 1576 1318 urgebantqu
1606 1253 1724 1310 qua:
1756 1247 1912 1293 erant
1961 1239 2012 1292 in

449 1330 694 1385 manibus
742 1330 1055 1386 itnmoratns
1105 1342 1205 1397 est,
1261 1347 1322 1386 ea
1369 1331 1622 1400 deinceps
1669 1345 2018 1400 aggressurus

444 1438 566 1492 qua:
593 1431 711 1476 sunt
739 1431 1017 1492 perpetua,
1059 1431 1112 1476 et
1139 1438 1257 1489 qua:
1301 1437 1512 1490 semper
1555 1421 1740 1476 audire
1784 1430 2014 1489 oportet,

448 1513 718 1580 prazmittit
765 1513 866 1567 hoc
908 1512 1146 1577 verbum,
1196 1511 1270 1566 De
1305 1522 1501 1567 etatem.
1528 1512 1640 1566 Huc
1668 1522 1768 1574 est,
1795 1511 2018 1582 Semper

448 1610 663 1678 quidem
693 1619 748 1664 ct
771 1617 1029 1679 perpetuo
1070 1623 1167 1664 vos
1196 1623 1444 1678 rogamus
1482 1617 1536 1661 et
1579 1609 1922 1662 obsecramus
1965 1608 2018 1662 in

452 1703 699 1756 Domino.
751 1701 939 1770 Papte!
990 1716 1056 1755 ne
1102 1701 1168 1755 ad
1211 1699 1500 1770 rogandum
1543 1699 1754 1769 quidem
1799 1715 1857 1754 se
1895 1698 2023 1754 dicit

449 1807 568 1847 esse
617 1792 720 1846 ﬁde
763 1791 1020 1860 dignum:
1071 1805 1389 1861 quamquam
1434 1790 1553 1859 quis
1602 1798 1718 1844 erat
1757 1789 1892 1844 adeo
1919 1790 2023 1845 ﬁde

453 1883 680 1954 dignus?
719 1883 811 1937 scd
859 1881 1127 1938 Christum
1173 1882 1414 1936 assumit.
1449 1881 1550 1936 Per
1596 1881 1783 1948 Deum,
1829 1881 2019 1952 inquit,

453 1993 548 2032 vos
588 1990 836 2045 rogamus
880 1985 935 2030 ct
981 1976 1366 2030 obsecramus:
1417 1974 1520 2029 hoc
1566 1974 1706 2029 enim
1761 1973 1861 2029 sibi
1913 1974 2025 2028 vult

450 2067 603 2134 illud,
631 2067 698 2121 In
727 2067 966 2122 Domino.
997 2065 1148 2134 Quod
1177 2065 1336 2120 etiam
1364 2063 1661 2120 dicebat-ad
1678 2061 2018 2118 Corinthios:

457 2161 613 2222 Deus,
645 2159 836 2229 inquit,
868 2172 955 2211 vos
979 2157 1203 2211 obsecrat
1236 2172 1323 2226 per
1347 2171 1437 2209 nos
1477 2154 1556 2224 (2.
1576 2155 1694 2209 Cor.
1727 2154 1781 2209 5.
1811 2153 1919 2225 20).
1957 2153 2026 2209 Ut

451 2249 876 2320 quemadmodum
924 2247 1188 2316 accepistis
1234 2262 1268 2300 α
1303 2245 1468 2300 nobis.
1516 2244 1672 2312 Illud,
1727 2245 2022 2314 Accepistis,

455 2356 560 2394 non
592 2348 675 2394 est
710 2339 882 2394 solum
923 2338 1228 2402 verborum,
1276 2335 1372 2392 sed
1419 2336 1578 2391 etiam
1621 2349 1822 2391 rerum.
1868 2335 2023 2400 Illud,

458 2429 722 2497 Quomodo
776 2436 1005 2498 oporteat
1055 2443 1142 2482 vos
1188 2427 1468 2498 ambulare,
1524 2426 1578 2481 in
1636 2425 1739 2481 hoc
1794 2425 2028 2481 ostendit

459 2467 721 2497 ,μνηωηυ
776 2467 1005 2498 Vw"...
1057 2467 1140 2482 ν...
1188 2467 1447 2480 ...ην-.-.ν
1637 2467 1737 2481 ...η
1796 2467 2028 2481 vam“...

455 2535 668 2573 omnem
713 2519 835 2572 vitae
878 2517 1359 2573 conversationem.
1412 2467 1481 2570 ἐι
1542 2508 1648 2570 Deo
1703 2517 1921 2586 placere,
1974 2526 2028 2570 ut

456 2610 721 2664 abundetis
761 2610 958 2679 magis;
1001 2607 1105 2663 hoc
1143 2620 1245 2672 eat,
1280 2605 1348 2662 Ut
1383 2621 1450 2662 ex
1481 2607 1667 2677 majori
1705 2606 2025 2662 abundantia

456 2716 563 2754 non
601 2699 799 2754 sistatis
823 2713 992 2768 usque
1023 2697 1088 2752 ad
1123 2697 1389 2761 mandata,
1420 2697 1516 2753 sed
1546 2711 1608 2752 ea
1647 2698 1978 2766 exsuperetis
2011 2715 2025 2751 :

457 2793 559 2847 hoc
581 2801 664 2846 est
687 2790 828 2844 enim
858 2788 1003 2854 illud,
1037 2788 1103 2843 Ut
1126 2788 1406 2842 abundetis.
1433 2787 1566 2842 Nam
1597 2787 1648 2840 in
1675 2787 2028 2858 prmeedenti-

459 2886 555 2938 bus
579 2881 764 2936 solidae
797 2896 983 2936 eorum
1033 2880 1151 2934 ﬁdei
1196 2889 1399 2950 gratam
1445 2887 1501 2933 et
1543 2887 1818 2947 acceptam
1870 2879 2031 2934 habet

455 2974 858 3028 admirationem
884 2989 899 3037 ;
931 2971 1016 3026 hic
1043 2980 1222 3026 autem
1250 2972 1409 3023 vitam
1436 2972 1726 3038 componit.
1754 2970 1866 3026 lloc
1885 2972 2027 3026 enim

455 3075 538 3120 est
559 3063 848 3134 profectus,
872 3064 1030 3118 etiam
1049 3077 1370 3132 exsuperare
1395 3062 1638 3116 mandata
1658 3071 1987 3134 etprtccepta
2013 3085 2026 3120 :

456 3172 560 3210 non
583 3155 725 3209 enim
764 3154 993 3224 amplius
1034 3168 1101 3206 ex
1142 3151 1401 3206 doctrina:
1447 3152 1783 3218 necessitate,
1831 3155 1923 3210 sed
1963 3171 2026 3210 ex

457 3247 609 3302 liberi
650 3246 853 3302 arbitrii
901 3244 1162 3300 electione
1209 3243 1265 3297 ﬁt
1309 3243 1643 3299 universum.
1687 3245 1837 3302 Sicut
1885 3247 2026 3302 enim

455 3349 654 3394 terram
697 3352 804 3391 non
847 3335 1020 3390 solum
1060 3341 1272 3404 oportet
1300 3333 1440 3389 ferre
1472 3335 1615 3405 jacta
1647 3346 1917 3392 sementa:
1951 3339 2030 3392 sic

454 3431 614 3484 etiam
653 3429 884 3482 animam
932 3434 1142 3496 Oportet
1188 3439 1292 3480 non
1335 3441 1502 3496 usque
1541 3427 1606 3482 ad
1647 3444 1708 3483 ea
1737 3429 2025 3486 subsistere

455 3537 573 3590 qua:
602 3529 727 3576 sunt
750 3533 957 3589 sparsa,
1005 3517 1097 3572 sed
1127 3517 1285 3572 etiam
1313 3532 1656 3586 exsuperare.
1706 3519 1866 3575 Vides
1907 3536 2026 3575 emn

457 3614 645 3668 merito
688 3611 888 3665 dixisse
926 3609 1290 3676 exsuperare?
1327 3607 1458 3662 Nam
1497 3609 1548 3663 in
1580 3609 1694 3665 lucc
1723 3611 1830 3665 duo
1859 3611 2028 3666 divisa

455 3714 540 3759 est
566 3705 760 3767 virtus,
785 3715 976 3768 nempe
1005 3700 1272 3753 declinare
1292 3714 1321 3752 a
1345 3701 1504 3765 malo,
1531 3701 1780 3758 etfacere
1807 3703 2025 3759 bonum.

458 3796 573 3849 Non
627 3793 768 3848 enim
815 3789 1012 3844 sufﬁcit
1051 3803 1295 3844 recessus
1341 3804 1368 3843 a
1409 3775 1550 3845 malo
1588 3792 1653 3846 ad
1693 3794 2027 3864 adeptionem

459 3883 688 3944 virtutis,
735 3880 831 3936 sed
877 3889 960 3935 est
999 3879 1218 3950 quidem
1257 3881 1339 3935 via
1363 3890 1417 3936 et
1440 3880 1646 3936 initium
1673 3883 1796 3938 illuc
1823 3887 2026 3954 ferens;

455 3987 592 4044 opus
617 3981 700 4028 est
729 3980 908 4026 autem
939 3971 1090 4026 nobis
1119 3971 1279 4026 etiam
1311 3987 1502 4043 magna
1540 3973 1701 4029 animi
1733 3975 2023 4035 alacritate.

454 4066 585 4131 Qum.
625 4070 749 4116 sunt
789 4060 1003 4131 quidem
1049 4060 1294 4130 fugienda
1335 4061 1461 4117 dicit
1490 4064 1570 4119 eis
1593 4073 1860 4137 tamquam
1889 4083 2028 4138 pra:-

455 4161 607 4223 eepta
634 4160 689 4206 et
714 4150 943 4206 merito:
978 4165 1099 4204 nam
1131 4150 1244 4204 lucc
1267 4151 1484 4220 quidem
1519 4153 1564 4207 si
1605 4153 1754 4222 ﬁant,
1800 4157 2030 4214 afferunt

455 4243 810 4313 supplicium;
859 4241 903 4295 si
945 4256 1051 4295 non
1106 4241 1236 4294 fiant
1284 4251 1485 4306 autem,
1539 4244 1738 4299 nullam
1795 4247 2023 4303 laudem.

453 4337 581 4403 Qum
605 4343 780 4388 autem
810 4332 875 4386 ad
906 4333 1154 4386 virtutem
1181 4333 1466 4400 pertinent,
1489 4341 1547 4387 ut
1570 4333 1846 4390 effundere
1871 4352 2029 4406 pecu-

457 4429 590 4491 nias,
611 4434 664 4479 et
687 4438 1033 4494 qumcumque
1056 4432 1179 4477 sunt
1197 4422 1518 4492 hujusmodi,
1545 4441 1647 4478 non
1670 4437 1812 4493 sunt,
1835 4429 2025 4499 inquit,

456 4518 505 4569 in
523 4515 804 4586 przeccptis
833 4512 1238 4573 constituenda;
1268 4513 1360 4566 sed
1389 4513 1552 4583 quid?
1595 4515 1696 4579 Qui
1732 4529 1890 4585 potest
1937 4537 2027 4573 σα-

453 4623 592 4672 pere,
615 4606 782 4673 capiat
813 4601 1022 4672 (.llatth.
1056 4602 1144 4656 l9.
1171 4600 1281 4670 12).
1321 4603 1417 4655 Est
1441 4619 1572 4673 ergo
1595 4607 1886 4664 verisimile
1906 4625 2025 4665 eum

455 4714 576 4752 cum
637 4697 802 4750 multo
862 4695 1051 4747 timore
1100 4703 1154 4747 et
1201 4703 1428 4748 tremore
1477 4697 1554 4750 eis
1607 4700 1944 4768 praecepisse,
1977 4714 2031 4758 ct

459 4804 551 4856 per
601 4786 696 4840 has
743 4785 921 4838 literas
968 4785 1046 4836 eis
1094 4784 1143 4836 in
1191 4784 1500 4836 memoriam
1555 4802 1838 4844 revocasse
1883 4793 2025 4847 illam

459 4879 726 4946 pietatem.
753 4874 1107 4943 Quamobrem
1136 4888 1195 4927 ea
1225 4888 1328 4926 non
1360 4875 1530 4942 ponit,
1560 4876 1653 4930 sed
1683 4879 1788 4933 illis
1815 4895 2030 4939 revocat

458 4973 508 5022 iu
571 4969 900 5032 memoriam.
960 4966 1113 5020 Scitis
1168 4965 1321 5026 enim,
1377 4968 1569 5035 inquit,
1616 4984 1729 5037 quae
1776 4988 2028 5043 precepta

464 5060 594 5113 t-obis
621 5058 842 5112 dederim
869 5074 955 5126 per
984 5057 1253 5110 Dominum
1286 5066 1510 5109 nostrum
1549 5056 1726 5114 Iesum
1751 5061 2022 5120 Christian.

458 5149 586 5204 llsec
607 5159 676 5203 est
695 5158 860 5203 autem
885 5149 1113 5203 voluntas
1146 5147 1260 5213 Dei,
1304 5150 1631 5217 sanctiﬁcatio
1673 5163 1854 5211 vestra.
1896 5156 2029 5214 Vide

457 5252 633 5294 autem
674 5239 938 5309 quomodo
982 5239 1048 5293 de
1085 5239 1224 5292 nulla
1269 5255 1327 5292 re
1371 5240 1472 5292 alia
1529 5249 1634 5294 tam
1686 5243 2028 5302 vehementer

454 5333 683 5386 “liscurc
712 5341 764 5384 et
790 5329 1121 5398 tenigmatice
1164 5329 1427 5397 loquitur,
1472 5347 1627 5400 quam
1667 5333 1733 5388 de
1781 5337 1878 5391 hac
1922 5353 2023 5393 re:

458 5423 592 5476 sicut
615 5421 774 5475 etiam
817 5420 1008 5473 alicubi
1054 5421 1292 5474 scribens
1331 5421 1495 5474 dicit:
1543 5421 1730 5476 Pacem
1771 5429 2026 5481 sectemini

459 5529 574 5564 cum
598 5512 827 5565 omnibus
858 5520 904 5562 et
921 5511 1387 5576 sancti/icationcm,
1419 5510 1526 5563 sine
1549 5527 1648 5580 qua
1675 5530 1820 5568 nemo
1847 5514 2024 5570 Domi-

460 5619 577 5654 num
604 5594 794 5656 videbit
834 5601 1014 5670 (Hebr.
1050 5601 1130 5654 l2.
1166 5603 1274 5670 Η).
1313 5603 1374 5654 Et
1397 5603 1522 5670 quid
1554 5605 1762 5659 miraris
1787 5608 1830 5661 si
1861 5608 2023 5664 disci-

465 5693 596 5756 pulis
623 5691 688 5743 tle
719 5689 815 5740 hoc
846 5689 1035 5757 ubique
1059 5689 1258 5751 scribit,
1284 5705 1400 5742 eum
1424 5692 1579 5744 etiam
1603 5693 1665 5745 ad
1691 5695 2021 5752 Timotheum

2123 596 2362 650 scribens
2402 596 2642 651 diceret:
2677 592 2916 666 Teipsum
2953 608 3144 653 castum
3183 601 3378 654 custodi
3441 599 3521 672 (Ι.
3560 598 3690 659 Tim.

2119 687 2172 740 5.
2222 682 2431 756 22)?ln
2472 687 2701 742 secunda
2745 703 2955 758 quoque
2999 688 3234 760 Epistola
3275 691 3340 746 ad
3387 691 3695 750 Corinthios

2114 778 2375 843 scribens,
2405 777 2618 833 dicebat
2647 795 2660 832 :
2694 778 2758 833 In
2786 781 3050 834 tolerantia
3077 783 3257 848 multa,
3289 785 3344 836 in
3361 785 3596 854 jejuniis,
3649 799 3697 840 et

2119 869 2345 922 castitate
2374 868 2452 939 (2.
2479 869 2596 924 Cor.
2626 870 2678 925 6.
2710 871 2764 925 ες.
2799 871 2874 941 6).
2907 871 2974 926 Et
3003 873 3183 927 multis
3215 874 3264 928 in
3305 875 3436 930 locis
3471 875 3575 932 hoc
3618 879 3698 932 in-

2118 959 2351 1027 veneris,
2379 970 2432 1016 et
2457 961 2509 1014 in
2534 961 2766 1032 Epistola
2796 963 2862 1018 ad
2892 963 3183 1030 Romanos,
3208 976 3261 1020 et
3285 968 3500 1038 ubique,
3541 979 3594 1025 et
3641 969 3691 1024 in

2118 1051 2366 1105 omnibus
2418 1052 2678 1122 epistolis.
2733 1053 2941 1108 Revera
2987 1055 3128 1109 enim
3177 1059 3426 1113 omnibus
3471 1061 3694 1114 exitium

2119 1141 2276 1197 affert
2315 1143 2416 1197 hoc
2444 1143 2640 1198 malum
2670 1163 2683 1202 :
2712 1154 2766 1200 ct
2793 1146 2931 1200 sicut
2957 1162 3148 1216 porcus
3178 1149 3291 1204 luto
3322 1151 3531 1220 plenus,
3559 1169 3694 1224 quo-

2119 1246 2347 1302 cumque
2395 1231 2663 1303 ingressus
2713 1234 2870 1290 fuerit
2913 1238 3091 1290 omnia
3145 1238 3330 1308 implet
3378 1239 3588 1307 faetore,
3641 1255 3694 1298 et

2120 1335 2309 1375 sensus
2337 1323 2524 1391 implet
2546 1335 2817 1379 stercore:
2848 1327 2917 1379 ita
2944 1329 3103 1381 etiam
3123 1330 3407 1396 scortatio;
3438 1344 3521 1386 est
3553 1334 3694 1388 enim

2122 1411 2318 1466 malum
2345 1412 2490 1482 quod
2522 1413 2739 1469 difﬁcile
2774 1425 2947 1484 potest
2981 1417 3110 1471 elui.
3148 1420 3372 1484 Quando
3390 1431 3568 1476 autem
3595 1423 3696 1478 huc

2122 1501 2282 1555 etiam
2329 1501 2525 1556 faciunt
2562 1503 2722 1572 aliqui
2762 1505 2849 1574 qui
2891 1504 3088 1560 habent
3130 1523 3344 1576 uxores,
3390 1522 3584 1580 quanta
3616 1526 3696 1567 est

2122 1590 2543 1646 deiormitas?5.
2576 1591 2700 1647 ch
2742 1603 2816 1647 est
2853 1604 3042 1658 autem,
3088 1595 3279 1666 inquit,
3325 1601 3561 1654 voluntas
3607 1600 3698 1655 Dei

2122 1683 2456 1751 sanctiﬁcatio
2477 1693 2662 1751 vestra,
2694 1695 2749 1738 ut
2770 1685 3062 1742 abstineatis
3089 1688 3153 1742 ab
3175 1691 3314 1744 omni
3342 1694 3695 1761 fornicatione.

2124 1771 2282 1826 Multa
2328 1782 2452 1828 sunt
2488 1776 2629 1828 enim
2666 1790 2861 1844 genera
2904 1777 3347 1848 intemperantiae,
3379 1784 3700 1853 multiplices

2124 1875 2181 1921 et
2198 1867 2357 1921 variae
2377 1867 2673 1938 voluptates
2692 1869 2920 1924 lascivia:
2940 1879 2994 1925 et
3011 1871 3263 1939 libidinis,
3283 1891 3416 1945 quas
3432 1893 3498 1931 ne
3519 1877 3700 1932 dicere

2125 1958 2340 2028 quidem
2371 1968 2454 2013 est
2479 1959 2772 2014 tolerabile.
2804 1959 2937 2015 Cum
2964 1972 3139 2017 autem
3176 1964 3418 2028 dixisset,
3452 1969 3527 2020 Ab
3566 1973 3703 2024 enini

2128 2049 2480 2120 fornicatione,
2512 2064 2628 2104 eam
2657 2050 2911 2120 relinquit
2937 2052 3000 2106 iis
3020 2053 3109 2122 qui
3134 2064 3331 2109 norunt
3355 2077 3369 2112 :
3395 2058 3452 2111 4.
3479 2058 3547 2112 Ut
3574 2062 3701 2113 sciat

2129 2143 2465 2212 unusquisque
2493 2153 2706 2197 vestrum
2732 2159 2818 2198 vas
2848 2161 2994 2198 suum
3028 2148 3284 2217 possidere
3320 2149 3374 2203 in
3413 2152 3705 2220 sancti/ica-

2128 2233 2262 2286 tione
2299 2243 2345 2287 et
2373 2234 2560 2287 honore
2581 2249 2600 2288 :
2627 2235 2681 2288 5.
2707 2251 2811 2288 non
2840 2235 2893 2288 in
2924 2238 3155 2306 passione
3189 2239 3448 2308 desiderii,
3484 2243 3615 2296 sicut
3658 2253 3705 2295 et

2127 2331 2296 2392 gentes
2341 2338 2454 2392 qua
2495 2323 2734 2394 ignorant
2790 2322 2974 2378 Deum.
3013 2324 3080 2380 Ut
3121 2329 3268 2395 sciat,
3314 2329 3505 2399 inquit,
3549 2347 3706 2385 unus-

2127 2411 2334 2481 quisque
2363 2423 2576 2466 vcstrunt
2603 2427 2690 2466 vas
2723 2428 2870 2468 suum
2898 2415 3172 2483 possidere.
3206 2416 3313 2472 Res
3342 2428 3424 2473 est
3466 2435 3596 2490 ergo
3624 2421 3706 2475 di-

2126 2503 2360 2572 ciplintc,
2383 2513 2545 2574 atque
2566 2504 2702 2559 adeo
2719 2520 2942 2575 magum,
2965 2521 3033 2562 ne
3059 2507 3415 2566 lasciviamus.
3444 2511 3551 2566 Nos
3577 2527 3706 2582 ergo

2131 2593 2185 2648 id
2228 2593 2578 2663 possidemus,
2622 2595 2836 2665 quando
2866 2597 3120 2652 manserit
3153 2601 3407 2654 mundum
3437 2610 3491 2656 et
3526 2613 3608 2657 est
3652 2603 3702 2656 in

2131 2683 2588 2740 sanctiﬁcatione:
2614 2699 2736 2740 cum
2766 2697 2944 2741 autem
2968 2696 3052 2742 est
3077 2689 3429 2754 immundum,
3465 2694 3703 2760 possidet

2130 2785 2437 2848 peccatum;
2469 2785 2522 2831 et
2557 2779 2771 2832 merito.
2811 2778 2925 2833 Non
2968 2781 3111 2835 enim
3147 2781 3274 2837 facit
3303 2785 3436 2838 ultra
3467 2803 3585 2856 qua:
3616 2802 3709 2840 vo-

2133 2867 2330 2935 lumus,
2385 2868 2480 2922 sed
2531 2883 2649 2938 qua:
2697 2870 2823 2924 illttd
2871 2870 3114 2940 imperat.
3177 2873 3296 2928 Non
3347 2877 3400 2929 in
3449 2879 3705 2946 passione,

2135 2960 2324 3030 inquit,
2369 2961 2621 3014 desiderii.
2679 2961 2776 3016 Hic
2828 2964 3062 3018 ostendit
3115 2967 3277 3020 etiam
3329 2969 3544 3023 modum
3597 2987 3705 3041 quo

2133 3061 2345 3122 Oportet
2372 3068 2490 3108 esse
2521 3063 2896 3124 temperantes,
2928 3064 2987 3110 ut
3017 3067 3322 3127 amputetur
3351 3073 3525 3116 motus
3555 3065 3703 3118 desi-

2133 3147 2285 3203 derii.
2335 3147 2545 3202 Deliciae
2585 3149 2726 3202 enim
2763 3159 2817 3204 et
2859 3149 3078 3214 divitiae,
3123 3153 3388 3220 socordia,
3429 3157 3706 3225 segnities,

2131 3241 2321 3305 Otium,
2363 3251 2418 3294 et
2447 3240 2560 3295 [nec
2589 3243 2788 3307 omnia,
2828 3258 2925 3297 nos
2965 3244 3030 3298 ad
3071 3246 3360 3302 absurdum
3399 3260 3451 3304 ct
3483 3267 3706 3320 pravum

2132 3330 2400 3385 deducunt
2443 3331 2784 3386 desiderium.
2841 3334 2985 3388 Sicut
3027 3345 3074 3387 et
3121 3347 3310 3406 gentes,
3361 3341 3550 3410 inquit,
3593 3359 3708 3413 qua

2132 3423 2368 3492 ignorant
2388 3421 2572 3477 Deum.
2607 3423 2736 3477 Nam
2768 3425 2871 3477 illa:
2913 3426 3126 3494 quidem
3169 3440 3293 3482 sunt
3326 3431 3478 3495 tales,
3509 3447 3705 3501 exspe-

2133 3521 2339 3567 ctantes
2365 3513 2594 3566 futurum
2619 3524 2672 3567 ut
2700 3512 3050 3584 dcntpaanas.
3091 3517 3144 3571 6.
3191 3517 3254 3571 Et
3285 3536 3346 3572 ns
3379 3523 3494 3591 quis
3527 3540 3707 3591 super-

2135 3608 2431 3676 grediatur,
2462 3620 2620 3671 neque
2641 3604 2995 3659 circumveniat
3020 3608 3072 3658 in
3090 3610 3286 3678 negotio
3307 3614 3515 3681 fratrem
3536 3631 3705 3669 suum.

2203 3697 2254 3750 2.
2282 3696 2446 3751 Recte
2472 3695 2627 3760 dixit,
2653 3695 2736 3749 Ne
2760 3699 3178 3768 supergrediatur
3198 3716 3217 3754 .'
3251 3703 3535 3772 unicuique
3559 3707 3705 3761 enim

2136 3785 2274 3842 Dens
2303 3787 2486 3842 tribuit
2519 3802 2762 3850 uxorem,
2793 3797 2848 3842 et
2875 3800 3078 3844 natura:
3107 3794 3387 3847 constituit
3425 3799 3630 3850 termin-
3657 3813 3705 3863 s,

2135 3891 2324 3946 nempe
2367 3891 2486 3930 cum
2528 3891 2632 3930 una
2677 3877 3039 3934 concubitum.
3085 3879 3442 3948 Quamobrem
3487 3886 3564 3939 si‘
3580 3901 3705 3942 cum

2132 3967 2298 4021 altera
2343 3968 2657 4024 concubitus
2699 3978 2782 4024 est
2828 3972 3200 4038 transgressio,
3250 3983 3305 4028 et
3345 3976 3706 4046 latrocinium,

2132 4067 2186 4110 et
2221 4058 2395 4122 fraus;
2440 4059 2546 4112 imo
2585 4073 2712 4114 vero
2753 4070 2834 4114 eSt
2878 4062 3095 4128 gravior
3141 4078 3354 4133 quoque
3398 4067 3706 4125 latrocinio.

2135 4147 2247 4201 Non
2277 4148 2418 4201 enim
2453 4148 2588 4202 adeo
2617 4149 2861 4208 doletnus
2904 4151 2948 4203 si
2972 4161 3168 4207 nostra:
3194 4154 3511 4211 auferuntur
3537 4174 3707 4229 pecu-

2135 4237 2256 4303 niae,
2303 4247 2358 4290 ut
2384 4238 2427 4291 si
2463 4250 2701 4292 nostrum
2744 4241 3130 4296 matrimonialc
3157 4245 3485 4314 perfodiatur
3509 4253 3704 4308 cubile.

2134 4327 2371 4382 Fratrem
2399 4343 2577 4392 vocas,
2611 4338 2665 4382 ct
2687 4334 3072 4398 pet-avaritiam
3105 4335 3300 4390 damno
3321 4339 3510 4408 aﬂicis,
3543 4344 3704 4398 etiam

2134 4416 2184 4469 in
2235 4417 2298 4470 iis
2340 4416 2392 4470 in
2425 4418 2617 4488 quibus
2658 4435 2762 4472 non
2804 4423 3046 4489 oportet?
3077 4423 3170 4478 llic
3202 4428 3432 4496 loquitur
3460 4431 3528 4486 de
3555 4435 3706 4488 adul-

2134 4513 2300 4574 terio;
2330 4511 2574 4577 superius
2602 4519 2777 4564 autem
2802 4511 2870 4567 de
2889 4515 3032 4568 omni
3064 4520 3387 4574 scortatione
3415 4535 3511 4577 seu
3535 4523 3704 4579 forni-

2132 4605 2359 4658 catione.
2383 4603 2513 4659 Nam
2542 4605 2788 4674 quoniam
2817 4616 2931 4660 erat
2949 4607 3186 4663 dicturus
3211 4610 3427 4668 fratrem
3455 4631 3560 4670 non
3585 4633 3705 4673 esse

2132 4695 2658 4765 supergrediendum,
2707 4713 2876 4765 neque
2920 4714 3016 4768 per
3050 4703 3322 4757 avaritiam
3367 4706 3562 4762 damno
3590 4712 3706 4763 alﬁ-

2131 4786 2376 4841 ciendum
2399 4829 2412 4852 ,
2443 4788 2519 4841 sic
2559 4787 2806 4854 praefatur
2839 4807 2852 4842 :
2879 4789 2955 4844 Ne
2996 4793 3269 4849 existimes
3289 4836 3304 4861 ,
3340 4799 3532 4866 inquit,
3562 4805 3702 4870 quod

2135 4877 2248 4932 ha:c
2270 4879 2442 4931 solum
2473 4876 2643 4930 dicam
2673 4878 2740 4933 de
2768 4879 2960 4944 fratre;
2993 4883 3085 4937 sed
3111 4901 3284 4955 neque
3313 4889 3536 4944 aliorum
3569 4909 3702 4946 uxo-

2133 4985 2238 5035 res,
2270 4983 2443 5038 neque
2486 4985 2578 5022 cas
2620 4985 2736 5039 qua:
2780 4981 2962 5026 carem
2990 4975 3214 5040 maritis,
3244 4994 3416 5048 neque
3459 4996 3701 5036 commu-

2135 5077 2228 5115 nes
2256 5064 2450 5117 babcre
2487 5073 2714 5132 oportet.
2747 5063 2830 5117 Ab
2870 5067 3013 5118 omni
3053 5067 3398 5125 fornicatione
3435 5074 3700 5128 abstinere

2132 5163 2378 5222 Oportet:
2413 5154 2530 5208 ideo
2569 5155 2734 5210 dicit:
2771 5157 3019 5222 Quoniam
3057 5161 3240 5215 vindex
3267 5174 3340 5216 est
3372 5163 3613 5220 Dominus
3641 5172 3700 5219 de

2133 5243 2210 5296 his
2229 5243 2475 5296 omnibus.
2506 5243 2734 5313 Rogavit
2757 5260 2849 5300 eos
2875 5247 3119 5316 primum,
3159 5260 3212 5304 et
3237 5254 3493 5321 pudorem
3525 5258 3696 5309 incus-

2133 5337 2226 5400 sit,
2256 5335 2459 5400 diccns,
2491 5337 2636 5391 Sicut
2673 5348 2718 5390 et
2762 5349 2928 5407 gentes
2959 5357 2979 5394 :
3004 5341 3196 5399 deinde
3223 5347 3519 5403 rationibus
3545 5365 3695 5418 quam

2131 5441 2291 5497 prava
2318 5439 2370 5480 et
2393 5427 2617 5481 absurda
2641 5443 2727 5482 res
2757 5431 2825 5482 sit
2844 5431 3096 5498 Ostendit,
3137 5435 3278 5503 quod
3307 5453 3403 5506 per
3426 5441 3693 5494 avaritiam

2131 5519 2294 5573 frater
2332 5519 2526 5572 damno
2553 5519 2833 5574 afﬁciatur.
2867 5523 3128 5595 Deinceps
3166 5527 3436 5599 subjungit
3479 5532 3529 5585 id
3557 5529 3694 5602 quod

2131 5619 2210 5664 est
2237 5620 2392 5679 caput
2411 5619 2465 5666 et
2491 5625 2695 5666 summa
2725 5614 2800 5669 rei
2829 5615 3112 5681 :Quoniam
3140 5617 3324 5673 vindex
3351 5631 3426 5673 est
3454 5621 3694 5676 Dominus

2131 5701 2193 5753 de
2231 5703 2304 5755 his
2351 5703 2597 5767 omnibus,
2646 5705 2770 5758 sicut
2811 5708 3134 5775 pratdia'imus
3183 5711 3320 5764 vobis
3361 5722 3406 5765 ct
3449 5712 3694 5782 testiﬁcati
