4010 6142
322 322 431 380 ωδ

326 450 522 491 sumus.
547 431 731 502 Neque
749 429 891 486 enim
921 429 1135 498 impune
1161 428 1274 484 haec
1294 441 1535 498 agemus,
1560 443 1733 497 neque
1757 435 1900 481 tanta

326 528 568 581 fruemur
601 522 871 592 voluptate
913 528 1168 592 quantum
1210 520 1506 576 subibimus
1558 519 1898 590 supplicium.

325 617 384 671 7.
416 612 540 670 Non
566 615 700 669 enim
729 612 920 666 uocauit
949 627 1042 666 nos
1075 611 1209 666 Deus
1228 611 1281 665 in
1310 610 1700 676 immunditiam,
1731 609 1823 663 sed
1848 610 1903 664 in

328 707 797 775 sanctiﬁcationem.
830 703 1094 771 Quoniam
1121 703 1353 768 dixerat,
1387 702 1647 768 Fratrem,
1684 711 1740 758 et
1770 702 1901 759 sub—

325 801 572 866 junxerat
591 798 754 852 Deum
772 811 894 852 esse
911 795 1197 860 vindicem,
1214 795 1506 851 ostendens
1526 795 1666 865 quod
1692 795 1900 851 etiamsi

328 892 431 945 hoc
452 903 637 957 passus
665 888 823 943 luerit
849 886 1100 952 inﬁdelis,
1129 900 1316 956 partas
1354 886 1502 940 dabit
1548 885 1594 939 is
1638 885 1725 954 qui
1757 883 1901 947 fecit,

330 984 399 1035 ita
424 980 559 1037 dixit
586 998 598 1033 :
622 977 738 1035 Non
765 978 916 1034 illum
943 977 1222 1032 vindicans
1250 987 1303 1032 te
1328 976 1501 1047 punit,
1530 974 1624 1029 sed
1654 974 1903 1044 quoniam

324 1073 499 1138 ipsum
552 1069 883 1125 contumelia
931 1066 1192 1123 aﬂ‘ecisti:
1221 1067 1336 1134 ipse
1383 1074 1435 1120 te
1484 1064 1738 1120 vocavit:
1780 1074 1905 1116 eum

326 1145 417 1232 qui
494 1173 546 1218 te
612 1163 826 1217 vocavit
901 1159 1125 1215 all‘eeisti
1199 1157 1544 1213 contumelia.
1616 1156 1905 1224 Propterea

327 1253 602 1322 subjuuxit
633 1270 646 1306 :
692 1253 747 1308 8.
790 1249 969 1319 Itaque
1006 1250 1095 1320 qui
1124 1251 1233 1303 lues
1267 1247 1480 1319 spernit,
1516 1262 1618 1300 non
1655 1245 1908 1298 hominem

328 1347 541 1413 spernit,
587 1343 677 1399 sed
721 1343 901 1409 Deum,
945 1341 1033 1412 qui
1067 1342 1222 1396 etiam
1269 1340 1406 1395 dedit
1453 1339 1715 1408 Spiritum
1758 1350 1907 1392 suum

331 1445 559 1489 sanctum
604 1441 660 1490 tu
684 1434 848 1490 nobis.
875 1432 1235 1503 Quamobrem
1260 1447 1355 1487 seu
1387 1431 1625 1498 reginam
1648 1442 1909 1499 corrupe-

330 1529 425 1592 ris,
468 1543 579 1582 .seu
631 1527 880 1583 ancillam
924 1535 1067 1581 tuam
1111 1540 1231 1595 qua:
1273 1525 1390 1580 viro
1436 1523 1637 1593 nupsit,
1684 1536 1779 1592 par
1825 1529 1911 1575 est

325 1619 558 1672 crimen.
596 1616 810 1682 Quare?
847 1617 1108 1683 Quoniam
1139 1632 1242 1670 non
1276 1629 1531 1684 personas
1570 1629 1689 1684 qua:
1718 1611 1910 1682 injuria

327 1708 638 1763 al'liciuntur
669 1709 965 1776 ulciscitur,
989 1708 1083 1762 sed
1111 1708 1385 1776 seipsum:
1415 1714 1471 1760 tu
1496 1704 1637 1758 enim
1662 1703 1913 1758 similiter

327 1814 392 1852 es
445 1797 714 1868 pollutus;
774 1798 942 1853 Deum
996 1796 1244 1852 similiter
1291 1795 1514 1851 atl'ecisti
1565 1793 1907 1849 contumelia.

325 1888 464 1945 Nam
508 1901 563 1945 et
601 1890 705 1945 hoc
731 1899 786 1945 et
812 1889 938 1945 illud
964 1899 1048 1944 est
1076 1888 1421 1952 adulterium,
1453 1888 1572 1956 quia
1613 1894 1671 1940 et
1715 1885 1816 1940 hoc
1859 1894 1914 1940 et

313 1981 464 2037 illud
493 1992 576 2036 est
607 1981 1029 2036 matrimonium.
1059 1982 1281 2035 Etiamsi
1321 1994 1429 2034 non
1466 1977 1782 2034 adulterium
1821 1975 1913 2030 ad-

332 2074 566 2138 miseris,
619 2074 712 2128 sed
770 2073 847 2128 sis
889 2081 1174 2134 scortatus,
1234 2071 1444 2126 etiamsi
1505 2070 1754 2124 maritum
1810 2082 1914 2123 non

335 2161 539 2216 habeat
586 2162 871 2228 meretrix,
929 2162 1068 2217 Deus
1113 2172 1286 2217 tamen
1340 2160 1605 2223 vindicat,
1660 2159 1913 2229 quoniam

334 2252 575 2321 scipsum
614 2251 887 2307 vindicat:
921 2266 1025 2307 non
1062 2253 1204 2307 enim
1234 2262 1340 2306 tam
1367 2251 1517 2305 illutn
1543 2266 1703 2321 quam
1746 2249 1914 2305 Deum

331 2343 643 2412 despiciens
679 2344 782 2398 hoc
821 2342 972 2398 facis.
1007 2342 1064 2398 ld
1080 2352 1255 2398 autem
1282 2341 1409 2396 hinc
1443 2341 1616 2411 palam
1643 2348 1744 2402 est,
1774 2343 1916 2410 quod

333 2434 488 2487 illum
528 2434 740 2503 quidem
779 2434 949 2489 latens
977 2433 1127 2500 facis,
1161 2435 1326 2491 Deum
1355 2446 1534 2489 autem
1580 2448 1683 2490 non
1735 2435 1917 2490 videre

328 2539 447 2593 pra:
479 2532 530 2578 te
557 2521 687 2578 fers.
728 2523 976 2589 Nam,dic
999 2523 1153 2590 mihi,
1182 2523 1226 2578 si
1253 2524 1371 2593 quis
1399 2539 1630 2595 purpura
1661 2525 1728 2580 ab
1751 2524 1919 2594 Impe-

327 2627 516 2671 ratore
546 2615 815 2685 dignatus,
848 2626 901 2671 et
924 2615 1030 2670 alio
1055 2615 1260 2670 honore
1285 2615 1534 2683 plurimo,
1563 2624 1617 2671 et
1640 2616 1821 2686 jussus
1842 2617 1919 2669 vi-

328 2722 463 2762 vere
478 2722 576 2778 pro
595 2707 816 2762 honoris
839 2707 1119 2779 dignitate,
1139 2708 1396 2763 recedens
1421 2708 1652 2777 aliquam
1679 2708 1918 2764 vitiasset

329 2800 618 2854 mulierem
639 2841 654 2867 ,
682 2814 965 2869 quemnam
995 2797 1261 2855 all‘ecisset
1287 2800 1653 2855 contumelia?
1683 2801 1915 2867 illamne,

326 2906 401 2944 an
453 2890 834 2959 Imperatorem
875 2890 966 2959 qui
1001 2889 1183 2945 dedit?
1224 2887 1559 2945 Contumelia
1594 2890 1809 2960 quidem
1843 2891 1921 2943 af-

329 2984 483 3039 fecta
532 2992 615 3037 est
653 2990 709 3037 et
762 2981 874 3047 illa,
921 2981 1016 3037 sed
1064 2997 1170 3037 non
1219 2982 1489 3037 similiter.
1534 2983 1915 3050 Quamobrem,

327 3088 498 3144 rogo,
520 3088 799 3127 caveamus
821 3072 925 3127 hoc
952 3083 1248 3141 peccatum.
1271 3073 1421 3128 Sicut
1439 3074 1581 3127 enim
1602 3088 1700 3128 nos
1722 3088 1922 3128 uxores

328 3164 615 3234 punimus,
655 3163 867 3233 quando
904 3164 1181 3218 nobiscum
1216 3162 1515 3217 habitantes
1558 3164 1762 3234 seipsas
1804 3163 1923 3217 aliis

326 3254 589 3309 dederint
600 3255 728 3341 sita
769 3268 868 3308 nos
897 3268 1109 3324 quoque
1148 3254 1417 3321 punimur,
1449 3253 1495 3307 si
1521 3268 1627 3309 non
1652 3268 1681 3306 a
1714 3253 1920 3323 legibus

330 3344 829 3417 [Romanorum],
871 3361 903 3400 a
946 3347 1054 3401 Deo
1093 3345 1308 3416 quidem
1351 3355 1519 3400 certe.
1560 3344 1774 3402 Etenim
1824 3346 1927 3403 hoc

327 3451 558 3505 quoque
594 3445 679 3491 est
723 3437 1065 3490 adulterium.
1101 3436 1436 3492 Adulterium
1480 3446 1565 3492 est
1608 3437 1774 3502 enim,
1820 3453 1924 3491 non

328 3528 523 3580 solum
551 3525 597 3580 si
627 3526 744 3579 viro
770 3528 1052 3595 conjuncta
1091 3530 1411 3596 mmchetur,
1447 3529 1542 3584 sed
1570 3529 1731 3585 etiam
1764 3530 1808 3584 si
1841 3530 1928 3586 ille

330 3620 600 3687 alligatus
621 3619 689 3672 sit
705 3617 882 3673 uxori.
903 3619 1099 3673 Exacte
1125 3619 1341 3674 attende
1364 3620 1503 3689 quod
1533 3621 1653 3675 dico
1678 3637 1692 3676 :
1719 3621 1929 3677 etiamsi

331 3708 493 3778 quod
541 3708 736 3762 dicitur
777 3708 957 3762 multis
985 3708 1055 3763 sit
1087 3723 1248 3778 grave
1273 3725 1335 3763 ac
1370 3711 1676 3777 molestum,
1710 3727 1930 3768 necesse

332 3812 427 3856 est
479 3809 664 3854 tamen
709 3799 908 3865 dicere,
957 3809 1016 3854 ut
1060 3799 1115 3854 in
1162 3809 1435 3869 posterum
1467 3803 1772 3872 corrigaris.
1814 3802 1928 3858 Non

328 3894 528 3948 solum
558 3902 642 3948 est
665 3892 1009 3957 adulterium,
1040 3892 1255 3962 quando
1282 3893 1396 3947 viro
1425 3895 1767 3964 conjunctam
1808 3910 1929 3950 cor-

328 3983 653 4053 rumpimus
691 3983 987 4046 mulierem,
1035 3982 1128 4038 sed
1171 3991 1224 4037 et
1268 3984 1313 4037 si
1360 3984 1579 4038 liberam
1615 3995 1669 4039 et
1701 3985 1930 4039 solutam

327 4075 438 4144 ipsi
471 4073 683 4143 alligati
714 4074 884 4140 uxori,
914 4089 976 4128 ea
1007 4088 1093 4128 res
1121 4082 1207 4129 est
1235 4073 1577 4129 adulterium.
1605 4075 1741 4143 Quid
1766 4077 1928 4139 enim,

324 4165 372 4218 si
399 4179 536 4234 quas
554 4163 1081 4219 mmehaturnonest
1106 4164 1360 4232 alligata?
1391 4165 1461 4217 At
1491 4172 1547 4217 tu
1575 4180 1634 4219 cs
1658 4166 1927 4235 alligatus,

324 4259 517 4326 legem
552 4268 617 4309 es
640 4263 1025 4324 transgressus,
1050 4254 1242 4324 injuria
1273 4254 1498 4309 aﬂ‘ecisti
1525 4270 1738 4311 carnem
1764 4266 1928 4311 luant.

323 4347 474 4402 Nam
518 4360 644 4412 cur,
690 4343 778 4400 die
820 4344 971 4411 mibi,
1004 4360 1227 4400 uxorem
1249 4346 1426 4415 punis,
1457 4347 1501 4401 si
1523 4357 1753 4402 scortata
1781 4348 1938 4402 fuerit

321 4454 457 4493 cum
507 4437 738 4493 homine
767 4436 958 4502 libero,
987 4452 1087 4493 nec
1119 4437 1353 4492 habente
1386 4442 1645 4494 uxorem?
1673 4440 1934 4508 Quoniam

320 4540 415 4585 est
441 4530 803 4584 adulterium.
836 4530 994 4599 Atqui
1026 4530 1115 4599 qui
1146 4544 1269 4584 cum
1297 4545 1360 4584 ea
1381 4539 1465 4584 est
1496 4540 1781 4593 seortatus,
1828 4546 1933 4585 non

322 4621 503 4676 habet
555 4634 823 4683 uxorem;
870 4619 965 4674 sed
1012 4621 1123 4688 ipsa
1164 4620 1279 4675 viro
1312 4629 1398 4673 est
1438 4622 1671 4689 alligata.
1702 4622 1839 4690 Ergo
1883 4630 1937 4673 tu

318 4726 561 4781 quoque
609 4710 859 4778 alligatus
882 4727 943 4765 es
966 4711 1147 4765 uxori.
1178 4711 1535 4778 Quamobrem
1575 4720 1629 4765 et
1658 4712 1797 4781 quod
1827 4729 1853 4763 a
1889 4723 1939 4768 te

319 4804 407 4863 tit,
437 4808 527 4854 est
557 4798 814 4853 similiter
843 4801 1185 4854 adulterium.
1213 4801 1315 4867 Qui
1344 4801 1555 4863 dimisit,
1586 4800 1776 4870 inquit,
1806 4818 1939 4857 uaro-

316 4907 440 4944 rem
482 4903 650 4943 eumn
684 4898 1020 4959 prmiaquam
1054 4891 1409 4959 fornicationis
1448 4905 1623 4955 causa,
1666 4892 1789 4959 facit
1828 4908 1940 4946 eam

316 4977 594 5034 inata/tari
614 4992 635 5039 ;
665 4987 711 5029 et
738 4979 823 5047 qui
847 4979 1106 5033 dimissam
1132 4980 1292 5045 ducit,
1324 4979 1599 5033 moechatur
1624 4979 1838 5048 (Matth.
1884 4984 1936 5035 5.

312 5071 447 5141 32).
492 5068 555 5122 Si
595 5067 647 5119 is
687 5067 773 5135 qui
815 5067 1091 5123 dimissam
1128 5068 1276 5124 ducit
1315 5085 1557 5133 uxorem,
1601 5072 1939 5127 llitBCllllltll‘:

310 5148 411 5234 qui
446 5171 543 5219 est
573 5175 706 5214 cmn
749 5175 842 5213 sua
890 5177 1074 5226 uxore,
1122 5164 1164 5214 si
1217 5164 1359 5217 illam
1406 5167 1721 5234 corrumpit,
1759 5182 1937 5220 annon

312 5255 506 5309 multo
540 5249 729 5318 magis
767 5253 1110 5306 moechatur?
1137 5252 1318 5308 Cuivis
1346 5264 1490 5309 certe
1513 5255 1683 5324 palam
1704 5266 1805 5310 est.
1834 5254 1939 5311 Sed

310 5346 487 5402 vobis
518 5340 756 5412 quidem
787 5342 918 5396 viris
949 5343 1061 5397 lucc
1093 5344 1225 5397 satis
1249 5345 1386 5399 dicta
1412 5356 1604 5400 sunto:
1634 5363 1754 5401 nam
1785 5347 1852 5402 de
1874 5349 1938 5401 iis

306 5436 407 5506 qui
466 5439 613 5487 sunt
662 5430 971 5497 hujusmodi
1017 5433 1265 5487 Christus
1307 5450 1519 5504 quoque
1557 5437 1704 5501 dicit,
1749 5437 1941 5491 Vermis

307 5542 507 5582 eorum
538 5538 655 5576 non
698 5522 958 5585 morietur,
989 5532 1035 5575 et
1068 5522 1200 5592 ignis
1235 5540 1336 5578 non
1370 5529 1714 5597 exstinguetttr
1743 5527 1936 5601 (Marc.

306 5624 366 5672 9.
411 5617 542 5687 44).
601 5613 841 5678 Propter
866 5612 1090 5680 juvenes
1128 5625 1304 5671 autem
1335 5618 1487 5674 vobis
1512 5618 1689 5675 dicere
1730 5629 1812 5675 est
1841 5634 1938 5675 ne-

306 5726 517 5774 ςηεςρ;
579 5707 702 5759 into
759 5717 861 5754 non
911 5712 1115 5760 tantum
1181 5718 1395 5775 propter
1465 5709 1602 5775 illos,
1677 5722 1932 5781 quantum

1142 314 1205 368 IN
1246 312 1457 368 EPIST.
1501 314 1541 370 l.
1585 317 1674 371 AD
1710 317 2041 375 TllESS.\L.
2082 315 2235 372 CAP.
2279 313 2364 369 iV.
2409 313 2638 370 llO.il|l..
2683 314 2746 370 Υ.

3482 329 3583 384 ΩΒ

2012 438 2228 497 propter
2266 443 2363 484 vos
2396 449 2408 483 :
2440 443 2545 485 non
2586 430 2691 487 illis
2732 433 2895 496 enim,
2946 433 3038 488 sed
3085 436 3233 493 vobis
3264 438 3360 494 ista
3389 455 3586 497 conve-

2010 520 2193 584 niunt;
2224 529 2278 575 et
2298 519 2587 590 quomodo,
2610 522 2720 592 jam
2747 522 2943 579 dicam.
2966 523 3065 593 Qui
3088 541 3196 582 non
3215 528 3402 588 didicit
3430 542 3582 589 scur-

2010 613 2132 677 tari,
2158 623 2227 668 ne
2247 612 2565 669 adulterium
2595 613 2809 685 quidem
2836 616 2971 671 sciet
2996 617 3314 689 admittere;
3345 625 3435 695 qui
3461 638 3584 681 cum

2013 703 2384 759 meretricibus
2400 705 2669 760 volutatus
2687 715 2790 769 est,
2809 704 2875 762 ad
2895 705 2997 764 hoc
3015 724 3229 781 quoque
3244 713 3353 769 cito
3370 714 3584 785 veniet;

2007 788 2215 847 etiamsi
2243 808 2347 847 non
2370 807 2493 849 cum
2517 796 2632 850 viro
2659 796 2979 868 conjunctis,
3003 800 3098 856 sed
3119 816 3240 858 cum
3262 805 3451 863 solutis
3472 817 3584 865 stu-

2011 882 2089 952 pri
2114 881 2329 939 habebit
2349 886 2808 941 consuetudinem.

2079 972 2137 1030 3.
2173 972 2311 1041 Quid
2367 989 2496 1047 ergo
2553 975 2795 1034 suadeo?
2841 977 2912 1035 Ut
2966 980 3175 1039 radices
3226 987 3585 1054 exscindatis,

2009 1064 2329 1135 quicumque
2370 1063 2506 1123 ﬁlios
2546 1068 2752 1123 habetis
2780 1070 3041 1139 juvenes,
3083 1084 3135 1128 et
3164 1072 3231 1130 ad
3268 1078 3589 1137 mundanam

2012 1154 2171 1207 vitam
2197 1169 2293 1210 eos
2315 1154 2541 1212 educitis
2559 1198 2575 1224 ,
2618 1159 2725 1214 cito
2748 1173 2844 1214 eos
2864 1161 3067 1231 jungite
3087 1161 3218 1234 jugo
3245 1169 3590 1226 matrimonii.

2012 1244 2143 1336 Nam
2170 1244 2384 1336 quando
2412 1246 2589 1303 adhuc
2618 1247 2801 1319 juveni
2830 1251 3127 1308 molestiam
3153 1253 3410 1313 exhibent
3451 1258 3593 1314 desi-

2012 1334 2160 1389 deria
2182 1378 2195 1399 ,
2222 1350 2288 1391 eo
2324 1334 2548 1406 quidem
2591 1344 2832 1408 tempore
2858 1340 2998 1409 quod
3030 1342 3283 1410 prmcedit
3328 1346 3595 1403 matrimo-

2014 1426 2183 1493 nium,
2216 1426 2334 1480 illos
2355 1429 2628 1482 continete
2654 1427 3143 1497 admonitionibus,
3175 1434 3354 1500 minis,
3388 1439 3597 1493 terrorii

2016 1517 2139 1580 bus,
2174 1517 2468 1586 promissis,
2492 1526 2548 1573 et
2570 1518 2693 1573 aliis
2720 1519 3200 1580 innumerabilibus
3229 1541 3244 1579 :
3271 1525 3325 1581 in
3357 1536 3596 1600 tempore

2015 1614 2190 1660 autem
2217 1608 2538 1662 matrimonii
2569 1622 2728 1664 nemo
2755 1608 2966 1666 diﬂ‘erat
2996 1615 3014 1683 (
3046 1629 3169 1670 ecce
3209 1616 3397 1687 loquor.
3438 1621 3611 1676 verba.

2018 1697 2273 1765 pronuba:
2297 1698 2315 1766 )
2342 1697 2480 1752 lilios
2508 1698 2828 1771 conjungere
2858 1711 2911 1758 et
2930 1703 3338 1772 copulare.,Sed
3375 1724 3459 1766 me
3488 1728 3613 1767 non.

2018 1786 2180 1855 pudet
2204 1786 2321 1842 lucc
2351 1790 2531 1845 dicere
2560 1807 2572 1842 :
2605 1806 2725 1845 nam
2756 1807 2853 1848 nec
2894 1794 3079 1865 puduit
3127 1794 3346 1855 Paulum
3393 1801 3592 1866 dicere,

2024 1876 2106 1932 Ne
2131 1879 2378 1947 {raudetis
2402 1897 2491 1935 vos
2531 1881 2739 1936 invicem
2767 1884 2786 1953 (
2809 1885 2860 1939 l.
2888 1884 3006 1940 Cor.
3036 1887 3086 1940 7.
3120 1887 3197 1959 5).
3227 1890 3365 1959 quod
3392 1891 3598 1949 videtur

2020 1969 2279 2038 majorem
2320 1985 2479 2038 quam
2509 1974 2611 2026 hoc
2640 1971 2831 2029 all‘crre
2861 1974 3116 2045 pudorem
3144 1994 3157 2044 ;
3205 1978 3297 2034 sed
3340 1997 3462 2036 eum
3490 1999 3595 2038 non

2021 2059 2227 2129 puduit.
2256 2058 2372 2114 Non
2425 2061 2567 2115 enim
2612 2064 2768 2117 verba
2821 2065 3081 2135 attendit,
3110 2065 3204 2124 sed
3246 2084 3332 2125 res
3359 2081 3413 2127 et
3460 2068 3596 2128 facta

2023 2166 2143 2222 quae
2171 2165 2201 2205 a
2232 2153 2408 2207 verbis
2438 2155 2863 2222 proﬁciscuntur.

2088 2244 2307 2298 Iuvenes
2343 2247 2441 2299 cito
2482 2249 2733 2301 connubio
2761 2250 3033 2321 jungeudi.
3056 2241 3128 2293 4
3146 2252 3281 2309 Cum
3310 2271 3441 2329 ergo
3468 2274 3600 2329 puer

2018 2336 2281 2399 creverit,
2310 2344 2594 2406 antequam
2642 2349 2878 2394 sectetur
2907 2342 3148 2399 militiam
3178 2354 3229 2399 et
3258 2346 3421 2401 ullum
3457 2350 3611 2403 aliud.

2020 2430 2141 2484 vita:
2185 2444 2353 2499 genus
2378 2472 2390 2493 ,
2440 2431 2508 2486 de
2540 2431 2656 2501 ejus
2682 2435 3023 2490 matrimonio
3048 2452 3231 2492 curam
3278 2456 3422 2509 gere.
3461 2441 3594 2495 Etsi

2022 2519 2111 2574 ille
2156 2520 2347 2575 viderit
2375 2519 2518 2591 quod
2565 2536 2816 2593 sponsam
2865 2525 2971 2580 cito
3002 2528 3068 2581 ad
3096 2544 3217 2583 eum
3259 2532 3480 2587 adducis
3501 2576 3513 2597 ,
3547 2543 3603 2588 tt

2020 2611 2159 2680 quod
2190 2610 2350 2666 breve
2394 2618 2605 2682 tempus
2635 2615 2935 2671 intercedat
2955 2660 2968 2682 ,
3000 2618 3208 2674 fortiter
3236 2624 3431 2690 poterit
3458 2623 3599 2680 ferre

2023 2701 2287 2756 ﬂammam
2321 2718 2336 2756 :
2368 2703 2451 2757 sin
2476 2712 2651 2758 autem
2682 2706 2734 2760 in
2766 2718 3003 2763 mentem
3032 2711 3080 2765 ei
3112 2715 3319 2768 venerit
3355 2718 3494 2785 quod
3526 2720 3602 2773 sis

2022 2807 2204 2848 socors
2269 2803 2325 2850 et
2385 2796 2691 2867 negligens,
2762 2802 3135 2872 cuncterisque
3184 2815 3239 2860 et
3299 2820 3600 2877 exspectes,

2023 2884 2192 2941 donec
2220 2898 2440 2957 magnos
2471 2880 2730 2955 possideat
2760 2904 3050 2960 proventus
3074 2937 3089 2961 ,
3118 2909 3177 2950 ut
3208 2906 3332 2953 tunc
3363 2901 3410 2953 ei
3440 2916 3596 2970 pares

2025 2977 2231 3047 nuptias
2254 3017 2268 3043 ,
2309 2978 2378 3032 ob
2404 2979 2659 3048 temporis
2695 2979 3076 3051 longitudinem
3106 2986 3341 3041 animum
3367 2987 3601 3058 despon-

2025 3066 2192 3133 dens,
2220 3070 2328 3121 cito
2367 3069 2575 3123 labetur
2611 3068 2678 3123 ad
2723 3072 3124 3128 scortationcm.
3172 3075 3278 3130 Sed
3322 3077 3407 3132 hei
3438 3079 3599 3133 mihi!

2028 3158 2173 3213 radix
2216 3161 2476 3213 malorum
2517 3170 2599 3215 est
2653 3160 2737 3216 hic
2764 3178 2975 3233 quoque
3017 3167 3258 3221 avaritia.
3288 3167 3419 3223 Nam
3467 3187 3603 3242 quo-

2029 3249 2170 3302 niam
2213 3249 2340 3303 nulli
2389 3258 2473 3305 est
2520 3265 2664 3305 cura:
2713 3253 2983 3321 quomodo
3026 3264 3329 3326 temperans
3382 3269 3438 3316 et
3481 3277 3601 3318 mo-

2026 3336 2209 3391 destus
2254 3337 2346 3391 ﬁat
2396 3339 2572 3404 illius,
2621 3340 2717 3395 sed
2762 3349 3009 3398 tenentur
3041 3358 3230 3401 omnes
3273 3349 3460 3405 insano
3488 3356 3614 3408 auri

2030 3442 2243 3495 amore,
2277 3428 2378 3484 hic
2414 3429 2482 3485 de
2507 3444 2669 3487 causa
2698 3430 2821 3487 huic
2860 3435 2937 3489 rei
2970 3450 3129 3491 nemo
3158 3438 3356 3496 studet.
3405 3443 3604 3511 Quam.

2031 3520 2213 3575 obrem
2244 3534 2376 3592 rogo
2404 3521 2632 3591 primum
2660 3564 2677 3590 ,
2709 3532 2767 3578 ut
2795 3538 2981 3580 eorum
3010 3527 3219 3584 animos
3247 3535 3613 3603 componatis-

2031 3612 2084 3667 Si
2137 3613 2280 3667 enim
2330 3613 2396 3667 ad
2447 3623 2648 3669 castam
2702 3630 2952 3686 sponsam
3006 3624 3337 3689 accesserit,
3391 3627 3435 3679 si
3466 3626 3609 3683 illius

2032 3705 2207 3760 solum
2235 3720 2430 3775 corpus
2460 3706 2684 3774 viderit,
2714 3717 2769 3764 et
2792 3710 3083 3766 vehemens
3110 3715 3213 3768 erit
3239 3714 3563 3773 desiderium
3590 3763 3605 3787 ,

2034 3808 2086 3851 et
2138 3796 2307 3867 major
2351 3798 2444 3852 Dei
2476 3808 2652 3855 metus
2681 3818 2695 3853 :
2726 3810 2780 3854 et
2809 3816 2935 3856 vere
2980 3802 3293 3862 honorabile
3330 3812 3620 3865 matrimo-.

2037 3889 2217 3953 nium,
2263 3889 2459 3943 munda
2487 3898 2543 3943 et
2586 3889 2858 3958 impolluta
2906 3905 3132 3961 corpora
3176 3897 3474 3966 suscipiens
3503 3914 3519 3964 ;
3552 3910 3622 3956 cr

2036 3995 2154 4047 qua:
2203 3989 2489 4035 nascentur
2546 3987 2702 4034 erunt
2757 3980 2913 4048 plena
2966 3983 3130 4037 multa
3180 3985 3554 4045 benedictione
3595 4009 3629 4056 ς.

2036 4082 2091 4126 et
2116 4073 2253 4127 alter
2287 4072 2441 4126 alteri
2469 4072 2664 4127 cedent
2698 4086 2927 4141 Sponsus
2967 4084 3022 4128 et
3056 4089 3250 4143 sponsa
3278 4096 3291 4132 :
3321 4095 3442 4133 nam
3491 4097 3633 4136 cum.

2040 4178 2246 4218 morum
2278 4164 2573 4218 alienorum
2606 4166 2815 4232 utrique
2845 4164 2951 4217 sint
2975 4166 3234 4235 imperiti,
3266 4171 3615 4239 subjicientur

2039 4254 2174 4308 alter
2217 4252 2395 4307 alteri.
2443 4251 2631 4308 Iunior
2668 4264 2842 4307 autem
2890 4254 3147 4323 incipiens
3190 4256 3434 4315 lascivire
3476 4270 3527 4315 et
3558 4277 3637 4318 se.

2041 4341 2237 4397 dedere
2281 4341 2526 4407 libidini,
2573 4350 2629 4396 et
2657 4357 2863 4397 morum
2891 4344 3315 4402 meretriciorum
3346 4351 3618 4420 accipiens

2039 4433 2423 4503 experientiam
2450 4475 2464 4497 ,
2498 4448 2662 4502 usque
2685 4433 2749 4487 ad
2782 4434 3004 4503 primam
3033 4445 3086 4490 et
3112 4439 3399 4494 secundam
3427 4456 3616 4512 vespe-

2042 4541 2154 4580 ram
2184 4523 2418 4578 laudabit
2445 4539 2595 4577 suant
2624 4540 2844 4580 uxorem
2869 4542 2883 4590 ;
2931 4538 3112 4596 postea
3142 4539 3318 4584 autem
3352 4532 3460 4586 cito
3483 4533 3662 4587 dlla-e

2043 4618 2199 4672 betur
2241 4616 2306 4670 ad
2353 4617 2494 4670 illam
2543 4616 2845 4681 lasciviam,
2895 4618 2961 4673 ad
2989 4620 3153 4673 risum
3182 4621 3407 4676 eil‘usum
3438 4632 3493 4677 et
3520 4625 3618 4678 im-

2045 4710 2341 4764 modestum
2365 4750 2382 4775 ,
2410 4724 2654 4778 quaerens
2682 4711 2839 4765 verba
2866 4710 3030 4765 multa
3060 4712 3417 4770 llliberalitate
3444 4714 3629 4784 plena,

2043 4802 2236 4856 molles
2283 4810 2338 4856 et
2384 4801 2581 4855 fractos
2622 4810 2839 4871 gestus,
2873 4810 2927 4856 et
2966 4814 3181 4857 omnem
3209 4804 3367 4858 aliam
3397 4807 3621 4873 turpitu-

2044 4891 2254 4955 dinem,
2286 4904 2444 4961 quam
2480 4900 2538 4944 ut
2573 4888 2813 4945 dicamus
2837 4931 2853 4957 ,
2886 4891 3105 4946 minime
3139 4898 3220 4946 est
3263 4894 3625 4951 tolerandum.

2048 4982 2275 5052 ingenua
2300 4991 2476 5036 autem
2524 4993 2631 5035 non
2662 4980 2889 5035 sustinet
2943 4980 3059 5034 hare
3109 4981 3402 5049 exhibere,
3444 4999 3618 5057 neque

2045 5087 2105 5129 se
2151 5073 2321 5144 ipsam
2368 5071 2667 5141 inquinare.
2724 5070 2801 5125 Ad
2850 5070 2973 5124 vita:
3017 5070 3160 5125 enim
3210 5073 3521 5130 societatem
3566 5088 3622 5131 et

2048 5165 2337 5219 liberorum
2363 5162 2783 5231 procreationem
2812 5161 2927 5215 viro
2949 5159 3047 5214 fuit
3070 5160 3333 5230 desponsa
3358 5203 3379 5229 ,
3422 5179 3527 5219 non
3556 5166 3624 5220 ad

2049 5253 2428 5322 turpitudinem
2450 5260 2504 5307 et
2530 5252 2732 5306 risum:
2766 5260 2822 5305 ut
2845 5251 3061 5306 domum
3091 5253 3374 5320 custodiat,
3399 5263 3456 5309 ut
3474 5256 3628 5311 illum

2045 5360 2259 5418 quoque
2284 5344 2493 5401 erudiat
2515 5358 2639 5399 esse
2669 5343 2949 5397 honestum
2970 5384 2985 5407 ,
3016 5359 3122 5398 non
3151 5354 3208 5399 ut
3237 5345 3340 5416 ipsi
3370 5346 3621 5403 exhibeat

2047 5439 2278 5493 fomenta
2321 5435 2679 5491 scortationis.
2736 5435 2804 5488 At
2842 5432 3059 5503 jucundi
3092 5435 3185 5491 tibi
3230 5436 3477 5492 videntur
3527 5453 3622 5507 go:-

2047 5539 2159 5583 stus
2176 5527 2485 5583 meretricii.
2503 5525 2626 5581 Scio
2646 5544 2659 5579 :
2685 5538 2805 5579 nam
2826 5525 2925 5579 hoc
2945 5539 3156 5595 quoque
3172 5526 3300 5581 dicit
3315 5526 3587 5597 Scriptura
3612 5546 3624 5582 :

2049 5618 2155 5673 Mel
2181 5617 2395 5672 diatillat
2415 5633 2445 5669 α
2468 5615 2613 5671 labiis
2637 5617 2913 5673 uteretricis
2939 5611 3127 5687 (l’rov.
3161 5618 3216 5673 5.
3249 5616 3342 5688 5).
3375 5617 3638 5687 Propter:

2053 5727 2113 5768 ea
2145 5710 2286 5767 enim
2334 5708 2445 5764 hate
2492 5708 2665 5763 omnia
2712 5708 2884 5774 facio,
2935 5724 3001 5765 ne
3046 5708 3184 5765 illius
3230 5709 3401 5764 mellis
3450 5710 3626 5777 capias
