4010 6142
388 367 481 421 ιΞΞἸ

387 485 816 553 experientiam:
850 481 904 534 in
951 479 1020 532 fel
1064 475 1206 531 enim
1252 472 1431 526 statim
1478 468 1722 524 vertitur.
1761 465 1829 519 Et
1870 463 1970 518 hoc

389 594 600 649 quoque
628 575 757 631 dicit
784 558 1057 640 Scriptura
1087 584 1101 621 :
1134 565 1260 632 Qua:
1295 563 1362 615 ad
1389 570 1584 630 tempus
1618 566 1758 610 tuum
1797 561 1973 625 guttur

390 672 713 742 impingunt;
759 675 931 734 postea
986 667 1152 712 autem
1196 652 1314 723 {effe
1363 651 1589 704 anterius
1626 645 1879 708 incuties,
1927 651 1973 694 et

391 739 599 829 ancipiti
627 757 797 830 gfadio
826 753 987 824 magis
1012 757 1213 804 acutum
1240 744 1259 811 ί
1283 743 1438 797 Prov.
1469 742 1503 796 5
1552 740 1587 794 4
1611 739 1651 807 ).

459 827 798 923 Citi'ysostonti
821 846 985 900 cautio
1000 885 1016 910 ,
1038 857 1150 897 cum
1171 840 1233 893 de
1252 837 1400 892 rebus
1421 831 1692 900 impudicis
1714 827 1968 899 loquitur.

389 976 459 988 —-
495 916 631 1011 Quid
661 938 834 996 dicis?
865 937 1023 991 Ferte
1059 947 1144 986 me
1171 927 1369 998 aliquid
1401 925 1562 981 etiam
1589 916 1924 976 immundum
1953 956 1968 980 ,

392 1048 448 1091 ut
476 1038 546 1091 ita
575 1035 749 1089 dicam
772 1072 787 1097 ,
819 1030 1126 1098 loquentem
1154 1062 1170 1086 ,
1217 1028 1272 1075 et
1302 1014 1642 1086 impudenter
1667 1025 1755 1065 me
1781 1021 1973 1079 geren-

393 1144 498 1185 tem
520 1171 534 1196 ,
566 1125 930 1198 pudoremque
956 1126 1010 1173 et
1038 1114 1287 1171 ruborem
1318 1117 1607 1164 exuentem
1635 1120 1651 1158 :
1693 1115 1801 1156 non
1831 1097 1976 1153 enim

397 1223 582 1277 lubens
616 1217 730 1270 inec
762 1214 931 1284 patior
951 1252 965 1273 ,
995 1207 1089 1264 sed
1118 1213 1336 1276 propter
1366 1215 1459 1256 eos
1489 1210 1624 1269 quos
1650 1208 1831 1250 rerum
1863 1203 1991 1273 non,

395 1315 595 1383 pudet,
642 1282 807 1377 cogor
853 1303 1012 1359 verba
1053 1298 1254 1354 dicere.
1297 1292 1458 1348 Multa
1505 1297 1683 1344 autem
1729 1282 1975 1338 videmus

394 1376 654 1475 quando
684 1376 844 1454 etiam
878 1394 928 1447 in
961 1387 1274 1459 Scripturis.
1308 1383 1439 1439 Nam
1470 1376 1716 1435 Ezechiel
1762 1385 1975 1443 quoque

395 1493 689 1550 Jerusalem
720 1485 1048 1556 exprobrans
1068 1479 1231 1534 multa
1251 1474 1379 1532 dicit
1406 1467 1691 1543 ejusmodi,
1718 1480 1820 1521 nec
1847 1478 1973 1518 eru-

401 1586 602 1648 bescit;
630 1589 681 1636 et
709 1578 936 1634 merito:
962 1588 1072 1628 non
1100 1570 1243 1626 enim
1269 1582 1330 1622 ea
1361 1563 1569 1620 dicebat
1595 1576 1661 1615 ex
1690 1574 1782 1613 sua
1813 1553 1977 1610 animi

389 1676 703 1739 affectione,
727 1670 821 1725 sed
844 1684 912 1724 ex
936 1680 1065 1722 cura
1087 1674 1141 1718 et
1162 1657 1507 1731 providentia.
1536 1653 1671 1708 Nam
1690 1650 1791 1706 etsi
1816 1647 1977 1703 verba

398 1769 645 1823 videntur
673 1778 795 1820 esse
830 1759 1111 1817 indecora,
1129 1756 1335 1808 nonest
1363 1758 1538 1804 tamen
1588 1757 1784 1812 scapus
1823 1738 1976 1794 inde-

405 1873 563 1913 corus
588 1897 606 1921 ,
636 1854 729 1910 sed
756 1856 915 1905 etiam
944 1847 1099 1902 valde
1129 1841 1455 1899 conveniens
1476 1836 1527 1893 ei
1550 1835 1638 1905 qui
1669 1832 1779 1887 vult
1799 1827 1981 1899 expel-

403 1953 514 2004 lere
550 1946 713 2001 animi
760 1938 1152 1996 inmmnditiam
1181 1952 1195 1989 :
1229 1948 1352 1988 nam
1382 1930 1482 1984 nisi
1524 1927 1639 1997 ipsa
1678 1923 1839 1978 verba
1878 1936 1977 1975 au-

398 2043 554 2097 dierit
595 2035 877 2107 impudens
922 2031 1168 2092 animus,
1217 2023 1423 2095 pudore
1467 2034 1579 2075 non
1623 2013 1971 2071 suffunditur.

404 2132 613 2187 Etenim
653 2105 894 2182 medicus
923 2135 1132 2192 quoque
1162 2117 1348 2172 volens
1374 2112 1573 2183 ejicere
1599 2105 1934 2179 putredinem
1960 2139 1981 2170 ,

401 2225 592 2293 digitos
617 2222 762 2292 prius
787 2217 1022 2273 immittit
1043 2214 1094 2267 in
1120 2211 1329 2274 vulnus,
1358 2217 1414 2262 et
1441 2203 1545 2260 nisi
1571 2203 1716 2272 prius
1741 2197 1983 2268 inquinet

405 2288 593 2370 inauus
619 2288 754 2383 qua:
784 2309 1065 2364 medentur
1089 2345 1104 2369 ,
1151 2317 1256 2356 non
1289 2296 1486 2369 poterit
1513 2291 1737 2349 mederi.
1777 2288 1852 2344 lta
1881 2300 1982 2356 ego

401 2421 634 2477 quoque,
663 2403 763 2457 nisi
792 2401 938 2470 prius
962 2412 1025 2451 os
1051 2393 1322 2463 inquinem
1350 2386 1494 2458 quod
1517 2382 1711 2439 vestris
1736 2378 1982 2434 medetur

403 2499 545 2552 vitiis
565 2536 581 2562 ,
615 2511 718 2549 non
750 2502 935 2562 potero
975 2486 1125 2542 vobis
1153 2481 1378 2538 mederi.
1416 2478 1530 2533 lmo
1572 2489 1703 2530 vero
1749 2487 1849 2526 nec
1879 2469 1981 2522 hoc

407 2587 715 2659 inquinatur
737 2626 752 2650 ,
801 2596 899 2636 nec
941 2579 1046 2634 illa:
1076 2590 1287 2630 manus.
1319 2570 1539 2637 Quare?
1562 2566 1827 2635 Quoniam
1875 2575 1981 2614 non

407 2690 490 2735 est
525 2676 780 2733 naturalis
811 2670 1141 2731 immunditia
1165 2708 1181 2731 ,
1213 2679 1388 2734 neque
1416 2677 1481 2716 ex
1506 2668 1694 2715 nostro
1718 2667 1946 2722 corpore
1965 2691 1981 2717 ,

406 2776 544 2827 sicut
569 2784 667 2825 nec
696 2768 802 2821 illic
825 2781 890 2819 ex
917 2761 1164 2817 manibus
1189 2757 1352 2822 illius,
1379 2751 1475 2808 sed
1504 2765 1568 2804 ex
1601 2747 1790 2802 alienis
1811 2758 1984 2799 mem-

409 2867 537 2920 bris.
577 2860 633 2917 Si
660 2868 834 2914 autem
868 2854 954 2910 ubi
985 2861 1070 2908 est
1098 2850 1332 2906 alienum
1359 2856 1589 2912 corpus,
1624 2854 1731 2894 non
1775 2843 1986 2892 recusat

409 2958 495 3011 ille
522 2968 648 3009 suas
672 2963 860 3004 manus
903 2947 1108 3016 tingere
1138 2958 1151 2994 :
1182 2939 1271 2995 ubi
1316 2945 1559 2992 nostrum
1585 2973 1601 3000 ,
1629 2931 1742 2995 die,
1764 2941 1980 2998 quaeso,

411 3040 817 3102 recusabimus?
856 3051 1053 3106 corpus
1078 3033 1220 3088 enim
1252 3038 1498 3084 nostrum
1545 3023 1675 3079 estis
1708 3035 1805 3075 vos
1829 3060 1844 3084 ,
1878 3018 1981 3072 im-

409 3137 656 3193 becillum
685 3130 899 3202 quidem
926 3138 975 3183 et
1004 3121 1360 3184 immundum,
1393 3116 1487 3172 sed
1517 3123 1694 3170 tamen
1720 3117 1982 3165 nostrum.

478 3229 531 3282 4.
565 3198 805 3293 Quid—est
821 3235 951 3289 ergo
978 3215 1120 3287 quod
1146 3213 1289 3275 dico,
1318 3219 1371 3265 et
1389 3224 1486 3264 cur
1509 3207 1648 3260 hanc
1673 3202 1772 3258 feci
1800 3198 1985 3254 admo~

411 3316 689 3373 nitiouem?
724 3312 937 3368 Vestem
960 3307 1173 3378 quidem
1206 3318 1365 3374 quam
1394 3299 1554 3354 habet
1583 3310 1794 3359 servus,
1823 3307 1983 3347 nutu-

409 3425 569 3480 quant
617 3408 756 3463 ferre
798 3407 850 3459 in
897 3403 1130 3457 animum
1175 3394 1482 3458 induxeris,
1532 3405 1651 3447 eam
1692 3387 1989 3441 abhorrens

413 3511 625 3573 prepter
654 3498 873 3562 sordes;
906 3494 1002 3549 sed
1043 3490 1297 3546 malueris
1322 3501 1443 3542 esse
1469 3482 1643 3538 nudus
1664 3520 1680 3547 ,
1708 3494 1865 3549 quatn
1901 3476 1989 3530 illa

417 3566 487 3647 nti
513 3566 532 3645 I:
569 3604 795 3659 corpore
837 3594 1013 3639 autem
1062 3580 1335 3635 unmuudo
1373 3586 1428 3643 et
1474 3572 1692 3628 sordido
1715 3611 1729 3635 ,
1764 3579 1818 3625 et
1848 3566 1989 3637 quod

418 3702 522 3737 non
570 3681 742 3734 solum
771 3688 926 3731 serVo
957 3686 1047 3726 tuo
1073 3712 1088 3736 ,
1138 3669 1231 3724 sed
1259 3667 1420 3723 etiam
1461 3664 1580 3717 aliis
1621 3658 1989 3715 inmunerabi-

417 3778 553 3828 libus
583 3781 666 3827 est
696 3771 810 3824 usui
837 3807 853 3831 ,
889 3763 1126 3820 abuteris
1146 3803 1161 3828 ,
1190 3770 1244 3816 et
1268 3775 1372 3813 nou
1398 3754 1754 3811 abhorrehis?
1781 3751 1992 3806 Pudore

416 3866 589 3921 allecti
619 3863 749 3918 estis
774 3856 1096 3914 audientes?
1146 3851 1253 3908 Sed
1285 3851 1337 3905 in
1381 3848 1536 3903 factis
1572 3845 1774 3915 pudore
1818 3840 1990 3896 affici-

421 3959 571 4022 mi..i,
601 3972 705 4009 non
734 3954 788 4007 in
818 3950 1014 4005 verbis.
1039 3947 1154 4001 Alia
1183 3943 1362 4000 omnia
1390 3936 1741 4010 prmtcrmitto
1765 3950 1781 3987 :
1810 3946 1993 3987 mores

421 4063 696 4119 perversos
721 4055 774 4099 et
800 4043 1055 4112 impuros,
1087 4037 1307 4104 reliqua:
1335 4032 1459 4085 vita:
1486 4026 1706 4098 agendae
1735 4024 1985 4080 servilem

422 4158 471 4199 et
502 4140 814 4197 illiberalem
841 4134 1123 4190 rationem.
1167 4129 1262 4183 Die
1284 4124 1437 4190 mihi,
1463 4132 1517 4178 tu
1544 4119 1787 4176 eamdem
1812 4117 1914 4171 inis
1941 4124 1998 4171 et

419 4249 604 4289 servus
637 4229 796 4284 tuus?
825 4235 881 4281 et
917 4225 1116 4278 utinam
1159 4218 1306 4275 solus
1335 4228 1523 4270 servus
1584 4221 1706 4265 tuus
1728 4249 1744 4275 ,
1793 4216 1851 4263 et
1889 4221 1994 4260 non

420 4329 580 4380 etiam
607 4320 846 4376 carnifex
890 4315 1151 4385 publicus.
1184 4309 1251 4364 Et
1277 4303 1544 4362 carnificis
1567 4300 1781 4372 quidem
1811 4312 2000 4352 manus

421 4429 606 4473 tenere
635 4429 740 4468 non
775 4408 996 4465 tuleris:
1027 4419 1146 4460 eam
1172 4411 1349 4456 autem
1375 4439 1391 4460 ,
1419 4411 1539 4466 quae
1568 4408 1730 4447 unum
1759 4406 1880 4446 cum
1905 4390 1998 4445 illo

421 4523 616 4579 corpus
649 4505 786 4559 facta
814 4510 897 4555 est
922 4540 936 4564 ,
967 4492 1307 4566 amplecteris
1341 4500 1393 4543 et
1421 4486 1781 4550 exoscularis,
1809 4491 1864 4538 et
1891 4496 1996 4535 non

421 4606 629 4671 horres,
662 4613 766 4651 non
797 4589 1101 4647 extimescis
1125 4628 1141 4654 ,
1190 4601 1294 4640 noa
1326 4583 1525 4652 pudore
1571 4579 1802 4633 afficeris
1826 4618 1842 4641 ,
1891 4591 1997 4629 non

421 4691 695 4751 erubescis
718 4730 735 4756 ,
764 4701 870 4742 non
901 4683 1111 4753 attgeris
1142 4694 1207 4734 ac
1233 4672 1614 4733 conturbaris?
1644 4669 1760 4725 Dixi
1782 4666 1997 4738 quidem

426 4782 736 4856 parentibus
762 4776 955 4833 vestris
999 4780 1055 4828 ut
1081 4786 1177 4826 vos
1205 4770 1311 4823 cito
1351 4766 1610 4820 ducerent
1645 4760 1711 4814 ad
1739 4759 1951 4828 nuptias
1984 4777 1996 4811 :

424 4846 521 4931 sed
550 4887 728 4929 tamen
758 4882 859 4924 nec
886 4880 980 4922 vos
1010 4862 1225 4933 quidem
1256 4857 1384 4912 estis
1409 4868 1517 4908 non
1542 4849 1758 4905 obnoxii
1788 4846 2000 4916 suppli-

426 4969 530 5021 eio.
573 4964 709 5020 Nam
746 4961 929 5016 sinon
957 4955 1050 5009 alii
1078 4958 1260 5008 essent
1304 4944 1459 5000 multi
1501 4942 1866 4996 adolescentes
1900 4951 1999 5007 pu-

427 5061 547 5112 dice
572 5063 629 5111 et
650 5064 797 5110 caste
821 5051 1062 5104 viventes
1086 5084 1100 5109 ,
1132 5050 1187 5096 et.
1226 5038 1353 5093 olim
1380 5045 1435 5090 et
1466 5047 1635 5098 nunc,
1679 5036 1826 5086 esset
1852 5028 2003 5083 vobis

429 5154 655 5202 fortasse
706 5142 883 5211 aliqua
930 5131 1205 5193 excusatio
1258 5142 1324 5183 ac
1375 5121 1617 5182 defensio
1665 5136 1681 5177 :
1731 5119 1778 5173 si
1827 5126 2003 5172 autem

427 5245 588 5301 sunt,
640 5210 909 5303 quomodo
955 5223 1198 5298 poteritis
1243 5219 1425 5275 dicere
1472 5228 1580 5270 non
1625 5210 1863 5281 potuisse
1910 5222 2004 5262 vos

428 5298 683 5384 cohibere
710 5323 978 5377 flammam
1017 5309 1325 5386 cupidinis?
1366 5305 1451 5362 Illi
1481 5319 1578 5360 vos
1625 5308 1880 5362 accusant
1915 5298 2005 5369 qui

429 5424 756 5489 potuerunt,
815 5409 959 5482 quod
1005 5408 1113 5463 sint
1166 5400 1410 5473 ejusdem
1456 5405 1661 5451 natura:
1692 5391 2004 5464 participes.

434 5479 627 5563 budite
651 5479 876 5562 Paulum
901 5499 1169 5555 dicentem
1198 5511 1213 5548 :
1241 5486 1517 5547 Sectenu'm'
1543 5501 1719 5556 pacem
1743 5492 1790 5536 et
1815 5479 2007 5536 sancti-

1086 362 1142 418 S.
1181 356 1456 415 JOANNIS
1492 352 1838 411 CIIRYSOST
1842 350 1960 406 0M1
1999 348 2311 405 ARCRIEP.
2353 344 2880 402 CONSTANTINOP.

3556 337 3679 421 423,

2084 461 2244 516 Vides
2271 461 2410 516 alios
2452 470 2707 531 perpetuo
2732 474 2853 516 esse
2881 459 3103 529 pudicos
3121 498 3137 523 ,
3181 466 3438 529 casteque
3469 467 3525 513 et
3564 458 3660 510 ba—

2079 565 2230 611 neste
2259 556 2455 626 degere
2484 572 2503 621 ;
2528 565 2582 610 et
2604 564 2659 609 tu
2687 570 2755 609 ne
2782 554 2849 608 ad
2872 552 3169 622 iuventutis
3195 551 3415 622 quidem
3444 561 3657 619 tempus

2079 658 2130 701 te
2164 646 2374 702 fortiter
2421 646 2610 716 geris?
2659 645 2808 700 vides
2844 645 2982 699 alios
3033 659 3156 698 cum
3208 643 3485 712 voluptate
3538 643 3661 698 esse

2079 738 2274 793 millies
2299 737 2617 793 colluctatos
2643 752 2659 802 ;
2694 744 2751 792 et
2776 744 2830 790 tu
2855 750 2924 790 ne
2952 735 3120 789 semel
3144 733 3363 805 quidem
3387 734 3661 788 sustines?

2077 829 2133 886 Si
2169 830 2347 894 vultis,
2375 829 2548 885 dicam
2573 843 2813 885 causam.
2854 826 2970 882 Non
2998 827 3140 881 enim
3170 841 3332 880 causa
3358 836 3440 881 est
3462 825 3665 895 juven-

2081 929 2167 975 tus
2209 938 2228 983 ξ
2271 919 2471 990 alioqui
2507 932 2698 975 omnes
2736 917 2964 988 juvenes
3014 915 3175 971 futuri
3215 925 3373 971 erant
3408 917 3663 986 impudici

2080 1020 2136 1067 et
2161 1012 2594 1068 incontinentes:
2628 1011 2722 1067 sed
2759 1027 2859 1067 nos
2886 1012 3031 1081 ipsus
3066 1010 3119 1064 in
3148 1025 3335 1081 rogum
3368 1010 3659 1080 injiciinus.

2078 1104 2304 1171 Quando
2371 1105 2519 1159 enim
2537 1105 2593 1159 in
2642 1104 2908 1160 theatrum
2953 1101 3260 1160 ascenderis
3283 1141 3300 1168 ,
3344 1111 3400 1156 et
3455 1101 3663 1157 sederis

2081 1194 2240 1249 nudis
2269 1195 2549 1250 mulierum
2578 1194 2836 1253 membris
2861 1209 3090 1264 pascens
3110 1193 3297 1250 oculos
3318 1233 3334 1258 ,
3356 1192 3425 1249 ad
3454 1203 3662 1263 tempus

2079 1285 2296 1354 quidem
2345 1287 2579 1352 lzetaris;
2621 1297 2804 1355 postea
2852 1295 3033 1341 autem
3074 1286 3222 1341 illine
3270 1301 3519 1357 magnam
3561 1287 3661 1343 alis

2084 1375 2304 1432 febrem.
2363 1377 2496 1431 Cum
2536 1377 2735 1433 videris
2774 1377 3027 1433 mulieres
3066 1384 3333 1447 tamquam
3380 1377 3434 1431 in
3482 1378 3662 1446 specie

2082 1470 2325 1540 corporis
2352 1479 2691 1540 apparentes,
2736 1479 2792 1526 et
2824 1469 3137 1540 spectacula
3182 1477 3239 1524 et
3266 1468 3474 1523 cantica
3499 1509 3516 1535 ,
3543 1485 3662 1537 qua:

2083 1560 2213 1614 nihil
2247 1560 2387 1615 aliud
2429 1560 2628 1616 habent
2655 1575 2815 1631 quam
2845 1574 3060 1616 amores
3105 1558 3385 1625 nefarios;
3430 1575 3658 1629 nempe:

2085 1651 2210 1717 Illa,
2244 1651 2434 1720 inquit,
2468 1650 2607 1705 hunc
2645 1650 2880 1715 amavit,
2923 1658 2978 1705 et
3005 1665 3111 1704 non
3141 1658 3221 1705 est
3249 1650 3450 1720 pontus
3471 1691 3487 1716 ,
3522 1660 3575 1704 et
3602 1664 3664 1705 se

2083 1741 2399 1806 sutiocavit;
2453 1751 2508 1797 et
2557 1741 2624 1796 ad
2675 1750 2876 1797 matres
2922 1740 3158 1796 nefarios
3216 1739 3499 1796 devolutos
3544 1756 3666 1796 esse

2082 1848 2294 1888 amores
2322 1852 2337 1886 :
2378 1833 2593 1904 quando
2622 1841 2678 1889 et
2706 1834 2923 1888 auribus
2954 1832 3073 1889 hac
3113 1833 3388 1904 acceperis
3416 1875 3432 1898 ,
3484 1844 3538 1888 et
3568 1849 3666 1904 per

2084 1926 2359 1992 mulieres,
2385 1935 2439 1981 et
2463 1939 2561 1995 per
2583 1931 2786 1997 gestus,
2818 1923 3033 1979 habitus
3055 1933 3108 1979 et
3139 1925 3337 1994 figuras
3356 1964 3372 1991 ,
3398 1924 3510 1994 jam
3536 1941 3667 1979 vero

2083 2018 2243 2073 etiam
2276 2030 2371 2086 per
2400 2018 2544 2072 viros
2571 2032 2771 2083 senes;
2801 2017 2955 2072 multi
2979 2016 3120 2073 enim
3162 2016 3325 2072 larvis
3355 2016 3456 2072 sibi
3491 2017 3667 2089 impo-

2084 2110 2201 2165 sitis
2230 2110 2337 2165 illie
2364 2118 2528 2180 agunt
2555 2111 2805 2166 mulieres
2837 2128 2850 2164 :
2883 2109 3151 2181 quomodo
3182 2111 3381 2179 poteris
3405 2112 3514 2181 jam
3545 2127 3669 2169 esse

2088 2200 2308 2270 pudicus
2337 2210 2393 2256 et
2419 2208 2726 2269 temperans
2747 2241 2761 2264 ,
2787 2216 2909 2256 cum
2942 2201 3029 2255 illa
3056 2202 3356 2270 Spectacula
3386 2243 3404 2269 ,
3434 2204 3537 2259 illa:
3566 2220 3666 2259 au-

2086 2293 2316 2349 ditiones
2362 2294 2598 2347 animum
2647 2304 2797 2348 tuum
2839 2303 3103 2362 occupent
3146 2307 3211 2349 ac
3272 2295 3569 2365 detineant,
3616 2308 3673 2353 et

2087 2395 2272 2454 postea
2316 2385 2436 2439 talia
2481 2385 2687 2440 somnia
2717 2384 3031 2455 excipiant?
3072 2400 3104 2439 a
3152 2395 3343 2441 natura
3391 2388 3533 2442 enim
3585 2399 3672 2443 est

2089 2475 2305 2529 insitum
2356 2483 2415 2531 ut
2458 2475 2670 2530 animus
2713 2475 2877 2529 multa
2925 2475 3186 2546 ejusmodi
3217 2477 3424 2534 visione
3469 2495 3667 2550 apprc-

2091 2568 2290 2620 hendat
2318 2608 2335 2631 ,
2360 2565 2658 2634 cuiusmodi
2691 2565 2918 2621 interdiu
2938 2566 3050 2621 vult
3076 2577 3127 2622 et
3154 2569 3504 2640 concupiscit.
3533 2572 3664 2626 Cum

2089 2671 2217 2725 ergo
2247 2657 2356 2711 illic
2393 2666 2447 2712 et
2475 2671 2564 2713 res
2609 2658 2893 2712 obscaenas
2935 2658 3140 2723 videas,
3180 2668 3234 2713 et
3279 2660 3440 2715 verba
3485 2662 3669 2716 audias

2090 2747 2446 2810 obscaauiora,
2465 2758 2521 2803 et
2537 2747 2758 2803 vulnera
2777 2748 2989 2817 quidem
3010 2749 3262 2818 accipias,
3286 2751 3669 2806 medicamenta

2089 2848 2266 2893 autem
2296 2852 2398 2892 non
2426 2837 2669 2907 imponas
2694 2854 2708 2890 :
2733 2838 2825 2907 qui
2856 2838 2964 2892 fieri
2995 2848 3171 2907 potest
3192 2848 3249 2892 ιιι
3277 2856 3384 2894 non
3413 2853 3672 2912 augeatur

2092 2928 2318 2999 putredo
2342 2967 2357 2993 ,
2389 2938 2443 2983 et
2470 2929 2690 2983 morbus
2720 2944 2824 2983 non
2856 2927 3185 2991 intendatur,
3217 2938 3271 2984 et
3299 2931 3470 2984 multo
3499 2932 3672 3003 magis

2091 3034 2248 3088 quam
2278 3020 2328 3074 in
2361 3019 2558 3073 nostris
2587 3019 2938 3088 corporibus?
2977 3018 3209 3074 Facilius
3237 3021 3402 3085 enim,
3433 3022 3477 3075 si
3511 3024 3673 3078 velle-

2093 3126 2210 3164 mus
2234 3150 2250 3175 ,
2289 3125 2449 3179 quam
2473 3125 2696 3178 corpora
2724 3151 2739 3174 ,
2784 3110 3010 3165 liberum
3041 3110 3319 3167 arbitrium
3368 3115 3668 3183 susciperet

2092 3202 2503 3256 correctionem.
2547 3200 2680 3255 Nam
2710 3200 2817 3255 illic
2845 3196 3060 3269 quidem
3086 3211 3142 3256 et
3170 3203 3577 3259 medicamentis
3619 3216 3674 3259 et

2099 3292 2326 3346 medicis
2356 3301 2411 3345 et
2441 3304 2681 3361 tempore
2708 3306 2845 3361 opus
2871 3301 2954 3346 est
2979 3308 2993 3345 :
3040 3293 3124 3348 hic
3152 3288 3328 3349 autem
3363 3293 3560 3367 δαείω
3587 3338 3602 3361 ,
3628 3299 3670 3349 si

2095 3381 2347 3446 volueris,
2377 3391 2433 3436 et
2461 3381 2633 3437 bonus
2661 3396 2782 3437 esse
2806 3390 2862 3437 et
2888 3384 3080 3438 malus.
3121 3383 3479 3451 Quamobrem
3524 3402 3671 3441 mor-

2095 3474 2219 3529 bum
2249 3473 2420 3545 magis
2447 3473 2722 3543 accepisti.
2766 3472 2901 3552 cum
2930 3489 3060 3543 ergo
3086 3490 3150 3529 ea
3178 3490 3298 3544 quae
3327 3475 3523 3531 laedunt
3553 3477 3669 3546 qui-

2065 3604 2069 3607 μ
2095 3566 2216 3621 dem
2243 3566 2583 3635 congerimus
2608 3606 2624 3631 ,
2671 3580 2859 3621 eorum
2888 3578 3066 3621 autem
3097 3582 3217 3637 quae
3253 3567 3443 3637 juvant
3473 3568 3667 3623 nullam

2096 3656 2341 3716 ducimus
2370 3657 2634 3713 rationem
2660 3697 2677 3723 ,
2704 3655 2921 3726 quando
2968 3657 3071 3712 erit
3119 3656 3226 3712 ulla
3254 3658 3499 3714 sanitas?
3541 3659 3673 3714 Pro-

2099 3757 2283 3819 pterea
2300 3748 2497 3803 Paulus
2513 3762 2727 3819 quoque
2743 3747 2950 3803 dicebat
2972 3765 2986 3801 :
3011 3747 3354 3819 Sicut‘gentes
3372 3767 3486 3820 qua
3509 3750 3675 3806 Deum

2097 3854 2199 3894 non
2229 3850 2433 3893 norunt.
2462 3839 2674 3894 Pudore
2700 3837 3092 3904 suffundamur,
3122 3848 3330 3896 terrore
3352 3841 3666 3908 afficiantur,

2098 3931 2141 3983 si
2171 3940 2359 4000 gentes
2398 3943 2516 3999 quae
2557 3928 2724 3984 Deum
2755 3944 2859 3982 non
2899 3937 3090 3983 norunt
3132 3943 3279 4000 saepe
3308 3939 3435 3985 sunt
3472 3931 3676 4000 pudica:

2098 4033 2152 4077 et
2203 4031 2607 4091 temperantes;
2659 4020 3041 4076 erubescamus
3090 4036 3212 4077 cum
3265 4021 3371 4076 illis
3418 4021 3676 4077 fuerimus

2099 4114 2414 4170 deteriores.
2448 4112 2627 4168 Facile
2646 4122 2729 4168 est
2755 4113 2809 4167 in
2839 4111 3092 4182 pudicitia
3119 4120 3172 4168 et
3203 4112 3549 4183 temperantia
3580 4130 3681 4168 nos

2104 4215 2248 4261 recte
2273 4219 2483 4271 gerere,
2515 4204 2559 4256 si
2586 4203 2813 4257 velimus
2833 4243 2847 4265 ,
2891 4202 2935 4256 si
2965 4217 3064 4258 nos
3092 4204 3237 4273 ipsos
3259 4203 3587 4259 abducamus
3610 4205 3677 4259 ab

2103 4298 2169 4353 iis
2199 4312 2318 4366 qua:
2348 4296 2548 4351 laedunt
2577 4314 2590 4349 :
2620 4295 2816 4363 alioqui
2857 4309 2958 4349 nec
3002 4294 3384 4350 sem-tationem
3417 4295 3574 4351 facile
3597 4306 3679 4351 est

2104 4387 2288 4457 fugere
2315 4427 2331 4453 ,
2360 4388 2403 4441 si
2434 4387 2684 4440 nolimus.
2733 4385 2870 4450 Quid
2898 4393 2983 4439 est
3009 4387 3150 4440 enim
3175 4384 3388 4440 facilius
3413 4400 3571 4456 quam
3601 4386 3681 4442 ire

2105 4477 2172 4532 ad
2201 4477 2416 4531 forum?
2441 4474 2535 4528 sed
2575 4474 2645 4529 ob
2673 4485 2909 4529 nostram
2939 4475 3202 4544 ignaviam
3233 4486 3287 4530 et
3316 4476 3595 4530 mollitiem
3623 4477 3683 4530 ﬁt

2104 4564 2343 4628 difficile,
2378 4579 2482 4618 non
2510 4564 2682 4617 solum
2720 4562 2964 4628 feminis,
3020 4564 3113 4618 sed
3145 4565 3306 4618 etiam
3351 4564 3506 4619 viris.
3546 4565 3681 4633 Quid

2106 4656 2312 4711 facilius
2352 4671 2511 4725 quam
2559 4653 2836 4709 dormire?
2877 4654 2973 4708 sed
3023 4654 3124 4709 hoe
3152 4670 3364 4725 quoque
3412 4655 3685 4711 eil‘ecimus

2106 4748 2343 4803 difficile.
2379 4746 2526 4802 Multi
2553 4745 2765 4815 quidem
2808 4756 2955 4800 certe
2989 4745 3183 4800 divites
3219 4755 3327 4800 tota
3377 4755 3535 4801 nocte
3576 4746 3684 4800 cir-

2108 4848 2460 4907 cumaguntur
2487 4879 2500 4900 ,
2528 4852 2594 4891 eo
2621 4834 2764 4906 quod
2790 4851 2895 4890 non
2923 4844 3237 4905 exspectent
3266 4851 3420 4891 usum
3464 4838 3637 4892 somni
3666 4879 3680 4904 ,

2109 4940 2165 4985 et
2193 4938 2317 4982 tunc
2360 4926 2647 4983 dormiant.
2695 4925 2765 4979 Et
2793 4927 2846 4979 in
2877 4941 3085 4979 summa
3133 4926 3266 4981 nihil
3309 4938 3392 4982 est
3431 4927 3677 4992 difficile,

2109 5020 2152 5074 si
2191 5034 2291 5073 nos
2316 5018 2578 5081 velimus;
2604 5015 2734 5069 nihil
2766 5014 2938 5080 facile,
2968 5016 3011 5069 si
3041 5017 3271 5071 nolimus
3298 5034 3313 5070 :
3342 5018 3522 5071 omnia
3546 5018 3689 5072 enim

2111 5120 2235 5165 sunt
2281 5109 2331 5162 in
2385 5117 2565 5163 nostra
2623 5115 2907 5175 potestate.
2962 5107 3255 5177 Propterea
3305 5109 3435 5165 dicit
3477 5125 3693 5180 quoque

2113 5201 2387 5291 Scriptura
2413 5240 2428 5264 ,
2461 5198 2523 5255 Si
2561 5199 2722 5253 velitis
2746 5240 2763 5264 ,
2806 5199 3017 5268 inquit,
3068 5209 3117 5253 et
3145 5216 3224 5253 me
3261 5200 3526 5269 audiatis(
3556 5200 3692 5255 1εαί.

2115 5291 2168 5346 1.
2210 5290 2300 5360 l9)
2326 5307 2341 5349 ;
2370 5298 2426 5345 et
2452 5304 2639 5344 rursus
2663 5330 2679 5356 ,
2710 5289 2771 5342 Si
2800 5289 2993 5354 nolitis,
3022 5305 3113 5342 nec
3135 5306 3212 5342 me
3231 5289 3473 5344 audiatis.
3502 5290 3694 5345 Totum

2114 5399 2243 5454 ergo
2275 5385 2434 5438 situm
2458 5391 2543 5438 est
2571 5382 2624 5436 in
2673 5397 2740 5436 eo
2768 5380 2912 5450 quod
2940 5389 3024 5436 est
3067 5381 3204 5437 velle
3246 5391 3302 5437 et
3342 5382 3490 5437 nolle
3519 5401 3536 5438 :
3568 5398 3696 5451 pro-

2119 5484 2302 5545 pterea
2323 5481 2380 5528 et
2406 5471 2652 5542 punimur
2673 5480 2729 5526 et
2751 5469 3050 5525 laudamur.
3080 5469 3234 5524 Faxit
3255 5480 3435 5525 autem
3464 5471 3623 5535 Deus,
3641 5478 3696 5525 ut

2117 5578 2239 5618 cum
2259 5561 2517 5618 fuerimus
2539 5575 2606 5616 ex
2636 5560 2702 5616 iis
2724 5559 2815 5629 qui
2840 5557 3145 5623 laudantur,
3171 5572 3525 5629 assequamur
3550 5560 3694 5614 bona

2128 5655 2408 5725 promissa,
2439 5653 2605 5725 gratia
2636 5660 2691 5708 et
2718 5651 3045 5723 benignitate
3069 5692 3082 5716 ,
3114 5658 3219 5704 etc.

1994 5808 2185 5818 .___-_...
