4010 6142
363 304 468 362 ιει

431 420 498 473 Τί
543 417 756 487 λέγεις;
790 409 1115 482 ’Δνάσχεσθέ
1147 406 1250 480 μού
1279 424 1332 461 τι
1374 406 1469 461 καὶ
1501 405 1831 477 ἀκάθαρτον,
1863 404 1939 468 ώς

362 507 560 570 εἰπεῖν,
612 500 1013 574 φθεγγομένου,
1068 499 1165 550 καὶ
1224 492 1808 563 ἀπαναισχυντοῦντος,
1844 488 1940 544 καί⁵

364 591 805 665 άπερυθριῶντος
824 604 838 618 ’
867 588 929 641 οὐ
957 586 1066 657 7&9
1095 582 1237 637 ἐκὼν
1265 581 1423 635 τοῦτο
1454 580 1669 649 πάσχω,
1696 577 1832 631 ἀλλά
1852 576 1943 631 διά

364 683 491 744 τοὺς
533 681 634 732 ούκ
663 675 1085 746 αἰσχυνομένους
1119 670 1186 724 τά
1233 668 1559 740 πράγματα,
1605 665 1671 719 τά
1719 666 1942 735 ῥήματα

365 767 526 831 αὐτὸς
579 760 963 832 ἀναγκάζομαι
994 760 1193 827 λέγειν.
1246 756 1424 811 Πολλά
1469 754 1526 808 δέ
1571 753 1667 807 καὶ
1721 754 1779 806 ἐν
1820 754 1942 815 ταῖς

366 855 610 925 Γραφαῖς
650 848 867 921 ἐρῶμεν
893 845 1143 901 τοιαῦτα.
1173 845 1286 899 Καὶ
1319 845 1428 914 γάρ
1474 842 1569 896 καὶ
1614 842 1644 894 ό
1680 838 1943 910 Ἰεζεκιὴλ

365 939 635 1003 ὀνειδίζων
662 936 764 1008 τὴν
799 933 1181 1004 Ἰερουσαλὴμ,
1234 930 1408 984 πολλά
1445 927 1673 982 τοιαῦτα
1711 927 1945 996 φθέγγε-

362 1047 473 1094 ται,
506 1028 603 1080 καὶ
640 1024 742 1079 οὐκ
782 1022 1131 1093 αἰσχύνεται⁹
1163 1019 1258 1073 καὶ
1310 1017 1577 1080 εἰκότως·
1612 1015 1674 1067 o6
1721 1014 1833 1085 7&9
1884 1013 1944 1079 ἐξ

363 1115 569 1170 οἰκείου
618 1113 827 1175 πάθους
866 1109 1007 1164 αύτά
1052 1107 1261 1176 ἐλεγεν,
1295 1106 1412 1161 ἀλλ’
1437 1104 1547 1159 ἀπὸ
1593 1102 1941 1172 κηδεμονίας.

364 1200 518 1274 [464]
550 1199 667 1254 Κᾶν
693 1197 803 1268 7&9
843 1196 913 1250 τὰ
948 1196 1169 1267 ῥήματα
1196 1193 1327 1264 δοκῇ
1367 1186 1508 1245 εἷναι
1551 1189 1798 1261 ἀπρεπῆ,
1826 1187 1944 1241 ἀλλ’

360 1291 394 1342 ὃ
423 1287 624 1349 σκοπὸς
653 1286 754 1338 οὐκ
795 1282 1070 1355 ἀπρεπὴς,
1115 1280 1252 1334 ἀλλά
1302 1279 1397 1332 καὶ
1444 1275 1653 1346 σφόδρα
1686 1274 1945 1346 ἁρμόζων

360 1373 444 1444 τῷ
482 1371 795 1445 βουλομένῳ
821 1366 1164 1440 ἀκαθαρσίαν
1193 1364 1443 1420 ἐκϐαλεῖν
1479 1361 1659 1433 ψυχῆς
1679 1378 1693 1393 ·
1735 1361 1803 1416 ἂν
1835 1360 1945 1430 7&9

367 1460 448 1532 μὴ
485 1458 627 1515 αὒτά
676 1458 745 1512 τά
797 1457 1018 1526 ῥήματα
1046 1452 1254 1525 ἀκούσῃ
1306 1453 1341 1521 ἡ
1374 1449 1730 1521 ἀναίσχυντος
1774 1447 1945 1519 ψυχὴ,

367 1549 470 1603 ούκ
517 1546 855 1615 ἐντρέπεται.
886 1541 999 1597 Καὶ
1028 1540 1138 1612 γάρ
1190 1537 1373 1610 ἰατρὸς
1408 1536 1731 1608 βουλόμενος
1776 1550 1947 1604 σηπε-

367 1635 495 1689 δόνα
550 1631 796 1686 ἐκϐαλεῖν
819 1670 836 1696 ,
882 1629 1144 1700 πρότερον
1202 1626 1330 1689 τοὺς
1395 1623 1692 1685 δακτύλους
1751 1622 1832 1684 εἰς
1885 1618 1948 1673 τὸ

364 1722 590 1795 τραῦμα
644 1717 900 1788 καθίησι,
946 1714 1052 1769 κᾶν
1124 1711 1199 1785 μὴ
1264 1712 1527 1783 πρότερον
1587 1706 1791 1780 μολύνῃ
1847 1706 1948 1795 τάς

370 1793 608 1881 ἰωμένας
638 1809 847 1878 χεῖρας,
872 1801 1129 1858 ἰάσασθαι
1156 1800 1217 1855 οὐ
1246 1800 1556 1871 δυνήσεται.
1588 1795 1744 1850 υΰτω
1768 1793 1946 1864 κάγὼ,

370 1897 438 1949 ἂν
467 1893 541 1965 μὴ
575 1893 841 1964 πρότερον
871 1889 933 1943 τὺ
961 1888 1138 1957 στόμα
1186 1886 1403 1958 μολύνω
1426 1885 1489 1939 τὸ
1538 1883 1771 1953 ἰώμενον
1795 1883 1951 1952 ὑμῶν

368 1985 439 2037 τά
476 1982 647 2052 πάθη,
676 1981 737 2035 οὑ
766 1980 1068 2049 δυνήσομαι
1118 1978 1262 2047 ὑμᾶς
1315 1974 1589 2031 ἰάσασθαι.
1626 1971 1844 2027 Μᾶλλον
1894 1970 1952 2024 δὲ

368 2071 495 2125 οὐδὲ
523 2070 681 2123 τοῦτο
718 2067 1024 2138 μολύνεται,
1050 2064 1183 2120 οὔτε
1220 2065 1427 2118 ἐκεῖναι
1450 2064 1507 2116 αἰ
1538 2063 1739 2133 χεῖρες.
1766 2060 1831 2113 Τί
1859 2059 1952 2129 δὴ·-

374 2173 540 2223 ποτες
570 2159 694 2209 Ὅτι
735 2155 835 2209 οὐκ
864 2153 1012 2207 ἐστιν
1050 2154 1084 2223 ἡ
1121 2150 1433 2222 ἀκαθαρσία
1477 2149 1701 2220 φυσικὴ,
1731 2147 1854 2202 ούδέ
1889 2148 1954 2200 ἐκ

374 2243 477 2299 ἰῖοῦ⁴
507 2241 781 2312 ἡμετέρου
825 2238 1078 2309 σώματος
1109 2250 1158 2303 ι,
1210 2236 1401 2307 ὥσπερ
1434 2235 1554 2289 οὑδέ
1583 2236 1700 2288 ἐκεῖ
1741 2235 1807 2287 ἐκ
1845 2232 1955 2287 τῶν

376 2329 589 2384 ἐκείνου
615 2325 836 2398 χειρῶν,
860 2325 975 2378 ἀλλ’
1004 2324 1063 2391 ἐξ
1095 2321 1416 2394 ἀλλοτρίων.
1450 2321 1513 2375 Εἰ
1548 2320 1605 2374 δέ
1636 2319 1763 2373 ἔνθα
1801 2318 1957 2373 ἀλλό-

372 2434 527 2488 τριον
571 2414 751 2484 σῶμα,
793 2413 853 2466 o6
894 2413 1245 2482 παραιτεῖται
1290 2411 1496 2472 ἐκεῖνος
1543 2407 1809 2478 βαπτίσαι
1858 2407 1957 2469 τὰς

371 2502 569 2557 ἐαυτοῦ
616 2504 836 2572 χεῖραςο
871 2498 1002 2552 ἔνθα
1037 2498 1099 2550 τὸ
1150 2497 1418 2567 ἡμέτερον
1452 2494 1633 2565 σῶμα,
1679 2509 1956 2565 παραιτη-

373 2588 603 2659 σόμεθα,
627 2585 749 2639 εἰπέ
789 2600 913 2654 μοι;
953 2583 1113 2653 σῶμα
1148 2582 1258 2652 γὰρ
1292 2581 1557 2651 ἡμέτερον
1589 2581 1764 2650 ὑμεῖς,
1793 2579 1955 2633 ἀσθε-

368 2676 461 2739 νὲς
489 2674 591 2745 μὲν
618 2673 714 2727 καὶ
746 2670 1074 2740 ἀκάθαρτον,
1105 2670 1369 2740 ἡμέτερον
1405 2668 1487 2722 δέ.

440 2807 507 2863 δ’.
531 2805 597 2859 Τί
623 2800 718 2858 οὖν
751 2804 897 2856 ἐστιν
916 2803 947 2857 ὅ
965 2819 1130 2873 φημι,
1148 2801 1242 2856 καὶ
1266 2800 1333 2855 δι’
1360 2799 1389 2854 δ
1407 2797 1675 2871 τοσαύτην
1695 2798 1956 2868 ἐποιησά-

373 2907 487 2963 μην
537 2876 887 2959 παραίνεσιν;
933 2886 1057 2938 Ὅτι
1090 2884 1305 2953 ἱμάτιον
1340 2883 1464 2954 μὲν,
1509 2882 1646 2954 ὅπερ
1710 2883 1739 2935 ὁ
1770 2881 1956 2945 δοῦλος

370 2974 515 3043 εχει,
558 2973 664 3025 οὐκ
692 2969 759 3024 ἀν
787 2967 930 3022 ἐλοιό
977 2983 1109 3022 ποτε
1156 2966 1385 3037 φορέσαι
1421 2963 1837 3036 βδελυττόμενος
1868 2964 1957 3017 διά

370 3057 470 3109 τὸν
502 3053 691 3126 ῥύπον,
708 3050 820 3106 ἀλλ’
843 3050 985 3105 ἐλοιο
1012 3049 1077 3103 ἂν
1109 3048 1316 3120 γυμνδς
1339 3043 1502 3111 εἶναι,
1532 3047 1566 3118 ἢ
1592 3047 1789 3118 ἐκείνῳ
1820 3047 1956 3117 χρή-

373 3139 580 3193 σασθαι
596 3154 612 3169 ι
639 3134 925 3207 σώματιδέ
962 3132 1259 3203 ἀκαθάρτῳ
1275 3131 1370 3185 καὶ
1395 3129 1648 3203 ῥυπαρῷ,
1671 3130 1767 3182 καί⁸
1786 3130 1849 3182 ού
1878 3128 1957 3200 τῷ

368 3220 532 3276 saw}.
572 3217 652 3289 τῷ
707 3216 785 3289 σῷ
828 3216 1010 3288 μόνον,
1054 3213 1192 3269 ἀλλά
1245 3213 1460 3283 μυρίοις
1516 3210 1724 3281 ἑτέροις
1764 3226 1958 3281 χρησι-

369 3303 600 3374 μεύοντι
641 3299 965 3371 καταχρὴσῃ
984 3336 1003 3362 ,
1043 3297 1140 3352 καὶ
1188 3296 1250 3349 06
1306 3290 1567 3374 βδελύξῃ;
1619 3291 1958 3374 ᾜσχύνθητε

369 3373 740 3448 ἀκούσαντεςς
781 3379 922 3433 Ἀλλ’
952 3381 1011 3432 ἐν
1050 3381 1162 3440 τοῖς
1202 3377 1385 3448 ἔργοις
1414 3373 1759 3446 αἰσχύνθητε,
1791 3374 1867 3445 μὴ
1899 3375 1957 3426 ἐν

367 3472 490 3531 τοῖς
524 3467 752 3538 ῥήμασι.
796 3463 906 3516 Καὶ
942 3462 1012 3515 τά
1058 3461 1195 3517 ἀλλα
1226 3461 1405 3513 πάντα
1454 3456 1714 3528 παρίημι,
1746 3456 1807 3510 τὸ
1850 3455 1959 3509 τῶν

369 3550 531 3620 ἠθῶν
555 3549 854 3618 δύστροπον
895 3544 987 3598 καί
1019 3543 1234 3614 μιαρὸν,
1259 3541 1321 3595 τὸ
1343 3540 1444 3610 τῆς
1473 3540 1640 3609 ἄλλης
1672 3538 1816 3609 ζωῆς
1840 3538 1961 3593 δου-

372 3632 534 3685 λικδν
559 3629 655 3683 καὶ
678 3625 1053 3695 ἀνελεύθερον.
1079 3623 1215 3677 Εἰπέ
1251 3640 1360 3695 μοι,
1386 3623 1522 3693 πρὸς
1541 3624 1642 3694 τὴν
1669 3621 1840 3690 αὐτὴν
1867 3621 1961 3674 καὶ

376 3715 485 3767 καὶ
504 3713 569 3765 σὺ
599 3712 695 3764 καὶ
727 3710 756 3760 ὁ
781 3707 998 3776 οἰκέτης
1017 3709 1045 3760 ὁ
1072 3706 1192 3769 σός;
1219 3707 1312 3760 καὶ
1343 3705 1453 3759 εῖθε
1481 3708 1510 3759 ό
1532 3704 1752 3775 οἰκέτης
1778 3703 1959 3773 μόνον,

376 3794 527 3850 ἀλλά
562 3793 655 3847 καὶ
692 3793 722 3844 ό
749 3790 960 3859 δήμιος.
991 3788 1097 3841 Καὶ
1129 3791 1317 3857 χεῖρας
1364 3788 1461 3858 μέν
1500 3786 1595 3840 τοῦ
1623 3786 1821 3857 δημίου
1863 3785 1962 3839 οὐκ

376 3877 451 3931 ἂν
483 3876 736 3945 ἀνάσχοιο
766 3874 1086 3944 κατασχεῖν·
1126 3869 1224 3942 τὴν
1253 3869 1309 3923 δὲ
1344 3869 1403 3925 ἓν
1446 3871 1639 3940 ἐκείνῳ
1683 3869 1843 3939 σῶμα
1875 3885 1959 3938 γε-

373 3959 622 4031 νομένην
650 3955 958 4028 περιπλέκῃ
998 3956 1092 4008 καὶ
1135 3954 1474 4022 καταφιλεῖς,
1502 3955 1599 4007 καὶ
1628 3952 1689 4006 ού
1721 3952 1964 4022 φρίττεις

368 4042 508 4097 οὐδὲ
551 4040 832 4103 δέδοικας;
855 4038 955 4091 οὐκ
992 4036 1244 4108 αἰσχύνῃ,
1268 4037 1371 4089 οὐκ
1397 4037 1659 4106 ἐντρέπῃ,
1682 4035 1783 4089 οὐκ
1820 4036 1966 4102 ἀγω-

368 4126 533 4196 νιᾷςς
558 4119 724 4176 Εἶπον
761 4121 861 4191 μὲν
891 4119 1025 4190 πρὸς
1057 4123 1184 4183 τοὺς
1212 4118 1454 4189 πατέρας
1484 4118 1611 4181 τοὺς
1643 4116 1963 4188 ὑμετέρους,

366 4211 464 4265 ὅτι
512 4210 597 4263 δεῖ
639 4207 849 4277 ταχέως
879 4205 1014 4276 πρὸς
1042 4204 1222 4274 γάμον
1268 4203 1425 4270 ἄγειν
1468 4203 1644 4273 ύμᾶς·
1675 4201 1790 4255 ἀλλ’
1816 4202 1965 4271 ὅμως

366 4295 505 4348 οὐδὲ
535 4295 696 4362 ὑμεῖς
725 4290 1007 4344 ἀνεύθυνοι
1051 4289 1147 4358 τῆς
1177 4288 1472 4352 κολάσεως.
1517 4288 1582 4341 Εἰ
1618 4286 1729 4357 7&9
1768 4285 1845 4356 μὴ
1872 4285 1966 4338 καὶ

368 4376 538 4431 ἄλλοι
565 4375 678 4428 νέοι
704 4372 905 4445 μᾶλλον
920 4366 1060 4444 ἦσαν
1082 4369 1273 4425 πολλοὶΙ
1296 4372 1354 4422 ἐν
1388 4369 1711 4441 σωφροσύνῃ
1742 4368 1964 4433 ζῶντες,

369 4461 475 4514 καὶ
511 4457 687 4512 πάλαι
717 4458 813 4510 καὶ
841 4456 960 4522 νῦν,
989 4457 1118 4517 ἴσως
1141 4453 1205 4509 άν
1230 4470 1315 4517 τις
1336 4454 1466 4524 ύμῖν
1494 4450 1564 4523 ἦν
1592 4451 1858 4518 ἀπολογία
1878 4467 1891 4482 ·
1917 4451 1967 4502 εἰ

366 4541 430 4597 δέ
460 4542 600 4603 εἰσὶ,
628 4539 791 4595 πόθεν
819 4538 971 4602 ἕξετε
1005 4538 1204 4601 εἰπεῖν,
1231 4536 1315 4590 ὅτι
1349 4535 1451 4588 οὐκ
1491 4534 1837 4604 ἠδυνήθημεν
1868 4549 1967 4585 κα-

366 4625 605 4693 τασχεῖν
632 4620 730 4692 τὴν
758 4620 931 4690 φλόγα
958 4620 1055 4688 τῆς
1083 4616 1405 4687 ἐπιθυμίαςς
1445 4616 1671 4669 Ἐκεῖνοι
1694 4615 1803 4683 7&9
1838 4631 1969 4667 κατ-

365 4703 682 4780 ηγοροῦσιν
725 4704 879 4775 ὑμῶν
936 4703 986 4756 οἱ
1027 4701 1368 4772 δυνηθέντες,
1405 4698 1485 4769 τῷ
1526 4699 1626 4770 τῆς
1666 4696 1839 4766 αὐτῆς
1865 4694 1966 4780 φύ-

368 4777 521 4851 σεως
560 4786 827 4856 μετέχειν.
861 4783 1112 4837 Ἀκούετε
1141 4782 1233 4836 τοῦ
1253 4781 1465 4835 Παύλου
1492 4780 1741 4849 λέγοντος
1760 4794 1774 4809 ⁸
1797 4777 1966 4846 Εἰρήο

363 4888 498 4938 νην
530 4867 774 4921 διώκετε
806 4867 904 4921 καί
944 4868 1051 4920 τὸν
1082 4865 1402 4934 ἁγιασμόν,
1442 4858 1514 4919 οὗ
1545 4862 1724 4931 χωρὶς
1763 4860 1964 4927 οὐδεὶς

366 4956 603 5022 ὄψεται
632 4950 740 5002 τόν
775 4952 1010 5017 Κύριον.
1054 4949 1119 5001 'H
1155 4947 1354 5018 ἀπειλὴ
1384 4945 1523 5015 αὕτη
1551 4945 1651 5014 οὐχ
1685 4944 1843 5013 ἰκανὴ
1872 4961 1969 5012 φο-

364 5036 595 5106 ϐῆσαις
637 5033 797 5103 Ὁρᾷς
838 5032 1056 5103 ἐτέρους
1089 5032 1155 5084 δι’
1185 5031 1307 5084 ὅλου
1344 5029 1756 5098 σωφρονοῦντας
1787 5027 1883 5082 καὶ
1912 5029 1969 5079 ὲν

365 5114 683 5188 σεμνότητι
724 5115 1028 5181 διάγοντας,
1076 5114 1170 5168 καὶ
1219 5115 1284 5167 σὺ
1346 5112 1466 5165 οὐδὲ
1509 5111 1671 5182 μέχρι
1723 5110 1831 5163 τῶν
1870 5109 1970 5178 τῆς

363 5200 643 5270 νεότητος
674 5196 881 5267 χρόνων
932 5198 1257 5268 καρτερεῖς;
1289 5195 1424 5266 ὁρᾷς
1451 5195 1671 5265 ἐτέρους
1719 5208 1971 5248 καταπαι

435 5408 466 5437 ⁸
495 5369 793 5466 Legenda;
816 5402 1054 5464 στόματος
1074 5407 1250 5453 censet
1277 5401 1509 5451 Dunaeus.
1712 5396 1752 5424 ³

1190 292 1254 348 IN
1299 291 1519 349 EPIST.
1562 290 1578 345 I
1617 289 1706 346 AD
1745 283 2084 345 'I'HESSAL.
2120 281 2278 343 CAP.
2320 281 2406 342 IV.
2451 281 2681 343 IIOMIL.
2711 279 2772 339 ν.

3520 289 3615 343 428

2041 401 2335 467 λαίσαντας
2379 402 2642 473 μυριάκις
2684 397 2782 473 τὴν
2816 398 3029 474 ἡδονὴν,
3077 402 3169 454 καὶ
3210 401 3272 454 σὺ
3307 400 3424 454 οἱ.δέ
3474 401 3621 470 ἅπαξ

2040 484 2236 559 ἀνέχῃ;
2257 485 2316 538 Εἰ
2355 483 2633 554 βούλεσθε,
2658 486 2754 555 τὴν
2780 485 2960 537 αἰτίαν
2999 483 3109 552 ἐγὼ
3143 483 3305 551 λέγω.
3343 485 3418 538 Οὐ
3447 485 3555 554 γὰρ
3586 488 3619 556 ἡ

2040 571 2230 640 νεότης
2262 568 2439 622 αἰτία’
2465 570 2588 621 ἐπεὶ
2609 568 2833 639 ἔμελλον
2871 570 3074 632 πάντες
3111 568 3160 621 οἰ
3194 568 3303 622 νέοι
3332 567 3623 622 ἀκόλαστοι

2041 648 2208 705 εἶναι·
2249 651 2365 705 ἀλλ’
2402 653 2565 722 ἡμεῖς
2608 652 2835 716 ἐαυτοὺς
2869 649 3118 722 ώθοῦμεν
3157 653 3236 714 εἰς
3289 651 3388 721 τὴν
3420 652 3620 722 πυράν.

2044 734 2214 787 Ὅταν
2244 733 2352 804 γάρ
2382 731 2612 804 ἀνέλθῃς
2642 734 2721 796 εἰς
2750 731 2998 803 θέατρον,
3024 733 3117 786 καὶ
3142 732 3372 805 καθίσῃς
3397 735 3625 804 γυμνοῖς

2045 816 2232 886 μέλεσι
2264 813 2540 883 γυναικῶν
2579 816 2707 878 τοὺς
2739 814 3047 885 ὀφθαλμοὺς
3090 816 3306 883 ἑστιῶν,
3341 817 3478 888 πρὸς
3529 816 3627 887 μὲν

2043 898 2232 968 καιρὸν
2263 897 2458 968 ἡσθης,
2481 895 2707 966 ὕστερον
2742 897 2799 951 δὲ
2830 897 2999 953 πολὺν
3027 899 3237 953 ἐκεῖθεν
3268 900 3502 972 ἔθρεψας
3535 900 3628 953 τὸν

2044 979 2299 1052 πυρετόν.
2346 981 2514 1033 Ὅταν
2559 979 2712 1052 [465]
2762 980 2877 1052 ἴδῃς
2929 981 3119 1054 ὥσπερ
3171 982 3423 1053 σώματος
3464 983 3630 1054 τύπῳ

2043 1065 2309 1132 γυναῖκας
2345 1064 2698 1133 φαινομένας,
2733 1063 2862 1117 ὅταν
2890 1066 2985 1116 καὶ
3012 1064 3258 1134 θεάματα
3287 1067 3382 1118 καὶ
3409 1065 3630 1137 ᾅσματα

2048 1144 2214 1216 μηδὲν
2243 1144 2433 1216 ἐτερον
2452 1144 2567 1198 ἀλλ’
2594 1144 2626 1215 ἡ
2646 1144 2852 1215 ἔρωτας
2869 1145 3102 1210 ἀτόπους
3131 1146 3343 1216 ἔχοντα,
3377 1147 3442 1200 Ἦ
3460 1148 3628 1210 δεῖνα,

2045 1231 2203 1302 φησὶ,
2252 1232 2344 1285 τὸν
2405 1232 2553 1286 δεῖνα
2621 1232 2869 1303 ἐφίλησε,
2913 1234 3008 1286 καὶ
3067 1233 3169 1286 οὐκ
3223 1234 3480 1304 ἐπέτυχε,
3535 1236 3633 1289 καὶ

2046 1317 2357 1389 ἀπήγξατο,
2402 1319 2497 1372 καὶ
2537 1320 2620 1381 εἰς
2666 1317 2956 1388 μητέραςδ
2989 1319 3116 1380 τοὺς
3152 1317 3387 1380 ἀτόπους
3425 1316 3634 1389 ἔρωτας

2046 1398 2495 1463 ἐκκυλισθέντας·
2528 1399 2660 1454 ὅταν
2706 1398 2802 1452 καὶ
2849 1397 2916 1451 δι’
2940 1398 3111 1468 ἀκοῆς
3154 1397 3328 1453 ταῦτα
3356 1398 3510 1470 δέχῃ,
3538 1402 3635 1453 καί¹

2044 1483 2134 1537 διὰ
2158 1483 2457 1552 γυναικῶν,
2488 1483 2586 1536 καὶ
2624 1481 2717 1535 διὰ
2752 1480 2958 1545 τύπων,
2986 1481 3088 1556 ἡδη
3118 1480 3175 1535 δέ
3204 1481 3299 1536 καὶ
3323 1480 3412 1534 διά
3441 1482 3630 1552 γερόν-

2045 1583 2156 1619 των
2187 1566 2396 1636 ἀνδρῶν
2445 1566 2564 1632 (καὶ⁵
2604 1564 2715 1635 γὰρ
2750 1562 2934 1616 πολλοὶ
2971 1565 3290 1635 προσωπεῖα
3317 1563 3634 1636 περιθέντες

2047 1650 2282 1712 ἑαυτοῖς,
2312 1649 2431 1702 ἐκεῖ
2442 1645 2899 1717 γυναικίζονται),
2925 1646 3111 1710 πόθεν,
3137 1646 3259 1700 εἰπέ
3290 1663 3402 1718 μοι,
3430 1646 3637 1720 δυνήσῃ

2051 1732 2401 1804 σωφρονῆσαι
2416 1728 2619 1792 λοιπὸν,
2640 1730 2864 1783 ἐκείνων
2880 1728 2988 1782 τῶν
3004 1729 3387 1801 διηγημάτων,
3412 1730 3635 1785 ἐκείνων

2050 1813 2161 1868 τῶν
2198 1813 2509 1884 θεαμάτων,
2539 1811 2767 1865 ἐκείνων
2819 1811 2928 1863 τῶν
2968 1812 3333 1883 ἀκουσμάτων
3371 1814 3636 1883 κατεχόν-

2051 1912 2162 1949 των
2196 1911 2290 1949 σου
2335 1895 2436 1965 τὴν
2484 1894 2684 1965 ψυχὴν,
2719 1894 2816 1947 καὶ
2847 1894 3072 1965 ὀνείρων
3110 1893 3365 1949 τοιούτων
3395 1895 3636 1965 διαδεχο-

2057 1978 2232 2049 μένων
2275 1976 2496 2041 λοιπόν;
2549 1978 2759 2045 πέφυκε
2816 1977 2926 2047 7&9
2961 1977 3037 2041 ὡς
3084 1978 3153 2032 τά
3189 1977 3360 2031 πολλά
3408 1976 3635 2032 τοιαῦτα

2055 2058 2478 2130 φαντασιοῦσθαι
2506 2061 2540 2130 ἡ
2571 2059 2741 2130 ψυχὴ,
2769 2053 2858 2111 οἶα
2885 2058 2952 2112 ἀν
2979 2061 3035 2111 ἐν
3063 2060 3247 2131 ἡμέρᾳ
3272 2059 3517 2130 βούλεται
3546 2062 3639 2114 καὶ

2055 2143 2310 2213 ἐπιθυμεῖ
2335 2153 2385 2197 ε.
2409 2142 2579 2195 Ὅταν
2598 2137 2691 2195 οὖν
2723 2142 2841 2194 ἐκεῖ
2872 2140 2969 2211 μὲν
2993 2143 3086 2195 καὶ
3112 2142 3411 2214 πράγματα
3434 2142 3638 2215 βλέπῃς

2057 2226 2277 2296 αἰσχρὰ,
2308 2226 2405 2278 καὶ
2445 2227 2665 2297 ῥήματα
2700 2225 2904 2296 ἀκούῃς
2945 2226 3297 2298 αἰσχρότερα,
3319 2226 3417 2280 καὶ
3440 2228 3508 2281 τὰ
3540 2229 3638 2297 μὲν

2057 2309 2343 2380 τραύματα
2386 2308 2538 2379 δέχῃ,
2567 2308 2637 2361 τά
2687 2307 2744 2360 δέ
2784 2309 3050 2379 φάρμακα
3104 2309 3179 2379 μὴ
3218 2309 3486 2382 ἐπιτιθῇς,
3520 2313 3639 2374 πῶς

2056 2396 2156 2447 οὐκ
2193 2392 2419 2454 εἰκότως
2456 2392 2490 2462 ἡ
2537 2389 2786 2460 σηπεδὼν
2818 2389 3219 2461 αὐξηθήσεταις
3255 2393 3372 2456 πῶς
3404 2395 3438 2463 ἡ
3485 2393 3639 2457 νόσος

2056 2477 2156 2529 οὑκ
2210 2475 2620 2545 ἐπιταθὴσεται,
2672 2472 2767 2526 καὶ
2815 2471 2995 2543 πολλῷ
3041 2474 3262 2543 μᾶλλον,
3307 2474 3341 2545 ἢ
3394 2474 3488 2529 ἐπὶ
3525 2479 3640 2538 τοῖς

2057 2559 2345 2629 ἡμετέροις
2358 2555 2573 2625 σώμασι
2591 2572 2608 2622 ;
2636 2555 2979 2625 Κουφότερον
2998 2554 3127 2626 γάρ,
3154 2554 3269 2624 είγε
3283 2555 3639 2628 ἐδουλόμεθα,

2055 2642 2165 2695 τῶν
2198 2639 2465 2710 σωμάτων
2492 2641 2524 2710 ἡ
2555 2639 2876 2709 προαίρεσις
2913 2636 2983 2690 τά
3011 2638 3108 2707 τῆς
3136 2638 3479 2707 διορθώσεως
3524 2640 3642 2692 ἐδέ-

2058 2742 2201 2795 χετο.
2232 2724 2382 2777 Ἐκεῖ
2417 2724 2517 2793 μὲν
2552 2723 2663 2794 γάρ
2703 2722 2794 2776 καί
2831 2721 3138 2791 φαρμάκων
3168 2724 3262 2775 καὶ
3303 2723 3502 2795 ἰατρῶν
3548 2726 3642 2777 καὶ

2058 2810 2252 2879 χρόνου
2277 2807 2356 2860 δεῖ
2374 2823 2388 2838 ο
2413 2805 2648 2860 ἐνταῦθα
2681 2804 2737 2858 δὲ
2767 2805 2928 2875 ἀρκεῖ
2954 2804 3277 2874 θελήσαντα,
3304 2807 3399 2859 καὶ
3439 2808 3643 2876 ἀγαθὸν

2058 2890 2313 2960 γενέσθαι
2356 2891 2453 2944 καὶ
2499 2890 2690 2943 κακόν.
2719 2889 2881 2941 Ὥστε
2912 2886 3113 2957 μᾶλλον
3144 2889 3306 2953 ἐδέξω
3331 2890 3428 2960 τὴν
3465 2892 3640 2945 νόσον.

2059 2976 2229 3029 Ὅταν
2273 2973 2372 3044 μὲν
2402 2968 2496 3027 οὖν
2530 2972 2599 3027 τά
2632 2972 2729 3043 μὲν
2760 2971 3067 3042 βλάπτοντα
3105 2972 3497 3042 συμφορῶμεν,
3539 2990 3643 3041 μη-

2057 3057 2187 3112 δένα
2210 3056 2266 3110 δέ
2292 3056 2450 3125 λόγον
2475 3054 2760 3126 ποιώμεθα
2793 3053 2903 3106 τῶν
2928 3053 3301 3122 ὠφελούντων,
3336 3055 3462 3109 πότε
3492 3054 3643 3108 ἔσται

2058 3155 2143 3202 τις
2179 3137 2373 3207 ὑγείας
2414 3136 2514 3189 Διά
2550 3135 2709 3190 τοῦτο
2755 3136 2849 3190 καὶ
2882 3134 3094 3199 Παῦλος
3145 3134 3319 3204 ἔλεγε,
3369 3136 3645 3207 Καθάπερ

2058 3219 2159 3274 καί
2187 3219 2260 3274 τὰ
2276 3219 2424 3288 ἔθνη
2454 3220 2527 3273 τὰ
2552 3219 2639 3288 μὴ
2678 3218 2877 3273 εἰδότα
2895 3211 3003 3271 τόν
3036 3219 3203 3273 Θεόν.
3233 3220 3653 3289 Δίσχυνθῶμεν,,

2059 3304 2420 3376 φοϐηθῶμεν,
2448 3307 2498 3358 εἰ
2530 3305 2600 3358 τά
2635 3303 2708 3375 μὴ
2739 3304 2919 3358 εἰδότα
2945 3303 3037 3357 τδν
3066 3304 3198 3356 Θεὸν
3232 3303 3358 3374 ἔθνη
3384 3304 3645 3370 πολλάκις

2061 3388 2361 3459 σωφρονεῖ·
2388 3384 2771 3456 ἐντραπῶμεν,
2796 3385 2925 3437 ὅταν
2966 3385 3189 3440 ἐκείνων
3230 3386 3441 3460 χείρους
3470 3380 3640 3459 ὦμεν.

2063 3469 2296 3525 Εύκολον
2354 3467 2698 3538 κατορθῶσαι
2769 3467 3157 3539 σωφροσύνην,
3199 3469 3265 3522 ἂν
3325 3469 3599 3541 ἐθέλωμεν
3626 3509 3642 3531 ,

2066 3554 2134 3608 ἂν
2176 3553 2481 3621 ἀπάγωμεν
2519 3551 2627 3604 τῶν
2666 3551 3009 3622 βλαπτόντων
3049 3550 3304 3616 ἑαυτούς’
3351 3553 3472 3607 ἐπεὶ
3524 3552 3644 3609 οὐδὲ

2063 3635 2320 3705 πορνείαν
2349 3634 2631 3703 διαφυγεῖν
2665 3632 2987 3695 εὖκολον,ᾶν
3026 3633 3099 3704 μὴ
3140 3632 3404 3703 θέλωμεν.
3433 3633 3498 3687 Τί
3535 3634 3645 3706 7&9

2060 3703 2155 3770 τοῦ
2183 3716 2417 3786 βαδίζειν
2441 3718 2528 3768 ἐπ’
2553 3716 2763 3787 ἀγορᾶς
2793 3703 3156 3787 εὐκολώτερον
3181 3715 3246 3785 d;
3276 3717 3390 3771 ἀλλ’
3423 3716 3529 3774 ὑπὸ
3548 3703 3645 3794 τῆς⁹

2066 3797 2267 3867 πολλῆς
2292 3797 2549 3867 βλακείας
2573 3797 2830 3852 δύσκολον
2852 3797 3096 3867 γέγονεν,
3117 3798 3216 3852 οὐκ
3251 3799 3344 3853 ἐπὶ
3368 3800 3645 3869 γυναικῶν

2067 3880 2249 3946 μόνον,
2285 3879 2399 3933 ἀλλ’
2427 3879 2530 3950 ἡδη
2577 3880 2668 3932 καὶ
2705 3880 2799 3932 ἐπὶ
2843 3879 3072 3950 ἀνδρῶν.
3105 3880 3170 3931 Τί
3217 3881 3313 3934 τοῦ
3362 3882 3647 3939 καθεύδειν

2064 3964 2465 4034 εύκολώτερονς
2494 3962 2630 4017 ἀλλὰ
2658 3963 2752 4015 καὶ
2783 3961 2942 4015 τοῦτο
2961 3962 3217 4016 δύσκολον
3240 3966 3642 4035 πεποιήκαμεν.

2068 4047 2260 4100 Πολλοὶ
2292 4047 2423 4115 γοῦν
2459 4044 2569 4098 τῶν
2605 4043 2875 4097 πλουσίων
2912 4043 2980 4095 δι’
3024 4043 3151 4115 ὅλης
3191 4046 3645 4115 περιστρέφονται

2067 4129 2168 4197 τῆς
2192 4111 2405 4191 νυκτὸς,
2429 4126 2507 4197 τῷ
2538 4125 2613 4198 μὴ
2637 4124 2955 4195 περιμένειν
2979 4124 3079 4196 τὴν
3107 4111 3296 4196 χρείαν
3324 4111 3643 4191 τοῦύπνου,

2071 4211 2163 4263 κα)⁸
2194 4211 2317 4264 τότε
2351 4207 2651 4263 καθεύδειν.
2693 4209 2802 4262 Καὶ
2853 4206 2992 4269 ὅλως
3032 4206 3186 4259 οὐδὲν
3223 4205 3480 4267 δύσκολον
3521 4206 3647 4276 βου-

2069 4291 2334 4362 λομένων,
2354 4289 2544 4361 ῶσπερ
2567 4290 2720 4343 οὐδὲν
2745 4287 2966 4342 εὔκολον
2993 4287 3067 4359 μὴ
3097 4286 3440 4364 βουλομένων,
3458 4288 3614 4358 ἡμῶν
3630 4305 3646 4320 ·

2072 4376 2291 4427 πάντων
2324 4374 2432 4442 7&9
2471 4373 2632 4442 ἡμεῖς
2662 4370 2867 4440 κύριοι.
2904 4372 3002 4425 Διά
3029 4370 3188 4424 τοῦτο
3234 4371 3328 4431 καὶ
3362 4371 3643 4441 ἡ-Γραφὴ,

2073 4458 2176 4509 Ἂν
2199 4455 2432 4522 θέλητε,
2462 4452 2560 4506 καί
2591 4453 2992 4520 εἰσακούσητέ
3026 4469 3147 4522 μου
3166 4468 3182 4483 ·
3216 4453 3322 4513 καὶ
3339 4452 3520 4517 πάλιν,
3549 4456 3650 4506 Ἂν

2070 4536 2157 4607 μὴ
2197 4536 2431 4604 θέλητε,
2466 4536 2619 4606 φησὶ,
2663 4534 2822 4605 μηδὲ
2865 4535 3270 4604 εἰσακούσητέ
3308 4553 3449 4605 μου.
3487 4528 3648 4588 ’Ὥστε

2075 4622 2132 4673 ἐν
2175 4617 2252 4689 τῷ
2297 4618 2491 4684 θέλειν,
2519 4619 2613 4671 καί¹
2657 4617 2736 4689 τῷ
2784 4617 2858 4690 μὴ
2885 4617 3059 4672 θέλειν
3088 4620 3264 4672 κεῖται
3302 4618 3363 4672 τὸ
3391 4619 3518 4672 πᾶν.
3551 4617 3651 4669 Διά

2073 4702 2232 4755 τοῦτο
2260 4701 2354 4754 καὶ
2394 4700 2737 4771 κολαζόμεθά
2781 4703 2875 4755 καὶ
2916 4701 3308 4772 ἐπαινούμεθα.
3339 4701 3555 4753 Γένοιτο
3593 4698 3651 4752 δὲ

2072 4787 2179 4839 τῶν
2237 4787 2641 4858 ἐπαινουμένων
2703 4787 3027 4857 γενομένους
3084 4788 3231 4857 ἡμᾶς
3295 4788 3478 4855 τυχεῖν
3542 4785 3651 4835 τῶν

2070 4869 2497 4939 ἐπηγγελμένων
2526 4868 2770 4939 ἀγαθῶν,
2797 4870 2979 4940 χάριτι
3014 4869 3106 4922 καὶ
3137 4867 3534 4938 φιλανθρωπίᾳ,
3559 4868 3662 4926 καὶ,

2067 4951 2136 5004 τά
2172 4952 2319 5022 έξῆς.

2135 5097 2163 5138 1³
2185 5097 2322 5147 Colb.
2348 5104 2400 5147 et
2421 5111 2572 5158 marg.
2603 5097 2730 5146 Savil
2758 5133 2771 5156 ,
2795 5096 3035 5158 μητρυιᾶς.

2137 5162 2158 5188 ο
2186 5159 2285 5228 νει.
2304 5154 2581 5228 Ιθεθιιιίυῇι
2606 5154 3134 5228 βούληται...’ξπιθυμῇ,
3161 5155 3256 5214 vel,
3276 5154 3413 5215 juxta
3437 5154 3570 5204 (ΞΟΠ).
3599 5162 3666 5205 et.

2077 5232 2229 5279 marg.
2255 5218 2428 5277 εει-ἧι..
2449 5218 2773 5266 omiuéndum
2796 5220 2870 5263 ἀν.
2901 5218 3030 5279 Enn;

2142 5272 2465 5327 diienlianils
2504 5279 2752 5337 Hervelqs
2798 5279 2965 5330 νει-ιη.
3007 5273 3133 5334 Quid
3180 5281 3249 5337 qs!
3286 5272 3415 5329 enim
3456 5274 3650 5337 {acilius

2073 5352 2219 5407 quam
2241 5352 2335 5388 non
2354 5337 2511 5407 ifegd
2532 5335 2723 5407 [ονιιζῃῖξ
2750 5337 2963 5407 Legerat
2985 5335 3209 5407 erga-:06
3231 5339 3293 5397 μὴ
3323 5335 3541 5398 βαδίζειν,
3564 5337 3666 5389 sed;

2076 5398 2124 5449 in
2152 5398 2492 5463 manusgriptis
2527 5398 2580 5448 ει
2602 5399 2750 5447 editis
2770 5398 2969 5460 negatio
2992 5398 3152 5448 abest.
