4010 6142
433 298 536 354 499

1946 430 3286 457 .._.__.__.._________________________

1262 297 1325 351 IN
1363 295 1573 353 EPIST.
1618 297 1634 350 Ι
1699 295 1791 352 AD
1830 295 2159 352 THESSAL.
2198 298 2349 357 CAP.
2393 301 2476 358 IV.
2519 305 2749 364 llOMlL.
2794 308 2877 363 Vl.

3595 322 3696 377 (3:0

3306 451 3639 469 --——_—-

1843 500 2173 562 HOMILIA
2221 505 2327 567 Vl.

429 651 558 707 CAP.
618 652 670 706 4.
725 666 775 704 v.
828 648 885 706 9.
929 647 1010 704 De
1053 649 1266 704 caritate
1308 659 1476 703 autem
1527 649 1858 720 fraternitatis
1905 664 2004 700 non

500 742 765 796 habuimus
786 757 988 795 necesse
1009 742 1226 795 scribere
1253 741 1388 795 robis
1415 757 1433 794 :
1455 740 1554 807 ipsi
1576 740 1708 792 enim
1735 755 1818 792 vos
1843 756 1873 791 a
1897 737 2004 791 Deo

500 830 745 884 didicistis
769 840 821 883 ιιι
838 829 1062 898 diligatis
1081 830 1315 884 invicem.
1345 828 1430 884 10.
1462 827 1663 882 Etenim
1685 829 1815 881 illud
1836 830 2005 898 facitis

497 922 550 975 in
578 936 751 975 omnes
780 925 964 992 fratres
990 922 1044 973 in
1068 924 1301 974 universa
1334 920 1655 975 Macedonia.

496 1013 549 1065 1.
584 1011 879 1077 Quamnam
907 1011 978 1064 ob
1012 1025 1247 1075 causmt,
1281 1025 1400 1064 cum
1447 1009 1514 1064 de
1556 1009 1905 1077 temperantia
1946 1018 2001 1062 ct

425 1102 674 1173 pudicitia
702 1111 810 1156 tam
832 1102 1177 1156 vehementer
1199 1102 1565 1167 disseruisset,
1594 1112 1648 1155 et
1672 1101 1814 1167 quod
1840 1115 2001 1168 opor-

428 1200 535 1246 teat
561 1192 772 1261 operari
798 1202 942 1247 esset
966 1192 1361 1259 disceptaturas
1389 1233 1402 1249 .
1455 1203 1507 1245 et
1533 1191 1673 1260 quod
1707 1207 1809 1243 non
1841 1207 2002 1259 opor-

430 1290 538 1336 teat
582 1281 770 1336 dolore
823 1280 962 1334 allici
1011 1281 1083 1335 ob
1119 1294 1214 1334 eos
1260 1280 1351 1350 qui
1396 1280 1746 1334 decesserunt
1795 1297 1808 1331 :
1855 1279 1995 1348 quod

431 1374 697 1428 bonorum
740 1374 978 1427 omnimn
1020 1381 1104 1426 est
1150 1382 1348 1441 caput,
1384 1387 1579 1441 nempe
1619 1373 1848 1437 caritas,
1898 1371 1998 1425 hoc

430 1463 577 1531 ponit
627 1463 747 1517 aliis
802 1462 1091 1517 derelictis.
1150 1461 1270 1515 Non
1314 1478 1552 1528 necesse,
1599 1463 1804 1531 inquit,
1838 1462 1993 1514 liabe-

427 1569 539 1606 mus
569 1554 639 1606 ad
670 1568 755 1607 vos
776 1553 1036 1607 scribere?
1088 1552 1252 1622 quue
1303 1569 1368 1606 ex
1408 1554 1572 1607 multa
1617 1553 1893 1622 prudentia
1944 1562 1996 1605 et

425 1645 686 1715 spirituali
740 1645 1004 1701 doctrina.
1059 1646 1172 1699 Duo
1220 1646 1362 1701 enim
1418 1644 1503 1699 hic
1557 1646 1795 1700 indicat:
1830 1663 1992 1699 ntmm

423 1737 634 1807 quidem
657 1779 671 1802 ,
705 1737 846 1808 quod
896 1753 982 1793 res
1026 1747 1107 1793 est
1151 1738 1290 1793 adeo
1329 1738 1628 1794 necessaria
1652 1780 1666 1804 ,
1714 1748 1771 1793 ιιι
1800 1755 1867 1794 ne
1892 1740 1993 1794 do-

422 1828 587 1882 ctrina
631 1828 845 1897 quidem
884 1837 1069 1899 egeat;
1100 1844 1223 1885 nam
1252 1845 1370 1900 qua:
1413 1839 1539 1884 sunt
1578 1829 1729 1886 valde
1779 1847 1991 1901 magna,

421 1929 543 1973 sunt
567 1920 816 1976 omnibus
851 1923 1163 1977 manifesta:
1186 1923 1479 1978 secundum
1504 1933 1701 1989 autem,
1731 1924 1811 1979 eis
1837 1925 1995 1991 majo-

424 2025 534 2063 rem
562 2009 816 2079 pudorem
854 2012 1041 2067 incutit
1062 2052 1079 2079 ,
1111 2028 1271 2084 quam
1297 2013 1340 2067 si
1367 2013 1732 2068 admonuisset
1776 2015 1875 2068 hoc
1908 2016 1992 2068 di-

423 2114 572 2154 cens.
604 2101 735 2155 Nam
764 2102 854 2171 qui
896 2104 1165 2158 existimat
1193 2118 1289 2160 eos
1335 2120 1392 2159 se
1435 2114 1584 2160 recte
1618 2107 1848 2175 gessisse
1871 2149 1886 2171 ,
1938 2117 1993 2160 et

426 2190 547 2243 ideo
571 2207 673 2245 non
702 2193 986 2258 admonet;
1013 2195 1056 2248 si
1089 2209 1147 2249 se
1183 2210 1289 2250 non
1316 2205 1463 2251 recte
1483 2196 1793 2265 gessissent,
1824 2200 1990 2269 magis

426 2282 738 2338 induxisset.
785 2284 917 2339 Vide
942 2296 1117 2341 autem
1150 2303 1287 2342 :non
1311 2288 1440 2343 dicit
1464 2289 1532 2344 de
1548 2290 1768 2345 caritate
1796 2292 1847 2345 in
1875 2307 1994 2345 om-

425 2388 541 2437 nes,
575 2374 665 2427 sed
706 2374 773 2429 de
797 2376 1018 2432 caritate
1044 2376 1096 2430 in
1134 2378 1349 2434 fratres.
1380 2379 1498 2433 Non
1519 2397 1646 2450 opus
1673 2380 1910 2434 habemus
1928 2383 1995 2434 ad

423 2482 509 2518 vos
533 2464 766 2521 scribere.
809 2465 1032 2535 Oportet
1077 2485 1205 2539 ergo
1243 2472 1403 2526 silere
1433 2481 1487 2526 et
1513 2472 1644 2527 nihil
1691 2473 1871 2528 dicere
1896 2514 1911 2535 ,
1948 2474 1991 2527 si

421 2572 529 2612 non
556 2572 691 2627 opus
720 2559 807 2613 sit.
851 2559 1002 2615 Nune
1031 2573 1208 2618 autem
1236 2564 1499 2630 dicendo,
1550 2564 1672 2619 Non
1718 2581 1846 2635 apus
1874 2575 1946 2619 est
1970 2606 1986 2631 ,

419 2650 536 2717 plus
557 2647 682 2703 fecit
705 2665 862 2719 quam
882 2651 927 2704 si
953 2651 1191 2708 dixisset.
1218 2656 1331 2723 Ipsi
1374 2656 1504 2709 enim
1550 2671 1636 2710 vos
1663 2674 1694 2708 a
1726 2655 1831 2710 Deo
1858 2657 1991 2710 didi-

414 2741 573 2795 cistis.
603 2741 734 2796 Vide
761 2753 939 2798 autem
962 2757 1084 2797 cum
1111 2750 1306 2816 quanta
1336 2747 1492 2802 laude
1520 2749 1683 2802 Deum
1710 2749 1828 2819 ejus
1857 2750 1987 2818 ipsis

414 2835 687 2889 doctorem
718 2837 993 2892 Constituit
1021 2854 1036 2889 :
1071 2837 1184 2892 Non
1223 2853 1356 2907 opus
1383 2849 1465 2894 est
1493 2883 1507 2904 ,
1554 2842 1723 2912 inquit
1749 2883 1763 2905 ,
1810 2852 1865 2895 ιιι
1892 2858 1986 2896 vos

415 2923 636 2978 discatis
683 2926 751 2978 ab
796 2926 1034 2981 homine.
1074 2928 1224 2994 Quod
1258 2928 1513 2998 prOpheta
1558 2948 1769 3001 quoque
1816 2932 1991 2988 dicit:

421 3012 488 3065 Et
515 3024 661 3067 erunt
685 3057 698 3077 ,
731 3015 939 3084 inquit,
972 3033 1146 3070 onmes
1194 3035 1223 3070 a
1268 3018 1372 3072 Deo
1401 3020 1552 3075 docti.
1608 3020 1703 3075 Vos
1726 3065 1740 3087 ,
1778 3023 1940 3091 inquit
1968 3062 1983 3087 ,

415 3120 591 3157 omnes
615 3121 645 3157 a
668 3104 774 3158 Deo
813 3106 1061 3160 didicistis
1081 3149 1094 3169 ,
1132 3117 1186 3160 ut
1210 3108 1484 3179 diligeretis
1517 3112 1741 3165 invicem.
1790 3111 1987 3166 Etenim

412 3196 547 3248 illud
574 3195 742 3263 facitis
765 3197 819 3249 in
856 3213 1027 3251 omnes
1056 3200 1276 3267 fratres,
1315 3201 1400 3265 qui
1425 3210 1541 3254 sunt
1579 3202 1632 3254 in
1671 3212 1774 3255 tota
1817 3201 1987 3255 Mare-

410 3288 568 3340 rlonia
598 3305 616 3343 :
650 3297 704 3342 et
731 3288 783 3341 in
809 3303 997 3344 omnes
1025 3291 1162 3346 alios
1188 3332 1202 3355 ,
1235 3294 1428 3363 inquit.
1476 3294 1599 3348 Haec
1629 3296 1784 3349 valde
1813 3295 1972 3362 pudo-

412 3396 526 3434 rem
556 3382 819 3435 incutiunt
862 3382 926 3436 ad
959 3381 1059 3437 hoc
1096 3395 1155 3439 ιιι
1196 3387 1246 3440 id
1280 3385 1494 3442 faciant.
1560 3386 1625 3441 Et
1666 3403 1768 3440 non
1802 3388 1896 3441 abs
1927 3404 1984 3441 re

412 3471 536 3524 dico
562 3511 575 3533 ,
608 3473 750 3540 quod
792 3488 822 3527 a
872 3475 979 3529 Deo
1018 3475 1314 3539 didicistis.
1359 3477 1454 3534 sed
1485 3476 1610 3532 illud
1644 3479 1763 3533 novi
1811 3495 1873 3533 ex
1922 3481 1985 3533 iis

413 3577 535 3629 qna:
566 3561 755 3618 facitis.
805 3564 879 3619 De
907 3564 1009 3619 hac
1036 3582 1093 3620 re
1122 3567 1200 3619 eis
1232 3569 1391 3621 multa
1422 3568 1625 3637 pra-bet
1660 3569 1981 3623 testimonia.

423 3649 682 3718 Rogamus
707 3662 873 3705 autent
897 3669 1002 3717 vos,
1033 3657 1234 3724 fratres,
1263 3665 1317 3708 ut
1338 3656 1596 3711 abundetis
1615 3660 1792 3730 magis,
1825 3660 1907 3712 ll.
1942 3668 1985 3711 et

420 3755 627 3806 operam
640 3741 786 3805 detis,
800 3752 854 3795 ut
867 3744 1019 3813 quieti
1039 3746 1166 3810 sitis,
1187 3756 1231 3799 et
1247 3756 1299 3799 ut
1313 3757 1519 3801 vestrum
1536 3751 1787 3820 negotium
1802 3753 1983 3821 agatis,

422 3839 469 3888 ct
498 3833 772 3899 operemini
794 3834 1022 3889 manibus
1051 3836 1245 3903 vestris,
1277 3838 1407 3891 sicut
1434 3841 1764 3908 prlecepimus
1809 3841 1944 3895 vobis
1967 3883 1982 3907 ,

420 3931 475 3973 ut
503 3922 705 3975 honeste
736 3922 998 3979 ambuletis
1035 3926 1104 3979 ad
1128 3942 1210 3980 eos
1239 3928 1326 3998 qui
1347 3928 1472 3996 foris
1514 3940 1669 3995 sunt,
1700 3941 1745 3985 et
1794 3933 1986 3985 nullius

416 4013 613 4084 aliquid
636 4012 942 4073 desiderctis.
990 4016 1084 4071 Hic
1112 4020 1344 4073 ostendit
1364 4037 1519 4088 quam
1549 4023 1838 4076 multorum
1869 4041 1983 4075 tua-

417 4106 589 4158 Iornm
612 4118 771 4160 causa
797 4107 867 4161 sit
893 4108 1082 4173 otium,
1113 4125 1268 4179 quam
1298 4116 1585 4166 multorum
1613 4123 1788 4168 autem
1820 4115 1983 4169 bono-

414 4210 533 4248 rum
565 4196 835 4264 operatio;
882 4198 1037 4269 idque
1083 4200 1243 4256 eflicit
1275 4204 1609 4258 manifestum
1653 4220 1717 4260 ex
1769 4206 1831 4261 iis
1868 4222 1985 4275 quze

415 4296 541 4338 sunt
568 4286 706 4355 apud
736 4302 852 4350 nos,
887 4297 944 4343 ut
971 4289 1093 4344 facit
1131 4291 1312 4345 multis
1337 4293 1388 4346 in
1421 4295 1551 4348 locis
1576 4312 1591 4358 ;
1621 4306 1671 4350 et
1703 4298 1987 4366 prudenter

415 4391 545 4432 sane
573 4394 587 4428 :
621 4377 704 4432 his
726 4381 869 4434 enim
897 4384 1063 4451 magis
1090 4383 1413 4437 inducuntur
1443 4386 1623 4452 plures
1651 4426 1666 4450 ,
1690 4403 1845 4455 quam
1877 4388 1986 4454 spi-

420 4467 718 4523 t'itnalibtts.
779 4469 873 4525 Est
907 4473 1048 4525 enim
1079 4474 1319 4527 caritatis
1358 4475 1409 4527 in
1441 4477 1743 4543 proximos,
1786 4492 1888 4531 non
1918 4476 1985 4530 ab

416 4557 521 4610 illis
564 4559 849 4628 accipere,
894 4561 988 4615 sed
1037 4562 1139 4616 illis
1165 4565 1422 4632 prmbere.
1466 4565 1597 4620 Vide
1642 4574 1816 4620 autem
1864 4584 1985 4636 pru-

416 4647 651 4701 dentiam
694 4667 705 4701 :
739 4665 859 4703 eum
888 4660 1033 4706 esset
1073 4663 1352 4723 rogaturus
1382 4664 1435 4709 et
1477 4656 1843 4710 admoniturus
1873 4701 1886 4722 ,
1938 4658 1986 4711 id

419 4737 559 4804 quod
592 4748 735 4792 recte
767 4739 824 4793 lit
852 4742 998 4809 ponit
1026 4742 1076 4796 in
1109 4745 1301 4808 medio,
1337 4756 1392 4797 ut
1421 4755 1473 4799 et
1498 4762 1527 4798 a
1556 4749 1717 4817 priori
1748 4748 1987 4802 admoui-

421 4828 564 4882 tioue
596 4831 859 4899 respirent
887 4842 942 4886 et
966 4849 995 4886 ιι
1028 4835 1181 4889 minis
1207 4878 1221 4901 ,
1270 4838 1482 4906 quando
1508 4838 1722 4893 dicebat
1755 4857 1766 4892 :
1800 4838 1982 4909 Itaque

421 4918 509 4985 qui
539 4920 644 4971 htec
672 4923 861 4988 spernit
886 4963 901 4986 ,
952 4941 1053 4977 non
1078 4926 1330 4982 hominem
1372 4930 1558 4997 spxrnit
1588 4971 1605 4995 ,
1645 4931 1733 4984 sed
1777 4930 1938 4985 Deum
1964 4947 1984 4995 ;

422 5015 478 5060 et
506 5016 561 5059 ut
591 5007 687 5063 hac
713 5013 923 5067 ratione
949 5030 1015 5069 ne
1045 5017 1309 5070 resiliant.
1344 5018 1452 5073 Iloc
1483 5031 1660 5075 autem
1691 5020 1746 5073 fit
1774 5037 1838 5075 ex
1859 5036 1990 5090 ope-

424 5098 633 5152 ratione
656 5139 671 5163 ,
703 5110 759 5154 ut
788 5119 960 5172 neque
984 5107 1283 5175 accipiant,
1330 5125 1501 5179 neque
1527 5114 1632 5165 sint
1669 5113 1824 5166 otiosi
1848 5153 1861 5177 ,
1898 5113 1990 5167 sed

421 5197 709 5255 operantes
741 5193 861 5247 aliis
889 5197 1181 5263 prmbeant.
1225 5199 1428 5255 Beatins
1467 5213 1539 5256 est
1566 5204 1706 5257 enim
1733 5245 1747 5269 ,
1780 5204 1944 5274 inquit
1975 5247 1988 5271 ,

420 5279 548 5332 dare
582 5294 733 5347 quam
763 5287 1011 5353 accipere.
1049 5287 1115 5342 Et
1164 5293 1472 5358 operemini,
1522 5294 1724 5363 inquit,
1765 5296 1995 5349 manibus

424 5369 604 5420 vestris
635 5370 651 5438 (
679 5372 793 5425 Act.
826 5373 919 5428 20.
949 5375 1018 5429 35
1044 5376 1082 5446 ).
1131 5377 1230 5433 Uhi
1279 5390 1401 5434 sunt
1443 5398 1571 5452 ergo
1619 5384 1707 5452 qui
1749 5392 1998 5452 quaerunt

421 5474 561 5524 opus
591 5461 902 5527 spirituale?
922 5463 1080 5522 Vides
1104 5472 1373 5539 quomodo
1403 5475 1481 5527 eis
1507 5489 1717 5528 onmem
1740 5477 1998 5530 ademerit

422 5550 544 5616 eius
571 5555 649 5606 rei
695 5560 1028 5615 occasionem
1051 5601 1068 5628 ,
1095 5564 1276 5620 dicens
1302 5608 1315 5630 ,
1360 5566 1594 5619 Manibus
1620 5570 1810 5622 vestris.
1850 5567 1999 5638 Jeju-

428 5642 575 5696 nium
601 5661 648 5697 ne
688 5660 939 5716 operatur
982 5655 1172 5723 aliquis
1213 5659 1497 5711 manilms?
1545 5676 1667 5713 nutu
1710 5670 1993 5715 nocturnas

2113 645 2361 715 vigilias?
2409 668 2533 709 num
2578 656 3079 723 humicohationes?
3115 672 3284 731 Nemo
3312 679 3413 738 hoc
3451 685 3686 746 dixerit:

2112 737 2218 849 sedI
2236 737 2303 792 de
2332 754 2494 807 apere
2523 744 2653 801 dicit
2678 752 2939 817 spirituali
2976 774 2992 812 :
3021 771 3104 814 est
3141 766 3281 820 enim
3312 737 3687 849 revera—spiri:

2113 826 2253 878 tuale
2275 867 2293 893 ,
2324 843 2639 898 operantem
2669 838 2789 892 aliis
2820 844 3057 909 praebere
3080 891 3093 912 ,
3141 863 3196 907 et
3230 860 3432 917 nullum
3466 826 3680 935 opus-ei

2111 923 2433 1018 potesta:qui
2442 927 2632 991 parari.
2661 927 2729 983 Ut
2750 931 2972 1003 honeste,
2997 939 3186 1012 inquit,
3209 923 3684 1018 atnbuletis.'\’idc

2106 1008 2375 1107 quomodo
2402 1026 2496 1066 eos
2538 1023 2733 1086 tangat.
2786 1022 2899 1078 Non
2940 1008 3111 1095 dixit,
3163 1008 3240 1091 Ne
3270 1040 3550 1104 inhoneste

2105 1098 2303 1196 geratis
2331 1102 2732 1175 mendicantes;
2778 1114 2872 1168 sed
2905 1117 3130 1186 idipsum
3160 1128 3374 1194 quidem
3401 1098 3555 1194 tacite

2105 1185 2393 1293 gnificavit.
2428 1196 2610 1293 mitius
2635 1211 2810 1257 autem
2844 1222 2877 1276 p
2901 1185 3023 1274 ruit,
3061 1225 3116 1266 ut
3140 1185 3193 1270 ei
3226 1185 3461 1293 pungat,
3490 1185 3675 1287 et‘non

2106 1277 2457 1383 I'eltetnncnter
2476 1284 2575 1341 bos
2601 1303 2805 1359 gravet.
2836 1295 2963 1350 Nam
2993 1302 3036 1354 si
3067 1302 3098 1355 ii
3126 1277 3360 1374 qui-sun:
3388 1277 3527 1383 apud

2105 1366 2188 1422 his
2216 1369 2557 1431 oﬂ‘enduntur
2582 1419 2596 1442 ,
2646 1384 2813 1439 multo
2852 1391 3019 1457 magis
3062 1398 3266 1449 externi
3292 1441 3306 1460 ,
3346 1366 3676 1464 invenientes

2105 1460 2246 1515 mille
2275 1470 2557 1524 aceusnndi
2583 1483 2637 1527 et
2663 1477 3087 1544 reprehendendi
3118 1500 3275 1542 amas
3300 1532 3313 1554 ,
3344 1498 3558 1561 quando
3590 1503 3668 1555 vi-

2100 1551 2229 1608 dent
2259 1556 2527 1615 hominem
2562 1578 2750 1620 sanum
2777 1607 2793 1633 ,
2837 1580 2890 1623 et
2918 1573 3007 1640 qui
3041 1575 3139 1629 sibi
3170 1551 3342 1646 potest
3361 1551 3665 1645 sufficeret.

2101 1647 2403 1703 mendicare
2434 1661 2488 1705 et
2525 1655 2645 1709 aliis
2671 1671 2802 1726 opus
2828 1658 3048 1719 habere.
3093 1668 3158 1720 Et
3201 1669 3322 1727 ideo
3361 1691 3458 1731 nos
3485 1684 3672 1748 appel-

2100 1734 2211 1789 lant
2265 1739 2731 1814 Christemporos,
2786 1749 2889 1805 hoe
2935 1764 3018 1808 est
3062 1756 3257 1814 Christi
3306 1734 3669 1825 mercatores:

2103 1825 2378 1896 Propterea
2401 1873 2416 1898 ,
2446 1833 2649 1903 inquit,
2682 1838 3059 1910 blasphematur
3079 1864 3258 1903 nomen
3295 1852 3410 1907 Dei.
3443 1862 3509 1911 At
3541 1862 3670 1915 nihil

2100 1915 2288 1972 horum
2319 1923 2529 1988 posuit,
2561 1926 2655 1980 sed
2685 1928 2733 1981 id
2763 1932 2901 1998 quod
2933 1937 3164 1992 maxime
3192 1954 3285 1995 eos
3314 1953 3519 2011 poterat
3556 1958 3669 2002 tan-

2097 2022 2242 2075 gero,
2274 2025 2465 2079 nempe
2490 2012 2723 2071 dedecus
2753 2028 2805 2073 ct
2833 2026 3214 2092 turpitudinem
3244 2047 3258 2083 :
3295 2031 3375 2086 l2.
3408 2033 3662 2092 Nolumus

2098 2111 2263 2153 autem
2304 2119 2389 2157 vos
2418 2105 2682 2176 ignorare,
2711 2114 2910 2178 fratres,
2940 2115 3003 2169 de
3046 2117 3410 2179 dormientibus
3431 2165 3447 2192 ,
3479 2139 3533 2179 ut
3560 2145 3661 2183 non

2098 2192 2457 2340 fzrtristeemigi
2502 2198 2630 2251 sicut
2678 2209 2723 2253 et
2785 2206 2952 2258 cteteri
3001 2209 3086 2276 qui
3132 2227 3272 2279 spem
3320 2229 3420 2267 non
3473 2217 3656 2273 habent

2173 2290 2275 2328 om.
2361 2318 2374 2331 .
2450 2279 2475 2330 ι
2497 2280 2534 2340 ).
2901 2319 2903 2323 ι

2173 2290 2275 2328 οιιι.
2319 2279 2374 2331 2.
2404 2279 2475 2330 Si
2495 2280 2534 2347 ).

2173 2361 2230 2415 2.
2256 2362 2379 2416 Haec
2400 2364 2509 2417 dtto
2536 2370 2766 2425 maxime
2800 2389 2896 2428 eos
2921 2381 3363 2444 pcssumdabant,
3389 2396 3684 2453 paupertas

2101 2459 2159 2503 et
2186 2450 2353 2504 animi
2388 2457 2678 2523 aegritudo,
2716 2470 2775 2513 ut
2802 2464 3046 2535 reliquos
3072 2470 3236 2523 etiam
3269 2472 3681 2531 homines.Vide

2113 2550 2296 2595 autem
2336 2548 2613 2612 quomodo
2670 2567 2734 2606 ea
2765 2566 2940 2610 curet.
2983 2559 3286 2631 Paupertas
3332 2576 3516 2619 autetn
3552 2567 3680 2623 hinc

2101 2640 2224 2684 orta
2270 2641 2374 2697 est,
2413 2636 2560 2704 quod
2604 2638 2811 2697 fuerint
2867 2654 3035 2717 rapta:
3062 2665 3253 2704 eorum
3303 2654 3570 2721 pecunia).
3622 2654 3677 2709 Si

2100 2731 2285 2776 autem
2330 2740 2430 2781 eos
2480 2745 2716 2797 quorum
2763 2739 3010 2804 pecuniae
3062 2741 3420 2811 rapiebantur
3450 2755 3679 2815 propter

2101 2812 2405 2906 tihristum,
2437 2819 2595 2889 jubet
2621 2835 2915 2893 operantcs
2945 2830 3040 2905 ali,
3076 2833 3252 2887 multo
3297 2812 3469 2906 magis
3516 2812 3673 2892 alios.

2093 2902 2229 2997 Ifiam
2252 2907 2400 2974 quod
2422 2920 2589 2980 raptae
2606 2914 2812 2971 fuerint
2837 2902 3031 2974 eorum
3058 2924 3306 2991 pecuniae
3322 2902 3451 2981 hinc
3472 2926 3672 2997 liquet:

2097 2994 2416 3066 lmitatores,
2441 3003 2640 3073 inquit,
2661 3007 2833 3075 fuistis
2858 3009 3210 3066 Ecclesiarum
3228 3030 3346 3084 qua:
3360 3026 3483 3068 sunt
3508 2994 3561 3069 in
3578 3015 3674 3069 Ju-

2099 3093 2214 3146 dtea
2248 3093 2307 3161 (l
2346 3094 2522 3151 Thess.
2548 3097 2601 3152 2.
2639 3098 2749 3168 14).
2776 3099 3097 3166 Quomodo?
3124 3104 3262 3170 Quia
3289 3106 3398 3161 illis
3425 3109 3673 3165 scribens

2090 3185 2310 3241 diccbat
2335 3206 2347 3240 :
2369 3187 2440 3241 Et
2469 3191 2717 3260 rapinam
2737 3192 2996 3248 bonorum
3025 3204 3317 3251 vestrorum
3337 3215 3455 3252 cum
3478 3202 3671 3271 gaudio

2085 3279 2385 3347 suscepistis
2412 3280 2591 3349 (Hebr.
2620 3282 2928 3353 lO.54).llic
2960 3297 3142 3341 autem
3166 3289 3234 3342 de
3266 3292 3669 3347 resurrectione

2090 3370 2261 3438 agitat
2282 3387 2614 3427 sermonem.
2639 3376 2782 3442 Quid
2803 3378 2973 3432 vero?
2998 3394 3181 3433 annon
3203 3381 3272 3435 de
3297 3397 3365 3436 eo
3381 3397 3504 3436 cum
3533 3383 3667 3453 ipsis

2084 3459 2453 3517 disseruerat?
2468 3462 2573 3517 Sed
2588 3464 2677 3519 hic
2693 3467 2967 3535 quoddam
2982 3468 3213 3523 alterum
3230 3471 3543 3527 subindicat
3558 3491 3667 3545 my-

2083 3551 2636 3620 sterium.Quodnam
2660 3567 2843 3611 autem
2868 3558 2975 3614 hoc
2999 3560 3120 3614 est?
3149 3559 3284 3625 Quia
3308 3578 3402 3616 nos
3428 3565 3517 3633 qui
3545 3566 3665 3618 vivi-

2086 3658 2220 3707 mus,
2245 3645 2334 3713 qui
2364 3646 2558 3701 residui
2578 3664 2782 3714 sumus,
2821 3650 3020 3720 inquit,
3053 3654 3107 3705 in
3125 3656 3410 3707 adventum
3425 3655 3656 3720 Domini,

2086 3749 2189 3787 non
2207 3739 2584 3806 praeveniamus
2596 3757 2702 3806 ros,
2718 3744 2809 3812 qui
2834 3744 3161 3799 dormierunt
3177 3746 3225 3814 (ιε
3235 3788 3247 3799 .
3257 3746 3278 3799 1
3290 3746 3342 3818 4)
3353 3746 3548 3818 .Atque
3561 3765 3659 3802 no-

2081 3824 2167 3881 bis
2178 3826 2399 3896 quidem
2415 3829 2806 3887 sulﬂcitsermo
2822 3837 3241 3892 resurrectionis
3252 3839 3317 3893 ad
3337 3855 3461 3892 eum
3478 3857 3656 3894 conso-

2092 3917 2305 3972 landum
2326 3920 2415 3988 qui
2438 3921 2704 3974 cruciatur
2722 3920 2936 3974 dolore:
2961 3924 3154 3978 sufficit
3175 3929 3332 3980 etiam
3357 3930 3495 3998 quod
3521 3947 3661 3983 mine

2091 4009 2284 4064 dicitur
2309 4012 2540 4066 maxime
2582 4011 2684 4065 fide
2721 4012 2932 4082 dignam
2961 4014 3160 4069 faciens
3187 4021 3652 4075 resurrectionem.

2095 4100 2324 4153 Primum
2348 4113 2523 4154 autem
2544 4100 2692 4165 illud,
2710 4112 2759 4153 ιιι
2784 4103 2794 4153 i
2804 4117 2914 4170 pse,
2935 4102 3171 4157 dicamus
3192 4104 3467 4163 :Nalumus
3489 4120 3659 4162 autem

2092 4206 2175 4243 vos
2198 4192 2449 4260 ignorare,
2480 4192 2681 4260 fratres.
2709 4191 2771 4243 de
2797 4191 3175 4258 dormientibus,
3198 4203 3251 4246 ut
3274 4212 3373 4249 non
3400 4201 3660 4252 contriste-

2092 4286 2214 4337 mini
2243 4283 2368 4337 sicut
2387 4290 2432 4335 et
2455 4284 2619 4337 carteri
2639 4283 2723 4353 qui
2739 4298 2877 4351 spem
2904 4298 3003 4334 non
3027 4283 3368 4338 liabent.\'ide
3397 4304 3553 4355 quam
3576 4290 3659 4343 hic

2092 4387 2303 4442 quoque
2328 4372 2571 4440 loquatur
2598 4371 2788 4424 leniter
2816 4381 2867 4425 et
2890 4372 3113 4440 placide.
3145 4373 3259 4427 Non
3293 4374 3426 4429 dixit
3457 4418 3470 4440 ,
3509 4378 3651 4437 Estis

2092 4462 2226 4514 adeo
2247 4462 2392 4515 stulti
2429 4460 2574 4530 (Gal.
2604 4462 2638 4515 5
2692 4463 2768 4525 5),
2806 4464 2941 4515 sicut
2966 4463 3031 4516 ad
3057 4463 3384 4528 Corinthios,
3415 4467 3548 4521 adeo
3582 4469 3659 4520 in-

2094 4553 2346 4620 sipientes
2370 4595 2384 4615 ,
2417 4552 2556 4620 quod
2583 4567 2702 4606 cum
2730 4553 2908 4607 sciatis
2934 4556 3377 4609 resurrectionem
3404 4599 3418 4622 ,
3458 4558 3594 4611 sicut
3626 4562 3657 4618 ii

2095 4645 2181 4711 qui
2213 4659 2315 4697 non
2343 4644 2588 4707 credunt,
2618 4643 2805 4697 dolore
2834 4643 3172 4708 afﬁciamini;
3205 4646 3299 4701 sed
3333 4649 3402 4700 ita
3436 4648 3658 4715 placide,

2098 4736 2257 4800 Nolo,
2283 4736 2415 4789 dixit
2441 4776 2456 4801 ,
2488 4736 2644 4788 aliam
2674 4751 2855 4788 eorum
2888 4736 3131 4790 virtutem
3161 4752 3434 4791 reverens.
3463 4737 3529 4789 Et
3555 4755 3659 4795 non

2096 4830 2251 4888 dixit.
2287 4829 2360 4884 De
2388 4828 2614 4882 mortuis
2633 4870 2647 4893 ,
2677 4828 2853 4882 statim
2884 4843 2913 4880 a
2944 4826 3216 4897 prommiis
3237 4827 3443 4896 jaeiens
3475 4826 3660 4882 funda-

2100 4932 2334 4975 mentum
2363 4921 2762 4975 consolationis.

2172 5016 2223 5068 Μ
2231 5016 2360 5068 ortui
2383 5030 2480 5066 non
2501 5009 2946 5081 plangendi.——Ul
2962 5026 3059 5063 non
3075 5010 3451 5074 contristentini,
3475 5010 3663 5081 inquit,

2096 5107 2226 5159 sicut
2247 5115 2292 5158 et
2323 5106 2487 5157 ueteri
2510 5103 2593 5172 qui
2623 5118 2759 5170 spem
2777 5117 2875 5153 non
2894 5100 3093 5153 habent.
3118 5101 3374 5169 l’langere
3390 5117 3517 5170 ergo
3548 5119 3668 5171 prn-

2100 5210 2217 5267 pler
2235 5211 2329 5253 eos
2345 5197 2431 5266 qui
2455 5203 2931 5256 excessertmt,non
2951 5202 3028 5246 est
3044 5207 3225 5246 eorum
3249 5201 3394 5246 certe
3412 5195 3497 5262 qui
3518 5212 3666 5262 spent

2102 5289 2333 5349 habent;
2362 5295 2416 5339 et
2443 5286 2652 5339 merito.
2685 5285 2870 5336 Anima
2898 5284 3035 5335 cnim
3066 5298 3181 5350 quo
3211 5281 3343 5335 nihil
3366 5283 3464 5335 scit
3490 5284 3556 5337 de
3590 5300 3670 5336 re-

2102 5377 2430 5432 surrectione
2456 5417 2470 5440 ,
2502 5373 2594 5428 sed
2624 5373 2757 5427 hanc
2790 5383 3012 5426 mortem
3056 5384 3275 5425 mortem
3321 5388 3440 5425 esse
3473 5384 3620 5439 putat
3653 5415 3667 5441 ,

2106 5470 2296 5523 merito
2323 5468 2523 5537 plangit
2548 5476 2601 5518 et
2633 5466 2954 5518 Lunentatur
2983 5476 3037 5516 et
3076 5464 3218 5532 luget
3263 5462 3665 5526 intolerabiliter

2108 5572 2372 5627 tamquam
2400 5558 2468 5611 de
2499 5558 2561 5609 iis
2600 5556 2686 5625 qui
2719 5555 2989 5624 perierunt
3017 5573 3027 5606 :
3059 5563 3109 5606 ttt
3140 5561 3317 5606 autem
3361 5552 3447 5621 qui
3480 5568 3666 5621 eXspe-

2106 5670 2215 5716 uas
2244 5651 2708 5711 resurrectionem,
2738 5665 2830 5702 cur
2851 5644 3196 5701 lanamtans?
3225 5644 3365 5715 Ergo
3398 5646 3575 5717 lugere
3594 5657 3670 5708 est
