4010 6142
368 321 464 377 ιδι

366 446 555 490 eorum
581 429 667 498 qui
699 439 849 495 spem
873 436 975 474 non
999 418 1213 474 habent.
1242 413 1452 476 Audite,
1476 427 1508 463 o
1529 410 1796 470 mulieres,
1824 423 1942 476 qua:

373 526 618 580 lubenter
648 513 1029 576 lamentamini,
1052 524 1169 579 quae
1199 507 1329 560 estis
1357 505 1616 575 proclives
1643 511 1697 555 et
1719 514 1949 569 propen-

373 633 446 669 szc
494 607 894 669 intolerabiliter
933 600 999 656 ad
1050 600 1222 654 luctus
1253 637 1268 663 ,
1305 595 1446 666 quod
1485 609 1547 648 ea
1578 591 1784 646 faciatis
1827 602 1946 658 quae

370 703 586 758 ethnici.
618 699 674 753 Si
699 706 872 751 autem
895 693 1076 748 dolere
1101 698 1317 758 propter
1341 700 1434 741 eos
1463 685 1550 755 qui
1580 686 1944 743 excesserunt,

373 805 454 849 cst
473 791 832 848 ethnicorum.
866 785 1118 854 plangere
1143 790 1195 835 et
1221 793 1386 850 genas
1417 778 1659 830 lacerare
1688 786 1945 842 quorum-

375 899 494 938 nam
520 891 602 936 est
624 921 640 944 ,
669 875 1004 947 dic.quteso?
1043 872 1149 926 Cur
1171 868 1479 924 lamentaris
1502 907 1518 934 ,
1545 866 1588 920 si
1615 863 1794 921 credis
1823 877 1944 917 eum

371 987 494 1029 esse
521 977 949 1026 resurrecturum
979 964 1004 1016 ?
1047 963 1090 1017 si
1116 960 1296 1016 credis
1321 974 1443 1014 cum
1473 971 1578 1010 non
1611 954 1832 1023 periisse
1857 993 1874 1017 ,
1901 951 1946 1005 si

371 1080 489 1120 eam
511 1078 622 1116 rem
651 1073 772 1114 esse
792 1070 1037 1110 somnum
1059 1062 1114 1107 et
1127 1048 1542 1107 domuitionem?
1570 1047 1795 1114 Propter
1821 1058 1950 1096 con-

373 1154 712 1211 suetudinem
741 1149 1015 1211 amissam,
1049 1144 1264 1214 inquit,
1304 1141 1629 1206 tutelamque
1670 1145 1725 1192 et
1771 1149 1948 1189 rerum

373 1252 648 1310 curam,et
674 1257 834 1296 omne
854 1237 998 1293 aliud
1025 1235 1279 1289 officium.
1309 1233 1531 1299 Quando
1557 1245 1685 1299 ergo
1705 1226 1948 1281 amiseris

377 1339 542 1392 lllinm
572 1335 622 1388 in
655 1334 933 1387 immatura
962 1337 1137 1390 :etate,
1171 1326 1259 1394 qtti
1286 1323 1520 1379 nondum
1552 1329 1727 1391 potest
1750 1317 1946 1387 aliquid

377 1444 555 1498 agere,
577 1439 674 1479 cur
702 1418 1048 1476 lamentaris?
1077 1416 1203 1488 quid
1231 1414 1494 1485 requiris?
1517 1413 1738 1476 Bonam,
1761 1409 1948 1478 inquit,

378 1534 527 1587 Spem
555 1513 882 1574 ostenderat,
915 1520 968 1564 et
995 1507 1275 1577 Sperabam
1303 1505 1415 1559 fore
1443 1514 1498 1558 ut
1520 1503 1622 1557 mei
1649 1517 1832 1556 curam
1855 1516 1950 1569 ge-

379 1617 526 1664 reret.
588 1606 875 1673 Propterea
921 1615 1106 1671 quer
1150 1599 1321 1652 virum
1347 1638 1362 1660 ,
1403 1603 1687 1664 propterea
1739 1592 1904 1645 lilium
1933 1633 1947 1656 ,

385 1709 664 1770 propterea
699 1695 890 1764 plango
913 1701 966 1746 et
991 1691 1276 1753 lamentor,
1309 1702 1412 1742 non
1445 1684 1585 1756 quod
1613 1699 1718 1738 non
1739 1683 1952 1737 credam

383 1788 781 1850 resurrectioui,
813 1785 907 1840 sed
931 1783 1073 1855 quod
1095 1783 1195 1836 sim
1224 1781 1478 1835 destituta
1526 1778 1594 1832 ab
1632 1777 1831 1831 auxilio
1854 1818 1870 1841 ,
1902 1784 1958 1829 ct

380 1879 652 1934 amiserim
683 1885 984 1932 curatorem
1014 1882 1068 1929 et
1093 1871 1432 1926 defensorem
1453 1910 1469 1934 ,
1501 1869 1589 1938 qui
1619 1882 1827 1922 mecum
1857 1867 1952 1919 lia-

384 1971 602 2032 bitabat,
635 1967 722 2036 qui
755 1980 932 2021 rerum
964 1964 1203 2018 omnium
1225 1970 1338 2014 erat
1367 1961 1566 2023 socius,
1597 1959 1686 2028 qni
1719 1973 1804 2011 me
1827 1973 1956 2011 con-

382 2060 691 2113 solabatur:
725 2057 837 2110 luee
868 2055 1044 2124 lugeo.
1079 2052 1203 2106 Scio
1234 2049 1351 2104 fore
1375 2059 1430 2103 ut
1460 2057 1720 2117 resurgat,
1746 2047 1837 2101 sed
1871 2047 1955 2099 in-

386 2149 698 2205 termediam
725 2162 828 2201 non
849 2147 961 2200 lero
979 2142 1370 2213 separationem
1389 2159 1400 2193 :
1420 2138 1763 2194 allluitmulta
1779 2153 1957 2192 rerum

385 2241 539 2295 tui-ba
564 2281 578 2301 ,
611 2254 729 2291 sum
752 2236 992 2305 exposita
1025 2233 1234 2303 injurize
1261 2233 1499 2284 omnium
1531 2229 1620 2297 qui
1649 2228 1916 2282 voluerint
1943 2245 1955 2281 :

385 2333 472 2400 qui
499 2331 644 2400 prius
675 2326 934 2380 timebant
962 2323 1164 2388 famuli,
1193 2337 1333 2375 nunc
1355 2321 1662 2387 despiciunt
1691 2328 1745 2372 ct
1787 2319 1957 2371 insul-

388 2435 499 2479 tant
529 2441 542 2475 :
573 2424 615 2477 si
635 2423 716 2474 cui
737 2418 1017 2481 benefecit,
1047 2417 1090 2468 is
1107 2426 1188 2468 est
1207 2414 1403 2468 oblitus
1422 2414 1539 2481 ejus
1557 2412 1959 2466 beneficiorum:

387 2519 430 2570 si
459 2515 577 2585 quis
603 2515 669 2567 ab
693 2528 758 2566 eo
789 2487 928 2564 male
953 2508 1196 2574 affectus,
1231 2505 1542 2559 recordatur
1572 2505 1797 2573 injuriae,
1827 2505 1956 2557 iram

390 2610 441 2660 in
476 2621 561 2658 me
590 2603 873 2658 convertit.
908 2601 1030 2653 llaec
1069 2613 1175 2652 non
1226 2599 1409 2651 sinunt
1453 2612 1538 2650 me
1570 2596 1708 2649 ferre
1737 2596 1964 2648 viduita-

393 2711 519 2759 tem,
555 2710 650 2748 nec
673 2693 876 2762 placide
907 2691 1088 2760 lugere
1120 2697 1444 2763 :‘propterea
1474 2687 1689 2758 plango,
1718 2696 1963 2755 propter-

390 2804 451 2840 ca
477 2786 762 2838 lainentor.
793 2779 1072 2847 Quomodo
1094 2792 1222 2848 ergo
1247 2792 1338 2832 eas
1357 2776 1756 2831 consolabimur
1781 2775 1805 2828 ?
1834 2773 1962 2843 quid

392 2873 664 2932 dicemus?
693 2873 960 2943 quomodo
1004 2885 1185 2926 earum
1218 2868 1418 2923 luctum
1459 2865 1799 2922 arcebimus?
1845 2865 1963 2919 Pri-

393 2984 540 3023 mum
571 2981 663 3020 eas
691 2965 926 3020 conabor
948 2961 1267 3016 convincere
1299 3000 1317 3026 ,
1361 2958 1505 3029 quod
1535 2958 1648 3010 hzec
1673 2956 1832 3009 verba
1859 2969 1964 3008 non

395 3063 497 3112 sint
529 3055 920 3110 lamentationis
940 3093 956 3118 ,
999 3052 1094 3106 sed
1126 3049 1535 3105 inconsiderata:
1560 3045 1722 3099 animi
1753 3053 1966 3115 pertur-

398 3151 643 3204 hationis.
672 3147 727 3203 Si
757 3147 898 3201 enim
931 3144 1047 3198 haec
1069 3144 1250 3212 luges,
1279 3147 1554 3210 oporteret
1591 3153 1713 3192 eum
1739 3136 1828 3207 qni
1872 3152 1969 3192 ex-

395 3241 558 3296 cessit
589 3247 846 3309 perpetuo
871 3236 1053 3305 lugere
1082 3234 1161 3287 :si
1191 3240 1372 3286 autem
1398 3245 1520 3286 cum
1549 3243 1722 3282 annus
1744 3239 1970 3299 praeter-

401 3331 522 3385 ierit
546 3370 562 3395 ,
594 3325 934 3382 oblivisceris
969 3322 1193 3395 perinde
1218 3332 1378 3392 atque
1404 3319 1449 3375 si
1481 3319 1616 3374 nihil
1641 3320 1926 3374 accidisset
1953 3358 1969 3384 ,

400 3437 505 3476 non
527 3436 648 3474 eum
671 3419 760 3488 qui
787 3416 1018 3472 excessit
1049 3413 1380 3478 lamentaris,
1409 3427 1507 3466 nec
1526 3411 1642 3481 ejus
1671 3411 1889 3466 tutelam
1920 3419 1975 3465 et

401 3511 790 3567 defensionem.
823 3511 895 3562 At
924 3523 1028 3560 non
1058 3507 1164 3561 fers
1191 3505 1582 3574 separationem
1617 3545 1634 3570 ,
1667 3515 1719 3560 et
1750 3520 1972 3559 consue-

401 3603 599 3656 tudinis
620 3595 1090 3666 interruptionem?
1119 3597 1256 3661 Quid
1281 3595 1513 3649 dixerint
1541 3611 1659 3664 quae
1685 3595 1752 3649 ad
1781 3612 1976 3650 secun-

401 3696 498 3748 das
557 3694 908 3747 convolarunt
961 3687 1222 3756 nuptias?
1267 3687 1382 3738 Non
1441 3685 1584 3738 enim
1638 3688 1842 3754 priores
1894 3703 1976 3740 re-

402 3785 622 3852 quirunt
675 3789 729 3834 et
776 3777 1102 3832 desiderant.
1148 3775 1252 3831 Sed
1301 3790 1368 3829 ne
1397 3774 1720 3850 orationem
1766 3777 1832 3830 ad
1885 3792 1977 3832 eas

406 3874 700 3941 dirigamus
723 3912 739 3937 ,
785 3869 877 3924 sed
905 3869 970 3922 ad
996 3882 1088 3923 eas
1114 3883 1233 3938 qua:
1263 3867 1328 3921 iis
1352 3867 1442 3936 qui
1470 3875 1818 3922 excesserunt
1843 3882 1979 3922 con-

408 3974 624 4020 servant
678 3962 1102 4020 benevolentiam
1139 3978 1152 4014 :
1183 3975 1280 4014 cur
1325 3960 1474 4030 luges
1529 3957 1841 4014 infantem?
1885 3976 1982 4015 cur

412 4055 702 4110 maritum?
732 4054 995 4122 Quoniam
1021 4052 1112 4105 illo
1138 4051 1353 4121 quidem
1378 4050 1482 4104 frui
1513 4065 1618 4104 non
1647 4059 1728 4105 est
1757 4065 1982 4106 conces-

408 4164 526 4202 sum
555 4163 570 4214 ;
605 4147 706 4202 hoc
748 4161 878 4200 vero
906 4146 1207 4214 exspectavi
1238 4145 1348 4199 fore
1383 4151 1441 4197 ut
1481 4141 1707 4212 amplius
1751 4141 1979 4198 fruerer.

418 4239 531 4294 lloc
559 4249 734 4294 autem
761 4246 975 4308 quanta:
1001 4246 1084 4291 est
1111 4235 1439 4290 infidelitatis
1464 4277 1480 4301 ,
1511 4235 1818 4290 existimare
1839 4236 1980 4306 quod

410 4341 502 4386 ant
531 4330 754 4384 maritus
784 4337 874 4382 aut
897 4327 1070 4382 infans
1099 4337 1148 4382 te
1176 4328 1227 4381 in
1258 4337 1370 4381 tuto
1396 4327 1648 4393 collocet,
1673 4342 1778 4380 non
1801 4337 1981 4381 autem

414 4421 595 4476 Deus?
623 4419 900 4486 Quomodo
928 4433 1030 4471 non
1063 4429 1215 4486 putas
1244 4426 1296 4472 te
1317 4433 1437 4473 eum
1459 4418 1707 4472 irritare?
1738 4417 1986 4486 Pr0pter-

412 4530 472 4564 ea
501 4512 642 4566 enim
674 4527 766 4565 eos
796 4525 936 4578 sa-pe
966 4510 1179 4579 accipit,
1211 4526 1276 4563 ne
1300 4511 1378 4563 eis
1404 4509 1473 4562 ita
1502 4510 1577 4564 sis
1607 4508 1763 4562 afﬁxa
1790 4551 1804 4575 ,
1840 4521 1896 4563 ιιι
1917 4510 1985 4563 ab

415 4603 518 4657 illis
543 4617 690 4671 spem
711 4600 962 4654 abducas.
999 4600 1138 4654 Deus
1165 4601 1304 4654 enim
1336 4608 1417 4654 est
1439 4600 1654 4665 zelotes,
1673 4608 1727 4654 et
1757 4600 1987 4653 maxime

411 4695 650 4748 omnium
681 4692 791 4746 vult
819 4708 846 4744 a
881 4692 1031 4746 nobis
1051 4691 1196 4759 diligi
1219 4709 1231 4752 ;
1258 4692 1414 4761 idque
1440 4692 1690 4761 quoniam
1717 4707 1812 4745 nos
1833 4691 1986 4745 valde

423 4785 614 4854 diligit.
646 4783 804 4838 Scitis
829 4784 973 4837 enim
1005 4783 1146 4837 hunc
1187 4798 1307 4836 esse
1336 4799 1537 4836 morem
1567 4797 1754 4836 eorum
1785 4784 1872 4851 qui
1901 4783 1984 4836 in-

414 4889 546 4931 Sano
565 4873 705 4944 capti
729 4883 1095 4944 suntamore:
1126 4873 1408 4928 suntenim
1442 4873 1594 4926 valde
1624 4873 1853 4942 zelotypi
1886 4913 1900 4936 ,
1933 4881 1988 4928 et

417 4964 705 5018 maluerint
728 4964 959 5027 animam
991 4963 1276 5033 prodigere
1305 5002 1321 5027 ,
1350 4978 1510 5032 quam
1536 4963 1604 5017 ab
1643 4962 1749 5016 ullo
1779 4979 1844 5017 ex
1877 4964 1988 5018 suis

415 5053 670 5109 rivalibus
715 5054 1106 5110 existimatione
1145 5053 1406 5123 superari.
1439 5053 1664 5122 PrOpter
1703 5053 1816 5109 haec
1847 5053 1989 5110 Deus

418 5161 539 5199 eum
569 5145 795 5212 accepit,
829 5155 1046 5215 propter
1074 5145 1207 5210 hazc,
1240 5145 1473 5214 inquam,
1504 5145 1686 5199 verba.

487 5235 544 5289 '5.
573 5232 703 5287 Nam
729 5248 844 5301 cur,
866 5234 1182 5305 dic,qua:so,
1216 5235 1342 5289 olim
1374 5250 1478 5289 non
1506 5235 1718 5291 fuerunt
1746 5235 1980 5290 viduita-

421 5332 522 5390 tes,
555 5336 654 5377 nec
676 5321 970 5378 immatura:
995 5323 1281 5379 orbitates?
1310 5339 1406 5379 cur
1441 5325 1708 5380 Abraham
1753 5334 1807 5378 et
1840 5325 1986 5380 Isaac

418 5415 542 5470 sivit
568 5416 745 5468 vivere
775 5413 991 5484 longum
1018 5415 1268 5484 tempus?
1292 5414 1553 5482 Quoniam
1574 5456 1589 5483 ,
1617 5431 1685 5471 eo
1714 5416 1874 5471 etiam
1910 5415 1992 5467 vi-

420 5516 602 5574 vente,
629 5505 896 5560 Abraham
925 5507 1089 5561 Deum
1120 5507 1369 5575 praetulit.
1404 5507 1544 5561 Dixit
1566 5506 1802 5577 quidem,
1831 5507 1989 5562 Occi-

419 5598 510 5659 de,
527 5596 801 5651 ctoccidit.
820 5598 927 5651 Cur
942 5597 1154 5652 Sarram
1172 5597 1236 5651 ad
1258 5606 1459 5653 tantum
1481 5598 1723 5667 provexit
1742 5598 1946 5652 senium
1968 5598 1994 5651 Ρ

421 5687 684 5749 Quoniam
704 5700 767 5738 ca
793 5687 948 5741 etiam
981 5687 1094 5741 viva
1123 5726 1138 5754 ,
1171 5687 1332 5743 Deum
1375 5688 1543 5755 magis
1582 5687 1782 5743 audivit
1822 5703 1982 5757 quam

1087 305 1144 360 S.
1186 299 1462 358 JOANNIS
1501 291 1980 353 CHRYSOSTOM?
2016 289 2332 348 ARCHIEP.
2373 289 2910 347 CONSTANTINOP.

3525 297 3636 352 αἰΒῖ

2057 403 2240 471 ipsam.
2265 403 2552 473 Propterea
2577 406 2788 462 dicebat
2817 408 2868 461 ei
2901 407 3038 461 Deus
3064 424 3078 460 :
3105 409 3238 461 Audi
3259 409 3476 464 Sarram
3500 429 3627 466 axe-

2054 509 2157 544 rem
2177 502 2316 546 tuam
2344 495 2363 564 (
2397 494 2524 549 Gen.
2555 498 2644 551 21.
2677 500 2744 551 12
2770 500 2807 563 ).
2837 499 3018 568 Neque
3040 510 3257 568 propter
3276 502 3453 556 mariti
3479 519 3630 556 amo-

2057 597 2168 634 rem
2200 623 2214 646 ,
2250 600 2422 652 neque
2458 597 2674 656 propter
2707 589 2885 642 uxoris
2915 630 2928 650 ,
2963 605 3139 657 neque
3170 599 3388 659 propter
3413 592 3632 646 infau'is

2055 678 2235 724 ent-am
2275 673 2440 727 Deum
2479 676 2758 743 quisquam
2805 678 2870 731 ad
2916 679 3047 732 iram
3089 679 3436 747 prorocabat.
3483 680 3632 734 Nunc

2057 771 2234 814 autem
2259 766 2507 832 quoniam
2529 766 2664 820 adeo
2684 766 2935 822 deorsum
2959 769 3226 823 tendimus
3248 779 3304 824 et
3325 770 3630 838 dilabimur,

2057 860 2111 905 et
2142 854 2316 906 mariti
2345 869 2538 908 uxores
2565 856 2682 924 plus
2704 874 2859 924 quam
2891 858 3052 912 Deum
3083 859 3355 929 diligimus
3379 901 3394 925 ,
3417 871 3473 916 et
3498 879 3629 916 uso-

2058 959 2144 997 res
2170 948 2389 1000 maritos
2423 948 2530 1002 Deo
2563 950 2925 1018 pra-ferimus;
2957 951 3076 1006 ideo
3109 968 3205 1006 nos
3236 953 3320 1007 vel
3349 955 3544 1008 invitos
3567 956 3632 1009 ad

2057 1034 2137 1088 sui
2173 1035 2336 1089 trahit
2360 1037 2706 1094 desiderium.
2738 1040 2813 1096 Ne
2839 1043 3029 1113 diligas
3058 1045 3305 1098 maritum
3335 1045 3453 1115 plus
3475 1061 3631 1114 quam

2062 1124 2224 1177 Demu
2253 1167 2267 1188 ,
2300 1136 2353 1180 et
2396 1145 2687 1200 numquam
2729 1134 2932 1188 senties
2971 1134 3281 1189 viduitatem
3316 1152 3330 1191 :
3365 1137 3473 1189 imo
3509 1152 3634 1190 vero

2057 1215 2264 1269 ctiatnsi
2283 1218 2561 1285 acciderit,
2585 1220 2702 1290 ejus
2727 1223 2924 1276 nullum
2947 1237 3165 1278 sensum
3187 1225 3388 1291 capies.
3419 1225 3636 1292 Quare?

2059 1306 2317 1375 QUoniam
2357 1310 2692 1367 defensorem
2734 1314 2899 1370 habes
2931 1315 3287 1371 immortalem
3335 1317 3425 1386 qui
3466 1318 3632 1387 magis

2059 1397 2249 1468 diligit.
2304 1400 2360 1454 Si
2410 1402 2573 1456 Deum
2631 1406 2799 1474 magis
2853 1406 3030 1476 diligis
3061 1448 3076 1472 ,
3125 1424 3193 1463 ne
3251 1408 3474 1479 lugeas:
3509 1426 3631 1464 nam

2062 1490 2150 1556 qui
2203 1491 2374 1561 magis
2424 1493 2661 1564 diligitur
2715 1506 2797 1551 est
2856 1498 3212 1563 immortalis;
3255 1517 3355 1556 nec
3407 1503 3532 1556 sinit
3583 1513 3638 1556 ιιι

2058 1581 2347 1650 accipiatur
2384 1599 2574 1640 sensus
2613 1587 2730 1657 ejus
2777 1589 2865 1659 qui
2907 1590 3081 1644 minus
3132 1591 3390 1663 diligitur.
3439 1594 3493 1648 In
3546 1611 3640 1648 ex-

2065 1673 2245 1740 emplo
2302 1674 2488 1729 faciam
2532 1677 2632 1732 hoc
2688 1679 2778 1735 tibi
2836 1682 3199 1752 perspicuum.
3246 1683 3340 1738 Dic
3380 1684 3555 1738 mihi:
3590 1685 3636 1738 si

2064 1764 2256 1820 habeas
2295 1768 2546 1822 maritum
2587 1771 2764 1824 omnia
2794 1770 3078 1827 facientem
3113 1789 3180 1828 ex
3223 1773 3387 1828 animi
3412 1775 3484 1828 tui
3508 1789 3638 1829 seu-

2065 1855 2228 1910 tentia
2255 1897 2269 1922 ,
2301 1858 2390 1926 qui
2418 1860 2490 1912 sit
2516 1860 2566 1914 in
2598 1861 2734 1915 bona
2761 1863 3159 1920 existimatione
3189 1905 3206 1932 ,
3238 1867 3326 1935 qui
3355 1874 3408 1920 te
3439 1867 3638 1920 claram

2066 1947 2259 2014 ubique
2287 1947 2490 2014 reddat,
2519 1966 2617 2005 nec
2643 1954 3090 2008 contemnendam
3113 1996 3126 2017 ,
3155 1956 3244 2025 qui
3272 1956 3340 2010 sit
3361 1958 3498 2025 apud
3527 1973 3640 2011 om-

2066 2053 2160 2096 nes
2185 2040 2432 2107 celebris,
2458 2043 2712 2112 prudens,
2745 2047 2960 2114 sapiens
2982 2087 2997 2112 ,
3027 2048 3116 2116 qui
3149 2056 3201 2101 te
3229 2047 3415 2118 diligat
3443 2060 3493 2103 et
3521 2065 3643 2118 pru—

2067 2143 2182 2200 ptcr
2225 2149 2345 2186 eum
2378 2132 2528 2187 beata
2564 2136 2828 2204 reputeris
2853 2177 2866 2200 ,
2901 2146 2955 2190 et
2988 2153 3108 2190 cum
3135 2152 3201 2190 eo
3229 2139 3407 2206 parias
3431 2155 3645 2208 quoque

2068 2220 2229 2273 filium
2252 2237 2266 2284 ;
2289 2221 2483 2277 deinde
2507 2224 2806 2294 priusquam
2831 2225 2895 2279 ad
2923 2235 3183 2280 maturam
3209 2229 3387 2282 veniat
3408 2237 3641 2292 aetatem,

2067 2312 2308 2376 excedat,
2342 2315 2614 2368 sentiesne
2641 2315 2839 2369 luctum
2859 2318 2884 2370 Ρ
2910 2316 3250 2386 Nequaquam
3283 2336 3296 2371 :
3329 2333 3452 2371 nam
3484 2319 3525 2370 is
3555 2320 3643 2386 qui

2069 2403 2236 2471 magis
2260 2403 2514 2474 diligitur,
2532 2405 2679 2459 illum
2706 2408 2958 2460 obscurat
2983 2416 3032 2462 et
3061 2407 3364 2462 abscondit.
3394 2409 3458 2464 Et
3481 2426 3640 2472 nunc,

2068 2497 2112 2548 si
2147 2497 2308 2550 Deum
2331 2499 2544 2566 quidem
2567 2499 2683 2567 plus
2700 2514 2849 2554 ames
2861 2515 3019 2569 quam
3046 2501 3318 2568 maritum,
3335 2500 3471 2556 forte
3495 2503 3640 2556 illum

2071 2603 2175 2641 non
2215 2597 2321 2641 tam
2365 2588 2472 2642 cito
2499 2589 2705 2644 auferet
2733 2607 2747 2642 :
2777 2590 2918 2659 quod
2949 2590 2993 2644 si
3029 2591 3232 2645 auferat
3257 2632 3274 2659 ,
3303 2608 3408 2646 non
3439 2603 3638 2647 tantum

2070 2677 2271 2731 senties
2305 2678 2522 2732 luctum.
2546 2679 2830 2749 Propterea
2859 2681 3046 2736 beatus
3073 2681 3174 2736 Job
3201 2683 3331 2736 nihil
3360 2694 3461 2737 tam
3485 2700 3643 2752 grave

2073 2783 2260 2838 passus
2291 2777 2392 2834 est,
2422 2786 2541 2824 cum
2573 2771 2925 2839 repentinam,
2955 2780 3008 2827 et
3030 2772 3189 2828 simul
3215 2773 3416 2834 illatam
3446 2775 3643 2830 audiis-

2073 2869 2154 2912 Set
2203 2869 2429 2913 mortem
2475 2861 3020 2933 liliorum:quoniam
3068 2863 3234 2920 Deum
3275 2865 3395 2935 plus
3435 2868 3647 2921 amabat

2074 2967 2231 3021 quam
2273 2953 2436 3020 ipsos.
2484 2953 2563 3007 Eo
2602 2969 2730 3024 ergo
2774 2956 2986 3012 vivente
3023 2957 3112 3026 qui
3161 2957 3524 3027 diligebatur,
3558 2960 3647 3014 illa

2073 3059 2196 3096 eum
2225 3043 2371 3096 nullo
2401 3052 2557 3098 erant
2586 3045 2772 3100 dolore
2799 3046 3076 3102 all‘ectura.
3106 3047 3244 3115 Quid
3265 3047 3400 3104 dicis
3419 3091 3436 3117 ,
3466 3066 3500 3104 υ
3527 3067 3643 3105 mu-

2076 3133 2174 3187 lier
2198 3139 2221 3186 ?
2253 3135 2474 3189 maritus
2511 3143 2566 3190 et
2603 3135 2744 3191 filius
2775 3146 2826 3193 te
2854 3137 3311 3207 defendebant,et
3338 3143 3434 3200 tui.
3460 3158 3644 3199 curant

2075 3223 2364 3293 gerebant;
2397 3226 2535 3279 Deus
2561 3237 2740 3281 autem
2783 3227 2876 3282 tibi
2917 3242 3022 3283 non
3065 3229 3271 3299 parcit?
3297 3231 3447 3286 illum
3477 3232 3647 3302 ipsum

2078 3317 2197 3385 quis
2252 3316 2346 3371 tibi
2392 3317 2582 3374 dedit?
2623 3336 2800 3375 annon
2831 3321 2987 3391 ipse?
3025 3330 3077 3377 te
3122 3331 3300 3378 autem
3339 3324 3459 3395 quis
3498 3325 3651 3382 fecit?

2079 3423 2255 3462 annon
2294 3409 2447 3478 ipse?
2473 3410 2575 3476 Qui
2602 3426 2668 3466 ex
2695 3410 2868 3466 nihilo
2894 3411 2960 3466 ad
2990 3412 3095 3468 hoc
3116 3425 3172 3467 ut
3200 3429 3355 3470 esses
3379 3415 3636 3484 adduxit,

2080 3509 2134 3552 et
2163 3501 2396 3554 animam
2418 3501 2696 3570 inspiravit
2721 3543 2737 3568 ,
2769 3510 2823 3556 et
2845 3511 3077 3558 mentem
3101 3503 3294 3558 indidit
3318 3547 3334 3572 ,
3364 3516 3420 3562 et
3447 3508 3529 3562 sui
3557 3525 3647 3563 co-

2079 3591 2370 3660 gnitionem
2399 3592 2491 3646 tibi
2518 3593 2695 3663 largiri
2716 3593 2961 3664 dignatus
2983 3603 3085 3660 est,
3106 3605 3160 3651 et
3187 3597 3323 3652 Filio
3343 3614 3442 3653 suo
3467 3602 3648 3671 unige-

2083 3681 2194 3736 nito
2217 3693 2432 3752 propter
2449 3693 2500 3738 te
2523 3699 2625 3736 non
2646 3685 2900 3754 pepercit,
2921 3686 3011 3741 tibi
3031 3703 3136 3742 non
3162 3690 3350 3756 parcit,
3367 3706 3654 3748 conservus

2081 3782 2258 3827 autem
2283 3773 2372 3828 tibi
2397 3775 2596 3844 parcit?
2613 3791 2769 3846 quam
2791 3791 2897 3830 non
2919 3776 3051 3831 iram
3067 3779 3303 3834 excitant
3322 3780 3440 3837 haec
3457 3783 3608 3838 verba
3631 3784 3655 3836 ?

2084 3863 2221 3928 Quid
2248 3865 2350 3920 tale
2372 3865 2600 3920 habuisti
2623 3882 2651 3920 a
2673 3869 2906 3922 marito?
2937 3867 3078 3924 Nihil
3104 3872 3277 3940 possis
3294 3872 3492 3928 dicere.
3524 3874 3651 3930 Nam

2083 3957 2293 4009 etiamsi
2322 3966 2373 4010 te
2399 3957 2575 4026 aliquo
2605 3957 2783 4012 all'ecit
2809 3959 3071 4014 beneﬁcio
3101 4002 3117 4026 ,
3146 3961 3239 4017 sed
3273 3962 3325 4017 id
3351 3962 3477 4020 fecit
3499 4006 3514 4031 ,
3536 3980 3652 4019 cum

2087 4055 2140 4100 tu
2175 4046 2318 4115 prior
2343 4045 2635 4116 iueepisses
2664 4065 2678 4101 :
2706 4048 2773 4103 de
2815 4049 2923 4103 Deo
2966 4059 3143 4106 autem
3175 4053 3312 4108 nihil
3354 4055 3459 4110 tale
3507 4056 3654 4110 dixe-

2088 4135 2159 4189 rit
2203 4136 2501 4206 quisquam.
2532 4135 2648 4190 Non
2679 4139 2820 4193 enim
2869 4139 3009 4195 Deus
3055 4143 3212 4197 nobis
3263 4143 3550 4210 benefecit,
3577 4147 3654 4200 sic

2089 4228 2235 4296 prius
2292 4227 2551 4282 beneficio
2603 4228 2862 4295 affectus;
2895 4231 2991 4286 sed
3040 4249 3160 4289 cum
3213 4235 3416 4291 nullius
3464 4245 3654 4307 egeat,

2088 4333 2157 4373 ex
2209 4319 2318 4373 sola
2384 4319 2621 4374 bonitate
2659 4321 2923 4376 benefacit
2970 4322 3246 4379 hominum
3293 4327 3496 4395 generi.
3553 4327 3657 4382 lle-

2088 4427 2248 4480 gnum
2298 4411 2389 4466 tibi
2436 4420 2517 4466 est
2559 4413 2848 4482 pollicitus,
2880 4415 3028 4470 dedit
3057 4418 3221 4471 vitam
3269 4419 3654 4482 immortalem,

2089 4502 2311 4570 gloriam
2345 4543 2360 4567 ,
2394 4504 2775 4578 fraternitatem
2808 4544 2824 4570 ,
2859 4505 3088 4561 filiorum
3117 4508 3457 4576 adoptionem
3478 4551 3496 4577 ,
3541 4510 3662 4564 fecit

2090 4592 2405 4648 coheredem
2431 4593 2696 4662 Unigeniti
2720 4613 2732 4647 :
2757 4605 2809 4649 tu
2837 4606 3016 4652 autem
3041 4610 3161 4667 post
3182 4608 3260 4653 tot
3284 4609 3339 4655 et
3367 4611 3508 4655 tanta
3525 4602 3661 4657 bona

2091 4683 2264 4736 adhuc
2289 4684 2575 4738 metninisti
2605 4686 2816 4740 mariti?
2844 4687 2980 4753 Quid
3009 4688 3098 4744 ille
3117 4689 3336 4744 donavit
3359 4691 3661 4760 ejusmodi?

2092 4777 2268 4828 Solem
2297 4791 2451 4830 suum
2487 4776 2610 4832 fecit
2638 4779 2794 4847 oriri,
2825 4781 3054 4849 pluviam
3078 4781 3246 4847 dedit,
3275 4786 3468 4838 annuis
3498 4786 3665 4855 pascit

2093 4866 2380 4920 alimentis.
2416 4866 2505 4920 Va:
2534 4867 2687 4923 nobis
2709 4869 2778 4924 ob
2808 4879 2913 4924 tam
2944 4871 3208 4940 ingratum
3229 4874 3502 4929 animum!
3540 4875 3667 4930 Pro-

2095 4967 2274 5023 ptcrca
2299 4965 2442 5011 tuum
2463 4958 2711 5013 maritum
2738 4960 2951 5029 accipit,
2979 4971 3037 5014 ut
3062 4977 3184 5016 cum
3213 4978 3318 5018 non
3342 4981 3553 5034 quaeras
3575 4982 3590 5020 :
3611 4974 3666 5019 ιιι

2095 5057 2270 5100 autem
2299 5063 2422 5103 eum
2452 5050 2540 5118 qui
2576 5049 2836 5115 excessit,
2865 5049 3040 5106 adhuc
3064 5060 3309 5115 sectaris,
3345 5053 3511 5110 Deum
3540 5071 3666 5111 vero

2095 5135 2315 5191 dimittis
2326 5153 2445 5192 cum
2464 5149 2735 5210 oporteret
2749 5139 2948 5210 gratias
2960 5155 3140 5210 agere,
3157 5157 3278 5196 cum
3297 5152 3570 5214 oporteret
3585 5155 3637 5198 to
3650 5173 3668 5186 -

2098 5237 2208 5282 tum
2232 5228 2284 5282 in
2308 5229 2476 5297 ipsum
2494 5231 2786 5300 conjicere?
2799 5232 2932 5299 Quid
2946 5233 3087 5286 enim
3105 5242 3187 5288 est
3202 5234 3342 5303 quod
3359 5234 3610 5301 accepisti
3639 5250 3669 5288 a

2099 5318 2326 5373 marito?
2341 5329 2522 5389 partus
2533 5321 2766 5389 dolores,
2785 5323 2994 5382 labores
3006 5333 3060 5378 et
3073 5325 3446 5390 contumelias,
3461 5336 3517 5380 et
3531 5340 3668 5394 saepe

2100 5412 2412 5479 maledicta,
2444 5414 2834 5484 increpationes
2853 5455 2866 5481 ,
2898 5415 3310 5487 indignationes.
3341 5416 3530 5471 Nonne
3560 5418 3672 5470 lucc

2098 5503 2276 5557 omnia
2303 5518 2332 5557 a
2361 5506 2599 5560 maritis?
2622 5507 2725 5562 Sed
2757 5517 2882 5562 sunt
2906 5508 3080 5563 adhuc
3100 5550 3115 5574 ,
3145 5509 3350 5578 inquit,
3380 5510 3516 5563 bona
3546 5510 3669 5562 alia.

2101 5597 2351 5662 Qumnam
2368 5598 2480 5653 have
2499 5600 2520 5652 ?
2541 5600 2620 5653 Me
2641 5600 2932 5670 splendidis
2949 5611 3003 5655 ct
3025 5601 3266 5670 pretiosis
3283 5600 3488 5654 ornavit
3510 5599 3674 5654 vcsti-

2107 5683 2301 5739 IIICIIIiS
2328 5722 2340 5748 ι
2384 5690 2534 5746 faciei
2560 5708 2746 5747 aurum
2776 5693 3043 5762 imposuit,
3070 5707 3151 5747 me
3176 5690 3560 5746 fecitomnibus
3583 5706 3675 5745 re-
