4010 6142
393 314 501 371 δῦῗ)

393 432 595 502 ψυχήν.
620 427 762 483 Ἀλλ’
786 429 886 482 οὐκ
901 425 1152 495 ἐποίησεν
1174 423 1647 493 εὐκαταφρόνητον
1669 418 1978 489 ἀνθρώποις

398 500 635 576 ἐκεῖνοςς
678 510 789 563 Καὶ
809 510 860 561 τί
898 508 1055 561 τοῦτο
1101 508 1279 577 μέγα;
1325 509 1358 577 ὴ
1406 506 1592 576 μέντοι
1648 504 1846 574 χηρεία
1875 500 1979 554 οὐκ

396 592 591 664 ἀφίησί
619 611 678 645 σε
723 591 976 661 γενέσθαι
1035 590 1513 660 εὐκαταφρόνητον
1564 590 1680 650 τοῖς
1734 585 1977 654 δαίμοσι.

398 677 531 728 Τότε
582 674 690 727 τῶν
724 672 950 726 οίκετῶν
1006 671 1263 743 ἐκράτεις
1304 671 1411 724 τῶν
1475 669 1605 734 σῶν,
1647 668 1702 721 εῖ
1744 683 1810 736 γε
1841 667 1981 727 ὅλως

398 759 650 827 ἐκράτεις
677 771 691 787 ο
729 754 825 808 νῦν
870 754 928 807 δὲ
965 756 1085 810 ἀντὶ
1121 754 1232 807 τῶν
1280 753 1508 806 οἰκετῶν
1530 752 1640 807 τῶν
1670 748 1981 819 ἀσωμάτων

393 842 699 910 δυνάμεων,
744 839 852 892 τῶν
897 838 1104 908 ἀρχῶν,
1156 839 1267 891 τῶν
1319 837 1600 901 ἐξουσιῶν,
1654 834 1750 888 τοῦ
1779 849 1982 910 x0000-

398 908 662 994 κράτορος
687 924 930 993 κρατεῖς.
984 920 1065 974 Τά
1093 922 1149 974 δὲ
1200 920 1418 991 λυπηρά
1475 920 1533 971 οὐ
1590 918 1786 986 λέγεις,
1820 917 1878 967 ὲν
1901 908 1982 975 οἷς

397 1005 763 1076 ὲκοινώνησας
799 1003 970 1075 αὐτῷ,
1004 1004 1057 1056 εἴ
1084 1021 1215 1056 ποτε
1261 1004 1535 1074 ἀρχόντων
1560 1002 1751 1071 φόϐος,
1776 1001 1828 1052 εἴ
1852 1014 1982 1052 ποτε

402 1088 897 1160 παρευδοκιμήσεις
960 1087 1070 1141 τῶν
1137 1086 1386 1158 πλησίον.
1436 1084 1656 1138 Τούτων
1725 1084 1983 1136 ἁπάντων

399 1171 706 1241 ἀπήλλαξαι
735 1170 853 1235 νῦν,
894 1171 1060 1239 φόϐου
1112 1171 1206 1224 καὶ
1263 1171 1436 1232 δέους.
1474 1169 1634 1222 Ἀλλά
1682 1170 1764 1230 τίς
1802 1185 1883 1221 σοι
1914 1169 1985 1220 τά

402 1253 834 1323 καταλειφθέντα
866 1253 1057 1322 θρέψει
1086 1252 1293 1314 παιδία,
1345 1254 1655 1321 μεριμνᾷς;
1696 1251 1758 1305 ’0
1791 1250 1984 1319 Πατὴρ

403 1337 511 1389 τῶν
534 1335 804 1407 ὀρφανῶν.
838 1337 935 1398 Τίς
972 1335 1081 1405 γὰρ
1115 1336 1251 1388 αὐτὰ
1287 1334 1515 1398 ἔδωκεν,
1548 1334 1671 1386 εἰπέ
1722 1350 1852 1402 μοις
1883 1334 1985 1386 οὐκ

403 1419 625 1481 ἀκούεις
652 1417 748 1471 τοῦ
779 1418 1017 1487 Χριστοῦ
1067 1417 1317 1485 λέγοντος
1361 1420 1421 1468 έν
1451 1420 1565 1477 τοῖς
1607 1416 1983 1484 Εὐαγγελίοις,

408 1502 615 1571 οὐχίή
643 1502 815 1570 ψυχὴ
871 1501 1096 1555 πλείων
1153 1501 1283 1554 ἐστὶ
1324 1500 1436 1569 τῆς
1479 1499 1725 1569 τροφῆς,
1767 1500 1865 1553 καὶ
1918 1501 1983 1553 τὸ

405 1583 577 1651 σῶμα
608 1584 714 1637 τοῦ
742 1583 1074 1652 ἐνδύματος
1089 1600 1107 1646 ;

474 1666 537 1719 δ’.
570 1667 733 1737 Ὁρᾷς
759 1666 841 1719 ότι
868 1667 967 1719 οὐκ
987 1666 1094 1718 ἀπὸ
1125 1663 1431 1735 συνηθείας,
1454 1663 1567 1716 ἀλλ’
1595 1664 1703 1718 ἀπὸ
1727 1664 1984 1726 ἀπιστίας

404 1749 433 1800 ό
458 1748 651 1819 θρῆνος
690 1748 927 1815 γίνεται;
988 1747 1126 1801 Ἀλλ’
1169 1747 1271 1800 οὐκ
1299 1747 1414 1800 ἔστι
1442 1747 1668 1818 λαμπρά
1683 1746 1883 1817 ὁμοίως
1914 1746 1983 1800 τὰ

405 1832 594 1885 παιδία
623 1831 719 1885 τοῦ
762 1832 971 1902 πατρὸς
1004 1830 1449 1902 τελευτήσαντος.
1472 1830 1688 1893 Διάτίς
1731 1831 1822 1884 τὸν
1850 1830 1984 1883 Θεὸν

402 1912 517 1983 ἔχει
545 1913 781 1985 Πατέρα,
814 1913 909 1966 καὶ¹
929 1915 1027 1967 οὐκ
1061 1912 1176 1965 ἐστι
1196 1912 1460 1983 λαμπράς
1498 1913 1707 1976 Πόσους
1740 1929 1824 1966 σοι
1853 1914 1986 1966 ὐπο-

400 1995 560 2060 δείξω
577 1996 682 2049 ὑπὸ
708 1997 895 2067 χηρῶν
919 1996 1351 2067 ἀνατραφέντας,
1371 1998 1465 2048 καὶ
1489 1995 1812 2065 γενομένους
1841 1994 1986 2048 δοκί-

406 2095 574 2148 μους;
609 2078 808 2142 πόσους
841 2078 900 2132 δὲ
928 2079 1033 2132 ὑπὸ
1071 2074 1346 2150 πατράσιν
1367 2078 1549 2141 ὄντας,
1585 2078 1681 2131 καὶ
1709 2078 1986 2131 ἀπολωλό-

400 2176 533 2227 τας;
560 2160 659 2214 Ἂν
688 2160 797 2233 γὰρ
822 2161 961 2215 αὐτά
994 2161 1306 2232 ἀνατρέφῃς
1327 2162 1391 2214 ἐκ
1421 2159 1645 2230 πρώτης
1672 2160 1888 2229 ἡλικίας
1910 2161 1983 2223 ὡς

400 2245 727 2316 ἀνατρέφειν
776 2246 878 2304 δεῖ.
924 2244 1103 2313 πολλῷ
1151 2244 1354 2315 μᾶλλον
1387 2243 1487 2313 τῆς
1524 2243 1855 2312 προστασίας
1886 2244 1987 2313 τῆς

402 2327 674 2396 πατρικῆς
703 2326 1104 2380 ἀπολαύσονται
1126 2325 1464 2395 εὐεργεσίας.
1503 2326 1624 2379 Ὅτι
1660 2326 1769 2397 γάρ
1800 2327 1987 2399 χηρῶν

400 2411 517 2462 ἐστι
571 2409 634 2463 τδ
678 2410 932 2479 πρᾶγμα,
976 2409 1037 2462 τὸ
1069 2409 1136 2462 τὰ
1191 2408 1379 2461 παιδία
1439 2408 1581 2476 λέγω
1637 2409 1983 2480 ἀνατρέφειν,

399 2492 634 2544 ἄκουσον
681 2492 897 2545 Παύλου
950 2491 1201 2558 λέγοντος
1225 2507 1239 2521 ·
1271 2491 1340 2544 El
1359 2491 1832 2560 ἐτεκνοτρόφησε
1851 2510 1865 2523 ·
1893 2495 1987 2546 καὶ⁵

400 2570 555 2643 [471]
576 2570 755 2631 πάλιν,
780 2570 1200 2636 Σωθήσεταιδε
1218 2569 1317 2623 διὰ
1344 2571 1454 2639 τῆς
1469 2574 1847 2643 τεκνογονίας
1869 2575 1986 2644 (οὐκ

401 2651 543 2721 εἷπε,
560 2655 648 2708 διὰ
662 2655 756 2708 τοῦ
770 2654 1001 2724 ἀνδρὸς),
1015 2655 1122 2709 ἐὰν
1136 2655 1476 2723 ἐπιμείνωσι
1494 2656 1569 2723 τῇ
1584 2656 1783 2711 πίστει
1796 2657 1893 2711 καί
1915 2657 1987 2726 τῇ

398 2737 605 2808 ἀγάπῃ
632 2739 730 2792 καὶ
754 2738 832 2803 τῷ
857 2738 1128 2808 ἁγιασμῷ
1137 2738 1288 2807 μετὰ
1309 2740 1732 2807 σωφροσύνης.
1766 2740 1988 2794 Ἐνθετε

400 2825 584 2886 αὐτοῖς
616 2822 707 2875 τὸν
758 2821 922 2891 φόϐον
959 2821 1052 2874 τοῦ
1097 2822 1231 2875 Θεοῦ
1263 2823 1327 2875 ἐκ
1361 2821 1584 2891 πρώτης
1611 2821 1844 2892 ἡλικίας,
1894 2823 1989 2875 καὶ

402 2905 600 2968 παντὸς
618 2908 820 2977 πατρός
836 2904 1034 2974 μᾶλλον
1049 2905 1243 2968 αὐτοὺς
1254 2904 1572 2975 διατηρήσει
1588 2919 1603 2934 °
1624 2905 1780 2957 τοῦτο
1808 2908 1985 2975 τεῖχος

401 2988 554 3040 ἔσται
607 2988 867 3058 ἁρῤαγὲς.
918 2986 1085 3039 Ὅταν
1121 2986 1231 3056 γὰρ
1275 2986 1421 3038 ἔνδον
1466 2987 1494 3036 ὁ
1541 2983 1714 3054 φύλαξ
1780 2987 1984 3055 ἐγκαθ-

399 3072 435 3141 ή
448 3087 607 3140 μενος
634 3067 692 3144 ᾗ,
715 3070 865 3124 οὐδὲν
887 3072 1023 3140 ἡμῖν
1036 3069 1144 3122 τῶν
1165 3066 1363 3135 ἔξωθεν
1388 3069 1469 3121 δεῖ
1496 3069 1946 3140 ἐπιτεχνημάτων
1963 3086 1979 3100 ⁸

400 3155 609 3210 ἐκείνου
631 3156 687 3207 δὲ
717 3156 816 3208 οὐκ
836 3154 1008 3216 ὄντος,
1038 3152 1217 3205 πάντα
1250 3153 1375 3221 εἰκῆ
1413 3153 1481 3205 τὰ
1514 3150 1712 3217 ἔξωθεν
1749 3154 1980 3220 γίνεται.

403 3238 575 3292 Τοῦτο
611 3238 794 3301 αὐτοῖς
818 3239 971 3290 ἔσται
1004 3235 1100 3289 καὶ
1128 3235 1359 3297 πλοῦτος
1390 3236 1485 3288 καὶ
1527 3233 1656 3300 δόξα
1689 3238 1784 3291 καὶ
1830 3238 1985 3290 εὐκο-

403 3322 561 3391 σμία,
584 3320 742 3374 τοῦτο
760 3321 955 3385 αὐτοὺς
980 3321 1199 3390 ποιήσει
1231 3317 1544 3388 λαμπροὺς,
1591 3319 1691 3371 οὐκ
1742 3320 1834 3372 ἐπὶ
1887 3320 1983 3390 τῆς

402 3408 526 3475 γῆς,
560 3405 696 3459 ἀλλά
744 3405 840 3457 καὶ
892 3406 949 3456 ὲν
988 3405 1099 3465 τοῖς
1137 3403 1407 3471 οὐρανοῖς.
1456 3400 1546 3472 Μὴ
1585 3400 1693 3472 γάρ
1725 3420 1814 3472 μοι
1846 3403 1984 3473 πρὸς

401 3487 642 3551 ἐκείνους
704 3487 819 3558 ῖδῃς
876 3487 1001 3548 τοὺς
1057 3485 1448 3555 διεζωσμένους
1504 3485 1602 3548 τὰς
1650 3483 1826 3548 ζώνας
1886 3489 1983 3549 τάς

403 3573 636 3642 χρυσᾶς,
671 3569 806 3640 μηδὲ
830 3570 956 3631 τούς
986 3569 1071 3637 ἐφ’
1098 3568 1279 3621 ἵππων
1317 3568 1670 3636 φερομένους,
1692 3569 1827 3638 μηδὲ
1858 3569 1983 3633 τοὺς

406 3656 464 3705 ὲν
487 3658 599 3716 τοῖς
626 3651 916 3722 βασιλείοις
942 3649 1258 3717 λάμποντας
1286 3649 1373 3701 διὰ
1393 3651 1518 3711 τοὺς
1550 3651 1817 3721 πατέρας,
1848 3653 1984 3721 μηδὲ

402 3736 530 3797 τοὺς
550 3731 875 3794 ἀκολούθους
896 3730 1119 3800 ἔχοντας
1143 3730 1235 3782 καὶ
1252 3731 1654 3798 παιδαγωγούς.
1676 3732 1860 3786 Ταῦτα
1875 3733 1983 3803 γὰρ

408 3819 536 3878 ἴσως
574 3817 672 3878 τὰς
706 3815 879 3884 χήρας
909 3814 1004 3866 ἐπὶ
1041 3814 1155 3876 τοῖς
1192 3813 1444 3883 ὀρφανοῖς
1476 3814 1769 3867 κόπτεσθαι
1817 3819 1980 3882 ποιεῖ,

405 3896 764 3964 ἑννοουμένας
788 3896 870 3948 ὅτι
898 3897 990 3949 καὶ
1015 3888 1167 3957 οὗτος
1196 3897 1225 3948 ό
1255 3894 1385 3965 ὲμὺς
1413 3898 1561 3959 παῖς,
1587 3897 1639 3950 εί
1656 3913 1717 3965 γε
1749 3899 1776 3950 ό
1801 3898 1982 3970 πατὴρ

404 3980 553 4050 αὐτῷ
586 3978 803 4050 περιῆν.
841 3978 1108 4050 τοσαύτης
1140 3978 1206 4032 ἂν
1240 3977 1515 4031 ἀπέλαυσε
1539 3981 1939 4051 μακαριότητος
1963 3997 1978 4011 °

403 4064 500 4116 νῦν
529 4063 584 4116 δὲ
616 4065 674 4115 ὲν
708 4062 980 4134 κατηφείᾳ
1040 4063 1134 4115 καὶ
1178 4060 1394 4132 ἀτιμίᾳ,
1424 4061 1519 4114 καὶ
1570 4061 1783 4125 οὐδενὸς
1833 4063 1981 4130 ἄξιος

402 4146 559 4214 λόγου
588 4146 723 4199 ἐστί.
758 4145 849 4215 Μὴ
885 4145 949 4217 δὴ
983 4144 1157 4199 ταῦτα
1181 4145 1389 4215 ὲννοῇς,
1422 4139 1468 4199 ὧ
1498 4145 1677 4213 γύναι,
1704 4146 1817 4199 ἀλλ’
1846 4150 1979 4202 ἀνα-

408 4228 643 4282 πέτασον
674 4227 768 4280 τοῦ
801 4226 1032 4298 οὐρανοῦ
1061 4227 1158 4290 τάς
1206 4225 1380 4290 πύλας
1420 4226 1498 4298 τῷ
1521 4227 1783 4300 λογισμῷ,
1816 4233 1984 4285 κατά-

407 4311 544 4379 μαθε
567 4312 634 4364 τὰ
660 4312 776 4364 ἐκεῖ
793 4310 1059 4387 βασίλεια,
1082 4311 1159 4364 ίδε
1170 4310 1389 4363 τὸνέκεί
1414 4311 1718 4382 καθήμενον
1737 4312 1980 4383 βασιλέα,

402 4394 614 4462 λόγισαι
670 4395 718 4445 εί
766 4389 912 4447 οὗτοι
944 4393 1146 4463 μᾶλλον
1176 4393 1341 4445 οξὲπὶ
1382 4393 1478 4463 τῆς
1508 4395 1612 4464 γῆς
1659 4397 1753 4449 τοῦ
1796 4399 1984 4460 παιδὸς

401 4477 496 4530 τοῦ
524 4476 618 4528 σοῦ
664 4476 921 4529 δύνανται
956 4479 1073 4529 ἐκεῖ
1126 4471 1266 4529 εἶναι
1303 4475 1696 4549 λαμπρότεροι,
1732 4482 1829 4534 καὶ
1864 4482 1982 4534 ¹τότε

404 4558 683 4625 στέναξον⁹
711 4559 776 4611 ἂν
831 4559 888 4612 δὲ
938 4560 1032 4612 ἐπὶ
1079 4554 1180 4629 τῆς
1212 4558 1314 4627 γῆς
1344 4554 1445 4612 ὦσί
1493 4578 1639 4621 τινες
1686 4563 1981 4635 εὐδόκιμοι,

399 4644 613 4707 οὐδενὸς
660 4642 817 4697 τοῦτο
854 4644 1002 4710 ἀξιον
1058 4642 1251 4711 λόγου·
1282 4643 1513 4710 ἔξεστιν,
1563 4643 1630 4698 ἃν
1679 4646 1875 4718 θέλῃς,
1922 4650 1980 4703 ὲν

404 4730 517 4789 τοῖς
577 4728 829 4797 οὐρανοῖς
863 4727 1023 4780 αὐτὸν
1071 4726 1420 4797 στρατεῦσαι,
1457 4729 1538 4790 εἰς
1572 4729 1788 4799 ἐκείνην
1820 4748 1984 4784 κατα-

404 4809 554 4873 λέξαι
581 4809 680 4881 τὴν
710 4810 1119 4880 στρατολογίαν.
1152 4810 1216 4862 Οί
1252 4809 1360 4881 γάρ
1388 4812 1505 4864 ἐκεῖ
1540 4812 1982 4884 καταλεγόμενοι,

407 4895 503 4946 οὒκ
536 4893 622 4962 ἐφ’
654 4893 835 4946 ἵππων
880 4893 1157 4966 φέρονται,
1186 4892 1301 4946 ἀλλ’
1329 4895 1388 4946 έν
1426 4893 1676 4963 νεφέλαις
1707 4913 1723 4928 ο
1758 4898 1857 4951 οὐκ
1888 4900 1981 4951 ἐπὶ

1090 311 1148 364 S.
1186 304 1471 364 JOANNlS
1505 298 1998 360 CHRYSOSTOMI
2038 297 2362 355 ARCHIEP.
2408 297 2962 355 CONSTANTINOP.

3553 300 3658 358 εει

2079 415 2184 483 γῆς
2228 415 2556 486 βαδίζουσιν,
2597 417 2713 471 ἀλλ’
2771 419 2852 480 είς
2880 416 2972 470 τὸν
3003 415 3231 487 οὐρανὸν
3277 417 3618 488 ἀρπάζονται
3644 432 3666 450 ⁸

2079 500 2140 551 οὐ
2177 500 2371 563 παῖδας
2426 500 2611 570 έχουσι
2662 502 2790 563 τοὺς
2838 498 3308 570 προηγουμένους,
3360 500 3503 556 ἀλλά
3540 504 3668 566 τοὺς

2081 584 2347 652 ἀγγέλους
2403 582 2628 647 αὐτούς’
2671 584 2732 636 οὐ
2772 582 2985 652 βασιλεῖ
3031 584 3416 654 παρεστήκασι
3466 583 3666 655 θνητῷ,

2081 666 2218 722 ἀλλά
2270 665 2349 735 τῷ
2382 666 2657 737 ἀθανάτῳ,
2710 665 2789 735 τῷ
2841 665 3053 736 βασιλεῖ
3096 667 3205 719 τῶν
3260 666 3666 737 βοσιλευόντων,

2081 752 2178 804 καὶ
2218 749 2411 820 Κυρίῳ
2450 749 2560 801 τῶν
2593 749 2955 820 κυριευόντων
2978 765 2991 778 ⁸
3025 749 3084 802 οὐ
3122 748 3299 819 ζώνην
3336 750 3669 821 δερματίνην

2083 850 2150 886 πε
2161 834 2214 903 pl
2240 832 2340 903 τὴν
2368 832 2538 899 ὀσφὺν
2583 831 2816 902 ἔχουσιν,
2844 831 2980 884 ἀλλά
3012 830 3111 902 τὴν
3138 830 3296 896 δόξαν
3325 832 3542 898 εκείνην
3569 830 3668 902 τὴν

2083 917 2342 989 ἄρρητον,
2374 915 2441 967 δι’
2467 916 2534 984 ἣν
2573 914 2668 967 καὶ
2695 913 2957 985 βασιλέων
2987 913 3225 981 γίνονται
3270 913 3665 985 λαμπρότεροι,

2084 1000 2179 1052 καὶ
2223 998 2329 1051 τῶν
2366 995 2587 1050 πώποτε
2611 997 3067 1066 εὐδοκιμηκότων.
3107 997 3193 1049 Ἐν
3221 996 3329 1067 γὰρ
3373 1000 3486 1060 τοῖς
3515 996 3668 1067 βασι-

2083 1082 2249 1146 λείοις
2297 1082 2527 1144 ἐκείνοις
2561 1083 2621 1135 οὐ
2655 1079 2905 1143 πλοῦτος,
2952 1081 3053 1133 οὐκ
3082 1080 3353 1147 εὐγένεια,
3392 1080 3496 1134 οὐκ
3540 1080 3669 1135 ἄλλο

2083 1165 2258 1231 οὐδὲν,
2289 1164 2403 1218 ἀλλ’
2447 1164 2614 1235 ἀρετὴ
2643 1163 2884 1234 ζητεῖται
2918 1162 3077 1232 μόνον
3100 1178 3113 1191 ·
3152 1161 3247 1216 καὶ
3274 1161 3487 1233 ταύτης
3522 1180 3667 1233 παρ-

2085 1248 2250 1318 ούσης
2277 1287 2291 1310 ,
2331 1247 2481 1301 οὐδὲν
2525 1248 2663 1301 ἰνδεῖ
2709 1247 2845 1317 πρὸς
2874 1246 2935 1299 τὸ
2986 1245 3095 1300 τῶν
3138 1246 3424 1316 πρωτείων
3474 1247 3667 1311 αὐτοὺς

2085 1334 2283 1402 τυχεῖν.
2312 1331 2478 1385 Οὐδὲν
2526 1332 2659 1401 ἡμῖν
2685 1332 2803 1382 ἐστι
2831 1330 3114 1401 δυσχερὲς,
3140 1329 3207 1383 ἂν
3241 1328 3489 1399 θέλωμεν
3517 1330 3667 1399 φιλοο

2088 1417 2292 1485 σοφεῖν.
2339 1415 2658 1467 Ἀνάνευσον
2706 1416 2788 1476 εἰς
2822 1413 2915 1465 τὸν
2963 1412 3217 1483 οὐρανὸν,
3260 1413 3355 1465 καὶ
3382 1413 3483 1481 δρα
3517 1414 3667 1481 πόσῳ

2086 1499 2185 1567 τῆς
2221 1497 2425 1566 ὀροφῆς
2458 1496 2567 1549 τῶν
2621 1496 2907 1567 βασιλείων
2957 1494 3340 1565 λαμπρότερος
3386 1486 3562 1558 οὗτος.
3602 1496 3666 1548 Εἰ

2087 1578 2220 1633 δὲτὸ
2250 1580 2442 1647 ἔδαφος
2482 1578 2592 1631 τῶν
2631 1580 2741 1634 ἀνω
2771 1577 3059 1648 βασιλείων
3085 1595 3156 1630 πα
3165 1578 3234 1646 ρὰ
3265 1577 3519 1630 τοσοῦτόν
3549 1579 3666 1630 ἐστι

2083 1661 2193 1715 τῶν
2213 1662 2365 1714 κάτω
2384 1660 2732 1731 σεμνότερον,
2760 1661 2836 1723 ὡς
2862 1659 3020 1713 τοῦτο
3040 1661 3178 1730 πρδς
3207 1661 3387 1711 ἐκεῖνο
3408 1658 3669 1730 βόρϐορον

2089 1742 2444 1814 νομίζεσθαι·
2482 1744 2538 1797 εῐ
2579 1761 2661 1807 τις
2696 1744 2763 1796 ἂν
2820 1743 3025 1815 ἀξιωθῇ
3045 1743 3116 1795 τὰ
3143 1742 3387 1812 βασίλεια
3423 1742 3670 1813 ἀκριϐῶς

2088 1827 2237 1891 ίδεῖν,
2273 1825 2415 1889 τινος
2469 1826 2570 1879 οὐκ
2608 1826 2759 1878 ἔσται
2801 1826 3203 1898 μακαριότητος
3262 1823 3451 1891 ἀξιος;
3493 1826 3566 1884 Ἡ
3598 1824 3670 1878 δὲ

2088 1909 2276 1976 ὅντως
2317 1908 2475 1978 χήρα
2495 1947 2508 1971 ,
2546 1911 2701 1978 φησι,
2733 1910 2830 1963 καί
2860 1909 3249 1979 μεμονωμένη
3289 1907 3548 1977 ἤλπικεν
3567 1908 3666 1961 ἐπὶ

2085 1992 2192 2046 τὸν
2240 1992 2408 2045 Θεόν.
2461 1991 2630 2045 Τοῦτο
2676 1992 2811 2062 πρὸς
2866 1992 3017 2054 τίνας
3070 1991 3312 2063 εἴρηταις
3378 1991 3522 2061 Πρὸς
3569 1991 3669 2054 τὰς

2085 2076 2314 2146 ἐχούσας
2359 2074 2578 2138 παῖδας,
2625 2075 2708 2128 δτι
2747 2073 3104 2145 δοκιμώτεροι
3140 2074 3338 2145 μᾶλλόν
3387 2077 3515 2139 είσι,
3573 2074 3670 2128 καὶ

2086 2159 2306 2212 πλείονα
2335 2157 2592 2228 ἀφορμὴν
2646 2157 2863 2227 ἔχουσιν
2895 2160 3151 2229 ἀρέσκειν
3192 2158 3311 2230 Θεῷ
3335 2172 3350 2187 ’
3380 2160 3464 2213 ὅτι
3492 2158 3671 2212 πάντα

2085 2242 2275 2303 αὐταῖς
2305 2241 2511 2294 ἀνεῖται
2540 2240 2607 2294 τά
2635 2240 2812 2310 δεσμά
2837 2259 2851 2274 ο
2886 2241 3065 2305 οὐδεὶς
3108 2245 3138 2296 ὁ
3187 2241 3453 2311 κατέχων,
3492 2241 3670 2303 οὐδεὶς

2084 2326 2113 2376 ό
2170 2322 2526 2394 ἐπισύρεσθαι
2590 2323 2690 2386 τὰς
2745 2324 2964 2388 ἁλύσεις
3028 2324 3243 2388 ὲκείνας
3315 2323 3666 2392 ἀναγκάζων.

2100 2405 2459 2477 ’Δπεσχίσθης
2507 2405 2602 2459 τοῦ
2631 2406 2846 2476 ἀνδρὸς,
2876 2407 2991 2459 ἀλλ’
3021 2406 3237 2479 ἡνώθης
3281 2406 3359 2475 τῷ
3382 2406 3503 2476 Θεῷ
3526 2423 3540 2436 ·
3568 2407 3671 2459 οὐκ

2086 2491 2234 2561 ἔχεις
2284 2492 2571 2560 συνόμιλον
2605 2491 2695 2545 τὸν
2721 2490 3026 2561 ὁμόδουλον,
3072 2490 3190 2544 ἀλλ’
3248 2489 3392 2560 ἔχεις
3440 2489 3532 2542 τὸν
3570 2493 3669 2542 Δε-

2089 2578 2314 2647 σπότην.
2341 2580 2511 2632 Ὅταν
2541 2577 2695 2649 εΰχῃ,
2713 2577 2837 2646 οὐχὶ
2863 2576 2939 2646 τῷ
2971 2575 3092 2645 Θεῷ
3119 2574 3362 2646 διαλέγῃ,
3392 2576 3509 2628 εἰπέ
3540 2592 3665 2644 μοι;

2087 2661 2215 2715 ὅταν
2230 2659 2627 2731 ἀναγινώσκῃς,
2645 2660 2809 2715 ἄκουε
2826 2658 2990 2711 αὐτοῦ
3009 2675 3088 2711 σοι
3103 2656 3252 2729 [472]
3266 2657 3663 2727 διαλεγομένου.

2088 2743 2153 2794 Τί
2186 2743 2245 2796 δέ
2295 2760 2376 2796 σοι
2421 2742 2767 2809 διαλέγεται;
2798 2739 2989 2811 Πολλῷ
3036 2741 3130 2793 τοῦ
3176 2740 3368 2811 ἀνδρός
3422 2737 3669 2792 ποθεινό-

2088 2841 2221 2895 τερα
2273 2827 2513 2895 ῥήματα.
2562 2825 2623 2877 Ὀ
2677 2823 2777 2893 μὲν
2824 2825 2934 2894 γάρ
2970 2822 3110 2894 ἀνὴρ
3138 2823 3241 2876 κᾶν
3269 2821 3561 2891 κολακεύῃ,
3605 2820 3669 2873 οὐ

2092 2907 2263 2978 πολλὴ
2293 2910 2325 2977 ὴ
2355 2910 2487 2978 τιμή
2514 2923 2529 2938 ·
2563 2906 2851 2977 ὁμόδουλος
2879 2908 2991 2978 γάρ
3017 2910 3166 2961 ἐστιν
3185 2920 3198 2933 ·
3233 2907 3361 2959 ὅταν
3389 2905 3447 2959 δὲ
3483 2907 3513 2958 ὁ
3535 2907 3669 2957 Δεσ-

2092 2989 2262 3059 πότης
2282 2990 2380 3060 τὴν
2405 2990 2599 3060 δούλην
2629 2989 2921 3062 κολακεύῃ,
2951 2989 3072 3042 τότε
3097 2988 3268 3057 πολλὴ
3301 2990 3335 3057 ἡ
3378 2987 3666 3059 θεραπεία.

2092 3072 2216 3135 Πῶς
2245 3069 2338 3125 οὖν
2377 3076 2525 3142 ἡμᾶς
2559 3072 2853 3143 θεραπεύει
2881 3089 2894 3137 ;
2935 3073 3200 3125 ’Ἄκουσον
3245 3071 3310 3125 δι’
3340 3072 3484 3124 ὅσων
3513 3069 3672 3122 τοῦτο

2090 3158 2255 3209 ποιεῖ.
2266 3155 2465 3218 Δεῦτε,
2490 3156 2644 3226 φησὶ,
2660 3157 2810 3222 πρός
2821 3171 2917 3224 με,
2929 3153 3153 3220 πάντες
3165 3157 3217 3208 οί
3231 3151 3557 3218 κοπιῶντες
3574 3150 3670 3206 και

2092 3238 2576 3308 πεφορτισμένοι,
2612 3235 2775 3306 κάγὼ
2812 3237 3145 3291 ἀναπαύσω
3170 3234 3347 3304 ὑμᾶς.
3375 3235 3487 3289 Καὶ
3511 3233 3671 3288 πάλιν

2089 3319 2180 3373 διά
2201 3321 2293 3372 τοῦ
2319 3324 2595 3391 προφήτου
2637 3319 2755 3390 βοᾷ,
2790 3318 2963 3387 λέγων
2986 3337 3002 3350 ·
3029 3318 3125 3386 Μὴ
3146 3318 3498 3383 ἐπιλήσεται
3514 3315 3668 3385 γυνὴ

2090 3403 2198 3457 τοῦ
2241 3402 2492 3470 ἐλεῆσαι
2517 3401 2592 3456 τὰ
2613 3402 2836 3472 ἔκγονα
2859 3401 2971 3469 τῆς
3003 3402 3240 3467 κοιλίας
3273 3399 3461 3466 αὐτῆς
3483 3416 3504 3465 ;
3530 3402 3585 3453 εἰ
3601 3397 3671 3453 δὲ

2091 3486 2190 3538 καί
2239 3484 2580 3540 ἐπιλάθοιτο
2607 3484 2786 3554 γυνὴ,
2817 3484 2956 3538 ἀλλ’
2994 3483 3109 3555 ἐγὼ
3135 3485 3246 3538 οὐκ
3281 3481 3667 3551 ἐπιλήσομαι,

2088 3569 2251 3638 λέγει
2277 3570 2511 3637 Κύριος.
2546 3570 2722 3622 Πόσου
2778 3567 2952 3621 ταῦτα
3012 3567 3236 3637 φίλτρου
3284 3565 3355 3620 τά
3403 3566 3666 3636 ῥήματας

2091 3656 2204 3708 Καὶ
2262 3654 2448 3719 πάλιν,
2501 3653 2936 3724 Ἐπιστράφητε
2982 3655 3133 3722 πρός
3179 3668 3292 3721 με·
3346 3652 3440 3705 καὶ
3507 3650 3669 3703 πάλιν

2089 3737 2346 3807 ἀλλαχοῦ,
2395 3738 2811 3806 Ἐπίστρεψον
2832 3740 2982 3806 πρός
3022 3753 3120 3807 με,
3174 3735 3273 3789 καὶ
3300 3733 3574 3803 σωθήσῃ.
3603 3732 3667 3786 El

2088 3818 2144 3871 δέ
2192 3836 2276 3884 τις
2321 3819 2416 3873 καὶ
2468 3822 2534 3873 έκ
2591 3820 2701 3874 τῶν
2777 3820 3062 3891 ’ᾼσμάτων
3108 3818 3349 3889 βούλοιτο
3398 3815 3665 3882 ἐκλέγειν,

2089 3901 2380 3956 ἀκούσεται
2408 3944 2423 3968 ,
2503 3900 2882 3973 μυστικώτερα
2949 3901 3090 3955 αὐτά
3163 3899 3539 3969 ἐκλαμϐάνων,
3606 3898 3671 3954 Ἡ

2089 3986 2247 4052 καλή
2281 4003 2422 4055 μου,
2448 3985 2486 4051 ἡ
2527 3984 2846 4053 περιστερά
2877 4003 3017 4053 μου,
3058 3984 3196 4055 πρὸς
3222 3982 3400 4053 ψυχὴν
3425 3983 3662 4052 ἑκάστην

2089 4069 2238 4140 αὐτῷ
2267 4070 2581 4137 πρέπουσαν
2637 4069 3040 4139 διαλεγομένου.
3073 4069 3140 4122 Τί
3175 4068 3381 4121 τούτων
3424 4065 3531 4120 τῶν
3563 4068 3660 4136 ρη-

2092 4152 2278 4221 μάτων
2299 4151 2485 4222 ἦδιονς
2529 4151 2691 4223 Ὀρᾶς
2719 4152 2953 4216 διάλεξιν
2970 4151 3106 4204 Θεοῦ
3139 4150 3275 4220 πρὸς
3309 4148 3624 4219 ἀνθρώπους
3641 4164 3659 4213 ;

2089 4233 2155 4287 Τί
2190 4233 2267 4299 δὲ,
2317 4233 2438 4286 εἰπέ
2497 4251 2618 4304 μοις
2658 4236 2756 4304 οὐχ
2786 4236 2938 4305 δρᾷς,
2964 4232 3079 4287 ὅσοι
3106 4233 3331 4287 ἐκείνων
3355 4231 3461 4284 τῶν
3487 4246 3663 4300 μακαο

2093 4317 2223 4386 ρίων
2248 4316 2526 4384 γυναικῶν
2547 4317 2737 4380 παῖδες
2764 4318 3024 4388 ἀπῆλθον,
3055 4316 3152 4370 καὶ
3176 4317 3234 4368 ὲν
3264 4314 3455 4384 τάφοις
3481 4314 3618 4366 είσίν
3641 4328 3660 4380 ;

2088 4399 2210 4451 ὃσαι
2258 4399 2612 4470 χαλεπώτερα
2641 4399 2962 4461 πεπόνθασι,
2997 4400 3092 4453 καὶ
3121 4399 3260 4468 μετά
3297 4397 3404 4451 τῶν
3453 4395 3663 4466 ἀνδρῶν

2090 4483 2187 4534 καὶ
2215 4484 2364 4546 υἱοὺς
2386 4483 2724 4547 ἀπέόαλλονς
2764 4484 2985 4545 Τούτοις
3021 4481 3465 4553 προσανέχωμεν,
3489 4477 3660 4531 ταῦτα

2094 4566 2482 4637 μεριμνῶμεν·
2522 4568 2618 4619 καὶ
2659 4567 2812 4620 οὐδὲν
2851 4568 2981 4636 ἡμῖν
3010 4565 3162 4617 ἔσται
3205 4562 3470 4635 λυπηρὸν,
3523 4560 3661 4614 ἀλλά

2088 4647 2266 4701 πάντα
2291 4647 2666 4719 διατελέσομεν
2691 4648 2784 4701 τὸν
2811 4648 2999 4718 χρόνον
3032 4646 3171 4717 μετά
3207 4646 3381 4716 χαρᾶς
3410 4659 3654 4714 πνευμα-

2085 4732 2242 4799 τικῆς
2267 4729 2563 4799 διάγοντες,
2591 4732 2685 4785 καὶ
2711 4731 2820 4785 τῶν
2848 4731 3080 4785 αἰωνίων
3118 4727 3497 4799 ἀπολαύσομεν
3522 4728 3653 4793 ἀγα-

2086 4811 2195 4866 θῶν
2221 4830 2236 4844 ο
2265 4806 2342 4867 ὧν
2366 4814 2574 4882 γένοιτο
2608 4814 2810 4877 πάντας
2836 4814 2986 4885 ἡμᾶς
3020 4814 3316 4883 ἐπιτυχεῖν,
3350 4811 3535 4883 χάριτι
3568 4811 3660 4864 καὶ

2087 4894 2483 4968 φιλανθρωπία,
2519 4897 2613 4950 καὶ
2642 4896 2711 4950 τά
2741 4896 2886 4968 ἑξῆς.
