4010 6142
350 208 457 265 433

340 326 653 386 verendam.
672 323 778 380 Sed
801 322 845 377 si
868 319 1018 384 velis,
1044 319 1198 386 longe
1223 314 1432 370 meliori
1455 324 1507 369 te
1524 311 1796 368 decorabit
1815 325 1905 363 or-

342 427 614 481 namento,
641 429 799 484 quam
819 411 865 465 is
887 409 975 480 qui
994 407 1224 463 excessit
1249 424 1262 460 :
1282 405 1439 473 longe
1456 403 1599 457 enim
1619 399 1907 454 admirabi-

338 512 531 566 liorem
554 520 711 578 quam
752 516 941 556 aurqu
973 496 1151 552 reddit
1182 494 1454 549 honestas.
1480 491 1650 546 Habet
1676 489 1762 544 hic
1787 489 1904 542 Rex

345 613 538 665 vestes,
560 612 665 653 non
695 594 827 649 tales
854 632 870 658 ,
897 589 991 645 sed
1028 590 1184 656 longe
1212 583 1609 655 przcstautiorcs
1643 599 1655 636 :
1686 580 1792 634 illis
1820 619 1835 643 ,
1865 578 1911 633 si

345 692 494 752 velis,
524 686 759 741 induere.
782 682 1036 750 Quaenam
1057 686 1236 730 autem
1264 682 1385 729 sunt
1403 670 1545 727 illae?
1569 669 1663 725 Est
1688 669 1909 723 vestitus

340 794 531 834 aureas
580 774 781 829 habens
820 769 1060 825 ﬁmbrias
1090 787 1105 823 :
1135 780 1201 820 eo
1226 765 1270 819 si
1302 764 1435 819 velis
1463 761 1624 816 indue
1652 760 1907 814 animam.

340 875 410 926 At
435 868 609 924 effecit
633 874 691 921 ut
715 880 822 918 non
845 858 1175 927 contemptui
1195 854 1466 910 habereris
1481 852 1550 908 ab
1567 848 1913 906 hominibus?

339 961 405 1014 Et
441 957 569 1028 quid
611 955 716 1009 hoc
747 950 1039 1021 magnum?
1067 947 1296 1002 viduitas
1336 954 1484 1000 certe
1529 958 1637 997 non
1680 941 1806 996 sivit
1858 948 1916 994 ut

334 1048 664 1117 contemptui
695 1044 939 1100 habearis
969 1056 1000 1095 a
1026 1038 1379 1096 daemonibus.
1414 1036 1562 1091 Tunc
1581 1033 1911 1089 dominatum

336 1138 619 1194 obtinebas
646 1137 697 1190 iu
731 1144 850 1190 tuos
874 1130 1104 1187 famulos
1128 1168 1145 1194 ,
1172 1129 1218 1183 si
1251 1126 1411 1181 modo
1450 1125 1672 1186 omnino
1708 1122 1917 1177 obtine-

338 1231 435 1285 bas
462 1247 475 1281 :
508 1242 649 1282 nunc
676 1234 858 1279 autem
890 1237 986 1291 pro
1012 1218 1222 1275 famulis
1248 1217 1581 1273 dominatum
1617 1213 1828 1267 obtines
1860 1211 1911 1263 in

340 1328 689 1389 incorporeas
719 1317 967 1380 virtutes,
990 1312 1341 1383 principatus,
1372 1315 1665 1379 potestates
1691 1345 1706 1368 ,
1740 1312 1914 1359 recto-

339 1428 455 1467 rem
483 1411 639 1478 hujus
665 1405 846 1462 mundi
876 1415 1042 1460 tenes.
1067 1401 1330 1457 Molestias
1359 1408 1536 1453 autem
1558 1411 1664 1451 non
1682 1394 1835 1456 dicis,
1863 1395 1914 1446 in

339 1504 535 1574 quibus
560 1498 719 1554 simul
745 1512 864 1552 cum
891 1511 958 1551 eo
983 1493 1283 1549 versaberis
1314 1533 1328 1557 ,
1363 1490 1408 1545 si
1439 1487 1652 1560 quando
1682 1485 1916 1540 vexabat

341 1605 517 1649 ructus
564 1591 999 1660 magistratuum,
1046 1586 1091 1641 si
1138 1583 1352 1655 quando
1386 1582 1681 1635 vicinorum
1724 1577 1916 1632 melior

339 1681 682 1738 existimatio.
718 1680 799 1733 Ab
824 1679 906 1731 his
935 1676 1183 1731 ouinibus
1211 1689 1352 1727 nunc
1371 1687 1432 1727 es
1457 1671 1681 1725 liberata
1708 1710 1723 1733 ,
1751 1682 1780 1721 a
1812 1676 1916 1721 ter-

339 1760 463 1829 rore
492 1783 546 1828 et
574 1781 738 1828 metu.
758 1770 862 1826 Sed
883 1768 1110 1824 sollicita
1140 1780 1201 1821 es
1222 1766 1343 1835 quis
1369 1764 1585 1817 relictos
1607 1761 1698 1816 tibi
1721 1761 1916 1815 nutriet

340 1869 509 1931 lilios,
543 1865 702 1919 Pater
729 1861 1113 1929 orphanorum.
1137 1858 1266 1925 Quis
1291 1856 1433 1911 enim
1456 1855 1601 1925 ipsos
1628 1853 1794 1919 dedit,
1806 1851 1915 1916 dic,

338 1956 559 2025 quaeso?
584 1968 689 2010 non
719 1953 872 2009 audis
900 1952 1175 2008 Christum
1196 1949 1460 2004 dicentem
1492 1949 1543 2001 in
1580 1946 1870 2015 Evangelio
1900 1963 1913 1998 :

342 2046 533 2100 Nonne
565 2045 739 2099 anima
781 2052 853 2098 est
886 2043 1000 2112 plus
1015 2057 1174 2112 quant
1188 2056 1323 2105 esca,
1352 2049 1399 2094 et
1435 2054 1617 2107 corpus
1644 2053 1797 2106 quam
1834 2038 1915 2089 in-

340 2138 635 2188 dumentum
655 2132 868 2201 (Matth.
892 2132 946 2186 6.
966 2129 1101 2202 25)?

412 2230 470 2284 4.
502 2226 663 2282 Vides
688 2225 1119 2279 lamentationem
1151 2238 1255 2277 non
1286 2236 1404 2276 esse
1423 2236 1483 2276 es
1514 2219 1916 2280 consuetudine.

339 2320 438 2375 sed
464 2335 530 2373 ex
562 2315 975 2371 incredulitate?
1007 2316 1074 2368 At
1103 2313 1193 2367 lilii
1225 2328 1329 2366 non
1359 2322 1478 2365 sunt
1508 2327 1660 2380 aeque
1693 2311 1822 2366 clari
1865 2322 1919 2365 et

336 2414 578 2466 illustres
595 2450 608 2472 ,
633 2423 753 2463 cum
786 2416 934 2476 pater
959 2406 1271 2464 decesserit.
1293 2406 1510 2471 Quare?
1539 2406 1703 2458 Deum
1724 2403 1920 2457 habent

334 2502 577 2564 Patrem,
601 2510 651 2553 et
675 2515 781 2554 non
812 2507 934 2551 sum
961 2498 1089 2550 clari
1115 2508 1168 2550 et
1195 2495 1471 2550 illustres?
1514 2511 1674 2564 quam
1723 2495 1919 2549 multos

331 2593 430 2647 tibi
463 2591 740 2645 ostendam
771 2605 803 2644 a
830 2590 1003 2643 viduis
1031 2588 1284 2644 educatos
1304 2630 1320 2653 ,
1368 2589 1458 2658 qui
1502 2588 1718 2643 luerunt
1765 2589 1918 2643 bona:

325 2682 786 2739 existimationis?
827 2696 986 2749 quam
1033 2680 1230 2734 multos
1255 2690 1433 2735 autem
1460 2694 1489 2733 a
1517 2681 1754 2749 patribus
1780 2680 1916 2735 edu-

325 2784 506 2836 catos,
543 2773 630 2841 qui
660 2770 968 2841 perierunt?
996 2768 1050 2824 Si
1082 2772 1222 2823 enim
1244 2786 1338 2824 eos
1355 2770 1572 2835 educas,
1600 2779 1660 2825 ut
1685 2783 1916 2840 oportet,

324 2880 357 2915 a
396 2863 567 2931 prima
595 2862 810 2916 ineunte
854 2870 1046 2925 aetate,
1098 2860 1288 2929 majori
1334 2859 1576 2916 fruentur
1616 2862 1877 2917 beneﬁcio
1901 2905 1917 2929 ,

325 2968 499 3020 quam
528 2966 594 3005 ex
621 2965 747 3012 cura
777 2960 1015 3020 paterna.
1046 2950 1199 3018 Quod
1229 2952 1371 3005 cuitu
1401 2952 1502 3006 hoc
1526 2954 1596 3006 sit
1643 2953 1916 3008 viduarum

325 3056 539 3095 munus
562 3082 577 3104 ,
629 3056 820 3110 nempe
844 3042 981 3095 ﬁlios
1006 3042 1174 3107 alere,
1200 3043 1323 3095 audi
1356 3042 1577 3097 Paulum
1604 3044 1867 3099 dicentem
1902 3064 1914 3099 :

321 3139 391 3191 Si
424 3137 566 3205 ﬁlios
591 3137 859 3200 educavit;
885 3145 941 3191 et
972 3152 1175 3201 rursus,
1207 3136 1503 3190 Saluabitur
1532 3148 1698 3191 autem
1721 3156 1810 3206 per
1851 3141 1917 3208 ft-

320 3230 523 3281 liorum
552 3228 1087 3297 generationem(nou
1136 3227 1312 3293 dixit,
1360 3228 1465 3283 Per
1506 3230 1831 3302 maritum),
1878 3233 1923 3284 si

317 3320 708 3388 permanserint
737 3320 915 3388 inﬁde
942 3330 988 3373 et
1029 3322 1239 3372 caritate
1278 3330 1325 3373 et
1367 3321 1764 3388 sanctiﬁcatione
1806 3340 1920 3375 cum

317 3411 669 3479 tmnperantia
699 3411 783 3479 (l.
811 3409 946 3463 Tim.
973 3411 1027 3465 5.
1055 3410 1139 3465 l0.
1169 3423 1215 3464 et
1251 3410 1304 3465 2.
1339 3412 1465 3482 15).
1497 3413 1664 3467 ludite
1705 3416 1784 3469 eis
1830 3415 1919 3471 Dei

320 3506 591 3555 timorem
616 3503 683 3553 ab
714 3504 931 3557 ineunte
960 3512 1147 3566 actate,
1179 3514 1234 3559 et
1262 3504 1307 3558 is
1335 3520 1429 3560 eos
1450 3507 1619 3576 magis
1659 3507 1923 3562 custodiet

317 3607 502 3659 quam
528 3592 700 3657 quivis
732 3603 915 3659 pater:
948 3593 1032 3647 hic
1056 3595 1150 3648 erit
1187 3610 1368 3650 nmrus
1393 3596 1667 3653 infractus.
1697 3599 1921 3665 Quando

319 3686 490 3735 enim
516 3683 655 3733 intus
678 3682 834 3735 fuerit
851 3684 1090 3737 residens
1119 3696 1319 3749 custos,
1356 3688 1484 3742 nihil
1515 3691 1669 3745 nobis
1689 3693 1922 3747 externis

314 3785 478 3837 opus
526 3778 610 3823 est
654 3772 1034 3828 munitionibus
1067 3793 1080 3829 ε
1113 3776 1156 3828 si
1207 3785 1383 3833 autem
1434 3796 1538 3834 non
1587 3783 1695 3846 sit,
1727 3783 1920 3839 frustra

314 3871 460 3914 sunt
497 3876 850 3929 quaecumque
878 3874 1123 3920 externa.
1156 3866 1267 3922 Hoc
1294 3871 1395 3923 erit
1422 3872 1499 3925 eis
1531 3881 1585 3926 et
1629 3872 1830 3928 divitiae
1870 3886 1923 3929 et

307 3951 511 4020 gloria
541 3961 596 4004 et
637 3965 1005 4008 ornamentum
1037 3975 1050 4008 :
1082 3957 1180 4012 hoc
1210 3974 1303 4013 eos
1333 3961 1486 4016 l'aciet
1514 3964 1691 4018 claros
1717 3976 1763 4019 et
1799 3968 1920 4019 illu-

304 4054 503 4105 stres,
532 4042 712 4095 nonin
744 4052 907 4107 terra,
939 4047 1033 4100 sed
1059 4049 1218 4102 etiam
1250 4051 1298 4103 in
1329 4053 1494 4124 ezrlis.
1526 4054 1600 4108 Ne
1628 4056 1758 4109 mihi
1780 4057 1919 4109 enim

302 4134 379 4187 ad
418 4133 556 4186 illos
583 4135 862 4202 aspexeris
890 4137 977 4203 qui
1005 4137 1160 4193 cincti
1189 4149 1310 4194 sunt
1339 4144 1487 4196 zonis
1512 4146 1707 4209 aureis,
1737 4162 1834 4200 nec
1856 4147 1920 4200 ad

298 4239 412 4278 eos
448 4223 551 4292 qni
580 4222 848 4278 vehuntur
874 4228 1024 4296 equis
1047 4268 1064 4292 ,
1093 4244 1192 4283 nec
1217 4230 1282 4284 ad
1313 4246 1407 4285 eos
1433 4234 1520 4301 qui
1550 4234 1829 4303 splendent
1871 4237 1919 4289 in

302 4315 470 4383 regia
511 4323 734 4381 propter
762 4326 962 4383 patres,
994 4334 1092 4372 nec
1118 4320 1183 4373 ad
1213 4337 1307 4376 eos
1336 4323 1421 4391 qui
1450 4326 1683 4379 asseclas
1726 4327 1922 4381 habent

298 4417 360 4459 et
389 4404 753 4475 pmdagogos.
781 4406 905 4462 Haec
930 4411 1074 4463 enim
1104 4412 1328 4466 fortasse
1354 4415 1538 4468 viduas
1566 4417 1824 4470 inducunt
1867 4430 1923 4472 ut

297 4499 595 4566 plangant
616 4507 837 4563 propter
859 4499 1150 4568 orpbanos,
1181 4504 1259 4557 sic
1281 4506 1576 4573 cogitantes
1605 4526 1617 4560 :
1648 4508 1742 4563 llic
1773 4527 1922 4566 meus

297 4589 499 4651 lilius,
557 4588 607 4640 si
653 4597 802 4655 ptttt'r
847 4591 895 4645 ei
926 4591 1113 4648 luisset
1140 4605 1442 4662 superstes,
1476 4606 1673 4652 tantam
1700 4601 1923 4670 adeptus

292 4690 464 4735 esset
499 4678 931 4745 beatitudinem;
964 4698 1107 4738 nunc
1131 4694 1309 4739 autem
1356 4696 1440 4741 est
1488 4690 1536 4742 in
1586 4706 1818 4746 interere
1869 4703 1924 4748 et

290 4774 671 4834 contemptu,
702 4777 759 4820 et
787 4769 838 4821 in
864 4770 1003 4825 nulla
1029 4775 1437 4830 existimatione.
1464 4778 1538 4832 Ne
1563 4780 1675 4834 hzrc
1696 4786 1917 4851 cogites,

289 4875 332 4913 ο
364 4857 616 4916 mulier,
647 4857 737 4908 sed
764 4861 1080 4927 cogitatione
1106 4866 1249 4930 aperi
1273 4869 1388 4920 ειεΙὶ
1416 4880 1612 4933 μοι-ωε,
1636 4872 1782 4926 disce
1804 4890 1918 4927 eam

288 4964 436 5019 qua:
474 4945 604 4998 illic
626 4957 701 4999 es:
727 4947 961 5016 Regiam,
994 4967 1174 5020 reputa
1204 4972 1270 5010 an
1302 4959 1334 5010 ii
1364 4961 1450 5027 qui
1484 4973 1606 5016 sunt
1646 4962 1698 5017 in
1742 4973 1916 5030 terra,

289 5038 541 5107 possint
574 5049 699 5089 esse
721 5038 971 5095 clariores
1001 5044 1109 5098 lilio
1133 5055 1223 5099 tuo
1247 5048 1335 5116 qui
1386 5050 1490 5104 illic
1528 5064 1645 5118 est,
1692 5064 1745 5106 et
1792 5064 1917 5110 tunc

285 5129 679 5198 ingemisce:
727 5127 769 5179 si
801 5139 975 5184 autem
1005 5133 1056 5185 in
1102 5143 1238 5189 terra
1288 5139 1393 5190 sint
1435 5141 1593 5211 aliqui
1645 5144 1875 5199 illustres
1900 5187 1913 5209 ,

282 5222 421 5290 ejus
460 5215 550 5271 rei
579 5216 729 5270 nulla
757 5230 837 5270 est
867 5220 1102 5275 habenula
1143 5229 1276 5279 ratio
1305 5246 1316 5280 :
1351 5229 1471 5283 licet
1492 5234 1533 5284 si
1561 5234 1692 5288 velis
1738 5236 1907 5303 ipsum

284 5313 560 5368 militare
599 5308 656 5359 in
681 5310 858 5373 cn'lis,
892 5317 940 5365 in
986 5316 1123 5370 illius
1152 5322 1421 5375 exercitus
1468 5339 1746 5380 numerum
1792 5343 1912 5383 eunt

1153 204 1217 260 ΙΝ
1258 202 1470 261 εριετ.
1514 202 1554 258 Ι.
1596 200 1685 257 AD
1723 197 2053 255 TIIESSAL.
2095 196 2247 253 CAP.
2289 198 2376 252 IV.
2423 198 2652 254 IIOMIL.
2698 198 2785 254 Vl.

3488 206 3596 264 «ιω

2021 309 2242 364 referre.
2275 309 2407 363 Nam
2434 310 2524 380 qui
2557 312 2608 362 in
2639 311 2785 365 illum
2815 326 3093 366 numerum
3117 312 3420 372 referuntur
3442 357 3458 384 ,
3488 334 3598 373 non

2020 400 2172 468 cquis
2203 398 2487 465 vehuntur,
2521 400 2615 454 sed
2641 400 2884 454 feruntur
2906 401 2957 454 in
2998 402 3264 469 nubibus;
3298 420 3403 460 non
3451 405 3594 460 humi

2019 488 2364 557 gradiuntur,
2395 488 2490 544 sed
2522 491 2796 559 rapiuntur
2819 492 2873 545 in
2901 491 3092 546 caelum
3122 508 3138 546 :
3169 509 3274 548 non
3295 494 3492 551 habent
3516 496 3594 550 fa-

2022 578 2194 633 mulos
2220 578 2310 647 qui
2336 580 2481 647 ipsos
2515 578 2848 649 praecedant,
2882 580 2976 637 sed
3001 580 3147 651 ipsos
3181 585 3437 654 angelos;
3486 601 3595 642 non

2019 670 2279 723 assistunt
2304 669 2418 739 regi
2445 669 2680 735 mortali,
2711 670 2807 726 sed
2834 671 3157 741 immortali,
3198 675 3329 746 Regi
3369 691 3551 747 regum
3577 718 3594 743 ,

2020 768 2077 813 et
2105 760 2328 815 Domino
2356 760 2780 827 dominantium;
2809 779 2915 818 non
2958 763 3157 820 habent
3200 768 3342 823 circa
3388 769 3598 824 lumbos

2021 865 2209 904 zonam
2242 851 2546 920 pelliceam,
2578 852 2672 908 sed
2701 853 2924 923 gloriam
2955 856 3098 911 illam
3139 857 3456 915 inellabilem
3481 902 3496 925 ,
3544 873 3599 915 et

2022 941 2233 1009 regibus
2260 940 2392 997 liunt
2414 942 2806 1013 splendidiores
2829 962 2844 1010 ;
2871 954 2927 1000 et
2956 946 3021 1001 iis
3050 949 3142 1017 qui
3163 950 3448 1019 aliquando
3478 951 3597 1006 fue-

2023 1041 2148 1086 runt
2172 1033 2223 1086 in
2254 1031 2463 1089 honore
2483 1043 2538 1088 et
2574 1035 2985 1093 existimatione.
3037 1037 3094 1092 In
3135 1039 3224 1094 illa
3267 1044 3410 1095 enim
3454 1043 3597 1112 regia

2022 1136 2126 1176 non
2151 1133 2463 1191 quaeruntur
2485 1123 2684 1179 divitia:
2703 1168 2718 1191 ,
2751 1142 2922 1197 neque
2946 1128 3216 1191 nobilitas,
3242 1145 3413 1199 neque
3441 1130 3600 1201 quid-

2020 1229 2178 1283 quam
2204 1215 2368 1282 aliud,
2401 1216 2495 1271 sed
2525 1218 2697 1271 solum
2724 1219 2980 1287 quaeritur
3005 1220 3203 1283 virtus;
3237 1230 3289 1274 et
3314 1222 3359 1275 si
3395 1236 3457 1275 ea
3500 1222 3599 1275 ad-

2021 1307 2120 1372 sit,
2157 1306 2289 1362 nihil
2314 1306 2466 1363 deest
2508 1308 2575 1363 ad
2617 1309 2817 1377 primas
2860 1319 3036 1378 partes
3083 1309 3420 1365 obtinendas.
3459 1310 3600 1366 Nihil

2020 1405 2103 1452 est
2132 1398 2287 1454 nobis
2312 1398 2533 1455 diflicile
2560 1401 2606 1454 si
2630 1401 2859 1456 velimus
2883 1401 3268 1472 philosophari.
3298 1403 3519 1474 Suspiee
3546 1406 3600 1458 iu

2020 1492 2230 1551 czelum.
2258 1503 2311 1546 et
2343 1493 2461 1547 vide
2490 1504 2747 1562 quantum
2775 1509 2954 1563 regum
2985 1494 3191 1564 fastigio
3219 1495 3320 1552 hoc
3344 1496 3415 1551 sit
3459 1512 3600 1567 prae-

2021 1582 2237 1636 clarius.
2268 1581 2323 1638 Si
2347 1593 2526 1638 autem
2556 1598 2908 1653 supernorum
2936 1600 3117 1655 regum
3134 1586 3497 1656 pavimentum
3517 1599 3597 1642 est

2024 1671 2334 1728 inferiorum
2364 1688 2548 1742 regutn
2601 1675 2907 1743 pavimento
2948 1684 3093 1729 tanto
3138 1677 3557 1746 magniﬁcentius
3581 1718 3598 1743 ,

2024 1768 2083 1816 ut
2109 1762 2209 1817 hoc
2237 1779 2350 1833 pra:
2380 1763 2471 1818 illo
2495 1778 2708 1819 ccenum
2740 1764 3073 1820 existimetur
3101 1779 3116 1817 :
3145 1765 3192 1820 si
3212 1766 3474 1836 quispiam
3519 1768 3603 1821 di-

2022 1868 2160 1922 gnus
2177 1854 2243 1911 sit
2262 1855 2473 1909 habitus
2501 1856 2590 1925 qui
2618 1866 2803 1911 exacte
2829 1864 2882 1911 et
2906 1865 3153 1912 accurate
3181 1858 3356 1912 videat
3378 1860 3599 1930 regiam,

2022 1960 2251 2013 quanam
2279 1962 2385 2002 non
2412 1948 2515 2002 erit
2543 1949 2732 2018 dignus
2761 1948 3128 2006 beatitudine?
3156 1950 3285 2016 Qua
3307 1962 3495 2017 autem,
3530 1955 3600 2008 in.

2022 2035 2155 2102 quit,
2182 2045 2255 2089 est
2282 2052 2396 2090 vere
2423 2037 2596 2103 vidua,
2629 2047 2676 2093 et
2705 2038 2932 2093 desolata
2957 2082 2973 2107 ,
3001 2051 3171 2110 sperat
3196 2046 3250 2096 in
3294 2041 3461 2098 Deum
3504 2054 3521 2114 ί
3545 2050 3600 2103 1.

2026 2122 2157 2177 Tim.
2190 2127 2245 2181 5.
2277 2126 2376 2195 5).
2408 2126 2519 2183 Hoc
2541 2128 2857 2198 quibusnam
2903 2145 2933 2186 a
2981 2147 3069 2188 me
3108 2133 3309 2189 dictum
3360 2134 3487 2190 est?
3532 2135 3603 2191 lis

2021 2228 2140 2283 qua:
2171 2214 2371 2270 habent
2396 2216 2568 2284 ﬁlios,
2600 2219 2742 2288 quod
2769 2221 2924 2292 longe
2970 2224 3305 2293 probatiores
3347 2226 3492 2292 sint,
3546 2239 3603 2282 et

2025 2305 2281 2374 majorem
2321 2307 2554 2363 habeant
2583 2313 2921 2368 occasionem
2960 2315 3207 2383 piaeendi
3254 2316 3405 2383 Deo;
3455 2319 3599 2387 quod

2022 2398 2101 2452 eis
2128 2401 2307 2454 omnia
2338 2402 2510 2456 soluta
2536 2403 2645 2458 sint
2668 2406 2897 2469 vincula,
2928 2422 3084 2462 nemo
3113 2409 3182 2462 sit
3207 2411 3297 2478 qui
3337 2409 3563 2464 retineat
3583 2452 3600 2475 ,

2024 2503 2195 2556 neque
2220 2492 2307 2557 qui
2328 2503 2482 2562 cogat
2509 2494 2626 2549 illas
2649 2496 2862 2551 trahere
2890 2508 3126 2552 catenas.
3166 2498 3424 2568 Separata
3464 2516 3524 2555 es
3570 2518 3602 2554 a

2023 2581 2137 2634 viro
2159 2621 2176 2645 ,
2209 2582 2302 2635 sed
2333 2586 2479 2637 unita
2510 2600 2570 2640 es
2602 2586 2711 2640 Deo
2741 2604 2753 2640 :
2787 2604 2893 2642 non
2941 2590 3106 2644 habes
3153 2605 3478 2646 conservum
3528 2602 3605 2648 te—

2022 2685 2143 2724 cum
2178 2672 2459 2729 habentem
2488 2679 2950 2747 Consuetudinem,
2983 2681 3077 2736 sed
3112 2682 3275 2738 habes
3301 2684 3601 2738 Dominum.

2022 2761 2244 2829 Quando
2268 2780 2389 2820 Oras
2409 2807 2425 2832 ,
2458 2783 2635 2823 nonne
2665 2786 2785 2824 cum
2816 2771 2928 2825 Deo
2958 2771 3190 2841 loqueris
3210 2811 3225 2837 ,
3256 2773 3362 2835 die,
3381 2777 3606 2843 quaeso?

2022 2857 2234 2924 quando
2261 2857 2412 2927 legis,
2436 2861 2557 2913 audi
2578 2876 2698 2914 eum
2723 2848 2895 2917 tcdum
2927 2864 3248 2933 loquentem.
3268 2866 3403 2932 Quid
3424 2876 3603 2922 autem

2023 2946 2186 3001 dicit?
2219 2946 2387 3003 Verba
2422 2951 2516 3003 viri
2551 2953 2729 3006 verbis
2772 2954 2942 3007 multo
2989 2956 3157 3032 magis
3203 2955 3599 3016 desiderabilia.

2022 3036 2154 3091 Nam
2184 3039 2262 3092 vir
2281 3040 2515 3108 quidem,
2549 3043 2756 3096 etiamsi
2799 3043 3065 3110 aduletur,
3097 3060 3205 3101 non
3255 3062 3481 3116 magnus
3519 3062 3602 3103 est

2024 3127 2228 3195 honor;
2260 3138 2342 3185 est
2366 3131 2507 3186 enim
2534 3147 2825 3186 conservus
2862 3150 2876 3185 :
2905 3134 3118 3200 quando
3142 3145 3319 3189 autem
3347 3138 3607 3193 Dominus

2024 3218 2237 3274 famulae
2262 3222 2527 3286 adulatur,
2561 3233 2685 3277 tunc
2708 3239 2895 3292 magna
2916 3235 2997 3279 eSt
3017 3240 3143 3279 cura
3161 3236 3214 3280 et
3242 3226 3600 3284 observantia.

2024 3310 2302 3375 Quomodo
2324 3328 2451 3382 ergo
2474 3329 2571 3366 nos
2595 3324 2747 3369 etn'at
2774 3325 2828 3369 et
2852 3315 3135 3371 observat?
3166 3318 3300 3373 Audi
3333 3334 3427 3388 per
3450 3336 3601 3390 qutu-

2025 3418 2145 3457 nam
2177 3404 2291 3458 haec
2316 3405 2438 3459 laeit
2466 3421 2480 3458 :
2523 3405 2712 3471 Venite,
2747 3408 2935 3477 inquit,
2965 3410 3032 3463 ad
3060 3426 3138 3463 me
3165 3427 3335 3467 omnes
3353 3414 3441 3482 qui
3463 3416 3601 3469 labo-

2024 3494 2148 3546 ratis
2177 3503 2224 3546 et
2252 3496 2445 3547 onerati
2471 3496 2613 3560 estis,
2641 3507 2686 3550 et
2712 3513 2804 3567 ego
2841 3500 3069 3566 reﬁciam
3107 3517 3193 3554 ros
3236 3501 3461 3570 (Matth.
3512 3507 3599 3558 ll.

2024 3584 2148 3653 2s).
2182 3586 2244 3638 Et
2273 3601 2462 3640 rursus
2491 3603 2584 3656 per
2617 3589 2929 3657 prophetam
2961 3592 3176 3657 clamat,
3211 3593 3393 3649 dicens
3414 3637 3430 3661 ,
3459 3595 3602 3650 Num

2026 3679 2341 3731 obliviscetur
2361 3681 2543 3733 mulier
2571 3682 2794 3734 misereri
2816 3685 3023 3753 [mtuum
3045 3685 3232 3739 ventris
3260 3687 3340 3740 sui
3359 3687 3385 3740 Ρ
3406 3689 3540 3757 quod
3558 3692 3602 3743 si

2026 3771 2175 3821 etiam
2201 3769 2357 3822 oblita
2381 3773 2534 3839 fuerit
2567 3773 2766 3836 mulier,
2798 3774 2887 3825 sed
2914 3791 3004 3844 ego
3034 3792 3133 3829 non
3163 3776 3451 3843 obliviscar,
3482 3781 3602 3834 dicit

2028 3858 2469 3928 Dominns(lsai.
2523 3862 2613 3914 49.
2665 3863 2788 3929 l5).
2835 3863 3025 3927 Quanti
3075 3867 3279 3919 amoris
3322 3879 3445 3921 sunt
3489 3869 3604 3925 hac

2026 3952 2225 4006 verba?
2258 3953 2321 4005 lit
2343 3969 2549 4013 rursus,
2575 3951 2930 4005 Convertimini
2956 3955 3023 4006 ad
3041 3972 3151 4021 me;
3172 3967 3222 4009 et
3243 3974 3425 4010 rursus
3449 3960 3598 4021 alibi,

2026 4044 2320 4097 Convertere
2342 4044 2410 4096 ad
2431 4060 2528 4106 me,
2561 4054 2605 4097 et
2635 4044 2803 4096 salvus
2828 4045 2924 4097 eris
2951 4044 2969 4113 (
2993 4045 3122 4097 lsai.
3158 4047 3211 4099 4.
3238 4048 3290 4100 5.
3323 4049 3412 4101 2'2.
3438 4060 3486 4101 et
3507 4050 3596 4103 Η.

2024 4134 2092 4187 2:2
2113 4134 2154 4201 ).
2186 4135 2239 4187 Si
2269 4137 2388 4204 quis
2413 4145 2589 4188 autem
2614 4137 2777 4188 etiam
2804 4149 2868 4188 ex
2899 4134 3130 4190 Canticis
3149 4138 3600 4209 Velitoxeerpere,

2025 4226 2224 4289 audiet,
2258 4227 2423 4295 magis
2454 4227 2671 4294 mystica
2701 4226 2973 4293 excipiens
3007 4245 3021 4278 :
3067 4225 3293 4281 Pulchra
3328 4247 3440 4283 mea
3464 4273 3480 4296 ,
3511 4248 3602 4284 co-

2025 4316 2192 4368 lumbi
2221 4332 2327 4367 mea
2359 4316 2375 4383 (
2399 4314 2545 4369 Cant.
2573 4318 2627 4368 ‘2.
2652 4315 2746 4383 10)
2770 4334 2782 4377 ;
2815 4316 2991 4370 audiet
3017 4331 3136 4371 Cum
3160 4333 3475 4389 unaquaque
3501 4323 3601 4375 sibi

2025 4408 2373 4461 conveniente
2399 4407 2573 4459 anima
2604 4408 2977 4462 disserentem.
3006 4410 3143 4475 Quid
3193 4409 3274 4465 bis
3310 4414 3485 4466 Verbis
3518 4415 3604 4482 ju-

2025 4497 2289 4552 cundius?
2316 4497 2476 4551 Vides
2509 4498 2597 4551 Dei
2625 4514 2744 4552 cum
2789 4500 3004 4555 homine
3046 4502 3415 4572 colloquium?
3463 4505 3602 4572 Quid

2024 4586 2583 4660 autem,dic,qu:eso?
2618 4607 2722 4645 non
2752 4592 2899 4646 vides
2929 4610 3086 4662 quam
3132 4596 3283 4649 multi
3325 4596 3602 4652 beatorum

2027 4679 2232 4733 illarum
2266 4681 2547 4735 mulierum
2581 4681 2673 4735 lilii
2703 4681 3070 4748 decesserunt,
3100 4695 3152 4738 et
3181 4698 3303 4739 sunt
3331 4688 3380 4739 in
3420 4690 3603 4757 sepul-

2025 4772 2173 4825 cris?
2201 4781 2330 4841 quot
2352 4773 2603 4827 mulieres
2628 4776 2875 4844 graviora
2904 4791 3073 4843 passa:
3099 4787 3239 4838 sunt,
3271 4786 3323 4830 et
3347 4793 3465 4831 cum
3493 4796 3607 4832 ma-

2026 4863 2142 4917 ritis
2172 4863 2309 4918 ﬁlios
2337 4880 2545 4934 quoque
2571 4866 2907 4919 amiserunt?
2934 4866 3026 4920 llis
3047 4867 3404 4934 attendamus,
3431 4868 3498 4924 de
3522 4871 3605 4926 his

2025 4952 2190 5005 simus
2207 4953 2421 5007 solliciti
2447 4971 2462 5017 ;
2496 4964 2549 5008 et
2579 4953 2708 5007 nihil
2735 4955 2839 5007 erit
2868 4957 3021 5007 nobis
3051 4957 3332 5009 molestum
3351 4997 3364 5020 ,
3398 4961 3490 5013 sed
3518 4970 3603 5013 to-

2029 5051 2135 5095 tum
2167 5053 2373 5112 tempus
2399 5059 2714 5113 peragcmus
2743 5044 2995 5110 degentes
3038 5060 3157 5098 cum
3199 5047 3395 5114 gaudio
3441 5052 3602 5118 spiri—

2030 5133 2173 5196 tuali,
2207 5145 2259 5188 et
2287 5135 2439 5188 bonis
2465 5133 2704 5187 fruentur
2729 5136 2943 5187 internis
2973 5151 2988 5192 ;
3020 5151 3137 5203 qua:
3165 5137 3317 5192 nobis
3343 5142 3592 5199 omnibus

2028 5222 2178 5276 detur
2201 5224 2450 5292 consequi
2473 5223 2638 5292 gratia
2667 5233 2718 5275 et
2747 5223 3090 5292 benignitate,
3129 5236 3234 5280 etc.
