4010 6142
1216 241 1277 296 '8.
1319 236 1598 295 JOANNIS
1628 231 2047 291 CllRYSOSTOl

2157 231 2464 291 ARCIIIEP.
2496 233 3019 298 ωΝΞΤΑΝΤΙΝΟΡ.
3651 253 3745 310 456

480 391 3732 420 Mm

1872 445 2218 531 HOMILIA
2264 465 2396 532 VII.

478 629 609 686 Car.
639 629 689 682 ι.
721 642 775 680 v.
805 624 891 680 12.
924 623 1060 679 Noto
1081 633 1249 677 autem
1282 637 1369 676 vos
1415 621 1651 690 ignorare
1671 659 1686 683 ,
1726 619 1913 687 fratres
1935 653 1951 676 ,
1995 609 2060 664 de

551 719 910 773 dormientibus
930 755 942 778 ,
970 726 1024 768 ut
1051 731 1151 768 non
1177 711 1544 766 contristemini
1564 749 1580 771 ,
1629 713 1758 761 sicut
1807 715 1853 759 et
1893 701 2061 757 ueteri

549 809 636 870 qui
657 824 795 878 spem
825 823 926 860 non
955 805 1157 858 habent.

554 906 606 959 i.
637 901 813 955 Multa:
845 914 931 953 res
960 908 1085 952 sunt
1112 896 1267 950 nobis
1294 894 1538 948 molesta:
1557 905 1625 946 ex
1659 889 1772 944 sola
1803 888 2060 957 ignoran-

479 998 549 1051 tia
584 1014 596 1048 :
629 993 770 1064 quod
799 993 842 1046 si
873 1003 965 1045 cas
991 1001 1139 1043 recte
1165 987 1542 1047 didicerimus,
1573 983 1812 1036 dolorem
1844 976 2060 1047 propul-

472 1087 731 1142 sabimus.
768 1085 880 1138 Hoc
903 1098 1032 1152 ergo
1059 1080 1251 1134 Paulus
1279 1091 1492 1148 quoque
1523 1075 1785 1138 indicans,
1806 1069 2014 1124 dicebat
2039 1083 2051 1118 :

477 1178 527 1231 Ν
533 1179 614 1230 olo
644 1192 731 1230 vos
757 1175 1013 1244 ignorare,
1043 1182 1098 1225 ut
1127 1189 1227 1224 non
1254 1167 1633 1230 contristemini,
1663 1167 1792 1218 sicut
1821 1174 1866 1217 et
1887 1160 2058 1217 cwteri

473 1269 559 1336 qui
588 1283 727 1336 spem
753 1281 851 1318 non
883 1264 1081 1316 habent.
1117 1261 1254 1330 Quid
1293 1276 1399 1313 non
1446 1259 1526 1312 vis
1575 1258 1718 1326 ipsos
1773 1252 2058 1325 ignorare?

475 1358 815 1419 Sermonem,
849 1353 1037 1423 inquit,
1066 1352 1132 1406 de
1163 1350 1573 1406 resurrectione.
1622 1348 1732 1400 Cur
1778 1360 1906 1399 vero
1950 1359 2055 1396 non

475 1451 613 1505 dicis
657 1447 977 1518 supplicium
1029 1445 1170 1516 quod
1232 1455 1315 1498 est
1363 1443 1656 1511 repositum
1700 1452 1764 1492 ac
1817 1445 2055 1507 paratum

477 1541 843 1611 ignorantibus
888 1537 1106 1592 verbum
1154 1531 1607 1602 resurrectionis?
1651 1529 1784 1597 Quia
1831 1528 1932 1582 hoc
1977 1535 2058 1580 est

475 1635 600 1688 inde
621 1631 981 1694 manifestum,
1023 1639 1078 1683 et
1115 1630 1167 1683 in
1194 1626 1442 1681 confesso
1467 1635 1546 1679 est
1581 1639 1594 1676 :
1628 1622 1837 1677 interim
1877 1631 2054 1673 autem

473 1725 580 1778 crit
606 1737 819 1792 quoque
847 1720 970 1775 inde
999 1736 1104 1774 non
1130 1733 1312 1788 parum
1344 1715 1495 1770 lucri.
1529 1713 1661 1768 Nam
1690 1710 1942 1780 quoniam
1972 1723 2057 1762 re-

472 1811 790 1867 surrectioni
817 1811 1030 1881 quidem
1055 1808 1213 1863 fidem
1250 1806 1552 1868 habebant,
1603 1802 1696 1858 sed
1744 1811 1921 1856 tamen
1978 1801 2057 1852 la-

472 1902 878 1967 mentabantur,
911 1910 1190 1971 pr0pterea
1216 1899 1294 1953 sic
1322 1897 1476 1952 dicit.
1501 1896 1674 1951 Aliter
1717 1893 1930 1965 quidem
1973 1892 2055 1946 lo-

469 1993 651 2064 quitur
679 2008 799 2047 cum
823 2007 927 2046 non
955 1990 1337 2053 credentibus,
1379 1989 1539 2044 aliter
1585 2001 1715 2040 vero
1761 2000 1882 2038 cum
1927 1984 2052 2037 his:

472 2102 594 2140 nam
625 2100 718 2141 eos
747 2085 837 2155 qui
859 2085 1171 2155 qnterebant
1200 2083 1267 2138 de
1299 2081 1626 2151 temporibus
1646 2079 1817 2150 palam
1845 2076 2053 2132 esthoc

469 2177 716 2231 scivisse.
765 2176 854 2230 15.
908 2174 971 2230 Si
1013 2175 1145 2228 enim
1173 2173 1458 2238 credimus,
1490 2171 1692 2240 inquit,
1738 2169 1872 2240 quod
1903 2167 2054 2221 Jesus

471 2277 703 2320 mortuus
727 2275 798 2320 est
821 2275 868 2318 et
891 2266 1168 2320 resurrexit
1195 2274 1242 2318 et
1266 2265 1390 2318 vixit
1415 2279 1434 2317 :
1460 2263 1532 2316 ita
1557 2272 1602 2315 et
1639 2261 1772 2315 Deus
1799 2276 1883 2314 eos
1905 2300 1921 2325 ,
1969 2260 2054 2327 qui

469 2359 787 2412 dormierunt
815 2373 903 2425 per
923 2355 1120 2418 Iesum,
1154 2355 1374 2407 adducet
1401 2370 1515 2406 cum
1536 2369 1616 2406 eo.
1649 2352 1747 2408 Ubi
1789 2361 1914 2406 sunt
1961 2351 2050 2420 qui

470 2464 686 2503 carnem
711 2448 999 2516 reprobaut
1025 2456 1079 2500 et
1104 2445 1395 2514 rejiciunt?
1422 2444 1553 2498 Nam
1593 2443 1638 2498 si
1686 2457 1905 2497 carnem
1949 2457 2053 2495 non

472 2539 708 2606 accepit,
741 2553 839 2590 nec
865 2547 946 2590 est
973 2546 1216 2590 mortuus
1245 2554 1258 2589 ε
1288 2535 1333 2588 si
1366 2550 1468 2588 non
1497 2543 1582 2589 est
1633 2543 1875 2588 mortuus
1895 2574 1908 2595 ,
1957 2547 2057 2586 nec

471 2628 787 2682 resurrexit.
817 2627 1097 2694 Quomodo
1123 2642 1252 2696 ergo
1284 2641 1380 2680 nos
1406 2643 1468 2681 cx
1505 2626 1586 2679 his
1625 2626 1942 2679 adhortatur
1985 2623 2050 2676 ad

472 2719 631 2774 ﬁdem
655 2718 679 2771 ἲ
705 2733 911 2778 annon,
945 2717 1085 2786 quod
1112 2717 1177 2771 ad
1226 2733 1414 2771 eorum
1463 2717 1650 2770 attinet
1697 2715 2015 2768 sententiam
2037 2757 2051 2777 ,

472 2819 556 2865 est
583 2810 759 2878 potius
785 2817 1008 2878 nugator
1033 2817 1087 2863 et
1113 2809 1403 2876 impostor?
1431 2807 1558 2861 Nam
1587 2809 1630 2861 si
1653 2817 1920 2860 mortuum
1935 2821 2055 2861 esse

471 2910 555 2954 est
584 2900 809 2971 peccati,
837 2898 1081 2954 Christus
1106 2909 1283 2954 autem
1329 2917 1432 2953 non
1479 2899 1750 2968 peccavit,
1781 2902 2051 2968 quomodo

472 3007 571 3046 nos
590 3006 730 3045 nunc
745 2991 1097 3054 adhortatur?
1113 2991 1377 3059 Quorsum
1402 3006 1530 3044 vero
1551 2991 1710 3044 etiam
1728 2991 1878 3053 dicit,
1903 2991 2052 3044 Sicut

471 3084 653 3153 reliqui
673 3084 763 3152 qui
787 3100 926 3151 spem
947 3099 1046 3136 non
1075 3083 1304 3135 habent?
1331 3079 1490 3148 Quasi
1523 3082 1747 3145 diceret,
1781 3082 2050 3149 Quosnam

469 3175 680 3230 deﬁelis
701 3215 718 3241 ,
751 3191 784 3228 ο
811 3173 1096 3228 homines?
1129 3189 1224 3242 pro
1253 3174 1570 3242 quibusnam
1615 3187 1847 3228 mmrore
1884 3173 2053 3226 affici-

471 3268 644 3322 mini?
673 3283 767 3336 pro
797 3266 1188 3337 peccatoribus,
1219 3282 1286 3319 au
1313 3281 1409 3334 pro
1434 3265 1496 3318 iis
1544 3275 1746 3318 tantum
1791 3264 1882 3334 qui
1935 3281 2051 3317 mo-

469 3358 726 3413 riuntur?
759 3358 830 3411 illi
859 3360 1020 3427 igitur
1044 3372 1303 3427 quosnam
1339 3355 1572 3411 deflent?
1601 3355 1758 3412 Certe
1783 3366 1904 3409 sunt
1949 3355 2052 3408 illis

469 3450 646 3504 omnia
682 3448 878 3502 inania.
916 3447 1323 3518 Primogeuitus,
1356 3449 1548 3516 inquit,
1577 3465 1640 3500 ea:
1661 3448 1872 3501 mortuis
1902 3445 2047 3518 (Col.

471 3541 524 3594 Ι.
558 3539 698 3610 18);
733 3540 782 3593 id
813 3549 915 3603 est,
948 3541 1215 3606 primitim.
1250 3540 1392 3608 Ergo
1417 3549 1470 3593 et
1496 3548 1722 3594 etrteros
1743 3554 1863 3592 esse
1890 3553 2050 3606 opor-

473 3640 568 3685 tet.
603 3630 737 3683 Vide
757 3638 936 3682 autem
963 3629 1234 3697 quomodo
1262 3629 1346 3682 hic
1370 3629 1503 3682 nihil
1544 3630 1786 3682 adstruat
1826 3630 2048 3682 rationi-

472 3719 594 3784 bus,
626 3721 877 3789 quoniam
909 3730 1063 3775 erant
1095 3722 1250 3775 mites
1285 3730 1339 3775 et
1364 3723 1557 3791 placidi
1590 3738 1602 3774 :
1633 3723 1698 3776 ad
1742 3721 2049 3777 Corinthios

472 3821 652 3866 autem
682 3812 922 3867 scribens
946 3853 961 3876 ,
995 3813 1155 3868 multa
1193 3814 1412 3884 agitavit
1452 3815 1775 3879 rationibus,
1829 3827 1884 3870 et
1923 3827 2049 3868 tuue

471 3903 747 3971 subjunxit
780 3921 792 3956 :
818 3901 1078 3974 [nsipiens
1107 3914 1184 3970 tu,
1216 3905 1352 3974 quod
1381 3906 1600 3958 seminas
1637 3922 1735 3959 non
1765 3907 2048 3966 vivi/icatur

469 3996 489 4061 (
512 3996 564 4049 1.
593 3995 711 4048 Car.
744 3996 828 4050 15.
858 3995 973 4066 56).
1007 3997 1115 4051 lloc
1145 4000 1288 4052 enim
1317 4010 1399 4053 est
1429 3997 1634 4053 ﬁrmius
1656 4010 1705 4052 et
1737 4000 1932 4067 aptius,
1954 4000 2046 4055 sed

468 4089 681 4157 quando
701 4088 1068 4158 dispulatcum
1097 4091 1340 4145 fidelibus
1376 4108 1390 4143 :
1421 4091 1559 4160 apud
1587 4099 1841 4147 externos
1867 4104 2045 4145 autem

466 4193 626 4248 quam
655 4180 757 4233 vim
792 4179 893 4235 hoc
923 4181 1212 4235 habuerit?
1245 4181 1324 4234 lla
1353 4192 1401 4236 et
1431 4181 1565 4237 Deus
1588 4199 1693 4248 eos,
1714 4185 1801 4252 qui
1826 4185 2046 4238 dormie-

466 4281 584 4324 runt
612 4288 699 4339 per
717 4271 914 4336 Iesum,
945 4273 1160 4326 adducet
1184 4290 1296 4327 cum
1320 4290 1397 4328 eo.
1431 4275 1635 4330 Rursus
1655 4317 1670 4338 ,
1699 4276 1799 4342 Qui
1823 4277 2045 4330 dormie-

466 4373 632 4417 runt:
668 4379 926 4433 nusquam
960 4365 1120 4430 dicit,
1149 4365 1337 4420 Mortui
1383 4376 1525 4420 sunt.
1576 4367 1684 4422 Sed
1729 4368 1780 4422 in
1828 4367 2046 4422 Christo

465 4453 678 4522 quidem
707 4455 902 4524 posuit,
936 4454 1172 4510 Mortuus
1195 4467 1288 4520 est,
1318 4460 1566 4527 quoniam
1599 4459 1735 4514 dixit
1782 4476 1904 4515 eum
1956 4476 2044 4516 rc-

463 4544 764 4597 surrexisse
793 4562 806 4598 :
839 4544 923 4598 hic
953 4560 1079 4600 vero
1100 4588 1113 4609 ,
1157 4547 1259 4600 Eos
1281 4550 1366 4616 qui
1388 4549 1700 4604 dormierunt
1727 4568 1816 4621 per
1839 4551 2039 4607 Iesum.

467 4632 560 4686 Vel
589 4633 690 4687 hoc
713 4634 859 4698 dicit,
885 4636 1022 4704 quod
1049 4638 1100 4690 in
1130 4638 1231 4693 fide
1257 4638 1382 4693 Jesn
1405 4644 1595 4695 mortui
1625 4644 1770 4707 sint;
1801 4645 1879 4698 vel
1899 4647 2039 4714 quod

463 4739 559 4790 per
581 4722 763 4778 Jesum
797 4725 1119 4780 adducturus
1143 4729 1212 4782 sit
1240 4744 1336 4782 eos
1356 4732 1442 4800 qui
1471 4732 1825 4798 dormierunt,
1859 4735 1907 4788 id
1932 4744 2035 4799 est,

461 4813 669 4869 ﬁdi-les.
705 4814 802 4868 llic
828 4816 1059 4871 hmretiei
1091 4820 1375 4888 signiﬁcari
1405 4823 1587 4876 dicunt
1633 4839 1726 4878 eos
1775 4828 1864 4895 qui
1913 4839 2038 4880 sunt

461 4906 732 4974 baptizati.
766 4909 894 4962 Illud
923 4925 1084 4975 vero,
1119 4911 1204 4965 Ita
1226 4956 1238 4974 ,
1266 4915 1533 4982 quomodo
1559 4917 1844 4970 consistit?
1878 4916 2036 4972 Jesos

458 4998 600 5050 enim
629 5013 733 5052 non
755 4999 1009 5055 dormivit
1036 5018 1130 5070 per
1159 5004 1499 5071 baptismum.
1533 5005 1643 5059 Cur
1679 5021 1808 5075 ergo
1852 5008 1981 5062 dicit
2017 5024 2030 5060 :

473 5088 573 5154 Qui
599 5091 954 5146 dormierunt?
983 5094 1159 5162 Itaque
1184 5109 1286 5148 non
1313 5095 1378 5151 de
1409 5097 1664 5165 generali,
1692 5098 1784 5151 sed
1819 5098 1887 5152 de
1922 5100 2034 5152 sin-

470 5178 634 5243 gulari
665 5193 756 5233 seu
785 5185 1084 5249 particulari
1119 5185 1352 5252 loquitur
1376 5189 1790 5243 rcsm'ret-tiouc.
1821 5187 1923 5241 Eos
1949 5190 2035 5258 qui

460 5278 774 5330 dormierunt
801 5295 890 5347 per
913 5277 1090 5332 Jesum
1118 5279 1331 5333 adducet
1350 5322 1363 5342 ,
1411 5280 1578 5350 inquit
1608 5296 1621 5331 :
1652 5289 1705 5334 et
1753 5280 1931 5334 multis
1981 5282 2030 5332 in

453 5367 583 5423 locis
611 5368 679 5421 ita
709 5367 859 5421 dicit.
889 5369 971 5422 M.
1009 5367 1121 5422 Hoc
1141 5370 1270 5422 enim
1291 5369 1424 5422 vobis
1451 5370 1663 5421 dicimus
1685 5371 1736 5422 in
1760 5370 1904 5422 verba
1931 5369 2035 5421 Do-

451 5463 593 5521 mini,
623 5461 759 5528 quod
782 5477 871 5513 nos
895 5461 980 5528 qui
1005 5461 1234 5520 vivimus,
1261 5463 1348 5530 qui
1367 5461 1556 5514 residui
1581 5479 1750 5514 suntus
1772 5463 1821 5514 in
1839 5461 2027 5513 adcen-

451 5563 556 5604 tum
609 5552 856 5615 Domini,
905 5569 1004 5605 non
1051 5555 1404 5621 prwrenicmus
1453 5571 1535 5606 eos
1576 5555 1660 5622 qui
1690 5553 2020 5604 dormierunt.

455 5641 701 5707 Loquens
731 5643 796 5695 de
825 5642 1066 5694 fidelibus
1107 5644 1230 5695 d'cit
1256 5687 1268 5706 ,
1323 5645 1420 5697 Eos
1463 5646 1545 5710 qui
1588 5645 1931 5706 dormierunt;
1978 5655 2030 5697 ct

2170 623 2376 677 rursus,
2411 612 2903 688 Mortuiresurgent.
2939 621 3140 678 Deinde
3166 638 3270 678 non
3315 625 3489 679 solum
3534 630 3643 696 agit
3679 627 3738 681 do.

2166 706 2577 770 resurrectione,
2609 708 2703 763 scd
2732 719 2787 764 et
2811 711 2878 765 de
2903 716 3297 770 resurrectione
3341 727 3396 770 et
3440 717 3645 772 honore
3691 720 3733 774 ir

2165 791 2350 862 gloria.
2382 794 2554 865 Atque
2583 802 2978 857 resurrectione
3006 804 3220 872 quidem
3252 797 3441 861 omnes
3471 806 3738 875 fruentur,

2166 882 2369 951 inquit;
2402 901 2509 940 non
2540 904 2728 944 omnes
2755 903 2931 946 autem
2957 905 3116 947 erunt
3145 895 3196 948 in
3221 898 3391 966 gloria
3411 939 3427 962 ,
3458 900 3552 954 sed
3575 941 3588 963 ,
3647 903 3737 968 Qui

2164 975 2216 1027 in
2239 974 2459 1031 Christo.
2491 978 2753 1045 Quoniam
2787 998 2915 1053 ergo
2943 985 3085 1053 ipsos
3128 987 3241 1040 vult
3284 990 3588 1054 consolari,
3639 1009 3734 1044 nou

2163 1081 2227 1120 ex
2263 1067 2362 1122 hoc
2385 1070 2560 1124 solum
2591 1073 2902 1145 consolatur
2923 1117 2938 1140 ,
2973 1076 3065 1130 sed
3095 1087 3148 1130 et
3177 1093 3240 1131 ex
3269 1080 3436 1134 multo
3463 1081 3667 1137 honore
3691 1093 3737 1137 et

2163 1171 2228 1210 ex
2253 1159 2559 1224 velocitate,
2585 1165 2835 1232 quoniam
2865 1167 2994 1220 illud
3022 1169 3282 1223 sciebant.
3316 1170 3448 1224 Nam
3486 1173 3629 1242 quod
3678 1191 3736 1230 ex

2164 1248 2366 1304 honore
2389 1251 2531 1321 ipsos
2559 1256 2984 1322 velitconsolari,
3013 1258 3142 1314 dicit
3161 1263 3496 1327 procedens:
3527 1264 3596 1316 Et
3615 1282 3739 1319 sem-

2161 1357 2252 1409 per
2274 1359 2388 1395 cum
2419 1342 2636 1399 Domino
2658 1349 2863 1412 erimus,
2887 1359 2962 1414 et,
2985 1349 3050 1403 In
3079 1353 3291 1423 nubibus
3315 1356 3574 1419 rapientur
3594 1358 3730 1429 (Cor.

2161 1446 2209 1483 v.
2247 1431 2355 1501 16).
2385 1433 2666 1498 Quomodo
2682 1447 2859 1492 autem
2883 1439 3064 1495 ﬁdeles
3101 1456 3195 1510 per
3218 1442 3398 1497 Jesum
3425 1445 3733 1502 dormiunt?

2163 1523 2274 1579 Hoc
2302 1534 2385 1579 est
2406 1567 2422 1590 ,
2455 1528 2724 1584 Christum
2765 1531 2815 1584 in
2841 1547 2899 1586 se
2925 1532 3206 1590 habentes.
3241 1535 3371 1591 Illud
3401 1549 3604 1605 autem,
3635 1542 3736 1594 Ad-

2161 1613 2309 1668 ducet
2328 1632 2443 1668 cum
2470 1633 2562 1682 eo,
2595 1621 2824 1674 ostendit
2855 1623 3043 1676 adduci
3095 1640 3159 1678 ex
3205 1627 3386 1681 multis
3431 1628 3583 1683 locis.
3635 1631 3738 1685 Hoc

2161 1706 2294 1758 enim
2317 1707 2452 1760 vobis
2473 1747 2488 1769 ,
2517 1709 2720 1779 inquit,
2753 1713 2967 1768 dicimus
2998 1716 3051 1768 in
3080 1717 3228 1771 verbo
3253 1717 3479 1773 Domini.
3511 1721 3622 1780 Hoc
3652 1739 3739 1777 no-

2159 1811 2282 1850 vum
2306 1809 2360 1852 et
2388 1799 2684 1855 inauditum
2716 1815 2826 1857 erat
2855 1805 3132 1873 dicturus;
3166 1820 3446 1878 propterea
3475 1812 3640 1866 efficit
3687 1826 3738 1867 ut

2160 1886 2230 1940 sit
2253 1887 2358 1942 ﬁde
2381 1889 2622 1959 dignum.
2655 1891 2720 1946 In
2742 1895 2888 1948 verbo
2909 1937 2924 1960 ,
2957 1896 3126 1966 inquit
3153 1941 3167 1964 ,
3202 1897 3432 1954 Domini.
3465 1902 3575 1956 lloc
3623 1916 3698 1958 est
3721 1945 3733 1966 ,

2159 1978 2274 2033 Non
2302 1996 2330 2034 a
2360 1983 2512 2037 nobis
2540 1984 2701 2052 ipsis,
2735 1985 2829 2040 sed
2878 2002 2905 2042 a
2959 1987 3174 2044 Christo
3221 1991 3398 2046 edocti
3430 2033 3445 2057 ,
3492 1992 3738 2048 dicimus.

2164 2069 2312 2136 Quod
2337 2089 2428 2126 nos
2451 2075 2538 2141 qui
2565 2077 2772 2132 vivimus
2793 2120 2806 2141 ,
2837 2081 2925 2149 qui
2952 2082 3141 2136 residui
3165 2100 3338 2139 sumus
3384 2085 3439 2140 in
3475 2087 3739 2141 adamatum

2161 2161 2389 2230 Domini,
2420 2182 2522 2220 non
2554 2172 2914 2236 prwveniemus
2952 2190 3037 2226 eos
3083 2176 3171 2244 qui
3214 2177 3548 2235 dormierunt.
3592 2182 3737 2246 Quod

2159 2253 2374 2322 quidem
2401 2256 2531 2312 dicit
2554 2259 2605 2312 in
2638 2259 2873 2329 Epistula
2902 2263 2966 2316 ad
2997 2264 3303 2320 Corinthios
3333 2283 3347 2320 :
3372 2267 3441 2321 In
3469 2281 3737 2333 momento,

2159 2349 2212 2398 in
2247 2347 2349 2400 ictu
2390 2350 2526 2402 oculi
2565 2349 2741 2419 (Ibid.
2797 2353 2925 2416 52).
2958 2355 3053 2410 llic
3081 2357 3184 2412 ﬁde
3213 2358 3427 2428 dignam
3469 2363 3742 2416 constituit

2160 2441 2605 2495 resurrectionem
2633 2458 2698 2496 ex
2729 2444 2888 2498 modo
2915 2461 3140 2516 quoque.

2229 2530 2283 2583 2.
2315 2530 2445 2585 Nam
2475 2534 2724 2600 quoniam
2747 2535 3024 2591 videbatur
3054 2553 3141 2593 res
3167 2555 3286 2594 esse
3307 2541 3560 2608 difﬁcilis,
3586 2543 3738 2606 dicit.

2161 2619 2227 2674 Ut
2253 2634 2335 2674 est
2365 2622 2517 2677 facile
2547 2628 2712 2693 utqui
2753 2627 2936 2681 vivant
2980 2631 3348 2694 sustollantur,
3388 2635 3461 2686 sic
3487 2636 3646 2686 etiam
3684 2643 3742 2687 ut

2163 2712 2194 2764 ii
2217 2713 2306 2781 qui
2338 2713 2704 2771 decesserunt.
2757 2719 2887 2771 Illud
2918 2728 3117 2785 autem,
3151 2722 3282 2787 Nos,
3333 2740 3436 2777 non
3465 2725 3530 2780 de
3555 2727 3744 2796 seipse

2158 2802 2327 2857 dicit:
2359 2821 2464 2859 non
2499 2809 2642 2860 enim
2688 2819 2804 2862 erat
2847 2825 3130 2864 mansurus
3183 2829 3352 2882 usque
3397 2815 3464 2868 ad
3495 2831 3742 2870 resurre-

2158 2895 2424 2960 ctionem;
2458 2897 2551 2951 sed
2579 2899 2710 2953 dicit
2751 2901 2954 2954 ﬁdeles.
2984 2903 3270 2972 Propterea
3304 2906 3474 2970 addit,
3508 2908 3609 2972 Qui
3653 2925 3740 2961 su-

2160 3003 2268 3038 mus
2294 2987 2483 3040 residui
2508 2989 2561 3042 in
2582 2990 2849 3044 adventum
2880 2992 3100 3054 Domini,
3136 3011 3234 3048 non
3264 3000 3629 3063 prteveuiemus
3662 3015 3742 3052 eos

2157 3079 2241 3146 qui
2266 3079 2596 3136 dormierunt.
2625 3083 2784 3150 Quasi
2811 3085 3014 3139 diceret
3043 3103 3056 3139 :
3092 3086 3165 3140 Ne
3189 3089 3466 3142 existimes
3494 3106 3618 3145 esse
3642 3092 3742 3144 ali-

2157 3188 2314 3242 quam
2347 3174 2422 3228 rei
2451 3174 2838 3243 difﬁCultatem,
2871 3177 2995 3231 dum
3019 3180 3189 3242 audis,
3223 3180 3363 3246 quod
3394 3183 3482 3251 qui
3510 3192 3639 3237 tunc
3667 3183 3740 3236 vi-

2160 3273 2307 3330 vunt,
2337 3280 2442 3317 non
2474 3267 2800 3334 prarvenient
2827 3283 2923 3321 eos
2952 3268 3040 3336 qui
3070 3279 3190 3322 sunt
3222 3269 3492 3337 dissoluti,
3525 3275 3619 3342 qui
3647 3290 3743 3342 pn-

2159 3355 2384 3421 trcfacti,
2419 3358 2508 3426 qui
2557 3369 2679 3412 sunt
2724 3360 2920 3414 mortui
2965 3362 3079 3430 plus
3125 3378 3282 3431 quam
3316 3363 3502 3417 decem
3547 3365 3746 3419 abhinc

2155 3462 2414 3501 annorum
2444 3449 2678 3505 millibus
2702 3468 2716 3504 :
2741 3451 2878 3505 Deus
2904 3460 2986 3505 est
3013 3452 3102 3522 qui
3135 3453 3275 3506 facit.
3294 3452 3398 3508 Sed
3421 3455 3564 3508 sicut
3591 3455 3748 3508 facile

2156 3546 2239 3591 est
2267 3538 2534 3594 adducere
2564 3541 2687 3598 illos
2715 3541 2804 3610 qui
2854 3550 2978 3595 sunt
3023 3543 3239 3610 perfecti
3293 3551 3345 3597 et
3396 3544 3616 3613 integri,
3675 3546 3746 3599 ita

2155 3631 2314 3684 ctiam
2355 3646 2450 3685 eos
2495 3632 2585 3701 qui
2634 3641 2759 3686 sunt
2801 3632 3065 3686 dissoluti.
3101 3632 3206 3687 Sed
3239 3642 3362 3688 sunt
3399 3636 3623 3704 quidam
3653 3638 3744 3705 qui

2154 3735 2266 3774 rem
2299 3738 2403 3776 non
2429 3723 2673 3782 credunt.
2691 3724 2938 3791 quoniam
2966 3724 3128 3778 Deum
3148 3726 3410 3780 nesciunt.
3434 3727 3574 3793 Quid
3597 3731 3748 3782 enim

2152 3820 2256 3876 est,
2295 3811 2610 3882 dic,qu:eso,
2644 3812 2870 3877 facilius,
2914 3830 2980 3868 an
3009 3831 3072 3869 ex
3118 3816 3287 3868 nihilo
3316 3816 3381 3869 ad
3417 3816 3516 3870 hoc
3545 3827 3605 3871 ut
3636 3821 3749 3872 sint

2152 3902 2440 3966 deducere,
2474 3919 2540 3957 an
2569 3904 2826 3958 dissoluta
2855 3908 3093 3960 excitare
3121 3914 3176 3959 et
3197 3907 3522 3962 restituere?

2225 3995 2587 4064 Argumentum
2613 3995 2946 4065 quorumdam
2967 3997 3055 4060 qui
3073 3998 3487 4050 resurrectionem
3508 4015 3615 4051 non
3637 4015 3753 4051 cre-

2153 4087 2354 4140 debant.
2412 4086 2860 4157 Metempsycltosis
2903 4087 3215 4141 Graecorum.
3243 4118 3313 4127 —
3351 4089 3417 4142 At
3466 4091 3598 4158 quid
3661 4091 3750 4142 di-

2150 4179 2318 4232 cunt?
2348 4179 2442 4233 llle
2473 4193 2658 4248 passus
2687 4191 2770 4234 est
2813 4180 3166 4250 naufragium,
3197 4190 3250 4234 et
3276 4197 3395 4234 cum
3425 4183 3749 4248 cecidisset,

2151 4269 2302 4323 multi
2332 4284 2453 4323 eum
2480 4279 2805 4338 exceperunt
2831 4272 3003 4339 pisces
3028 4287 3042 4334 ;
3065 4279 3120 4325 et
3138 4271 3363 4340 quilibet.
3385 4271 3544 4340 piscis
3568 4288 3754 4325 mem-

2151 4360 2303 4414 brum
2329 4359 2580 4413 comedit.
2617 4361 2817 4416 Deinde
2853 4377 2920 4415 cx
2959 4362 3041 4416 bis
3087 4362 3214 4430 ipsis
3243 4363 3380 4416 alius
3417 4361 3643 4431 quidem
3695 4365 3749 4416 in

2150 4451 2252 4506 hoc
2272 4453 2414 4514 sinu,
2441 4451 2578 4505 alius
2605 4467 2734 4505 vero
2763 4452 2814 4505 in
2862 4453 2952 4506 illo
2978 4462 3060 4506 cst
3088 4453 3535 4521 comprehensus,
3585 4462 3650 4506 et
3678 4454 3755 4506 ab

2147 4543 2252 4596 alio
2271 4542 2580 4596 devoratus.
2612 4543 2676 4596 Et
2707 4544 2790 4597 isti
2823 4559 3008 4597 rursus
3033 4545 3086 4597 in
3117 4545 3237 4597 aliis
3267 4544 3398 4597 locis
3419 4553 3547 4597 sunt
3581 4559 3750 4597 mor-

2147 4635 2243 4698 tui,
2277 4643 2334 4688 et
2362 4635 2458 4704 ipsi
2492 4633 2720 4689 fortasse
2766 4649 2796 4686 a
2827 4634 3018 4688 belluis
3043 4637 3212 4698 exesi,
3256 4637 3345 4704 qui
3375 4634 3756 4689 comederunt

2146 4725 2340 4794 pisces,
2365 4725 2454 4792 qui
2487 4725 2658 4778 virum
2705 4724 3016 4778 exederant.
3045 4725 3176 4778 Cum
3209 4733 3354 4778 tanta
3397 4733 3575 4778 autem
3615 4725 3750 4778 fue-

2145 4815 2212 4868 rit
2235 4814 2474 4868 confusio
2503 4823 2557 4869 et
2599 4814 2883 4884 dispersio,
2927 4816 3198 4885 quomodo
3252 4815 3333 4867 vir
3385 4815 3478 4869 ille
3532 4816 3753 4868 iterum

2143 4904 2420 4974 resurget?
2440 4907 2560 4975 quis
2583 4905 2856 4975 pulverem
2889 4906 3167 4960 reduxerit
3192 4906 3214 4958 ?
3239 4905 3348 4958 Cur
3380 4906 3479 4958 hoc
3506 4905 3679 4967 dicis,
3715 4920 3754 4958 o

2145 4999 2323 5064 homo,
2355 5007 2409 5053 et
2439 5015 2695 5068 nugarum
2751 5001 2992 5053 contexis
3038 5011 3304 5061 catenam,
3351 5007 3405 5052 et
3452 5005 3751 5066 tamquam

2142 5107 2254 5145 rem
2287 5092 2440 5160 ponis
2471 5092 2627 5160 plane
2669 5092 3139 5160 inexplicabilem?
3179 5091 3332 5157 Nam,
3364 5091 3451 5146 die
3483 5090 3648 5155 mihi,
3702 5095 3757 5146 si

2143 5196 2244 5234 non
2273 5183 2323 5234 in
2352 5197 2500 5236 mare
2523 5183 2798 5242 ceciderit,
2826 5184 2867 5235 si
2903 5183 3061 5251 piscis
3088 5198 3209 5236 cinn
3253 5199 3356 5236 non
3402 5183 3752 5249 coniedcril,

2141 5290 2316 5343 neque
2343 5290 2525 5328 rursus
2568 5274 2725 5328 fuerit
2751 5275 2914 5344 piscis
2963 5275 3247 5328 devoratus
3297 5275 3364 5328 ab
3415 5275 3756 5328 hominibus

2139 5366 2638 5430 innumerabilibus,
2669 5367 2761 5420 sed
2788 5367 2947 5433 justis
2987 5366 3137 5419 factis
3167 5366 3325 5420 fuerit
3357 5367 3439 5418 vir
3467 5365 3550 5417 ille
3581 5366 3757 5431 pusi-

2141 5467 2224 5510 tus
2251 5457 2301 5510 iu
2333 5473 2483 5519 urna,
2514 5466 2566 5510 et
2593 5472 2764 5526 neque
2791 5472 3022 5521 vermes,
3066 5472 3239 5525 neque
3264 5456 3466 5523 aliquid
3501 5454 3664 5504 aliud
3699 5456 3756 5508 vi

2140 5549 2297 5603 fuerit
2326 5551 2632 5612 molestum,
2663 5551 2934 5620 quomodo
2961 5559 3201 5617 resurget
3243 5547 3381 5616 quod
3415 5547 3512 5598 fuit
3538 5543 3758 5596 disso-

2143 5641 2345 5704 lutum;
2398 5641 2662 5711 quomodo
2715 5641 2887 5710 pulvis
2936 5650 2988 5693 et
3031 5639 3165 5692 cinis
3218 5634 3704 5706 conglutioabitrr
3740 5638 3765 5683 ἶ)
