3998 6134
318 361 417 410 7'75
1791 368 2056 427 SPi'RM.
3470 383 3579 439 776

318 484 386 534 39
413 482 573 542 παρὰ.
606 480 896 547 Oportebat
924 483 1066 535 enim
1101 483 1272 543 illum,
1296 491 1479 548 utpote
1515 499 1751 544 servum,
1777 501 1880 539 non

321 551 596 606 Dominica
635 550 736 604 frui
765 554 1139 622 pr:erogativa.
1171 550 1426 605 Dmninus
1457 554 1624 611 enim.
1653 564 1706 606 ιιι
1730 555 1884 620 polli-

318 623 458 675 citus
480 631 620 686 erat,
649 624 805 676 tertia
849 623 934 675 die
974 622 1314 684 resurrexit;
1357 623 1442 676 hic
1499 638 1626 677 vero
1679 627 1881 690 quatri-

317 693 527 746 duanns
551 693 822 759 resurgit:
856 692 998 744 aliud
1046 693 1185 744 enim
1237 702 1316 744 est
1363 706 1572 756 servus,
1610 692 1751 746 aliml
1777 695 1877 746 Do-

319 764 512 815 minus.
554 760 745 813 Dicunt
785 761 830 816 ei
862 804 873 816 .
909 761 1148 821 Domine.
1185 761 1574 828 quatriduauus
1618 773 1690 817 est
1718 805 1732 828 ,
1774 763 1880 828 iam

319 832 479 898 fmiet.
514 829 636 900 limo
678 834 815 900 apud
854 831 1018 886 Deum
1069 846 1230 898 parva
1275 841 1420 885 sunt.
1474 831 1716 884 Nondum
1761 849 1882 885 ossa

319 909 443 954 sunt
471 899 653 962 arida,
699 899 934 954 nondum
974 901 1228 953 carnibus
1252 909 1305 952 et
1343 902 1524 956 nervis
1559 902 1762 968 privata
1786 942 1799 960 .
1829 913 1880 954 ut

319 971 447 1024 olim
493 970 630 1036 apml
679 970 1018 1024 Ezechielem
1056 981 1390 1023 mortuorum
1435 972 1708 1025 exercitus
1735 973 1882 1024 humi

318 1042 524 1106 iacens,
559 1050 608 1090 et
633 1041 883 1095 omnibus
909 1040 1176 1108 privatus,
1204 1041 1407 1105 anima,
1440 1055 1625 1103 sensu,
1649 1041 1886 1107 patroci-

325 1111 449 1174 nio,
478 1109 692 1163 vivifico
731 1111 958 1177 spiritu,
995 1111 1146 1162 stetit
1181 1111 1244 1161 ad
1291 1118 1720 1173 monumentum,
1773 1110 1884 1177 jam

325 1181 517 1232 fttturtl'
544 1179 974 1248 resurrectionis
1026 1179 1230 1232 clarum
1289 1178 1594 1248 evetnplum
1638 1179 1882 1233 daturus.

325 1248 488 1305 Silttit
511 1247 742 1310 Martha,
774 1261 827 1302 et
851 1249 989 1316 lapis
1019 1257 1256 1301 remotus
1279 1258 1396 1301 est:
1425 1247 1614 1301 oinncs
1635 1249 1884 1315 suspensi

323 1320 507 1372 animo
540 1328 715 1382 erant,
749 1320 948 1373 mortui
981 1319 1246 1382 viventes,
1281 1316 1528 1382 furthue
1566 1318 1680 1386 ipse
1720 1317 1886 1371 infcr-

323 1405 424 1443 nus
452 1388 734 1449 attonitus,
769 1387 1019 1454 cumjam
1048 1396 1216 1449 porta:
1242 1389 1434 1438 mortis
1463 1387 1653 1441 soluta!
1683 1396 1884 1439 essent.

318 1458 390 1511 Et
435 1458 611 1526 primo
657 1458 917 1512 Dominus
951 1456 1109 1512 Jesus
1155 1472 1182 1507 a
1232 1457 1626 1521 gloriﬁcatione
1678 1457 1886 1526 incipit.

319 1525 597 1586 Elevavit.
640 1528 850 1597 inqu‘t,
895 1526 1082 1581 oculos
1127 1527 1178 1578 in
1209 1526 1757 1597 cmlnm,desce:~sns
1806 1525 1886 1577 sui

309 1597 541 1652 modum
575 1595 824 1650 indie—aus
850 1637 864 1658 ,
895 1597 1099 1664 gratias
1129 1611 1225 1661 pro
1266 1595 1421 1649 nobis
1453 1609 1618 1664 agens
1651 1596 1794 1648 Patri
1827 1609 1890 1648 ac

323 1666 547 1736 dicens:
581 1665 783 1732 Pater,
823 1668 1024 1736 gratius
1057 1682 1154 1730 ago
1197 1666 1324 1725 tibi,
1357 1666 1497 1736 quia
1540 1665 1742 1736 audisti
1787 1681 1887 1718 me.

308 1735 455 1791 ‘Cum
484 1746 805 1800 poteSIatem
826 1734 960 1789 'vit:e.
986 1750 1149 1802 penes
1196 1750 1253 1786 se
1283 1735 1506 1788 haberet
1533 1774 1547 1792 .
1586 1734 1686 1789 hoc
1717 1734 1847 1786 iacit
1875 1773 1890 1797 ,

323 1807 453 1874 quia
485 1803 652 1859 Maria
683 1816 733 1859 rt
781 1805 993 1860 Martha
1046 1805 1290 1874 dixerant
1329 1804 1430 1870 ipsi
1469 1803 1712 1858 :Scimtts
1768 1819 1897 1874 quo-

321 1871 467 1928 niam
516 1891 853 1940 amarumque
901 1874 1113 1937 petieris
1161 1891 1191 1926 η
1240 1871 1380 1933 Deo,
1427 1874 1571 1927 dabit
1620 1874 1734 1926 tibi.
1770 1871 1896 1926 Ideo

320 1945 682 1999 inﬁrmiorem
736 1946 949 1998 illarqu
998 1953 1232 1998 mentem
1298 1944 1486 1997 videns
1518 1945 1686 1997 dicit:
1731 1942 1898 1996 Stitis

323 2015 512 2083 utique
537 2015 657 2078 quia
683 2015 1063 2083 quodcumque
1089 2012 1540 2083 petit-roa_Patre
1565 2013 1708 2083 dabit
1734 2013 1892 2083 mihi:

327 2080 516 2138 mento
536 2099 672 2152 ergo
702 2080 946 2138 accedite
975 2080 1040 2136 ad
1064 2097 1147 2134 me
1173 2092 1225 2135 et
1251 2082 1314 2134 ad
1351 2080 1589 2152 Patrem.
1617 2082 1681 2135 Et
1705 2081 1898 2152 deinde

308 2154 484 2218 dicit,
510 2148 725 2206 Gratius
755 2153 852 2207 tibi
875 2169 998 2218 ago,
1039 2151 1220 2216 Pater,
1267 2152 1391 2219 quia
1424 2151 1623 2204 audisti
1657 2167 1754 2202 me.
1786 2148 1898 2216 Ego

326 2233 500 2276 mitem
544 2223 770 2277 sciebam
819 2223 1185 2292 quitrisemner
1237 2237 1317 2274 me
1343 2220 1496 2292 audis
1521 2261 1536 2286 ,
1569 2222 1658 2274 sed
1691 2229 1900 2286 propter

329 2295 736 2346 circumstantes
766 2289 898 2345 dia-i.
931 2291 1121 2344 Viden'
1143 2289 1410 2356 quomodo
1461 2307 1564 2344 non
1594 2300 1749 2356 egeat
1777 2304 1899 2342 ora-

303 2361 493 2426 'tione,
528 2363 620 2416 sed
656 2364 754 2416 hoc
780 2362 944 2415 faciat
970 2361 1400 2428 obprzv'scutium
1428 2357 1902 2415 incredulitatem?

326 2430 534 2484 Audisti
574 2445 658 2485 me
685 2470 701 2494 ,
737 2431 909 2500 inquit
935 2471 948 2492 .
977 2444 1209 2500 semper.
1239 2428 1315 2483 Ne
1349 2444 1556 2496 qttzeras
1585 2468 1600 2493 ,
1637 2428 1849 2498 quando
1883 2446 1897 2482 :

323 2497 828 2567 quantumcumque
877 2500 1021 2552 enim
1066 2497 1408 2568 exploremus
1436 2538 1449 2562 ,
1493 2514 1598 2552 non
1649 2497 1900 2564 Compre-

329 2571 642 2623 bendimus.
677 2568 748 2623 Ut
793 2569 935 2624 filius
976 2568 1272 2623 secundum
1324 2579 1571 2621 naturam
1611 2568 1849 2632 precaris
1885 2584 1899 2620 :

325 2645 533 2697 mtrem
562 2653 690 2689 vero
741 2640 1063 2691 memoravit
1101 2638 1361 2691 honorem
1414 2637 1512 2704 ipsi
1551 2637 1814 2700 referens,
1845 2648 1902 2690 ut

328 2704 446 2757 Filii
478 2704 761 2774 Patrisque
787 2708 1133 2760 concordiam
1181 2707 1557 2772 ignorantibus
1596 2706 1900 2761 exhiberet.

329 2774 398 2828 Ut
425 2789 554 2826 vero
591 2774 747 2827 ﬁdem
792 2777 1046 2838 firmavit,
1079 2785 1131 2828 et
1155 2775 1487 2827 audientium
1517 2787 1751 2829 mentem
1779 2788 1902 2827 cer-

311 2845 517 2896 tiorem
553 2843 700 2906 fecit,
746 2845 961 2899 demum
1009 2845 1076 2897 ad
1119 2859 1253 2910 opus
1275 2844 1444 2896 venit.
1497 2843 1742 2905 Lazare,
1790 2844 1905 2896 veni

301 2926 303 2928 ‘
325 2912 495 2980 foras.
523 2912 637 2965 Non
665 2913 888 2969 iteravit
913 2926 1221 2968 sermonem
1253 2951 1270 2976 ,
1300 2919 1358 2963 ιιι
1383 2928 1521 2966 unus
1547 2914 1695 2966 solus
1720 2926 1904 2964 resur-

325 2993 497 3049 geret,
528 2991 582 3034 ct
620 2997 685 3036 ne
717 2996 1056 3038 mortuorum
1087 2981 1318 3049 populus
1341 2981 1755 3050 incompositum
1779 2997 1900 3032 cur-

325 3068 444 3103 sum
483 3060 814 3119 capesceret.
845 3052 1018 3108 Unum
1053 3066 1238 3119 qua'ro
1271 3061 1582 3116 mortuum,
1619 3067 1688 3105 ne
1720 3050 1904 3104 venia-

327 3122 394 3174 tis
443 3136 680 3176 omnes:
720 3123 960 3174 nomium
999 3123 1145 3177 enim
1198 3128 1411 3182 tempus
1460 3122 1589 3175 illud
1649 3119 1898 3183 advenit,

325 3206 446 3242 ctuti
496 3192 692 3244 mortui
749 3193 969 3244 audient
1018 3206 1207 3245 vocem
1253 3188 1375 3243 Filii
1430 3191 1686 3254 hominis,
1721 3199 1776 3243 et
1810 3191 1898 3255 qui

325 3260 620 3326 audierint,
648 3262 850 3314 vivent.
882 3259 1029 3315 Unus
1068 3271 1246 3315 tatnen
1277 3260 1492 3314 interitu
1516 3264 1697 3316 veniat
1725 3277 1738 3313 :
1764 3274 1902 3314 unus

300 3332 565 3382 «solvatur
588 3339 808 3399 propter
828 3331 1124 3385 amicitiam
1151 3345 1273 3385 cum
1302 3330 1612 3400 Unigenito,
1641 3346 1746 3383 uno
1767 3345 1897 3398 eget)

347 3491 699 3502 ——._—_.

1989 489 2184 539 vinclo.
2220 485 2386 539 Nemo
2425 485 2476 536 iu
2529 484 2719 539 inferis
2771 487 3024 551 obsistat,
3071 505 3175 542 non
3205 491 3462 548 ostiarius
3487 497 3577 549 in-

1987 558 2231 630 visibilis,
2264 555 2556 630 nondurus
2579 565 2761 609 custos
2788 559 3048 630 carceris,
3082 575 3186 613 non
3211 561 3461 630 clavigeri
3493 567 3574 618 in-

1993 627 2252 689 females,
2287 625 2375 690 qui
2401 639 2615 694 semper
2643 640 2836 694 capere
2864 628 3214 686 meditantur.
3243 625 3398 686 Disce
3423 650 3577 691 meos

1993 697 2224 767 primum
2259 695 2406 747 dare.
2441 693 2519 767 Tu
2555 693 2721 767 vero,
2746 695 2990 767 inferne,
3031 708 3184 762 tace,
3221 701 3574 767 obmutesce,

1990 763 2118 820 nihil
2157 767 2345 837 durum
2397 763 2624 837 patiens,
2654 765 2879 837 Domino
2921 767 3258 836 obsequens,
3289 771 3422 824 nihil
3476 763 3576 837 ag;

1986 837 2258 908 gretliens,
2284 833 2442 908 homo
2465 831 2574 908 jam
2602 848 2632 886 a
2657 833 2934 908 liminibus
2963 831 3315 908 tuis‘aufugit.
3341 831 3574 904 Lazare.

1989 901 2101 958 reni
2143 904 2308 974 foras.
2338 901 2465 974 Meo
2489 903 2639 974 jussu
2669 903 2827 974 vince
2847 915 3097 970 mortem,
3132 901 3283 963 vince
3309 901 3570 974 mortem,

1990 973 2293 1041 evspolialtt
2336 971 2569 1025 inferno.
2601 972 2796 1045 Adhuc
2821 974 3034 1045 vinctus
3051 992 3171 1030 cum
3203 978 3314 1045 jam
3353 980 3444 1032 illo
3475 971 3573 1033 in;

1989 1045 2098 1094 vito
2124 1049 2414 1094 coronatus
2437 1080 2452 1103 ,
2483 1057 2674 1095 maneo
2701 1082 2716 1104 ,
2749 1043 2871 1097 sint.
2905 1044 3046 1099 Exiit
3078 1043 3319 1101 Lazarus
3344 1050 3562 1102 vinctus

1987 1111 2381 1174 ctambulaus;
2424 1111 2557 1164 exiit
2598 1113 2821 1166 omnino
2853 1114 3066 1170 vinctus
3094 1156 3108 1178 ,
3138 1127 3192 1170 et
3236 1125 3380 1170 totus
3447 1134 3574 1171 sese

1991 1195 2231 1235 movens.
2280 1179 2506 1234 Prorsus
2537 1181 2682 1234 enim
2712 1183 2938 1246 pedibus
2969 1195 3026 1238 et
3071 1187 3318 1240 manibus
3345 1187 3566 1239 vinctus

1989 1261 2132 1313 erat,
2167 1249 2463 1304 secundum
2510 1250 2746 1318 regionis
2796 1255 3270 1309 consuetudinem.
3319 1255 3569 1308 Nondum

1994 1331 2173 1391 tamen
2221 1334 2443 1388 prorsus
2477 1328 2613 1391 erat_
2645 1330 2802 1373 extra
2852 1332 3082 1391 mortem
3124 1337 3175 1378 et
3214 1324 3566 1391 sepulturam.

1993 1390 2201 1443 “ursos
2226 1387 2422 1442 novum
2462 1390 2550 1440 dat
2584 1387 2746 1442 Jesus
2789 1387 3125 1454 mandatum,
3165 1387 3364 1448 Soli-ite
3389 1395 3566 1452 illum,

1989 1459 2227 1531 elusiuite
2261 1459 2435 1531 abite
2464 1458 2572 1510 (Zur
2595 1474 2697 1512 non
2733 1474 2918 1531 perse
2964 1463 3192 1515 solvitur
3220 1464 3309 1531 qui
3340 1472 3568 1516 mortem

1989 1527 2198 1590 ell'ngit.
2227 1528 2316 1596 qui
2354 1527 2622 1579 infernam
2656 1529 2956 1583 custodiam
2984 1527 3282 1585 subvertit!
3330 1531 3432 1586 Vos
3458 1531 3568 1583 sol-

1989 1599 2214 1666 vitequi
2266 1612 2437 1662 nuper
2495 1596 2722 1666 ligastis,
2777 1608 2834 1650 ut
2887 1601 3228 1654 vinculorum
3263 1613 3566 1653 vestrorum

1995 1663 2156 1720 signa
2182 1666 2508 1733 agnoscatis.
2542 1663 2609 1718 Ut
2634 1675 2812 1719 autem
2837 1668 2951 1722 huic
2977 1672 3259 1722 audierunt
3287 1670 3569 1729 Pharisaei,

1999 1752 2194 1788 novtnn
2234 1735 2520 1787 concilium
2551 1735 2786 1804 inierunt
2817 1738 3061 1792 dicentes
3092 1757 3104 1790 :
3141 1739 3281 1803 Quid
3321 1739 3568 1804 facimus,

1997 1808 2118 1876 quia
2169 1806 2250 1858 hic
2283 1807 2437 1876 [tonio
2485 1803 2618 1856 talia
2657 1810 2806 1871 signa
2861 1806 3020 1874 facit"
3048 1807 3246 1876 (Joan.
3291 1803 3377 1861 H.
3422 1806 3574 1875 47)?

2000 1875 2186 1943 Magna
2221 1873 2446 1927 crimina
2478 1890 2492 1926 :
2522 1876 2750 1943 mortuis
2777 1873 3066 1930 suscitatis
3102 1892 3248 1932 mors
3290 1873 3561 1931 interimi-

2000 1941 2108 2006 tur,
2158 1952 2211 1997 et
2265 1943 2503 1996 Lazarus
2553 1941 2728 2011 surgit
2771 1959 2800 1996 a
2857 1945 3129 1999 mortuis:
3167 1944 3335 1999 Judmi
3386 1956 3573 1998 autem
3627 1997 3662 2010 ,-

1999 2015 2175 2066 anima
2219 2010 2698 2082 enecatituraNec
2747 2012 3120 2080 imperfectum
3191 2030 3320 2082 ergo
3371 2014 3573 2068 ineatis
3645 2011 3706 2032 ν’

1999 2083 2310 2143 concilium.
2336 2081 2433 2136 sed
2466 2081 2646 2134 addite
2695 2081 2943 2137 criminis
2979 2081 3520 2138 rationem’dicentes
3553 2099 3571 2136 :

2009 2153 2148 2216 Quid
2209 2150 2458 2215 facimus,
2491 2151 2613 2219 quia
2659 2160 2780 2218 post
2828 2167 3027 2220 paucos
3061 2153 3177 2207 dies
3221 2154 3299 2208 sol
3354 2167 3574 2207 sursum

2001 2223 2404 2290 obscurabitur,
2453 2229 2708 2290 terraque.
2750 2221 3000 2275 deorsum
3028 2233 3244 2285 tremet,
3268 2237 3356 2276 res
3383 2229 3571 2290 gestas

2005 2307 2107 2343 non
2143 2290 2343 2352 ferens,
2381 2289 2521 2342 intra
2552 2289 2807 2354 templum
2849 2290 3024 2345 velum
3062 2293 3348 2345 scindetur
3372 2289 3576 2358 ,mor-

2007 2372 2218 2414 tuorttm
2254 2358 2482 2427 populus
2525 2358 2590 2411 ad
2628 2360 2792 2411 vitam
2839 2361 3180 2414 revertetur?
3214 2361 3446 2414 Rursum
3492 2361 3579 2410 di-

2003 2431 2153 2483 cite:
2198 2428 2337 2494 Quid
2389 2427 2639 2488 facimus,
2685 2429 2807 2494 quia
2849 2431 3102 2495 templum
3148 2431 3396 2493 solvitur,
3447 2429 3577 2493 quia

2005 2499 2182 2554 cultus
2210 2507 2386 2552 cessat
2411 2537 2426 2559 ,
2459 2497 2582 2566 quia
2610 2498 2736 2550 urbs
2772 2497 3074 2552 incenditur
3097 2539 3112 2562 ,
3139 2500 3267 2567 quia
3300 2514 3396 2553 nos
3425 2497 3579 2564 ejici-

2006 2584 2146 2629 mur,
2173 2577 2225 2620 et
2262 2567 2351 2620 alii
2397 2577 2642 2620 nostrmn
2683 2567 2798 2620 vice
2851 2567 3093 2622 liueredes
3138 2567 3583 2623 constituuntur?

2005 2637 2143 2701 Quid
2173 2637 2422 2695 faciams,
2450 2636 2571 2704 quia
2606 2635 2783 2705 omnia
2815 2635 3233 2701 transferuntur,
3271 2637 3567 2705 prophetae,

2006 2706 2258 2775 apostoli,
2282 2703 2669 2775 sacerdotium,
2699 2703 2988 2772 jejunium,
3013 2703 3324 2768 celebritas,
3347 2703 3578 2775 cultus?

2006 2773 2059 2830 et
2091 2777 2233 2830 Deus
2267 2775 2380 2828 haec
2402 2773 2672 2826 admittet.
2708 2775 2784 2829 De
2812 2775 2898 2828 his
2930 2775 3150 2829 solliciti
3176 2784 3374 2838 estote,
3401 2773 3579 2827 dehis

2006 2846 2295 2900 concilium
2354 2843 2506 2897 inite.
2560 2841 2711 2898 Dicta
2746 2843 2889 2899 enim
2938 2844 3147 2899 inutilia
3192 2853 3317 2899 sunt
3371 2843 3574 2895 vobis:

2007 2914 2273 2968 sententia
2325 2921 2505 2966 manet
2540 2930 2552 2964 :
2588 2928 2712 2968 nam
2739 2913 2963 2967 verbum
2995 2915 3137 2980 quod
3163 2913 3418 2981 profertis
3458 2927 3581 2981 non

2013 2994 2194 3052 manet
2242 2983 2295 3036 in
2326 2982 2500 3034 vobis.
2538 2982 2718 3052 Semel
2750 2982 2914 3052 igitur
2942 2983 3088 3036 dedit
3113 2980 3255 3037 Deus
3285 2982 3350 3035 iis
3379 2980 3586 3048 quibus

2013 3051 2190 3116 libuit,
2221 3062 2279 3105 ιιι
2308 3064 2519 3118 semper
2564 3050 2792 3117 festum,
2815 3066 3029 3119 semper
3047 3052 3416 3107 celebritatem
3446 3063 3585 3117 age-

2011 3130 2152 3184 rent,
2189 3119 2525 3188 singulisque
2592 3122 2750 3174 annis
2781 3121 3070 3177 celebritas
3123 3129 3475 3176 renovaretur
3525 3119 3583 3188 in

2008 3190 2226 3262 Christo
2255 3187 2384 3244 Iesu
2405 3189 2640 3262 Domino
2671 3203 2881 3256 nosuo,
2927 3192 3012 3247 cui
3059 3190 3232 3262 gloria
3273 3191 3326 3246 ia
3379 3187 3584 3244 saecula

2011 3260 2355 3315 saeculorum.
2389 3258 2581 3315 Amen.

1441 3620 1506 3664 1N
1550 3620 2050 3674 QUATRIDUANUM
2091 3622 2381 3667 LAZARUM
2417 3621 2480 3663 Il.

375 3780 630 3843 "'Dilecti,
691 3780 1144 3849 quemadmodum
1208 3789 1383 3833 mater
1439 3780 1604 3846 prolis
1673 3795 1901 3842 amans,

332 3866 624 3910 mammam
657 3853 906 3918 prmhens
951 3850 1178 3911 infanti,
1225 3850 1561 3912 delectatur,
1605 3850 1714 3904 ﬁlio
1753 3861 1904 3903 teneo

338 3935 454 3972 rum
490 3919 646 3973 lactis
695 3920 1010 3972 alimentum
1063 3927 1337 3987 sugente:
1381 3921 1469 3972 ubi
1508 3935 1634 3973 vero
1684 3934 1908 3985 gruntus

337 3987 491 4041 lactis
527 3989 579 4041 in
638 4005 852 4044 caseum
889 3997 1214 4054 concretus,
1257 4004 1503 4041 mamnue
1552 3989 1765 4043 canales
1812 3989 1908 4042 ob-

317 4058 536 4128 ‘struiti,
573 4069 699 4112 tunc
741 4058 998 4128 puerulus
1045 4059 1258 4128 plorat,
1289 4066 1344 4110 et
1388 4068 1560 4111 mater
1593 4059 1902 4128 cruciatur,

336 4127 514 4180 alendi
543 4126 758 4197 semper
791 4129 996 4182 habens
1018 4167 1030 4185 ,
1073 4127 1388 4197 alimentum
1439 4126 1772 4195 propositum
1808 4143 1904 4178 au-

336 4204 443 4250 tem
508 4213 613 4249 non
665 4196 972 4265 procedere
1011 4209 1280 4265 cernens:
1317 4196 1395 4248 sic
1443 4206 1496 4249 et
1531 4212 1628 4250 nos
1678 4197 1905 4262 pristina

337 4267 424 4320 die
459 4268 658 4320 mentis
682 4264 970 4320 mammam
1002 4264 1151 4318 vobis
1175 4266 1526 4318 admoventes
1571 4266 1906 4324 la-tahamur,

324 4337 494 4388 ~vobis
537 4338 618 4389 lac
647 4337 792 4389 verbi
827 4333 1179 4400 sugentibus;
1216 4336 1304 4386 ubi
1345 4349 1472 4388 vero
1499 4335 1665 4388 nubes
1685 4335 1909 4386 oblivio.-

336 4405 423 4457 nis
461 4405 514 4457 in
563 4414 794 4457 mentem
843 4405 1060 4455 Silltlt'lls
1107 4404 1328 4458 verbum
1375 4405 1647 4471 praecidit,
1695 4413 1819 4457 tunc
1857 4412 1910 4455 et

339 4488 433 4528 vos
476 4474 738 4542 indignati
773 4472 938 4533 estis,
977 4481 1164 4537 utpote
1220 4475 1414 4542 privati
1475 4472 1908 4541 evangelii-orum

339 4544 650 4612 dogmatuut
699 4543 1030 4612 sententiis;
1070 4550 1120 4596 et
1167 4557 1262 4595 nos
1295 4557 1440 4612 aegre
1486 4543 1706 4596 tulimus
1731 4581 1746 4604 ,
1773 4544 1908 4612 dum

335 4611 521 4666 studio
551 4611 769 4666 dicendi
825 4611 1068 4677 praediti,
1105 4611 1363 4667 mentetn’
1389 4622 1627 4667 vestram
1677 4611 1911 4666 vidimus

341 4686 390 4732 οι
417 4683 613 4735 livione
642 4681 914 4736 obrutam.
949 4679 1054 4733 Sed
1093 4680 1343 4736 fortassis
1388 4683 1439 4736 id
1487 4681 1683 4735 accidit
1719 4681 1909 4742 nobis,

342 4762 400 4806 ut
432 4753 669 4805 sciamus
699 4752 841 4819 quod
877 4748 996 4802 Non
1029 4750 1251 4820 uolentis
1284 4768 1444 4820 neque
1493 4750 1911 4820 currentis,ne—

321 4838 437 4888 —que
459 4822 831 4889 pet-sequentis,
859 4819 948 4872 sed
969 4819 1278 4885 miserentis,
1309 4819 1385 4874 est
1408 4820 1496 4873 Dei
1522 4819 1694 4889 (Rom.
1721 4819 1775 4874 9.
1797 4819 1908 4887 16).

338 4894 461 4960 ‘Age
485 4905 650 4960 ergo,
684 4891 808 4958 quia
838 4889 1141 4960 dicentibus
1192 4890 1336 4944 Deus
1375 4893 1466 4942 dat
1501 4891 1728 4955 gratiam
1757 4930 1772 4955 ,
1808 4905 1910 4942 non

329 4961 412 5012 Aob
453 4959 724 5027 loquentis
767 4959 1081 5026 dignitatem
1108 4999 1121 5021 ,
1164 4960 1259 5013 sed
1290 4961 1358 5014 ob
1408 4960 1780 5013 necessitatem
1814 4973 1912 5010 au-

344 5029 646 5100 dientium,
694 5030 867 5100 ipsum
903 5029 1146 5100 precati,
1187 5029 1254 5082 ab
1281 5029 1589 5097 evangelica
1628 5029 1786 5100 tnodo
1823 5042 1899 5100 vo‘

338 5097 428 5151 his
451 5099 592 5168 facta
613 5097 863 5160 lectione,
893 5114 987 5164 pro
1013 5098 1150 5151 virili
1176 5109 1364 5168 potum
1397 5099 1659 5168 docti-inte
1693 5097 1909 5168 hauria-

347 5182 488 5220 inus.
513 5186 546 5217 ει
578 5167 729 5232 Erat,
770 5168 980 5233 inquit,
1024 5165 1240 5232 quidam
1278 5169 1537 5233 languens
1574 5185 1602 5218 ει
1632 5165 1910 5226 Bethania,

332 5237 410 5290 cile
454 5238 677 5291 castello
711 5237 894 5291 Mariae
934 5249 1000 5290 et
1051 5236 1275 5291 Martha:
1308 5238 1510 5291 sororis
1554 5237 1688 5306 ejus.
1738 5235 1909 5306 Maria

343 5316 520 5377 autem
558 5317 675 5377 erat
698 5349 713 5373 ,
763 5320 884 5377 qua:
917 5306 1076 5377 unxit
1111 5307 1392 5377 hominum
1412 5304 1689 5377 unguento
1714 5342 1737 5377 ._
1759 5304 1912 5372 cujus

334 5373 514 5430 .frater
549 5373 799 5430 Lazarus
847 5375 1246 5431 infirmabatur.
1302 5373 1448 5429 Dixit
1493 5385 1669 5430 autem
1711 5373 1908 5428 Jesus:

339 5443 639 5500 inﬁrmitas
671 5445 920 5514 [menon
959 5455 1042 5500 est
1080 5447 1146 5499 ad
1187 5455 1457 5511 mortem,
1495 5445 1588 5499 sed
1618 5460 1714 5512 pro
1741 5444 1909 5514 gloria

345 5515 438 5567 Dei
465 5553 480 5578 ,
539 5523 597 5568 ut
629 5511 961 5577 glorificetur
1019 5514 1158 5569 Deus
1198 5529 1296 5581 per
1346 5529 1489 5568 eam.
1528 5533 1546 5564 ι
1587 5511 1784 5584 (domi.
1823 5515 1910 5566 tl.

344 5584 399 5634 1.
439 5585 597 5651 καφ).
639 5584 940 5638 ltesnmcns
987 5583 1109 5638 dico
1149 5602 1163 5638 :
1200 5584 1492 5638 Intirtnitas
1535 5583 1650 5638 hare
1689 5599 1792 5636 non
1833 5591 1916 5636 est

344 5652 413 5701 ad
453 5664 702 5720 mortem,
735 5652 826 5706 sed
861 5667 956 5720 pro
985 5653 1151 5720 gloria
1187 5654 1274 5706 Dei
1311 5671 1322 5705 :
1359 5670 1460 5708 non
1489 5662 1574 5709 est
1607 5653 1914 5716 inlirmitas,

348 5722 442 5789 sed
493 5718 664 5789 bonus
685 5718 945 5789 nuntius;
981 5718 1083 5775 non
1133 5733 1214 5776 est
1259 5723 1583 5787 inﬁrmitas,
1628 5724 1718 5775 sed
1760 5737 1916 5775 secu-

347 5785 498 5834 ritus.
545 5785 590 5833 υ
621 5785 941 5855 inlirmitas,
974 5805 1240 5858 aegrorum
1275 5785 1579 5858 medicina,
1621 5790 1742 5847 ﬁdei
1767 5793 1870 5846 dux
1896 5829 1910 5856 ,

2009 3775 2172 3830 morti
2203 3772 2512 3844 adversaria
2538 3813 2553 3837 ,
2585 3771 2791 3844 tlia_hnli_
2840 3771 3002 3826 ultrit
3027 3813 3041 3837 ,
3077 3773 3269 3844 salutis
3292 3775 3539 3844 princeps
3564 3775 3580 3827 l

2009 3865 2042 3900 ο
2071 3843 2380 3913 infirmitas,
2411 3841 2628 3913 virtutis
2663 3841 3075 3913 fu_mlameutum
3097 3883 3113 3906 ,
3140 3843 3261 3898 fidei
3293 3841 3583 3913 magistra,

2011 3915 2230 3986 pietatis
2260 3911 2672 3986 dispensatrix_,_
2694 3909 3074 3986 Ecclesiarutn
3101 3913 3192 3966 Dei
3218 3909 3539 3986 :ediiicatrix
3569 3914 3582 3965 !

2008 3979 2042 4039 ὸ
2083 3983 2373 4038 inlirmitas
2400 4019 2415 4042 ,
2446 3996 2567 4048 qua:
2606 3979 2798 4051 febrim
2829 3980 3022 4051 anitum
3052 3981 3234 4051 fugat,
3267 3991 3322 4036 et
3357 3983 3584 4035 sudores

2010 4052 2350 4124 baptismatis
2373 4048 2810 4124 [meper-fundit,
2826 4058 2877 4102 et
2903 4048 3212 4124 splendidas
3237 4051 3367 4104 texit
3389 4051 3585 4124 anima;

2012 4117 2226 4178 vestes!
2255 4136 2287 4175 0
2315 4117 2605 4172 inlirmitas
2633 4117 2909 4171 caelestem
2937 4121 3183 4183 praebens
3214 4134 3421 4186 panem,
3453 4118 3579 4170 fidei

2013 4194 2233 4246 lucerna
2267 4190 2466 4257 optima
2499 4227 2514 4250 ,
2543 4187 2738 4240 diaboli
2775 4187 2997 4257 laqueus
3017 4226 3033 4250 ,
3064 4199 3118 4241 et
3145 4188 3372 4241 hominis
3399 4187 3588 4255 signa—

2010 4263 2187 4314 culum
2212 4261 2225 4312 Ξ
2261 4255 2331 4312 Ut
2357 4258 2581 4316 audivit,
2607 4257 2799 4318 inquit,
2827 4255 3005 4318 Jcsua,
3045 4270 3167 4310 tunc
3188 4258 3396 4326 quidem
3426 4271 3588 4326 utan-

2011 4333 2080 4385 sit
2112 4332 2165 4384 ia
2209 4330 2384 4382 eodem
2418 4326 2530 4380 loco
2569 4326 2769 4378 duobus
2797 4325 2977 4377 diebus
3004 4327 3171 4391 (Joan
3201 4322 3230 4378 ’1
3251 4329 3294 4378 l.
3333 4327 3361 4376 ti
3387 4342 3421 4384 ).
3448 4322 3590 4390 Quid

2012 4413 2234 4455 necesse
2271 4407 2387 4452 erat
2433 4407 2490 4448 ut
2538 4398 2636 4448 hoc
2679 4395 2861 4446 audito
2911 4395 2980 4446 ibi
3027 4405 3269 4448 maneret
3310 4393 3592 4457 Dominus,

2014 4481 2064 4526 et
2109 4485 2209 4524 cur
2251 4484 2356 4520 non
2403 4466 2585 4520 statim
2627 4464 2694 4515 ad
2756 4463 3024 4516 intirmum
3068 4478 3128 4518 se
3179 4462 3438 4517 contulit?
3482 4461 3592 4515 Sed

2013 4539 2234 4594 omnino
2281 4546 2506 4590 mortem
2547 4533 2735 4586 Lazari
2782 4537 3162 4599 exspectabat,
3208 4543 3266 4585 ut
3311 4533 3363 4585 in
3417 4542 3592 4585 morte

2015 4609 2132 4678 cjns
2165 4605 2420 4678 majorem
2457 4619 2553 4672 per
2588 4601 3474 4678 miraculaulitlem“spectanti-bus
3510 4602 3596 4652 in-

2015 4669 2186 4733 deret.
2222 4669 2351 4729 Post
2375 4669 2488 4727 haec
2517 4687 2645 4724 vero
2675 4671 2810 4724 dicit
2836 4671 3112 4738 discipulis
3138 4670 3326 4725 .lesns:
3357 4669 3605 4722 Lazarus

2013 4748 2213 4800 amicus
2255 4755 2430 4797 noster
2458 4741 2693 4800 dormit;
2721 4740 2811 4793 sed
2838 4742 2993 4801 vado,
3026 4750 3081 4792 at
3107 4757 3138 4792 ιι
3168 4755 3349 4793 somno
3372 4739 3604 4792 excitem

2015 4833 2133 4871 eum
2165 4815 2317 4886 (ibid.
2348 4811 2541 4886 v._il).
2579 4810 2712 4864 Vere
2742 4823 3142 4886 namquemors
3169 4811 3469 4870 hominum,
3501 4821 3598 4886 so.

2016 4877 2182 4940 mnus
2205 4901 2234 4939 a
2275 4877 2508 4937 Domino
2530 4887 2826 4948 reputatur.
2885 4877 3050 4942 Vada,
3077 4886 3133 4930 ut
3170 4896 3204 4932 α
3227 4895 3410 4932 somno
3445 4879 3605 4929 erci-

2021 4967 2120 5009 tem
2159 4971 2298 5009 eum.
2367 4952 2506 5017 Quid
2554 4948 2743 5004 enim?
2795 4963 2974 5001 annon
3022 4960 3175 5015 potes
3226 4949 3316 5002 hic
3364 4960 3609 5017 araneus

2024 5035 2294 5079 mortuum
2334 5015 2636 5076 suscitare?
2667 5017 2772 5072 Sed
2813 5034 2915 5072 non
2952 5019 3024 5070 ita
3059 5018 3290 5086 gratiam
3319 5015 3613 5082 accipiunt

2019 5093 2187 5147 .luda-i
2230 5107 2316 5146 nte
2348 5093 2615 5146 absente:
2669 5089 2898 5140 fortasse
2926 5089 3072 5141 enim
3107 5087 3221 5154 ipso
3255 5095 3611 5153 resurgente,

2023 5164 2286 5230 putabunt
2311 5177 2373 5216 ex
2426 5159 2702 5213 accidente
2729 5158 2979 5225 quopiam
3010 5156 3276 5208 Lazarum
3308 5154 3609 5230 revixisse.

2023 5223 2132 5301 Ego
2165 5233 2329 5302 igitur
2358 5232 2577 5287 vadato,
2602 5237 2658 5278 ιιι
2688 5223 2773 5279 me
2803 5223 3066 5302 pi'wsente
3101 5233 3440 5302 spectatores
3469 5223 3612 5302 facti

2023 5293 2405 5355 tn'iracitlnrum
2447 5313 2690 5353 ineorum
2711 5335 2726 5359 ,
2756 5293 2815 5349 et
2841 5295 3074 5365 gratiam
3105 5311 3135 5346 a
3188 5293 3614 5365 megaccipien—

2022 5383 2121 5436 tes,
2157 5372 2312 5424 fidem
2345 5373 2555 5423 lirntam
2585 5362 2888 5420 obtineani.
2923 5363 3166 5436 Laurus
3195 5362 3397 5436 anticus
3419 5373 3619 5436 nosth

2017 5430 2212 5494 dormit
2246 5455 2264 5494 :
2294 5441 2385 5494 sed
2412 5437 2546 5491 cado
2569 5446 2623 5489 ut
2648 5450 2882 5488 asomno
2917 5435 3141 5487 excitent
3169 5447 3308 5486 eum.
3339 5430 3619 5499 Discipuli

2030 5525 2160 5564 vero
2189 5511 2472 5563 audientes
2502 5507 2756 5559 dixerunt
2794 5522 2808 5557 :
2839 5503 3078 5564 Domine,
3099 5502 3146 5555 si
3179 5501 3399 5562 dormit,
3424 5502 3620 5555 solum

2023 5583 2125 5633 erit
2155 5578 2326 5657 (Ibid.
2366 5593 2414 5631 υ.
2450 5577 2561 5657 12),
2593 5573 2706 5655 Non
2746 5583 2854 5654 tam
2877 5575 2984 5657 pie,
3012 5587 3170 5654 quam
3197 5571 3408 5657 medice
3428 5569 3618 5657 locuti

2026 5639 2179 5702 sunt:
2205 5647 2444 5701 Somnus
2471 5639 2615 5699 enim
2649 5645 2849 5698 nimius
2876 5639 3188 5709 lcthargicis
3217 5648 3397 5698 nocet.
3427 5639 3620 5692 febres

2031 5734 2157 5773 vero
2195 5719 2365 5785 magis
2399 5716 2557 5769 solvit
2597 5731 2767 5784 quam
2817 5716 3004 5767 sudor.
3042 5711 3176 5785 Quia
3231 5709 3393 5785 igitur
3423 5717 3626 5785 _puta-

2027 5789 2156 5844 bant
2187 5779 2433 5856 discipuli
2482 5779 2770 5839 Dominum
2804 5786 2868 5838 dc
2901 5796 3090 5838 somno
3117 5781 3282 5849 loqui,
3327 5779 3468 5832 dixit
3501 5793 3628 5832 tua-

3889 2039 3912 2098 λ

3889 2115 3912 2214 i

3910 2235 3911 2274 l
