3998 6134
425 413 528 469 777

425 534 619 586 nileste
653 548 667 584 :
696 528 931 583 Lazarus
966 526 1166 598 amirns
1196 534 1372 579 noster
1398 536 1635 581 mortuus
1661 538 1766 591 est;
1799 538 1845 583 et
1870 546 2000 598 gau-

425 604 522 655 deo
552 609 761 669 pronter
795 615 906 657 eos,
938 607 993 650 ut
1022 597 1276 669 credatis,
1301 598 1549 669 qnpniam
1578 614 1687 669 non
1714 614 1856 651 erant
1875 597 2002 669 ibi:

425 671 516 726 sed
551 664 729 723 eamus
763 669 832 721 ad
858 683 972 720 eum
1015 664 1183 736 (Ibid.
1233 682 1279 720 υ.
1317 666 1404 718 14.
1438 665 1550 735 15).
1590 667 1691 732 Qui
1733 684 1837 720 non
1892 668 2005 720 vult

429 750 659 795 mortem
690 738 1011 807 peccatoris,
1055 751 1199 790 nunc
1236 737 1435 801 gauilet
1486 741 1553 790 de
1595 747 1768 791 morte
1798 737 2005 791 amici?

429 810 655 866 Gaudeo
681 849 696 870 ,
734 823 839 861 non
891 815 1114 873 propter
1162 820 1266 867 me,
1305 820 1405 859 nec
1450 816 1673 873 propter
1709 819 2000 865 mortuum,

427 880 522 934 sed
548 886 768 945 propter
800 890 894 929 vos
914 893 932 945 _:
983 885 1103 927 utor
1134 875 1277 945 enim
1317 887 1491 929 morte
1535 876 1601 928 ad
1643 875 1765 930 ﬁdei
1814 887 2005 930 vostrae

428 943 863 1003 fundamentum.
900 943 945 999 Ο
985 960 1131 997 mors
1176 943 1377 997 Christi
1428 945 1760 999 exsultatio!
1796 960 1829 999 ο
1859 960 2005 1001 mors

429 1018 552 1071 vitae
600 1015 790 1084 plena!
827 1030 858 1066 o
906 1028 1056 1084 mors
1110 1015 1301 1084 mortis
1347 1014 1580 1077 solutio,
1632 1014 1825 1069 salutis
1870 1016 2002 1079 dux,

429 1082 700 1155 lapsorum
761 1083 1130 1155 resurrectio,
1178 1082 1445 1155 lassorum
1486 1086 1642 1155 quies
1667 1124 1681 1145 ,
1722 1084 2005 1155 inﬁrman-

433 1150 564 1210 tium
606 1154 774 1206 rolmr
798 1194 813 1218 ,
835 1151 1104 1217 iustorum
1141 1150 1482 1216 refrigerium
1513 1154 1526 1208 ι
1557 1169 1588 1203 o
1628 1169 1776 1208 mors
1804 1153 2032 1208 diaboli‘

428 1223 664 1286 eversio,
698 1223 1002 1276 daemonum
1030 1221 1348 1283 destructio,
1374 1221 1532 1289 primi
1559 1224 1793 1277 homin's
1815 1223 2003 1275 Adami

434 1291 747 1350 renovatio!
780 1305 814 1343 ο
844 1305 993 1346 mors
1021 1291 1222 1361 laetitiae
1247 1292 1546 1359 operatrix,
1582 1293 2006 1361 iucorruptionis

430 1364 644 1421 nuntia,
681 1361 863 1427 gaudii
901 1357 1201 1430 proma.Ut
1236 1357 1416 1414 autem
1457 1357 1778 1430 compendio
1807 1357 2002 1426 ilicam,

431 1432 582 1487 venit
622 1431 781 1486 .lcsus
830 1431 881 1482 in
915 1429 1256 1491 Bethaniam,
1307 1429 1661 1485 occurrerunt
1700 1433 1748 1485 ei
1789 1446 2007 1485 sorores

432 1502 648 1562 Lazari,
684 1499 1025 1567 prociderunt
1055 1503 1105 1552 in
1142 1514 1314 1567 genua
1342 1515 1524 1554 coram
1552 1499 1776 1555 Domino
1817 1501 2008 1555 ﬁctiles

448 1587 510 1624 ac
541 1572 782 1623 dicentes
812 1586 825 1621 :
856 1568 1097 1638 Domine.
1128 1570 1174 1622 si
1214 1567 1401 1638 fuisses
1424 1569 1521 1638 [tie
1547 1609 1561 1635 ,
1604 1570 1774 1638 frater
1822 1582 2002 1626 noster

435 1657 537 1694 non
560 1649 692 1693 esset
731 1650 966 1693 mortuus
1004 1637 1168 1706 (Ibid.
1198 1636 1245 1691 ti.
1279 1637 1392 1706 2|).
1423 1636 1560 1692 Num
1605 1636 1675 1692 ibi
1710 1657 1813 1694 non
1851 1640 2010 1694 erat?

433 1710 673 1770 Corpore
731 1708 946 1776 quidem
1014 1723 1117 1761 non
1160 1718 1306 1771 era“;
1381 1706 1664 1762 divinitate
1722 1726 1851 1765 vero
1902 1725 2004 1764 non

435 1779 597 1832 modo
621 1778 731 1831 illic
752 1819 766 1841 ,
803 1780 895 1830 sed
926 1779 1090 1831 etiam
1129 1778 1180 1830 in
1216 1778 1387 1831 caelis.
1415 1776 1696 1844 Quomodo
1729 1781 1872 1834 cnim
1907 1796 2007 1832 no-

437 1847 599 1902 visset
636 1846 829 1900 Laxari
872 1858 1096 1900 mortem
1126 1884 1141 1905 .
1181 1846 1281 1899 nisi
1320 1846 1392 1900 ibi
1438 1847 1625 1901 fuisset
1651 1887 1666 1911 ,
1707 1847 2002 1902 secundum

438 1917 763 1970 invisibilcm
803 1916 906 1968 vim
960 1916 1297 1969 divinitatis?
1327 1915 1393 1969 E'.
1438 1916 1687 1970 dicebant
1721 1918 2003 1982 :Domine,

437 1987 484 2039 si
512 1985 700 2055 fuisses
728 1986 832 2048 Itic,
866 1985 1032 2055 frater
1060 1994 1236 2038 uoster
1262 1995 1534 2055 acniesset
1573 1997 1832 2040 mortuus.
1861 1985 2006 2040 Dixit

439 2053 544 2108 illis
587 2055 842 2109 Dominus
879 2076 892 2109 :
930 2053 1184 2116 Credite,
1222 2063 1274 2106 et
1308 2054 1557 2108 videbitis
1594 2056 1818 2123 gloriam
1858 2056 1947 2109 Dei
1989 2075 2003 2111 :

444 2126 628 2178 dicens
675 2125 831 2177 ﬁdem
865 2122 1126 2176 bonorum
1172 2139 1395 2191 operum
1425 2138 1547 2178 esse
1575 2122 1914 2192 principium.
1944 2126 2009 2180 Et

438 2194 628 2247 videns
656 2208 747 2246 eas
781 2193 1052 2261 plorantes
1072 2233 1086 2256 ,
1135 2203 1535 2261 praesentesque
1568 2191 1799 2254 .lmltcos,
1823 2193 2006 2262 Infre-

443 2263 570 2315 muit
598 2263 816 2331 spiritu,
848 2271 898 2332 et
945 2264 1168 2332 turbarit
1200 2263 1450 2332 seipsum,
1483 2263 1754 2331 dixitque,
1789 2261 1889 2316 Ubi
1911 2281 2008 2332 po-

440 2329 768 2401 suistiseum
813 2329 981 2401 (Ibid.
1025 2331 1185 2401 13.55.
1222 2331 1358 2397 56η
1390 2331 1529 2397 Quid
1574 2329 1676 2386 sibi
1706 2334 1820 2387 vult
1856 2329 2006 2395 illud,

441 2399 729 2472 Infremuit
777 2399 1005 2472 spiritu?
1028 2400 1317 2472 Exspecta,
1343 2402 1574 2472 dilecte,
1615 2411 1666 2456 et
1698 2403 1858 2472 paulo
1889 2415 2010 2470 post

442 2469 650 2523 videbis
683 2469 1001 2539 qumstionis
1042 2471 1387 2524 solutionem.
1440 2469 1711 2525 Turbavit'
1736 2469 1961 2539 seipsum
1988 2489 2009 2538 ;

444 2553 549 2593 non
582 2547 639 2590 ut
683 2553 779 2592 nos
810 2554 836 2591 a
873 2538 1065 2593 timore
1094 2539 1174 2591 vel
1208 2539 1390 2608 dolore
1422 2540 1731 2607 turbantur;
1766 2538 1859 2593 sed
1897 2542 2010 2608 ipse

444 2608 680 2674 seipsum
715 2609 971 2670 turbavit,
1003 2617 1058 2661 et
1081 2608 1215 2661 dixit
1243 2625 1260 2662 :
1291 2606 1390 2661 Ubi
1409 2610 1661 2675 posuistis
1686 2606 1803 2664 eum
1822 2611 1849 2665 ν
1874 2606 2008 2664 Num

443 2676 727 2745 ignorabat
758 2677 867 2748 ubi
901 2678 1149 2748 sepultus
1181 2687 1344 2748 esset,
1376 2679 1465 2744 qui
1498 2681 2009 2748 novitquandonam

443 2756 689 2799 tnortnus
726 2745 842 2798 sit?
892 2747 996 2801 Sed
1032 2747 1225 2801 minuit
1262 2747 1491 2800 humana
1529 2745 1698 2803 verba
1730 2751 1781 2802 in
1814 2751 2011 2804 divinis

444 2814 724 2884 prodigiis,
762 2826 815 2866 ut
851 2817 1106 2869 ostendat
1137 2833 1196 2869 se
1237 2816 1399 2868 etiam
1437 2818 1707 2872 hominem
1734 2819 1914 2883 fuisse,
1955 2830 2013 2872 ιιι

448 2884 577 2956 dicit
605 2884 890 2951 propheta.
929 2884 990 2956 lit
1023 2885 1176 2939 homo
1206 2896 1303 2942 est.
1322 2896 1369 2939 et
1399 2888 1516 2955 quis
1552 2900 1821 2956 cognoscet
1847 2906 1963 2942 eum
1988 2890 2014 2941 ?

446 2952 764 3024 uocantem
796 2954 1054 3022 praemisit
1093 2964 1151 3008 nt
1200 2952 1534 3024 signiﬁcaret
1569 2952 1634 3010 se
1671 2961 1835 3011 etiam
1867 2959 2010 3011 aliud

446 3021 717 3095 quidpiam
760 3021 901 3095 esse,
952 3039 1144 3095 nempe
1190 3021 1521 3095 De'uuuUbi
1554 3029 1805 3095 posuistis
1845 3028 2010 3080 eum?

447 3090 614 3144 Maria
647 3104 776 3162 vero
802 3094 924 3162 ait_:
959 3090 1185 3162 Veni,et
1217 3095 1351 3152 uide,
1382 3090 1620 3149 Domine.
1660 3097 1722 3147 lit
1750 3098 2013 3162 lacruma-

445 3173 529 3213 tus
563 3168 640 3213 est
671 3159 826 3213 Jesus
856 3159 1051 3229 (Joan.
1100 3161 1187 3214 Η.
1223 3162 1292 3215 55
1318 3163 1355 3229 ).
1383 3164 1649 3228 Quorsum
1691 3163 1817 3215 ﬂere
1867 3159 2011 3224 enin,

444 3243 604 3299 quem
634 3229 790 3295 paulo
824 3238 942 3295 post
967 3230 1327 3283 suscitaturus
1360 3232 1519 3284 erat?
1550 3232 1653 3283 Sed
1688 3232 2012 3299 Iacrylnaltts

445 3296 530 3350 est
550 3296 725 3356 .lcsus,
761 3306 818 3349 ut
844 3300 1377 3352 commiserationem
1402 3308 1457 3351 et
1480 3296 1860 3364 benignitatem
1887 3313 2011 3365 erga

446 3365 780 3421 contribules
807 3367 963 3421 nobis
992 3370 1304 3436 ostenderet
1333 3384 1347 3419 :
1375 3366 1701 3436 lacrymatus
1726 3377 1807 3419 est
1829 3365 2011 3431 Jesus,

449 3445 509 3488 ut
543 3436 714 3501 inagis
747 3451 804 3488 re
836 3451 997 3504 quam
1025 3434 1204 3489 verbis
1228 3438 1445 3489 doceret
1482 3434 1715 3490 ﬂendum
1746 3451 1865 3490 esse
1890 3452 2011 3488 cum

449 3504 701 3574 tleutibus
735 3517 751 3555 :
786 3504 1114 3574 laci-ymatus
1157 3515 1238 3558 est
1287 3504 1479 3568 Jesus,
1519 3522 1621 3557 nou
1661 3506 1792 3558 luxit
1843 3521 2009 3558 :nam

446 3576 566 3627 sine
598 3571 848 3643 lacrymis
878 3571 1100 3644 oniniuo
1128 3589 1244 3628 esse
1281 3585 1334 3626 ιιι
1387 3575 1736 3627 inhumanum
1775 3578 2008 3644 respuit,

446 3646 629 3711 Ingere
663 3656 789 3696 vero
812 3653 869 3695 ιιι
920 3643 1167 3713 ignavum
1198 3643 1405 3711 rejicil;
1440 3656 1495 3697 ut
1530 3648 1747 3698 modum
1778 3643 2009 3700 commi-

1474 402 1538 458 ΙΝ
1581 405 2137 472 ΟῘΞᾹΤΙΠΟΗᾹΝῌΜ
2177 403 2505 459 ΙΛΖᾹΠΗΜ
2549 404 2631 458 Ill.

3583 404 3691 461 778

2113 526 2387 595 serationi
2417 531 2650 595 statuat,
2673 522 3023 595 lacrymatur.
3054 524 3213 579 Venit
3253 526 3304 579 iit
3337 525 3644 595 speluncam
3671 565 3687 589 ,

2106 608 2155 649 ct
2203 597 2343 649 videt
2375 592 2605 658 lapidem
2641 593 2951 657 impositum
2996 592 3555 650 monumentoJuhet
3588 593 3691 648 .Iu-

2108 666 2250 717 (Leos
2285 679 2566 717 rmnovere
2622 662 2853 729 lapidem
2890 664 2957 714 ah
3000 665 3143 716 ostio
3199 670 3532 718 monumenti
3589 664 3688 730 Qui

2107 736 2265 795 dicis,
2292 734 2347 786 Si
2389 733 2547 800 [idem
2577 732 2816 785 habeatis
2864 741 2917 784 ut
2954 748 3178 800 granum
3230 735 3426 802 sinapis
3452 776 3468 794 ,
3507 735 3689 787 dicetis

2106 805 2228 858 huic
2261 805 2445 861 monti,
2483 802 2688 856 Tollere
2715 812 2763 855 et
2809 804 3014 854 mittere
3065 803 3120 854 in
3148 818 3292 855 mare
3315 844 3329 865 ,
3353 813 3402 857 et
3433 805 3523 869 ﬁet
3552 805 3689 856 vobis

2108 875 2127 938 (
2159 873 2348 927 Matth.
2387 872 2599 935 17.19)
2634 889 2648 926 :
2678 874 2951 939 quomodo
3009 888 3151 925 nune
3187 887 3292 924 non
3335 883 3490 941 potes
3515 886 3688 925 remo-

2108 959 2237 997 vere
2266 943 2536 1012 lapidem?
2559 941 2663 995 Sed
2710 956 2813 994 una
2837 942 2981 1011 quod
3032 957 3137 995 non
3166 942 3367 1008 possim
3393 982 3407 1002 ,
3447 942 3518 995 ita
3556 958 3687 1012 ago,

2114 1014 2293 1081 inquit
2322 1010 2334 1067 Ξ
2371 1014 2462 1081 sed
2496 1027 2560 1065 ne
2583 1019 2768 1079 putent
2793 1010 2904 1066 rem
2933 1025 3054 1065 esse
3081 1012 3420 1081 phantasiam
3444 1051 3460 1072 ,
3497 1010 3688 1078 praéci-

2107 1079 2202 1151 pio
2246 1083 2297 1151 ip
2331 1083 2377 1136 is
2425 1080 2627 1136 Judzcis
2672 1092 2728 1133 ut
2781 1083 2894 1135 suis
2934 1081 3185 1137 manibus
3232 1079 3463 1148 lapidem
3513 1094 3689 1151 remo:

2108 1148 2291 1216 ieant,
2336 1153 2629 1205 maxinmm
2672 1152 2889 1221 signum
2927 1150 3060 1204 mihi
3121 1165 3430 1215 reservans,
3482 1158 3539 1204 ut
3585 1148 3687 1216 ipsi

2110 1233 2275 1277 testes
2292 1221 2400 1274 sint
2430 1222 2706 1289 signorum
2743 1238 2771 1274 a
2801 1235 2885 1274 me
2909 1229 3269 1290 patratorum.
3290 1221 3497 1290 Deinde
3538 1227 3689 1287 post-

2107 1307 2270 1360 quam
2303 1293 2581 1346 revolutus
2617 1291 2716 1345 fuit
2763 1289 2921 1356 lapis,
2951 1291 3248 1360 respiciens
3281 1289 3439 1345 Jesus
3481 1289 3530 1342 in
3572 1302 3688 1360 om:

2110 1357 2385 1431 lumdixit
2418 1378 2453 1431 ε⁵
2472 1359 2689 1415 Gratias
2722 1362 2824 1431 tibi
2847 1377 2968 1429 ago,
3003 1359 3183 1424 Pater,
3213 1363 3458 1431 quoniam
3487 1357 3690 1431 ntulisti

2108 1447 2190 1485 me
2217 1428 2524 1501 (JoanJL
2560 1432 2673 1501 M).
2704 1426 3058 1501 Quandonam
3093 1426 3272 1484 autem
3301 1429 3512 1501 oravit?
3540 1426 3691 1501 Nunc

2110 1497 2299 1567 accipe
2322 1538 2337 1559 .
2374 1500 2569 1554 dilecte
2593 1540 2608 1562 ,
2630 1497 2809 1569 quam,
2829 1500 2988 1552 modo
3016 1501 3297 1567 qumrebas
3347 1500 3495 1553 verbi
3545 1497 3690 1553 solu-

2115 1571 2316 1622 tionem
2352 1586 2365 1621 :
2396 1586 2516 1622 Cllttl
2550 1568 2694 1622 enim
2731 1568 3219 1637 infremuitspiritn
3249 1611 3263 1633 ,
3293 1581 3416 1623 tunc
3440 1576 3690 1637 precatus

2109 1649 2213 1694 est.
2264 1637 2324 1691 Et
2374 1638 2486 1693 liazc
2531 1655 2647 1691 cum
2703 1640 2942 1701 dixisset,
2999 1639 3241 1693 clamavit
3290 1655 3406 1692 voce
3445 1653 3678 1705 magna,

2113 1707 2341 1767 Lazare,
2383 1709 2496 1761 ιυριιί
2526 1709 2689 1776 foras.
2719 1706 2784 1759 Et
2807 1709 2988 1761 statim
3014 1709 3207 1777 prodiit
3239 1710 3328 1774 qui
3356 1707 3526 1774 fuerat
3558 1721 3694 1777 mor-

2113 1789 2254 1838 tuus,
2293 1778 2486 1843 ligatus
2515 1779 2668 1845 pedes
2690 1784 2738 1830 et
2771 1793 2958 1829 manus
2980 1776 3196 1830 institis.
3219 1778 3263 1832 Ο
3287 1777 3432 1830 vocis
3469 1779 3572 1828 vim
3609 1776 3691 1828 in-

2114 1847 2254 1900 feros
2285 1849 2698 1915 dirumpcutem,
2732 1856 2918 1915 portas
2939 1861 3077 1897 mras
3098 1856 3489 1907 contereutetn,
3509 1854 3693 1898 vectes

2112 1916 2320 1969 ferreos
2364 1917 2836 1985 confringentem,
2887 1915 3159 1969 diabolum
3209 1925 3642 1983 prosternentem
3671 1954 3687 1976 ,

2113 1989 2341 2039 mortem
2368 1987 2434 2037 de
2467 1984 2642 2039 medio
2668 1984 2968 2049 tollentem,
2995 1994 3266 2038 mortuum
3295 1985 3646 2039 suscitantem
3670 1984 3684 2036 ι

2109 2072 2145 2107 0
2184 2056 2332 2109 vocis
2359 2056 2487 2117 vim,
2522 2070 2644 2125 qua:
2681 2056 2899 2107 diducta
2923 2056 3162 2125 membra
3193 2056 3245 2108 in
3272 2069 3435 2106 unum
3464 2053 3692 2125 cogitet

2110 2125 2296 2191 erigit,
2353 2135 2408 2178 et
2466 2122 2674 2178 cx'non
2727 2122 3070 2176 exstantibus
3094 2124 3161 2176 ad
3197 2139 3322 2178 esse
3347 2122 3625 2189 producit!
3658 2137 3692 2175 o

2112 2198 2258 2248 vocis
2310 2195 2415 2246 vim
2449 2232 2464 2254 ,
2504 2210 2623 2263 qua:
2658 2194 3076 2263 quatriduanum
3139 2205 3411 2247 mortuum
3448 2191 3599 2263 quasi
3662 2207 3689 2243 a

2110 2278 2303 2315 SOIIIIIO
2337 2261 2538 2317 exeitai
2560 2301 2577 2326 ,
2623 2274 2677 2317 et
2720 2261 2923 2315 institis
2956 2263 3233 2323 vinctum,
3262 2263 3414 2330 quasi
3446 2261 3681 2314 solutum

2110 2344 2163 2385 et
2195 2333 2426 2386 celerem
2456 2347 2763 2394 cursorem,
2793 2346 2856 2384 ex
2883 2332 3133 2397 sepulcro
3174 2332 3391 2386 educit!
3431 2330 3683 2384 Animum

2116 2405 2233 2455 voci
2264 2403 2480 2462 alhihc,
2509 2404 2723 2463 dilecte,
2754 2410 2809 2455 et
2853 2401 3101 2455 invenies
3154 2402 3328 2467 ipsum
3371 2402 3591 2453 verbum
3636 2399 3689 2452 in

2118 2474 2299 2524 iniiudi
2347 2474 2625 2526 creatione
2667 2472 2961 2539 prolatum,
3012 2468 3134 2524 Fiat
3196 2470 3309 2532 lux,
3356 2479 3405 2522 et
3443 2470 3586 2538 facta
3610 2478 3685 2539 est

2112 2539 2431 2603 lux;l"iaut
2474 2538 2759 2594 tuniiuaria
2804 2540 2856 2592 iu
2901 2541 3233 2608 ﬁrmamento
3278 2541 3393 2593 caeli
3429 2539 3601 2609 (Cen.
3635 2538 3689 2591 ι.

2114 2609 2298 2671 5.14),
2319 2623 2371 2663 et
2399 2611 2537 2663 facta
2568 2620 2719 2669 sunt;
2754 2611 2952 2678 ipsum,
2975 2609 3440 2676 inquam,dieens,
3470 2608 3692 2670 Lazare,

2114 2682 2231 2733 veni
2253 2682 2419 2751 foras.
2446 2679 2511 2734 Et
2534 2680 2710 2751 sanies
2739 2694 2804 2751 ex
2837 2679 3092 2751 carnibus
3120 2678 3291 2733 tinens
3323 2694 3457 2732 cava
3493 2679 3689 2751 iterum

2122 2748 2359 2817 replebat
2386 2767 2400 2815 ;
2436 2760 2491 2803 et
2530 2750 2621 2818 qui
2664 2749 2980 2803 deciderant
3009 2748 3191 2803 crines
3214 2791 3229 2813 ,
3262 2763 3416 2818 suum
3441 2749 3690 2800 ordinem

2115 2828 2487 2888 agnoverunt,
2536 2817 2701 2887 inque
2733 2818 3002 2888 membris
3054 2820 3231 2871 dcuno
3275 2817 3683 2888 plantabantur.

2121 2886 2349 2950 Lazare,
2376 2890 2490 2941 reni
2523 2886 2691 2955 foras.
2730 2886 2795 2939 Et
2841 2897 3084 2939 mortuus
3117 2887 3446 2948 resurrexit,
3476 2895 3697 2955 ecqua»

2116 2960 2403 3011 triduanus
2447 2953 2544 3024 par
2602 2967 2720 3011 erat
2769 2958 2817 3009 ei
2872 2957 2961 3020 qui
3014 2971 3111 3007 nec
3152 2964 3417 3024 rm‘ortuus
3484 2953 3694 3007 fuisset.

2121 3026 2348 3086 Lazare,
2373 3021 2486 3077 τειὶὶ
2513 3025 2658 3090 foras
2685 3040 2704 3077 :
2732 3033 2781 3074 et
2824 3027 3000 3074 anima
3032 3038 3097 3075 ex
3148 3021 3334 3076 inferis
3371 3023 3590 3090 reducta
3617 3033 3700 3074 est

2118 3111 2222 3146 non
2249 3089 2655 3146 contradi®ute
2699 3090 2934 3151 diabolo,
2961 3107 3064 3142 nou
3097 3102 3429 3159 repugnante
3460 3089 3694 3156 inferno,

2119 3172 2171 3215 et
2203 3165 2447 3229 gaudens
2481 3160 2814 3213 domicilium
2862 3176 3020 3213 suum
3054 3164 3291 3226 agnovit.
3319 3159 3431 3214 Hoc
3456 3163 3697 3214 miracu-

2121 3231 2292 3282 lorum
2326 3244 2461 3297 ttpus
2494 3232 2732 3281 divinum
2771 3229 3167 3298 contemplatus
3194 3269 3207 3290 ,
3245 3230 3470 3292 dilecte,
3510 3231 3577 3284 de
3609 3244 3692 3282 re-

2117 3301 2458 3352 surrectione
2489 3315 2556 3352 ne
2585 3299 2816 3351 dubites.
2847 3298 2928 3351 Sil
2953 3297 3045 3352 tibi
3075 3298 3350 3367 speculum
3380 3297 3619 3352 Lazarus
3642 3309 3696 3350 et

2122 3369 2174 3421 in
2213 3369 2301 3419 illo
2343 3371 2574 3434 teipsunt
2626 3367 2950 3436 respiciens,
3002 3369 3460 3422 resurrectionem
3505 3371 3687 3423 crede.

2121 3437 2320 3489 Eadem
2341 3439 2485 3491 enim
2511 3437 2621 3505 ipsa
2652 3451 2752 3488 vox
2787 3452 2883 3489 nos
2907 3453 3096 3489 ontues
3147 3438 3451 3496 susritabit,
3478 3446 3536 3487 ut
3558 3436 3700 3505 Apo-

2118 3508 2289 3561 stolus
2310 3508 2387 3559 ait
2424 3525 2437 3559 :
2481 3505 2624 3558 Tuba
2650 3517 2796 3558 cauet
2833 3507 2989 3571 enim,
3011 3514 3059 3559 et
3087 3508 3280 3558 mortui
3304 3515 3570 3573 resurgent
3613 3509 3697 3558 iu-

2115 3577 2349 3642 corrupti
2383 3579 2445 3643 (1
2485 3573 2610 3629 Cor.
2644 3575 2732 3629 15.
2760 3575 2832 3630 52
2854 3577 2895 3644 ),
2922 3576 3094 3644 gratia
3128 3575 3338 3628 Domini
3376 3575 3543 3629 nostri
3574 3573 3702 3629 Jesu

2114 3647 2313 3701 Chrisd
2344 3686 2357 3706 ,
2400 3647 2484 3701 cui
2535 3645 2701 3716 gloria
2754 3647 2805 3698 in
2847 3645 3044 3700 saecula
3079 3646 3419 3699 swculorum.
3450 3645 3647 3698 Amen.

3513 3805 3668 3816 —-.

1551 3929 1615 3974 1N
1652 3929 2149 3983 QUATRIDUA’NL’M
2183 3927 2471 3972 LAZARUM
2512 3927 2600 3972 III.

525 4104 698 4157 Solvit
748 4104 1010 4158 Lazarum
1048 4107 1171 4171 lux;
1222 4107 1312 4159 sed
1345 4115 1568 4159 vocatus
1601 4106 1671 4157 ita
1723 4102 2019 4167 festinavit,

457 4186 513 4225 ut
548 4174 738 4242 ligatus
796 4188 1078 4239 curreret,
1119 4178 1209 4244 qui
1249 4193 1342 4243 per
1392 4176 1738 4243 quatriduum
1780 4174 2019 4242 putrefa-

456 4254 576 4296 clus
611 4246 660 4296 in
701 4256 1068 4303 tuonumeuto.
1111 4262 1174 4298 ex
1212 4248 1509 4299 visceribus
1561 4247 1728 4297 multa
1764 4262 1791 4296 a
1826 4245 2023 4296 veruti-

458 4314 556 4365 bus
596 4327 817 4365 corrosa
873 4314 1144 4378 habebat;
1213 4325 1434 4380 totaque
1493 4315 1734 4380 corporis
1796 4313 2021 4379 tlisjecta

457 4379 654 4441 fui-nia,
686 4390 736 4433 et
764 4383 1128 4448 corruptionis
1160 4379 1837 4448 testemfereliat’sepuleri
1887 4383 2023 4437 feto-

461 4466 594 4502 rem.
629 4450 734 4503 Sed
769 4453 939 4503 bonus
969 4452 1088 4505 vita:
1122 4455 1255 4505 odor
1298 4462 1568 4504 mortuum
1615 4453 1908 4517 olfaciens,
1948 4453 2025 4504 vi-

459 4533 669 4589 socrum
697 4520 1017 4572 solutionem
1047 4522 1381 4574 reformavit.
1412 4522 1817 4575 Monumentum
1838 4521 2021 4589 jacen-

461 4589 529 4640 tis
561 4587 657 4641 fuit
689 4599 911 4651 uterus;
949 4600 1002 4642 et
1031 4594 1180 4657 quasi
1215 4591 1267 4644 in
1301 4603 1459 4645 utero
1489 4601 1661 4656 salus,
1694 4608 1796 4643 non
1830 4587 1881 4642 in
1917 4606 2025 4643 m0-

462 4666 737 4722 numcnto,
783 4658 1024 4712 Lazarus
1068 4676 1255 4714 recens
1289 4662 1551 4713 formatus
1585 4662 1805 4714 exsiliit.
1839 4662 1883 4714 0
1927 4677 2022 4711 tm-

460 4740 584 4777 vum
613 4728 855 4780 miraculi
883 4742 1047 4795 genus
1080 4729 1093 4783 !
1130 4730 1398 4783 ltuininem
1444 4730 1595 4782 nobis
1625 4732 1675 4782 in
1704 4732 1866 4782 vitam
1895 4730 2029 4783 cnti—

460 4796 533 4867 sit
582 4797 911 4867 sepulcrum,
966 4798 1165 4853 institis
1212 4799 1602 4867 sepulcralihus
1648 4809 1706 4852 ut
1764 4798 2024 4851 infantem

464 4864 780 4937 involutum.
818 4867 1028 4918 Domini
1066 4864 1295 4937 namque
1335 4884 1432 4921 vox
1485 4880 1695 4937 mortuo
1726 4880 1872 4928 nota,
1907 4882 2019 4921 ciunt

464 4934 649 5007 fasciis
681 4935 854 5003 ipsum
878 4950 941 4987 ex
981 4934 1330 4990 monumento
1361 4938 1543 4990 traxit.
1577 4936 1801 5001 Lazare,
1835 4938 2025 5007 inquit,

462 5003 573 5054 veni
608 5003 796 5072 foras:
830 5015 884 5057 et
910 5020 1027 5056 cum
1054 5014 1217 5059 verbo
1263 5008 1444 5060 Statim
1495 5017 1735 5059 mortuus
1777 5003 2029 5073 egressus

461 5082 541 5123 cst
581 5090 594 5124 :
631 5076 868 5126 membra
906 5075 954 5125 in
999 5076 1246 5143 sepulcro
1269 5077 1334 5128 ad
1363 5076 1605 5129 ordinem
1639 5090 1794 5129 suum
1843 5091 2031 5128 curre-

462 5142 614 5202 bant,
647 5143 837 5195 ocnlus
865 5160 1020 5196 suum
1047 5146 1337 5211 occupavit
1367 5146 1563 5204 locum,
1601 5161 1760 5198 nares
1798 5147 1983 5197 itidem
2011 5161 2024 5197 :

463 5210 529 5261 ιιι]
566 5211 792 5277 primum
827 5213 1054 5265 fortnam
1091 5210 1240 5280 genu:
1282 5218 1462 5266 statim
1499 5213 1795 5274 redierunt,
1828 5215 2025 5268 collum

464 5294 585 5330 cum
638 5281 817 5345 capite
857 5290 909 5333 et
945 5281 1185 5335 humeris
1226 5299 1343 5335 sese
1392 5284 1684 5349 copulavit,
1739 5300 1926 5336 manus
1961 5283 2028 5334 ad

464 5359 711 5420 mutuum
750 5359 952 5420 motum
989 5363 1191 5420 paratae
1235 5361 1381 5415 sont,
1418 5353 1762 5406 articulormn
1815 5356 2029 5406 harmo-

464 5420 553 5469 nia
596 5418 821 5483 coaluit,
873 5418 1162 5490 digitorum
1200 5424 1331 5476 urdo
1374 5424 1654 5476 restitutus
1697 5432 1800 5487 est,
1839 5436 2032 5475 nervo-

463 5499 588 5560 rum
619 5501 818 5549 mutua
865 5492 1038 5544 teusio
1065 5491 1443 5560 colligabatur,
1473 5492 1671 5544 ossium
1723 5506 1913 5545 natura
1947 5493 2028 5543 in—

467 5556 753 5627 duebatur,
780 5556 1348 5613 extetulebautnrcum
1375 5562 1524 5614 venis
1545 5565 1777 5627 artetizr,
1798 5561 2028 5614 medulla

469 5624 889 5697 t'eformabatur,
917 5630 1246 5683 ιιιυιιιΙιι·;ιιι;υ
1280 5632 1620 5694 texebantur,
1645 5624 1820 5697 Capilli
1871 5647 2026 5683 suum

469 5695 799 5761 recipiebant
839 5700 1110 5752 decorem.
1148 5698 1334 5767 Longo
1365 5716 1616 5755 sermone
1664 5695 2024 5752 tneinbrorum

468 5776 686 5817 cursum
720 5783 944 5834 apparo.
1000 5768 1152 5823 Sicut
1200 5774 1411 5822 calt-are
1455 5786 1644 5836 eqtms,
1693 5770 1769 5823 sic
1817 5769 2026 5821 lto-.nini

452 5845 598 5909 ‘vocc
639 5849 868 5903 puni-tus
927 5842 1166 5892 ιιιυιιιιιιέ
1199 5840 1418 5893 exsiliit.
1459 5840 1678 5907 Lazare,
1713 5843 1824 5893 rcni
1862 5841 2026 5907 foras.

2135 4107 2436 4176 Antequam
2469 4106 2631 4169 dicat,
2663 4103 2904 4174 Resurgc
2929 4142 2944 4167 ,
2971 4105 3132 4176 exire
3178 4104 3360 4174 jubet;
3403 4107 3576 4160 adhuc
3616 4106 3701 4173 ja-

2133 4174 2341 4230 centein
2380 4187 2532 4244 urget
2559 4177 2623 4228 ad
2669 4189 2912 4244 cursum.
2964 4174 3176 4228 Suscita
3234 4176 3381 4227 illum
3432 4178 3604 4243 prius,
3649 4187 3702 4227 et

2135 4255 2260 4298 tunc
2294 4243 2611 4299 suscitatam
2640 4258 2861 4296 currere
2881 4243 3119 4312 jubebis.
3143 4244 3272 4305 Cur,
3304 4246 3548 4307 nomine,
3573 4256 3699 4298 ante

2133 4317 2610 4378 resurrectionem,
2641 4313 2843 4381 jaccnti
2894 4314 3098 4367 exitutn
3157 4314 3426 4371 mandas?
3463 4314 3698 4371 Jaceuli,

2133 4384 2329 4451 inquit,
2378 4385 2632 4452 prtecipio
2665 4391 2721 4433 ut
2748 4391 2950 4447 currat,
2990 4397 3064 4452 n_c_
3097 4383 3205 4436 duo
3258 4383 3525 4452 mandata
3560 4384 3696 4435 dans

2132 4449 2618 4515 mdrtuo,’cxituni
2669 4451 2960 4504 relardem.
3021 4449 3143 4505 Non
3206 4452 3325 4505 dico
3365 4453 3460 4516 illi,
3507 4451 3699 4519 Surge.

2133 4534 2187 4575 ct
2225 4524 2343 4576 veni
2379 4522 2562 4587 foras;
2613 4532 2671 4573 ιιι
2718 4520 2955 4574 velocius
3004 4530 3204 4577 currat.
3245 4531 3299 4573 et
3340 4523 3594 4590 surgendi
3645 4533 3701 4573 et

2129 4593 2386 4646 Currendi
2437 4608 2599 4644 unutn
2650 4590 2923 4657 accipiens
2981 4591 3314 4642 mandatum.
3371 4589 3507 4642 llinc
3542 4590 3696 4657 quasi

2132 4662 2309 4714 alatus
2349 4659 2587 4714 Lazarus
2622 4675 2689 4715 ex
2745 4670 3092 4712 ntouumcnto
3136 4659 3357 4725 prodiit,
3411 4661 3591 4728 potius
3644 4669 3700 4709 ιιι

2132 4740 2334 4792 custos,
2361 4746 2521 4798 quam
2574 4741 2628 4781 ιιι
2670 4739 2938 4788 mortuus,
2977 4729 3026 4780 in
3071 4728 3317 4794 sepulcro
3350 4729 3697 4781 decumbens.

2133 4798 2375 4852 Iule-Inus
2408 4815 2553 4860 vero,
2605 4810 2662 4849 ιιι
2708 4799 2936 4856 videtur,
2993 4808 3261 4849 mortuum
3302 4799 3591 4851 restituens
3634 4801 3700 4848 ab

2132 4868 2236 4919 imo
2264 4870 2531 4921 clamabat.
2559 4884 2572 4918 :
2607 4868 2737 4932 Quis
2769 4881 2849 4919 ρει
2881 4868 2987 4927 hic,
3017 4869 3105 4933 qui
3142 4881 3271 4919 vace
3314 4882 3409 4917 sua
3457 4876 3700 4918 mortuos

2130 4952 2193 4989 cx
2243 4939 2526 5003 sepulcris,
2579 4936 2733 5004 quasi
2784 4937 3116 4989 dormientes
3164 4936 3410 4989 excitat?
3458 4952 3578 5003 quis
3615 4946 3697 4985 est

2132 5007 2236 5067 hic,
2271 5009 2358 5074 qui
2411 5006 2552 5072 leges
2605 5020 2935 5056 morborum
2968 5016 3175 5057 veteres
3213 5005 3416 5058 solvil?
3454 5006 3575 5073 quis
3617 5016 3701 5056 est

2132 5076 2238 5139 hic,
2265 5073 2352 5143 qui
2385 5086 2584 5128 tantum
2626 5073 2941 5141 rcsurgeudi
2981 5085 3308 5141 praeceptum
3335 5076 3427 5126 dat
3469 5074 3698 5125 mortuis

2131 5146 2194 5197 ad
2230 5146 2500 5197 reditum?
2530 5145 2651 5214 quis
2692 5156 2775 5197 est
2812 5146 2916 5214 hic,
2956 5145 3045 5212 qui
3095 5144 3334 5214 sepultos
3380 5143 3694 5214 assuefacit,

2132 5226 2187 5266 ut
2219 5215 2280 5266 ad
2310 5215 2469 5268 vitam
2517 5212 2978 5279 recurrant?quis
3021 5224 3104 5265 est
3154 5213 3262 5277 hic,
3307 5212 3397 5277 qui
3454 5222 3697 5265 mortuos

2139 5299 2284 5335 incus
2312 5285 2383 5336 ita
2416 5283 2569 5337 facile
2601 5282 2798 5336 solvit?
2820 5283 2941 5349 quis
2963 5294 3043 5334 est
3079 5285 3164 5335 hic
3193 5283 3281 5350 qui
3309 5294 3524 5335 veteres
3555 5296 3698 5332 mor.

2134 5363 2254 5404 tntis
2276 5368 2420 5405 meos
2439 5353 2593 5422 jussu
2617 5352 2925 5415 abstrahit?
2948 5352 3230 5422 Ahscessit
3251 5367 3280 5403 a
3302 5367 3405 5412 me,
3438 5352 3695 5422 ut_video,

2131 5431 2403 5485 sceptrum
2441 5419 2754 5492 tyrannidis
2805 5423 3035 5492 ιιιθιιεηιιι
3093 5421 3386 5474 homines:
3440 5419 3697 5492 etfraetns

2133 5493 2262 5545 mihi
2298 5500 2382 5545 est
2416 5488 2603 5546 carcer
2648 5493 2858 5544 mortis.
2912 5491 3056 5543 Elias
3094 5502 3361 5543 mortuum
3409 5488 3694 5543 suscitavit

2135 5563 2186 5613 in
2224 5563 2453 5631 gratiam
2490 5561 2733 5614 mulieris
2764 5577 2778 5613 :
2829 5575 3015 5614 rursus
3067 5561 3290 5613 Eliswus
3339 5569 3525 5631 raptor
3555 5571 3695 5610 trior-

2133 5630 2350 5685 ιιιοι·ιιιιι
2379 5632 2647 5685 secundus
2675 5640 2892 5696 paratus
2926 5639 3007 5683 est
3044 5647 3055 5682 :
3097 5644 3238 5681 nunc
3270 5630 3517 5683 acerbior
3548 5639 3695 5678 mor-

2136 5712 2348 5752 tuorum
2380 5701 2592 5765 adiutor
2625 5716 2707 5751 me
2735 5710 3025 5767 impugnat,
3050 5702 3139 5766 qui
3177 5699 3419 5766 putridos
3452 5704 3694 5767 mortuos

2134 5763 2471 5834 sull'uratur;
2518 5763 2927 5835 periculumque
2957 5780 3041 5822 est
3070 5763 3143 5820 'ut
3179 5763 3243 5821 ne
3279 5769 3329 5838 in
3364 5767 3554 5820 fetidos
3580 5763 3694 5838 qui-

2136 5844 2252 5892 dem
2308 5849 2544 5893 tuortuos
2617 5839 2898 5906 imperium
2949 5842 3244 5894 obtineant.
3301 5837 3503 5903 Raptus
3546 5837 3690 5882 cnim
